4046 6208
317 388 420 451 237

1356 386 1450 443 DE
1492 384 2129 443 ADMlNlSTRANDO
2164 384 2512 444 IMPEBIO.

3465 386 3572 446 2318

316 499 509 552 Ταῦτα
540 496 825 550 ἀκούσασα
847 499 878 565 ὴ
899 494 1179 564 βασίλισσα
1195 494 1424 563 Εἰρήνη.
1449 493 1542 545 καὶ
1560 493 1900 561 ὀργισθεῖσα,

2022 495 2194 557 aiunt;
2260 510 2381 546 nere
2430 494 2569 548 enim
2635 502 2681 545 te
2729 493 2928 562 tequius
2976 490 3357 560 judicavimus,
3414 511 3572 563 quam

317 587 649 641 ἀπέστειλεν
680 586 827 654 αὑτῷ
859 586 1124 654 ἄτρακτον
1152 586 1249 638 καὶ
1299 585 1605 653 ἠλακάτην,
1640 583 1899 652 γράψασα

321 679 463 746 πρὸς
496 677 683 741 αὐτὸν,
738 677 815 728 ὅτι
865 676 1016 729 Λάϐε
1049 677 1257 737 ταῦτα,
1303 676 1340 727 ἀ
1381 675 1477 727 καὶ
1511 671 1748 743 ἁρμόζει
1778 688 1897 727 σοι.

322 769 551 834 Νήθειν
579 784 650 820 σε
679 767 785 835 γὰρ
803 764 1044 833 μᾶλλον·
1062 768 1386 834 ἐκρίναμεν
1416 765 1670 829 δίκαιον,
1702 764 1740 829 ἢ
1752 765 1903 832 μετὰ

326 859 539 913 ὅπλων
596 858 673 921 ὡς
715 855 901 922 ἄνδρα
945 856 1264 909 διεκδικεῖν
1310 856 1405 911 καὶ
1444 855 1781 908 διευθύνειν
1805 854 1902 907 καὶ

326 942 759 1013 ὑπερπολεμεῖν
802 944 1121 1007 Ῥωμαίων.
1160 943 1347 997 Ταῦτα
1382 942 1619 1005 ἀκούσας
1647 942 1675 993 6
1710 941 1905 1009 πατρί-

332 1055 451 1100 κιος
501 1035 741 1104 Ναρσῆς,
794 1036 1107 1105 ἀντέγραψε
1167 1036 1301 1103 πρὸς
1368 1035 1467 1104 τὴν
1514 1033 1783 1103 βασιλίδα,
1822 1034 1904 1086 ὅτι

344 1131 494 1183 Ἐπεὶ
522 1128 673 1180 οὕτω
703 1128 841 1195 παρ’
872 1127 1018 1195 ὑμῖν
1061 1128 1352 1196 ἐνομίσθη
1389 1126 1596 1192 rimam
1628 1128 1725 1180 καὶ
1754 1126 1906 1179 κλώ-

330 1224 451 1273 θειν
479 1217 747 1287 καθάπερ
770 1217 949 1287 γυνὴ,
973 1219 1202 1272 πλῶσαι
1237 1219 1353 1286 ἔχω
1379 1218 1614 1287 νήματα
1630 1218 1779 1287 μετὰ
1797 1216 1906 1282 τῆς

324 1308 619 1376 ἀτράκτου
651 1308 749 1362 καὶ
776 1309 1105 1375 ἠλακάτης,
1136 1310 1237 1362 ἵνα
1274 1310 1479 1378 μέχρι(
1522 1310 1597 1361 ἂν
1633 1309 1807 1368 ζὶὖσιν
1841 1311 1899 1361 ol

335 1400 609 1467 Ῥωμαῖοι
638 1398 725 1467 μὴ
760 1399 1108 1463 δυνηθῶσιν
1146 1398 1443 1467 ἐξυφᾶναι
1493 1400 1700 1451 ταῦτα.
1742 1400 1803 1451 Ol
1850 1399 1908 1450 δὲ

324 1487 696 1557 Λογουῦἀρδοι
758 1486 836 1555 τῷ
893 1487 1014 1538 τότε
1078 1486 1256 1557 καιρῷ
1286 1485 1572 1555 κατῴκουν
1605 1487 1682 1547 εἰς
1712 1487 1907 1537 Πανω-

2005 583 2167 636 armis
2224 593 2479 651 tanquam
2528 583 2699 636 virum
2770 584 2868 648 uti,
2917 598 2979 634 ac
3026 598 3120 649 pro
3174 583 3423 638 Romanis
3478 602 3576 655 pu-

2005 690 2187 740 gnare.
2225 675 2436 739 Quibus
2472 673 2766 727 intellectis
2799 673 3001 728 Nai-ses
3040 674 3299 742 patricius
3326 714 3341 737 ,
3376 677 3575 730 rescri-

2005 765 2113 832 psit
2172 763 2505 831 imper-atrici
2564 764 2667 817 hoc
2713 764 2878 817 modo
2922 763 3259 831 :Postquam
3309 780 3427 817 nere
3497 783 3579 820 me

2006 859 2217 915 rectius,
2254 862 2303 906 et
2360 854 2508 922 ﬁlum
2550 864 2791 923 torquere
2832 852 3036 906 videtur
3082 854 3198 917 tibi,
3229 854 3388 907 veluti
3424 855 3580 923 femi-

2006 961 2152 1008 nam,
2182 946 2341 999 telam
2377 962 2456 999 me
2498 946 2665 998 ordiri
2712 960 2863 998 nosse
2915 945 3077 1008 scias,
3108 960 3265 1013 quant
3314 961 3584 1015 nunquam

2007 1036 2232 1089 Itoniani
2285 1035 2555 1090 deterant.
2604 1035 2763 1089 Tunc
2808 1044 2989 1089 autem
3044 1036 3307 1104 temporis
3362 1035 3582 1105 Longo-

2009 1126 2160 1179 hartli
2210 1125 2551 1182 Pannoniam
2605 1125 2945 1188 incolebant,
2995 1141 3117 1194 qua:
3174 1141 3324 1181 nunc
3375 1125 3585 1179 Turca-

2008 1232 2127 1269 rum
2162 1217 2321 1272 sedes
2366 1226 2472 1281 est,
2516 1225 2572 1271 et
2605 1217 2795 1271 missis
2843 1217 2910 1272 ad
2956 1232 3051 1271 eos
3096 1215 3371 1272 fructibus
3401 1219 3584 1273 omnis

2007 1309 2223 1378 generis
2260 1308 2554 1374 Patricius,
2592 1310 2784 1364 isthaec
2833 1310 2965 1379 ipsis
3009 1310 3375 1379 signiﬁcavit:
3408 1311 3585 1366 Venite

2009 1400 2108 1453 huc
2142 1410 2190 1453 et
2226 1400 2486 1465 videbitis,
2516 1417 2609 1469 pro
2648 1410 2813 1455 vetere
2838 1402 3009 1467 verba,
3033 1412 3229 1456 terram
3278 1403 3381 1457 mel
3408 1414 3455 1456 et
3489 1403 3575 1456 lac

2011 1489 2281 1554 ﬂuentem,
2331 1500 2379 1543 et
2422 1507 2550 1558 qua,
2607 1501 2662 1543 ut
2707 1503 2856 1557 puto,
2911 1508 3072 1560 neque
3124 1494 3262 1548 Deus
3313 1495 3586 1549 meliorem

323 1578 443 1631 νίαν
501 1579 638 1649 (54),
699 1576 828 1629 ἔνθα
886 1576 1090 1643 ἀρτίως
1138 1576 1379 1629 οἰκοῦσιν
1425 1576 1475 1627 οἱ
1505 1574 1761 1644 Τοῦρκοι.
1800 1576 1911 1627 Καὶ

2022 1578 2211 1630 habet:
2246 1588 2295 1631 et
2337 1582 2384 1632 si
2430 1597 2517 1633 vos
2562 1583 2848 1647 placuerit,
2898 1583 3033 1636 hanc
3088 1585 3488 1653 inhabitabilis,
3526 1595 3585 1638 ιιι

326 1666 655 1727 ἀποστείλας
684 1668 712 1718 6
735 1665 1024 1735 πατρίκιος
1054 1665 1282 1735 Ναρσῆς
1303 1664 1439 1736 πρὸς
1472 1664 1669 1728 αὐτοὺς
1690 1664 1913 1733 ὀπώρας

2022 1669 2067 1721 in
2113 1678 2422 1736 perpetuum
2471 1671 2667 1738 faustis
2715 1689 2795 1725 me
2835 1676 3226 1739 precationibus
3268 1695 3329 1731 ac
3373 1678 3588 1733 benedi-

329 1756 591 1817 παντοίας
627 1756 737 1825 (55)
779 1755 1162 1825 ὲδηλοποίησεν
1221 1757 1427 1820 αὐτοῖς,
1480 1756 1562 1809 ὅτι
1608 1754 1787 1808 Δεῦτε
1823 1755 1914 1808 ἐν-

2022 1760 2280 1815 ctionibus
2319 1762 2739 1831 prosequamini.
2769 1761 2868 1817 His
2900 1779 3033 1818 vero
3081 1766 3308 1829 auditis,
3339 1770 3591 1835 persuasi

327 1849 537 1909 ταῦθίι,
567 1847 661 1900 καὶ
699 1847 998 1903 θεάσασθε
1038 1848 1155 1916 γῆν
1176 1847 1469 1915 ῥέουσαν,
1495 1844 1644 1901 κατὰ
1670 1844 1736 1900 τὸ
1759 1848 1914 1913 etin-

2022 1851 2363 1923 Longobardi
2417 1828 2541 1907 cum
2588 1853 2812 1908 familiis
2858 1853 3234 1910 Beneventum
3297 1828 3590 1911 venerunt.

323 1939 538 2006 μένον,
561 1938 700 2006 μέλι
722 1938 820 1993 καὶ
853 1939 1025 2006 τάλα,
1060 1935 1154 2008 ἧς,
1185 1940 1264 2003 ὡς
1298 1936 1476 2007 οἶμαι,
1505 1942 1537 1992 ό
1568 1940 1712 2005 Θεὸς
1737 1939 1916 2007 κρείτ·

329 2044 475 2079 τοννα
501 2030 607 2081 οὐκ
634 2028 787 2096 ἔχει’
821 2028 916 2081 καὶ
945 2031 995 2081 εί
1026 2028 1198 2082 ἐστιν
1225 2029 1369 2095 ὑμῖν
1398 2028 1687 2095 ἀρεστὸν,
1718 2045 1915 2083 κατοι-

335 2116 561 2182 micare
582 2117 651 2169 ὲν
679 2116 854 2185 αὐτῇ,
882 2119 1040 2183 ὅπως
1064 2120 1148 2182 εὶς
1183 2117 1373 2170 αἰῶνα
1417 2117 1636 2182 αἰῶνος
1657 2120 1917 2187 μακαρί-

335 2205 461 2264 (ste
489 2223 587 2274 με.
620 2205 806 2261 Ταῦτα
864 2207 919 2259 δὲ
978 2207 1309 2272 ἀκούσαντες
1351 2210 1397 2261 οἱ
1425 2207 1791 2278 Λογούϐαρδοι
1827 2210 1921 2262 καὶ

333 2297 668 2361 πεισθέντες,
694 2298 1086 2368 ἀναλαϐόμενοι
1114 2300 1211 2362 τὰς
1239 2299 1502 2369 φαμιλίας
1528 2299 1728 2363 αὐτῶν,
1754 2295 1921 2371 ἦλθον

330 2387 409 2447 είς
440 2386 780 2439 Βενεϐενδόν.
821 2389 882 2439 Οί
909 2388 964 2440 δὲ
1017 2389 1111 2442 τοῦ
1169 2391 1407 2457 κάστρου
1462 2390 1786 2442 Βενεϐενδοῦ
1819 2393 1920 2445 οὐκ

330 2477 519 2528 εἴασαν
547 2476 741 2538 αὐτοὺς
765 2476 912 2529 ἔνδον
938 2477 1033 2529 τοῦ
1073 2480 1312 2547 κάστρου
1368 2480 1653 2545 εἰσελθεῖν,
1690 2481 1918 2553 ᾤκησαν

339 2566 398 2619 δὲ
429 2565 631 2630 ἔξωθεν
675 2567 770 2619 τοῦ
828 2567 1070 2636 κάστρου
1106 2568 1329 2638 πλησίον
1356 2569 1449 2622 τοῦ
1480 2569 1693 2640 τείχους
1722 2574 1801 2635 είς
1827 2572 1917 2624 τὸν

333 2657 599 2726 ποταμὸν,
630 2658 1089 2728 οἰκοδομήσαντες
1134 2661 1311 2712 ἐκεῖσε
1344 2661 1579 2731 κάστρον
1603 2662 1823 2732 μικρὸν,
1857 2661 1918 2727 ἐξ

330 2742 392 2802 οὗ
434 2751 528 2802 καὶ
570 2749 892 2817 ὀνομάζεται
939 2750 1299 2811 Τζιὸιτανόϐα
1328 2752 1460 2821 (56),
1500 2753 1746 2806 τουτέστι
1776 2754 1916 2806 Νεό-

332 2857 599 2908 καστρον·
627 2841 655 2893 6
688 2842 783 2892 καὶ
818 2840 977 2911 μέχρι
1014 2841 1111 2911 τῆς
1146 2842 1387 2912 σήμερον
1414 2841 1754 2896 συνίσταται.
1791 2845 1918 2896 Ela-

334 2929 565 2996 ήρχοντο
596 2927 651 2979 δὲ
680 2927 775 2979 καὶ
809 2927 1018 2981 ἔνδοθεν
1063 2928 1155 2981 τοῦ
1212 2931 1345 2982 κὰστ
1360 2948 1450 3001 ρον
1492 2933 1582 2984 καί
1623 2933 1678 2985 ὲν
1702 2935 1769 3003 τῇ
1823 2934 1916 2985 ὲκ·-

335 3018 558 3088 κλησία,
587 3019 679 3072 καλ⁵
716 3018 804 3071 διὰ
832 3020 1082 3089 μηχανῆς
1124 3019 1512 3090 κυριεύσαντες
1541 3024 1664 3085 τοὺς
1704 3023 1919 3093 οἰκήτο-

2016 1942 2177 1998 Cives
2225 1950 2407 1999 autem
2458 1942 2827 1998 Beneventani
2887 1959 3012 1999 cum
3052 1945 3195 1999 intra
3228 1946 3420 2001 urbem
3466 1946 3594 2002 illos

2018 2032 2307 2088 admittere
2367 2034 2596 2099 nollent,
2654 2044 2807 2091 extra
2864 2050 2986 2089 eam
3034 2050 3205 2106 prope
3255 2052 3473 2090 murum
3526 2039 3594 2092 ad

2024 2121 2225 2176 ﬂumen
2280 2124 2642 2189 habitarunt,
2696 2125 2963 2179 aediﬁcata
3017 2126 3153 2181 urbe
3205 2140 3407 2195 parva,
3474 2142 3597 2196 qua:

2023 2209 2198 2264 Civita
2230 2225 2389 2275 nova,
2422 2211 2475 2265 id
2508 2220 2592 2267 est
2621 2228 2783 2275 ,nova
2814 2215 3011 2269 civitas
3035 2214 3367 2284 appellatur,
3389 2224 3596 2270 exstat-

2023 2313 2130 2366 que
2173 2298 2339 2352 etiam
2389 2298 2575 2354 hodie.
2606 2299 2892 2356 lntrahaut
2938 2317 3060 2357 "ero
3097 2303 3262 2357 etiam
3298 2303 3511 2367 urbem,
3543 2314 3597 2358 et

2021 2390 2346 2455 ecclesiam,
2385 2390 2624 2461 doloque
2670 2392 2985 2462 superiores
3020 2393 3148 2447 iacti
3192 2394 3593 2449 habitatoribus

2019 2477 2316 2543 omnibus,
2363 2494 2460 2549 eos
2533 2480 2825 2537 universos
2879 2480 3239 2545 occiderunt,
3296 2483 3599 2552 urbemque

2020 2577 2397 2639 occuparunt;
2446 2569 2644 2639 gladiis
2693 2572 2841 2626 enim
2892 2572 3036 2625 intra
3077 2570 3251 2628 fustes
3299 2572 3598 2626 occultatis

2018 2657 2314 2713 ecclesiam
2350 2658 2610 2728 ingressi,
2647 2674 2830 2730 pugna
2868 2660 3132 2725 excitata,
3178 2660 3507 2732 6universos,
3539 2670 3599 2716 ut

2029 2762 2196 2815 supra
2231 2748 2439 2803 dictum
2488 2757 2594 2815 est,
2637 2751 3055 2806 interemerunt.
3102 2751 3168 2806 Et
3218 2752 3595 2821 inde_excur-

2021 2835 2178 2891 sione
2210 2836 2263 2890 in
2300 2852 2519 2893 omnem
2561 2839 2826 2895 ditionem
2868 2841 3126 2898 thematis
3169 2840 3594 2913 Longobardiae,

2021 2937 2076 2981 et
2122 2928 2389 2983 Calabria:
2444 2930 2633 2995 facta,
2699 2931 3061 3001 subjecerunt
3111 2949 3231 2988 eam
3289 2948 3468 3003 usque
3528 2934 3598 2987 ad

2022 3016 2277 3087 Papiam,
2330 3029 2558 3090 excepta
2619 3021 2924 3091 llydrunte,
2993 3022 3266 3093 Callipoli.
3330 3024 3597 3085 Rusiano,

339 3123 439 3177 ρας
466 3108 558 3160 τοῦ
599 3109 834 3179 κάστρου
896 3109 1239 3169 Βενεϐενδοῦ.
1292 3111 1504 3164 ἀνεῖλον
1557 3113 1789 3177 πάντας,
1822 3114 1915 3166 καὶ

2024 3107 2274 3179 Neapoli,
2326 3108 2542 3174 Gaieta,
2601 3109 2892 3175 Surreuto,
2952 3119 3007 3166 et
3069 3112 3354 3183 Amalphe.
3415 3112 3601 3167 Prima

335 3199 597 3269 κατέσχον
653 3202 714 3253 τὸ
770 3201 1008 3270 κάστρον
1064 3202 1199 3271 (57).
1234 3202 1477 3255 Ἔσωθεν
1520 3205 1626 3275 γὰρ
1675 3205 1762 3257 διὰ
1811 3206 1921 3257 τῶν

336 3292 548 3359 ῥάβδων
580 3290 757 3345 αὐτῶν
814 3293 1020 3346 σπαθία
1082 3294 1461 3363 βαστάζοντες,
1511 3296 1606 3348 καὶ
1651 3297 1706 3347 ἐν
1740 3299 1805 3366 τῇ
1833 3298 1923 3348 ὲκ-

336 3384 535 3455 κλησίᾳ
571 3385 880 3456 ὑπότροπον
936 3387 1261 3456 ποιήσαντες
1307 3390 1400 3440 ἐπὶ
1441 3388 1500 3440 τὸ
1537 3389 1670 3442 αὐτὸ
1717 3391 1947 3460 μάχην,.

336 3476 565 3540 πάντας,
596 3476 670 3538 ὼς
700 3476 934 3547 εἴρηται,
955 3476 1285 3532 ἀπέκτειναν
1311 3495 1325 3510 ο
1362 3478 1455 3532 καὶ
1478 3479 1663 3532 ἔκτοτε
1687 3481 1919 3551 ἐκστρα-

334 3566 622 3629 τεύσαντες
662 3569 839 3620 πᾶσαν
871 3568 969 3638 τὴν
1018 3570 1120 3639 γῆν
1162 3571 1401 3640 ἐκείνην,
1436 3572 1715 3636 ὑπέταξαν
1737 3572 1827 3624 τοῦ
1859 3590 1918 3625 τε

336 3659 570 3727 θέματος
600 3659 1000 3727 Λογουδαρδίας
1042 3660 1136 3712 καὶ
1172 3661 1510 3731 Καλαϐρίας,
1535 3662 1632 3713 καὶ
1660 3662 1764 3725 ἓως
1807 3663 1919 3716 [l1-

334 3752 488 3816 πίας,
552 3752 677 3805 ἄνευ
734 3752 832 3817 τῆς
881 3750 1192 3820 ’Υδρεντοῦ,
1243 3755 1336 3805 καὶ
1385 3753 1795 3816 Καλλιπὸλεως,
1829 3756 1922 3805 καὶ

333 3842 429 3895 τοῦ
475 3842 813 3904 Ῥουσιὰνου,
838 3840 1053 3910 καὶτῆς
1085 3842 1430 3908 Νεαπόλεως,
1466 3844 1560 3895 καὶ
1590 3845 1689 3911 τῆς
1721 3845 1921 3912 Γαῐτῆς

334 3935 432 3986 καὶ
486 3931 777 4001 Συρεντοῦ,
829 3931 922 3982 καὶ
966 3931 1267 3999 Ἃμάλιρης.
1322 3933 1544 4001 Πρῶτον
1575 3934 1631 3983 δὲ
1690 3936 1925 4000 κάστρον

336 4023 596 4092 ὑπῆρχεν⁸
656 4023 882 4091 ἀρχαῖον
923 4022 1015 4073 καὶ
1076 4022 1217 4090 μέγα
1270 4022 1302 4090 ἡ
1364 4022 1585 4085 Κάπυα,
1622 4021 1850 4088 δευτέρα
1892 4022 1922 4088 ἡ

337 4112 630 4175 Νεάπολις,
676 4114 833 4183 τρίτη
876 4114 909 4180 η
949 4112 1309 4177 Βενεϐενδὸς,
1363 4113 1598 4183 τετάρτη
1654 4113 1686 4181 ὴ
1736 4111 1922 4179 Γαῖτὴ,

338 4203 566 4272 πέμπτη
608 4205 641 4273 ἡ
703 4203 978 4273 Ἀμά).φη.
1021 4202 1094 4254 Τὸ
1135 4201 1192 4254 δὲ
1250 4201 1539 4271 Σαλερινὸν
1572 4201 1780 4271 ᾠκίσθη
1830 4199 1924 4251 ἐπὶ

335 4293 431 4347 τοῦ
468 4295 767 4366 Σικάρδου,
818 4295 905 4347 ὅτε
962 4293 1282 4364 διεμέρισαν
1324 4295 1371 4345 oi.
1430 4293 1798 4361 Λογούὸαρδοι
1854 4293 1922 4345 τὰ

338 4388 705 4457 πριγκιπάτα.
736 4386 857 4440 Εἰσὶ
894 4386 949 4439 δὲ
992 4386 1179 4457 μέχρις
1209 4385 1307 4453 τῆς
1328 4387 1587 4455 σήμερςν,
1621 4386 1742 4454 ἥτις
1772 4383 1921 4437 ἐστὶν

2029 3216 2158 3255 tero
2189 3202 2319 3257 urbs
2360 3202 2589 3270 antiqua
2624 3213 2676 3257 ct
2718 3216 2917 3273 magna
2953 3212 3072 3257 erat
3106 3203 3315 3274 Capua,
3358 3205 3601 3259 secunda

2027 3292 2325 3362 Neapolis,
2382 3294 2545 3348 tertia
2618 3292 3038 3358 Beneventum,
3113 3305 3308 3363 quarta
3369 3296 3601 3359 Caieta,

2025 3385 2217 3455 quinta
2265 3384 2550 3454 Amalphe.
2603 3383 2894 3439 Salernum
2928 3395 3113 3440 autem
3148 3385 3456 3440 habitatum
3503 3386 3606 3439 fuit

2026 3495 2052 3530 a
2089 3478 2340 3542 Sicardo,
2378 3493 2501 3532 cum
2528 3478 2872 3548 principatus
2895 3476 3207 3533 dividerent
3231 3475 3602 3548 Langobardi.

2025 3570 2083 3623 Et
2126 3579 2253 3625 sunt
2320 3570 2373 3624 in
2412 3569 2738 3625 hodiernum
2788 3586 2963 3639 usque
3006 3570 3173 3635 diem,
3216 3584 3336 3640 qua:
3370 3569 3604 3638 septima

2021 3661 2252 3716 lntlictio
2299 3672 2401 3727 est,
2457 3662 2584 3716 anni
2637 3677 2665 3715 a
2707 3663 2934 3716 condito
2985 3663 3189 3717 mundo
3237 3661 3378 3715 6457
3420 3660 3604 3730 (Chri-

2022 3756 2090 3808 sti
2137 3755 2261 3822 949)
2314 3770 2344 3807 a
2389 3753 2566 3810 divisa
2643 3754 3023 3825 Longobardia
3077 3756 3208 3810 anui
3254 3754 3381 3808 200.
3428 3753 3601 3806 Erant

2024 3856 2207 3898 autem
2241 3846 2441 3898 h‘atres
2465 3846 2597 3908 duo,
2642 3845 2768 3898 Sico
2814 3854 2978 3913 atque
3028 3846 3309 3900 Sicardus.
3357 3845 3421 3897 Et.
3476 3844 3604 3898 Sico

2026 3932 2247 4001 quidem
2298 3933 2608 3985 Benevento
2651 3932 2976 3998 imperabat,
3027 3949 3092 3986 ac
3141 3933 3363 3994 Bareos,
3415 3940 3471 3983 ct
3511 3929 3602 3984 Si-

2025 4019 2188 4089 peudi
2215 4018 2481 4085 partibus.
2534 4015 2799 4070 Sicardus
2827 4031 2955 4069 vero
2984 4017 3296 4079 Salernum,
3334 4016 3604 4085 Capuam,

2026 4121 2080 4164 et
2123 4117 2308 4179 partes
2358 4108 2626 4163 Calabria:
2659 4107 2996 4176 possidebat.
3049 4110 3115 4161 At
3157 4107 3414 4177 Neapolis
3454 4108 3601 4162 anti-

2022 4218 2190 4271 quum
2235 4200 2554 4271 pratorium
2600 4209 2719 4254 erat
2747 4198 3112 4254 Patriciorum
3148 4199 3259 4271 84
3287 4200 3379 4269 qui
3422 4199 3610 4254 mitte-

2022 4293 2255 4356 bantur;
2304 4303 2355 4347 et
2405 4291 2500 4363 qui
2535 4290 2761 4361 Neapoli
2814 4291 3139 4361 imperabat,
3194 4291 3503 4363 imperabat
3552 4300 3608 4345 ct.

2023 4384 2224 4439 Sicilia:
2261 4399 2276 4436 :
2318 4400 2556 4454 cumque
2591 4382 2868 4439 Patricius
2914 4382 3194 4452 Neapolim
3260 4383 3597 4453 appelleret,

344 4478 614 4532 ίνδικτιὼν
647 4478 874 4548 ὲὸδόμη,
909 4477 1003 4545 ἔτη
1055 4477 1165 4529 ἀπὸ
1213 4476 1444 4537 κτίσεως
1475 4475 1680 4544 κόσμου
1722 4474 1915 4538 ,ς-υνζ’,

2023 4475 2131 4530 dux
2162 4474 2466 4545 Neapoleos
2497 4477 2550 4530 in
2585 4476 2829 4531 Siciliam
2873 4475 3080 4529 abibat.
3112 4474 3297 4545 Capua
3326 4490 3454 4529 vero
3488 4484 3609 4529 erat

340 4568 436 4638 ἀφ’
476 4562 538 4622 οὗ
564 4566 830 4638 ἐμερίσθη
876 4568 910 4635 ἠ
971 4565 1353 4635 Λογουϐαρδία
1394 4564 1488 4634 ἔτη
1527 4561 1592 4618 c'.
1646 4563 1925 4633 ’Υπῆρχον

2035 4567 2167 4620 urbs
2207 4566 2421 4636 ingens,
2462 4577 2732 4638 captaque
2778 4576 2863 4622 est
2911 4584 2940 4620 a
2983 4565 3239 4622 \‘andalis
3290 4567 3404 4621 sire
3436 4565 3606 4629 Afris,

339 4661 398 4713 δὲ
423 4660 640 4729 ἀδελφοὶ
661 4660 775 4723 δύο,
803 4660 831 4711 6
862 4658 1060 4720 Σίκων,
1089 4658 1184 4711 καὶ⁴
1223 4658 1251 4709 ὁ
1288 4657 1546 4727 Σίκαρδος
1588 4656 1723 4725 (38).
1761 4657 1871 4708 Kal
1900 4659 1915 4710 ἐ

2030 4666 2083 4710 et
2118 4665 2371 4711 vastata:
2404 4668 2568 4727 atque
2608 4659 2683 4712 ita
2729 4659 2977 4714 desolata
3028 4672 3151 4711 cum
3188 4658 3419 4728 jaceret,
3461 4659 3610 4711 inha-

344 4752 445 4821 μὲν
500 4750 674 4803 Σίκων
726 4751 999 4819 ἐκράτησε
1034 4750 1132 4818 τὴν
1179 4748 1518 4813 Βενεϐενδον,
1548 4751 1640 4800 καί
1678 4749 1746 4801 τὰ
1780 4748 1920 4817 μέρη

2033 4748 2280 4803 bitarunt
2326 4765 2446 4803 eam
2502 4750 2875 4822 Longobardi.
2921 4750 2983 4802 Et
3032 4765 3157 4803 mox
3201 4750 3347 4805 Afris
3391 4766 3607 4805 rursum

1487 4860 1784 4917 ANSELMI
1825 4858 2154 4914 BANDL'RII
2187 4858 2417 4915 NOTAE.

412 4982 525 5051 (54)
564 4979 890 5035 Habitarunt
939 4996 994 5051 in
1040 4978 1343 5051 Pannonia,
1395 4976 1913 5051 inquithMeursius,

342 5048 686 5118 Langobardi
716 5065 889 5105 annos
919 5049 990 5103 ὀὶ
1031 5064 1225 5113 nempe
1266 5050 1335 5102 ab
1380 5064 1526 5118 anno
1556 5048 1763 5102 Christi
1816 5048 1921 5101 5'26

343 5123 410 5177 ad
449 5117 574 5177 568.
623 5119 760 5175 Vide
802 5121 1103 5175 Diaconum
1136 5120 1211 5174 De
1255 5128 1396 5190 gest.
1447 5117 1691 5186 Longob.
1726 5118 1819 5172 lib.
1857 5133 1918 5183 ιι,

342 5207 466 5253 cap.
498 5207 595 5253 vn,

414 5207 771 5331 ῗέὸἷηίιίιιιιιιε
795 5260 1063 5315 diaconus
1094 5260 1165 5313 De
1200 5259 1368 5328 gestis
1391 5257 1826 5331 llongobarzjib.
1853 5272 1914 5331 ιι,

346 5325 569 5400 cap._'v.
627 5328 813 5399 Itaque
865 5331 986 5383 odio
1038 5325 1276 5397 metuque
1313 5325 1613 5400 exagitatus
1660 5325 1915 5400 (Narses)

346 5396 853 5467 in'Neapolita'nam
882 5401 1145 5453 civitatem
1177 5396 1438 5462 secedens,
1469 5398 1666 5467 legatos
1695 5411 1817 5450 mox
1846 5396 1915 5446 ad

343 5469 817 5539 Langobardorum
858 5481 1060 5539 gentem
1112 5469 1328 5536 dirigit,
1382 5468 1650 5539 mandans
1690 5476 1746 5539 ut
1791 5481 1915 5539 pau-

343 5533 555 5608 pertina
600 5533 893 5595 Pannonia:
942 5555 1083 5605 rura,
1117 5533 1433 5598 desererent,
1484 5546 1533 5590 et
1585 5536 1651 5608 ad
1695 5533 1916 5608 Italiam

347 5604 551 5664 cunctis
594 5610 844 5679 refertam
893 5609 1092 5662 divitiis
1135 5608 1506 5675 possidendam
1536 5607 1788 5680 venirent.
1824 5604 1912 5658 Si-

350 5679 558 5748 mulque
608 5675 923 5733 multimoda
979 5693 1521 5748 pomorum_genera,
1583 5675 1914 5748 aliarumque

348 5744 523 5803 rerum
555 5752 772 5822 species,
801 5744 1024 5820 quorum
1060 5746 1225 5802 Italia
1255 5744 1404 5815 rem
1436 5754 1538 5813 est,
1565 5744 1746 5810 mittit,
1784 5758 1917 5812 qua-

2031 4987 2181 5030 tenus
2215 4994 2397 5031 eorum
2427 4981 2497 5030 ad
2526 4979 2835 5032 veniendum
2862 4980 3070 5033 animos
3098 4986 3273 5047 posset
3298 4975 3517 5047 illicere.
3547 4975 3610 5028 Et

2030 5048 2361 5102 Anastasius
2433 5047 2896 5104 Bibliothecarius
2958 5050 3011 5102 in
3065 5043 3276 5100 Joanne
3320 5059 3426 5098 Ill:
3464 5043 3611 5097 'I'unc

2025 5132 2267 5185 egressus
2330 5116 2532 5171 Narses
2580 5119 2644 5171 de
2694 5116 2862 5172 Roma
2914 5119 3051 5172 venit
3100 5114 3497 5181 Campaniam;
3558 5124 3609 5166 et

2027 5184 2419 5257 scripsit_genti
2451 5186 2948 5257 Langobardorum,
2987 5198 3043 5241 ut
3076 5188 3330 5248 venirent,
3360 5193 3407 5235 et
3439 5184 3613 5249 possi—

2026 5258 2206 5310 derent
2234 5254 2479 5310 Italiam.

2054 5328 2205 5447 όὲδϋ)
2248 5326 2339 5381 Sic
2379 5344 2445 5382 ex
2486 5342 2589 5384 ms.
2623 5328 2836 5383 codice.
2875 5328 2927 5381 la
2978 5326 3142 5381 editis
3188 5323 3408 5395 legitur,
3439 5320 3611 5384 Τζινὰ

2126 5416 2175 5447 ι.

2025 5414 2175 5450 νοοα.

2096 5467 2211 5535 (57)
2268 5466 2342 5520 Ita
2400 5482 2503 5523 ms.
2563 5467 2857 5538 Perperam
2913 5465 3044 5520 editi
3101 5464 3347 5528 habent,
3398 5464 3611 5520 ἀνεῖλεν

2027 5536 2253 5600 πάντας,
2290 5540 2383 5607 κα“ι
2416 5536 2689 5607 κατέχουν
2709 5537 2769 5589 τὺ
2797 5538 3055 5607 κάστρον.

2094 5606 2205 5673 ί58)
2249 5607 2322 5660 De
2365 5606 2490 5661 Sico
2544 5601 2599 5660 et
2647 5606 2873 5661 Sicardo
2920 5601 3039 5673 vide
3088 5601 3374 5659 Camillum
3449 5603 3613 5662 Pere-

2020 5670 2237 5744 grinum
2272 5677 2326 5729 in
2362 5676 2588 5731 historia
2616 5676 2923 5746 principum
2964 5670 3470 5745 Longobardorum.
