4050 6216
330 272 422 334 ΞΗ
1358 274 1451 334 DE
1494 276 2125 337 ADMINISTRANDO
2162 277 2506 338 lMPERI-O.
3470 277 3576 337 ΞΩ

331 384 515 453 lavdi};
548 382 688 455 (49),
729 384 962 456 κάιττρον
988 383 1280 438 Λουλιανὺν
1308 384 1441 454 (50),
1469 386 1704 453 κάστρον
1730 385 1904 454 ’Ᾱψα-

2027 386 2422 441 Iabertzentza.
2482 386 2776 442 Sciendum
2811 388 2972 441 etiam
3027 384 3270 455 emporia
3324 398 3465 447 esse,
3524 395 3584 440 et

332 493 432 542 νον,
466 475 707 547 κάστρον
758 474 1101 545 Ῥωματινὰ,
1157 475 1398 543 κάστρον
1441 475 1754 538 Λικεντζία,
1806 475 1908 528 κά-
2016 479 2262 532 castella.

333 583 485 635 στρον
544 566 793 629 Πίνεται,
843 566 981 636 ὅπερ
1042 564 1256 632 λέγεται
1302 563 1611 635 Στρόϐιλος,
1660 565 1899 635 κάστρον
1935 568 2149 621 Βινίολα
2189 567 2324 638 (51),
2357 570 2594 639 κάστρον
2645 570 2795 632 Βόες,
2827 561 2955 636 ὲνῷ
2994 569 3229 639 ὑπάρχει
3300 568 3427 631 ναὸς
3492 569 3597 625 τοῦ

337 660 481 729 ἁγίου
525 654 851 709 Ἀποστόλου
944 656 1177 726 Πέτρου,
1236 657 1473 726 κάστρον
1548 655 1942 723 Ἦλιτουάλὸα,
1983 657 2219 728 κάστρον
2272 658 2494 727 Βρόνιον
2525 658 2659 729 (52),
2732 660 2965 730 κάστρον
3006 658 3297 713 δἰαδαῦκον
3332 659 3443 729 (55)
3485 657 3591 712 κά-

340 773 492 826 στρον
535 754 753 818 ’Βῦόλα,
819 756 1055 823 κάστρον
1114 754 1412 824 Πριστῆνα,
1446 752 1683 822 κάστρον
1719 752 2367 826 Κλουγία(54),κάστρον
2387 751 2652 823 Βροῢνδον
2708 753 2841 825 (55),
2889 754 3127 825 κάστρον
3182 753 3402 807 Φοσαῶν
3454 751 3589 823 (56),

344 849 568 917 κάπρον
601 846 883 917 Λαυριτῶν
915 847 1048 917 (57).
1085 845 1279 900 ἰστέον
1306 846 1389 898 ὅτι
1418 845 1514 897 καὶ
1544 842 1683 895 εἰσὶν
1716 841 1902 913 ἕτεραι
1937 844 2089 914 νῆσοι
2139 848 2195 898 ἐν
2248 848 2314 917 τῇ
2358 847 2538 899 αὐτῶν
2567 844 2722 918 χώρα
2754 847 3040 909 Βενετίας.
3092 846 3289 899 ’ἰστέον
3353 848 3436 900 ὅτι
3496 853 3592 901 καὶ

344 941 396 990 ἐν
425 941 489 1008 τῇ
520 938 711 1007 στερεᾷ
777 938 858 1000 εἰς
915 939 976 990 τὸ
1008 938 1173 1008 μέρος
1208 938 1308 1007 τῆς
1347 935 1577 999 Ἰταλίας
1636 934 1943 1005 ὑπάρχουσι
2020 937 2234 1009 κάστρα
2282 939 2389 992 τῶν
2419 939 2736 1004 Βενετίκων,
2784 939 2941 993 ἅτινά
2983 940 3088 992 εἰσι
3121 938 3326 992 ταῦτα’
3360 940 3597 1009 κάστρον

343 1035 526 1101 Κάπρε
559 1032 712 1101 (58),
759 1033 995 1103 κάστρον
1028 1033 1399 1103 Νεόκαστρον,
1450 1032 1688 1100 κάστρον
1732 1030 1912 1094 Φινὲς,
1951 1030 2188 1101 κάστρον
2229 1034 2459 1086 Αἴκυλον
2484 1034 2618 1103 (59),
2661 1032 2895 1103 κάστρον
2937 1032 3227 1102 Ἀειμάνας
3295 1033 3428 1103 (60),
3495 1032 3597 1099 ἐμ-

338 1126 520 1195 πόριον
554 1124 701 1195 μέγα
726 1123 1058 1193 Τορτζελῶν,
1102 1126 1339 1194 κάστρον
1381 1122 1607 1192 Μουρὰν
1638 1121 1773 1193 (61),
1806 1122 2041 1193 κάστρον
2084 1121 2363 1176 Ῥίϐαντον
2391 1123 2526 1194 (62),
2589 1123 2617 1177 ὃ
2678 1122 3039 1194 ἑρμηνεύεται
3098 1123 3281 1187 τόπος
3356 1122 3594 1190 ὑψηλό-

336 1236 526 1282 τατος,
584 1219 644 1271 ὲν
703 1209 748 1285 ᾧ
800 1216 1090 1281 καθέζεται
1137 1220 1166 1271 ὁ
1195 1216 1320 1282 δοὺξ
1346 1215 1640 1279 Βενετιας·
1673 1215 1908 1287 κάστρον
1945 1216 2419 1288 Καϐερτζέντζης.
2492 1218 2684 1271 Ἰστέον
2750 1220 2831 1272 ὅτι
2872 1218 2965 1271 καὶ
3009 1217 3252 1289 ὲμπόριά
3319 1218 3428 1269 εἰσι
3500 1232 3595 1281 καὶ

339 1306 649 1362 modum.

900 1398 1151 1453 ΚΕΦΑΛ.
1217 1398 1353 1451 ΚΗ’.

405 1486 694 1556 Animam
724 1486 848 1553 πῶς
887 1486 1226 1553 κατῳκίσθη
1269 1487 1307 1554 ἡ
1354 1485 1470 1540 νῦν
1498 1487 1847 1556 καλουμένη

918 1558 1161 1609 Βενετία
1194 1555 1329 1626 (65).
1414 1566 1425 1569 ·

418 1644 614 1699 Ἰστὲον
658 1645 741 1698 ὅτι
805 1645 839 1715 ἡ
894 1645 1114 1698 Βενετεα
1158 1644 1220 1697 τὸ
1266 1645 1364 1715 μὲν
1395 1644 1625 1697 παλαιὸν
1650 1640 1719 1717 ἦν
1747 1645 1911 1709 τόπος

2549 1391 2782 1448 CAPUT
2836 1391 3075 1446 XXVIII.

2030 1485 2326 1549 Narratio,
2390 1484 2649 1553 quomodo
2715 1485 2941 1537 condita:
2994 1482 3229 1550 fuerint,
3279 1496 3396 1550 qua:
3460 1496 3599 1533 nunc

2488 1552 2717 1607 Venetia:
2748 1566 3139 1621 nuncupantur.

2078 1646 2328 1701 ‘Venetia‘.
2393 1645 2521 1699 olizn
2596 1644 2814 1714 quidem
2891 1652 3050 1698 erant
3109 1644 3263 1697 locus
3324 1641 3596 1711 qtiiSpiam

1479 1756 1782 1813 ANSELMI
1821 1758 2151 1815 BANDURII
2178 1758 2413 1814 NOT/E.

342 1880 619 1946 perperam
642 1865 913 1946 Meursius
930 1866 1077 1946 legit,
1096 1867 1392 1946 ἀκρόπολις
1415 1884 1513 1946 pr_o
1539 1868 1877 1946 pqrpdrroiqc
1896 1886 1909 1899 ·

2027 1868 2287 1937 perficere
2320 1875 2647 1946 statuentes,
2684 1868 2749 1946 ad
2784 1868 3597 1946 maritimamorampervenc-
3682 1856 3691 1863 ’

340 1937 541 2008 quippe
593 1937 880 2001 sequentia
929 1937 1164 2008 suadent
1220 1937 1553 2007 μητρόπολιν
1604 1937 1687 1991 ibi
1728 1941 1912 2008 potius

343 2004 665 2075 legendum,
690 2019 875 2075 quam
920 2004 1231 2075 ἀκρόπολιν
1262 2004 1359 2061 seu
1397 2024 1594 2069 arcem,
1634 2004 1764 2061 dum
1813 2008 1910 2071 ait,

342 2076 437 2127 καὶ
476 2072 647 2147 πολλὰ
689 2073 919 2142 λείψανα
950 2072 1119 2143 ἁγίων
1159 2077 1218 2147 ὲν
1261 2076 1437 2147 ταύτῃ
1484 2078 1823 2139 ἀπόκεινται,
1860 2078 1913 2130 in

341 2161 447 2229 (Lua
500 2142 680 2229 multm
747 2155 1055 2229 sanctorum
1091 2145 1352 2229 .religuiw
1384 2142 1656 2229 "deposita:
1704 2147 1908 2229 iecerit.

342 2211 688 2282 Μητρόπολις
718 2224 901 2268 autem
929 2215 1019 2268 hic
1060 2211 1333 2282 sigiiilicat
1374 2214 1669 2270 Ecclesium
1705 2211 1913 2269 Metro-

342 2284 678 2348 politanam;
740 2285 975 2355 inqua
1024 2284 1247 2355 quidem
1320 2286 1594 2339 asservari
1655 2286 1917 2355 reliquias

342 2362 666 2424 sanctorum
700 2354 888 2408 verius
926 2353 1157 2424 dixeris,
1201 2369 1366 2423 quam
1423 2355 1475 2409 in
1524 2353 1788 2424 AcrOpoli'
1821 2370 1915 2410 seu

344 2439 491 2494 erce.
521 2419 740 2494 Gradus
781 2434 962 2478 autem
984 2419 1233 2494 civitas
1263 2419 1836 2494 metropolitica'facta
1888 2440 1917 2478 a

342 2491 535 2564 garolo
582 2491 804 2564 Magno,
851 2491 1523 2564 testibus_Eginartho'et
1566 2496 1913 2564 Rheginone.

341 2559 698 2615 Postmoduni
720 2579 868 2626 vero,
907 2577 1053 2616 anno
1084 2559 1289 2617 Christi
1310 2563 1435 2625 967,
1463 2559 1716 2619 Joannes
1737 2580 1834 2619 xm
1864 2565 1918 2617 in

343 2631 580 2702 concilio
610 2632 812 2702 Romae
855 2634 1064 2692 habito,
1116 2632 1333 2687 Othone
1378 2634 1576 2701 Magno
1629 2641 1918 2702 praesente,

346 2699 571 2773 Venetis
600 2701 803 2773 legatis
836 2703 1172 2771 petentibus,
1218 2703 1412 2757 statuit
1450 2699 1749 2773 Ecclesium
1780 2702 1921 2758 Gra-

343 2771 567 2843 densem
600 2770 847 2843 Venetiae
869 2773 1037 2843 totius
1067 2773 1414 2842 metropolim
1457 2788 1601 2830 esse.
1640 2772 1774 2828 Vide
1801 2788 1924 2843 qua)

347 2839 441 2911 de
471 2839 741 2911 Gradensi
803 2842 1213 2911 patriarchatu,
1248 2839 1325 2896 'et
1378 2844 1708 2910 patriarcliis
1757 2839 1922 2897 habet

350 2908 634 2981 Ughellus,
670 2908 819 2967 tom;
845 2911 883 2965 V
924 2912 1092 2965 Italia:
1147 2926 1317 2981 sacrae
1354 2908 1478 2981 pag.
1512 2913 1649 2966 1164
1685 2920 1738 2967 et
1766 2927 1922 2981 seqq.

420 2980 535 3047 (49)
578 2982 961 3043 Rhibalenses,
985 2982 1239 3036 fortassis
1266 2980 1593 3050 Ripaltenses
1615 2980 1924 3050 legendum.

350 3121 387 3173 ΙΙ
416 3050 533 3121 (50)
574 3050 889 3117 Lulianum,
932 3059 986 3105 at
1013 3060 1144 3122 puto
1175 3053 1523 3107 scribendum
1558 3052 1788 3108 Sanctus
1823 3050 1926 3106 Ju-

372 3138 553 3173 mnus.

372 3138 553 3174 ianus.

2019 1936 2168 2000 runt,
2219 1944 2273 1991 et
2316 1938 2465 1990 circa
2514 1937 2656 1991 ostia
2712 1936 2956 1993 ﬂuminis
3012 1937 3149 1992 Palti
3192 1937 3427 1991 insulam
3483 1938 3599 1992 sive

2020 2007 2264 2059 ttnnbam
2296 2005 2363 2060 ad
2399 2020 2539 2129 opus
2568 2006 2885 2060 meditatum
2924 2007 3058 2061 satis
3092 2007 3328 2060 habilem
3375 2007 3581 2074 eligen-

2020 2083 2123 2129 tes.
2159 2077 2335 2129 felieis
2366 2092 2431 2129 ur
2456 2077 2521 2129 iis
2553 2074 2786 2129 Rivoalti
2817 2090 2952 2129 nova
2986 2075 3338 2129 fundamenta
3370 2076 3581 2129 iactita-

2019 2083 2123 2137 tes,
2159 2077 2335 2132 felicis
2366 2074 2521 2130 urhis
2553 2074 2786 2130 Rivoalti
2817 2090 2952 2129 nova
2986 2075 3338 2131 fundamenta
3365 2076 3592 2144 jactita-

2020 2154 2181 2209 runt,
2225 2146 2616 2215 decretumque
2667 2155 2789 2212 est,
2844 2153 2902 2199 ut
2944 2147 3273 2213 quicunque‘
3309 2146 3458 2213 operi
3512 2146 3597 2199 vel

2019 2215 2287 2269 exercitio
2316 2215 2491 2268 navali
2523 2215 2672 2269 utilis
2706 2217 3023 2278 exsisteret,
3058 2216 3111 2268 in
3137 2215 3236 2269 hac
3264 2218 3397 2269 urbe
3435 2215 3593 2269 habi-

2023 2286 2288 2339 tationem
2347 2284 2604 2354 eligeret,
2675 2285 3229 2351 immunitatibusque
3287 2282 3596 2354 gauderet,

2020 2355 2269 2424 exceptis
2297 2356 2496 2416 servis,
2527 2368 2591 2407 ac
2626 2355 2941 2423 proditione
2982 2355 3066 2407 vel
3095 2354 3333 2424 falsitate
3364 2355 3595 2424 damna-

2022 2427 2129 2489 tis;
2164 2422 2219 2477 in
2261 2439 2365 2492 qua
2402 2425 2537 2477 urbe
2563 2434 2689 2494 post
2729 2424 3003 2479 modicum
3030 2425 3114 2477 vir
3142 2422 3369 2492 quidam
3412 2423 3598 2476 archi-

2023 2501 2201 2547 tcetor
2234 2495 2476 2555 nomine,
2522 2495 2743 2549 natione
2782 2496 3027 2554 Graecus,
3077 2494 3340 2562 magister
3374 2494 3595 2546 navium

2024 2563 2417 2617 habitationem
2463 2564 2723 2633 elegerat,
2757 2562 2826 2617 de
2875 2563 3034 2633 cujus
3065 2564 3227 2633 domo
3256 2563 3398 2633 ignis
3444 2578 3596 2633 ema-

2024 2647 2165 2688 nans
2209 2634 2524 2714 mansiones
2555 2631 2821 2715 quatuor.
2846 2642 2914 2715 _et
2945 2631 3166 2715 viginti.
3196 2631 3594 2694 concremavit,

2023 2718 2260 2772 cumque
2300 2701 2737 2773 inextinguibilis
2771 2703 3071 2773 videretur,
3116 2701 3257 2755 idem
3280 2716 3417 2773 rum
3446 2714 3599 2773 com-

2025 2770 2280 2841 patriotis
2331 2773 2388 2826 in
2434 2770 2685 2827 oratione
2733 2772 2951 2842 positis,
3014 2772 3124 2826 Deo
3177 2782 3231 2825 et
3262 2770 3340 2842 ΑΒ.
3390 2770 3600 2842 Iacobo

2027 2838 2280 2911 apostolo
2336 2851 2520 2898 votum
2586 2838 2878 2907 exhibuit,
2938 2839 3298 2896 construendi
3360 2842 3419 2911 in
3479 2838 3600 2911 ejus

2028 2908 2246 2968 nomine
2276 2920 2331 2966 et
2354 2913 2525 2981 gloria
2568 2913 2856 2967 ecclesiam
2889 2926 3082 2966 novam
3113 2912 3165 2965 in
3206 2911 3325 2963 loco
3354 2908 3597 2981 incendii

2027 2984 2229 3045 exorti,
2259 2979 2557 3051 statimque
2596 2983 2739 3052 ignis
2770 2983 3050 3036 extinctus
3089 2992 3171 3035 est
3202 2998 3215 3052 ξ
3246 2979 3600 3052 perfectoque

2029 3060 2156 3106 voto
2175 3052 2406 3109 ecclesia
2438 3049 2756 3121 consecrata
2797 3062 2878 3121 est
2905 3068 3001 3121 per
3032 3049 3598 3121 Severinutn_episco-

2032 3136 2158 3193 pum
2223 3121 2566 3193 Padnanum,
2618 3118 2926 3193 .Iocuntluni
2977 3122 3297 3193 episcopum
3353 3118 3600 3193 Tarvisi-

421 3193 534 3261 (Si)
575 3191 809 3263 Biniola.
851 3190 992 3247 Puto
1044 3191 1253 3247 Olivola
1305 3192 1593 3263 legendum
1642 3194 1733 3247 ubi
1783 3202 1921 3248 tem-
1951 3191 1995 3252 C
2030 3188 2182 3258 itum,
2234 3192 2584 3263 Ambrosium
2625 3192 2944 3263 episcopum
2982 3188 3307 3263 Altinatum,
3360 3188 3599 3263 et_Epo-

346 3264 493 3331 plum
525 3264 699 3316 sancti
730 3261 896 3316 Petri.

415 3332 529 3401 (52)
573 3332 860 3396 Brouium,
893 3332 1150 3391 fortassis
1197 3334 1421 3388 Breom’a
1452 3333 1632 3388 insula
1666 3332 1732 3385 ad
1777 3331 1921 3385 Pola:

388 3415 590 3454 ortum.

351 3416 919 3539 p0(r3;g)mhlailaucnm,
958 3471 1329 3529 Metaniaucon
1358 3474 1666 3539 legendum.

418 3542 528 3608 (54)
569 3541 759 3610 Clttgia
794 3542 1158 3610 scriptoribus
1196 3544 1361 3596 Fossa
1394 3545 1582 3596 Clodia
1619 3544 1785 3595 dit-ta.

416 3612 528 3679 (55)
570 3611 875 3677 Brundum,
906 3614 1155 3670 fortassis
1180 3615 1469 3667 Brondolu.

342 3748 378 3802 ﬂ
419 3682 529 3750 (56)
585 3681 889 3749 Phosaon,
940 3686 1125 3741 forsan
1186 3683 1485 3737 Foscelluut
1544 3684 1624 3736 vel
1686 3681 1920 3737 Fossone

385 3766 569 3802 nmen.

385 3766 569 3804 nmen.

419 3821 534 3890 (57)
574 3820 863 3884 Lauriton,
896 3823 1261 3891 scriptoribus
1292 3821 1601 3877 Lauretum.

418 3892 534 3958 (53)
574 3893 786 3959 Caprae,
828 3891 1077 3947 fortassis
1110 3892 1377 3960 Cupralw.

422 3962 536 4029 (59)
576 3960 859 4024 .‘Eculuut,
894 3962 1143 4018 fortassis
1181 3963 1470 4031 Equilium.

424 4031 537 4098 (60)
578 4031 876 4093 Ainiatias,
934 4035 1267 4086 Ammianum
1306 4032 1491 4085 forsan
1543 4032 1918 4086 scribendum.

380 4101 536 4181 .(61)
577 4099 794 4164 Muran,
846 4099 1137 4156 Mur-anum
1189 4103 1577 4173 scriptoribus,
1630 4101 1746 4155 sive
1800 4101 1921 4155 Mu-

342 4186 581 4223 nanum.

421 4240 535 4309 (62)
579 4238 938 4303 Rhibantum,
974 4240 1190 4310 Ripalta
1222 4242 1336 4295 sive
1367 4242 1526 4296 Ritus
1557 4241 1730 4308 Altus.

422 4310 537 4378 (ῠό)
575 4311 863 4374 Quomodo
880 4314 1114 4365 condita:
1136 4312 1590 4367 fuerintVenetize
1612 4312 1920 4380 etduando,

345 4381 620 4460 pluribus
653 4392 901 4448 narrant,
927 4391 1129 4460 praeter
1154 4382 1317 4460 alios,
1344 4383 1664 4460 scriptores
1697 4382 1921 4460 Veneti:

344 4451 631 4518 imprimis
677 4461 861 4506 autem
910 4451 1162 4507 Andreas
1205 4451 1486 4507 Dandulns
1532 4453 1923 4507 serenissimus

2028 3279 2151 3318 nem
2200 3261 2522 3331 episcopum
2557 3258 2974 3331 Opiterginum:
3008 3259 3271 3331 Felisque
3313 3258 3599 3331 presbyter

2025 3334 2109 3387 vir
2141 3326 2452 3387 catholicus
2489 3346 2588 3399 pro
2604 3326 2987 3385 sacramentis
3022 3326 3419 3384 eccleSiasticis
3441 3326 3600 3383 eihi-

2024 3402 2219 3459 hendis
2255 3402 2310 3455 in
2338 3417 2401 3455 ea
2437 3401 2733 3470 deputatus
2770 3409 2873 3455 est.
2914 3418 2932 3449 ι

2094 3517 2292 3586 Populi
2334 3516 2564 3571 Venetia:
2589 3515 2875 3586 provincia:
2906 3512 2976 3566 ad
3008 3529 3158 3568 oram
3197 3514 3535 3567 maritimam

2689 3589 2923 3640 veniunt.

2100 3697 2117 3730 ι
2155 3677 2598 3733 Montesilienses
2642 3677 2849 3748 populi,
2893 3685 2946 3731 et
2980 3677 3157 3732 czeteri
3196 3677 3342 3731 circa
3381 3682 3596 3729 monta-

2026 3764 2157 3803 neas
2209 3751 2469 3817 degentes
2528 3749 2598 3802 ob
2643 3750 2889 3817 canitiem
2944 3749 3152 3801 cladem
3206 3748 3271 3800 ad
3324 3749 3597 3799 maritima

2026 3816 2306 3872 venientes
2350 3820 2405 3871 in
2447 3818 2726 3871 littoribus
2762 3816 3123 3869 Mathematici
3158 3818 3447 3878 Albiolam,
3492 3817 3594 3867 Pa-

2025 3888 2278 3941 Iestinam
2310 3896 2365 3940 et
2394 3888 2637 3955 Clltglallt
2676 3888 2877 3953 pariter
2912 3887 3295 3938 condiderunt.
3343 3884 3419 3935 Eo
3458 3894 3595 3935 tem-

2025 3972 2156 4024 pore
2203 3955 2353 4010 urbis
2381 3954 2642 4024 Aquileia:
2698 3970 2953 4022 proceres
3003 3956 3068 4006 ad
3125 3954 3591 4024 Aquasiveniunt

2024 4022 2323 4089 Gradatas,
2380 4022 2536 4079 et'iu
2568 4025 2747 4093 littore
2806 4031 3049 4077 castrum
3103 4022 3402 4093 spectabile
3461 4035 3591 4073 cou—

2025 4103 2365 4159 SIruxcrunt,
2406 4094 2549 4163 quod
2588 4095 2656 4144 ab
2681 4107 2944 4163 aquarum
2995 4094 3213 4163 nomine
3251 4092 3590 4160 appellatur;

2028 4165 2245 4218 tandem
2284 4162 2602 4218 metropolis
2638 4177 2791 4215 novae
2828 4162 3059 4215 Venetia:
3091 4162 3339 4214 cllieitur.
3383 4179 3401 4211 ι

2026 4235 2104 4289 De
2130 4231 2547 4304 Aquileiensibus
2573 4232 2806 4304 Crudum
2831 4231 3149 4304 fugientibus
3183 4234 3368 4304 timore
3390 4231 3592 4304 Attilre.

2103 4324 2121 4356 ε
2177 4301 2337 4359 Anno
2385 4304 2599 4358 Domini
2648 4302 2772 4367 424,
2810 4302 3189 4370 Aquileienses
3243 4301 3457 4357 obsessi
3527 4302 3595 4354 ab

2026 4377 2192 4431 Attila
2232 4374 2553 4436 Hunnorum
2587 4388 2735 4441 rege,
2773 4387 2880 4425 non
2911 4373 3155 4425 valentes
3191 4387 3248 4425 se
3279 4371 3594 4432 defendere,

2029 4462 2219 4501 muros
2280 4444 2522 4500 civitatis
2576 4459 2691 4500 sua:
2744 4443 2942 4498 statuis
3004 4443 3356 4503 munierunt,
3413 4452 3465 4494 ct
3514 4442 3596 4493 sie

343 4510 463 4591 diti
513 4519 887 4585 Venetiarum,
947 4524 1037 4590 qui
1094 4532 1293 4591 quarto
1353 4523 1565 4576 decimo
1620 4522 1824 4577 smculo
1871 4532 1926 4575 et
1957 4517 2259 4591 Ddecepto
2297 4516 2463 4569 Attila
2493 4522 2548 4591 et
2592 4514 2991 4591 inadvertente,
3028 4512 3183 4579 quasi
3232 4526 3423 4591 omnes
3468 4510 3596 4588 Gra-

348 4588 559 4660 litteris
582 4599 638 4643 et
664 4592 834 4645 armis
867 4588 1083 4656 floruit;
1110 4588 1169 4646 et
1196 4592 1261 4646 ad
1297 4608 1455 4660 quem
1488 4602 1708 4647 exstant
1735 4607 1925 4658 quam-

347 4658 603 4724 plurima:
647 4661 893 4727 epistola:
922 4676 1045 4715 cum
1094 4663 1253 4715 edita:
1284 4658 1394 4715 tum
1422 4661 1641 4716 inedita:
1686 4677 1714 4714 a
1751 4662 1924 4715 Fran-

345 4730 507 4781 cisco
543 4728 862 4800 Petrarcha,
907 4732 999 4799 qui
1035 4731 1124 4784 illa
1158 4738 1481 4800 tempestate
1511 4730 1755 4797 florebat,
1792 4746 1925 4786 con-

346 4800 599 4865 scriptie.
662 4798 837 4868 Ilujus
883 4798 1064 4855 autem
1126 4802 1228 4853 viri
1275 4798 1590 4854 Chronieon
1653 4800 1918 4856 Venctnm

346 4884 479 4937 cum
514 4868 777 4921 inedituni
812 4871 904 4937 sit,
937 4887 1036 4925 nec
1066 4872 1290 4925 cuilibet
1322 4871 1566 4935 obvium,
1598 4872 1728 4925 libct
1756 4888 1820 4926 ex
1855 4886 1920 4925 co

346 4935 445 4989 hic
486 4939 805 5009 exscribere
849 4935 947 5004 ea,
983 4956 1105 5008 qua:
1147 4940 1214 4994 ad
1258 4941 1524 5009 originem
1576 4941 1918 4994 Venetiarum

347 5008 655 5080 pertinent.
693 5009 785 5063 Sic
817 5010 982 5080 igitur
1024 5010 1114 5064 ille
1144 5029 1157 5065 :
1192 5028 1210 5061 ι
1251 5008 1380 5063 Post
1412 5024 1539 5064 vero
1574 5012 1741 5080 multa
1785 5020 1918 5063 tein-

347 5091 488 5151 ραι-ει
534 5077 858 5151 imperante
905 5080 1144 5151 Honorio
1191 5081 1438 5151 Augusto
1491 5080 1542 5151 in
1588 5077 1919 5151 Occidente,

348 5148 671 5201 Theodosio
723 5164 851 5203 vero
910 5152 959 5202 in
996 5148 1251 5212 Oriente,
1287 5148 1444 5202 anno
1492 5148 1701 5201 Domini
1749 5150 1923 5204 nostri

344 5215 488 5269 Jesu
541 5217 750 5271 Christi
791 5220 917 5281 40!,
955 5219 1042 5273 die
1070 5221 1139 5274 25
1169 5220 1374 5275 mensis
1416 5216 1617 5278 Martii,
1656 5217 1925 5273 Primates

339 5294 405 5339 et
445 5288 628 5355 populi
678 5289 894 5342 urbium
934 5288 1171 5343 Venetia:
1213 5289 1509 5358 provincia:
1552 5304 1615 5342 ex
1650 5287 1925 5342 llarbaro-

350 5371 490 5428 rum_
519 5358 746 5428 incursu
776 5359 1062 5423 exinaniti,
1102 5371 1155 5413 et
1188 5360 1445 5413 instantis
1476 5359 1776 5413 invasionis
1807 5370 1929 5428 per-

353 5424 563 5491 territi,
597 5425 877 5482 det-linare
919 5428 985 5480 ad
1029 5430 1335 5482 maritimas
1371 5430 1647 5492 civitates,
1680 5438 1733 5483 et
1765 5424 1919 5483 rece-

349 5499 572 5562 ptacula
630 5497 828 5567 [cingit
883 5510 1207 5554 construere
1260 5499 1645 5559 decreverunt,
1698 5499 1917 5552 I'ritntts

351 5580 595 5633 namque
630 5566 889 5622 Galienns
925 5567 993 5620 de
1037 5567 1303 5631 Fontana,
1339 5566 1559 5621 Sitneon
1592 5569 1658 5621 dc
1686 5569 1918 5624 Glauco-

353 5636 545 5695 nibus,
604 5645 659 5689 et
701 5638 970 5691 Antonius
999 5638 1217 5693 Calicus
1248 5641 1313 5692 de
1357 5636 1624 5692 Lttntattis
1669 5640 1926 5693 consules

354 5702 589 5775 Patavii,
628 5724 743 5763 sua:
775 5709 925 5765 urbis
957 5709 1259 5765 invasiouis
1292 5725 1387 5763 nec
1418 5709 1787 5777 ittimcutores,
1825 5711 1926 5761 hoc

2032 4581 2322 4642 dum-cum
2355 4584 2613 4639 omnibus
2645 4583 2987 4644 mulieribus,
3019 4592 3071 4635 et
3107 4581 3347 4649 parvulis
3377 4596 3440 4633 ac
3476 4581 3595 4633 suis

2033 4658 2194 4712 bonis
2223 4655 2501 4725 fugerunt,
2544 4654 2729 4725 ibique
2758 4661 3021 4723 pcipetuo
3051 4652 3315 4725 deinceps
3348 4651 3598 4725 habitan-

2032 4735 2133 4790 tes,
2195 4719 2383 4778 Vetieti
2440 4724 2597 4792 quasi
2639 4719 2869 4776 adventa
2924 4729 3051 4777 sunt
3102 4719 3388 4785 nominati,
3452 4719 3597 4774 unde

2030 4797 2174 4851 inter
2212 4794 2541 4857 Gradenses,
2592 4794 2685 4861 qui
2738 4793 2947 4860 priores
2994 4792 3209 4845 fuerant
3260 4793 3595 4845 habitatores

2031 4867 2207 4934 ipsius
2236 4864 2363 4925 loci,
2402 4871 2456 4915 et
2496 4861 2875 4930 Aquileienses
2917 4862 2985 4916 de
3019 4864 3391 4931 patriarchatu
3425 4875 3597 4929 usque

2029 4937 2193 4990 hodie
2224 4934 2600 4989 controversia
2633 4941 2897 4986 versatur.
2938 4949 2955 4982 ι

2090 5050 2169 5103 De
2215 5044 2579 5103 Altinensibus
2714 5045 2921 5169 άὶυεπςῖα
2971 5048 3087 5100 loca
3125 5048 3310 5099 timore
3343 5046 3524 5100 Αιιῑιιυ

2659 5126 2855 5185 ugieutt
2898 5134 2978 5171 us.

2659 5126 2978 5187 ugieuttbus.

2100 5230 2118 5263 ι
2152 5209 2285 5265 Post
2315 5211 2431 5265 hmc
2470 5206 2636 5262 Attila
2675 5209 2919 5262 Altinum
2957 5208 3202 5269 transiit,
3255 5208 3403 5276 quod
3438 5210 3589 5276 prius

2021 5283 2325 5336 vocabatur
2377 5278 2743 5353 Antenoride,
2794 5279 2919 5353 quia
2968 5280 3040 5353 ab
3083 5280 3356 5332 Antenore
3418 5278 3595 5353 primo

2023 5354 2354 5415 aediﬁcatur;
2407 5357 2461 5404 et
2496 5350 2531 5403 ii
2568 5349 2819 5403 similiter
2856 5348 3109 5417 parvulos
3158 5363 3279 5401 cum
3328 5348 3595 5401 matribus

2028 5431 2085 5477 et
2132 5422 2409 5477 thesauris
2462 5420 2731 5474 miserunt
2774 5418 2839 5472 ad
2874 5420 3081 5473 Insulas
3134 5420 3339 5480 maris;
3375 5417 3594 5470 tandem

2031 5509 2139 5546 non
2183 5494 2425 5546 valentes
2470 5490 2728 5544 resistere
2772 5498 2935 5542 noctu
2967 5490 3117 5541 illinc
3146 5486 3423 5556 fugerunt,
3468 5488 3599 5541 rivi-

2032 5572 2228 5641 tasque
2272 5560 2492 5641 pemfata
2536 5560 2590 5613 in
2644 5558 2993 5641 solitudinem
3058 5558 3275 5609 redacta
3325 5569 3408 5612 cst
3438 5580 3448 5613 :
3480 5566 3601 5612 erat

2035 5630 2182 5687 enim
2234 5630 2432 5685 civitas
2476 5643 2667 5698 magna
2717 5630 2924 5698 habens
2976 5642 3067 5681 sex
3105 5638 3314 5696 portas,
3364 5644 3598 5697 quarum

2041 5704 2475 5772 uniuscujusque
2528 5697 2720 5754 incol-.c
2780 5697 3008 5750 insulani
3082 5703 3596 5768 apprehendentes,
