4046 6208
459 233 565 297 243

1434 243 1937 306 CONSTANTINI
1975 245 2659 316 PORPHYROGENITI

3622 261 3730 328 244

455 346 729 412 desertus,
760 363 865 402 non
915 349 1209 416 habitatus,
1259 361 1312 407 et
1354 355 1617 425 palustris
1651 375 1664 410 :
1702 357 1796 426 qui
1833 368 2013 412 autem

2123 360 2328 432 ἔρημός
2353 383 2440 428 τις
2495 369 2757 435 ἀοίκητος
2804 367 2900 422 καὶ
2957 370 3241 443 βαλτώδης
3270 373 3406 444 (64).
3443 375 3506 429 Οἱ
3535 377 3592 430 δὲ
3638 380 3732 434 νῦν

453 452 603 492 nunc
650 437 838 491 Veneti
879 440 1220 507 appellantur
1267 442 1464 500 Franci
1521 447 1590 500 ab
1638 447 1913 517 Aquileia,
1966 456 2022 502 et

453 525 667 580 caeteris
725 521 969 577 Francia:
1031 526 1188 591 locis,
1247 538 1300 584 et
1356 532 1736 588 inhabitabant
1795 542 2018 599 terram,

448 613 559 683 85
602 626 720 680 (illa?
766 627 795 664 θ
844 613 1066 682 regione
1099 612 1449 675 Venetiarum
1495 632 1599 676 est.
1654 622 1787 676 Cum
1837 635 2018 678 autem

447 702 685 755 venisset
714 700 880 754 Attila
924 704 1168 761 Abarum
1219 725 1338 774 rex,
1384 727 1447 766 ac
1496 711 1807 766 universam
1844 712 2018 769 Fran-

445 792 587 845 ciam
637 789 1001 860 depopulatus
1043 807 1214 861 esset,
1283 815 1347 856 ac
1403 802 1765 871 perdidisset,
1820 799 2018 859 Franci

442 894 638 936 omnes
685 879 992 950 Aquileiam
1045 899 1169 941 cum
1224 892 1452 963 reliquis
1496 891 1742 946 Francite
1789 894 2016 952 urbibus

440 971 700 1026 deserere
755 985 1078 1041 cmperunt,
1139 987 1194 1033 et
1273 983 1338 1036 ad
1397 981 1746 1038 Venetiarum
1802 983 2015 1042 insulas

448 1061 858 1118 habitatoribus
908 1078 1108 1123 vacuas
1159 1085 1462 1138 venerunt,
1526 1081 1580 1128 et
1635 1074 1852 1142 tuguria
1901 1078 2014 1133 illic

435 1155 717 1219 fecerunt,
758 1154 828 1208 ob
872 1155 1056 1211 Attila:
1098 1162 1242 1231 regis
1289 1173 1515 1223 metum.
1559 1163 1657 1218 llic
1690 1174 1873 1220 autem
1913 1169 2014 1223 At-

435 1247 537 1302 tila
603 1259 701 1298 rex
775 1259 900 1298 cum
958 1256 1161 1304 terram
1227 1268 1443 1310 omnem
1519 1255 1901 1323 devastasset,
1957 1269 2012 1315 ct

434 1340 671 1394 Romam
708 1349 882 1405 usque
903 1345 1066 1409 atque
1100 1341 1154 1398 in
1188 1345 1494 1402 Calabriam
1538 1346 1797 1407 venisset,
1833 1347 2005 1406 Vene-

435 1431 663 1496 tiasque
711 1423 869 1498 longe
917 1430 1260 1502 reliquisset,
1305 1437 1524 1492 inventa
1568 1437 1860 1491 securitate
1916 1442 2008 1510 qui

431 1523 494 1578 in
539 1517 751 1574 insulas
809 1518 1162 1578 Venetiarum
1215 1527 1600 1597 confugerant,
1651 1531 1704 1579 et
1749 1533 2008 1598 tanquam

432 1612 637 1666 timore
683 1605 932 1676 deposito
981 1625 1174 1669 omnes
1215 1613 1633 1670 commemorari
1677 1613 1750 1669 ibi
1799 1623 2007 1674 statue-

333 1744 348 1757 .
429 1709 585 1764 runt,
637 1703 690 1753 et
745 1701 1071 1756 commorati
1141 1715 1272 1761 sunt
1321 1707 1376 1761 in
1441 1704 1770 1761 hodiernum
1832 1681 2082 1779 usqueB

431 1793 602 1849 diem.
659 1787 956 1861 Postquam
1008 1807 1139 1850 vero
1192 1797 1359 1850 Attila
1413 1797 1766 1862 recessisset,
1820 1801 2009 1858 multis

428 1897 555 1958 post
578 1883 740 1940 annis
767 1885 918 1940 venit
969 1899 1190 1942 rursum
1232 1905 1325 1944 rex
1369 1889 1620 1961 Pipinus,
1653 1890 1744 1960 qui
1785 1889 2006 1962 Papiam

427 1990 564 2035 tune
606 1983 660 2032 et
697 1986 893 2031 caetera
925 1989 1092 2045 regna
1135 1981 1374 2036 tenebat.
1417 1981 1666 2036 Habebat
1708 1983 1856 2036 enim
1894 1992 2008 2041 tres

429 2069 636 2121 fratres
690 2063 939 2134 Pipinus,
987 2066 1078 2133 qui
1112 2067 1359 2124 Francia:
1409 2071 1560 2126 omni
1606 2079 1660 2127 et
1707 2073 2010 2130 Sclavoniae

431 2156 799 2228 imperabant.
835 2157 970 2209 Cum
995 2169 1175 2214 autem
1203 2171 1394 2217 contra
1429 2163 1665 2221 Venetos
1695 2165 2011 2237 proﬁcisce-

433 2258 586 2304 retur
630 2264 727 2303 rex
787 2247 1037 2318 Pipinus,
1087 2251 1363 2324 ingentem
1416 2257 1653 2312 militum
1699 2259 2010 2315 multitudi-

433 2355 556 2395 nem
599 2355 785 2397 secum
836 2341 1066 2411 ducens,
1116 2357 1547 2404 castrametatus
1596 2351 1774 2405 estin
1827 2353 2010 2407 conti-

434 2434 588 2489 nenti
629 2449 693 2489 ex
726 2435 897 2491 altera
935 2447 1088 2506 parte
1133 2441 1400 2510 trajectus
1439 2441 1746 2497 insularum
1774 2442 2011 2500 Veneta-

435 2543 580 2594 rum,
611 2528 667 2582 in
710 2529 830 2584 loco
865 2529 951 2584 cui
997 2545 1192 2586 nomen
1221 2532 1467 2587 Aibolas.
1523 2532 1782 2591 Videntes
1826 2545 2009 2593 autem

437 2617 633 2674 Veneti
680 2636 863 2691 regem
911 2619 1164 2691 Pipinum
1224 2630 1416 2678 contra
1469 2640 1529 2680 se
1591 2641 1714 2682 cum
1761 2631 2009 2686 exercitu

440 2707 852 2770 adventantem,
899 2715 954 2762 et
1004 2724 1128 2763 cum
1173 2711 1331 2781 equis
1377 2715 1737 2784 appulsurum
1782 2733 1906 2775 esse
1941 2721 2008 2776 ad

439 2797 675 2853 insulam
743 2797 1112 2864 Madamauci,
1163 2817 1286 2873 quae
1330 2807 1638 2862 continenti
1698 2810 2008 2882 propinqua

437 2898 548 2954 est,
605 2890 864 2945 antenuis
913 2890 1078 2959 jactis
1130 2908 1348 2950 omnem
1409 2899 1699 2967 trajectum
1761 2903 2012 2960 munive-

436 2988 589 3076 runt.
624 2980 758 3036 Cum
795 2982 960 3052 igitur
991 2983 1202 3040 videret
1237 2987 1412 3056 Pipini
1459 2991 1735 3046 exercitus
1780 2994 1916 3048 nihil
1949 3012 2010 3054 se
2039 3017 2082 3076 ο

435 3068 647 3127 eﬂicere
676 3087 856 3140 posse,
881 3075 1322 3147 quandoquidem
1356 3079 1616 3150 trajectus
1648 3083 1775 3140 alibi
1809 3087 1996 3145 nullus

434 3172 605 3228 esset,
640 3163 976 3222 obsederunt
1008 3182 1103 3223 eos
1144 3169 1197 3224 in
1235 3171 1539 3227 continenti
1575 3189 1672 3243 per
1723 3188 2008 3246 semestre,

435 3255 681 3322 quotidie
739 3271 961 3312 manum
1014 3273 1391 3318 conserentes.
1447 3263 1515 3318 Et
1565 3264 1756 3321 Veneti
1792 3270 2011 3337 quidem

437 3361 604 3403 naves
655 3364 788 3404 suas
823 3351 1054 3421 ingressi
1101 3363 1224 3421 post
1265 3361 1536 3410 antennas
1575 3371 1714 3425 quas
1757 3357 2011 3426 iecerant

437 3447 498 3486 se
528 3436 855 3491 tuebantur:
898 3455 993 3494 rex
1020 3455 1152 3495 vero
1205 3442 1432 3511 Pipinus
1463 3459 1588 3498 cum
1629 3460 1732 3500 suo
1771 3451 2011 3505 exercitu

439 3523 619 3577 stabat
677 3525 732 3580 in
786 3527 990 3592 littore,
1046 3545 1208 3599 quem
1264 3529 1458 3586 Veneti
1500 3550 1625 3589 cum
1678 3536 1894 3606 sagittis
1953 3549 2007 3594 et

439 3615 745 3672 missilibus
774 3621 1186 3690 oppugnabant,
1235 3639 1303 3678 ne
1345 3623 1398 3677 in
1433 3624 1668 3679 insulam
1709 3627 2006 3696 trajiceret.

441 3708 753 3778 Desperans
784 3711 954 3782 igitur
986 3728 1080 3768 rex
1116 3713 1342 3784 Pipinus
1391 3716 1464 3769 ita
1502 3716 1736 3773 Venetos
1771 3722 2012 3790 compcl-

441 3799 572 3854 lavit
605 3819 618 3856 :
652 3801 868 3858 Subditi
909 3805 1014 3860 mei
1055 3807 1210 3874 estis,
1250 3807 1522 3878 siquidem
1557 3824 1585 3862 a
1623 3825 1742 3865 mea
1777 3820 1922 3866 terra
1958 3822 2012 3869 et

2124 450 2453 518 καλούμενοι
2516 456 2798 510 Βενὲτικοι
2861 459 3110 532 ὑπῆρχον
3155 465 3398 535 Φράγγοι
3459 469 3569 538 (65)
3625 474 3733 526 ἀπὸ

2133 540 2550 632 ᾏκουηλεγίας,
2581 547 2677 598 καὶ
2709 548 2820 600 ἀπὸ
2835 550 2945 602 τῶν
2964 553 3172 623 ἐτέρων
3197 557 3380 610 τόπων
3413 561 3510 629 τῆς
3547 564 3730 632 Φραγ-

2118 628 2245 695 γίας
2271 648 2282 660 ’
2316 634 2411 685 καὶ
2443 634 2732 703 κατῴκουν
2767 639 2849 700 εἰς
2879 639 2978 710 τὴν
3015 641 3192 713 ξηρὰν
3239 628 3474 718 ἀντικρὺ)
3504 628 3727 718 1?;ch-

2118 720 2322 780 νετίας.
2359 721 2469 774 Τοῦ
2495 723 2554 775 δὲ
2619 725 2805 778 Ἀτίλα
2848 727 2944 780 τοῦ
3007 731 3277 800 βασιλέως
3321 737 3433 790 τῶν
3475 741 3726 810 Ἀὄάρων

2117 808 2388 906 ἐλ6όντος,
2419 816 2516 906 καὶ
2551 816 2740 881 πάσας
2795 820 2896 884 τὰς
2925 823 3213 892 Φραγγίας
3243 808 3723 906 καταλήῖσαμένου

2117 899 2211 953 καὶ
2263 902 2660 972 ἀφανίσαντος,
2718 909 2958 978 ἤρξαντο
2993 914 3226 984 φεύγειν
3257 919 3360 988 μὲν
3408 899 3631 989 πάντες,
3674 929 3725 980 οί

2114 987 2357 1058 Φράγγοι
2393 993 2507 1063 (66)
2565 997 2675 1050 ἀπὸ
2708 999 3128 1072 Ἀκουηλεγίας,
3176 987 3274 1060 καί
3326 1010 3434 1064 ἀπὸ
3463 1015 3569 1067 τῶν
3592 987 3719 1070 ἐτέ-

2119 1095 2226 1172 ρων
2245 1081 2345 1172 τῆς
2369 1083 2655 1152 Φραγγίας
2710 1091 2988 1158 κάπρων,
3046 1094 3308 1166 ἔρχεσθαι
3357 1101 3412 1152 δὲ
3466 1105 3598 1172 πρὸς
3621 1108 3720 1170 τὰς

2113 1169 2407 1237 ἀοικήτους
2465 1177 2667 1244 νήσους
2724 1179 2827 1248 τῆς
2887 1184 3168 1251 Βενετίας,
3210 1191 3307 1242 καὶ
3343 1196 3515 1245 ποιεῖν
3538 1196 3712 1247 ἐκεῖσε

2114 1257 2390 1349 καλλίόια,
2427 1262 2518 1316 διὰ
2556 1267 2648 1319 τόν
2681 1269 2776 1321 τοῦ
2809 1269 3081 1340 βασιλέως
3118 1275 3302 1331 Ἀτῦια
3322 1281 3504 1349 φόϐον.
3537 1284 3711 1339 Αὑτοῦ

2112 1346 2208 1403 οὖν
2260 1351 2353 1403 τοῦ
2418 1352 2690 1422 βασιλέως
2734 1361 2923 1416 Ἀτίλα
2995 1346 3342 1439 ληῖσαμένουν
3385 1375 3564 1429 πᾶσαν
3612 1377 3712 1446 τὴν

2111 1439 2298 1535 Χᾲίῖξραν
2320 1441 2417 1511 τῆς
2449 1443 2644 1516 ξηρᾶς,
2680 1453 2773 1504 καὶ
2813 1453 2978 1524 μέχρι
3016 1457 3240 1535 Ῥώμίης
3267 1462 3360 1514 καὶ
3388 1439 3710 1534 Καλαϐρίας

2109 1532 2376 1598 ἐλθόντος,
2413 1537 2512 1590 καὶ
2547 1539 2646 1608 τὴν
2680 1542 2942 1598 Βενετίαν
2987 1532 3272 1620 μακρόθεν
3296 1532 3706 1621 καταλιπόντος,

2113 1623 2302 1678 ἄδειαν
2357 1623 2614 1693 εὑρόντες
2661 1631 2709 1681 οἱ
2759 1639 3250 1715 προσπεφευγότες
3294 1642 3351 1694 ἐν
3378 1646 3497 1706 ταῖς
3522 1646 3708 1715 νήσοις

2111 1714 2213 1783 τῆς
2258 1713 2536 1778 Βενετίας,
2586 1719 2680 1770 καὶ
2727 1714 2842 1774 οἷον
2864 1723 2967 1794 τὴν
3005 1727 3214 1780 δειλίαν
3254 1731 3705 1803 ἀποσεισάμενοι,

2111 1804 2354 1864 ἅπαντες
2404 1803 2796 1861 ἐϐουλεύσαντο
2829 1813 2925 1864 τοῦ
2967 1818 3296 1888 κατοικῆσαι
3330 1823 3534 1885 ἐκεῖσε,
3568 1825 3708 1896 ὅπερ

2111 1894 2207 1947 καὶ
2233 1889 2517 1962 ἐποίησαν,
2578 1899 3013 1967 κατοικήσαντες
3047 1908 3226 1960 ἐκεῖσε
3273 1910 3434 1980 μέχρι
3465 1913 3565 1982 τῆς
3599 1889 3702 1984 of];

2113 2000 2304 2058 μερον.
2341 1983 2497 2038 Μετὰ
2525 1985 2582 2038 δὲ
2628 1987 2690 2041 τὸ
2741 1991 3102 2064 ἀναχωρῆσαι
3133 1999 3224 2054 τὸν
3265 2001 3500 2056 ’Δτίλαν.
3548 1983 3706 2057 Μετὰ

2109 2077 2342 2149 χρόνους
2393 2075 2622 2140 πολλοὺς
2658 2079 2770 2149 (67)
2818 2083 2984 2136 πάλιν
3029 2089 3369 2158 παρεγένετο
3404 2092 3627 2155 ιῖιπίνος
3673 2093 3702 2144 6

2113 2171 2239 2244 Pila.
2276 2167 2336 2230 ὃς
2355 2163 2491 2238 ἦρχε
2524 2168 2644 2221 τότε
2675 2170 2776 2240 τῆς
2824 2188 2883 2225 τε
2916 2175 3138 2240 Παπίας
3183 2180 3279 2232 καὶ
3305 2181 3509 2251 ἐτέρων
3531 2184 3701 2252 ρηγά.

2108 2281 2239 2319 των.
2303 2257 2461 2329 Εἶχεν
2517 2259 2624 2330 γὰρ
2683 2254 2840 2327 οὗτος
2889 2267 2918 2318 6
2954 2267 3185 2333 Πιπῖνος
3220 2271 3485 2340 ἀδελφοὺς
3529 2277 3710 2343 τρεῖς,-

2109 2357 2304 2416 οἴτινες
2333 2347 2501 2423 ἦρχον
2534 2353 2723 2405 πασῶν
2746 2355 2856 2408 τῶν
2895 2357 3192 2427 Φραγγιῶν
3222 2362 3315 2413 καὶ
3345 2362 3698 2418 Σκλαὸινιῶν.

2111 2446 2221 2502 Τοῦ
2251 2444 2307 2498 δὲ
2342 2442 2508 2514 ρηγὺς
2535 2442 2766 2496 Πιπίνου
2806 2444 3058 2510 ἐλθόντος
3084 2451 3228 2502 κατὰ
3247 2451 3257 2515 ζ
3275 2450 3382 2503 τῶν
3403 2451 3702 2504 Βενετίκων

2113 2538 2255 2610 μετὰ
2283 2534 2566 2604 δυνάμεως
2590 2537 2683 2588 καὶ
2699 2535 2830 2590 λαοῦ
2855 2539 3077 2604 πολλοῦ,
3103 2542 3475 2612 παρεκάθισεν
3490 2542 3577 2596 διὰ
3600 2544 3700 2612 τῆς

2110 2631 2287 2702 ξηρᾶς
2333 2626 2541 2681 ἐκεῖθεν
2591 2625 2685 2680 τοῦ
2715 2629 3032 2699 περάματος
3057 2631 3167 2684 τῶν
3197 2633 3378 2702 νήσων
3413 2635 3510 2703 τῆς
3540 2634 3696 2688 Βενε·

2108 2725 2254 2788 τίας,
2287 2721 2368 2784 είς
2419 2720 2582 2773 τόπον
2629 2719 2926 2790 λεγόμενον
2967 2721 3248 2786 ’Δειΰὸλας
3302 2722 3437 2794 (68).
3485 2726 3548 2777 0i
3598 2721 3691 2778 οὖν

2110 2815 2386 2870 Βενέτικοι
2428 2810 2626 2874 ἰδόντες
2665 2811 2757 2864 τὸν
2781 2812 2958 2882 ῥῆγαν
2987 2814 3217 2868 Πιπῖνον
3253 2815 3392 2884 μετὰ
3434 2815 3532 2884 τῆς
3559 2817 3701 2869 ἐαυ-

2109 2907 2204 2962 τοῦ
2265 2904 2545 2973 δυνάμεως
2610 2902 2731 2955 κατ’
2770 2903 2950 2957 αὐτῶν
3015 2905 3406 2976 ἐπερχόμενον,
3439 2906 3535 2960 καὶ
3573 2907 3700 2976 μέλο

2115 3001 2278 3054 λοντα
2319 2994 2457 3066 μετὰ
2491 2994 2600 3048 τῶν
2641 2994 2825 3048 ἵππων
2857 2996 3203 3051 ἀποπλεῦσαι
3231 2998 3368 3068 πρὸς
3409 2999 3507 3068 τὴν
3537 2999 3698 3068 νῆσον

2103 3089 2198 3145 τοῦ
2229 3083 2600 3155 Μαδαμαύκου
2619 3084 2730 3155 (69)
2765 3084 3027 3157 (ἔστιγὰρ
3049 3085 3188 3157 αὕτη
3214 3089 3246 3157 ή
3279 3087 3442 3158 νῆσος
3472 3088 3698 3155 πλησίον

2122 3181 2220 3250 τῆς
2247 3175 2465 3248 ξηρᾶς),
2531 3174 2782 3245 βαλόντες
2843 3177 3150 3247 κερατάρια
3197 3178 3343 3232 ἅπαν
3385 3179 3446 3232 τὸ
3474 3180 3701 3249 πέραμα

2117 3265 2513 3336 ἐναπέφραξαν.
2540 3265 2634 3327 Εἰς
2659 3265 2976 3334 ἀμηχανίαν
3010 3266 3104 3320 οὖν
3147 3265 3318 3321 ἐλθὼν
3347 3271 3375 3322 6
3405 3269 3500 3321 τοῦ
3531 3270 3699 3339 ῥηγδς

2118 3357 2346 3410 Πιπίνου
2371 3355 2494 3415 λαὸς
2529 3354 2667 3424 (οὐδὲ
2720 3354 2828 3423 γὰρ
2862 3351 2935 3426 ἦν
2966 3355 3191 3411 δυνατὸν
3236 3359 3436 3421 αὐτοὺς
3462 3357 3698 3428 ἀλλαχοῦ

2121 3445 2404 3519 περᾶσαι),
2437 3445 2815 3516 παρεκάθισαν
2848 3448 3032 3511 αὐτοῖς
3056 3449 3144 3502 διὰ
3172 3449 3272 3518 τῆς
3306 3449 3479 3518 ξηρᾶς
3522 3451 3699 3519 μῆνας

2117 3541 2175 3606 ἒξ
2199 3536 2560 3608 πολεμοῦντες
2620 3537 2742 3590 καθ’
2789 3539 3029 3611 ἑκάστην
3077 3540 3293 3611 ἡμέραν
3347 3541 3465 3610 μετ’
3495 3541 3701 3600 αὐτῶν.

2116 3630 2226 3684 Καὶ
2254 3630 2304 3682 οἱ
2343 3628 2440 3696 μὲν
2469 3628 2740 3682 Βενέτικοι
2771 3631 3088 3700 είσήρχοντο
3115 3633 3194 3693 είς
3212 3631 3282 3683 τὰ
3309 3630 3470 3682 πλοῖα
3494 3631 3698 3692 αὐτῶν,

2119 3718 2216 3773 καὶ
2246 3718 2466 3773 ίσταντο
2487 3718 2712 3772 ὀπισοεν
2739 3719 2848 3772 τῶν
2874 3720 3006 3791 παρ’
3031 3719 3210 3774 αὐτῶν
3239 3720 3502 3791 ῥιφέντων
3526 3738 3698 3790 κερα-

2119 3811 2344 3883 ταρίων.
2389 3809 2448 3864 Ὀ
2477 3810 2534 3864 δὲ
2591 3809 2692 3882 ρὴξ
2723 3812 2966 3881 ,Πιπίνος
3016 3811 3204 3866 ἵστατο
3265 3814 3404 3883 μετὰ
3439 3814 3535 3866 τοῦ
3561 3812 3694 3866 λαοῦ

1585 3949 1887 4008 ANSELMI
1920 3950 2249 4008 BANDURII
2289 3950 2519 4007 ΝΟΤᾹΞ.

433 4063 1376 4152 propriis?!portarum.nominibus
1429 4085 1524 4125 eas
1583 4079 1887 4152 vqcarunt,
1943 4080 2002 4123 ιιι

453 4133 779 4206 l_‘orcelum,
827 4135 1190 4196 Maior-bium.
1244 4137 1558 4198 Burauum.
1619 4133 2009 4206 Amorianunt,

435 4204 975 4277 constantiaiamtm,
1027 4215 1082 4259 et
1120 4207 1440 4262 Arviauum.
1493 4209 1700 4277 Aliqui
1737 4224 1802 4262 ex
1845 4204 2011 4274 huius

438 4273 591 4328 urbis
635 4274 786 4328 cives
831 4283 1086 4329 cessante
1133 4277 1512 4343 persecutione
1565 4273 1858 4332 incolatum
1902 4273 2009 4332 Pa--

441 4343 643 4418 uluze_et
670 4343 911 4418 Tarvisii
937 4340 1255 4418 elegerunt._
1287 4362 1317 4418 _a
1358 4347 1557 4418 quibus
1607 4348 1822 4418 illarum
1854 4358 2008 4418 porta
2041 4340 2086 4396 D

436 4413 684 4536 quietiam
738 4415 830 4468 ubi
882 4413 1150 4486 degebant
1195 4413 1387 4470 Altiua
1419 4416 1501 4470 vel
1551 4417 1744 4472 Attilia
1795 4413 2011 4473 nuncu-

437 4499 502 4536 na
533 4499 560 4536 a
592 4494 696 4536 est.
738 4503 757 4536 ι

437 4499 560 4552 pata
592 4499 696 4539 εει.
738 4503 757 4536 ι

437 4597 514 4651 De
564 4614 701 4667 rege.
759 4607 809 4652 et
845 4598 1042 4653 civibus
1072 4598 1346 4655 Paduaut's
1379 4609 1567 4655 timore
1598 4601 1782 4656 Attila:
1823 4603 1874 4656 iu
1926 4601 2015 4656 Ri-

648 4669 822 4722 voalto
849 4679 898 4723 et
936 4668 1307 4724 Mat/temuuco
1325 4687 1379 4726 se
1395 4671 1787 4726 reducentibus.

512 4778 530 4810 ι
569 4760 715 4814 idem
750 4761 918 4816 Attila
950 4764 1206 4819 transivit
1234 4759 1473 4818 Paduam
1509 4781 1522 4818 :
1555 4780 1647 4819 rex
1681 4780 1812 4818 vero
1860 4764 2006 4820 civi-

436 4832 565 4887 tatis
593 4830 705 4904 jam
739 4833 964 4904 miserat
991 4834 1230 4904 reginam
1264 4851 1388 4904 eum
1423 4834 1570 4898 ﬁliis,
1597 4835 1921 4890 mulieribus
1954 4845 2010 4891 et

438 4902 709 4971 parvulis.
731 4912 785 4956 et
803 4903 950 4956 omni
972 4902 1232 4957 thesauro
1255 4905 1308 4958 in
1335 4902 1613 4970 Rivoalto;
1638 4905 1806 4959 Attila
1830 4915 2011 4960 autem

437 4973 628 5026 urbem
688 4973 1012 5042 impugnans
1055 4971 1295 5028 Paduam
1345 4975 1659 5030 destruxit:
1691 4975 1840 5031 cives
1879 4991 2013 5030 vero

439 5042 531 5112 qui
558 5041 866 5114 evaserant,
894 5043 947 5096 in
977 5041 1225 5097 Rivoalto
1256 5053 1310 5097 et
1337 5044 1715 5100 Mathemauco
1745 5059 2015 5114 pervene-

441 5121 586 5167 runt.
619 5112 753 5183 cum
792 5114 974 5181 itaque
996 5120 1143 5166 tanta
1169 5113 1516 5168 multitudine
1543 5112 1779 5183 praefatae
1814 5116 2012 5170 insulae

439 5199 550 5238 non
583 5181 918 5246 sullicerent,
945 5183 1184 5235 tumbam
1231 5199 1338 5236 non
1372 5181 1634 5253 longe—ah
1677 5185 1758 5238 eis
1790 5195 2010 5240 exstare

440 5253 496 5306 in
532 5254 676 5308 ostio
705 5261 900 5322 portus
929 5261 1350 5322 prospexerunt,
1387 5253 1440 5306 in
1477 5269 1579 5321 qua
1615 5254 2008 5322 antiquissima

441 5323 642 5378 mcenia
699 5321 1026 5376 videbantur
1084 5321 1308 5392 aﬂtusse
1359 5321 1870 5392 :compertum’que
1926 5333 2008 5379 est

443 5392 583 5462 hanc
605 5408 727 5448 esse
759 5394 928 5456 illam,
964 5393 1017 5446 in
1045 5406 1150 5461 qua
1176 5391 1402 5460 Trojani
1430 5392 1567 5445 duce
1587 5391 1860 5448 Antenore
1891 5403 2014 5462 post

441 5457 621 5527 Trajan
650 5464 920 5518 excidium
960 5463 1013 5518 iu
1047 5457 1168 5519 sinu
1200 5457 1478 5517 Adriatico
1505 5463 1758 5532 primitus
1793 5457 2012 5519 habita-

444 5538 596 5604 runt,
648 5544 834 5588 vocata
878 5535 1027 5604 prius
1075 5532 1262 5602 Troja,
1314 5544 1500 5604 postea
1547 5547 1675 5588 vero
1716 5533 1913 5604 Pagos,
1956 5534 2011 5589 id

445 5611 535 5674 est
553 5601 829 5668 Castrum,
864 5601 1106 5659 ﬁlivolos
1147 5601 1327 5660 latine
1347 5603 1573 5666 dicitur,
1619 5604 1763 5673 quod
1791 5601 2009 5674 plenum

441 5670 537 5728 ubi
573 5685 679 5726 non
707 5683 789 5728 est
819 5673 949 5730 dare
979 5690 1207 5732 vacuum
1239 5695 1251 5735 :
1284 5686 1336 5733 et
1378 5675 1430 5730 in
1465 5689 1524 5732 ca
1559 5670 1852 5746 pt'ohtgmn
1884 5691 2012 5745 pars

2110 4085 2217 4123 non
2257 4071 2481 4123 minima
2533 4083 2632 4124 sua
2685 4074 2918 4136 hrmavtt
2980 4066 3259 4121 domicilia
3295 4084 3308 4120 :
3343 4065 3692 4136 ecclesiaque

2119 4141 2220 4191 sub
2249 4138 2516 4192 vocabulo
2558 4136 2736 4206 Sergii
2769 4135 3166 4206 ctBacchiAibi
3199 4145 3390 4206 postea
3440 4135 3694 4190 constru-

2118 4215 2205 4261 cta
2247 4214 2332 4274 est
2369 4221 2463 4274 per
2515 4204 2728 4261 nobiles
2774 4205 3028 4261 tribunos
3061 4204 3302 4261 Venetos
3357 4205 3690 4263 Slrivacalcs

2119 4276 2450 4362 notitir‘tat‘os‘,
2479 4276 2571 4362 qui
2605 4274 3075 4362 uupcﬁavotorta
3107 4276 3391 4362 dicuntur:
3429 4293 3447 4326 ι

2187 4345 2299 4416 (64)
2342 4344 2648 4414 Βαλτώδης,
2673 4344 2966 4399 Palustris.
2997 4344 3120 4416 llaec
3154 4361 3261 4416 vox
3289 4345 3480 4416 eadem
3515 4345 3691 4414 signi-

2119 4414 2371 4471 liratiOne
2420 4415 2694 4485 reperitur
2745 4429 2852 4468 non
2905 4415 3074 4485 semel
3123 4415 3266 4484 apud
3320 4414 3534 4468 Annam
3583 4416 3688 4470 Co-

2118 4501 2393 4541 mnenam.
2436 4483 2568 4541 Vide
2599 4485 2858 4550 Ducangii
2888 4483 3068 4540 Gloss.
3102 4483 3275 4540 Graec.

2188 4555 2296 4622 (65)
2339 4554 2474 4612 Vide
2507 4571 2629 4624 qua:
2673 4555 2739 4609 de
2784 4553 3010 4626 Francis
3054 4554 3217 4609 habet
3268 4551 3410 4608 inira
3444 4553 3687 4626 scriptor

2118 4634 2305 4679 noster
2332 4642 2453 4695 cap.
2483 4627 2552 4682 30
2586 4634 2639 4681 ct
2673 4625 3048 4695 sequentibus.

2187 4695 2300 4765 (66)
2343 4693 2436 4750 Sic
2465 4712 2528 4751 ex
2569 4710 2673 4749 ms.
2725 4693 2782 4749 In
2821 4694 2984 4750 editis
3014 4694 3129 4749 haec
3163 4701 3422 4764 corrupta
3456 4707 3522 4748 ac
3557 4707 3677 4746 mu-

2114 4765 2207 4818 tila
2246 4765 2531 4820 habentur.

2343 4835 2582 4958 8P|i£inus
2641 4833 2895 4889 Venetias
2950 4833 3244 4890 obsidione
3313 4834 3488 4904 cingit
3539 4845 3686 4886 anno

2113 4905 2315 4959 Christi
2343 4905 2467 4960 810.

2185 4975 2298 5042 (68)
2353 4974 2533 5046 Locus
2599 4973 2688 5046 hic
2744 4973 2928 5046 quia
2973 4971 3438 5046 Porphyrogeuito
3489 4970 3683 5026 Aibola

2117 5041 2446 5115 appellatur,
2464 5041 2724 5115 Dandqu
2753 5042 2964 5115 Albiola
2991 5041 3216 5115 dicitur.

2185 5113 2298 5181 (69)
2339 5114 2514 5185 Sicin
2554 5127 2656 5185 ms.
2691 5112 2752 5185 In
2789 5111 2948 5185 editis
2991 5112 3190 5185 legitur
3217 5114 3352 5185 πρὸς
3384 5112 3684 5185 τὴν-νῆσον

2115 5185 2212 5237 τοῦ
2260 5183 2585 5254 Δαμαύκου.Δ
2621 5184 2688 5236 At
2725 5181 3002 5254 Dandulus
3049 5181 3226 5238 locum
3262 5181 3683 5239 'huncMathe-

2115 5251 2669 5323 mancum__appellat,
2733 5261 2791 5305 ut
2835 5251 3018 5323 videre
3065 5263 3147 5306 cst
3201 5269 3264 5307 ex
3312 5254 3401 5316 iis.
3451 5270 3571 5322 qua:
3607 5254 3676 5308 de

2117 5324 2328 5394 origine
2381 5321 2732 5378 Venetiarum
2791 5321 2953 5394 paulo
3009 5323 3263 5394 superius
3319 5339 3386 5378 ex
3423 5323 3680 5394 fDanduli

2118 5391 2392 5463 Chronico
2439 5409 2541 5447 ms.
2575 5391 2994 5463 proposuim_us_._
3017 5392 3355 5463 Κερατὰρια,
3399 5393 3678 5457 Anteumr,

2114 5462 2320 5534 Graecis
2371 5460 2611 5534 κέρατα,
2648 5469 2706 5514 ιιι
2757 5460 3327 5534 apttdAilesyehiut’n;
3359 5472 3413 5516 et
3457 5465 3680 5534 κεραία,

2115 5533 2326 5588 scilicet
2358 5529 2480 5602 1:6
2511 5531 2697 5584 ἐπάνω
2759 5529 2874 5602 eos,
2907 5529 3080 5602 ίστοῖί
3111 5531 3392 5602 δεδεμένον
3448 5529 3680 5602 πλάγιον

2117 5602 2294 5668 ξύλον,
2314 5596 2388 5672 οὗ
2434 5601 2726 5672 ἐξάπτεται
2758 5602 2798 5672 νὴ
2819 5600 3005 5672 όθόνη,
3041 5609 3099 5654 ιιι
3138 5596 3390 5672 θειίιιιιιιιι
3428 5596 3678 5672 Scholia-

2116 5685 2255 5732 stem
2285 5670 2506 5731 ilomcri
2539 5671 2694 5730 Iliad.
2728 5669 2796 5727 Σ.’
2818 5669 2952 5729 Vide
2982 5671 3243 5743 Ducangii
3285 5669 3466 5729 Gloss.
3493 5671 3675 5728 Gram.
