4046 6208
345 297 451 359 ﬂii)

347 404 514 461 αὑτοῦ

352 495 565 559 τοξείας
597 490 693 543 καὶ
745 485 1042 557 ριπταρξων
1094 482 1206 551 (70)
1258 481 1581 549 ἐπολέμουν,
1622 483 1697 551 μὴ
1730 480 1927 542 ἐῶντες

357 585 557 646 αὐτοὺς
592 580 730 652 προς
773 579 871 646 τὴν
904 577 1062 645 νῆσον
1096 572 1447 641 διαπερᾶσαι.
1482 572 1793 641 Ἀπορήσας
1832 567 1926 623 οὖν

356 680 385 728 ὁ
410 674 512 743 ρἢ
540 672 761 730 Πιπῖνος
806 661 925 718 εἶπε
977 662 1111 733 πρὸς
1140 664 1265 724 τοὺς
1305 662 1641 726 Βενετίκους,
1669 664 1751 715 ὅτι
1792 661 1928 713 Ὑπὸ

361 770 462 833 τὴν
496 762 632 832 ἐμὴν
686 760 835 827 χεῖρα
896 754 991 809 καὶ
1024 754 1284 825 πρόνοιαν
1333 752 1565 821 γίνεσθε,
1598 753 1785 823 ἐπειδὴ
1820 753 1928 805 ἀπὸ

364 859 463 926 τῆς
497 854 633 924 ἐμῆς
655 850 833 921 χώρας
871 847 964 901 καὶ
1006 846 1254 912 ἔξουσίας
1280 845 1423 901 ἐστέ.
1453 846 1514 899 Οἱ
1545 845 1601 898 δὲ
1655 845 1928 898 Βενέτικοι

372 946 645 1007 ἀντέλεγον
678 940 845 1009 αὐτῷ,
873 940 957 992 ὅτι
992 938 1185 1007 Ἡμεῖς
1210 937 1387 990 δοῦλοι
1417 936 1641 1006 θέλομεν
1669 930 1807 989 εἶναι
1834 935 1927 989 τοῦ

372 1037 624 1108 βασιλέως
672 1031 983 1102 Ῥωμαίων,
1041 1031 1136 1083 καὶ
1180 1029 1302 1099 οὐχὶ
1352 1029 1467 1082 σοῦ.
1507 1030 1627 1083 Ἐπὶ
1682 1027 1817 1081 πολὺ
1870 1028 1927 1081 δὲ

369 1133 671 1204 βιασθέντες
701 1128 1038 1182 οῐΒενέτικοι
1065 1124 1174 1196 (71)
1199 1125 1306 1179 ἀπὸ
1335 1124 1433 1194 τῆς
1461 1124 1744 1193 γεγονυίας
1764 1123 1927 1193 ὀχλή-

364 1243 496 1287 σεως
542 1224 683 1293 πρὸς
729 1221 949 1285 αὐτοὺς,
998 1220 1323 1288 ἐποιήσαντο
1371 1217 1654 1287 εἰρηνικὰς
1695 1216 1927 1280 σπονδὰς

360 1318 495 1387 πρὸς
526 1317 618 1369 τὸν
649 1314 790 1386 ρῆγα
838 1315 1083 1376 Πιπῐνον,
1113 1311 1205 1364 τοῦ
1248 1311 1506 1380 παρέχειν
1532 1308 1679 1377 αὐτῷ
1703 1309 1929 1363 πλεῖστα

362 1407 563 1462 adma.
599 1406 832 1458 Ἐκτοτε
886 1404 943 1455 δὲ
987 1402 1110 1455 καθ’
1141 1401 1371 1453 ἕκαστον
1424 1398 1613 1468 χρόνον
1655 1399 1931 1467 ἠλάττωτο

360 1499 420 1549 τὸ
442 1498 671 1559 πάκτον,
705 1496 844 1562 ὅπερ
864 1492 960 1544 καὶ
985 1492 1147 1560 μέχρι
1174 1489 1272 1554 τῆς
1318 1489 1555 1556 σήμερον
1585 1486 1930 1550 διασώζεται.

360 1587 590 1640 Τελοῦσι
617 1584 724 1651 γὰρ
786 1583 835 1632 οἱ
893 1580 1167 1631 Βενέτικοι
1198 1575 1276 1645 τῷ
1310 1575 1593 1644 κατέχοντι
1616 1574 1676 1627 τὸ
1700 1574 1933 1644 ρηγάτον

376 1673 757 1743 Ἰταλιας,ητοι
780 1672 1015 1733 Παπίας,
1034 1668 1250 1738 δισάρια
1269 1668 1458 1737 ἁσίμιν
1476 1667 1665 1737 λίτρας
1685 1665 1773 1729 λς’
1794 1664 1931 1735 (72),

366 1766 489 1819 καθ’
534 1763 765 1817 ἕκαστον
797 1760 1003 1832 χρόνον.
1030 1759 1139 1813 Καὶ
1163 1757 1336 1825 τούτῳ
1382 1758 1461 1827 τῷ
1483 1759 1670 1828 τρόπῳ
1696 1758 1933 1810 ἔπαυσεν

362 1859 393 1909 ὁ
420 1853 623 1925 μεταξὺ
652 1852 918 1923 Φράγγων
966 1851 1059 1905 καὶ
1110 1850 1408 1903 Βενετίκων
1441 1848 1698 1919 πόλεμος.
1725 1848 1852 1901 Ὅτε
1881 1847 1937 1899 δὲ

364 1946 570 2015 ἤρξατο
624 1944 961 2013 ἀποφεύγειν
999 1943 1028 1995 ὁ
1060 1942 1189 2004 λαὸς
1218 1941 1352 2010 πρὸς
1383 1941 1635 1993 Βενετίαν
1665 1940 1759 1993 καὶ
1801 1940 1935 1993 ἀπο-

372 2035 721 2103 συνάγεσθαι,
782 2032 923 2085 ὥστε
978 2030 1205 2093 πολλοὺς
1257 2029 1524 2094 γίνεσθαι,
1566 2029 1936 2097 ἀνηγόρευσαν

373 2125 583 2185 ἑαυτοῖς
637 2120 803 2174 δοῦκα
829 2120 920 2172 τὸν
953 2117 1196 2186 εὐγενείᾳ
1242 2116 1354 2168 τῶν
1387 2116 1562 2168 ἄλλων
1593 2116 1936 2184 διαφέροντα.

386 2213 656 2281 Ἐγεγόνει
686 2212 741 2264 δὲ
763 2213 791 2264 ὁ
811 2210 1024 2279 πρῶτος
1046 2207 1169 2272 δοὺξ
1195 2208 1253 2259 ὲν
1287 2207 1467 2269 αὐτοῖς
1494 2204 1605 2276 (7'5)
1656 2206 1821 2275 πρινὴ
1848 2207 1938 2259 ἐλ-

367 2306 483 2356 θεῖν
512 2307 631 2356 κατ’
658 2303 838 2357 αὐτῶν
867 2306 895 2355 ὀ
914 2302 1013 2372 et]:
1034 2302 1273 2359 ΙΙιπίνος.
1295 2294 1404 2352 Ἦν
1431 2299 1487 2352 δὲ
1510 2299 1587 2368 τῷ
1610 2300 1731 2352 τότε
1762 2300 1935 2371 καιρῴ

366 2396 429 2447 τὺ
456 2397 713 2449 δονκᾶτον
742 2395 824 2457 εἰς
860 2393 1025 2447 τόπον
1052 2392 1344 2461 λεγόμενον
1370 2390 1596 2454 Τςισιτά
1630 2390 1761 2444 νόόα
1797 2392 1931 2462 (74),

1387 278 1483 339 DE
1510 274 1926 339 ADMlNlSTR
1952 274 2137 334 ΚΝῡο
2176 270 2515 331 lMPERIO.

563 404 622 456 ὲν
670 398 750 468 τῷ
797 391 1046 463 αἰγιαλῷ.
1098 390 1206 444 Καὶ
1257 390 1307 441 ol
1350 389 1447 457 μὲν
1488 388 1760 439 Βενέτικοι
1791 387 1928 455 μετᾶ

2043 382 2239 436 ditione
2303 380 2409 432 huc
2463 374 2712 431 venistis.
2744 375 2812 428 At
2864 374 2941 428 illi
2998 374 3393 444 responderunt
3438 375 3596 429 :llo-

3492 264 3596 326 216

2033 485 2320 523 ntauorum
2368 466 2688 537 imperatori
2734 466 2963 519 subesse
2994 466 3269 527 volumus,
3318 484 3425 519 non
3474 465 3593 518 tibi.

2031 560 2273 614 Tandem
2301 573 2430 611 vero
2466 557 2679 611 crebris
2729 556 2994 610 molestiis
3028 554 3234 624 fatigati
3269 555 3454 609 Veneti
3494 574 3590 625 pa-

2029 670 2148 708 cem
2202 666 2326 706 cum
2388 648 2583 718 Pipino
2644 663 2771 716 rege
2834 646 2915 699 vel
2974 646 3130 698 inviti
3194 646 3477 712 fecerunt,
3544 657 3597 701 et

2032 742 2238 796 tributa
2272 739 2505 807 plurima
2535 738 2929 807 promiserunt.
2961 734 3038 788 Ex
3078 736 3170 789 illo
3200 753 3326 789 vero
3358 746 3599 805 tt‘tttpmc

2030 830 2266 901 singulis
2343 828 2507 883 annis
2572 828 2846 881 minutum
2917 826 3021 879 luit
3092 826 3397 887 tributinn,
3455 832 3598 894 quod

2029 922 2194 977 etiam
2237 920 2403 975 hodie
2447 918 2691 973 obtinet:
2748 918 2969 972 solvunt
3020 917 3164 970 enim
3224 915 3428 971 Vetteti-
3461 934 3603 985 quu-

2032 1012 2219 1066 tannis
2254 1009 2423 1064 Italia:
2473 1010 2589 1063 sive
2637 1007 2819 1077 Papiae
2862 1023 3089 1077 regnum
3143 1010 3348 1061 tenenti
3392 1007 3601 1060 divaria

2029 1102 2243 1173 argenti
2275 1118 2385 1156 non
2438 1100 2639 1171 signati
2671 1100 2841 1155 libras
2870 1098 3092 1169 triginta
3128 1114 3243 1153 sex.
3288 1099 3466 1167 Atque
3502 1097 3604 1150 hoc

2033 1194 2198 1249 modo
2249 1193 2453 1248 bellum
2499 1192 2643 1245 inter
2692 1190 2934 1245 Francos
2977 1198 3030 1245 et
3067 1188 3301 1244 Venetos
3345 1187 3601 1241 cessavit.

2030 1287 2169 1342 Cum
2230 1300 2361 1340 vero
2423 1284 2612 1355 fugere
2684 1281 2940 1337 Venetias
3003 1281 3238 1352 populus
3301 1279 3605 1347 coepisset,

2032 1378 2221 1447 ibique
2248 1376 2596 1447 congregari,
2629 1375 2766 1430 adeo
2799 1385 2855 1429 ut
2880 1376 3074 1445 ingens
3100 1380 3247 1429 esset
3284 1371 3600 1432 multitudo,

2035 1488 2231 1541 ducem
2270 1489 2377 1542 sibi
2426 1496 2689 1542 crearunt
2715 1490 2808 1557 qui
2846 1488 3135 1542 nobilitate
3175 1495 3404 1541 caeteros
3446 1490 3604 1537 ante-

2036 1577 2299 1643 celleret;
2364 1578 2653 1646 factusque
2700 1578 2813 1646 jam
2879 1578 2982 1631 fuit
3040 1579 3253 1646 primus
3302 1579 3408 1631 dux
3460 1575 3604 1628 inter

2042 1670 2194 1738 ipsos
2218 1675 2512 1737 antequam
2544 1678 2735 1721 contra
2774 1681 2878 1720 eos
2923 1682 3071 1721 arma
3108 1678 3343 1721 sumeret
3371 1668 3482 1736 86
3510 1681 3605 1719 rex

1969 1774 2009 1832 ιι
2041 1762 2290 1831 Pipinus.
2342 1759 2471 1813 Erat
2514 1768 2647 1814 tunc
2695 1758 2957 1828 temporis
3004 1758 3239 1811 Ducatus
3279 1759 3332 1810 in
3367 1758 3486 1810 loco
3513 1758 3609 1825 qui

2035 1852 2324 1907 dicebatur
2353 1852 2529 1907 Civita
2559 1868 2715 1917 nova,
2742 1849 2889 1920 quod
2923 1850 3375 1919 interpretantur,
3403 1847 3608 1903 Civitas

2037 1960 2199 2000 nova.
2231 1943 2365 1999 Cum
2399 1951 2582 1997 autem
2621 1942 2880 2011 prtedicta
2926 1942 3105 1995 insula
3147 1940 3608 2009 proxima-conti-

2038 2035 2188 2089 nenti
2241 2042 2422 2097 esset,
2480 2033 2549 2087 de
2598 2034 2878 2087 communi
2931 2031 3169 2086 consilio
3232 2029 3500 2083 Ducatum
3554 2029 3611 2082 in

2039 2125 2202 2178 aliam
2243 2126 2476 2180 insulam
2513 2128 2932 2189 transtulerunt,
2995 2124 3086 2178 ubi
3143 2124 3444 2178 etiamnum
3487 2128 3608 2183 est;

2041 2221 2329 2282 propterea
2384 2214 2528 2283 quod
2589 2224 2695 2269 tam
2761 2215 2921 2285 longe
2975 2230 3003 2268 a
3044 2215 3363 2269 continente
3417 2212 3608 2270 distet.

2045 2318 2210 2373 quam
2282 2306 2405 2375 quis
2474 2306 2747 2360 hominem
2816 2322 2955 2375 equo
3025 2306 3351 2360 insidentem
3425 2304 3611 2357 videro

2042 2399 2235 2465 possit.

364 2489 503 2559 ὅπερ
535 2487 895 2559 ἑρμηνεύεται
944 2487 1347 2553 Νεόκαστρον.
1391 2482 1490 2536 Διὰ
1520 2483 1575 2536 δὲ
1603 2484 1661 2535 τδ
1689 2480 1828 2538 alvu
1852 2486 1912 2539 τὸ
1945 2492 2347 2560 προειρημένον
2380 2494 2566 2563 νησίον
2604 2495 2717 2563 (75)
2751 2492 2980 2562 πλησίον
3022 2490 3120 2560 τῆς
3191 2490 3383 2560 ξηρᾶς,
3456 2490 3610 2554 κοινῇ

1513 2598 1810 2653 ANSELMI
1845 2601 2174 2660 BANDURII
2212 2606 2435 2663 NOTAE.

444 2699 558 2782 (7Q)
585 2698 957 2782 λζίπτάριον,
1012 2696 1216 2751 Missile
1276 2694 1569 2764 Spiculum.
1616 2692 1765 2782 ΒΥἰιιο
1822 2695 1931 2751 Du-

370 2768 549 2837 caligii
582 2768 763 2824 Gloss.
792 2768 970 2824 Graec.
1094 2835 1109 2837 Α
1200 2836 1203 2837 ν
1520 2836 1555 2837 Π
1616 2770 1643 2789 ⁵

444 2835 555 2907 (71)
594 2838 668 2891 De
712 2838 836 2892 belli
886 2838 1049 2906 hujus
1093 2835 1269 2905 Pipini
1326 2852 1452 2890 cum
1518 2836 1740 2893 Venetis
1782 2838 1930 2894 exitu

372 2906 506 2965 varii
540 2906 693 2963 varia
724 2908 1098 2978 prodiderunt,
1130 2915 1184 2961 et
1231 2906 1527 2978 praesertim
1575 2907 1759 2962 Veneti
1793 2910 1931 2961 scri-

374 2992 559 3050 plores
590 2998 603 3033 :
630 2974 994 3050 sed'utualjos
1029 2974 1243 3050 missos
1273 2974 1487 3050 iaciam,
1535 2979 1698 3050 unius
1725 2994 1788 3031 ex
1824 2978 1931 3050 illis

374 3045 603 3104 Andreae
629 3046 856 3101 Danduli
876 3045 1224 3101 Venetiarum
1256 3045 1410 3100 ducis
1434 3046 1535 3101 hac
1562 3048 1627 3101 de
1657 3062 1714 3102 re
1744 3046 1926 3110 verba,

376 3118 611 3172 anaxime
648 3133 772 3171 cum
812 3116 932 3183 ejus
959 3116 1261 3170 chronicon
1300 3130 1408 3169 non
1433 3115 1503 3168 sit
1528 3117 1755 3175 editum,
1798 3104 1928 3169 libet
1956 3104 1997 3161 C

376 3188 467 3243 hic
519 3188 785 3254 proferre.
823 3187 914 3241 Sic
947 3187 1113 3253 igitur
1158 3185 1247 3239 ille
1283 3202 1295 3238 :
1344 3186 1492 3254 A_nno
1534 3184 1752 3240 Domini
1809 3185 1937 3249 800.

377 3251 561 3310 Caroli
601 3273 722 3310 vero
761 3272 881 3319 vin,
924 3251 1148 3323 Pipinus
1225 3269 1318 3307 rex
1360 3251 1542 3308 Italia:
1570 3256 1733 3322 jussu
1771 3256 1939 3321 patris

377 3337 531 3397 rupto
548 3326 740 3394 [cedere
754 3326 1122 3379 cum'exercittt
1140 3324 1207 3378 ad
1237 3323 1465 3397 Venetia:
1476 3327 1796 3397 provinciam
1818 3325 1941 3377 sub-

374 3394 665 3466 iugandam
695 3412 786 3463 per
814 3397 996 3449 littora
1026 3397 1181 3458 venit,
1204 3394 1293 3463 qui
1312 3410 1444 3466 cum
1454 3406 1636 3466 portas
1651 3395 1938 3448 dividentes

379 3464 616 3520 littorum
652 3466 856 3520 insulas
886 3482 1002 3518 cum
1036 3466 1337 3518 resistentia
1360 3464 1670 3532 difﬁcillima
1694 3476 1939 3533 pertran-

377 3538 575 3599 siisset,
612 3536 806 3605 fugatis
848 3533 1321 3605 Brundulensibus,
1355 3533 1719 3598 Clugensibus,
1754 3546 1802 3588 et
1832 3534 1937 3587 Pa-

376 3604 775 3660 lestrinenstbus
813 3608 881 3657 ad
906 3606 1077 3658 locum
1102 3604 1381 3672 quemdam
1418 3605 1508 3670 qui
1547 3606 1759 3659 Albiola
1794 3621 1940 3667 voca;

380 3688 467 3729 tur
496 3678 547 3729 in
578 3679 694 3743 ripa
730 3674 783 3727 Μ
791 3675 1207 3728 athemauceusis
1237 3681 1421 3741 portus
1446 3675 1654 3727 tandem
1683 3676 1934 3741 pert-cuit,

376 3756 427 3799 et
463 3746 609 3798 nulla
637 3747 841 3797 ratione
872 3744 1193 3808 pra'tendere
1247 3744 1300 3795 in
1329 3752 1688 3811 antegressum
1721 3744 1886 3797 valuit
1919 3758 1937 3795 :

375 3826 573 3883 putans
616 3826 787 3867 tamen
812 3813 1051 3883 ⁸Υειιιιιοε
1092 3811 1231 3883 brevi
1278 3825 1506 3883 tempore
1561 3813 1719 3879 fontis
1765 3812 1940 3863 inedia

376 3880 533 3951 posse
570 3898 764 3936 arcere.
812 3880 990 3933 Veneti
1030 3896 1148 3933 vero
1195 3880 1289 3951 hoc
1316 3881 1611 3951 audientes,
1653 3896 1849 3951 panum
1893 3891 1941 3932 et

378 3949 709 4021 paxiniatum
729 3950 1065 4003 multitudine
1095 3949 1349 4021 machinis
1380 3949 1609 4021 proiecta
1658 3949 1943 4021 e.t_'ercitum

379 4017 673 4083 verberant,
730 4037 791 4074 ne
839 4021 997 4088 [mnis
1054 4019 1295 4085 opinione
1335 4018 1548 4088 omnino
1596 4017 1938 4088 ercludntur.

382 4090 717 4144 Francorum
749 4086 870 4142 tunc
896 4088 1328 4142 recalescentibns
1353 4086 1573 4148 viribus,
1610 4086 1791 4139 Veneti
1823 4086 1942 4138 Ma-

384 4162 657 4213 themauco
695 4160 823 4212 urbe
860 4160 1046 4211 relicta
1090 4159 1143 4210 in
1197 4156 1437 4209 Rivualto
1475 4165 1760 4218 renerunt;
1812 4173 1942 4224 quos

381 4248 500 4283 cum
533 4229 761 4300 qualiter
793 4230 1061 4300 remittere
1093 4238 1266 4300 posset
1295 4242 1384 4279 rea:
1416 4224 1639 4300 Pipinus
1675 4227 1944 4300 subtiliter

383 4296 681 4368 indagaret.
713 4299 989 4366 cuiusdam
1024 4299 1205 4351 vetula:
1229 4307 1423 4350 astuta!
1460 4296 1669 4368 {unctus
1698 4297 1937 4368 consilio,

384 4366 593 4436 pontem
624 4386 685 4422 ex
719 4370 1113 4439 lignaminibus,
1145 4368 1375 4420 vasculis
1414 4376 1461 4419 et
1489 4366 1782 4439 viminibus
1809 4382 1935 4417 con-

2042 2700 2217 2771 reltat,
2260 2718 2399 2756 unus
2429 2718 2493 2757 ex
2528 2703 2717 2771 primis
2745 2716 2927 2755 rerum
2964 2698 3291 2771 Venietarum
3322 2695 3610 2771 scriptorie

2041 2770 2163 2831 bus.
2192 2773 2272 2823 vir
2312 2767 2594 2836 probus-et
2635 2772 2831 2826 litteris
2865 2778 2919 2823 et
2949 2770 3116 2823 armis
3143 2767 3497 2835 conspicuus.
3530 2770 3610 2821 uti

2036 2847 2270 2894 testatur
2299 2842 2628 2898 Franciseus
2656 2840 2971 2903 Petrarclia,
3008 2839 3098 2907 qui
3139 2838 3329 2891 eotlem
3362 2852 3477 2891 :evo
3508 2836 3613 2890 llo-

2043 2910 2220 2969 rebat,
2267 2912 2319 2964 in
2353 2912 2471 2966 suis
2527 2912 2795 2981 epistolis.
2833 2908 3170 2981 eumheditis,
3210 2915 3324 2960 tum
3364 2907 3608 2963 iucditis.

2039 2992 2159 3044 quae
2184 2980 2235 3031 in
2255 2979 2579 3037 bibliotheca
2603 2980 2765 3050 llegia
2788 2989 2841 3033 et
2870 2979 3185 3050 Colbertina
3209 2985 3564 3050 asservantnr
3593 2996 3607 3037 ;

2040 3061 2102 3100 ex
2136 3050 2333 3116 quibus
2360 3066 2492 3103 sane
2521 3046 2705 3118 quam'
2725 3051 2995 3119 plurimas
3019 3047 3193 3102 eidem
3232 3047 3479 3101 Dandulo
3512 3046 3614 3101 Pe-

2031 3120 2244 3172 trarclia
2274 3121 2694 3188 conseripserat.

2117 3190 2225 3255 (72)
2260 3186 2538 3243 Meursius
2574 3206 2670 3253 pro
2702 3189 2941 3256 διϐάρια,
2968 3188 3151 3255 διάρια
3176 3186 3323 3254 legit,
3357 3188 3500 3251 quod
3524 3188 3614 3239 iis

2046 3259 2293 3378 probem,
2340 3259 2516 3327 inquit
2570 3258 2885 3328 Ducangius
2933 3258 2983 3308 in
3026 3258 3205 3309 Gloss.
3249 3257 3431 3321 Neque
3465 3257 3610 3308 enim

2093 3328 2260 3378 eneti.
2301 3329 2410 3378 ι’ρεί
2467 3328 2635 3378 Italia:
2677 3329 2745 3378 56
2788 3327 2995 3378 πρωιιί
3030 3327 3201 3378 libras
3244 3324 3296 3377 in
3327 3325 3497 3377 diaria
3532 3340 3610 3377 rc-

2093 3328 2260 3387 eneti,
2301 3324 2431 3396 regi'
2467 3328 2635 3382 Italia:
2677 3329 2745 3382 56
2766 3324 2995 3394 ἰιι-πωιί
3030 3327 3201 3396 libras
3244 3324 3296 3396 in
3327 3325 3497 3377 diaria
3532 3340 3615 3377 rc-

2042 3412 2167 3465 gmn
2222 3394 2529 3465 peusitasse
2582 3398 2880 3452 verisimile
2925 3414 2936 3449 :
2976 3395 3190 3450 tametsi
3249 3394 3423 3447 fateor
3480 3396 3611 3462 quid

2043 3464 2156 3538 {nec
2188 3464 2285 3520 vos
2338 3478 2496 3523 sonet
2530 3484 2612 3523 me
2656 3470 2874 3538 penitus
2901 3467 3175 3533 ignorare.
3224 3464 3330 3538 Sic;
3363 3466 3615 3538 laudatus

2043 3535 2371 3605 Ducattgius.
2418 3541 2485 3590 At
2518 3535 2767 3592 fortassis
2823 3540 3095 3603 quispiam
3147 3536 3358 3606 putabit
3400 3536 3486 3589 hic
3518 3552 3617 3605 pro

2041 3607 2255 3661 tlibaria
2281 3609 2564 3676 legendum
2588 3627 2713 3663 esse
2744 3609 2967 3661 divalia.

2113 3674 2708 3746 (73)7lleviustitutnme
2733 3677 2890 3746 primi
2938 3677 3094 3731 ducis
3124 3674 3474 3730 Venetiarum
3538 3678 3617 3729 sic.

2044 3745 2207 3798 habet
2235 3745 2558 3800 Dandulusa
2591 3749 2748 3800 nobis
2782 3763 2945 3813 supra
2970 3747 3221 3799 laudatus
3255 3747 3305 3798 in
3324 3764 3424 3800 suo
3445 3747 3618 3799 Chro-

2047 3815 2171 3865 nico
2207 3829 2311 3865 ms.
2344 3832 2358 3865 :
2388 3817 2537 3865 Anno
2570 3814 2789 3866 Domini
2816 3816 2941 3876 697,
2978 3816 3103 3865 dum
3138 3815 3278 3879 apud
3319 3816 3613 3867 insularem

2058 3880 2327 3931 Venetiam
2352 3884 2584 3948 gentium
2612 3882 2896 3933 multitudo
2923 3884 3137 3948 copiosa
3170 3887 3221 3933 in
3249 3883 3358 3933 vico
3385 3882 3620 3947 quolibet

2047 3948 2334 4009 habitaret,
2357 3947 2590 4012 tribuni,
2616 3959 2662 4001 et
2688 3964 2866 4001 omnes
2897 3962 3161 4013 proceres,
3202 3958 3249 3999 et
3286 3951 3473 4013 plebeii
3500 3967 3618 4003 cum

2048 4016 2383 4086 patriarcha,
2420 4026 2469 4069 et
2502 4019 2750 4070 universo
2782 4018 2920 4069 clero
2952 4018 3005 4068 in
3046 4016 3296 4069 Heraclia
3336 4018 3620 4073 hisxliebns

2049 4087 2252 4156 pariter
2276 4098 2650 4151 convenerunt,
2681 4098 2735 4139 ut
2765 4086 3153 4140 imminentibus
3179 4088 3387 4139 damnis
3412 4098 3458 4139 et
3481 4092 3617 4155 peri-

2048 4157 2183 4211 culis
2230 4157 2517 4221 obviarenl,
2555 4168 2601 4210 et
2638 4174 2749 4211 suto
2797 4158 3079 4223 provincia:
3121 4158 3285 4209 statui
3332 4159 3388 4209 in
3436 4159 3621 4211 melius

2048 4226 2401 4297 truciderent,
2436 4236 2483 4279 et
2515 4236 2787 4297 augerent.
2826 4227 2957 4279 Cum
2985 4228 3148 4297 igitur
3173 4226 3374 4279 tribuni
3410 4228 3553 4278 insul
3575 4252 3619 4277 ι-

2050 4313 2167 4349 rum
2194 4296 2547 4363 discrepantes
2591 4295 2724 4355 sibi.
2765 4297 2833 4349 ad
2863 4298 3080 4349 invicem
3115 4295 3320 4363 deferre
3353 4314 3454 4350 nutt
3512 4299 3620 4350 rel-

2051 4369 2178 4430 lunt,
2211 4366 2543 4437 Langobardi
2598 4370 2791 4436 absque
2841 4368 3139 4420 resisteaia
3169 4383 3348 4420 eorum
3379 4368 3509 4435 lines
3537 4370 3621 4420 iu-

385 4441 533 4493 nexis
596 4436 978 4505 super'aridas
1032 4454 1196 4505 aquas
1260 4437 1497 4488 construi
1531 4437 1696 4506 fecit,
1742 4446 1933 4503 putans
1972 4436 2013 4488 D
2045 4436 2335 4490 raserunt:
2372 4454 2476 4506 qua
2504 4436 2647 4491 dere
2675 4438 2996 4490 unanimiter
3044 4438 3145 4490 sibi
3172 4437 3349 4489 durem
3400 4452 3621 4499 pra'esse

386 4512 581 4578 absque
604 4510 873 4561 obstaculo
913 4506 1203 4559 Rivoaltum
1238 4508 1478 4558 introire.
1518 4505 1733 4578 Statum
1762 4509 1937 4578 itaque

386 4574 517 4631 hora
561 4579 757 4647 equites
804 4594 920 4629 cum
968 4578 1165 4642 fiducia
1205 4587 1413 4641 pontem
1449 4576 1756 4647 ascendunt.
1802 4574 1945 4626 Tunc

399 4650 573 4701 Veneti
595 4645 749 4714 hujus
776 4648 983 4699 consilii
1016 4662 1105 4699 nec
1125 4646 1315 4713 ignari,
1336 4660 1449 4695 cum
1472 4645 1649 4696 multis
1670 4661 1943 4713 pra’para-

386 4721 455 4773 tis
478 4719 695 4786 navigiis
722 4717 1042 4769 clandestine
1070 4715 1271 4786 obviam
1289 4714 1525 4767 exierunt
1558 4731 1608 4765 in
1627 4724 1945 4786 nugamento

389 4784 671 4856 aquarum,
698 4787 1012 4839 insultantes
1042 4801 1148 4856 eos,
1170 4785 1233 4836 de
1267 4786 1475 4856 quibus,
1504 4799 1567 4835 ex
1592 4784 1948 4856 dissolutione

388 4853 742 4927 lignaminum
784 4856 1069 4908 submersis
1108 4854 1216 4922 fere
1244 4855 1484 4927 omnibus
1516 4853 1602 4920 qui
1633 4862 1841 4927 innatent
1864 4868 1950 4903 as-

390 4921 693 4986 cEnderunt,
730 4927 1002 4978 victoriam
1034 4934 1267 4991 optatam
1294 4926 1603 4975 habuerant.
1642 4921 1751 4972 Rex
1775 4933 1949 4973 autem

389 5006 756 5050 consternatus
803 4997 978 5048 videns
1008 4996 1196 5047 amodo
1224 4995 1480 5045 intentum
1514 5006 1665 5042 suum
1698 4991 1951 5055 complere

389 5083 494 5120 non
532 5081 705 5133 posse,
742 5066 1044 5131 atljaceutia
1084 5080 1198 5129 qua:
1249 5063 1418 5131 potuit
1455 5060 1569 5133 loca
1610 5062 1855 5133 vastavit,
1900 5073 1951 5113 et

390 5131 550 5201 usque
584 5134 651 5188 ad
683 5136 957 5187 ecclesiam
986 5134 1042 5188 S.
1081 5133 1357 5186 Michaelis
1388 5131 1564 5183 omnia
1600 5131 1951 5201 comburendo

387 5199 642 5274 pervenit,
693 5216 739 5257 et
773 5217 824 5256 ut
872 5206 1084 5274 quidam
1119 5205 1381 5262 scribant,
1406 5202 1731 5274 provinciam
1760 5199 1951 5274 lVichi-

386 5270 550 5343 γηρονο
608 5270 1199 5341 Constantinopoli'ano
1239 5271 1547 5343 imperatori
1587 5271 1749 5343 juxta
1782 5270 1951 5337 [trdus

389 5341 589 5398 censuit
616 5346 1031 5413 relinquendam,
1067 5354 1114 5395 et
1146 5360 1247 5395 non
1276 5342 1438 5413 nutlto
1471 5351 1586 5408 post
1606 5341 1955 5413 APipinusrex

393 5415 685 5468 Mediolani
728 5410 950 5468 moritur
988 5429 1007 5467 :
1043 5413 1272 5467 Fallitur
1312 5412 1493 5478 itaque
1512 5410 1953 5479 scriptoriodoe-

393 5494 482 5539 tus
512 5486 700 5546 libelli,
730 5486 817 5538 cui
850 5485 1041 5539 titulus
1078 5482 1511 5553 Squitinioidclla
1540 5480 1753 5534 Liberta
1793 5479 1958 5533 Vene-

392 5565 469 5617 ta,
498 5554 625 5607 dum
644 5556 737 5614 ait.
759 5557 1090 5609 recentiores
1119 5551 1298 5607 rerum
1352 5551 1677 5606 Venetarum
1726 5554 1955 5618 scripto-

391 5640 481 5678 res
503 5634 735 5695 tantum,
760 5626 882 5678 belli
902 5626 1045 5695 quod
1069 5635 1257 5679 contra
1279 5624 1506 5676 Venetos
1530 5622 1751 5691 Pipinus
1769 5624 1955 5689 gessit,

394 5712 420 5745 at
478 5704 631 5761 parte
695 5694 1021 5749 Venetorum
1086 5696 1302 5749 stetisse
1340 5694 1619 5747 victoriam
1660 5707 1902 5747 asserere
1943 5710 1954 5753 ;

393 5767 596 5836 quippe
614 5765 858 5823 Andreas
882 5765 1160 5823 Daudulus
1183 5774 1376 5837 quarto
1409 5763 1441 5816 d
1466 5765 1616 5819 cium
1649 5761 1847 5820 saeulo
1872 5761 1966 5815 llo-

2047 4511 2403 4570 dccreverunt,
2434 4507 2520 4575 qui
2547 4522 2692 4575 teque
2726 4507 3080 4559 moderamine
3109 4506 3356 4575 populum
3375 4506 3472 4559 sibi
3500 4509 3623 4559 sub-

2048 4578 2217 4628 ditum
2270 4579 2606 4644 gubernaret,
2647 4585 2696 4629 et
2729 4578 2828 4629 aint
2882 4587 3038 4645 atque
3062 4587 3372 4645 potestatem
3407 4578 3619 4632 haberet

2050 4648 2102 4697 in
2141 4645 2366 4711 publicis
2390 4647 2566 4699 causis
2620 4649 2913 4713 generalem
2951 4648 3253 4700 concionem
3283 4647 3620 4711 advocandi;

2050 4716 2291 4768 tribunos
2319 4716 2476 4768 etiam
2505 4724 2557 4768 el
2588 4715 2789 4777 iudices
2816 4717 3195 4781 constituendi.
3237 4720 3323 4785 qui
3348 4720 3400 4769 in
3445 4721 3620 4784 priva-

2052 4789 2117 4836 tis
2134 4786 2332 4847 causis,
2350 4786 2576 4851 exceptis
2602 4801 2739 4838 mere
2759 4786 3147 4851 spiritualibus,
3174 4798 3282 4840 tam
3298 4790 3446 4839 laicis
3466 4806 3621 4854 quam

2052 4854 2256 4907 clericis
2298 4858 2574 4922 wqualiter
2623 4854 2752 4921 jura
2787 4858 3107 4918 tribuerent;
3152 4858 3227 4909 ita
3275 4868 3445 4908 tamen
3485 4864 3621 4919 quod

2050 4927 2283 4991 gravatis
2305 4926 2470 4994 liceat
2508 4925 2925 4994 quandocunquc
2941 4926 3087 4979 ducis
3118 4928 3399 4979 remedium
3434 4926 3625 4991 implo-

2056 5009 2195 5053 rare.
2227 4993 2377 5059 cujus
2399 4994 2642 5062 jussione
2666 4993 2974 5047 clericorum
2994 4997 3219 5049 concilia
3258 5005 3306 5047 et
3342 4996 3623 5047 electiones

2054 5062 2397 5127 pra-latorum
2428 5081 2458 5115 a
2494 5065 2635 5115 clero
2669 5078 2715 5115 et
2744 5082 2773 5115 οι
2808 5066 3000 5131 populo
3026 5066 3245 5119 debeant
3278 5066 3545 5125 inchoare,
3572 5076 3621 5115 at

2054 5133 2202 5185 electi
2236 5134 2299 5185 ab
2332 5149 2391 5185 eo
2420 5133 2802 5203 investittonem
2834 5140 3085 5201 accipere,
3116 5144 3165 5188 et
3205 5135 3318 5203 ejus
3367 5134 3621 5186 ntandala

2056 5204 2430 5266 inthronizari,
2498 5201 2595 5254 llis
2647 5204 2931 5256 salubriter
2978 5201 3261 5265 ordinatis,
3295 5203 3494 5255 Citriin
3536 5221 3624 5254 no-

2058 5273 2194 5324 mine
2254 5274 2491 5326 inrorato
2528 5271 2840 5326 l’aulutiam
2896 5276 3053 5327 civem
3106 5273 3489 5326 lleraclcanum
3536 5290 3623 5323 δίιο

2056 5342 2255 5410 pientia
2283 5347 2561 5407 prwditnm
2585 5361 2645 5396 ac
2674 5345 2944 5397 nobilitate
2979 5346 3319 5412 conspicuum
3347 5342 3625 5412 concordi-

2061 5424 2135 5465 ter
2189 5412 2375 5466 ducem
2431 5415 2834 5477 constituerunt,
2886 5424 2933 5466 et
2981 5417 3045 5465 de
3100 5416 3347 5481 regimine
3396 5411 3621 5467 ducatus

2056 5481 2201 5550 juste
2222 5492 2269 5536 et
2304 5484 2671 5551 a'quanimiter
2709 5482 2997 5535 exercendo
3024 5484 3070 5534 ci
3095 5498 3306 5534 stu-rum
3360 5484 3622 5549 pra'stitco

2062 5562 2204 5614 runt,
2231 5563 2281 5605 et
2317 5554 2369 5605 in
2406 5554 2591 5607 throno
2618 5570 2736 5606 cum
2769 5553 3059 5619 insignibus
3094 5551 3381 5607 littcalibus
3434 5569 3623 5621 posue-

2063 5637 2153 5674 run
2165 5631 2181 5672 t
2193 5662 2205 5673 .

2132 5690 2243 5759 (74)
2274 5690 2446 5744 Civita
2483 5708 2642 5756 nova,
2673 5691 2870 5744 Civitas
2900 5689 3068 5744 Nora.

2143 5760 2255 5831 (75)
2288 5761 2378 5816 Sic
2424 5762 2481 5815 in
2529 5778 2628 5818 ms.
2678 5772 2730 5815 et
2786 5763 2859 5815 ita
2905 5763 3189 5833 legvudum
3246 5780 3365 5821 rSsc
3412 5761 3618 5821 monuit
