4046 6208
317 372 413 435 25"!

1356 368 1450 427 DE
1486 367 1730 426 ADMIN
1746 366 2126 427 ISTRANDO
2167 366 2515 427 IMPERIO.

3453 368 3565 432 258

315 484 439 541 τοὺς
495 481 719 540 λοιποὺς
780 472 1126 546 Σαρακηνοίις
1208 474 1501 528 ἀνελάϐετο
1557 475 1824 545 Λοδόηχος
1870 479 1881 527 i

2003 476 2099 529 ciae
2133 475 2466 542 Ludovicus,
2504 483 2559 531 et
2603 474 2845 544 Capuam
2901 489 2963 530 ac
3011 475 3371 532 Beneventum
3422 482 3568 550 ipsos

318 573 416 644 ῥὴξ
450 570 759 640 Φραγγίας,
791 568 883 620 καὶ
922 567 1213 635 ἀπήγαγεν
1255 566 1451 627 αὐτοὺς
1480 567 1538 619 ἐν
1564 566 1641 636 τῷ
1668 568 1893 637 κάστρῳ

317 664 573 731 Καπύης,
625 661 718 713 καὶ
754 661 811 711 ἐν
854 657 929 726 τῷ
962 657 1183 727 κάστρῳ
1223 656 1545 709 Βενεϐενδοῦ
1601 657 1747 729 (15)·
1800 659 1891 710 καὶ

317 754 495 815 οὐδεὶς
526 752 686 805 αὑτὸν
713 746 848 801 εἶδεν
881 747 1144 815 γελῶντα,
1188 743 1355 799 Είπεν
1392 748 1449 800 δέ
1494 748 1521 799 ὁ
1554 746 1673 817 ῥὴξ,
1714 748 1797 799 ὅτι
1829 749 1895 801 El

317 847 405 908 τίς
433 848 539 914 ιμοι
577 844 666 895 τὸν
711 840 964 893 Σολδανὸν
1019 839 1157 910 μετὰ
1210 838 1469 908 ἀληθείας
1519 840 1817 911 ἀναγγείλῃ
1857 840 1890 909 ἢ

323 935 573 1005 ὑποδείξῃ
610 933 864 1000 γελῶντα,
898 930 1056 983 δώσω
1081 929 1231 999 αύτῷ
1269 932 1524 999 χρήματα
1556 930 1728 983 πολλά
1796 929 1892 983 καὶ

322 1027 465 1094 μετὰ
516 1023 667 1076 τοῦτο
696 1018 800 1073 εἶδέ
844 1038 930 1083 τις
983 1020 1145 1072 αὑτὸν
1189 1018 1453 1086 γελῶντα,
1510 1018 1605 1071 καὶ
1648 1017 1726 1089 τῷ
1760 1017 1891 1087 ρηγὶ

325 1118 569 1186 Λοδοήχῳ
621 1114 981 1183 ἀπήγγειλεν.
1020 1111 1080 1163 ὐ
1131 1111 1188 1162 δὲ
1235 1111 1747 1181 προσκαλεσάμενος
1798 1110 1890 1163 τὸν

322 1207 568 1258 Σολὸανὸν
602 1205 887 1276 ἠρώτησεν
914 1203 1074 1256 αὐτὸν
1110 1204 1248 1272 ποίῳ
1293 1204 1479 1273 τρόπῳ
1506 1202 1785 1269 ἐγέλασεν.
1831 1202 1888 1255 Ὀ

312 1296 365 1348 δὲ
397 1294 583 1348 εἶπενο
623 1295 876 1363 ’Ἅμαξαν
908 1290 1065 1358 εἶδον,
1101 1295 1193 1347 καὶ
1234 1295 1360 1356 τοὺς
1403 1296 1462 1346 ἐν
1491 1295 1625 1363 αὐτῇ
1661 1296 1887 1363 τροχοὺς

309 1388 687 1457 κυλιομένους,
717 1388 814 1439 καὶ
846 1385 1037 1438 τούτου
1070 1386 1230 1455 χάριν
1259 1386 1494 1451 ἐγέλασα
1526 1384 1657 1452 (id),
1685 1385 1765 1436 ὅτι
1794 1386 1889 1438 καὶ

310 1478 422 1543 ἐγώ
457 1495 589 1530 ποτε
648 1478 859 1548 κεφαλὴ
893 1478 1063 1545 ήμην,
1116 1476 1209 1526 καὶ
1237 1474 1439 1544 ἀρτίως
1487 1474 1602 1543 είμὶ
1634 1474 1891 1525 ὑποκάτω

309 1572 552 1629 πάντων,
594 1568 688 1621 καὶ
729 1568 890 1620 πάλιν
916 1564 1139 1618 δύναται
1172 1567 1198 1617 ὁ
1239 1564 1370 1627 Θεὸς
1407 1564 1619 1633 ὑψῶσαί
1654 1581 1743 1634 με.
1782 1565 1893 1617 Καὶ

310 1658 419 1709 ἀπο
466 1658 589 1709 τότε
644 1656 1033 1727 προσεκαλεῖτο
1082 1655 1245 1708 αὑτὸν
1294 1656 1322 1706 ὁ
1352 1656 1620 1725 Λοδόηχος
1669 1655 1749 1717 εἰς
1790 1652 1891 1723 τὴν

312 1747 595 1816 τράπεζαν
625 1745 812 1811 αὑτοῦ,
848 1746 939 1798 καὶ
976 1745 1259 1817 συνήσθιεν
1303 1747 1470 1817 αὐτῷ.
1507 1747 1656 1799 υί⁹δὲ
1687 1746 1886 1817 ἄρχον-

2000 562 2243 617 abduxit.
2279 564 2343 616 Et
2387 562 2687 616 Soldanum
2737 561 2958 631 quidem
3017 578 3177 616 nemo
3224 582 3459 634 unquam
3500 569 3572 623 ri-

1999 650 2219 705 dentem
2253 651 2512 714 videbat;
2568 650 2755 719 itaque
2812 651 3014 706 multas
3060 650 3110 705 ei
3159 656 3416 719 pecunias
3470 673 3569 712 rex

2003 743 2311 812 pollicetur,
2341 744 2433 812 qui
2468 758 2593 797 vere
2622 744 2889 797 ridentem
2935 744 3112 812 ipsum
3168 752 3262 797 aut
3292 747 3572 802 ostendis-

1999 842 2103 898 set,
2128 843 2222 889 aut
2243 836 2569 889 nuntiasset.
2602 833 2794 889 Evenit
2820 845 3001 888 autem
3026 843 3233 902 postea,
3262 845 3320 888 ut
3347 838 3570 906 quidam

1998 926 2263 979 ridentem
2317 924 2617 979 Soldanum
2678 924 2908 987 videret,
2976 925 3071 994 qui
3121 927 3233 996 regi
3290 926 3569 982 Ludovico

1998 1016 2345 1086 signiﬁcavit.
2379 1014 2471 1070 Ille
2495 1015 2826 1069 accersitum
2878 1013 3177 1069 Soldanum
3209 1017 3572 1089 interrogavit

1997 1108 2351 1180 quamobrem
2373 1108 2626 1162 risisset?
2659 1106 2818 1177 Isque
2843 1107 3125 1175 respondit
3158 1108 3426 1162 :Currum
3460 1126 3573 1165 cer-

1996 1198 2213 1263 nebam,
2246 1206 2299 1251 et
2323 1207 2597 1252 vertentes
2635 1199 2687 1252 in
2712 1213 2777 1252 eo
2810 1206 2979 1262 rotas,
3012 1207 3063 1253 et
3091 1199 3253 1267 hujus
3278 1202 3354 1253 rei
3386 1202 3565 1268 gratia

1995 1289 2167 1345 risum
2219 1288 2365 1342 edidi
2416 1306 2429 1342 :
2480 1304 2607 1342 nam
2655 1304 2753 1358 ego
2789 1304 3008 1358 quoque
3058 1290 3350 1359 aliquando
3408 1302 3571 1361 caput

1997 1377 2096 1440 fui,
2129 1393 2275 1431 nunc
2309 1386 2491 1431 autem
2524 1376 2665 1431 infra
2706 1392 2895 1431 omnes
2948 1393 3068 1431 sum
3100 1392 3121 1446 ς
3149 1386 3202 1432 et
3261 1388 3437 1448 potest
3484 1394 3569 1433 Inc

1997 1464 2141 1520 Deus
2177 1482 2395 1521 rursum
2437 1469 2711 1523 exaltare.
2758 1468 2933 1537 Atque
2957 1485 3019 1522 ex
3070 1470 3161 1522 illo
3213 1477 3453 1539 tempore
3500 1469 3568 1523 ad

1999 1570 2247 1609 mensam
2281 1557 2430 1609 illum
2468 1573 2623 1613 suam
2649 1558 2956 1613 Ludovicus
2980 1559 3248 1614 adhibuit.
3284 1562 3568 1632 Principes

1997 1662 2128 1701 vero
2156 1646 2355 1717 Capuae
2382 1655 2436 1701 et
2472 1648 2764 1702 Beneventi
2806 1651 3145 1703 ventitabant
3174 1652 3237 1705 ad
3267 1651 3566 1707 Soldanum

2000 1738 2402 1810 interrogantes
2450 1755 2573 1794 cum
2605 1741 2671 1794 de
2704 1740 2972 1793 medicina
3007 1757 3069 1793 ac
3104 1756 3236 1793 cura
3277 1758 3567 1812 equorum,

312 1855 405 1899 τες
431 1837 531 1906 τῆς
582 1836 812 1908 Καπύης
868 1838 959 1890 καὶ
1012 1836 1329 1913 Βενεϐενδού
1370 1838 1601 1907 ηρχοντο
1636 1836 1770 1907 πρὸς
1795 1836 1881 1889 τὸν

1996 1830 2235 1901 aliisque
2271 1833 2464 1898 rebus,
2511 1831 2588 1885 uti
2657 1846 2867 1897 senem,
2902 1841 2952 1884 ct
2976 1830 3148 1884 multo
3182 1846 3280 1884 usu
3315 1834 3567 1900 peritum.

314 1930 570 1983 Σολδανὸν
596 1932 903 2001 ἐρωτῶντες
938 1930 1101 1984 αὑτὸν
1148 1932 1277 1998 περὶ
1308 1930 1560 1999 ίατρειῶν
1594 1930 1687 1983 καὶ
1720 1929 1886 1999 θερα-

318 2021 474 2084 πείας
499 2022 706 2089 ἀλόγων
749 2022 882 2090 (l5),
934 2023 1026 2073 ml.
1064 2020 1267 2074 λοιπῶν
1315 2020 1653 2084 ὑποθέσεων,
1681 2021 1755 2082 ὡς
1797 2022 1890 2089 γέο

320 2127 485 2180 ροντα
513 2111 608 2163 καὶ
636 2110 1055 2179 πεπειραμένον.
1100 2110 1157 2161 ὐ
1207 2110 1263 2161 δὲ
1291 2108 1548 2171 Σολδανὸς
1582 2110 1891 2179 πανοῦργος

314 2199 392 2251 ὢν
421 2200 515 2251 καὶ
549 2198 778 2263 σκολιὸς,
808 2197 925 2251 εἷπε
958 2198 1089 2269 πρὸς
1120 2199 1337 2263 αὐτοὺς,
1369 2198 1449 2251 ὅτι
1481 2201 1721 2269 Ηρᾶγμα
1752 2200 1891 2252 θέλω

313 2287 489 2338 είπεϊν
523 2288 658 2356 πρὸς
710 2289 873 2357 ὑμᾶς,
916 2290 1009 2341 καὶ
1059 2288 1271 2341 δέδοικα
1304 2288 1397 2342 τοῦ
1449 2288 1522 2359 μὴ
1566 2291 1696 2360 παρ’
1738 2290 1890 2360 ὑμῶν

312 2375 615 2443 κατάδηλον
668 2376 917 2442 γενέσθαι
954 2375 1088 2445 πρὸς
1120 2376 1213 2427 τὸν
1248 2377 1393 2446 ρῆγα
1424 2376 1557 2446 (16),
1606 2377 1699 2429 καὶ
1748 2378 1887 2431 ἁπο-

311 2466 451 2537 λέσω
484 2466 582 2536 τὴν
613 2466 853 2536 ἐμαυτοῦ
888 2467 1057 2537 ζωήν.
1090 2467 1155 2523 Οί
1188 2468 1245 2521 δὲ
1294 2467 1515 2537 ὤμοσαν
1576 2468 1743 2537 αύτῷ,
1794 2470 1887 2523 καὶ

313 2558 592 2629 θαρρήσας
645 2555 763 2610 εἷπε
816 2558 947 2627 πρὸς
998 2559 1215 2622 αὐτοὺς,
1264 2559 1348 2611 ὅτι
1390 2558 1448 2613 'U
1492 2559 1593 2633 ρὴξ
1643 2559 1885 2629 ἐξορίσαι

312 2648 453 2701 θέλει
495 2649 702 2711 πάντας
746 2649 889 2719 ὑμᾶς
918 2652 975 2704 ἐν
1023 2652 1088 2721 τῇ
1119 2648 1333 2721 μεγάλῃ
1360 2652 1634 2721 Φραγγίᾳ,
1668 2651 1759 2703 καλ⁵
1790 2650 1885 2705 ἐὰν

312 2738 603 2806 ἁπιστῆτε,
630 2738 919 2805 ἐκδέξασθε
942 2741 1156 2810 μικρὸν,
1182 2740 1339 2809 κάγὼ
1362 2740 1687 2813 πληροφορῶ
1718 2741 1883 2810 ὑμᾶς.

312 2829 421 2881 Καὶ
450 2829 700 2882 ἀπελθὼν
749 2824 869 2882 εἷπε
909 2831 1045 2900 πρὸς
1094 2833 1183 2884 τὸν
1233 2831 1525 2903 Λοδόηχον,
1562 2832 1643 2885 ὅτι
1692 2832 1755 2884 Οἱ
1786 2832 1885 2903 ἄρ-

312 2940 494 2992 χοντες
526 2922 619 2974 τοῦ
644 2922 807 2975 τόπου
842 2924 1002 2977 κακοί
1029 2926 1156 2990 είσι,
1194 2930 1288 2977 καὶ
1317 2926 1381 2979 σὺ
1433 2926 1493 2979 οὐ
1529 2925 1756 2979 δύνασαι
1787 2942 1885 2978 κυ-

313 3015 527 3081 ριεῦσαι
565 3015 662 3084 τὴν
697 3015 881 3087 χώραν
926 3016 1149 3087 ταύτην,
1202 3018 1299 3071 ἐὰν
1346 3017 1421 3088 μὴ
1455 3018 1724 3090 ἀφανίσῃς
1762 3019 1887 3082 τοὺς

1988 1924 2087 1980 ille
2135 1933 2317 1980 autem
2346 1922 2499 1979 vafer
2537 1923 2831 1978 admodum
2865 1933 2916 1976 et
2947 1931 3204 1976 versutus
3229 1938 3367 1981 .cum
3397 1934 3568 1987 esset,

1992 2018 2132 2073 dixit
2166 2018 2301 2087 ipsis
2335 2034 2349 2069 :
2381 2015 2477 2071 Est
2506 2014 2650 2085 quod
2700 2016 3166 2069 communicatqu
3194 2015 3349 2069 vobis
3383 2017 3571 2080 velim,

1992 2110 2087 2164 sed
2121 2124 2310 2162 vereor
2342 2123 2409 2161 ne
2436 2123 2534 2177 per
2584 2122 2680 2162 vos
2730 2107 2844 2177 regi
2897 2108 3229 2171 innotescat,
3286 2119 3338 2161 et
3382 2123 3483 2177 ego
3516 2110 3569 2161 in

1992 2199 2294 2269 periculum
2328 2198 2452 2252 vita:
2487 2198 2724 2252 incidam
2759 2216 2773 2252 :
2802 2201 2894 2268 qui
2940 2213 3064 2253 cum
3110 2198 3475 2268 jurejurando
3510 2214 3569 2255 se

1992 2289 2443 2353 obstrinxissent,
2487 2288 2737 2341 ﬁdentior
2782 2286 2958 2343 factus
3008 2288 3145 2343 dixit
3180 2290 3246 2343 iis
3276 2306 3290 2342 :
3323 2288 3436 2345 Rex
3468 2305 3564 2345 vos

1990 2392 2182 2433 omnes
2212 2378 2265 2431 in
2308 2392 2560 2445 magnam
2607 2374 2893 2429 Franciam
2933 2384 3312 2445 transportare
3345 2380 3562 2441 statuit,

1988 2478 2041 2523 et
2072 2469 2117 2523 si
2152 2484 2258 2521 non
2303 2467 2554 2531 creditis,
2581 2476 2898 2538 exspectate
2931 2469 3222 2537 paulisper,
3256 2470 3429 2525 donec
3456 2472 3570 2540 ple-

1988 2574 2114 2612 nam
2170 2558 2320 2611 vobis
2352 2558 2508 2611 fidem
2547 2557 2769 2611 faciam.
2832 2556 3238 2629 Discedensque
3290 2560 3426 2613 dixit
3456 2560 3565 2613 [λιιι

1987 2647 2184 2701 dovico
2219 2664 2231 2699 :
2270 2647 2551 2715 Principes
2584 2646 2749 2717 hujus
2789 2647 2891 2702 loci
2926 2648 3161 2718 improbi
3214 2660 3361 2715 sunt,
3393 2667 3567 2721 neque

1988 2747 2045 2793 tu
2076 2740 2343 2793 dominari
2372 2740 2499 2793 huic
2524 2740 2728 2810 regioni
2755 2740 2981 2804 valebis,
3008 2740 3113 2795 nisi
3143 2744 3565 2810 potentioribus,

1987 2830 2083 2900 qui
2110 2830 2206 2883 tibi
2242 2830 2542 2893 obsistunt,
2570 2846 2597 2883 e
2650 2832 2829 2885 medio
2861 2832 3115 2887 sublatis.
3150 2831 3255 2887 Sed
3291 2834 3564 2902 primores

1996 2921 2156 2976 urbis
2192 2922 2245 2974 in
2272 2922 2487 2975 vincula
2518 2924 2794 2991 conjectos
2818 2922 2872 2976 in
2908 2933 3057 2977 tuam
3080 2926 3355 2994 regionem
3385 2926 3562 2990 mitte,

1988 3019 2042 3068 ct
2074 3019 2206 3067 tunc
2252 3028 2351 3081 pro
2392 3013 2622 3067 arbitrio
2656 3015 2838 3069 caeteri
2876 3031 2999 3071 sese
3049 3018 3395 3072 submittent.
3425 3019 3561 3072 Cum

307 3103 569 3167 δυνατοὺς
596 3105 721 3167 τοὺς
768 3105 1189 3171 ἁντιπίπτοντάς
1247 3122 1365 3162 σοι’
1405 3106 1542 3162 ἀλλὰ
1584 3108 1881 3179 δέσμευσον

1989 3112 2173 3160 autem
2201 3106 2570 3175 persuasisset
2599 3107 2703 3175 ipsi
2734 3108 2970 3161 consilio
2999 3124 3099 3164 suo
3121 3109 3373 3178 obsequi,
3402 3110 3561 3180 isquo

308 3195 435 3258 τοὺς
471 3195 720 3263 πρώτους
756 3197 849 3250 τοῦ
896 3199 1156 3268 κάστρου,
1190 3199 1283 3251 καὶ
1331 3200 1651 3252 ἀπόστειλον
1685 3201 1882 3265 αὐτοὺς

308 3287 391 3347 είς
429 3285 525 3356 την
576 3289 757 3358 χώραν
812 3304 925 3354 σου,
978 3289 1071 3341 καὶ
1125 3289 1247 3342 τότε
1298 3289 1373 3352 ὡς
1423 3290 1583 3362 θέλῃς
1620 3293 1668 3343 oi
1708 3292 1885 3345 λοιποὶ

310 3377 745 3449 ύποταγήσονῒαί
795 3396 899 3434 σοι.
935 3381 1042 3433 Καὶ
1090 3380 1177 3435 ὅτε
1236 3380 1569 3452 παρέπεισεν
1603 3382 1763 3435 αύτὺν
1797 3383 1884 3435 ἵνα

309 3468 572 3539 πληρώσῃ
602 3470 697 3538 τὴν
719 3469 913 3541 βουλὴν
946 3471 1130 3536 αὐτοῦ,
1157 3474 1248 3525 καὶ
1282 3472 1447 3543 ὥρισε
1473 3473 1724 3541 γενέσθαι
1752 3472 1883 3528 ἁλύ-

309 3576 426 3623 σεις
473 3560 695 3630 σιδηρᾶς
750 3562 830 3625 εἰς
882 3562 941 3613 τὸ
995 3562 1238 3634 ἐξορίσαι
1288 3563 1522 3627 αὐτούς’
1574 3565 1820 3634 ἀπῆλθεν
1854 3567 1883 3618 ὁ

307 3652 561 3715 Σολδανὸς
598 3654 690 3706 καὶ
716 3650 837 3707 εἶπε
884 3656 1018 3724 πρὸς
1054 3658 1179 3719 τοὺς
1214 3656 1503 3727 ἄρχοντας,
1550 3660 1633 3711 ὃτι
1674 3657 1882 3727 ’Δκμὴν

304 3744 369 3795 οὗ
406 3743 689 3795 πιστεύετε
719 3745 800 3796 ὅτι
845 3745 872 3796 ὁ
922 3745 1021 3813 ρὴξ
1071 3746 1377 3816 ἐξορίστους
1414 3748 1558 3816 ὑμᾶς
1596 3750 1757 3812 ποιεῖ,
1788 3750 1882 3801 καὶ

305 3833 589 3895 παντελῶς
620 3834 677 3899 ἐξ
701 3834 795 3887 ἀνο
806 3834 1003 3901 ρώπων
1016 3836 1223 3901 γίνεται
1246 3837 1307 3888 τὸ
1327 3838 1673 3906 μνημόσυνον
1697 3837 1873 3905 ὑμῶν’

303 3926 453 3993 ὅμως
482 3927 531 3977 εί
559 3923 740 3977 θέλετε
772 3924 992 3986 τελείως
1023 3924 1525 3995 πληροφορηθῆναι,
1556 3927 1883 3989 ἀπελθόντες

305 4016 573 4071 θεάσασθε
604 4016 656 4069 τί
709 4018 819 4086 ἄρα
868 4015 1192 4086 ἐργάζονται
1238 4017 1440 4080 πάντες
1491 4017 1539 4069 οἱ
1572 4017 1789 4087 χαλκεῖς
1815 4020 1881 4089 τῇ

305 4111 602 4179 προστάξει
660 4109 752 4163 τοῦ
801 4110 1001 4180 ρηγόςο
1052 4110 1143 4163 καὶ
1181 4111 1232 4164 εί
1282 4112 1380 4179 οὐχ
1434 4110 1629 4182 εὕρητε
1684 4111 1882 4175 αὐτοὺς

304 4200 704 4270 ἐργαζομένους
728 4202 826 4264 τὰς
869 4200 1086 4265 ἁλύσεις
1116 4202 1209 4255 καὶ
1237 4202 1305 4255 τὰ
1339 4202 1539 4273 δεσμὰ,
1581 4202 1880 4269 γινώσκετε

304 4294 388 4346 ὅτι
413 4293 587 4345 πάντα
618 4292 685 4344 τὰ
711 4291 838 4362 παρ’
870 4291 1004 4362 ἐμοῦ
1043 4290 1353 4362 λαλούμενα
1382 4292 1509 4362 ὑμῖν
1539 4291 1655 4345 ἔστι
1684 4290 1877 4360 ψευδῆο

304 4384 356 4435 εί
387 4382 443 4435 δὲ
467 4382 735 4453 ἀληθεύω,
768 4384 1089 4454 φροντίσατε
1120 4386 1217 4454 τὴν
1259 4386 1535 4455 σωτηρίαν
1567 4385 1740 4454 ὑμῶν,
1784 4384 1877 4437 καὶ

1982 3197 2096 3267 jam
2130 3205 2351 3251 catenas
2382 3196 2589 3251 ferreas
2620 3197 2904 3251 faciendas
2954 3199 3289 3255 decrevisset
3342 3202 3411 3254 iis
3464 3203 3562 3257 ab-

1988 3288 2253 3360 tegandis,
2282 3288 2415 3343 adiit
2440 3287 2711 3344 Soldanus
2746 3290 3047 3357 principes,
3106 3291 3359 3360 inquiens
3389 3308 3402 3343 :
3450 3291 3563 3345 Ad-

1987 3380 2097 3435 huc
2138 3396 2233 3435 vos
2266 3396 2374 3434 non
2419 3380 2645 3435 creditis
2675 3395 2854 3451 regem
2900 3397 2995 3436 vos
3047 3382 3561 3448 exterminaturum,

1984 3481 2039 3528 et
2070 3472 2294 3527 omnino
2327 3488 2389 3525 ex
2428 3472 2742 3526 hominibus
2787 3474 3084 3528 eruendam
3115 3475 3433 3529 memoriam
3467 3490 3561 3531 ve-

1984 3565 2512 3621 stri.Atsiomnino
2581 3566 2847 3620 certiores
2906 3566 2983 3621 rei
3027 3565 3142 3623 ﬁeri
3197 3567 3381 3631 vultis,
3415 3569 3559 3624 abito

1982 3668 2037 3714 ct
2077 3658 2256 3712 videte
2303 3657 2434 3726 quid
2473 3657 2674 3727 ubique
2718 3658 2858 3712 fabri
2906 3660 3164 3715 mandato
3206 3662 3350 3731 regis
3384 3660 3557 3716 conii-

1981 3751 2132 3805 ciant
2167 3768 2180 3804 :
2216 3760 2270 3803 et
2300 3750 2403 3805 nisi
2437 3749 2583 3803 circa
2615 3760 2838 3805 catenas
2876 3766 2937 3804 ac
2973 3753 3190 3807 vincula
3256 3765 3558 3822 occupatos

1985 3839 2328 3903 inveneritis,
2372 3846 2505 3892 tunc
2542 3854 2627 3891 me
2651 3841 2834 3892 omnia
2870 3840 3005 3892 falsa
3043 3841 3253 3895 dixisse
3281 3843 3436 3896 vobis
3464 3843 3559 3909 ju-

1984 3928 2165 3983 dicate
2204 3944 2219 3980 :
2250 3929 2333 3981 sin
2358 3934 2538 3980 autem
2579 3940 2706 3979 vera
2734 3927 2946 3992 dixero,
2975 3943 3121 3984 curae
3159 3930 3309 3984 vobis
3338 3932 3407 3984 sit
3434 3946 3559 3999 pro-

1987 4020 2105 4090 pria
2158 4018 2330 4082 salus,
2384 4016 2628 4085 mihique
2677 4016 2768 4084 qui
2808 4017 2961 4069 utilia
3002 4019 3160 4073 vobis
3188 4026 3241 4071 et
3292 4020 3555 4075 salutaria

1985 4110 2216 4167 consilia
2239 4107 2505 4172 dederim,
2527 4106 2859 4163 beneﬁcium
2884 4106 3113 4163 reddite.
3137 4107 3392 4164 Persuasi
3428 4126 3557 4165 vero

1985 4203 2264 4274 principes
2300 4198 2526 4255 Soldani
2580 4198 2787 4264 verbis,
2840 4200 3200 4270 compedibus
3230 4208 3284 4253 et
3321 4201 3557 4257 vinculis

1984 4292 2318 4363 conspectis,
2359 4291 2585 4346 omnino
2636 4291 2689 4345 id
2721 4291 2864 4361 quod
2904 4300 3022 4345 erat
3052 4291 3429 4357 crediderunt,
3464 4300 3552 4345 at-

1985 4402 2094 4455 que
2116 4401 2183 4441 ex
2223 4400 2288 4441 eo
2318 4394 2565 4454 tempore
2599 4383 2666 4438 de
2698 4383 2935 4438 tollendo
2964 4399 3087 4453 rege
3114 4382 3389 4438 Ludovico
3417 4398 3551 4437 con-

305 4474 409 4545 ἐμὲ
440 4476 832 4546 εὑεργετήσατε
861 4475 951 4530 τὸν
977 4475 1045 4530 τὰ
1078 4462 1291 4547 χρηστὰ
1329 4477 1422 4529 καὶ
1474 4477 1716 4546 σωτήρια
1750 4476 1876 4545 ὑμῖν

1986 4480 2164 4534 silium
2201 4483 2487 4545 ceperunt.
2540 4473 2652 4530 Rex
2708 4482 2889 4530 autem
2924 4473 3035 4545 90
3069 4475 3264 4528 horum
3304 4474 3549 4528 omnium

1454 4590 1752 4647 ANSELMI
1776 4587 2102 4646 BANDURII
2132 4586 2363 4643 NOTAE.

380 4708 495 4777 (15)
536 4706 627 4777 Sic
660 4722 724 4761 ex
764 4703 1096 4777 ms.7Cod‘icc

382 4774 495 4849 (H)
532 4774 1020 4849 Qiiw_ilii__Sold:ini
1071 4776 1205 4849 risu,
1251 4781 1304 4828 ct
1343 4782 1400 4849 u_t
1435 4789 1462 4828 a
1494 4774 1770 4849 Capuanis
1820 4780 1873 4827 ct

308 4845 709 4905 Beneventanis
749 4847 1051 4898 libertatem
1095 4845 1320 4910 adeptus
1367 4846 1533 4898 fuerit
1564 4845 1872 4907 Soldanus,

310 4918 479 4974 tradit
511 4916 597 4967 hic
637 4922 690 4969 ct
730 4915 783 4967 in
830 4916 911 4966 avi
946 4913 1281 4983 BasiliiYita
1330 4914 1873 4983 Porphyrogcnitus,

305 4990 497 5046 eadem
534 4986 698 5037 lenne
732 4984 1011 5037 Cedrcnus
1049 4998 1112 5035 ac
1140 4982 1380 5036 Zonaras
1424 4982 1670 5036 narrant.
1703 4982 1871 5034 Crete-

311 5074 431 5113 rum
473 5056 555 5109 bis
587 5054 921 5120 consimiliaj
945 5062 1300 5122 narranturga
1334 5052 1739 5122 Thcopbylacto
1788 5049 1874 5122 Si-

310 5133 546 5181 niocatta
584 5124 675 5178 lib.
712 5138 786 5186 vr,
817 5138 938 5191 cap.
970 5121 1058 5180 ll.
1095 5133 1148 5176 ct
1182 5139 1210 5175 a
1248 5121 1579 5189 The0phane
1608 5136 1750 5172 anno
1780 5121 1866 5174 l5.

310 5196 555 5250 Mauricii
591 5194 971 5262 imperatoris,
1011 5192 1078 5262 de
1123 5207 1247 5262 rege
1276 5192 1513 5261 quodam
1556 5205 1589 5262 a_
1632 5190 1869 5262 Sesos_tri

309 5257 691 5346 Aigyptior‘uin
725 5260 1094 5346 regc‘captivo
1131 5257 1649 5346 factolrtlum‘enim
1679 5274 1742 5339 ex
1777 5257 1870 5312 de-

309 5330 471 5390 victis
500 5334 716 5401 regibus
742 5339 976 5399 quatuor
1004 5331 1283 5399 seli-gisset
1317 5330 1585 5385 Sesostris
1610 5330 1702 5399 qui
1743 5343 1870 5381 cur-

307 5422 465 5468 rum,
503 5419 610 5471 quo
654 5401 985 5469 triumphum
1032 5414 1197 5471 agens
1242 5401 1558 5471 vehebatur,
1603 5412 1869 5471 equorum

309 5489 463 5529 wore
512 5469 807 5533 traherent,
859 5484 1000 5523 unus
1047 5485 1110 5522 ex
1163 5470 1230 5525 iis
1279 5469 1522 5523 cunctari
1567 5470 1715 5522 visus
1767 5478 1867 5532 est,

310 5544 441 5597 dum
486 5543 681 5596 crebro
724 5549 871 5593 retro
914 5542 1195 5593 conversis
1234 5540 1405 5593 oculis
1447 5550 1577 5591 rota:
1620 5537 1868 5591 volubili-

311 5622 477 5666 tatem
526 5610 1007 5678 contemplaretur.
1055 5606 1167 5661 llex
1202 5624 1331 5662 vero
1375 5609 1533 5661 toties
1572 5607 1869 5678 re~picien§

310 5690 420 5737 tem
454 5676 821 5749 compellans:
857 5678 993 5749 Quid
1028 5686 1130 5737 est,
1161 5676 1642 5749 inquit,jbonovir
1666 5716 1680 5740 ,
1722 5676 1867 5745 quod

310 5753 500 5810 Oculos
532 5747 594 5804 iui
621 5758 827 5819 tergum
857 5748 1019 5802 toties
1057 5756 1339 5817 returques
1364 5747 1387 5799 7
1416 5747 1551 5813 Quid
1605 5749 1675 5800 ita
1725 5756 1867 5800 rotas

1973 4710 2224 4771 aspectas
2246 4701 2269 4752 ?
2291 4700 2538 4771 Quonam
2566 4698 2718 4771 abire
2745 4698 2925 4753 inbias
2944 4699 2966 4752 ?
2984 4698 3081 4753 Cui
3108 4700 3196 4754 ille
3222 4702 3503 4769 respondit
3530 4721 3545 4761 :

1973 4768 2310 4840 Τεθαύμακα
2347 4769 2456 4821 τῶν
2508 4768 2716 4840 τροχῶν
2766 4771 2833 4822 τὰ
2892 4770 3168 4840 κινήματα
3198 4786 3211 4800 ’
3262 4768 3549 4840 ἀνώμαλον

1974 4841 2087 4910 ἔχει
2111 4837 2456 4911 τῆν-κίνησιν
2482 4854 2495 4867 ⁸
2524 4839 2589 4911 τᾲ
2607 4837 2799 4911 ξτοίνυν
2817 4837 3037 4911 -τούτων
3066 4841 3203 4908 μέρη
3218 4837 3547 4911 γ-μετεᾲωρούν

1978 4905 2137 4981 pm,
2163 4905 2328 4981 ίαῦοις
2355 4905 2712 4981 “κᾳταχ96νιᾳ
2771 4908 2997 4981 γίνεται,
3055 4905 3152 4981 κοιῖ
3193 4905 3547 4981 -είιπέλιθὲἀ

1974 4974 2293 5047 ἇτεριπέτεια
2329 4975 2465 5044 μετὰ
2492 4974 2647 5027 τοῦτο
2677 4974 3062 5045 ἀπεωρίξεται.
3113 4974 3253 5033 Tum
3294 4978 3404 5038 ille,
3440 4977 3543 5030 Mi.

1974 5066 2094 5113 νον,
2132 5050 2204 5101 ait
2228 5087 2242 5108 ,
2283 5058 2392 5098 tam
2428 5048 2603 5097 varios
2636 5054 2869 5098 rotarum
2894 5056 3066 5101 motus
3097 5064 3115 5101 :
3144 5062 3324 5099 earum
3357 5048 3545 5115 quippe

1970 5129 2147 5189 partes
2178 5118 2231 5189 in
2262 5116 2429 5167 altum
2461 5115 2691 5189 sublatae
2712 5154 2727 5179 ,
2761 5132 2949 5170 rursus
2988 5120 3048 5189 in_
3075 5118 3289 5189 humum
3332 5116 3547 5189 descen-

1970 5186 2125 5251 dunt,
2172 5188 2463 5253 iterumque
2495 5186 2811 5257 ascendunt,
2858 5202 2974 5257 qua!
3015 5187 3413 5239 descenderant.
3448 5187 3543 5241 llis

1972 5258 2175 5313 auditis
2200 5297 2213 5321 ,
2242 5266 2466 5308 narrant
2490 5253 2766 5309 Sesostrin
2795 5253 3209 5310 ad'modestiam
3235 5262 3539 5307 correctum

1974 5344 2116 5389 csse,
2171 5324 2569 5393 mandasseque
2617 5327 2797 5381 denuo
2845 5326 3053 5394 junctis
3099 5324 3283 5388 mulis,
3324 5340 3352 5375 a
3399 5324 3542 5376 collo

1971 5412 2160 5467 regum
2187 5398 2315 5463 juga
2345 5394 2510 5467 demi.

2044 5461 2156 5535 μδ)
2190 5461 2454 5531 λἈλογον,
2491 5465 2690 5534 Equus.
2724 5465 2858 5521 Vide
2882 5464 3063 5518 Gloss.
3101 5461 3274 5515 Graec.
3320 5462 3540 5515 Duean.

1970 5552 2155 5674 811ξιϋ)
2219 5606 2309 5659 Sic
2360 5622 2426 5659 ex
2486 5605 2915 5674 praecedentibus
2974 5610 3027 5656 et
3076 5603 3539 5671 subsequentibus

1973 5679 2351 5798 gnicndatnus.
2387 5676 2443 5728 In
2484 5691 2615 5728 mss.
2649 5684 2701 5729 et
2742 5677 2792 5727 in
2828 5674 2990 5729 editis
3030 5675 3249 5745 legitur,
3285 5674 3417 5745 πρὸς
3450 5676 3540 5733 τὸν

2003 5762 2160 5798 ουκα.
2588 5776 2591 5779 ν

2003 5762 2160 5801 ουκα.
2588 5776 2591 5779 '
