4046 6208
492 308 600 374 259

1511 299 2015 362 CONSTANTINI
2054 299 2743 361 PORPHYROGENITI

3634 310 3746 373 €60

498 424 722 492 ignarus
787 426 1042 476 venatum
1097 414 1423 485 egreditur;
1480 427 1715 482 cumque
1766 419 2066 466 revertere-

2175 409 2613 480 βουλευσάμενον.
2662 410 2726 461 Οἱ
2772 409 2827 462 δὲ
2884 409 3144 481 ἄρχοντες
3193 413 3508 478 πεισθέντες
3542 417 3619 486 τῷ
3653 418 3749 472 τοῦ

501 522 609 577 tur,
644 512 920 581 principes
958 506 1130 577 ipsius
1180 505 1285 559 loci
1335 504 1468 558 urbe
1511 509 1803 571 occupata,
1860 501 2067 555 intrare

497 614 622 653 eum
659 595 881 649 minime
923 594 1313 663 permiserunt.
1344 590 1458 645 Rex
1513 591 1698 659 itaque
1722 588 2061 652 Ludovicus,

498 691 844 754 insurgentes
868 694 1059 739 contra
1089 699 1146 738 se
1173 684 1450 754 principes
1492 681 1707 747 videns,
1740 681 1805 734 ad
1842 695 1939 733 sua
1976 697 2064 735 re-

496 779 763 850 greditur.
798 776 1083 846 Principes
1113 791 1242 831 vero
1271 774 1511 830 Soldano
1538 774 1726 828 dixere
1755 792 1767 827 :
1799 772 1938 838 Quid
1970 772 2066 827 tibi

494 869 580 923 vis
609 868 878 921 faciamus
911 881 1009 936 pro
1027 881 1093 919 eo
1124 865 1267 934 quod
1299 880 1400 919 nos
1424 865 1731 919 servaveris
1765 864 1787 916 ’ἶ
1816 863 1908 918 Ille
1938 876 2067 917 vero

496 960 699 1015 dimitti
719 960 785 1013 ad
817 974 949 1013 suos
979 958 1173 1023 voluit,
1194 971 1368 1027 eoque
1393 956 1537 1010 facto
1559 956 1612 1008 in
1656 954 1900 1010 Africam
1935 970 2063 1025 pro-

498 1050 673 1105 lectus
714 1050 768 1102 in
801 1050 1072 1118 propriam
1130 1049 1405 1118 regionem
1454 1063 1512 1101 se
1555 1048 1781 1116 recepit.
1816 1046 2068 1101 Pristinm

496 1148 676 1193 autem
707 1139 931 1193 malitia:
984 1138 1209 1191 minime
1264 1137 1492 1201 oblitus,
1540 1137 1785 1190 exercitu
1838 1136 2066 1189 collecto

497 1247 619 1283 cum
655 1244 850 1299 magna
885 1244 1049 1283 manu
1083 1229 1147 1282 ad
1178 1229 1512 1283 obsidendas
1544 1228 1948 1297 capiendasque
1976 1242 2066 1280 ur-

500 1322 598 1374 bes
636 1320 879 1390 Capuam
910 1335 975 1374 ac
1017 1320 1390 1374 Beneventum
1437 1319 1603 1373 venit.
1650 1318 1894 1387 Capuani
1936 1331 2067 1371 vero

497 1426 562 1463 ac
592 1411 963 1465 Beneventani
1002 1410 1210 1479 legatos
1244 1410 1298 1463 in
1329 1408 1617 1464 Franciam
1641 1409 1707 1463 ad
1739 1422 1918 1477 regem
1958 1406 2068 1460 Lu-

496 1500 751 1554 dovicum
783 1500 1029 1566 mittunt,
1058 1500 1134 1553 uti
1161 1500 1443 1569 suppetias
1478 1498 1609 1566 ipsis
1636 1497 1893 1552 adversus
1944 1497 2066 1551 Sol-

498 1592 701 1646 danum
737 1600 790 1644 et
824 1589 986 1644 Afros
1040 1589 1227 1644 ferret.
1276 1590 1343 1642 At
1381 1604 1473 1643 rex
1508 1586 1823 1642 Ludovicus
1860 1587 1946 1643 his
1974 1603 2068 1642 co-

496 1682 685 1749 gnitis,
722 1691 775 1734 et
820 1680 1099 1749 quomodo
1153 1680 1357 1749 egisset
1387 1677 1682 1741 Soldanus,
1727 1678 2067 1748 principibus

496 1771 838 1840 persuadens
878 1786 1063 1841 regem
1111 1769 1459 1839 compeditos
1492 1769 1548 1822 in
1602 1767 1887 1821 Franciam
1951 1770 2071 1822 mit-
2103 1745 2145 1798 Β

499 1870 615 1917 tere
647 1862 905 1923 voluisse.
944 1862 1025 1916 sic
1054 1860 1189 1929 ipsis
1222 1859 1506 1928 respondit
1537 1876 1551 1913 :
1589 1857 1825 1912 Paenitet
1852 1858 2068 1927 quidem

498 1966 585 2007 me
624 1952 795 2007 etiam
833 1966 1021 2004 eorum
1081 1965 1201 2019 quae
1235 1958 1398 2002 antea
1444 1949 1598 2002 vobis
1642 1949 1891 2017 praastiti,
1945 1963 2067 2003 cum

499 2058 602 2098 vos
640 2045 707 2096 ah
735 2042 994 2096 hostibus
1030 2040 1312 2102 servarim,
1356 2054 1456 2109 pro
1489 2054 1599 2109 quo
1632 2039 1896 2094 benelicio
1928 2040 2070 2093 mala

501 2132 633 2186 mihi
666 2130 992 2199 reposuistis
1020 2145 1035 2194 ;
1070 2136 1124 2183 et
1152 2129 1613 2199 quemadmodum
1649 2127 1861 2197 ejectus
1893 2128 2011 2198 ipse
2040 2144 2070 2183 a

496 2222 651 2277 vobis
692 2221 788 2284 fui,
834 2222 907 2276 ita
946 2236 1090 2275 nunc
1122 2221 1190 2275 de
1224 2227 1407 2275 vestro
1432 2218 1600 2274 exitio
1653 2218 1885 2289 gaudeo.
1919 2217 2072 2274 Tunc

498 2313 565 2367 ad
605 2326 873 2368 summam
909 2311 1215 2381 angustiam
1266 2308 1496 2374 redacti,
1553 2324 1584 2363 a
1626 2324 1753 2379 rege
1792 2306 2071 2363 Ludovico

499 2404 567 2459 ad
599 2403 973 2459 Romanorum
1011 2404 1398 2472 imperatorem
1432 2401 1639 2471 legatos
1669 2400 1895 2454 mittunt
1928 2400 2067 2469 peti-

500 2502 639 2558 tum,
678 2503 735 2548 ut
767 2495 903 2564 ipsis
952 2494 1342 2563 opitularetur,
1372 2499 1538 2559 atque
1573 2489 1641 2543 ab
1672 2487 1940 2557 ejusmodi
1978 2504 2072 2558 pe-

497 2586 673 2640 riculo
704 2601 799 2641 eos
832 2586 1109 2640 liberaret.
1185 2582 1485 2635 Pollicetur
1519 2595 1676 2650 opem
1735 2579 2068 2649 imperator;

496 2680 592 2731 sed
641 2679 816 2747 legato
847 2677 915 2730 ab
963 2675 1100 2728 urbe
1146 2671 1759 2740 Constantinopolitana
1787 2670 2068 2736 redeunte,

497 2780 661 2838 atque
693 2770 811 2822 laeta
855 2766 972 2822 suis
1007 2764 1203 2818 nuntia
1234 2762 1497 2817 atierente
1527 2762 1595 2817 de
1626 2762 1831 2817 auxilio
1865 2760 1933 2817 ab
1962 2761 2067 2815 im-

496 2866 747 2926 peratore
796 2853 1081 2918 mittendo,
1114 2854 1436 2922 priusquam
1506 2852 1561 2905 in
1596 2849 1785 2906 urbem
1839 2866 1897 2906 se
1928 2850 2070 2904 reci-

495 2966 626 3020 pere
660 2956 866 3019 posset,
907 2962 937 3001 a
969 2944 1194 3001 Soldani
1247 2943 1496 2998 excubiis
1528 2952 1724 3013 captus
1757 2940 1880 2997 fuit.
1926 2939 2071 2996 Prae-

498 3043 737 3097 sciverat
771 3040 975 3110 quippe
1014 3038 1105 3093 ille
1157 3036 1487 3106 legationem
1531 3034 1742 3089 iactam
1773 3034 1838 3088 ad
1894 3034 2070 3103 impe~

497 3142 733 3187 ratorem
787 3130 1115 3195 Romanum,
1164 3137 1218 3183 et
1270 3127 1418 3182 omni
1471 3126 1656 3181 studio
1712 3125 1964 3180 incubuit
2008 3137 2069 3180 ut

496 3227 734 3296 legatum
758 3231 997 3294 caperet,
1032 3222 1177 3293 quod
1201 3228 1254 3277 et
1274 3219 1477 3274 factum
1514 3217 1636 3273 fuit.
1664 3217 2072 3289 Comprehensa

494 3326 675 3371 autem
714 3315 913 3386 legato,
954 3313 1225 3367 intellexit
1276 3325 1388 3380 quo
1422 3308 1718 3364 defunctus
1761 3307 1936 3362 fuerat
1960 3305 2074 3360 otii-

494 3407 603 3471 cio,
628 3415 681 3460 et
727 3413 852 3474 post
886 3417 1091 3473 paucos
1118 3402 1236 3455 dies
1268 3399 1470 3452 auxilia
1501 3397 1734 3451 Roinani
1777 3396 2075 3459 imperato-

497 3497 573 3550 ris
622 3496 904 3549 adlutura.
969 3493 1112 3547 Dicit
1159 3492 1343 3559 itaque
1393 3490 1444 3544 ei
1476 3488 1795 3543 Soldanus:
1831 3486 1987 3553 Quod
2019 3487 2068 3542 si

496 3600 616 3652 quat:
642 3584 831 3638 dixero
868 3581 1086 3644 feceris,
1138 3578 1411 3643 libertate,
1442 3586 1496 3633 et
1535 3576 1792 3631 maximis
1826 3574 2073 3629 muneri-

2169 500 2430 554 Σολδανοῦ
2476 501 2639 571 λόγῳ,
2690 500 3016 570 θεασάμενοι
3041 501 3097 555 δὲ
3150 503 3243 555 καὶ
3272 504 3371 567 τὰς
3406 504 3627 570 ἁλύσεις
3659 512 3750 563 καὶ

2168 590 2237 644 τὰ
2268 591 2477 675 δεσμάη
2496 590 2711 643 τελείαν
2760 591 3134 661 πληροφορίαν
3180 592 3395 658 ἔλαϐον,
3427 598 3521 648 καὶ
3562 597 3747 651 ἔκτοτε

2170 681 2439 750 ἐμελέτων
2466 681 2564 750 τὴν
2601 679 2878 733 ἀπώλειαν
2919 681 3015 733 τοῦ
3058 682 3225 753 ρηγὸς
3260 686 3558 756 Λοδοήχου,
3604 688 3660 741 '0
3690 690 3745 742 δὲ

2173 771 2273 843 ρὴξ
2298 770 2466 823 ταῦτα
2512 773 2690 824 πάντα
2725 771 2937 839 ἀγνοῶν
2970 772 3162 842 ἐξῆλθε
3216 775 3353 844 προς
3405 777 3464 829 τὸ
3505 781 3747 851 κυνηγῆ-

2172 880 2261 917 σαι
2283 880 2296 892 ’
2329 862 2765 932 ὑποστρέψαντος
2793 862 2870 928 δὲ,
2913 866 2961 917 οί
3001 867 3190 917 τούτου
3231 866 3490 936 ἄρχοντες
3514 869 3746 940 ἐκράτη-

2173 971 2271 1007 σαν
2300 953 2361 1006 τὸ
2390 954 2644 1023 κάστρον,
2679 952 2753 1024 μὴ
2800 953 3062 1018 ἐάσαντες
3111 957 3274 1009 αὑτὸν
3322 959 3582 1011 εἰσελθεῖν
3610 961 3743 1031 (l7).

2184 1044 2241 1098 Ὀ
2272 1045 2327 1101 δὲ
2383 1044 2483 1115 ρὴξ
2531 1044 2799 1113 Λοδόηχος
2844 1044 2944 1116 τὴν
2998 1047 3107 1098 τῶν
3161 1047 3439 1117 ἀρχόντων
3495 1051 3747 1104 ἔνστασιν

2172 1138 2528 1210 θεασάμενος,
2560 1141 2639 1201 είς
2669 1140 2767 1209 τὴν
2821 1139 2955 1192 ἰδίαν
2988 1140 3172 1209 χώραν
3201 1141 3560 1209 ὑπέστρεψεν.
3592 1143 3657 1194 Oi
3691 1142 3747 1193 δὲ

2170 1232 2429 1300 ἄρχοντες
2471 1226 2623 1283 εἶπον
2658 1230 2792 1301 πρὸς
2842 1231 2932 1283 τὸν
2975 1231 3263 1283 Σολδανόν·
3307 1231 3371 1283 Τί
3414 1232 3519 1301 ἄρα
3573 1232 3748 1295 θέλεις

2171 1323 2317 1392 ἡμᾶς
2344 1322 2566 1391 ποιῆσαί
2616 1339 2699 1375 σοι
2734 1322 2863 1392 περὶ
2892 1323 2989 1393 τῆς
3012 1324 3309 1393 γενομένης
3336 1324 3415 1386 είς
3458 1326 3603 1392 ἡμᾶς
3637 1343 3746 1376 πα-

2173 1412 2243 1481 ρὰ
2270 1410 2363 1463 σοῦ
2391 1411 2701 1481 σωτηρίαςς
2750 1412 2807 1465 ’0
2845 1413 2901 1465 δὲ
2928 1414 3167 1484 ᾐτήσατο
3217 1415 3274 1466 ὲν
3320 1416 3386 1484 τῇ
3441 1413 3548 1485 ἰδία
3595 1415 3749 1485 χώρα

2173 1497 2446 1551 ἀπολῦσαι
2477 1500 2639 1552 αὑτόν
2661 1516 2675 1530 υ
2717 1500 2811 1552 καὶ
2858 1500 3048 1554 τούτου
3081 1502 3375 1572 γενομένου
3420 1504 3660 1573 ἀπῆλθεν
3692 1508 3747 1556 ὲν

2184 1588 2415 1658 Ἀφρικῇ
2450 1590 2528 1651 είς
2552 1590 2651 1658 τὴν
2675 1589 2811 1641 ἰδίαν
2845 1589 3010 1643 αὑτοῦ
3036 1592 3238 1662 χώραν.
3290 1592 3381 1662 Μὴ
3415 1594 3745 1664 ἐπιλαθόμε-

2172 1694 2261 1739 νος
2289 1678 2345 1730 δὲ
2386 1677 2485 1742 τῆς
2533 1679 2767 1749 ἀρχαίας
2813 1679 2979 1734 αὑτοῦ
3017 1681 3214 1745 κακίας
3260 1684 3745 1754 ἐστρατοπέδευσε,

2171 1768 2266 1821 καὶ
2292 1762 2421 1837 ἦλθε
2458 1768 2596 1835 μετά
2626 1768 2908 1839 δυνάμεως
2940 1772 2998 1824 ὲν
3037 1771 3237 1843 Καπύῃ
3268 1774 3362 1825 καὶ
3408 1776 3465 1827 ὲν
3496 1776 3748 1829 Βενεϐέν-

2170 1858 2243 1925 δῳ
2271 1858 2407 1929 πρὸς
2454 1858 2515 1911 τὸ
2564 1859 2923 1932 πολιορκῆσαι
2982 1863 3076 1916 καὶ
3126 1863 3388 1930 ὑποτάξαι
3435 1867 3653 1930 αὐτούς.
3686 1872 3747 1922 Oi

2169 1948 2225 2001 δὲ
2259 1948 2325 2002 τὰ
2366 1951 2589 2004 τοιαῦτα
2633 1951 2846 2022 κάστρα
2893 1951 3221 2024 κρατοῦντες
3252 1955 3578 2011 ἀπέστειλαν
3608 1960 3745 2028 πρέ-

2174 2039 2324 2102 σϐεις
2357 2038 2495 2107 πρὸς
2536 2041 2627 2093 τὸν
2654 2043 2795 2112 ρἦα
2824 2043 3091 2114 Λοδόηχον
3136 2044 3193 2097 ὲν
3219 2046 3488 2116 Φραγγίᾳ.
3524 2050 3609 2101 ἵνα
3658 2050 3745 2102 ἐλ-

2172 2128 2281 2182 θὼν
2323 2130 2766 2201 συνεπαμὺνηται
2814 2132 2995 2196 αὐτοῖς
3031 2134 3172 2187 κατά
3217 2136 3309 2188 τοῦ
3360 2138 3619 2192 Σολδανοῦ
3651 2141 3743 2193 καὶ

2170 2220 2280 2274 τῶν
2330 2223 2621 2291 Ἀφρικῶν.
2670 2223 2727 2273 'O
2774 2223 2830 2276 δὲ
2873 2224 2974 2294 ρὴξ
3012 2226 3276 2296 Λοδόηχος
3328 2229 3498 2282 ταῦτα
3539 2230 3742 2300 μαθὼν,

2172 2313 2265 2365 καὶ
2312 2314 2481 2383 ὅνπερ
2531 2314 2753 2384 ἐποίησε
2802 2315 3001 2387 τρόπον
3050 2317 3079 2369 ό
3118 2317 3383 2383 Σολδανὸς
3418 2322 3607 2385 πείσας
3652 2324 3745 2377 καὶ

2170 2404 2297 2465 τοὺς
2333 2404 2622 2472 ἄρχοντας,
2652 2406 2734 2459 ὅτι
2776 2407 3041 2476 Δεσμίους
3082 2408 3267 2478 μέλλει
3310 2411 3454 2481 ὑμᾶς
3488 2414 3516 2465 ὁ
3552 2412 3649 2483 ei}:
3689 2416 3747 2466 ὲν

2169 2491 2418 2561 Φραγγίᾳ
2479 2492 2751 2562 ἐξορίσαι,
2809 2494 3174 2565 ἀντεδήλωσεν
3235 2498 3441 2563 αὐτοῖς,
3497 2502 3577 2553 ὅτι
3637 2503 3748 2555 Καὶ

2172 2580 2317 2651 ἅπερ
2346 2582 2578 2652 ἐποίησα
2635 2584 2898 2656 πρότερον
2945 2587 3021 2650 είς
3072 2588 3217 2658 ὑμᾶς
3267 2591 3746 2662 μεταμεμέλημαι,

2169 2670 2250 2724 ὅτι
2281 2670 2461 2726 ἔσωσα
2504 2673 2647 2743 ὑμᾶς
2676 2673 2784 2727 ἀπὸ
2856 2676 2968 2728 τῶν
3018 2677 3227 2749 ἐχθρῶν
3277 2680 3454 2748 ὑμῶν,
3487 2683 3583 2736 καὶ
3618 2685 3749 2737 ἀντ-

2185 2760 2505 2814 απεδὼκατέ
2540 2780 2629 2830 μοι
2689 2764 2902 2836 πονηρά
2958 2766 3079 2819 ἀντὶ
3124 2769 3379 2837 ἀγαθῶνο
3428 2773 3522 2825 καὶ
3570 2773 3749 2837 καθὼς

2172 2851 2439 2922 ἐδιώχθην
2473 2854 2602 2922 παρ’
2641 2853 2816 2924 ὑμῶν,
2849 2855 3051 2927 ἀρτίως
3078 2858 3255 2927 χαίρω
3286 2859 3380 2914 ἐπὶ
3409 2864 3476 2931 τῇ
3506 2861 3749 2932 ἀπωλείᾳ.

2172 2941 2349 3012 ὑμῶν.
2380 2943 2513 2996 Τότε
2558 2943 2935 3015 ἀπορήσαντές
2977 2947 3086 3001 ἀπὸ
3127 2949 3223 3002 τοῦ
3279 2950 3447 3020 ρηγὸς
3474 2951 3746 3021 Λοδοὴχου

2174 3033 2499 3085 ἀπέστειλαν
2543 3033 2803 3101 πρέσϐεις
2850 3035 2987 3105 πρὸς
3045 3037 3137 3091 τὸν
3182 3038 3404 3109 βασιλέα
3462 3041 3748 3111 Ῥωμαίων

2178 3124 2271 3178 τοῦ
2305 3124 2489 3179 δοῦναι
2532 3127 2716 3190 αὐτοῖς
2766 3126 3040 3196 βοήθειαν,
3092 3130 3187 3182 καὶ
3227 3128 3607 3200 λυτρώσασθαι
3655 3131 3748 3187 τοῦ

2178 3214 2422 3270 τοιούτου
2453 3216 2697 3269 κινδύνου
2718 3232 2731 3245 ⁸
2772 3219 2801 3270 ὁ
2836 3217 2894 3271 δὲ
2940 3217 3192 3288 βασιλεὺς
3227 3220 3497 3290 ὑπέσχετο
3547 3221 3748 3291 βοηθῆ-

2178 3322 2268 3360 σαι
2298 3306 2503 3369 αὑτοῖς.
2558 3304 2666 3360 Τοῦ
2701 3306 2757 3359 δὲ
2786 3306 3205 3379 ἀποκρισιαρίου
3255 3310 3362 3363 ἀπὸ
3388 3311 3490 3381 τῆς
3537 3312 3747 3375 πόλεως

2178 3394 2644 3465 ὑποστρέψαντος,
2674 3398 2768 3450 καὶ
2803 3397 3015 3467 ἀγαθὰς
3038 3396 3296 3468 ἀγγελίας
3326 3403 3439 3465 τοῖς
3469 3401 3751 3472 πέμψασιν

2178 3488 2341 3541 αὑτὸν
2371 3488 2817 3560 ἀποκομίζοντος,
2844 3492 2973 3561 περῑ
2992 3493 3090 3560 τῆς
3112 3490 3205 3546 τοῦ
3233 3491 3496 3562 βασιλέως
3530 3512 3752 3565 συμμα-

2178 3577 2326 3647 χίας,
2376 3577 2542 3648 μήπω
2601 3577 2792 3632 τοὺτου
2838 3579 3214 3646 ἀποσωθέντος
3263 3582 3322 3634 ὲν
3378 3579 3456 3651 τῷ
3506 3583 3749 3655 κάστρῳ,

1625 3747 1928 3805 ANSELMI
1961 3747 2285 3806 BANDUBII
2315 3748 2527 3806 ΝΟΤΔΕ

565 3897 677 3968 (I7)
716 3896 913 3968 Eadem
946 3894 1115 3968 ferme
1137 3901 1374 3968 narrant
1398 3890 1679 3968 Cedrenu‘s
1712 3899 1767 3946 et
1800 3889 2069 3968 Zonaras,

494 3959 588 4024 sed
626 3959 988 4037 scriptoribus
1031 3965 1243 4021 Latinis
1282 3979 1391 4019 non
1430 3962 1796 4037 conveniunt,
1835 3960 1929 4037 qui
1960 3959 2073 4037 Lu-

494 4031 1030 4092 ttovicunicustodire
1055 4044 1184 4090 tunc
1210 4037 1579 4101 mancipatum
1613 4032 1784 4085 fuisse
1812 4031 1881 4083 ab
1904 4031 2069 4101 Adcl-

493 4111 613 4178 εἰει)
660 4108 929 4161 scribunt.
962 4106 1252 4178 ltaeporro
1306 4100 1729 4178 Ereheinpertus
1776 4114 1897 4178 cap.
1926 4100 2017 4178 ﬁt
2055 4117 2068 4153 :

497 4167 698 4244 “Quibus
748 4180 824 4229 ita
866 4167 1115 4242 patratis,
1168 4176 1364 4244 (capta
1419 4167 1630 4224 scilicet
1659 4167 1856 4244 _Bari)'
1890 4167 2069 4221 videns

493 4239 739 4300 diabolus
772 4239 895 4299 suos
918 4244 1208 4305 eliminari,
1239 4242 1550 4307 Christoque
1580 4239 1824 4290 uniuersa
1866 4246 2071 4289 restau-

496 4319 628 4377 rari,
669 4326 717 4368 et
759 4317 956 4367 damna
1002 4314 1192 4381 inferni
1235 4310 1437 4371 dolens,
1472 4323 1567 4359 suo
1602 4307 1855 4381 instinctu
1904 4320 2070 4371 clepe-

2178 3892 2507 3962 quiescebat,
2547 3905 2802 3955 occupare
2823 3890 3038 3962 nititur.
3076 3890 3376 3961 Imperator
3410 3895 3643 3949 clamore
3671 3898 3751 3949 ἕνη

2178 3961 2441 4016 ruentium
2477 3962 2741 4015 excitatus
2763 4002 2777 4026 ,
2810 3961 2943 4016 lecto
2989 3963 3187 4027 desilit,
3224 3980 3376 4017 arma
3419 3967 3658 4033 corripit,
3698 3983 3744 4021 et

2176 4048 2294 4085 cum
2339 4033 2620 4099 perpaucis
2670 4034 2903 4094 corporis
2953 4034 3037 4085 sui
3089 4034 3390 4087 custodibus
3429 4033 3497 4086 ad
3554 4038 3749 4089 ostium

2175 4103 2372 4173 domus
2398 4103 2641 4153 turbatus
2680 4100 2938 4173 procedit,
2977 4102 3282 4173 aditumque
3314 4108 3454 4172 ferro
3501 4104 3750 4158 interclu-

2174 4169 2555 4243 dens,_hostem
2593 4186 2634 4243 _a
2671 4171 2951 4243 liminibus
2975 4181 3145 4243 arcet.
3191 4169 3476 4243 Adalgisus
3522 4176 3748 4228 sentiens

2176 4254 2278 4291 non
2304 4240 2416 4291 sine
2442 4239 2745 4293 discrimine
2778 4240 2916 4293 ostia
2950 4239 3139 4294 domus
3160 4258 3270 4295 esse
3300 4239 3651 4308 penetranda,
3684 4244 3748 4297 ab

2174 4308 2408 4379 introitu
2435 4308 2615 4373 pedem
2657 4311 2898 4372 retrahit,
2939 4312 3302 4379 palatiumque
3328 4312 3561 4379 [laminis
3596 4314 3749 4366 exuri

495 4370 627 4437 runt
661 4383 803 4437 Galli
843 4370 1073 4453 graviter
1117 4370 1504 4453 Beneventanos
1524 4376 1801 4453 persequi,
1843 4390 1909 4453 ac
1947 4370 2069 4427 cru-
2102 4370 2340 4445 Djubct.
2379 4370 2589 4453 Interea
2620 4370 2908 4453 imperator
2936 4370 3151 4453 ἄρξεται
3180 4370 3282 4433 sibi
3312 4370 3434 4433 dari
3465 4383 3615 4449 petit,
3646 4398 3747 4449 pa-

496 4457 687 4508 deliler
745 4444 952 4507 rexere.
1007 4452 1125 4516 Qua
1172 4450 1235 4501 de
1292 4455 1447 4516 reet
1503 4444 2069 4516 Adelgisuseprinceps

495 4529 512 4593 (
542 4523 994 4593 Beneventanus)
1012 4513 1296 4593 V'adversns
1313 4588 1323 4593 _
1343 4513 1709 4593 Lodoguicum
1772 4513 2071 4593 dugustum

495 4583 693 4647 creetus
729 4609 845 4645 cum
890 4583 998 4643 suis
1045 4588 1324 4641 Beneventi
1364 4583 1511 4708 inira
1543 4585 1732 4637 mwnia
1765 4583 2068 4651 degentem,

497 4679 558 4708 ηε
591 4678 771 4708 sentire
807 4662 1148 4708 auiescentem
1185 4666 1303 4708 astu
1341 4657 1407 4707 do
1436 4672 1527 4708 oso
1562 4655 1952 4708 sanctissimum
2001 4654 2068 4705 vi-

497 4679 558 4713 ac
591 4678 771 4714 secure
807 4662 1148 4729 quiescentem
1185 4666 1303 4710 astu
1341 4654 1527 4729 d_oloso
1562 4655 1952 4729 sanctissimum
2001 4654 2073 4729 ui-

497 4748 653 4793 rum,
706 4723 1036 4785 Salbatorem
1083 4729 1281 4782 scilicet
1350 4726 1729 4778 Beneventano:
1791 4723 2074 4793 provincia:

496 4802 663 4868 cepit,
712 4810 761 4853 et
806 4800 1059 4853 custodiis
1101 4797 1452 4864 mancipauit,
1497 4796 1735 4868 bonaque
1774 4793 1891 4868 ejus
1931 4792 2069 4844 diri-

496 4861 684 4938 piens,
719 4872 923 4923 ditatus
968 4881 1042 4922 est
1071 4912 1082 4930 ,
1119 4861 1597 4938 cunctbsquepiros
1639 4861 1965 4938 exercitales.
1992 4874 2074 4938 eat-

497 4931 740 5005 "meum
765 4981 780 5004 ,
826 4950 875 4995 et
910 4939 1084 5006 fugere
1113 4931 1511 5009 corripulit:;lis
1555 4947 1799 4986 consona
1820 4931 2073 5009 “tradunt

502 5000 611 5065 Leo
640 5000 917 5067 Ostiensis
953 5000 1051 5064 lib.
1086 5024 1139 5072 ι,
1182 5000 1304 5075 cap.
1356 5006 1447 5069 58,
1487 5012 1538 5075 et
1575 5011 1769 5057 auctor
1814 5000 2072 5075 QIIIOII‘iCi

501 5083 560 5136 S.
598 5080 867 5135 Vincentii
892 5120 907 5145 ,
953 5095 1095 5148 swpe
1126 5069 1171 5129 'a
1220 5069 1377 5150 nobis
1411 5074 1663 5150 laudatus
1706 5071 1857 5150 :_qui
1883 5069 2076 5150 “Ludo-

501 5153 679 5206 virum
735 5138 1000 5205 custodiae
1033 5138 1431 5219 ‘mancipatuni
1482 5138 2075 5219 fuisse‘ablAdelgiso

498 5230 763 5285 narrant;
820 5236 849 5272 a
906 5233 1014 5286 qua
1076 5207 1295 5286 quidem
1350 5213 1488 5267 infra
1539 5211 1909 5288 quadraginta
1960 5207 2075 5288 dies

498 5277 890 5346 innumerabili
926 5277 1325 5342 Saracenorum
1370 5277 1612 5337 exercitu
1663 5280 1731 5332 ab
1759 5277 1943 5331 Africa
1967 5277 2076 5346 _ad-

498 5344 786 5421 veniente,
840 5359 1102 5412 dimissus
1152 5364 1271 5416 est,
1324 5362 1385 5406 ut
1437 5353 1629 5421 scribit
1658 5348 1914 5401 laudatus
1965 5344 2075 5399 Leo

499 5420 797 5485 Ostiensis.
829 5430 895 5483 At
920 5430 1155 5498 scriptor
1188 5424 1480 5478 Annalium
1527 5420 1868 5498 Francorum
1916 5431 2078 5498 .men-

501 5501 642 5552 sium
691 5516 803 5554 rem
857 5500 1018 5570 paulo
1036 5485 1228 5570 'Aaliter
1278 5498 1463 5548 narrat
1493 5488 1707 5570 an..8.'t.l
1750 5485 2077 5554 :Adalgisus

501 5556 871 5634 imperatore";
922 5568 1500 5637 destitutumrsu‘orum
1563 5556 1789 5637 viribusu
1817 5571 2031 5637 cernens
2060 5594 2075 5614 ,

504 5636 815 5695 iamdudum
847 5648 1148 5699 conceptam
1190 5634 1522 5703 iniquitatem
1547 5634 1815 5703 parturit.
1862 5634 1910 5678 ει
1957 5637 2076 5703 Qui,”

502 5690 611 5760 suis
645 5706 945 5774 fautoribus
984 5690 1290 5770 Palatium;
1311 5703 1363 5756 in
1397 5716 1496 5769 qua
1540 5690 1829 5767 imperator
1860 5690 2079 5748 meridie

2174 4462 2386 4515 cemque
2442 4448 2629 4500 obnixe
2671 4449 2929 4516 deposcit.
2980 4449 3081 4501 Cui
3128 4465 3436 4517 responsum
3468 4448 3595 4511 est,
3647 4448 3749 4503 non

2175 4517 2333 4569 aliter
2379 4518 2544 4583 petita
2590 4520 2992 4585 impetraturum
3018 4557 3031 4578 ,
3066 4520 3170 4572 nisi
3202 4522 3346 4580 prius
3391 4520 3750 4586 jurejurando

2174 4586 2524 4655 promitteret,
2582 4602 2855 4656 nunquam
2886 4604 2939 4639 se
2972 4590 3152 4641 diebus
3182 4590 3299 4640 vitm
3328 4605 3438 4641 sua:
3471 4589 3749 4643 Beneventi

2175 4657 2701 4727 ﬁneseintraturum,
2736 4672 2896 4725 neque
2941 4671 3036 4722 pro
3086 4657 3387 4721 calumnia,
3416 4675 3573 4727 quam
3629 4669 3752 4711 tunc

2174 4725 2481 4794 patiebatur
2502 4766 2516 4788 ,
2549 4726 2835 4778 vindictam
2864 4727 3152 4793 aliquando
3187 4725 3520 4781 exacturum.
3555 4728 3750 4780 Allatis

2175 4798 2351 4864 itaque
2384 4807 2689 4848 sanctorum
2719 4795 3047 4863 pignoribus,
3090 4798 3393 4849 necessitate
3433 4799 3746 4861 rontrictus,

2177 4876 2568 4918 sacramentum
2600 4866 2737 4927 quod
2769 4865 2833 4934 ab
2862 4881 2921 4918 eo
2948 4865 3255 4934 exigebatur
3281 4866 3506 4934 juravit,
3537 4869 3751 4919 statim-

2177 4950 2273 5003 que
2312 4944 2519 4999 postero
2567 4935 2665 5003 die,
2695 4950 2727 4985 a
2778 4933 3067 4988 Benevento
3098 4936 3248 4988 exiit.
3298 4935 3421 4988 Mox
3458 4945 3645 4989 narrat
3692 4943 3751 4988 ut

2180 5002 2327 5073 anno
2360 5005 2610 5073 sequenti
2648 5002 2964 5058 Ludovicus
2997 5006 3294 5071 imperator
3327 5004 3554 5058 Romam
3585 5020 3750 5059 vene-

2179 5072 2383 5143 rit,et
2427 5072 2455 5125 a
2502 5072 2712 5126 Joanne
2763 5088 2900 5143 papa
2950 5074 3236 5129 absolutus
3286 5090 3313 5127 a
3369 5082 3750 5135 sacramento,

2180 5140 2497 5211 Adelgisum
2540 5140 3250 5212 tyrannumdenuntiatum
3279 5144 3330 5197 in
3366 5143 3645 5198 Corsicam
3679 5144 3753 5195 in-

2179 5226 2308 5278 gere
2334 5211 2682 5279 compulerit,
2719 5226 2782 5264 ac
2811 5211 3031 5265 tandem
3077 5212 3393 5268 Ludovicus
3430 5228 3575 5267 anno
3602 5212 3709 5267 874
3737 5250 3753 5273 ,

2179 5282 2346 5352 vitam
2421 5280 2644 5352 (inierit:
2720 5282 2986 5352 Caeterum
3040 5281 3107 5352 de
3170 5282 3428 5337 Ludovici
3501 5285 3753 5352 captione

2180 5351 2385 5422 similia
2426 5350 2590 5422 habet
2623 5347 2730 5404 Leo
2752 5349 3025 5405 Ostiensis
3057 5351 3153 5405 lib.
3189 5370 3225 5415 I,
3265 5367 3388 5422 cap.
3421 5353 3511 5416 38,
3548 5347 3638 5422 ubi
3684 5352 3755 5405 dc

2180 5418 2364 5489 Capua
2398 5434 2429 5471 a
2479 5417 2767 5474 Saracenis
2808 5422 3069 5485 obsessa,
3118 5430 3173 5475 et
3224 5437 3252 5474 a
3306 5417 3584 5477 Ludovico
3618 5421 3755 5475 fusis

2183 5489 2254 5541 ibi
2296 5491 2585 5561 Saracenis
2608 5490 2873 5561 nonnulla
2897 5530 2911 5552 ,
2954 5491 3088 5544 nihil
3122 5499 3303 5545 tamen
3339 5493 3405 5561 de
3440 5492 3615 5561 legato
3647 5490 3755 5544 Ca-

2183 5574 2497 5633 pannorum
2516 5560 2580 5613 ad
2607 5559 2867 5633 Basiliam
2900 5562 3102 5633 misso,
3134 5564 3201 5615 de
3231 5577 3341 5629 quo
3376 5559 3755 5633 Porpliyroge-

2184 5629 2357 5694 uitus,
2391 5627 2671 5685 Cedrenus
2705 5644 2768 5683 ac
2802 5628 3047 5685 Zonaras
3084 5627 3402 5700 loquuntur.
