4046 6208
317 348 422 413 261

1390 345 1484 404 DE
1525 345 2157 406 ADMINISTRANDO
2192 347 2533 409 IMI’ERiO.

3480 356 3585 424 262

313 464 597 536 ἐκρατήθη
628 461 779 531 παρα
803 460 907 512 τιῖν
930 459 1127 528 βιγλῶν
1166 458 1258 512 τοῦ
1291 459 1553 513 Σολδανοῦ
1575 475 1588 488 ’
1624 462 1894 529 προεγνὼ⁶

2003 462 2105 516 bus
2127 462 2599 517 coboncstaberis:
2622 464 2707 518 sin
2726 471 2851 517 ante
2872 478 2931 525 η,
2953 466 3090 520 mala
3116 475 3286 521 morte
3353 470 3581 538 peribis.

314 575 400 610 κει
430 558 539 626 γὰρ
574 556 602 607 ὁ
642 552 898 614 Σολδανδς
937 552 1033 621 τὴν
1059 553 1349 619 γεγονυῖαν
1404 552 1709 623 ἀποστολὴν
1758 554 1893 621 πρὸς

315 651 529 703 ἱκεσίαν
557 647 651 700 τοῦ
686 646 946 715 βασιλέως
984 644 1292 713 Ῥωμαίων,
1326 644 1419 697 καὶ
1442 646 1745 697 ὲπὺκτευσε
1774 642 1898 697 τοῦθ

316 759 410 793 τον
439 737 857 808 ἁποκρισιάριον
905 734 1083 789 αὐτῶν
1135 734 1430 805 κρατῆσαι,
1485 735 1619 804 ὅπερ
1672 735 1767 787 καὶ
1799 734 1895 802 γέ-

320 850 466 900 γονε.
500 829 876 900 Κρατηθέντος
907 827 963 881 δὲ
993 827 1158 879 αὑτοῦ
1190 826 1361 896 ἔμαθε
1392 828 1491 897 τὴν
1518 826 1895 879 ἀποτελεσθεί-

324 941 425 975 σαν
456 922 585 991 παρ’
612 918 772 974 αὑτοῦ
802 917 1071 982 δουλείαν,
1101 919 1196 971 καὶ
1225 918 1307 971 ὅτι
1350 918 1416 971 δι’
1442 918 1639 987 ὀλίγων
1672 918 1896 991 ἡμερῶν

326 1014 725 1084 γαταλαμὸἁνει
776 1013 809 1081 ἡ
858 1011 953 1064 τοῦ
1009 1011 1272 1081 βασιλέως
1314 1012 1599 1080 Ῥωμαίων
1649 1010 1893 1081 βοήθεια.

337 1108 394 1159 ’0
417 1107 469 1158 δὲ
500 1103 751 1165 Σολδανὸς
786 1098 905 1157 εἷπε
936 1102 1012 1173 τῷ
1053 1103 1200 1173 αὑτῷ
1225 1103 1628 1174 ἀποκρισιαρίῳ
1652 1146 1663 1166 ,
1698 1104 1780 1157 ὅτι
1834 1104 1895 1155 Ei

326 1196 554 1264 ποιήσεις
587 1196 727 1264 ὅπερ
766 1210 848 1245 σοι
882 1194 1041 1254 εἴπω,
1084 1194 1395 1264 ἐλευθερίας
1423 1197 1513 1246 καὶ
1549 1195 1769 1263 δωρεῶν
1793 1210 1891 1262 με-

318 1286 512 1353 γίστων
563 1286 885 1355 ἀξιωθησῃ·
934 1287 982 1336 εί
1028 1286 1085 1337 δὲ
1145 1287 1242 1356 μὴ,
1282 1286 1504 1355 πονηρῷ
1549 1286 1762 1354 θανάτῳ
1797 1285 1895 1355 τὴν

314 1375 456 1443 ζωὴν
509 1375 817 1437 ἀπολέσεις.
868 1373 973 1425 Τοῦ
1017 1374 1071 1425 δὲ
1124 1373 1499 1442 ὑποσχομένου
1544 1373 1895 1442 ἐκπληρῶσαι

312 1467 380 1517 τὰ
412 1467 745 1536 κελευόμενα
781 1464 949 1533 αὑτῷ,
981 1460 1131 1514 εἶπεν
1177 1464 1205 1514 ὁ
1249 1462 1505 1523 Σολδανδς
1537 1463 1672 1531 πρὸς
1713 1464 1896 1528 αὑτὸν,

309 1560 393 1610 ὃτι
419 1559 639 1611 Κελεὺω
676 1556 866 1625 στῆναί
893 1573 948 1607 σε
976 1555 1200 1623 πλησίον
1233 1555 1324 1607 τοῦ
1350 1556 1579 1625 τείχους,
1610 1557 1701 1607 καὶ
1728 1571 1897 1625 προσ-

310 1649 645 1703 καλέσασθαι
689 1649 814 1709 τοὺς
858 1647 1289 1708 ἀποστείλαντάς
1322 1664 1402 1713 σε,
1432 1648 1524 1700 καὶ
1553 1648 1728 1699 εἰπεῖν
1760 1646 1899 1715 πρὸς

310 1742 513 1803 αὑτούς
542 1760 553 1773 ·
600 1739 741 1807 Ἐγὼ
768 1738 867 1809 μὲν
900 1740 1000 1809 τὴν
1033 1740 1279 1793 δουλείαν
1310 1742 1374 1811 ἣν
1402 1739 1633 1809 ὤφειλον
1671 1739 1896 1808 ποιῆσαι

315 1832 611 1899 πεποίηκα,
670 1830 763 1884 καὶ
812 1831 901 1885 τὸν
960 1832 1183 1900 βασιλέα
1226 1832 1512 1902 Ῥωμαίων
1564 1830 1693 1901 περὶ
1738 1830 1892 1900 ὑμῶν

315 1922 673 1987 ὲδυσιῦπησα⁸
707 1922 845 1991 πλὴν
884 1921 974 1975 οὖν
1006 1922 1325 1989 γινώσκετε,
1353 1923 1433 1974 ὅτι
1467 1923 1544 1985 είς
1583 1922 1737 1974 κενὸν
1770 1921 1891 1988 ἐγέο

316 2029 437 2064 νετο
478 2015 511 2078 ἡ
551 2012 667 2073 ὁδός
704 2029 827 2080 μου,
866 2014 959 2062 καὶ
994 2014 1021 2062 ὁ
1060 2010 1312 2079 βασιλεὺς
1358 2010 1681 2079 πάμφαυλον
1728 2010 1891 2076 ἔθηκε

321 2100 417 2168 τὴν
452 2101 577 2167 παρ’
610 2101 763 2169 ὑμῶν
818 2102 1103 2167 γεγονυῖαν
1133 2100 1363 2162 ἱκεσίαν,
1420 2101 1512 2151 καί
1543 2100 1650 2152 ἀπὸ
1678 2100 1771 2153 τοῦ
1804 2100 1895 2169 βα-

322 2192 514 2253 σιλέως
557 2190 630 2262 μὴ
674 2191 919 2254 ἐλπίζετε
952 2190 1219 2260 βοήθειαν.
1266 2189 1373 2243 Τοῦ
1401 2189 1471 2257 ,δὲ
1524 2191 1896 2262 ὑποσχομένου

315 2281 484 2333 ταῦτα
520 2283 658 2349 μετὰ
706 2284 880 2353 χαρᾶς
907 2282 1018 2353 (18)
1054 2281 1431 2352 ἐκπληρῶσαι,
1481 2284 1689 2353 ἤγαγον
1736 2282 1898 2335 αὑτὸν

314 2372 542 2441 πλησίον
570 2371 662 2424 τοῦ
691 2374 948 2443 κάστρου,
988 2374 1081 2427 καὶ
1104 2375 1162 2425 ἐν
1190 2373 1365 2425 οὐδενὶ
1391 2373 1619 2440 θέμενος
1651 2374 1717 2427 τὰ
1745 2375 1897 2445 παρὰ

314 2464 407 2517 τοῦ
459 2464 717 2516 Σολδανοῦ
772 2465 1010 2535 ρηθέντα
1066 2464 1265 2531 πάντα,
1327 2466 1465 2536 μήτε
1512 2466 1612 2529 τὰς
1663 2467 1896 2528 ἀπειλὰς

312 2556 479 2609 αὑτοῦ
531 2557 809 2625 φοϐηθεὶς,
854 2559 991 2626 μήτε
1031 2556 1151 2619 ταῖς
1190 2556 1551 2625 ὑποσχέσεσιν
1572 2555 1740 2609 αὑτοῦ
1774 2572 1892 2608 πει-

314 2651 481 2715 σθεὶς,
514 2650 649 2704 ἀλλὰ
694 2652 785 2704 τὸν
814 2650 907 2703 τοῦ
938 2648 1075 2703 Θεοῦ
1112 2648 1278 2719 φόϐον
1306 2649 1363 2702 ὲν
1391 2652 1457 2720 τῇ
1505 2649 1701 2720 καρδίᾳ
1726 2648 1892 2702 αὑτοῦ

312 2742 542 2811 θέμενος
574 2740 911 2807 διελογίσατο
950 2741 1007 2792 ἐν
1042 2739 1241 2811 ἐαυτῷ,
1282 2741 1364 2793 ὃτι
1394 2740 1686 2809 Συμφέρον
1742 2740 1894 2793 ἐστὶν

312 2834 412 2901 ἐμὲ
452 2834 611 2902 μόνον
659 2832 975 2895 ἀποθανεῖν,
1024 2833 1119 2885 καὶ
1168 2832 1242 2902 μὴ
1282 2831 1540 2895 τοιαύτας
1580 2830 1757 2901 ψυχὰς
1804 2831 1893 2883 διὰ

312 2926 475 2993 λόγου
528 2924 853 2994 παγιδεῦσαι
890 2924 983 2977 καὶ
1028 2923 1317 2994 προδοῦναι
1364 2925 1444 2988 είς
1484 2924 1717 2978 θάνατον
1745 2940 1759 2955 °
1799 2923 1895 2976 καὶ

308 3017 375 3085 δὴ
413 3016 637 3085 πλησίον
670 3015 765 3068 τοῦ
806 3018 1021 3085 τείχους
1070 3014 1235 3067 αὑτοῦ
1271 3016 1589 3084 γενομένου,
1637 3015 1730 3068 καὶ
1760 3015 1895 3068 πάνο

309 3127 411 3170 τας
457 3110 582 3170 τοὺς
637 3108 906 3178 ἄρχοντας
971 3106 1516 3177 προσκαλεσαμένου,
1571 3102 1693 3159 εἷπε
1753 3107 1890 3176 πρὸς

311 3202 441 3262 ’.οὓς
494 3200 915 3263 ἑξουσιάσαντας
970 3197 1064 3250 τοῦ
1126 3197 1369 3251 τοιούτου
1428 3199 1697 3269 κάστρου⁸
1757 3196 1899 3265 Ἐγὼ

313 3294 435 3360 μὲν,
456 3291 633 3361 κύριοί
665 3308 792 3357 μου,
813 3291 910 3358 τὴν
949 3288 1227 3343 διακονίαν
1259 3306 1361 3360 μου
1395 3290 1771 3360 ἐξεπλήρωσα,
1804 3290 1899 3341 καὶ

310 3387 379 3435 sit
429 3382 580 3453 παρᾶ
612 3381 705 3434 τοῦ
761 3382 1023 3451 βασιλέως
1074 3381 1365 3452 Ῥωμαίων
1400 3381 1715 3452 δηλωθέντα
1766 3382 1897 3452 ὑμῖν

310 3474 644 3543 ἀπαγγελῶ*
699 3474 836 3543 πλὴν
893 3475 1096 3543 ὁρκίζω
1143 3474 1288 3541 ὑμᾶς
1339 3475 1418 3536 είς
1472 3474 1564 3525 τὸν
1623 3473 1749 3526 Υίὸν
1796 3473 1893 3526 τοῦ

310 3568 448 3620 θεοῦ
483 3572 575 3621 καὶ
598 3570 679 3631 είς
711 3565 809 3638 τὴν
838 3567 1111 3639 σωτηρίαν
1144 3565 1348 3629 παντὸς
1382 3564 1473 3619 τοῦ
1511 3566 1772 3637 κάστρου,
1802 3565 1897 3619 καὶ

309 3663 495 3716 αὑτῶν
546 3662 655 3715 τῶν
711 3661 898 3731 ψυχῶν
933 3661 1107 3730 ὑμῶν,
1161 3662 1247 3714 ἵνα
1282 3662 1403 3714 ἀντὶ
1438 3659 1572 3727 ἐμοῦ
1604 3662 1895 3732 εὐεργετή-

310 3772 443 3824 σητε
471 3754 539 3807 τα
594 3754 761 3806 τέκνα
813 3771 937 3822 μου,
972 3754 1067 3806 καὶ
1088 3753 1186 3824 τὴν
1220 3750 1547 3815 ἐλπίζουσαν
1602 3752 1895 3805 ἀπολαϐεῖν

312 3865 379 3916 με
416 3845 648 3915 σύμϐιον
692 3862 837 3913 μουο
895 3846 971 3907 ὼς
1019 3844 1127 3912 γὰρ
1178 3845 1441 3911 ποιήσητε
1497 3842 1635 3910 μετὰ
1687 3841 1891 3904 αὑτῶν,

307 3940 464 4007 παρὰ
505 3937 600 3991 τοῦ
652 3937 861 3989 δικαίου
894 3937 988 3989 καὶ
1026 3936 1422 4004 μισθαποδότου
1476 3932 1682 4000 ἀγαθοῦ
1730 3928 1891 3992 Θεοῦ,

312 4032 600 4100 μέλλοντος
648 4032 830 4098 κρῖναι
882 4028 1091 4093 ζῶντας
1139 4028 1233 4080 καὶ
1290 4024 1655 4097 νεκροὺς,τὸν
1703 4020 1894 4092 μισθὸν

308 4123 680 4194 ἀπολήψεσθε.
710 4124 816 4176 Καὶ
842 4122 1017 4175 ταῦτα
1040 4119 1212 4174 εἰπὼν
1248 4118 1666 4188 παρεθάρρυνεν
1698 4114 1895 4176 αὐτοὺς

307 4216 485 4283 λέγων
506 4233 519 4247 ⁸
568 4216 708 4282 Ἐγὼ
740 4216 838 4283 μὲν
868 4214 976 4267 ἀπὸ
1017 4213 1112 4266 τοῦ
1141 4212 1400 4264 Σολδανοῦ
1442 4208 1770 4278 ἀπολοῦμαι,
1801 4207 1894 4258 καὶ

1997 552 2245 620 Cumque
2262 553 2473 623 legatus
2493 555 2763 607 facturum
2801 571 2861 611 se
2895 556 3145 610 mandata
3185 558 3462 626 pollicitus
3495 576 3586 615 es-

1997 643 2251 708 set,dixit
2272 644 2319 697 ei
2343 643 2898 700 Soldanuszlnbeote
2912 647 3158 715 proxime
3183 663 3365 701 muros
3390 650 3583 705 sistere

1998 747 2061 788 ac
2086 749 2204 797 eos,
2237 735 2329 804 qui
2364 746 2414 787 te
2442 736 2711 790 miserunt
2734 738 3024 802 advocare,
3049 738 3293 806 ipsisque
3345 739 3525 794 dicere
3560 757 3578 795 :

1997 826 2110 898 Ego
2140 827 2357 897 quidem
2390 827 2535 898 quod
2560 828 2713 883 vobis
2736 828 2969 882 oiIicium
2985 828 3147 884 debui
3203 831 3451 899 praestiti,
3479 832 3584 884 im-

1997 928 2417 991 peratoremque
2441 920 2743 975 Romanum
2763 937 2860 990 pro
2887 922 3042 976 vobis
3066 922 3241 984 oravi,
3265 938 3453 977 verum
3476 937 3575 976 no-

2000 1018 2110 1062 tum
2143 1007 2298 1063 vobis
2316 1010 2458 1073 volo,
2482 1008 2682 1064 frustra
2722 1010 2850 1063 mihi
2897 1020 3205 1080 susceptam
3235 1012 3374 1066 hanc
3402 1012 3579 1080 profe-

1997 1100 2238 1156 Ctionem
2268 1100 2478 1167 fuisse;
2512 1112 2566 1158 et
2600 1104 3066 1173 supplicationem
3118 1111 3354 1157 vestram
3402 1106 3575 1173 impe-

1998 1198 2152 1243 rator
2184 1191 2393 1258 rejecit,
2434 1209 2610 1261 nequc
2641 1194 2901 1264 estquod
2958 1208 3116 1263 opem
3157 1196 3224 1248 ab
3276 1196 3369 1249 illo
3416 1197 3580 1248 ullam

1999 1282 2355 1351 exspectetis.
2390 1281 2592 1353 Legato
2610 1292 2791 1338 autem
2823 1285 2935 1337 ba'c
2963 1300 3021 1339 se
3040 1293 3431 1339 exsecuturum
3456 1300 3579 1339 cmn

2000 1373 2187 1427 laetitia
2229 1374 2600 1443 promittente,
2650 1376 2714 1429 ad
2766 1377 2957 1430 urbem
3000 1392 3124 1431 eum
3173 1376 3470 1432 duxerunt.
3512 1376 3581 1429 At

2002 1468 2204 1536 spretis
2239 1468 2495 1521 omnibus
2519 1484 2640 1535 quae
2678 1468 2959 1520 Soldanus
2988 1467 3220 1533 dixerat,
3255 1481 3432 1535 neque
3476 1464 3581 1519 mi-

2003 1558 2090 1611 nis
2134 1557 2253 1624 ejus
2295 1558 2543 1620 tcrritus,
2605 1572 2782 1622 neque
2838 1558 3324 1623 pollicitationibus
3359 1572 3583 1627 persua-

2002 1664 2120 1713 sus,
2151 1648 2242 1701 sed
2280 1647 2370 1701 Dei
2399 1648 2650 1700 timorem
2691 1648 2743 1699 in
2773 1658 2997 1714 pectore
3027 1649 3132 1717 91
3164 1661 3414 1717 gestans,
3461 1650 3577 1703 haec

2004 1742 2057 1795 in
2095 1739 2281 1794 animo
2332 1738 2592 1807 cogitavit
2630 1755 2642 1790 :
2686 1736 2873 1791 Satius
2914 1746 2999 1790 cst
3063 1754 3230 1790 ttnmn
3289 1756 3373 1793 me
3421 1744 3579 1804 mori,

1996 1846 2161 1902 quam
2201 1839 2276 1884 tot
2310 1831 2524 1884 animas
2563 1828 2732 1883 verbo
2768 1828 3097 1898 compediri,
3135 1839 3188 1881 et
3239 1829 3304 1881 ad
3351 1839 3580 1883 mortem

1991 1925 2170 1997 prodi.
2225 1923 2289 1977 Et
2326 1939 2461 1978 sane
2488 1938 2613 1976 cum
2642 1923 2893 1992 proxime
2918 1937 3110 1976 muros
3160 1932 3326 1980 esset.
3361 1938 3582 1976 omnes-

1993 2033 2101 2087 que
2136 2018 2407 2086 principes
2437 2018 2777 2078 advocassct,
2815 2015 2886 2067 ita
2921 2014 3077 2069 urbis
3108 2015 3369 2083 primates
3442 2015 3583 2066 allo-

1996 2119 2158 2161 cutus
2190 2118 2273 2162 est
2307 2125 2321 2161 ι
2355 2109 2465 2178 Ego
2503 2108 2747 2177 quidem,
2808 2108 3015 2161 domini
3080 2107 3206 2169 mei.
3242 2106 3420 2161 ollicio
3461 2122 3584 2159 meo

1999 2198 2293 2253 defunctus
2321 2214 2465 2261 sum,
2512 2206 2567 2252 et
2598 2214 2720 2267 quae
2791 2200 3083 2268 signiﬁcari
3118 2200 3271 2254 vobis
3303 2198 3584 2253 Romanu-

2000 2304 2122 2344 rum
2179 2290 2480 2359 imperator
2522 2290 2692 2358 jussit
2736 2290 3047 2344 nuntiabo:
3094 2300 3147 2343 at
3192 2290 3437 2344 obtestor
3483 2305 3579 2344 vos

1999 2398 2094 2452 per
2118 2380 2315 2435 Filium
2351 2382 2466 2444 Dei,
2496 2380 2761 2449 urbisque
2822 2390 3013 2434 vestra:
3053 2382 3338 2444 universa},
3371 2389 3423 2435 et
3463 2382 3582 2436 ani-

1997 2487 2212 2525 marum
2238 2479 2545 2525 vestrarum
2572 2472 2829 2533 salutem,
2864 2471 2939 2523 uti
2969 2486 3064 2538 pro
3094 2486 3178 2525 me
3213 2470 3573 2525 benefaciatis

1998 2562 2193 2617 liberis
2226 2562 2384 2623 meis,
2421 2570 2476 2616 et
2518 2578 2639 2631 qua:
2669 2578 2754 2615 tne
2787 2562 3049 2630 amplecti
3088 2571 3273 2630 sperat
3299 2562 3518 2630 conjngi
3553 2579 3568 2614 :

1998 2652 2465 2722 quemadmodum
2490 2652 2635 2707 enim
2689 2652 2794 2706 illis
2849 2650 3115 2714 feceritis,
3155 2652 3226 2704 ita
3265 2668 3292 2705 a
3321 2651 3474 2721 justo
3527 2662 3578 2703 et

1995 2742 2264 2796 bonorum
2326 2751 2739 2796 remuneratore
2790 2740 2922 2804 Deo,
2977 2742 3068 2809 qui
3103 2741 3453 2811 judicaturus
3495 2752 3579 2796 est

1995 2838 2150 2891 vivos
2180 2844 2234 2889 ct
2268 2845 2533 2899 mortuos,
2572 2836 2876 2889 mercedem
2929 2832 3224 2903 recipietis.
3256 2831 3319 2884 Et
3350 2833 3463 2886 bmc
3494 2835 3573 2883 lo-

1997 2938 2161 2983 cutus
2192 2928 2377 2982 animo
2418 2928 2542 2981 illos
2574 2928 2718 2981 bono
2748 2942 2869 2982 esse
2915 2926 3102 2995 jussit,
3138 2925 3393 2993 inquiens
3420 2942 3432 2976 :
3464 2924 3575 2993 ligo

2000 3019 2247 3090 profecto
2286 3020 2351 3074 de
2385 3021 2493 3073 vita
2560 3019 2863 3088 periclitor,
2906 3030 2957 3072 et
2988 3033 3019 3071 a
3068 3014 3310 3071 Soldano
3363 3016 3573 3070 interﬁ-

1920 3126 1963 3183 ο
2000 3113 2113 3169 ciar
2142 3128 2155 3165 :
2187 3128 2285 3167 vos
2311 3122 2498 3165 autem
2529 3112 2767 3166 resistite
2790 3111 3024 3175 fortiter,
3052 3126 3225 3179 neque
3246 3111 3447 3171 timete,
3483 3110 3577 3163 sed

2004 3215 2320 3277 ex5pectate
2347 3206 2659 3275 paulisper;
2695 3214 2812 3273 post
2847 3219 3049 3273 paucos
3072 3204 3273 3272 quippe
3302 3204 3419 3256 dies
3455 3202 3581 3254 ade-

1999 3309 2128 3353 runt
2198 3298 2403 3352 auxilia
2472 3298 2540 3351 ab
2598 3297 2926 3365 imperatore
2995 3294 3369 3347 Romanorum
3421 3294 3581 3346 Vobis

1998 3387 2184 3441 missa.
2221 3387 2459 3456 Legatus
2492 3401 2619 3440 vero
2653 3402 2776 3440 cum
2804 3385 2919 3438 lure
2951 3384 3115 3437 verba
3139 3382 3579 3451 pronuntiasset,

1997 3478 2221 3534 Soldani
2280 3479 2484 3534 milites
2516 3480 2608 3548 qui
2644 3496 2767 3534 eum
2806 3476 3169 3542 deduxerant,
3210 3473 3417 3528 auditis
3458 3490 3581 3542 que

1993 3582 2191 3642 praeter
2209 3572 2677 3641 exspectationem
2708 3571 2926 3627 locutus
2956 3576 3095 3634 erat,
3127 3567 3384 3621 dentibus
3411 3580 3578 3635 super

1992 3680 2115 3720 eum
2141 3663 2469 3725 stridebant,
2504 3678 2567 3715 ac
2600 3672 2986 3731 procurrentes
3010 3660 3263 3714 certatim
3291 3659 3469 3727 ipsum
3490 3658 3576 3710 in~

1994 3754 2290 3807 terliciunt.
2320 3750 2393 3806 Eo
2417 3761 2598 3806 autem
2640 3752 2845 3809 occiso.
2876 3749 3148 3804 Soldanus
3176 3750 3574 3802 validissimum

2005 3841 2357 3910 imperatoris
2391 3841 2693 3893 exercitum
2732 3840 2823 3907 qui
2857 3840 3184 3892 adventabat
3224 3848 3475 3891 metuens
3508 3837 3574 3887 ad

1996 3944 2096 3984 sua
2129 3928 2455 3997 regreditur.
2518 3928 2584 3979 Et
2636 3944 2703 3980 ex
2738 3929 2831 3979 illo
2886 3936 3126 3994 tempore
3158 3928 3209 3979 in
3247 3927 3572 3978 hodiernum

2005 4034 2177 4090 usque
2206 4020 2347 4073 diem
2373 4018 2615 4086 Capuani
2649 4033 2711 4070 ac
2745 4017 3112 4070 Beneventani
3167 4016 3269 4069 sub
3304 4024 3576 4084 potestate

2007 4110 2237 4165 Rmnani
2291 4108 2638 4178 imperatoris
2671 4107 2898 4177 degunt,
2954 4105 3189 4175 ipsique,
3244 4114 3463 4175 propter
3492 4106 3574 4158 in-

2002 4220 2136 4273 gens
2167 4202 2269 4256 hoc
2310 4202 2361 4254 in
2387 4202 2510 4255 illos
2533 4201 2790 4255 collatum
2826 4199 3173 4262 beneﬁcium,
3205 4199 3363 4269 plene
3392 4198 3575 4266 subje-

308 4306 441 4373 περὶ
490 4305 586 4375 τὴν
633 4304 778 4375 ζωὴν
828 4304 1159 4357 κινδυνεὺωτ
1199 4304 1358 4371 ὑμεῖς
1400 4302 1456 4353 δὲ
1490 4301 1652 4369 στῆτε
1688 4299 1893 4369 ἑδραῖοι

2001 4296 2071 4350 cti
2101 4296 2369 4348 serviunt.

309 4398 408 4451 καὶ
444 4398 517 4467 μὴ
546 4397 981 4467 δειλανδρήσητε,
1026 4396 1138 4448 ἁλλ’
1168 4396 1495 4465 ὑπομείνατε
1540 4392 1760 4461 μικρὸν,
1795 4390 1888 4443 καὶ
1926 4390 2005 4452 είς
2033 4388 2214 4455 ὀλίγον
2263 4385 2491 4457 ἡμερῶν
2523 4385 2719 4455 φθάσει
2755 4385 2787 4453 ἡ
2853 4380 3220 4438 ἀποσταλεῖσα
3290 4380 3419 4448 ὑμῖν
3468 4395 3573 4428 σω-

307 4490 479 4560 τηρία
520 4488 670 4558 παρὰ
702 4489 795 4542 τοῦ
842 4487 1108 4557 βασιλέως
1145 4487 1452 4556 Ῥωμαίων.
1490 4484 1677 4537 Ταῦτα
1700 4484 1755 4535 δὲ
1797 4481 1959 4534 αὑτοῦ
1986 4481 2253 4542 εἰπόντος,
2290 4480 2339 4532 οἱ
2368 4480 2692 4549 κατέχοντες
2754 4476 2917 4529 αὑτὸν
2952 4476 3144 4526 οἰκεῖοι
3215 4472 3308 4525 τοῦ
3374 4471 3572 4523 Σνιλδα-

312 4585 406 4637 νοῦ
466 4584 613 4651 παρὰ
669 4577 999 4649 προσδοκίαν
1052 4577 1119 4629 τὰ
1193 4576 1320 4644 παρ’
1378 4573 1542 4627 αὑτοῦ
1590 4571 1895 4641 λαληθέντα
1931 4570 2287 4632 ἀκούσαντες,
2337 4568 2570 4639 ἑὸρυξαν
2621 4569 2706 4620 ἐπ’
2750 4568 2914 4619 αὑτὸν
2993 4565 3118 4626 τοὺς
3191 4564 3431 4626 ὀδόντας,
3483 4565 3573 4616 καὶ

309 4676 394 4741 εἷς
423 4678 517 4729 τοῦ
553 4676 741 4746 ἑτέρου
774 4673 1126 4743 προέτρεχον,
1153 4673 1235 4734 τίς
1276 4672 1383 4741 ἄρα
1447 4670 1545 4738 τῆς
1591 4668 1758 4722 αὑτοῦ
1832 4666 2049 4733 σφαγῆς
2100 4665 2307 4732 γένειεν
2357 4663 2657 4729 αὐτουργός
2707 4662 2841 4732 (19).
2921 4658 3027 4712 Τοῦ
3078 4658 3133 4711 δὲ
3216 4656 3343 4722 παρ’
3394 4654 3574 4709 αὑτῶν

310 4767 710 4838 ἀναιρεθέντος,
746 4764 1053 4833 πτοηθειςὸ
1084 4763 1339 4825 Σολδσνδς
1361 4764 1461 4831 τὴν
1522 4761 1615 4814 τοῦ
1692 4758 1957 4829 βασιλέως
1994 4757 2298 4827 ἐρχομένην
2350 4755 2692 4821 δυναστείαν,
2754 4752 3094 4823 ὑπέστρεψεν
3148 4752 3229 4813 είς
3284 4750 3381 4818 τὴν
3438 4750 3573 4801 ἰδίαν

313 4864 519 4934 χώραν.
556 4864 667 4917 Καὶ
714 4862 899 4914 ἔκτοτε
932 4863 1025 4913 καὶ
1083 4862 1243 4930 μέχρι
1278 4858 1370 4911 tu?)
1424 4858 1518 4909 νῦν
1560 4858 1654 4910 καὶ
1704 4857 1752 4907 οἱ
1791 4856 1890 4923 τῆς
1931 4852 2167 4922 Καπύης
2207 4852 2301 4904 καὶ
2344 4852 2393 4904 οἱ
2426 4853 2524 4919 τῆς
2566 4847 2884 4901 Βενεϐενδοῦ
2918 4847 3055 4899 εἰσὶν
3088 4846 3190 4897 ὑπὸ
3262 4846 3360 4912 τὴν
3420 4844 3572 4907 ἔξου-

317 4955 442 5007 σίαν
470 4955 577 5007 τῶν
611 4952 899 5023 Ῥωμαίων
922 4951 999 5012 εἰς
1029 4948 1243 5001 τελείαν
1268 4947 1527 5000 δούλωσιν
1557 4943 1650 4997 καὶ
1688 4944 1990 5012 ὑποταγὴν,
2021 4941 2109 4993 διὰ
2132 4941 2230 5011 τὴν
2275 4942 2356 5002 είς
2398 4940 2594 5001 αὑτοὺς
2673 4938 2974 5007 γενομένην
3047 4934 3290 5005 μεγάλην
3354 4931 3560 5001 ταύτην

315 5048 659 5120 εὐεργεσίαν.

392 5150 518 5202 Ὀτι
549 5146 607 5197 τὸ
631 5142 866 5210 κάστρον
892 5138 986 5192 τοῦ
1022 5137 1303 5192 Ῥαουσίου
1332 5136 1392 5189 οὑ
1426 5134 1671 5189 καλεῖται
1705 5133 1894 5186 Ῥαοὺ-

315 5259 385 5311 crq
416 5242 483 5308 τῇ
531 5234 818 5303 Ῥωμαίων
868 5228 1154 5298 διαλέκτῳ,
1204 5228 1318 5281 ἀλλ’
1370 5227 1493 5279 ἐπεὶ
1546 5225 1732 5278 ἐπάνω
1784 5224 1893 5275 τῶν

313 5329 581 5401 κρημνῶν
632 5327 869 5384 ἵσταται,
926 5321 1143 5388 λέγεται
1204 5318 1504 5388 Ῥωμαϊστὶ
1555 5318 1583 5369 ὁ
1626 5314 1890 5385 κρημνὸς,

314 5422 449 5477 λαοῦ
490 5421 600 5492 (20)
627 5436 641 5449 ·
678 5414 986 5485 ἐκλήθησαν
1014 5412 1071 5465 δὲ
1092 5414 1156 5464 ὲκ
1187 5412 1378 5465 τούτου
1414 5413 1693 5471 Λαυσαῖοι,
1730 5409 1895 5479 ἣγουν

2075 5125 2218 5181 Urbs
2248 5123 2517 5178 Rausium
2558 5136 2665 5177 non
2713 5121 3021 5190 appellatur
3071 5115 3333 5169 Rausium
3384 5108 3571 5163 Grzeca

2001 5219 2209 5288 lingua,
2245 5216 2338 5273 sed
2374 5217 2504 5285 quia
2558 5215 2614 5268 in
2663 5214 2798 5267 locis
2856 5209 3147 5282 praeruptis
3198 5203 3377 5276 posita
3442 5208 3570 5263 est,

2000 5311 2366 5383 przecipitium
2395 5308 2587 5363 Grmce
2612 5316 2837 5361 vocatur
2866 5301 3004 5365 Λαῦ,
3031 5301 3171 5353 unde
3200 5291 3572 5350 inhabitantes

2004 5404 2306 5474 nunettpati
2334 5410 2465 5457 sunt
2506 5400 2735 5461 Lausaai,
2773 5398 2824 5452 id
2859 5404 2967 5458 est,
3020 5388 3381 5464 praacipitium
3439 5384 3574 5440 insi-

1439 5522 1736 5580 ANSEIAII
1781 5518 2101 5575 BANDURII
2142 5516 2381 5575 ΝΟΤᾸΞ.

389 5630 503 5704 (l8)
544 5628 638 5704 _Sic
672 5646 736 5685 ex
773 5646 877 5704 ms.
909 5628 1116 5704 codice;
1183 5692 1205 5704 _
1359 5692 1385 5704 _
1503 5688 1515 5704 ο
1596 5686 1619 5697 ,
1685 5683 1851 5704 ηψπ

396 5692 507 5771 (19)
544 5698 598 5753 In
632 5717 733 5755 ms.
778 5702 974 5771 legitur
998 5739 1012 5762 ,
1055 5695 1138 5759 τίς
1177 5692 1282 5766 ἄρα
1324 5692 1422 5760 τῆς
1456 5692 1622 5742 αὐτοῦ
1678 5692 1890 5753 σφαγὴς

318 5772 509 5843 γέγονε
545 5770 868 5844 αὐτουργός.

2072 5612 2182 5681 (20)
2218 5610 2319 5681 Sic,
2348 5608 2581 5681 habetur
2611 5615 2663 5681 et
2697 5594 3249 5681 inlmss._.1\t‘Grae'cis
3278 5594 3433 5681 λᾶας,
3473 5594 3568 5649 τοῦ

1999 5665 2199 5744 λάσιος.
2243 5680 2324 5734 vel
2370 5679 2525 5740 λᾶας,
2574 5673 2666 5727 τοῦ
2715 5673 2881 5744 λᾴου,
2905 5666 3106 5721 dicitur
3154 5665 3573 5744 I.apis._Ne_que

2001 5735 2114 5809 sata
2145 5735 2277 5806 urbs
2310 5735 2551 5802 nausina
2577 5785 2590 5811 ,
2617 5741 2760 5813 quod
2791 5742 2843 5795 in
2871 5741 2992 5794 loco
3023 5749 3297 5810 pta-rupto
3324 5737 3428 5792 sita
3451 5735 3571 5791 fur:-
