4046 6208
473 332 580 394 2'63

1505 324 2012 389 CONSTANTINI
2051 324 2730 386 PORPIIYROGENITI

3633 324 3739 387 est

475 448 688 504 dentes.
721 443 1039 500 Communis
1071 455 1200 495 vero
1242 455 1402 506 usus,
1435 441 1530 510 qui
1564 454 1707 508 saepe
1739 438 2048 491 litterarum

2172 439 2202 489 ›ἱ
2237 436 2590 506 καθεζόμενοι
2635 436 2713 498 εἰς
2748 434 2838 487 τὸν
2879 434 3146 505 κρημνόν.
3194 434 3257 486 Ἡ
3310 434 3365 487 δὲ
3411 437 3563 505 κοινὴ
3615 454 3742 490 συν-

478 534 912 592 commutatione
943 530 1169 584 nomina
1200 530 1530 599 corrumpit,
1576 536 1914 584 commutato
1948 540 2049 580 no.

481 629 628 682 mine
661 625 927 680 Rausmos
970 623 1288 693 appellavit.
1337 624 1518 692 Atque
1569 622 1624 675 hi
1676 622 1780 691 ipsi
1841 618 2057 675 Rausaei

480 723 613 778 olim
642 724 938 773 tenuerunt
965 718 1152 772 urbem
1194 715 1531 785 Epidaurum
1563 722 1963 783 nuncupatam,
2001 720 2056 766 at

479 820 671 881 postea
726 824 848 863 cum
905 808 1134 876 reliquae
1203 808 1368 862 urbes
1413 815 1739 876 expugnata:
1791 811 1980 859 essent
2029 817 2058 855 a

484 901 720 964 Sclavis,
751 901 844 970 qui
878 900 931 954 in
966 900 1072 955 hoc
1099 899 1339 954 themate
1387 909 1537 962 sunt,
1574 899 1689 952 haec
1720 897 1884 951 etiam
1928 895 2059 950 urbs

486 991 555 1045 ab
584 991 720 1060 ipsis
753 999 912 1058 capta
943 989 1045 1042 fuit
1085 1005 1099 1041 :
1126 998 1180 1042 et
1211 989 1414 1042 civium
1442 988 1536 1040 alii
1569 986 1793 1056 quidem
1825 984 2057 1039 interie-

483 1084 557 1136 cti
593 1083 746 1137 fuere
779 1100 794 1148 ;
828 1082 920 1135 alii
949 1096 1082 1136 vero
1104 1082 1160 1135 in
1186 1081 1420 1135 vinculis
1449 1080 1693 1140 abducti.
1738 1078 1843 1144 Qui
1876 1086 2059 1132 autem

489 1176 614 1245 iuga
674 1176 911 1230 salutem
977 1174 1228 1229 invenire
1270 1181 1585 1243 potuerunt,
1632 1173 1750 1226 loca
1794 1179 2064 1242 przerupta

490 1267 895 1321 inhabitarunt.
941 1265 1043 1320 Ubi
1081 1280 1227 1320 nunc
1262 1266 1395 1320 urbs
1451 1274 1556 1328 est,
1594 1265 1772 1333 primo
1809 1264 2061 1334 exiguam

490 1359 636 1412 illam
669 1357 1028 1421 aediﬁcantes,
1070 1366 1124 1411 et
1165 1364 1352 1426 postea
1389 1358 1586 1412 iterum
1622 1355 1908 1424 majorem,
1941 1369 2064 1407 mox

493 1463 709 1502 rursum
738 1457 790 1502 et
812 1458 1065 1516 quartum
1093 1448 1356 1516 paulatim
1382 1456 1542 1500 aucta
1573 1443 1932 1499 multitudine
1964 1457 2064 1512 po—

493 1541 684 1596 mmria
711 1541 1082 1608 protulerunt.
1109 1538 1185 1592 Ex
1215 1539 1282 1594 iis
1313 1549 1495 1592 autem
1527 1540 1620 1607 qui
1650 1536 1870 1591 aliunde
1891 1535 2066 1590 demi—

492 1638 722 1699 grarunt
746 1629 1070 1700 liagusium,
1097 1629 1151 1682 hi
1183 1637 1316 1684 sunt
1343 1647 1355 1682 :
1383 1627 1706 1699 Gregorius,
1740 1626 2066 1696 Arsaphius,

494 1718 836 1781 Victorinus,
907 1716 1165 1781 Vitalius,
1233 1717 1560 1775 Valentinus
1618 1717 2066 1780 archidiaconus,

2167 527 2348 598 ήθεια,
2400 529 2434 596 ἡ
2498 526 2758 588 πολλάκις
2822 524 3264 596 μεταφθείρουσα
3291 525 3358 578 τὰ
3385 526 3625 596 ὀνόματα
3672 531 3741 601 τῇ

2158 616 2427 687 ὲναλλαγῇ
2477 616 2585 670 τῶν
2631 618 2994 686 γραμμάτων,
3049 615 3434 685 μεταϐαλοῦσα
3473 616 3573 687 τὴν
3607 619 3740 688 κ)ιῆ-

2162 726 2266 773 σιν,
2332 709 2686 771 Ῥαουσαίους
2746 707 2966 770 τούτους
3017 707 3298 762 ἐκάλεσεν.
3363 707 3429 761 Ol
3483 707 3538 760 δὲ
3589 710 3742 764 αὐτοὶ

2173 802 2478 855 Ῥαουσαίοι
2505 801 2564 854 τὸ
2596 801 2822 854 παλαιὸν
2853 801 3121 872 ἐκράτουν
3167 801 3228 853 τὺ
3261 801 3500 872 κάστρον
3529 802 3590 854 τὸ
3619 803 3742 856 ἐπι.

2160 893 2453 963 λεγόμενον
2485 893 2731 964 Πίταυρα
2755 892 2900 964 (ειν
2933 894 3027 945 καὶ
3079 893 3264 961 ἐπειδὴ
3297 893 3457 962 ἡνίκα
3486 894 3556 947 τὰ
3583 893 3742 947 λοιπά

2163 983 2545 1054 ἐκρατήθησαν
2595 987 2809 1054 κάστρα
2869 984 3020 1054 παρὰ
3058 983 3166 1035 τῶν
3212 983 3470 1036 Σκλὰὁων
3511 983 3618 1038 τῶν
3653 985 3742 1037 δν-

2162 1093 2272 1130 των
2301 1077 2358 1129 ὲν
2391 1074 2468 1145 τῷ
2503 1075 2718 1145 θέματι,
2753 1074 3048 1146 ’ἐκρατήθη
3082 1074 3176 1128 καὶ
3228 1075 3290 1127 τὸ
3350 1075 3592 1129 τοιοῦτον
3641 1077 3741 1129 κά-

2168 1186 2328 1239 στρον
2358 1168 2494 1238 (29).
2538 1168 2649 1221 Καὶ
2679 1169 2726 1220 οἱ
2765 1168 2861 1238 μὲν
2889 1169 3227 1237 ἐσφάγησαν,
3256 1170 3302 1220 οἱ
3345 1168 3401 1221 δὲ
3431 1165 3744 1239 ᾐχμαλωτίσ-

2169 1234 2376 1328 σθτισαν
2400 1274 2414 1288 ο
2449 1234 2497 1312 οἱ
2528 1258 2585 1311 δὲ
2608 1234 2929 1328 δυνηθέντες
2968 1234 3233 1326 ἐκφυγεῖν
3262 1260 3355 1312 κα)⁸
3385 1234 3761 1330 διασῷθῆναι,’

2167 1352 2247 1412 εἰς
2302 1349 2428 1411 τοὺς
2475 1350 2865 1420 ὑποκρήμνους
2931 1349 3132 1410 τόπους
3181 1348 3531 1420 κατῴκησαν.
3573 1349 3660 1403 Ἐν
3697 1342 3742 1416 ᾧ

2169 1443 2317 1494 ἐστιν
2351 1440 2552 1510 ἀρτίως
2577 1440 2639 1493 τὸ
2664 1442 2925 1512 κάστρον,
2966 1440 3422 1510 οἰκοδομήσαντες
3449 1441 3580 1494 αὐτὸ
3603 1441 3744 1510 πρό-

2169 1547 2328 1601 τερον
2364 1530 2580 1601 μικρὸν,
2640 1532 2731 1583 καὶ
2777 1531 2938 1584 πάλιν
2998 1531 3137 1601 μετὰ
3182 1530 3358 1584 ταῦτα
3393 1531 3576 1600 μεῖζον
3603 1547 3618 1562 ·
3650 1531 3745 1584 καὶ

2176 1621 2314 1692 μετὰ
2341 1621 2498 1675 τοῦτο
2532 1623 2694 1677 πάλιν
2726 1623 2787 1674 τὸ
2813 1627 2991 1692 τεῖχος
3044 1622 3210 1676 αὐτοῦ
3264 1622 3594 1692 αὐξήσαντες
3652 1624 3746 1693 μέ-

2174 1735 2267 1788 χρι
2315 1717 2360 1770 δ’
2397 1717 2540 1787 ἔχειν
2595 1715 2706 1785 (2'5)
2739 1714 2797 1770 τὸ
2850 1715 3085 1784 κάστρον
3137 1713 3225 1770 διὰ
3277 1715 3337 1767 τὸ
3384 1713 3744 1767 πλατύνεσθαι

492 1810 832 1866 Bauentinus
861 1817 1015 1880 pater
1059 1812 1492 1881 protospatharii
1529 1811 1812 1880 Stephani.
1846 1811 1928 1863 Ex
1963 1822 2067 1878 quo

2175 1809 2373 1872 αὐτοὺς
2424 1807 2544 1860 κατ’
2597 1806 2777 1875 ὀλίγον
2827 1805 2924 1858 καὶ
2969 1804 3353 1876 πληθύνεσθαι.
3395 1806 3489 1858 Ἐκ
3536 1805 3593 1858 δὲ
3637 1805 3743 1862 τῶν

492 1910 671 1956 autem
699 1903 845 1958 cives
871 1902 1178 1957 Salonitani
1203 1902 1467 1958 Rausiutn
1500 1903 1899 1972 demigrarunt,
1927 1901 2058 1955 anni

493 2003 622 2050 sunt
672 2011 704 2048 υ
735 1993 791 2046 in
827 1993 972 2047 hunc
1005 2008 1180 2062 usque
1237 1993 1407 2057 diem,
1452 1993 1560 2062 92
1614 1992 1917 2048 indictione
1965 2008 2064 2058 vn,

491 2085 618 2139 anni
652 2083 814 2137 6457.
849 2082 1076 2152 (Christi
1139 2081 1289 2151 949.)
1317 2082 1586 2136 Cmterum
1618 2082 1672 2136 in
1706 2080 1898 2138 eadem
1931 2080 2067 2135 urbe

491 2174 782 2244 depositus
813 2172 916 2227 fuit
957 2182 1184 2230 sanctus
1227 2173 1552 2229 Pancratius
1604 2176 1657 2229 in
1712 2173 1828 2228 aede
1879 2170 2065 2227 Sancti

493 2266 777 2337 Stephani,
808 2281 929 2337 quae
956 2275 1040 2324 est
1069 2268 1122 2323 in
1147 2268 1326 2324 media
1350 2268 1506 2326 urbe.
1537 2268 1823 2339 ASpalathi
1852 2269 2063 2334 urbem,

2179 1901 2623 1971 μετοικησάντων
2678 1899 2760 1960 είς
2805 1899 2868 1952 τὸ
2908 1897 3184 1952 Ῥαούσιον
3223 1897 3362 1950 εἰσὶν
3395 1890 3542 1951 οὗτοι
3591 1896 3742 1966 (94)⁹

2176 1989 2498 2060 Γρηγόριος,
2563 1989 2880 2057 Ἀρσάφιος,
2934 1987 3285 2057 Βεκτωρῖνος,
3344 1986 3612 2050 Βιτάλιος,
3646 1987 3752 2039 Βα-

2172 2079 2409 2144 λεντῖνος
2461 2081 2490 2133 ὁ
2537 2079 2902 2151 ἁρχιδιάκων,
2963 2080 3277 2141 Βαυεντῖνος
3329 2080 3357 2131 ὁ
3413 2079 3595 2148 πατὴρ
3654 2095 3751 2132 του

2179 2171 2677 2243 πρωτοσπαθαρίου
2737 2170 3014 2239 Στεφάνου
3075 2170 3208 2241 (25).
3258 2169 3375 2240 Ἀφ’
3425 2162 3485 2223 οὗ
3539 2170 3596 2223 δὲ
3643 2170 3750 2223 ἀπὸ

2173 2265 2396 2319 Σαλῶνα
2435 2262 2760 2336 μετῴκησαν
2791 2263 2873 2326 εἰς
2912 2261 3190 2318 Ῥαούσιον
3221 2261 3358 2333 (26),
3383 2261 3520 2315 εἰσὶν
3549 2261 3644 2332 ἐτη
3696 2261 3746 2330 φ’

1655 2383 1958 2440 ANSELMI
1999 2381 2325 2439 BANDURII
2353 2381 2586 2438 ΝΟΤᾸΕ.

491 2475 599 2539 rit,
638 2473 743 2530 hoc
772 2478 968 2531 nomen
997 2485 1158 2532 nacta
1193 2482 1315 2540 est;
1346 2475 1548 2544 quippe
1584 2475 1714 2529 urbs
1743 2476 1906 2529 etiam
1956 2474 2063 2528 La-

489 2545 700 2616 conicae
729 2560 924 2615 aspero
956 2547 1010 2600 in
1053 2547 1173 2601 loco
1203 2546 1307 2600 sita
1353 2547 1437 2597 Λᾶ
1463 2544 1666 2599 dicitur
1701 2545 1846 2612 apud
1895 2544 2070 2616 Lyco-

531 2615 755 2668 hronem
811 2634 827 2676 ;
895 2616 1038 2670 unde
1110 2629 1307 2684 nomen
1376 2629 1663 2684 sumpsere
1734 2615 2066 2684 Aanépsat,

543 2685 765 2738 ioscuri.
813 2685 875 2737 Et
927 2682 1382 2752 quemadmodum
1420 2697 1448 2736 a
1482 2682 1751 2752 principio
1805 2682 1934 2738 urbs
1979 2684 2071 2738 illa

492 2753 757 2806 Itausium
793 2753 908 2808 sive
946 2755 1204 2809 Lausium
1242 2753 1386 2806 dicta
1419 2753 1521 2807 l‘nit
1555 2752 1782 2815 Cra-cis,
1817 2753 1964 2822 quod
2013 2755 2066 2807 in

493 2823 616 2876 loco
648 2832 922 2891 praerupto
951 2825 1054 2878 sita
1087 2835 1265 2888 esset;
1322 2823 1454 2944 μιιί
1485 2825 1705 2893 quidem
1744 2823 1898 2877 locus
1940 2837 2068 2892 pars

493 2899 581 2944 est
610 2891 772 2944 hodie
806 2893 956 2944 urbis
976 2907 1235 2944 occasum
1262 2907 1322 2944 so
1352 2894 1397 2944 is
1429 2895 1730 2944 hvbernum
1757 2903 2030 2944 soectans:
2054 2893 2068 2944 l

492 2899 581 2973 est
610 2891 772 2946 hodie
806 2893 956 2974 urbis
976 2907 1235 2974 occasum
1262 2891 1397 2974 solis
1429 2891 1730 2974 hybernmn
1757 2891 2071 2974 spectansn

493 2961 577 3017 sic
609 2961 956 3030 postmodum
1006 2962 1168 3030 initio
1201 2962 1382 3016 saeculi
1421 2961 1690 3016 undeoimi
1737 2977 1859 3015 cum
1915 2961 2070 3015 multi

494 3045 563 3085 ex
599 3029 756 3098 gente
793 3029 954 3084 Slava
999 3029 1264 3085 Bausitttﬁ
1313 3031 1562 3085 venerint
1607 3031 2028 3085 inhabitandum
2055 3071 2070 3097 ,

2174 2472 2311 2543 ἔχει,
2341 2482 2449 2543 etc.
2478 2469 2766 2543 Quomodo
2781 2470 3057 2543 ampliata
3087 2469 3263 2543 luerit
3293 2470 3426 2543 urbs
3451 2470 3747 2540 Ragusina.

2181 2539 2366 2598 narrat
2420 2542 2728 2597 Ludovicus
2780 2539 2999 2596 Tubero
3085 2541 3184 2598 lib.
3238 2556 3270 2595 v
3319 2539 3626 2596 Comment.
3685 2543 3752 2597 de

2181 2614 2528 2682 temporibus
2568 2613 2706 2682 suis.

2252 2679 2366 2752 (2'4)
2407 2683 2498 2736 Sie
2531 2697 2634 2736 ms.
2661 2681 2824 2752 habet
2850 2696 2865 2744 ;
2887 2690 2953 2752 iet
2971 2679 3106 2752 ideo
3135 2679 3476 2752 interpretati
3510 2695 3703 2752 sumus
3732 2697 3746 2732 :

2180 2749 2269 2807 Ex'
2297 2749 2363 2805 iis
2394 2761 2569 2806 autem
2596 2751 2690 2820 qui
2711 2749 2926 2804 aliunde
2945 2749 3309 2820 demigrarunt
3346 2749 3657 2820 (tugurium,
3693 2752 3747 2803 hi

2176 2831 2321 2877 sunt.
2352 2821 2406 2875 In
2427 2822 2590 2876 editis
2613 2835 2742 2890 vero
2775 2820 3007 2890 legitur;
3033 2821 3106 2890 ἐκ
3133 2820 3191 2874 δὲ
3222 2820 3330 2873 τῶν
3356 2837 3575 2890 κατοικι
3621 2821 3750 2873 σάν-

2175 2911 2284 2946 των
2328 2893 2409 2954 εἰς
2445 2891 2506 2944 τὸ
2559 2888 2858 2954 Ῥαούσιοκί,
2902 2898 3009 2945 etc.
3064 2888 3370 2955 Nimirum;
3417 2889 3500 2948 Ea:
3536 2890 3602 2946 iis
3631 2906 3748 2947 tero

2177 2963 2271 3032 qui
2308 2960 2566 3032 Rausium
2595 2959 2952 3032 habitarunt,
2985 2959 3038 3012 Iti
3072 2969 3218 3015 sunt.

2249 3032 2361 3100 (9.5)
2403 3031 2460 3084 In
2502 3046 2605 3086 ms.
2654 3030 2872 3100 legitur,
2919 3031 3255 3094 Βανεντῖνος,
3305 3031 3356 3085 in
3411 3030 3573 3086 editis
3623 3045 3748 3086 vero

497 3100 762 3168 pomoeria
800 3099 956 3155 urbis
1009 3101 1437 3168 septentrionem
1464 3116 1658 3155 versus
1692 3103 2071 3168 protulerunt,
2099 3100 2145 3167 C
2179 3099 2521 3164 Βαυεντῖνος.
2551 3101 2621 3155 At
2661 3099 2951 3170 tttrobique
2997 3108 3311 3170 corruptam
3363 3116 3550 3156 vocem
3609 3100 3749 3156 hanc

493 3170 796 3240 domosque
847 3170 920 3223 ibi
968 3179 1396 3234 exstruxerunt;
1456 3171 1548 3240 qui
1570 3172 1730 3240 locus
1769 3185 1902 3240 cum
1947 3180 2077 3226 tunc

491 3237 962 3310 esseths’ylvosus,
1012 3248 1065 3293 et
1113 3239 1263 3310 sylva
1321 3237 1498 3294 Slavis
1549 3239 1764 3293 dicatur
1791 3237 2072 3304 Dubrava,

495 3308 630 3363 urbs
663 3306 928 3363 Hausium
980 3310 1055 3378 ab
1092 3306 1180 3362 illa
1229 3318 1384 3378 parte
1431 3309 1584 3364 urbis
1632 3319 1762 3366 tttnc
1807 3311 2076 3364 aediﬁcata

494 3393 694 3450 nomen
729 3379 1004 3450 sumpsit,
1037 3377 1327 3450 SlavisQue
1359 3388 1672 3450 nuncupata
1705 3391 1786 3434 est
1825 3378 2076 3450 Dubrou-

495 3449 582 3502 nik
603 3465 621 3502 :
641 3448 796 3528 quod
825 3447 1042 3516 quidem
1076 3447 1355 3528 no_mei_1__in
1380 3447 1707 3528 hodiernum
1736 3463 1909 3528 usque
1931 3448 2074 3528 diem

496 3527 698 3571 servat.
733 3517 1002 3571 Caeterum
1040 3518 1204 3588 verba
1254 3519 1342 3588 illa
1378 3517 1830 3588 Porphyrogeniti
1866 3517 1945 3570 sic
1987 3518 2067 3571 in-

498 3594 828 3655 terpretatus
879 3601 998 3641 sum
1055 3605 1068 3641 :
1116 3585 1251 3642 Urbs
1302 3585 1577 3644 Rausium'
1619 3585 1722 3641 non
1777 3587 2077 3655 appellatur

495 3653 755 3708 Rausium
787 3654 974 3710 erca
1001 3656 1180 3726 lingua
1202 3698 1227 3726 ,7
1261 3658 1353 3711 sed
1383 3658 1510 3725 quia
1547 3659 1601 3710 in
1629 3656 1757 3710 locis
1788 3653 2074 3725 pra'ruptis

494 3725 666 3792 posita
687 3734 787 3790 est,
808 3725 1161 3794 prtecipitium
1193 3725 1372 3782 (ἔνατα
1399 3738 1636 3787 vocatur.
1659 3726 1796 3790 Λαῦ,
1824 3726 1962 3780 unde
1993 3729 2076 3781 iu-

494 3793 792 3849 lmbitautes
832 3793 1120 3864 nuncupati
1156 3807 1277 3855 sunt
1312 3796 1529 3850 Lauswi
1552 3839 1565 3862 ,
1596 3797 1649 3849 id
1680 3808 1791 3862 est,
1826 3797 2075 3865 praecipi-

499 3865 997 3937 tittnt_inside_ntes.
1061 3870 1131 3920 At
1191 3869 1445 3921 fortassis
1509 3867 1779 3937 quispiam
1823 3869 1916 3937 _sic
1981 3867 2072 3920 illa

494 3934 762 4007 intelliget
793 3953 808 3990 :
840 3935 976 3990 Urbs
1017 3937 1279 3992 Rausium
1310 3955 1416 3992 non
1466 3934 1767 4007 appellatur
1815 3935 2074 3990 Rausium

492 4003 695 4064 Latind
723 4006 930 4076 lingua,
961 4010 1051 4062 sed
1070 4009 1196 4076 quia
1229 4010 1285 4061 in
1314 4009 1444 4062 locis
1466 4003 1750 4075 pra’ruptis
1771 4008 1946 4075 posita
1969 4018 2071 4070 est,

492 4076 845 4142 prmcipitium
879 4077 1056 4131 Grece
1082 4089 1299 4134 vocatur
1333 4079 1472 4141 Λαῦ,
1506 4079 1643 4132 unde
1672 4077 2073 4139 inhabitantes;

492 4157 600 4216 etc.
629 4147 787 4214 quasi
819 4145 1032 4201 diceres
1059 4165 1072 4199 :
1104 4147 1310 4201 Nomen
1347 4149 1501 4202 urbis
1529 4147 1819 4216 Ragusime
1851 4161 1956 4199 non
1984 4156 2073 4199 est

493 4213 802 4268 Romanum
825 4253 839 4276 ,
876 4229 969 4268 seu
999 4231 1107 4274 non
1141 4225 1224 4270 est
1258 4231 1288 4270 a
1324 4217 1533 4270 Latinis
1580 4213 1888 4268 derivatum
1910 4253 1924 4276 ,
1977 4217 2070 4268 sed

492 4299 524 4340 a
555 4286 676 4354 loco
724 4295 996 4354 praerupto
1034 4286 1086 4338 in
1121 4302 1232 4354 quo
1272 4286 1377 4340 sita
1411 4294 1531 4347 est,
1570 4297 1771 4340 nomen
1819 4282 2071 4354 Graecum

493 4351 739 4433 accepit;
774 4355 977 4433 quippe
1018 4351 1617 4433 pr_aecipitiun_t__Grtece
1668 4362 1892 4433 vocatur
1930 4351 2067 4433 AaG,

494 4419 668 4492 Graeci
703 4419 848 4476 enim
875 4419 1222 4478 'rccet'ttiores
1254 4427 1319 4492 τῇ
1363 4422 1651 4492 Ῥωμαίων
1677 4419 1965 4492 διαλέκτῳ,
2014 4432 2068 4476 et
2103 4447 2114 4492 .-

492 4490 805 4617 ¹Ῥωμαϊστὶ
851 4507 1005 4562 aeque
1058 4489 1372 4563 intelligunt
1421 4489 1672 4546 Latinam
1723 4497 1778 4546 et
1820 4489 2066 4544 Graecam

515 4577 756 4617 Insulam.

515 4577 756 4628 tnguam.

566 4630 677 4696 (21)
702 4628 800 4683 llic
823 4647 922 4700 pro
943 4632 1201 4701 Πίταυμα
1230 4631 1578 4688 scribendum
1600 4645 1721 4688 esse
1746 4630 2066 4702 Ἐπίδαυρον

494 4713 804 4774 t.emo_no_n
841 4701 1023 4774 videt_‘,
1060 4703 1292 4774 ideoque
1324 4703 1378 4757 in
1419 4704 1674 4758 versione
1704 4702 2064 4774 hancAvocem

491 4769 926 4843 gitiendavimus.
985 4769 1370 4843 Urbem‘vero
1426 4775 1760 4843 Epidaurum
1812 4770 2066 4843 Djouct

494 4835 635 4912 glela
668 4839 721 4892 in
755 4839 1028 4898 Parthinis
1059 4841 1343 4898 Dalmatia:
1381 4835 1632 4912 populis,
1660 4855 1802 4912 quos
1845 4840 2062 4898 Plinius

490 4905 798 4982 Eat-thenos
839 4914 1120 4980 nominat,
1163 4914 1335 4980 ponit.
1381 4905 1513 4968 Huic
1559 4905 1741 4968 autem
1788 4912 1901 4982 ipsa
1934 4912 2066 4965 urbs

493 4977 801 5047 Epidaurus
873 4977 1203 5037 colonia'a'b
1251 4987 1440 5038 eodem
1498 4983 1675 5040 Plinio
1732 4977 1957 5045 dicitur,
2012 4987 2066 5034 ct

494 5047 662 5123 Legio
699 5066 750 5123 I;
786 5052 876 5107 hic
921 5056 1145 5123 ponitur
1202 5053 1256 5107 in
1291 5055 1516 5123 antiqua
1560 5052 1918 5123 inscriptione
1943 5091 1957 5112 ,
2007 5058 2065 5123 ut

492 5120 687 5199 scribit
707 5120 968 5199 Duelius.
996 5124 1168 5195 llujus
1193 5124 1388 5199 inculte
1416 5120 1522 5179 non
1551 5125 1727 5179 solum
1756 5120 2061 5199 Epidauria”,

492 5189 781 5268 sedetiam
814 5189 1209 5268 Epitaureitses
1241 5196 1610 5268 vocabantur,
1660 5201 1720 5245 ut
1774 5189 1944 5259 liquet
1995 5205 2061 5268 ως

490 5265 718 5336 antiqua
752 5265 1110 5335 inscriptione
1135 5266 1396 5334 Aquileia:
1447 5274 1682 5336 reperta,
1729 5276 1851 5330 qua:
1881 5266 2062 5316 exstat

488 5331 632 5400 apud
667 5328 981 5388 Gruterutit.

563 5399 677 5476 (22)
710 5401 830 5476 Quo
862 5414 1104 5476 tempore
1153 5404 1463 5475 Epidaurus
1512 5421 1576 5461 ac
1625 5403 1854 5476 reliquae
1901 5404 2064 5460 urbes

496 5463 778 5539 Dalmatia:
801 5463 1090 5530 maritimae
1119 5463 1505 5539 ab'Abaribus,
1533 5492 1626 5532 seu
1654 5463 1832 5530 Slavis
1859 5489 2066 5530 eversa:

493 5533 717 5612 iuerint,
742 5544 990 5609 pluribus
1006 5548 1197 5602 scribit
1224 5545 1462 5602 Joannes
1485 5533 1688 5600 Lucius
1718 5545 2062 5599 Dalmatinus

493 5611 783 5737 gap-.032?
809 5617 981 5737 9edito
1031 5617 1104 5671 De
1156 5633 1311 5688 regno
1374 5616 1662 5670 Dalmatia:
1704 5626 1752 5670 et
1801 5614 2061 5680 Creatiw,

529 5687 613 5743 πρ.
645 5687 678 5730 δ
719 5691 773 5733 et
809 5687 863 5737 9.

565 5747 679 5822 (25)
709 5750 800 5807 Sic
834 5771 901 5809 ex
926 5771 1056 5827 ms.;
1105 5758 1160 5813 in
1190 5759 1354 5816 editis
1383 5771 1513 5814 vero
1557 5757 1776 5832 legitur,
1809 5756 1969 5834 μέχρι
2023 5756 2062 5816 δ’

2183 3179 2336 3240 puto,
2373 3179 2427 3226 et
2480 3172 2622 3240 lego.
2659 3168 3327 3240 BalsvrivogtPerperam
3375 3171 3498 3240 item
3549 3170 3749 3240 legitur

2181 3238 2233 3294 in
2268 3241 2433 3295 editis
2467 3238 2560 3294 τοῧ
2587 3239 2744 3308 ἁγίου
2788 3254 2887 3308 pro
2937 3238 3030 3310 τοῦ
3077 3238 3749 3310 πρωτοσπαθαρίου.’Νεο

2180 3310 2372 3366 dubito
2401 3313 2530 3379 quin
2565 3311 2616 3363 in
2652 3325 2779 3379 ms.,
2812 3324 2920 3378 quo
2952 3308 3221 3365 Meursius
3275 3325 3406 3364 usus
3461 3310 3640 3364 fuerat
3683 3311 3749 3365 ad

2179 3394 2336 3435 suam
2365 3378 2659 3435 editionem
2697 3378 3040 3433 Constantini
3089 3380 3488 3444 adornandam,
3538 3381 3752 3435 scribes

2178 3458 2333 3504 retur
2373 3451 2487 3504 inec
2534 3465 2636 3503 vox
2687 3457 2996 3512 contracta,
3040 3463 3156 3512 seu,
3211 3451 3480 3519 utrvulgo
3526 3450 3747 3513 dicitur,

2179 3519 2490 3574 abbreviata
2512 3559 2526 3583 ,
2553 3519 2810 3588 nimirum
2850 3519 3029 3572 littera
3060 3536 3094 3572 α
3118 3535 3240 3572 cum
3273 3518 3300 3571 θ
3333 3518 3746 3588 superscripto;

2177 3591 2323 3658 quod
2368 3589 2588 3658 quidem
2619 3587 3436 3658 εἰειῄθοοιπρωτοσπαθὰριον,
3486 3589 3563 3642 ttti
3608 3587 3749 3646 infra

2182 3657 2236 3711 in
2269 3657 2421 3714 Notis
2460 3658 2526 3712 ad
2568 3672 2688 3726 cap.
2724 3657 2826 3722 42,
2862 3657 3109 3725 pluribus
3144 3657 3668 3722 demonstrabimus,
3698 3670 3752 3711 et

2176 3729 2340 3782 etiam
2371 3730 2422 3781 in
2448 3727 2822 3798 sequentibus.
2854 3726 2946 3780 ubi
2978 3728 3092 3782 haec.
3121 3728 3238 3796 ipsa
3272 3744 3376 3798 vos
3397 3728 3618 3796 ,srepius
3654 3743 3752 3783 oc»

2178 3799 2349 3853 currit
2379 3796 2569 3853 eodem
2610 3796 2771 3849 modo
2797 3805 3100 3862 contracta,
3136 3813 3233 3853 nec
3261 3813 3290 3851 a
3325 3797 3562 3852 Μουνδίυ
3587 3799 3744 3852 lecta.

2251 3869 2364 3940 (‘26)
2404 3867 2495 3922 Sic
2524 3883 2587 3922 ex
2630 3867 3366 3940 ms},undeinterpretatus
3417 3881 3538 3940 sum
3591 3883 3653 3920 ac
3701 3869 3746 3921 si

2175 3931 2467 4008 legeretur,
2502 3939 2592 4006 ἀφ’
2620 3931 2680 3989 οὗ
2702 3936 2758 3989 δὲ
2789 3937 2840 3988 οἱ
2861 3937 2968 4008 απὸ
2992 3931 3245 4001 Σαλῶνα,
3277 3948 3386 3992 etc.
3413 3935 3494 3989 Ea:
3515 3954 3614 4007 quo
3647 3953 3747 3991 au-

2176 4005 2279 4064 tent
2332 4011 2468 4063 cives
2513 4005 2819 4063 Stdonituni
2869 4005 3128 4060 Rausium
3177 4005 3562 4077 demigraruui,
3617 4010 3746 4077 anni

2174 4089 2298 4134 sunt
2340 4079 2410 4132 D.
2453 4080 2509 4131 in
2536 4078 2851 4146 [mucusque
2867 4077 3026 4139 diem,
3046 4076 3330 4131 indictione
3349 4095 3444 4140 vlt,
3464 4078 3590 4130 anni
3606 4076 3745 4131 6457

2175 4149 2419 4209 (Christi
2447 4147 2606 4216 949.)
2655 4145 2792 4199 llinc
2833 4147 3126 4201 manifesto
3151 4147 3322 4216 liquet
3366 4147 3669 4202 recensitos
3715 4164 3746 4200 a

2174 4217 2643 4288 Porphyrogenito
2665 4218 2832 4288 paulo
2855 4217 3110 4288 superius
3136 4219 3306 4288 viros,
3331 4218 3424 4288 qui
3444 4216 3744 4281 Ragnsium

2174 4285 2590 4351 demigrarunt,
2621 4285 2966 4357 fuissecives
3006 4285 3394 4351 Salonitttnos,
3424 4287 3609 4357 ibique
3651 4302 3748 4356 op-

2173 4358 2302 4410 time
2336 4357 2436 4425 legi
2471 4357 2522 4407 in
2547 4371 2650 4428 tns._
2679 4355 2741 4406 ἐκ
2762 4355 2818 4407 δὲ
2844 4356 2951 4410 τῶν
2981 4355 3605 4428 μετοικησάντωννειοι
3633 4355 3745 4416 nou

2172 4441 2304 4480 vero
2356 4424 2832 4494 κατοικησάντων,
2894 4424 3000 4481 etc.
3055 4439 3113 4480 ut
3163 4424 3395 4482 habetur
3448 4427 3501 4484 in
3548 4427 3741 4488 editis.

2170 4496 2856 4567 quemadmodunnpaulo
2908 4499 3164 4567 superius
3223 4497 3626 4567 adnotavimus.
3686 4495 3745 4550 In

2165 4563 2334 4636 editis
2369 4579 2498 4636 vero
2529 4564 2618 4636 hic
2654 4563 2853 4636 legitur
2880 4563 3072 4636 ἀφ”οὗ
3115 4566 3173 4620 δὲ
3211 4567 3318 4622 ἀπὸ
3355 4565 3579 4620 Σαλῶνα
3617 4583 3746 4636 μετ-

2166 4634 2384 4704 ῴκησεν
2405 4635 2486 4696 εἰς
2528 4634 2824 4697 Ῥαούσιον,
2855 4634 2960 4690 etc.
2989 4637 3144 4703 Quod
3171 4635 3441 4692 Meursius
3473 4634 3746 4704 interpre-

2167 4713 2317 4759 tatur
2366 4721 2381 4758 :
2432 4704 2519 4775 Ea;
2565 4721 2666 4774 quo
2716 4715 2892 4758 autent
2939 4706 3138 4762 Salaria
3195 4709 3406 4760 transiit
3451 4705 3743 4775 Ragusium

2167 4775 2293 4846 anni
2335 4786 2458 4830 sunt
2506 4773 2583 4828 D.’
2622 4776 2675 4828 in
2709 4775 2845 4828 hunc
2892 4793 3053 4846 usque
3086 4776 3262 4846 diem,
3311 4773 3599 4831 indictione.
3631 4791 3741 4839 vn,

2168 4845 2315 4908 anui,
2359 4855 2466 4900 etc.
2496 4846 2628 4910 Qua:
2651 4854 2961 4914 sequuntur
2995 4849 3047 4900 in
3081 4845 3301 4900 Meursii
3336 4847 3588 4902 versione
3616 4859 3742 4900 cor-

2169 4925 2323 4987 rupta
2355 4930 2418 4987 ac
2443 4916 2735 4987 depravata
2776 4924 2938 4980 sunt;
2962 4916 3107 4987 quod
3135 4917 3354 4986 quidem
3382 4915 3586 4972 factum
3613 4923 3744 4987 puto

2169 4985 2374 5057 librarii
2412 4994 2466 5040 et
2514 4984 2622 5041 non
2677 4984 2995 5057 interpretis
3033 4984 3360 5057 negligentia
3393 5002 3456 5041 ac
3500 4984 3737 5040 inscitia.

2167 5053 2460 5127 Numeer
2488 5063 2665 5127 autem
2689 5053 3276 5126 liunc’quingent'orum
3302 5072 3566 5112 annorum
3584 5071 3743 5127 quem

2169 5126 2320 5245 ponit
2377 5123 2887 5206 Rorphyrogenitus'
2920 5123 3178 5182 ab'anno
3226 5123 3742 5208 Christi'9-l9,'.quo

2189 5208 2283 5245 nec
2312 5196 2606 5245 scribebat.
2633 5196 2698 5245 ad
2736 5197 2862 5245 illud
2897 5205 3111 5245 temnns
3135 5212 3242 5245 nuo
3272 5198 3570 5245 Salnmtam
3595 5210 3742 5245 erres

2189 5208 2283 5268 nec
2312 5196 2606 5268 scribebat,
2633 5196 2698 5268 ad
2736 5197 2862 5248 illud
2897 5205 3111 5268 tempus
3135 5212 3251 5268 quo
3272 5198 3570 5250 Salnnitani
3595 5198 3747 5268 cives

2169 5261 2435 5336 Rausium
2488 5266 2844 5332 transierunt,
2878 5261 3195 5336 corruptum
3235 5267 3404 5322 fuisse
3437 5280 3466 5318 a
3493 5267 3742 5328 librario,

2169 5334 2254 5408 vel
2332 5349 2615 5408 perperam
2674 5334 3098 5408 Constantinum
3163 5345 3551 5408 supputasse,‘
3593 5345 3748 5405 putat

2168 5403 2405 5475 Joannes
2440 5404 2664 5467 Lucius,
2705 5407 2767 5458 de
2809 5421 2966 5475 regno
3003 5403 3328 5472 Dalmatia};
3365 5421 3489 5459 cum
3526 5403 3746 5459 Salonae

2169 5474 2382 5528 eversio
2422 5475 2570 5528 nullo
2615 5475 2776 5529 modo
2824 5474 2890 5530 ad
2941 5477 3139 5546 Attilae,
3165 5485 3407 5546 tempora
3455 5476 3743 5530 referenda

2170 5545 2272 5608 sit,
2312 5553 2499 5614 utpote
2530 5560 2648 5614 quae
2674 5555 2953 5615 superstes
2987 5545 3088 5600 fuit
3120 5545 3414 5601 Justiniani
3462 5556 3703 5615 tempore
3725 5581 3741 5608 ,

2171 5612 2514 5689 maximaque
2545 5612 2832 5689 commoda
2861 5615 3158 5673 Justiniani
3183 5617 3421 5689 ducibus
3451 5612 3595 5672 bello
3627 5612 3743 5675 GO'

2172 5683 2318 5740 thico
2350 5685 2600 5754 prmbuit.
