4046 6208
424 258 533 324 283

1453 259 1953 327 CONSTANTINI
1983 262 2658 333 PORPHYROGENITI

3581 280 3687 346 28$

424 350 808 442 confugissent
855 369 924 425 ad
955 369 1205 425 eumdem
1238 366 1623 435 imperatorem
1659 367 1969 425 Heraclium

2114 370 2268 426 ϐἀτοι
2319 375 2402 439 είς
2448 375 2540 427 τὸν
2599 374 2824 445 βασιλέα
2855 376 2964 431 τῶν
3031 378 3323 452 Ῥωμαίων
3366 384 3692 459 Ἡράκλειον

425 476 536 531 quo
559 471 803 532 tempore
821 460 1031 516 Abares
1053 457 1225 513 armis
1250 456 1374 513 inde
1399 456 1682 514 Romanos
1696 460 2005 530 ejecerant;

2112 464 2427 536 πρόσφυγες
2485 469 2851 538 παρεγένοντο
2917 470 3026 540 πρὸ
3090 472 3187 525 τοῦ
3239 476 3364 540 τοὺς
3421 480 3692 551 Σέρϐλους

425 567 570 622 quos
612 552 786 607 Roma
838 548 1104 604 adductos
1148 547 1521 606 Diocletianus
1562 551 1861 621 imperator
1897 551 1985 605 illii

2108 558 2445 625 προσφυγεῖν
2479 557 2559 620 είς
2588 557 2682 611 τὸν
2711 558 2877 612 αὐτὸν
2915 558 3140 629 βασιλέα
3175 547 3519 634 Ἡράκλειον,
3544 547 3689 628 κατά

428 645 676 699 habitare
707 643 939 705 lecerat,
976 640 1124 697 unde
1173 649 1230 697 et
1255 640 1489 697 Romani
1521 645 1823 713 nuncupati
1850 652 2004 710 sunt,

424 735 567 804 quod
600 733 770 787 Roma
808 733 1091 789 venientes
1135 736 1297 791 sedes
1321 734 1636 806 posuissent
1690 735 1743 790 in
1777 735 1886 792 illis
1916 752 2003 793 re-

426 822 704 892 gionibus,
751 836 944 892 nempe
1007 821 1305 879 Chrobatia
1357 831 1412 879 et
1464 824 1678 892 Servia,
1722 826 1802 880 uti
1855 840 2003 881 nunc

422 921 714 966 vocantur.
751 912 934 970 Pulsis
961 928 1092 969 vero
1133 914 1397 973 Romanis
1433 917 1542 975 illis
1598 918 1667 973 ab
1704 918 1999 983 Abarihus,

420 1008 666 1070 tempore
695 1001 940 1071 ejusdem
967 1003 1339 1061 Romanorum
1368 1007 1717 1077 imperatoris
1741 1007 1996 1078 Heraclii,

417 1092 658 1147 desolata
692 1107 879 1147 eorum
915 1095 1061 1164 regio
1115 1094 1313 1165 jacuit,
1338 1106 1672 1168 quapropter
1699 1101 1860 1169 jussu
1890 1098 1997 1155 hu-

412 1182 508 1251 jus
583 1183 933 1254 imperatoris
996 1186 1159 1241 iidem
1221 1187 1482 1243 Chrobati
1534 1190 1702 1245 armis
1763 1191 1998 1263 arreptis

416 1277 625 1333 Abares
653 1292 722 1333 ex
768 1277 876 1334 illis
930 1277 1067 1333 locis
1120 1278 1467 1349 expulerunt,
1527 1288 1581 1336 et
1640 1265 1995 1352 in'ipsorum

420 1376 585 1434 terra,
617 1384 780 1439 quam
815 1369 981 1425 etiam
1008 1369 1170 1425 hodie
1201 1377 1412 1435 tenent,
1441 1371 1601 1428 sedes
1631 1374 1993 1430 collocarunt.

414 1458 548 1514 Erat
583 1469 766 1517 autem
792 1461 1086 1518 Cbrobatis
1118 1461 1230 1517 illis
1259 1470 1391 1518 tunc
1428 1465 1691 1533 temporis
1738 1466 1993 1536 princeps

412 1550 602 1623 Porga:
652 1561 831 1624 pater,
881 1553 1281 1624 lleracliusque
1333 1555 1633 1625 imperator
1678 1555 1847 1612 Roma
1896 1574 1994 1629 per

410 1642 648 1711 legatum
703 1643 1084 1699 sacerdotibus
1130 1644 1440 1709 accersitis,
1475 1646 1887 1717 constitutoque
1923 1664 1989 1705 ex

2104 646 2196 700 τὸν
2234 648 2426 719 καιρὸν
2458 648 2518 702 ὃν
2563 650 2613 702 et
2645 650 2900 722 Ἀϐἀρεις
2931 652 3346 725 πολεμήσαντας
3382 659 3482 714 ἀπ’
3509 664 3688 719 ructas

2102 742 2229 804 τοὺς
2260 741 2574 811 Ῥωμάνους
2623 743 2995 809 ὲναπεδίωξαν
3017 761 3035 778 ο
3079 743 3174 812 οὓς
3207 747 3236 801 ό
3272 749 3527 820 βασιλεὺς
3564 756 3687 811 Διο-

2102 829 2386 901 κλητιανδς
2444 833 2554 886 ἀπὸ
2605 832 2826 905 Ῥώμης
2864 836 3126 906 ἀγαγὼν,
3175 841 3355 896 ἐκεῖσε
3407 850 3683 919 κατεσκή-

2102 937 2263 988 νωσε,
2295 921 2377 976 διὸ
2410 923 2506 976 καὶ
2549 922 2819 995 Ῥωμάνοι
2848 925 3156 997 ἐκλήθησαν
3186 929 3274 985 διὰ
3308 932 3368 985 τὸ
3398 933 3508 987 ἀπὸ
3550 935 3684 990 Ῥώ-

2104 1024 2213 1080 μης
2254 1009 2543 1081 μετοίκους
2594 1012 2794 1077 αὐτοὺς
2846 1015 3103 1083 γενέσθαι
3134 1019 3191 1073 ὲν
3238 1022 3361 1085 ταῖς
3402 1024 3681 1092 τοιαύταις

2099 1097 2326 1171 χώραις,
2357 1102 2525 1173 ἤγουν
2566 1103 2669 1173 τῆς
2709 1104 2807 1159 νῦν
2839 1106 3183 1180 καλουμένης
3215 1111 3538 1180 Χρωϐατίας
3582 1118 3680 1172 καλ⁵

2098 1191 2385 1262 Σερϐλίας.
2431 1193 2593 1265 Παρά
2647 1195 2704 1249 δὲ
2736 1194 2846 1250 τῶν
2888 1196 3140 1270 ’Δϐἁρων
3190 1200 3577 1273 ἐκδιωχθέντες
3622 1209 3676 1262 ot

2097 1282 2253 1336 αὐτοὶ
2289 1283 2562 1354 Ῥωμάνοι
2593 1285 2653 1341 ὲν
2680 1288 2803 1351 ταῖς
2832 1287 3070 1360 ἡμέραις
3089 1288 3182 1343 τοῦ
3213 1292 3380 1347 αὑτοῦ
3409 1295 3678 1364 βασιλέως

2108 1371 2397 1444 Ῥωμαίων
2433 1374 2783 1446 Ἡρακλείου,
2832 1380 2890 1433 αί
2922 1379 3130 1435 τούτων
3173 1381 3370 1455 ἔρημοι
3401 1388 3673 1461 καθεστή-

2097 1480 2224 1516 κασι
2271 1464 2468 1535 χῶραι.
2531 1468 2836 1539 Προστάξει
2886 1471 2982 1526 οὖν
3041 1472 3138 1527 τοῦ
3185 1473 3449 1544 βασιλέως
3500 1479 3671 1550 Ἦρα-

2095 1552 2277 1607 κλείου
2328 1555 2405 1628 (2)
2447 1558 2498 1610 ot
2550 1559 2709 1613 αὐτοὶ
2763 1562 3052 1633 Χρωϐάτοι
3092 1568 3677 1640 καταπολεμήσαντες,

2094 1644 2190 1696 καὶ
2246 1644 2356 1699 ἀπὸ
2406 1648 2513 1702 τῶν
2576 1652 2756 1705 ἐκεῖσε
2794 1654 2923 1716 τοὺς
2967 1652 3234 1726 ’Ᾱϐἀρους
3290 1660 3667 1731 ὲκδιώξαντες,

411 1731 548 1799 ipsis
588 1732 1024 1804 archiepiscopo,
1067 1733 1350 1805 episcopo,
1407 1737 1743 1808 presbyteris
1789 1747 1843 1793 ct
1872 1738 1985 1794 dia-

2108 1735 2433 1805 Ἥρακλείου
2472 1738 2565 1793 τοῦ
2594 1741 2863 1812 βασιλέως
2908 1744 3155 1799 κελεύσει
3185 1747 3256 1802 έν⁸
3281 1752 3348 1820 τῇ
3379 1753 3523 1823 αὐτῇ
3562 1753 3672 1808 τῶν

408 1824 595 1888 conis,
627 1824 939 1882 Chrobatos
973 1827 1292 1897 baptizavit.
1325 1826 1393 1880 Et
1419 1839 1548 1883 tunc
1592 1829 1812 1898 quidem
1846 1841 1989 1884 tem-

408 1915 554 1981 poris
614 1914 1018 1971 Chrobatorum
1079 1916 1339 1986 princeps
1393 1923 1513 1971 erat
1561 1916 1758 1988 Porga.
1821 1917 1989 1989 Regio

407 2014 589 2059 autem
619 2006 734 2061 haec
782 2020 944 2075 quam
982 2006 1334 2061 incoluerunt
1387 2006 1667 2076 Chrobati,
1714 2009 1784 2065 ab
1831 2010 1989 2065 initio

406 2098 509 2151 sub
562 2104 831 2166 potestate
860 2103 981 2151 enat
1023 2095 1402 2153 Romanorum
1428 2100 1813 2169 imperatoris;
1846 2104 1989 2159 unde

404 2187 568 2240 etiam
604 2188 659 2240 in
687 2187 1016 2242 hodiernum
1052 2204 1228 2259 usque
1265 2189 1411 2246 diem
1455 2191 1661 2249 Palatia
1696 2209 1761 2250 ac
1793 2197 1988 2266 hippo-

405 2278 632 2333 dromus
728 2278 1053 2334 Diocletiani
1122 2280 1474 2351 imperatoris
1555 2295 1853 2356 supersunt
1929 2288 1984 2343 in

402 2369 624 2439 regione
674 2369 1098 2438 Chrobatorum,
1150 2373 1205 2428 in
1256 2376 1391 2431 urbe
1456 2376 1678 2445 Salona,
1732 2395 1853 2450 quae
1903 2390 1989 2437 est

402 2461 653 2530 proxima
730 2463 849 2518 urbi
930 2464 1271 2535 Aspalatho.
1342 2466 1409 2522 Hi
1466 2477 1644 2525 autem
1722 2472 1983 2528 Chrohati

403 2553 660 2623 haptizati
685 2562 841 2610 extra
870 2556 1069 2613 limites
1100 2559 1337 2627 propriae
1368 2568 1531 2617 terra:
1585 2577 1695 2617 non
1749 2562 1987 2619 libenter

403 2643 530 2698 aliis
555 2644 759 2700 bellum
792 2646 1056 2716 inferunt,
1114 2649 1282 2720 idque
1331 2651 1461 2721 quia
1492 2654 1776 2708 oraculum
1810 2653 1986 2719 quod-

401 2736 529 2790 dam
550 2737 668 2793 sive
692 2745 957 2794 statutum
998 2749 1330 2812 acceperunt
1360 2758 1391 2797 a
1417 2742 1669 2800 Romano
1704 2746 1981 2815 pontiﬁce,

402 2827 495 2896 qui
538 2828 643 2883 sub
671 2829 927 2886 lleraclio
959 2829 1334 2889 Romanorum
1375 2836 1703 2907 imperatore
1728 2839 1985 2895 sacerdo-

402 2929 485 2974 tes
546 2919 720 2988 misit,
776 2935 983 2993 eosque
1045 2924 1365 2995 baptizavit.
1393 2927 1655 2984 Chrubati
1708 2929 1982 3000 siquidem

400 3019 526 3079 post
555 3021 839 3082 acceptum
872 3014 1203 3085 baptismum
1235 3018 1581 3089 pepigerunt,
1613 3030 1668 3075 et
1695 3021 1982 3094 chirogra-

404 3102 529 3171 phis
562 3103 807 3174 propriis
837 3105 983 3160 datis
1015 3117 1208 3162 sancto
1261 3107 1426 3165 Petro
1474 3110 1725 3180 apostolo
1754 3111 1981 3182 jurave-

405 3202 840 3265 runt,nunquam
864 3210 924 3251 se
952 3197 1184 3253 alienam
1208 3198 1321 3269 98
1345 3209 1546 3255 terram
1573 3202 1742 3260 armis
1759 3203 1984 3260 invasu-

396 3299 510 3350 ros,
542 3285 637 3341 sed
670 3300 857 3355 pacem
880 3287 1166 3345 habituros
1199 3305 1323 3344 cum
1345 3292 1604 3348 omnibus
1643 3295 1979 3361 volentibus,

393 3379 450 3428 et
468 3376 916 3444 imprecationcm
942 3378 1187 3433 vicissim
1220 3393 1251 3432 a
1269 3378 1521 3435 Romano
1547 3383 1806 3451 pontiﬁce
1821 3399 1980 3441 acce-

397 3475 633 3533 perunt;
670 3475 730 3520 ut
756 3466 805 3522 si
836 3467 1059 3536 quando
1092 3468 1214 3525 alite
1239 3478 1431 3540 gentes
1465 3473 1709 3541 ipsorum
1736 3473 1982 3531 Chroba~

399 3565 579 3609 torum
611 3564 811 3610 terram
842 3557 1190 3627 invaderent,
1222 3559 1477 3631 belloque
1499 3562 1851 3629 infestarent,
1882 3582 1983 3637 pro

395 3644 467 3699 iis
503 3654 791 3715 pugnaret,
826 3647 1137 3720 vindexque
1161 3661 1310 3707 esset
1361 3668 1549 3709 eorum
1582 3653 1751 3722 Deus,
1802 3657 1979 3713 victo-

395 3737 535 3791 riam
588 3739 920 3795 conciliante
954 3739 1131 3797 Petro
1181 3741 1387 3801 Christi
1438 3745 1734 3818 discipulo.
1793 3748 1981 3807 Multis

393 3844 522 3885 vero
559 3830 719 3887 annis
754 3831 955 3901 elapsis
991 3832 1047 3888 in
1085 3833 1279 3892 diebus
1313 3838 1581 3909 principis
1613 3839 1979 3911 Terpemere,

391 3923 481 3990 qui
524 3933 675 3992 pater
702 3923 806 3979 fuit
829 3924 1093 3996 principis
1120 3926 1462 3997 Crasemere,
1492 3946 1523 3986 e
1551 3927 1806 3999 Francia,
1859 3949 1980 4005 quae

390 4012 533 4069 Inter
561 4015 915 4073 Chrobatiam
962 4027 1018 4074 et
1050 4018 1334 4076 Venetiam
1385 4023 1563 4079 media
1616 4034 1721 4091 est,
1752 4028 1979 4085 veniens

392 4107 473 4161 vir
496 4107 718 4178 quidam
746 4108 1013 4167 Martinus
1043 4114 1287 4179 nomine,
1312 4115 1551 4172 maxime
1575 4117 1806 4188 quidem
1830 4120 1975 4189 pius,

2105 1825 2355 1913 ’ﬁ6dp‘wv
2382 1827 2557 1903 χώρᾳ,
2601 1835 2682 1897 είς
2722 1834 2790 1907 ἢν
2818 1833 2914 1890 νῦν
2948 1836 3177 1906 οἰκοῦσι,
3223 1844 3679 1913 κατεσκήνωσαν.-

2091 1909 2247 1984 ΕῙχον
2271 1915 2327 1968 δὲ
2358 1918 2407 1970 ot
2443 1918 2600 1972 αὐτοὶ
2626 1920 2917 1993 Χρωϐἀτοι
2946 1922 3024 1994 τῷ
3050 1924 3171 1979 τότε
3213 1928 3391 2000 καιρῷ
3433 1909 3680 2002 ἀρχοντα

2088 2005 2181 2062 τὸν
2226 2008 2439 2081 πατέρα
2468 2009 2562 2064 τοῦ
2596 2013 2801 2083 Ποργά.
2849 2010 2908 2068 '0
2950 2015 3010 2070 δὲ
3060 2017 3311 2087 βασιλεὺς
3348 2022 3677 2093 Ἡράκλειος

2089 2097 2420 2165 ἀποστείλας
2450 2101 2545 2156 καὶ
2575 2103 2684 2157 ἀπὸ
2724 2106 2942 2177 Ῥώμης
2991 2108 3217 2179 ἀγαγὼν
3269 2113 3454 2183 ἱερεῖς,
3487 2116 3580 2169 καὶ
3610 2116 3680 2182 ἐξ

2088 2190 2268 2245 αὐτῶν
2311 2193 2547 2264 ποιήσας
2593 2196 3047 2267 ἀρχιεπίσκοπον,
3085 2202 3182 2255 καὶ
3233 2204 3536 2259 ἐπίσκοπον
3576 2211 3669 2261 καὶ

2088 2282 2514 2354 πρεσϐυτέρους,
2548 2287 2642 2341 καὶ
2668 2289 2973 2356 διακόνους,
3007 2294 3135 2357 τοὺς
3173 2296 3506 2366 Χρωϐἀτους
3538 2298 3666 2353 έϐἀο

2088 2390 2247 2427 πτισε
2272 2391 2287 2406 ο
2321 2372 2466 2446 εἶχον
2494 2376 2551 2430 δὲ
2582 2378 2661 2450 τῷ
2694 2380 2817 2433 τότε
2838 2382 3020 2454 καιρῷ
3049 2384 3099 2438 oi
3123 2385 3355 2440 τοιοῦτοι
3384 2388 3665 2459 Χρωϐἀτοι

2087 2462 2327 2531 ἄρχοντα
2358 2463 2451 2518 τὸν
2482 2466 2671 2535 Ποργά
2699 2470 2800 2540 ('5).
2841 2470 2966 2525 Ὅτι
3000 2474 3287 2545 ἡτοιαύτη
3317 2476 3471 2547 χώρα
3496 2479 3575 2541 εἰς
3598 2478 3667 2551 ην

2086 2552 2135 2604 οἱ
2157 2553 2446 2639 Χρωϐἀτοι
2477 2557 2983 2632 κατεσκηνώθησαν
3016 2563 3083 2631 ἐξ
3107 2565 3285 2637 ἀρχῆς
3320 2566 3429 2620 ὑπὸ
3455 2568 3553 2639 τὴν
3582 2569 3671 2635 ἑξ-

2086 2642 2275 2696 ουσίαν
2306 2638 2375 2715 ἦν
2418 2643 2513 2699 τοῦ
2565 2645 2835 2716 βασιλέως
2876 2651 2985 2705 τῶν
3024 2654 3337 2724 Ῥωμαίων,
3373 2658 3433 2722 ἐξ
3463 2638 3525 2713 οὗ
3574 2662 3671 2714 καὶ

2088 2731 2328 2787 παλάτια
2352 2734 2445 2787 καὶ
2478 2736 2816 2808 ίπποδρόμια
2846 2740 2941 2794 τοῦ
2977 2741 3247 2812 βασιλέως
3276 2747 3675 2820 Διοκλητιανοῦ

2086 2824 2145 2877 ἐν
2177 2829 2244 2897 τῇ
2292 2827 2405 2882 τῶν
2457 2829 2638 2885 αὐτῶν
2685 2833 2999 2905 Χρωϐἀτων
3026 2834 3185 2910 ⁸(ώριει
3224 2839 3386 2911 μέχρι
3431 2842 3529 2911 τῆς
3572 2841 3668 2895 νῦν

2086 2917 2492 2988 περισώζονται
2516 2923 2598 2986 είς
2625 2923 2685 2977 τὸ
2725 2925 2968 2993 κάστρον
2993 2927 3266 2998 Σαλώνας,
3307 2930 3533 2999 πλησίον
3570 2932 3673 2986 τοῦ

2092 3006 2336 3077 κάστρου
2384 3010 2749 3068 Ἀσπαλάθου.
2807 3016 2929 3071 Ὀτι
2983 3013 3132 3074 οὗτοι
3194 3023 3242 3074 ot
3306 3021 3666 3095 βαπτισμένοι

2090 3097 2381 3168 Χρωϐἀτοι
2417 3100 2617 3168 ἔξωθεν
2646 3104 2747 3175 τῆς
2784 3107 2922 3172 ίδίας
2965 3110 3150 3166 αὐτῶν
3192 3114 3378 3186 χώρας
3409 3115 3674 3186 πολεμεῖν

2088 3185 2392 3259 ἀλλοτρίοις
2454 3190 2515 3243 οὐ
2574 3190 2893 3261 βούλονται·
2942 3202 3190 3271 χρησμὸν
3235 3185 3344 3274 γάρ
3401 3220 3521 3257 τινα
3548 3185 3671 3258 καὶ

2087 3277 2315 3350 ὁρισμὸν
2341 3280 2534 3338 ἔλαϐον
2558 3285 2709 3357 παρὰ
2731 3286 2829 3342 τοῦ
2860 3289 3021 3344 πάπα
3056 3291 3277 3365 Ῥώμης
3309 3298 3405 3350 τοῦ
3450 3299 3542 3350 ἐπὶ
3569 3298 3665 3351 τοῦ

2098 3368 2418 3438 Ἡρακλείου
2460 3373 2556 3428 τοῦ
2601 3375 2868 3445 βασιλέως
2911 3382 3200 3455 Ῥωμαίων
3247 3388 3671 3455 ἀποστείλαντος

2090 3460 2257 3531 ἱερεῖς
2299 3464 2395 3517 καὶ
2426 3466 2650 3533 τούτους
2681 3470 3069 3541 βαπτίσαντος.
3103 3477 3215 3531 Καὶ
3261 3479 3370 3551 γὰρ
3415 3473 3560 3537 οὗτοι
3612 3486 3664 3537 οἱ

2087 3551 2397 3644 Χρωϐἀτοι,
2431 3557 2572 3625 μετά
2615 3560 2678 3613 τὸ
2724 3562 2924 3629 αὐτοὺς
2958 3565 3346 3639 βαπτισθῆναι,
3393 3574 3666 3644 συνθήκας

2087 3642 2181 3749 acet
2207 3643 2469 3749 ίϐιόχειρα
2504 3649 2852 3721 ἐποιήσαντο,
2883 3658 2977 3710 καὶ
3000 3658 3137 3729 πρὸς
3161 3659 3253 3714 τὸν
3281 3661 3434 3729 ἅγιον
3459 3642 3679 3749 Πέτρον

2086 3732 2180 3786 τὸν
2232 3734 2532 3791 ἀπόστολον
2584 3740 2780 3812 ὅρκους
2824 3745 3078 3816 βεϐαίους
3129 3750 3222 3804 καὶ
3251 3752 3533 3821 ἀσφαλεῖς,
3548 3732 3669 3810 Ιῖνα

2083 3824 2359 3895 μηδέποτε
2395 3830 2476 3893 είς
2504 3831 2797 3904 ἀλλοτρίαν
2823 3837 3012 3910 χώραν
3044 3841 3344 3911 ἀπέλθωσι,
3381 3846 3478 3899 καὶ
3504 3845 3668 3900 πολε-

2090 3921 2360 3992 μήσωσιν,
2391 3922 2530 3977 ἀλλὰ
2560 3926 2767 3996 μᾶλλον
2804 3932 3111 4002 εἰρηνεύειν
3140 3937 3278 4006 μετὰ
3311 3938 3529 3992 πάντων
3555 3942 3673 3995 τῶνι

2088 4013 2456 4087 βουλομένων,
2500 4018 2758 4087 λαϐόντες
2807 4027 2903 4078 καὶ
2958 4027 3111 4096 παρὰ
3154 4029 3249 4084 τοῦ
3296 4032 3461 4086 αὑτοῦ
3505 4034 3667 4088 πάπα

2097 4098 2318 4173 Ῥώμης
2362 4105 2530 4179 εὐχὴν
2584 4110 2819 4177 τοιάνδε,
2851 4112 2928 4177 ὡς
2979 4115 3037 4167 εί
3076 4133 3222 4182 τινες
3261 4119 3411 4174 ἄλλοι
3454 4119 3661 4175 ἐθνικοὶ

391 4199 488 4255 sed
522 4200 712 4256 habitu
763 4203 1052 4271 saeculari;
1088 4220 1248 4275 quem
1276 4205 1439 4261 iidem
1470 4222 1689 4277 quoque
1716 4208 1976 4267 Chrobali

2091 4194 2229 4247 κατὰ
2256 4197 2357 4267 τῆς
2400 4198 2509 4252 τῶν
2552 4200 2735 4256 αὐτῶν
2766 4204 3084 4275 Χρωϐάτων
3112 4209 3297 4280 χώρας
3338 4211 3661 4280 ἐπέλθωσιν,

390 4288 657 4344 miracula
713 4288 914 4348 fecisse
959 4292 1197 4364 plurima
1248 4292 1483 4364 dicunt;
1533 4296 1626 4353 hic
1675 4313 1843 4369 porro
1893 4301 1976 4357 vir

2091 4286 2185 4338 καὶ
2242 4287 2483 4358 πόλεμον
2529 4291 2923 4363 ἑπενέγκωσιν,
2971 4297 3060 4354 ἵνα
3110 4302 3138 4354 ὀ
3186 4301 3294 4354 τῶν
3344 4302 3661 4371 Χρωϐἀτων

389 4379 514 4449 pius
553 4374 863 4438 imbecillus
907 4383 1227 4454 admodum,
1281 4394 1336 4443 et
1365 4387 1599 4458 pedibus
1652 4390 1972 4459 mutilatus,

2091 4375 2213 4441 Θεὸς
2272 4381 2648 4453 προσπολεμεῖ
2681 4384 2776 4438 καὶ
2821 4389 3169 4459 προΐσταται,
3215 4393 3306 4447 καὶ
3353 4393 3509 4458 νίκας
3555 4395 3661 4448 αὖ·

390 4471 466 4527 ita
492 4481 555 4529 ut
585 4488 616 4528 a
653 4482 893 4545 quatuor
923 4475 1124 4546 bajulis
1168 4493 1503 4551 quocunque
1545 4480 1706 4538 vellet
1734 4482 1973 4541 deferre-

2091 4468 2193 4530 ιοῖς
2219 4467 2297 4538 (4)
2350 4470 2558 4541 Πέτρος
2604 4475 2633 4526 ὁ
2665 4473 2764 4528 τοῦ
2812 4477 3053 4547 Χριστοῦ
3092 4480 3339 4551 μαθητὴς
3382 4482 3656 4553 προξενεῖ.

389 4573 502 4631 tur,
533 4563 668 4620 illuc
690 4567 1033 4623 sanctissimi
1062 4569 1341 4639 pontiﬁcis
1371 4572 1692 4629 mandatum
1722 4573 1971 4631 Chroba-

2091 4560 2239 4615 Μετά
2270 4560 2328 4615 δὲ
2362 4562 2595 4632 χρόνους
2632 4567 2863 4634 πολλοὺς
2906 4571 2966 4624 ὲν
3014 4575 3135 4636 ταῖς
3167 4573 3404 4645 ἡμέραις
3435 4575 3658 4645 Τερπη-

388 4656 461 4708 tis
500 4654 568 4709 ad
604 4656 858 4712 ultimum
889 4659 1014 4715 vita:
1045 4659 1208 4716 ﬁnem
1240 4664 1573 4720 servandum
1605 4681 1730 4723 esse
1780 4666 1969 4724 itidem

2091 4651 2223 4722 μέρη
2251 4651 2347 4706 τοῦ
2376 4653 2662 4725 ἄρχοντος,
2693 4658 2790 4713 τοῦ
2836 4664 3045 4733 πατρὶς
3087 4662 3180 4715 τοῦ
3211 4663 3472 4735 ἄρχοντος
3500 4668 3659 4737 Κραο

389 4747 595 4815 sanxit,
645 4749 836 4806 eadem
896 4752 1061 4808 etiam
1121 4754 1254 4823 illis,
1318 4772 1440 4829 quae
1494 4768 1656 4815 antea
1722 4760 1968 4832 pontifex

2091 4742 2295 4813 τημέρη
2332 4744 2434 4815 (5),
2474 4746 2647 4801 ἐλθὼν
2669 4751 2777 4803 ἀπὸ
2807 4752 3088 4820 Φραγγίας
3119 4753 3218 4824 τῆς
3265 4756 3471 4825 μεταξὺ
3504 4758 3645 4828 Χρω-

387 4838 745 4910 imprecatus.
800 4843 1147 4919 Quapmpter
1198 4864 1375 4920 neque
1438 4865 1654 4923 sagenae
1720 4853 1967 4923 ipsarum

2091 4835 2272 4901 5ατίας
2315 4838 2411 4892 καὶ
2444 4840 2693 4905 Βενετίας
2720 4843 2861 4914 ἀνήρ
2897 4860 2982 4907 τις
3022 4844 3134 4898 τῶν
3165 4847 3307 4902 πάνυ
3360 4849 3458 4919 μὲν
3493 4850 3654 4903 εὐλα-

389 4930 820 5003 Chrobalorum,
853 4951 1031 5007 neque
1056 4939 1337 5008 condurae,
1371 4956 1616 5013 unquam
1643 4943 1711 4999 ad
1734 4944 1971 5015 aliquem

2091 4929 2188 4983 δῶν
2226 4929 2342 5002 (6),
2399 4933 2676 5004 Μαρτῖνος
2727 4933 2975 5005 ὀνόματι,
3041 4938 3225 5011 σχῆμα
3280 4938 3341 4994 δὲ
3395 4941 3665 5012 κοσμικδν

1584 5053 1886 5113 ANSELMI
1911 5057 2241 5116 BANDURII
2277 5061 2508 5119 NOT/E.

462 5136 544 5208 (2)
584 5137 815 5205 Quando
850 5141 1118 5199 Dalmatia
1139 5146 1207 5200 ab
1234 5143 1532 5211 Aharihus,
1562 5149 1645 5203 vel
1677 5149 1858 5204 Slavis
1883 5165 1977 5204 oc-

391 5217 590 5288 cupata
631 5213 795 5288 fuerit
836 5214 1089 5288 pluribus
1138 5216 1252 5283 agit
1284 5215 1487 5288 Lucius
1513 5217 1581 5272 de
1625 5220 1816 5288 Regna
1852 5218 1976 5273 Dal-

394 5280 577 5355 matia:
600 5290 654 5335 et
676 5279 910 5355 Oroatia:
940 5282 1034 5336 lib.
1067 5299 1105 5346 ι,
1132 5279 1256 5353 cap.
1283 5285 1339 5339 9.
1380 5285 1457 5341 De
1491 5279 1765 5355 baptismo
1790 5299 1970 5344 autem

393 5349 720 5425 proatorum
756 5352 1000 5425 diximus
1040 5349 1305 5425 nonnulla
1325 5370 1493 5424 supra
1526 5349 1596 5411 ad
1630 5372 1752 5425 cap.
1793 5357 1886 5424 30,
1918 5366 1973 5412 et

396 5416 650 5496 laudatus
681 5421 886 5496 Lucius
924 5421 1168 5492 loquitur
1201 5416 1451 5496 pluribus
1491 5425 1559 5482 de
1591 5416 1782 5483 eodem
1811 5416 1884 5484 cf
1909 5429 1965 5483 ll

396 5487 544 5540 citati
582 5492 730 5546 Iihl‘i.

475 5558 551 5625 (3)
582 5560 673 5637 §ic
701 5577 766 5615 ex
800 5578 903 5617 ms.
931 5562 1140 5637 codice.
1166 5564 1425 5637 Chrobati
1446 5566 1609 5637 igitur
1642 5567 1746 5623 sub
1765 5567 1967 5625 Porino

401 5625 561 5709 duce,
593 5628 782 5709 Porga:
813 5642 965 5709 pa_t_r_e
996 5634 1205 5709 Aba[es
1237 5650 1298 5709 ex
1334 5625 1600 5709 Dalmatia
1639 5640 1967 5709 expulerunt

405 5704 651 5763 tempore
701 5699 952 5767 llcraclii,
1010 5713 1067 5757 ut
1118 5704 1614 5780 Porphyrogenitus
1666 5699 1751 5766 hic
1807 5711 1967 5781 paulo

2077 5154 2472 5242 superiustet
2516 5158 3079 5242 capite_przecedenti
3142 5172 3333 5242 narrat
3350 5181 3406 5242 ἢκ·
3460 5164 3659 5242 deinde

2080 5221 2251 5305 θοι-εει
2288 5239 2479 5305 eorum
2527 5221 2667 5284 duce
2713 5221 3026 5301 baptizatos
3074 5232 3295 5290 eosdem
3343 5234 3657 5289 Chrobatos

2079 5290 2461 5444 ᾗῗᾶῗὲἱιὲθι
2505 5379 2609 5423 ms.
2646 5368 2705 5422 In
2747 5367 2911 5427 editis
2949 5370 3171 5442 legitur,
3210 5373 3307 5430 καὶ
3346 5374 3505 5438 νίκας
3552 5375 3655 5430 αύ-

2074 5442 2690 5595 τῗξξξὲορξοοίοιυιῃ
2726 5509 2962 5595 ducibus
3000 5522 3292 5595 eteorum
3327 5515 3500 5595 stirpe
3535 5515 3656 5595 plu-

2070 5571 2224 5697 ribus
2251 5573 2363 5644 agit
2403 5574 2604 5699 Luicius
2649 5580 2716 5634 de
2765 5578 2951 5651 Regno
2998 5584 3282 5640 Dalmatia
3322 5596 3376 5641 et
3421 5571 3655 5640 Croatia:

2091 5658 2105 5695 ι
2152 5658 2275 5713 χχι,
2310 5659 2429 5713 cap.
2508 5688 2519 5699 .

2140 5710 2217 5780 (6)
2246 5712 2335 5767 Sic
2363 5710 2415 5769 in
2443 5731 2544 5771 ms.
2570 5718 2637 5771 At
2665 5716 2933 5776 Meursius
2958 5737 3056 5791 pro
3084 5722 3326 5777 εὐλαὸῶν
3355 5724 3644 5797 legendum
