4050 6216
420 293 531 358 285

1495 281 1592 339 DE
1632 276 2264 339 ADMINISTRANDO
2298 276 2645 338 IMPERIO.

3570 285 3681 348 286

416 399 909 476 περιϐεϐλημένος,
940 397 1000 449 ὃν
1031 394 1126 449 καὶ
1163 393 1410 461 λέγουσιν
1450 393 1497 445 οἱ
1530 392 1684 446 αὐτοὶ
1716 392 2004 463 Χρωὸάτοι

2112 390 2251 447 bello
2286 389 2658 446 infestandum
2693 389 2916 457 abeunt,
2954 391 3057 446 nisi
3085 393 3131 447 si
3163 392 3289 464 quis
3342 408 3440 452 eos
3466 399 3684 455 adoria.

417 498 675 568 θαύματα
728 491 889 545 ἱκανὰ
938 491 1159 558 ποιῆσαι
1183 501 1197 516 ⁶
1233 484 1466 557 ἀσθενὴς
1498 485 1552 538 δὲ
1588 484 1663 539 ὣν
1693 485 1722 538 ὁ
1765 484 2005 547 τοιοῦτος

416 588 653 658 εὐλαϐὴς
704 584 868 654 ἀνὴρ,
918 583 1012 634 καὶ
1061 579 1186 641 robe
1237 578 1401 640 πόδας
1453 577 2003 648 ὴκρωτηριασμὲνος,

417 684 561 738 ὥστε
604 677 712 733 ὑπὸ
741 673 1025 743 τεσσάρων
1069 672 1167 724 καὶ
1220 669 1589 739 βαστάζεσθαι
1636 669 1733 723 καὶ
1775 667 2007 739 περιφέ-

423 774 615 845 ρεσθαι
660 771 797 824 ὅπου
838 767 883 821 δ’
917 765 984 820 ἂν
1018 763 1114 817 καὶ⁸
1167 762 1451 833 βούληται,
1494 760 1593 832 τὴν
1621 760 1878 830 τοιαύτην
1910 759 2006 814 τοῦ

419 863 730 933 ἁγιωτάτου
796 860 957 913 πάπα
1012 856 1236 925 ἐντολὴν
1283 857 1396 918 τοῖς
1444 853 1632 917 αὐτοῖς
1688 852 2006 923 Χρωϐἀτοις

418 958 699 1028 διατηρεῖν
743 953 910 1025 μέχρι
954 950 1144 1014 τέλους
1195 948 1341 1018 ζωῆς
1377 948 1558 1002 αὐτῶν
1609 947 2004 1001 ὲπεθέσπισεν·

420 1048 796 1118 ἐπευξάμενος
837 1043 896 1097 δὲ
945 1043 1043 1095 καὶ
1095 1039 1257 1104 αὐτὸς
1309 1039 1495 1102 αὐτοῖς
1525 1038 1626 1109 τὴν
1675 1039 1867 1108 ὁμοίαν
1912 1038 2008 1091 τοῦ

418 1142 581 1196 πὰπα
610 1137 800 1209 εὐχήν.
831 1132 931 1187 Διὰ
950 1132 1113 1186 τοῦτο
1132 1129 1255 1185 οὔτε
1286 1131 1339 1182 αί
1360 1129 1593 1197 σαγῆναι
1614 1127 1724 1182 τῶν
1752 1128 2010 1180 τοιούτων

418 1230 756 1302 Χρωὸἀτων,
784 1224 911 1280 οὔτε
962 1225 1021 1278 αἱ
1065 1221 1355 1292 κοντοῦραι
1405 1221 1503 1291 (7),
1553 1220 1810 1273 οὐδέποτε
1868 1219 2010 1272 κατά

416 1340 573 1386 τινος
597 1321 737 1392 πρὸς
774 1318 1014 1387 πόλεμον
1056 1315 1410 1387 ἀπέρχονται,
1437 1313 1488 1365 εί
1528 1312 1603 1383 μὴ
1633 1312 1742 1382 ἄρα
1775 1329 1859 1375 τις
1887 1311 2007 1364 κατ’

421 1414 606 1470 αὐτῶν
630 1412 875 1466 ἐπέλθοι.
900 1408 1048 1478 Πλὴν
1077 1408 1165 1461 διὰ
1190 1406 1301 1460 τῶν
1329 1403 1588 1459 τοιούτων
1612 1402 1816 1457 πλοίων
1838 1403 2011 1471 ἀπέρ-

428 1524 615 1579 χονται
645 1507 695 1558 οἱ
739 1502 1059 1575 βουλόμενοι
1096 1499 1205 1553 τῶν
1230 1496 1547 1569 Χρωὸἀτων
1582 1495 1806 1548 διοικεῖν
1836 1493 2010 1563 ιμπά-

428 1616 546 1670 ρια,
571 1597 684 1652 ἀπὺ
710 1597 953 1664 κάστρου
979 1593 1062 1655 είς
1088 1590 1326 1661 κὰστρον
1357 1586 1796 1660 περιερχόμενοι,
1826 1586 1927 1655 τήν
1950 1601 2010 1637 τε

426 1686 836 1759 Παγανίαν,καὶ
853 1684 947 1737 τὸν
960 1682 1160 1735 κόλπον
1176 1682 1277 1746 τῆς
1294 1678 1599 1748 Δελματίας
1615 1676 1714 1748 (8),
1735 1677 1829 1730 καὶ
1850 1676 2010 1747 μέχρι

431 1783 706 1845 Βενετίας.
734 1781 857 1834 ὀτι
896 1778 924 1831 ὁ
950 1778 1136 1847 ἄρχων
1163 1772 1492 1844 Χρωὸατίας
1526 1770 1587 1834 ἐξ
1614 1769 1806 1840 ἀρχῆς,
1842 1767 2011 1837 ἤγουν

429 1874 543 1930 ἀπὸ
570 1873 667 1943 τῆς
682 1870 962 1943 βασιλείας
988 1864 1313 1939 Ἡρακλείου
1331 1862 1424 1917 τοῦ
1449 1860 1731 1932 βασιλέως,
1747 1858 2011 1923 δουλικῶς

424 1964 579 2016 ἐστιν
599 1958 1032 2029 ὕπατεταγμένος
1054 1953 1133 2026 τῷ
1167 1953 1378 2024 βασιλεῖ
1402 1951 1716 2021 Ῥωμαίων,
1739 1950 1837 2004 καὶ
1862 1949 2008 2002 οὐδὲ⁸

424 2070 554 2107 ποτε
582 2051 663 2123 τῷ
685 2053 911 2122 ἄρχοντι
940 2046 1283 2118 Βουλγαρίας
1317 2043 1695 2114 καθυπετάγη.
1720 2042 1861 2097 Ἀλλ’
1887 2042 2010 2096 οὐδὲ

428 2141 742 2212 Βούλγαρος
769 2138 982 2211 ἀπῆλθε
1015 2138 1154 2210 πρὸς
1186 2137 1426 2207 πόλεμον
1467 2135 1610 2190 κατὰ
1639 2135 1746 2188 τῶν
1778 2135 2008 2206 Χρωδά-

427 2251 554 2299 tum
571 2234 624 2287 εί
653 2232 731 2303 μὴ
750 2230 971 2303 Μιχαὴλ
993 2233 1021 2284 ὁ
1035 2230 1220 2301 ἄρχων
1237 2228 1573 2298 Βουλγαρίας
1590 2228 1618 2280 ὁ
1639 2225 1892 2298 Βορὼσης
1909 2226 2008 2298 (9),

426 2322 686 2378 ἀπελθὼν
709 2322 805 2376 καὶ
833 2321 1152 2392 πολεμήσας
1177 2320 1383 2385 αὺτοῖς,
1403 2319 1498 2373 καὶ
1517 2320 1685 2390 μηδὲν
1704 2318 1898 2374 ἁνῦσαι
1919 2318 2014 2372 δυ-

428 2414 962 2486 νηθεὶς,είρήναυσε,
992 2414 1117 2484 μετ’
1141 2413 1322 2467 αὐτῶν
1355 2410 1605 2479 ξενιάσας
1625 2412 1751 2476 τοὺς
1774 2410 2011 2481 Χρωόάο

429 2522 556 2570 τους
584 2506 682 2560 καὶ
703 2504 1011 2581 ξενιασθεὶςη
1033 2503 1187 2576 παρὰ
1208 2503 1319 2559 τῶν
1343 2502 1680 2575 Χρωϐἀτων.
1712 2500 1853 2555 Ἀλλ’
1885 2500 2009 2555 οὐδὲ

2108 496 2212 539 tur.
2248 482 2357 538 Sed
2392 481 2707 551 huiusmodi
2741 483 2974 554 navigiis
3029 484 3313 552 Chrobati,
3343 487 3438 556 qui
3477 504 3687 547 merca-

2110 586 2198 633 tus
2228 574 2602 647 frequentant,
2635 576 2702 629 ad
2752 578 2997 646 emporia
3033 578 3483 646 proﬁciscuntur,
3526 584 3685 652 oppi-

2108 668 2278 724 datim
2317 670 2729 723 circumeuntes
2762 667 3061 740 Paganiam
3092 678 3149 725 et
3184 671 3367 727 sinum
3402 672 3685 729 Dalmatia:

2108 759 2365 816 Venetias
2428 775 2625 829 usque.
2679 760 2992 816 Chrobatia:
3051 770 3234 817 autem
3298 765 3553 834 princeps
3616 768 3685 821 ab

2109 852 2289 917 initio,
2321 851 2377 907 id
2403 862 2507 916 est,
2544 852 2613 907 ab
2648 850 2896 907 ’Heraclii
2944 853 3290 923 imperatoris
3322 857 3684 925 temporibus,

2111 945 2363 1000 Romano
2404 943 2745 1015 imperatori,
2783 958 2892 999 non
2925 944 3194 1015 Bulgariae
3226 947 3459 1016 principi
3490 947 3687 1001 subdi-

2110 1044 2199 1091 tus
2236 1042 2374 1091 erat.
2407 1033 2596 1105 Neque
2644 1034 2915 1105 Bulgarus
2971 1050 3097 1090 cum
3147 1036 3438 1092 Chrobatis
3484 1037 3683 1092 bellum

2110 1128 2299 1198 gessit,
2327 1136 2525 1197 praeter
2554 1126 2877 1183 Michaelem
2918 1128 3161 1183 Borosen
3188 1127 3456 1200 Bulgariae
3477 1130 3686 1199 princi-

2110 1238 2256 1292 pem,
2296 1221 2391 1292 qui
2447 1222 2685 1292 sumptis
2716 1222 2905 1289 armis,
2935 1222 3139 1277 bellum
3164 1223 3301 1293 ipsis
3331 1225 3535 1289 intulit,
3590 1225 3687 1279 sed

2109 1328 2233 1369 cum
2283 1314 2422 1369 nihil
2465 1314 2725 1378 etIiceret,
2779 1315 3104 1371 muneribus
3156 1314 3296 1369 datis
3324 1324 3379 1370 et
3427 1318 3688 1385 acceptis,

2113 1422 2301 1477 pacem
2364 1407 2515 1462 fecit.
2578 1405 2767 1477 Neque
2818 1405 3084 1462 Chrobati
3142 1421 3383 1477 unquam
3440 1407 3689 1478 Bulgaris

2114 1497 2383 1553 tributum
2418 1497 2710 1560 dederunt.
2743 1497 2839 1553 sed
2878 1497 3036 1552 alteri
3076 1498 3280 1554 alteros
3313 1513 3458 1568 saepe
3495 1499 3691 1553 amici-

2113 1588 2201 1642 tias
2266 1603 2398 1659 ergo
2464 1589 2622 1645 denis
2679 1588 3129 1644 cohonestarunt.
3214 1589 3508 1659 Baptizataa
3560 1605 3692 1646 vero

2110 1677 2424 1733 Chrobatia:
2453 1680 2619 1734 urbes
2649 1678 2907 1733 habitata:
2937 1678 3054 1734 istae
3104 1688 3270 1743 sunt;
3304 1678 3480 1745 Noua,
3534 1680 3691 1736 Belo-

2111 1768 2366 1840 gradum,
2420 1768 3004 1835 Belitzin,Scordona,
3061 1770 3360 1834 Cblebena,
3420 1769 3692 1840 Stolpum,

2114 1859 2321 1925 Tenen,
2358 1859 2509 1927 Cori,
2562 1859 2816 1916 Claboca.
2853 1860 3195 1931 Exhihetque
3242 1864 3484 1934 equitum
3533 1879 3692 1919 sexa-

2113 1952 2264 2023 ginta
2300 1951 2493 2016 millia,
2549 1951 2792 2022 peditum
2840 1960 3059 2007 centum
3110 1953 3312 2022 millia;
3357 1963 3412 2009 et
3461 1970 3693 2027 sagenas

2115 2045 2419 2115 octOginta,
2451 2042 2727 2098 conduras
2773 2052 2993 2098 centum
3047 2052 3152 2111 ;et
3213 2060 3428 2116 sagena
3470 2047 3693 2115 quidem

2117 2135 2486 2207 quadraginta
2519 2135 2669 2190 viros
2714 2136 2958 2204 habent;
3009 2137 3268 2194 cundum
3302 2154 3429 2193 vero
3464 2139 3693 2209 viginti,

2116 2241 2311 2296 nempe
2344 2241 2467 2296 quae
2495 2225 2777 2294 majores;
2839 2242 2964 2282 nam
3027 2228 3268 2283 minores
3328 2230 3512 2283 decem
3550 2234 3695 2285 viros

2115 2327 2324 2374 tantum
2348 2319 2568 2375 habent.
2601 2320 2778 2389 Atque
2810 2320 2926 2374 haec
2987 2320 3205 2390 quidem
3262 2319 3571 2375 Chrobatia:
3599 2336 3697 2391 po-

2115 2411 2284 2465 tentia
2351 2422 2404 2468 et
2425 2411 2596 2484 copia:
2678 2412 2901 2468 fuerunt
2987 2430 3160 2484 usque
3212 2414 3279 2469 ad
3330 2414 3695 2485 principatum

2113 2501 2599 2575 Crasemere;quo
2633 2514 2871 2572 mortuo,
2902 2519 3027 2560 cum
3087 2506 3477 2562 Mirosthlabus
3528 2506 3696 2570 illius,

1638 2636 1936 2693 ANSELMI
1964 2636 2098 2692 BAN
2105 2638 2293 2695 DURII
2322 2638 2534 2695 NOTE

434 2731 812 2805 aitstfaqsﬁu'w;
846 2741 903 2789 et
938 2732 1103 2805 paulo
1125 2731 1280 2805 infra
1315 2746 1417 2803 pro
1444 2730 1699 2805 ερλαϐῂς,
1739 2730 2007 2805 εὐσςᾷής

2116 2748 2223 2805 nus
2246 2733 2546 2805 etiamnum
2578 2732 2828 2805 Gundula
2857 2733 3079 2789 dicitur.

342 2830 381 2845 ι
438 2803 536 2861 sed
564 2803 775 2859 fallitur
803 2801 1057 2859 cum'vox
1084 2801 1489 2872 εὐλαϐήςοριιό
1521 2801 1816 2872 scriptpres
1841 2801 2006 2872 Chri-

438 2872 870 2944 stianoseadem
906 2869 1523 2944 saepesigniﬁcat,‘quaa
1553 2869 1820 2942 εὐοεεής,
1852 2870 2015 2925 nimi-

440 2957 562 3000 rum
590 2943 899 3012 religiosum
929 2943 993 2999 ac
1019 2943 1188 3009 pium.

512 3013 589 3084 (7)
625 3010 929 3083 Κόντοῦρα,
959 3022 1013 3067 et
1048 3010 1337 3084 κονδοῦρα,
1388 3010 1573 3084 Genus
1622 3010 1822 3081 navigii
1871 3010 2014 3081 apud

444 3081 693 3146 Creatos,
715 3081 859 3150 quod
882 3096 1084 3151 sagena
1110 3081 1293 3136 minus
1319 3090 1437 3146 est;
1464 3081 1663 3152 quippe
1694 3096 1927 3152 sagenae,
1955 3087 2016 3135 ut

444 3154 635 3207 scribit
660 3149 821 3223 fidem
853 3149 1356 3223 Porphyrogenitus
1396 3149 1741 3221 paulo‘inl'ra,
1763 3149 2018 3219 wquadra--

2191 2803 2268 2876 (8)
2308 2801 2478 2876 Maris
2500 2802 2886 2876 Dalmatarum
2913 2805 3161 2876 meminit
3202 2804 3345 2860 idem
3386 2804 3700 2876 Porpher-

2117 2874 2333 2943 genitus
2362 2882 2425 2945 et
2464 2872 2527 2945 in
2552 2874 2638 2945 avi
2672 2872 2815 2945 Vita.
2857 2873 3089 2945 Quando
3121 2883 3300 2929 autem
3337 2872 3700 2945 mare'lllyri-

2115 2941 2243 2997 cum
2275 2957 2370 2997 seu
2399 2941 2742 3012 Adriaticum
2778 2944 3068 2997 Dalmatici
3090 2945 3511 3012 appellationem
3541 2941 3699 3000 acce-

2115 3012 2256 3085 peri_t
2302 3012 2464 3085 docet
2496 3011 2701 3068 Lucius
2728 3028 2848 3084 cap.
2883 3014 2937 3079 6,
2981 3014 3078 3069 lib.
3110 3011 3252 3080 i,'de
3296 3013 3482 3085 Regno
3520 3012 3695 3069 Dalm.

2125 3090 2181 3137 ct
2208 3081 2461 3136 Croatiae.

2198 3151 2277 3221 (9)
2315 3149 2502 3225 Capite
2533 3149 2784 3225 sequenti
2816 3151 3099 3225 scribitur,
3144 3152 3433 3225 Boptaqg;
3463 3153 3532 3225 ab
3574 3154 3700 3209 aliis

445 3224 590 3291 ginta
620 3222 768 3276 viros
799 3219 1003 3278 habent
1026 3219 1324 3286 {condurat
1347 3219 1498 3287 vero,
1526 3235 1620 3276 seu
1643 3231 2021 3289 conturmquae
2122 3219 2256 3277 vero
2295 3219 2889 3291 appellatur'Vorizes,
2922 3222 3005 3276 vel
3049 3219 3362 3280 Burichius.
3400 3219 3569 3278 Libet
3601 3240 3698 3277 au-

444 3290 682 3364 majores
717 3298 867 3356 sunt,
916 3291 1105 3364 viginti
1140 3291 1284 3364 viros
1326 3291 1560 3364 habent,
1603 3291 2021 3364 minoresvero
2126 3299 2235 3364 tem
2266 3290 2355 3345 hic
2380 3290 2599 3364 [legum
2639 3291 2924 3364 Bulgaria:_
2949 3299 3178 3364 stemma
3213 3309 3275 3348 cx
3318 3294 3699 3364 Porphyrogc—

446 3360 631 3417 decem
676 3371 907 3418 tantum.
941 3360 1290 3419 Nostratibus
1330 3370 1512 3417 autem
1545 3362 1651 3416 hoc
1696 3360 1896 3432 navigii
1924 3374 2019 3432 ge-

2126 3362 2244 3417 nito
2271 3367 2325 3418 et
2346 3362 2469 3418 aliis
2495 3361 2860 3433 scriptoribus
2886 3361 3094 3422 Graecis
3123 3364 3405 3421 exhibere.

1623 3538 1853 3595 Presian

1205 3610 1491 3667 Constant.

1626 3679 1856 3736 Michael
1892 3678 2127 3738 Boroses

1221 3819 1539 3893 Porphyr.‘
1625 3819 1997 3893 Blastcmerus

1628 3890 1817 4013 Siu'ion

1632 4028 1779 4084 Uxor
1807 4041 1964 4083 soror
1989 4026 2213 4101 Georgii
2246 4031 2530 4087 susurbuli

1454 4174 1465 4245 Ι
1655 4245 1675 4247 _
1733 4175 1745 4247 Ι

1338 4246 1580 4303 Joannes
1653 4245 1846 4301 Petrus

1650 4314 1821 4371 Maria
1855 4330 1948 4370 υς.

1610 4430 1620 4436 .
1643 4387 1840 4458 lmper.
1875 4385 1983 4440 ﬁlia

1320 4488 1749 4500 ——————

2558 3967 2879 4096 {Cedrenus

2095 4243 2144 4297 M
2155 4175 2325 4302 iclhael

2096 4313 2403 4374 Monachus

1336 4598 1555 4659 Borises
1629 4598 1914 4658 Romanus
1944 4598 2039 4669 qui
2074 4607 2127 4655 et

1743 4670 1966 4728 Simeon

1791 4902 1990 4960 Comes
2023 4902 2401 4977 Comitopolus

1476 5120 1697 5176 Samuel

1302 5218 1920 5232 —————————

1314 5329 1550 5387 Cossara
1589 5332 1692 5390 Ux.
1770 5329 2050 5388 Romanus
2078 5333 2257 5389 dictus

1846 5121 2017 5181 David
2092 5121 2269 5182 Mbses

2414 5122 2598 5179 Aaron

2364 5331 2608 5388 Joannes
2634 5331 2814 5393 dictus
2844 5332 3136 5395 Alusianus

1316 5398 1377 5458 S.
1407 5401 1693 5461 Uladilniri
1770 5402 1993 5460 Radmir
2021 5412 2077 5459 et
2109 5403 2325 5459 Gabriel
2368 5403 2677 5461 Bladislaus

1962 5558 2158 5614 Petrus
2193 5569 2557 5627 cognomento

2104 5627 2371 5685 Deleanus
