  <div class='ocr_page' id='page_1' title='image "/cluster/home/n/w/nwhite01/storage/ocr_20150623/113/hvd.32044073502270/160.png"; bbox 0 0 4046 6208; ppageno 0'>
   <div class='ocr_carea' id='block_1_1' title="bbox 347 270 3605 343">
    <p class='ocr_par' dir='ltr' id='par_1_1' title="bbox 347 270 3605 343">
     <span class='ocr_line' id='line_1_1' title="bbox 347 270 3605 343; baseline 0.002 -8"><span class='ocrx_word' id='word_1_1' title='bbox 347 270 449 335; x_wconf 82' lang='grc'><strong>313</strong></span> <span class='ocrx_word' id='word_1_2' title='bbox 1411 277 1507 335; x_wconf 83' lang='lat' dir='ltr'><strong>DE</strong></span> <span class='ocrx_word' id='word_1_3' title='bbox 1534 278 2172 340; x_wconf 67' lang='lat' dir='ltr'><strong>ADMINISTRA‘NDO</strong></span> <span class='ocrx_word' id='word_1_4' title='bbox 2215 280 2567 341; x_wconf 84' lang='lat' dir='ltr'><strong>IMPERIO.</strong></span> <span class='ocrx_word' id='word_1_5' title='bbox 3501 280 3605 343; x_wconf 75' lang='lat' dir='ltr'><strong>3M</strong></span> 
     </span>
    </p>
   </div>
   <div class='ocr_carea' id='block_1_2' title="bbox 352 407 1923 487">
    <p class='ocr_par' dir='ltr' id='par_1_2' title="bbox 352 407 1921 483">
     <span class='ocr_line' id='line_1_2' title="bbox 352 407 1921 483; baseline 0.003 -22"><span class='ocrx_word' id='word_1_6' title='bbox 352 407 613 479; x_wconf 79' lang='grc' dir='ltr'>ζομένους</span> <span class='ocrx_word' id='word_1_7' title='bbox 657 408 791 473; x_wconf 79' lang='grc' dir='ltr'><strong>Οῦζ.</strong></span> <span class='ocrx_word' id='word_1_8' title='bbox 849 408 963 479; x_wconf 85' lang='grc' dir='ltr'>Πρδ</span> <span class='ocrx_word' id='word_1_9' title='bbox 1009 407 1141 460; x_wconf 77' lang='grc' dir='ltr'>ἑτῶν</span> <span class='ocrx_word' id='word_1_10' title='bbox 1186 409 1241 462; x_wconf 83' lang='grc' dir='ltr'>δὲ</span> <span class='ocrx_word' id='word_1_11' title='bbox 1294 413 1635 481; x_wconf 84' lang='grc' dir='ltr'>πεντήκοντα</span> <span class='ocrx_word' id='word_1_12' title='bbox 1669 416 1719 466; x_wconf 87' lang='grc' dir='ltr'><strong>οί</strong></span> <span class='ocrx_word' id='word_1_13' title='bbox 1770 414 1921 483; x_wconf 85' lang='grc' dir='ltr'>λεγό-</span> 
     </span>
    </p>
   </div>
   <div class='ocr_carea' id='block_1_3' title="bbox 2025 407 3609 487">
    <p class='ocr_par' dir='ltr' id='par_1_3' title="bbox 2027 414 3609 487">
     <span class='ocr_line' id='line_1_3' title="bbox 2027 414 3609 487; baseline -0.002 -16"><span class='ocrx_word' id='word_1_14' title='bbox 2027 415 2122 471; x_wconf 87' lang='lat' dir='ltr'><strong>Uzi</strong></span> <span class='ocrx_word' id='word_1_15' title='bbox 2148 426 2534 487; x_wconf 89' lang='lat' dir='ltr'><strong>nuncupantur</strong></span> <span class='ocrx_word' id='word_1_16' title='bbox 2556 430 2679 470; x_wconf 90' lang='lat' dir='ltr'><strong>cum</strong></span> <span class='ocrx_word' id='word_1_17' title='bbox 2698 414 2958 470; x_wconf 88' lang='lat' dir='ltr'><strong>Chazaris</strong></span> <span class='ocrx_word' id='word_1_18' title='bbox 2976 418 3373 486; x_wconf 88' lang='lat' dir='ltr'><strong>conspirantes,</strong></span> <span class='ocrx_word' id='word_1_19' title='bbox 3397 423 3451 471; x_wconf 91' lang='lat' dir='ltr'><strong>et</strong></span> <span class='ocrx_word' id='word_1_20' title='bbox 3474 430 3609 469; x_wconf 88' lang='lat' dir='ltr'><strong>con.</strong></span> 
     </span>
    </p>
   </div>
   <div class='ocr_carea' id='block_1_4' title="bbox 354 499 1923 576">
    <p class='ocr_par' dir='ltr' id='par_1_4' title="bbox 354 499 1920 573">
     <span class='ocr_line' id='line_1_4' title="bbox 354 499 1920 573; baseline 0.002 -19"><span class='ocrx_word' id='word_1_21' title='bbox 354 518 507 569; x_wconf 91' lang='grc' dir='ltr'>μενοι</span> <span class='ocrx_word' id='word_1_22' title='bbox 557 499 669 565; x_wconf 75' lang='grc' dir='ltr'>Οὓς</span> <span class='ocrx_word' id='word_1_23' title='bbox 730 501 865 569; x_wconf 84' lang='grc' dir='ltr'>μετά</span> <span class='ocrx_word' id='word_1_24' title='bbox 913 500 1019 553; x_wconf 84' lang='grc' dir='ltr'><strong>τῶν</strong></span> <span class='ocrx_word' id='word_1_25' title='bbox 1056 499 1327 572; x_wconf 82' lang='grc' dir='ltr'>Χαζάρων</span> <span class='ocrx_word' id='word_1_26' title='bbox 1358 504 1773 573; x_wconf 85' lang='grc' dir='ltr'>ὁμονοήσαντες,</span> <span class='ocrx_word' id='word_1_27' title='bbox 1827 506 1920 558; x_wconf 65' lang='grc' dir='ltr'><strong>καὶ</strong></span> 
     </span>
    </p>
   </div>
   <div class='ocr_carea' id='block_1_5' title="bbox 2025 499 3602 576">
    <p class='ocr_par' dir='ltr' id='par_1_5' title="bbox 2025 506 3602 576">
     <span class='ocr_line' id='line_1_5' title="bbox 2025 506 3602 576; baseline -0.001 -17"><span class='ocrx_word' id='word_1_28' title='bbox 2025 508 2219 576; x_wconf 85' lang='lat' dir='ltr'><strong>iunctis</strong></span> <span class='ocrx_word' id='word_1_29' title='bbox 2249 508 2416 561; x_wconf 89' lang='lat' dir='ltr'><strong>armis</strong></span> <span class='ocrx_word' id='word_1_30' title='bbox 2444 506 2807 561; x_wconf 84' lang='lat' dir='ltr'><strong>Patzinacitas</strong></span> <span class='ocrx_word' id='word_1_31' title='bbox 2835 507 3099 575; x_wconf 81' lang='lat' dir='ltr'><strong>aggressi,</strong></span> <span class='ocrx_word' id='word_1_32' title='bbox 3132 508 3441 575; x_wconf 85' lang='lat' dir='ltr'><strong>superiores</strong></span> <span class='ocrx_word' id='word_1_33' title='bbox 3473 506 3602 568; x_wconf 78' lang='lat' dir='ltr'><strong>facti</strong></span> 
     </span>
    </p>
   </div>
   <div class='ocr_carea' id='block_1_6' title="bbox 352 591 1917 665">
    <p class='ocr_par' dir='ltr' id='par_1_6' title="bbox 352 591 1917 665">
     <span class='ocr_line' id='line_1_6' title="bbox 352 591 1917 665; baseline 0.001 -20"><span class='ocrx_word' id='word_1_34' title='bbox 352 592 592 663; x_wconf 81' lang='grc' dir='ltr'>πόλεμον</span> <span class='ocrx_word' id='word_1_35' title='bbox 620 591 981 661; x_wconf 79' lang='grc' dir='ltr'>συμϐαλόντες</span> <span class='ocrx_word' id='word_1_36' title='bbox 1004 592 1140 662; x_wconf 81' lang='grc' dir='ltr'>πρὸς</span> <span class='ocrx_word' id='word_1_37' title='bbox 1160 594 1285 656; x_wconf 75' lang='grc' dir='ltr'>τοὺς</span> <span class='ocrx_word' id='word_1_38' title='bbox 1305 594 1719 659; x_wconf 76' lang='grc' dir='ltr'>Πατςινακίτας,</span> <span class='ocrx_word' id='word_1_39' title='bbox 1751 596 1917 665; x_wconf 78' lang='grc' dir='ltr'>ὑπερο</span> 
     </span>
    </p>
   </div>
   <div class='ocr_carea' id='block_1_7' title="bbox 360 682 1920 753">
    <p class='ocr_par' dir='ltr' id='par_1_7' title="bbox 360 682 1920 753">
     <span class='ocr_line' id='line_1_7' title="bbox 360 682 1920 753; baseline 0.003 -20"><span class='ocrx_word' id='word_1_40' title='bbox 360 684 608 753; x_wconf 85' lang='grc' dir='ltr'>ίσχυσαν,</span> <span class='ocrx_word' id='word_1_41' title='bbox 655 684 747 735; x_wconf 82' lang='grc' dir='ltr'>καὶ</span> <span class='ocrx_word' id='word_1_42' title='bbox 794 683 898 735; x_wconf 82' lang='grc' dir='ltr'>ἀπὸ</span> <span class='ocrx_word' id='word_1_43' title='bbox 939 685 1038 753; x_wconf 86' lang='grc' dir='ltr'><strong>τῆς</strong></span> <span class='ocrx_word' id='word_1_44' title='bbox 1082 682 1219 747; x_wconf 76' lang='grc' dir='ltr'>ἰδίας</span> <span class='ocrx_word' id='word_1_45' title='bbox 1244 683 1428 753; x_wconf 86' lang='grc' dir='ltr'>χώρας</span> <span class='ocrx_word' id='word_1_46' title='bbox 1463 686 1661 747; x_wconf 77' lang='grc' dir='ltr'>αὐτοὺς</span> <span class='ocrx_word' id='word_1_47' title='bbox 1702 685 1920 751; x_wconf 80' lang='grc' dir='ltr'>ἐξεδίω-</span> 
     </span>
    </p>
   </div>
   <div class='ocr_carea' id='block_1_8' title="bbox 357 774 1923 847">
    <p class='ocr_par' dir='ltr' id='par_1_8' title="bbox 357 774 1923 847">
     <span class='ocr_line' id='line_1_8' title="bbox 357 774 1923 847; baseline 0.001 -20"><span class='ocrx_word' id='word_1_48' title='bbox 357 775 479 841; x_wconf 80' lang='grc' dir='ltr'>ξαν,</span> <span class='ocrx_word' id='word_1_49' title='bbox 522 774 613 828; x_wconf 77' lang='grc' dir='ltr'>καὶ</span> <span class='ocrx_word' id='word_1_50' title='bbox 663 774 919 843; x_wconf 78' lang='grc' dir='ltr'><strong>κατέσχον</strong></span> <span class='ocrx_word' id='word_1_51' title='bbox 975 774 1147 844; x_wconf 78' lang='grc' dir='ltr'>αὐτὴν</span> <span class='ocrx_word' id='word_1_52' title='bbox 1200 775 1363 845; x_wconf 84' lang='grc' dir='ltr'>μέχρι</span> <span class='ocrx_word' id='word_1_53' title='bbox 1420 776 1521 845; x_wconf 83' lang='grc' dir='ltr'>τῆς</span> <span class='ocrx_word' id='word_1_54' title='bbox 1573 778 1812 847; x_wconf 76' lang='grc' dir='ltr'><strong>σήμερον</strong></span> <span class='ocrx_word' id='word_1_55' title='bbox 1872 778 1923 829; x_wconf 77' lang='lat' dir='ltr'><strong>0i</strong></span> 
     </span>
    </p>
   </div>
   <div class='ocr_carea' id='block_1_9' title="bbox 356 863 1921 935">
    <p class='ocr_par' dir='ltr' id='par_1_9' title="bbox 356 863 1921 935">
     <span class='ocr_line' id='line_1_9' title="bbox 356 863 1921 935; baseline 0.003 -20"><span class='ocrx_word' id='word_1_56' title='bbox 356 864 639 933; x_wconf 79' lang='grc' dir='ltr'><strong>λεγόμενοι</strong></span> <span class='ocrx_word' id='word_1_57' title='bbox 688 863 868 927; x_wconf 75' lang='grc' dir='ltr'>υύςοί.</span> <span class='ocrx_word' id='word_1_58' title='bbox 937 863 1002 915; x_wconf 81' lang='lat' dir='ltr'><strong>0i</strong></span> <span class='ocrx_word' id='word_1_59' title='bbox 1069 863 1128 916; x_wconf 83' lang='grc' dir='ltr'>δὲ</span> <span class='ocrx_word' id='word_1_60' title='bbox 1205 865 1594 928; x_wconf 81' lang='grc' dir='ltr'>Πατζινακῖται</span> <span class='ocrx_word' id='word_1_61' title='bbox 1656 866 1921 935; x_wconf 83' lang='grc' dir='ltr'>φυγόντες</span> 
     </span>
    </p>
   </div>
   <div class='ocr_carea' id='block_1_10' title="bbox 361 951 1923 1025">
    <p class='ocr_par' dir='ltr' id='par_1_10' title="bbox 361 951 1923 1025">
     <span class='ocr_line' id='line_1_10' title="bbox 361 951 1923 1025; baseline 0.002 -21"><span class='ocrx_word' id='word_1_62' title='bbox 361 959 713 1023; x_wconf 84' lang='grc' dir='ltr'>περιήρχοντο</span> <span class='ocrx_word' id='word_1_63' title='bbox 740 951 1203 1021; x_wconf 73' lang='grc' dir='ltr'>ἀναψηλαφῶντες</span> <span class='ocrx_word' id='word_1_64' title='bbox 1240 953 1404 1006; x_wconf 80' lang='grc' dir='ltr'>τόπον</span> <span class='ocrx_word' id='word_1_65' title='bbox 1455 954 1537 1017; x_wconf 85' lang='grc' dir='ltr'>εἰς</span> <span class='ocrx_word' id='word_1_66' title='bbox 1591 954 1695 1025; x_wconf 83' lang='grc' dir='ltr'><strong>τὴν</strong></span> <span class='ocrx_word' id='word_1_67' title='bbox 1743 954 1923 1008; x_wconf 82' lang='grc' dir='ltr'>αὐτῶν</span> 
     </span>
    </p>
   </div>
   <div class='ocr_carea' id='block_1_11' title="bbox 364 1041 1924 1118">
    <p class='ocr_par' dir='ltr' id='par_1_11' title="bbox 364 1041 1924 1118">
     <span class='ocr_line' id='line_1_11' title="bbox 364 1041 1924 1118; baseline 0.003 -24"><span class='ocrx_word' id='word_1_68' title='bbox 364 1045 769 1112; x_wconf 85' lang='grc' dir='ltr'>κατασκήνωσιν</span> <span class='ocrx_word' id='word_1_69' title='bbox 792 1057 806 1071; x_wconf 77' lang='grc'>⁸</span> <span class='ocrx_word' id='word_1_70' title='bbox 856 1041 1257 1107; x_wconf 77' lang='grc' dir='ltr'>καταλαϐόντες</span> <span class='ocrx_word' id='word_1_71' title='bbox 1303 1043 1360 1097; x_wconf 85' lang='grc' dir='ltr'>δὲ</span> <span class='ocrx_word' id='word_1_72' title='bbox 1403 1045 1501 1116; x_wconf 79' lang='grc' dir='ltr'><strong>τὴν</strong></span> <span class='ocrx_word' id='word_1_73' title='bbox 1532 1046 1769 1118; x_wconf 82' lang='grc' dir='ltr'><strong>σήμερον</strong></span> <span class='ocrx_word' id='word_1_74' title='bbox 1793 1047 1924 1117; x_wconf 76' lang='grc' dir='ltr'>παρ’</span> 
     </span>
    </p>
   </div>
   <div class='ocr_carea' id='block_1_12' title="bbox 364 1132 1923 1207">
    <p class='ocr_par' dir='ltr' id='par_1_12' title="bbox 364 1132 1923 1207">
     <span class='ocr_line' id='line_1_12' title="bbox 364 1132 1923 1207; baseline -0.004 -21"><span class='ocrx_word' id='word_1_75' title='bbox 364 1132 534 1186; x_wconf 75' lang='grc' dir='ltr'>αὐτῶν</span> <span class='ocrx_word' id='word_1_76' title='bbox 574 1135 955 1205; x_wconf 82' lang='grc' dir='ltr'><strong>κρατουμένην</strong></span> <span class='ocrx_word' id='word_1_77' title='bbox 1006 1134 1129 1204; x_wconf 80' lang='grc' dir='ltr'>γῆν,</span> <span class='ocrx_word' id='word_1_78' title='bbox 1172 1136 1265 1188; x_wconf 75' lang='grc' dir='ltr'><strong>καὶ</strong></span> <span class='ocrx_word' id='word_1_79' title='bbox 1296 1136 1547 1207; x_wconf 80' lang='grc' dir='ltr'>εὑρόντες</span> <span class='ocrx_word' id='word_1_80' title='bbox 1592 1140 1718 1202; x_wconf 80' lang='grc' dir='ltr'>τοὺς</span> <span class='ocrx_word' id='word_1_81' title='bbox 1750 1139 1923 1207; x_wconf 88' lang='grc' dir='ltr'>Τούρ-</span> 
     </span>
    </p>
   </div>
   <div class='ocr_carea' id='block_1_13' title="bbox 362 1227 1923 1301">
    <p class='ocr_par' dir='ltr' id='par_1_13' title="bbox 362 1227 1923 1301">
     <span class='ocr_line' id='line_1_13' title="bbox 362 1227 1923 1301; baseline 0.005 -24"><span class='ocrx_word' id='word_1_82' title='bbox 362 1242 484 1289; x_wconf 88' lang='grc' dir='ltr'>κους</span> <span class='ocrx_word' id='word_1_83' title='bbox 529 1227 811 1291; x_wconf 76' lang='grc' dir='ltr'>οἰκοῦντας</span> <span class='ocrx_word' id='word_1_84' title='bbox 866 1230 923 1279; x_wconf 79' lang='grc' dir='ltr'>ὲν</span> <span class='ocrx_word' id='word_1_85' title='bbox 970 1229 1129 1297; x_wconf 77' lang='grc' dir='ltr'>αὐτῇ,</span> <span class='ocrx_word' id='word_1_86' title='bbox 1192 1229 1433 1299; x_wconf 81' lang='grc' dir='ltr'>πολέμου</span> <span class='ocrx_word' id='word_1_87' title='bbox 1466 1233 1653 1301; x_wconf 84' lang='grc' dir='ltr'>τρόπῳ</span> <span class='ocrx_word' id='word_1_88' title='bbox 1706 1232 1923 1296; x_wconf 80' lang='grc' dir='ltr'>τούτους</span> 
     </span>
    </p>
   </div>
   <div class='ocr_carea' id='block_1_14' title="bbox 358 1318 1925 1385">
    <p class='ocr_par' dir='ltr' id='par_1_14' title="bbox 358 1318 1925 1385">
     <span class='ocr_line' id='line_1_14' title="bbox 358 1318 1925 1385; baseline 0.005 -18"><span class='ocrx_word' id='word_1_89' title='bbox 358 1318 696 1385; x_wconf 75' lang='grc' dir='ltr'>νικήσαντες,</span> <span class='ocrx_word' id='word_1_90' title='bbox 730 1319 826 1371; x_wconf 76' lang='grc' dir='ltr'><strong>καὶ</strong></span> <span class='ocrx_word' id='word_1_91' title='bbox 879 1318 1198 1381; x_wconf 77' lang='grc' dir='ltr'>ὲκόαλόντες</span> <span class='ocrx_word' id='word_1_92' title='bbox 1228 1320 1509 1385; x_wconf 79' lang='grc' dir='ltr'>ὲξεδίωξαν</span> <span class='ocrx_word' id='word_1_93' title='bbox 1564 1322 1783 1385; x_wconf 79' lang='grc' dir='ltr'>αὐτοὺς,</span> <span class='ocrx_word' id='word_1_94' title='bbox 1831 1324 1925 1383; x_wconf 72' lang='grc' dir='ltr'>καὶ</span> 
     </span>
    </p>
   </div>
   <div class='ocr_carea' id='block_1_15' title="bbox 362 1410 1926 1481">
    <p class='ocr_par' dir='ltr' id='par_1_15' title="bbox 362 1410 1926 1481">
     <span class='ocr_line' id='line_1_15' title="bbox 362 1410 1926 1481; baseline 0.003 -21"><span class='ocrx_word' id='word_1_95' title='bbox 362 1411 787 1479; x_wconf 83' lang='grc' dir='ltr'>κατεσκήνωσαν</span> <span class='ocrx_word' id='word_1_96' title='bbox 808 1410 865 1463; x_wconf 83' lang='grc' dir='ltr'>ὲν</span> <span class='ocrx_word' id='word_1_97' title='bbox 891 1411 1050 1480; x_wconf 78' lang='grc' dir='ltr'>αὐτῇ,</span> <span class='ocrx_word' id='word_1_98' title='bbox 1086 1411 1178 1463; x_wconf 75' lang='grc' dir='ltr'><strong>καὶ</strong></span> <span class='ocrx_word' id='word_1_99' title='bbox 1206 1411 1527 1474; x_wconf 77' lang='grc' dir='ltr'>δεσπόζουσι</span> <span class='ocrx_word' id='word_1_100' title='bbox 1553 1413 1650 1479; x_wconf 80' lang='grc' dir='ltr'>τῆς</span> <span class='ocrx_word' id='word_1_101' title='bbox 1673 1413 1926 1481; x_wconf 77' lang='grc' dir='ltr'>τοιαύτης</span> 
     </span>
    </p>
   </div>
   <div class='ocr_carea' id='block_1_16' title="bbox 354 1500 1929 1570">
    <p class='ocr_par' dir='ltr' id='par_1_16' title="bbox 354 1500 1929 1570">
     <span class='ocr_line' id='line_1_16' title="bbox 354 1500 1929 1570; baseline 0.001 -19"><span class='ocrx_word' id='word_1_102' title='bbox 354 1500 555 1569; x_wconf 87' lang='grc' dir='ltr'>χώρας,</span> <span class='ocrx_word' id='word_1_103' title='bbox 589 1501 667 1562; x_wconf 84' lang='grc' dir='ltr'><strong>ὡς</strong></span> <span class='ocrx_word' id='word_1_104' title='bbox 703 1501 943 1569; x_wconf 81' lang='grc' dir='ltr'>εἴρηται,</span> <span class='ocrx_word' id='word_1_105' title='bbox 981 1500 1142 1569; x_wconf 79' lang='grc' dir='ltr'>μέχρι</span> <span class='ocrx_word' id='word_1_106' title='bbox 1184 1500 1283 1567; x_wconf 84' lang='grc' dir='ltr'>τῆς</span> <span class='ocrx_word' id='word_1_107' title='bbox 1321 1502 1559 1570; x_wconf 85' lang='grc' dir='ltr'>σήμερον</span> <span class='ocrx_word' id='word_1_108' title='bbox 1594 1500 1687 1569; x_wconf 77' lang='grc' dir='ltr'>ἐτη</span> <span class='ocrx_word' id='word_1_109' title='bbox 1737 1503 1929 1569; x_wconf 86' lang='grc' dir='ltr'>πεντή·</span> 
     </span>
    </p>
   </div>
   <div class='ocr_carea' id='block_1_17' title="bbox 354 1588 1927 1661">
    <p class='ocr_par' dir='ltr' id='par_1_17' title="bbox 354 1588 1927 1661">
     <span class='ocr_line' id='line_1_17' title="bbox 354 1588 1927 1661; baseline 0.001 -20"><span class='ocrx_word' id='word_1_110' title='bbox 354 1605 519 1641; x_wconf 87' lang='grc' dir='ltr'>κοντα</span> <span class='ocrx_word' id='word_1_111' title='bbox 576 1589 761 1642; x_wconf 84' lang='grc' dir='ltr'>πέντε.</span> <span class='ocrx_word' id='word_1_112' title='bbox 830 1588 1025 1641; x_wconf 85' lang='grc' dir='ltr'>Ἰστέον</span> <span class='ocrx_word' id='word_1_113' title='bbox 1074 1590 1154 1641; x_wconf 81' lang='grc' dir='ltr'>ὅτι</span> <span class='ocrx_word' id='word_1_114' title='bbox 1190 1591 1403 1661; x_wconf 79' lang='grc' dir='ltr'>πᾶσαή</span> <span class='ocrx_word' id='word_1_115' title='bbox 1460 1590 1795 1654; x_wconf 77' lang='grc' dir='ltr'>Πατζινακία</span> <span class='ocrx_word' id='word_1_116' title='bbox 1851 1593 1927 1654; x_wconf 90' lang='grc' dir='ltr'>εἰς</span> 
     </span>
    </p>
   </div>
   <div class='ocr_carea' id='block_1_18' title="bbox 356 1676 1926 1752">
    <p class='ocr_par' dir='ltr' id='par_1_18' title="bbox 356 1676 1926 1752">
     <span class='ocr_line' id='line_1_18' title="bbox 356 1676 1926 1752; baseline 0.004 -24"><span class='ocrx_word' id='word_1_117' title='bbox 356 1676 573 1746; x_wconf 81' lang='grc' dir='ltr'>θέματα</span> <span class='ocrx_word' id='word_1_118' title='bbox 608 1677 753 1729; x_wconf 86' lang='grc' dir='ltr'>ὀκτὼ</span> <span class='ocrx_word' id='word_1_119' title='bbox 782 1677 1072 1748; x_wconf 86' lang='grc' dir='ltr'>διαιρεῖται</span> <span class='ocrx_word' id='word_1_120' title='bbox 1112 1680 1246 1751; x_wconf 87' lang='lat'><strong>(76),</strong></span> <span class='ocrx_word' id='word_1_121' title='bbox 1282 1680 1480 1751; x_wconf 81' lang='grc' dir='ltr'>ἔχουσα</span> <span class='ocrx_word' id='word_1_122' title='bbox 1521 1682 1613 1735; x_wconf 80' lang='grc' dir='ltr'>καὶ</span> <span class='ocrx_word' id='word_1_123' title='bbox 1656 1682 1926 1752; x_wconf 83' lang='grc' dir='ltr'>μεγάλους</span> 
     </span>
    </p>
   </div>
   <div class='ocr_carea' id='block_1_19' title="bbox 352 1754 1999 1843">
    <p class='ocr_par' dir='ltr' id='par_1_19' title="bbox 352 1754 1999 1843">
     <span class='ocr_line' id='line_1_19' title="bbox 352 1754 1999 1843; baseline 0.004 -21"><span class='ocrx_word' id='word_1_124' title='bbox 352 1768 625 1838; x_wconf 81' lang='grc' dir='ltr'>ἄρχοντας</span> <span class='ocrx_word' id='word_1_125' title='bbox 660 1769 949 1835; x_wconf 80' lang='grc' dir='ltr'>τοσούτους</span> <span class='ocrx_word' id='word_1_126' title='bbox 982 1789 995 1804; x_wconf 91' lang='grc'><strong>·</strong></span> <span class='ocrx_word' id='word_1_127' title='bbox 1034 1772 1103 1826; x_wconf 82' lang='grc' dir='ltr'>τὰ</span> <span class='ocrx_word' id='word_1_128' title='bbox 1162 1772 1219 1825; x_wconf 82' lang='grc' dir='ltr'>δὲ</span> <span class='ocrx_word' id='word_1_129' title='bbox 1273 1772 1482 1843; x_wconf 84' lang='grc' dir='ltr'>θέματα</span> <span class='ocrx_word' id='word_1_130' title='bbox 1541 1776 1647 1827; x_wconf 81' lang='grc' dir='ltr'>είσὶ</span> <span class='ocrx_word' id='word_1_131' title='bbox 1703 1774 1875 1829; x_wconf 87' lang='grc' dir='ltr'>ταῦτα</span> <span class='ocrx_word' id='word_1_132' title='bbox 1906 1790 1919 1803; x_wconf 81' lang='grc'><strong>’</strong></span> <span class='ocrx_word' id='word_1_133' title='bbox 1954 1754 1999 1814; x_wconf 72' lang='grc' dir='ltr'><strong>Β</strong></span> 
     </span>
    </p>
   </div>
   <div class='ocr_carea' id='block_1_20' title="bbox 350 1860 1920 1937">
    <p class='ocr_par' dir='ltr' id='par_1_20' title="bbox 350 1860 1920 1937">
     <span class='ocr_line' id='line_1_20' title="bbox 350 1860 1920 1937; baseline 0.006 -26"><span class='ocrx_word' id='word_1_134' title='bbox 350 1860 525 1929; x_wconf 82' lang='grc' dir='ltr'>δνομα</span> <span class='ocrx_word' id='word_1_135' title='bbox 583 1860 674 1914; x_wconf 82' lang='grc' dir='ltr'><strong>τοῦ</strong></span> <span class='ocrx_word' id='word_1_136' title='bbox 752 1864 968 1934; x_wconf 86' lang='grc' dir='ltr'>πρώτου</span> <span class='ocrx_word' id='word_1_137' title='bbox 1034 1864 1268 1935; x_wconf 79' lang='grc' dir='ltr'>θέματος</span> <span class='ocrx_word' id='word_1_138' title='bbox 1336 1867 1551 1937; x_wconf 82' lang='grc' dir='ltr'>Ἦρτήμ</span> <span class='ocrx_word' id='word_1_139' title='bbox 1613 1868 1770 1937; x_wconf 80' lang='grc'><strong>(77)’</strong></span> <span class='ocrx_word' id='word_1_140' title='bbox 1826 1867 1920 1922; x_wconf 89' lang='grc' dir='ltr'><strong>τοῦ</strong></span> 
     </span>
    </p>
   </div>
   <div class='ocr_carea' id='block_1_21' title="bbox 351 1951 1925 2030">
    <p class='ocr_par' dir='ltr' id='par_1_21' title="bbox 351 1951 1925 2030">
     <span class='ocr_line' id='line_1_21' title="bbox 351 1951 1925 2030; baseline 0.006 -27"><span class='ocrx_word' id='word_1_141' title='bbox 351 1951 603 2021; x_wconf 82' lang='grc' dir='ltr'>δευτέρου</span> <span class='ocrx_word' id='word_1_142' title='bbox 654 1952 831 2025; x_wconf 82' lang='grc' dir='ltr'>Τζούρ</span> <span class='ocrx_word' id='word_1_143' title='bbox 862 1968 877 1985; x_wconf 77' lang='grc' dir='ltr'><strong>ο</strong></span> <span class='ocrx_word' id='word_1_144' title='bbox 934 1954 1023 2007; x_wconf 89' lang='grc' dir='ltr'><strong>τοῦ</strong></span> <span class='ocrx_word' id='word_1_145' title='bbox 1054 1958 1238 2026; x_wconf 86' lang='grc' dir='ltr'>τρίτου</span> <span class='ocrx_word' id='word_1_146' title='bbox 1290 1957 1432 2009; x_wconf 88' lang='grc' dir='ltr'>Γύλα</span> <span class='ocrx_word' id='word_1_147' title='bbox 1460 1974 1474 1989; x_wconf 73' lang='grc' dir='ltr'><strong>ο</strong></span> <span class='ocrx_word' id='word_1_148' title='bbox 1523 1959 1616 2010; x_wconf 89' lang='grc' dir='ltr'><strong>τοῦ</strong></span> <span class='ocrx_word' id='word_1_149' title='bbox 1665 1962 1925 2030; x_wconf 83' lang='grc' dir='ltr'>τετάρτου</span> 
     </span>
    </p>
   </div>
   <div class='ocr_carea' id='block_1_22' title="bbox 356 2041 1925 2116">
    <p class='ocr_par' dir='ltr' id='par_1_22' title="bbox 356 2041 1925 2116">
     <span class='ocr_line' id='line_1_22' title="bbox 356 2041 1925 2116; baseline 0.007 -25"><span class='ocrx_word' id='word_1_150' title='bbox 356 2041 615 2111; x_wconf 79' lang='grc' dir='ltr'>Κουλπέη</span> <span class='ocrx_word' id='word_1_151' title='bbox 647 2060 661 2075; x_wconf 88' lang='grc'><strong>·</strong></span> <span class='ocrx_word' id='word_1_152' title='bbox 712 2045 806 2096; x_wconf 87' lang='grc' dir='ltr'><strong>τοῦ</strong></span> <span class='ocrx_word' id='word_1_153' title='bbox 854 2046 1105 2113; x_wconf 83' lang='grc' dir='ltr'>πέμπτου</span> <span class='ocrx_word' id='word_1_154' title='bbox 1138 2046 1391 2116; x_wconf 83' lang='grc' dir='ltr'>Χαροϐόη</span> <span class='ocrx_word' id='word_1_155' title='bbox 1419 2064 1432 2079; x_wconf 92' lang='grc'><strong>·</strong></span> <span class='ocrx_word' id='word_1_156' title='bbox 1462 2047 1553 2100; x_wconf 90' lang='grc' dir='ltr'><strong>τοῦ</strong></span> <span class='ocrx_word' id='word_1_157' title='bbox 1582 2049 1744 2101; x_wconf 79' lang='grc' dir='ltr'>ἓκτου</span> <span class='ocrx_word' id='word_1_158' title='bbox 1782 2051 1925 2103; x_wconf 85' lang='grc' dir='ltr'>Ταλ-</span> 
     </span>
    </p>
   </div>
   <div class='ocr_carea' id='block_1_23' title="bbox 364 2131 1927 2204">
    <p class='ocr_par' dir='ltr' id='par_1_23' title="bbox 364 2131 1927 2204">
     <span class='ocr_line' id='line_1_23' title="bbox 364 2131 1927 2204; baseline 0.007 -23"><span class='ocrx_word' id='word_1_159' title='bbox 364 2131 514 2198; x_wconf 84' lang='grc' dir='ltr'><strong>μὰτ’</strong></span> <span class='ocrx_word' id='word_1_160' title='bbox 574 2131 667 2184; x_wconf 88' lang='grc' dir='ltr'><strong>τοῦ</strong></span> <span class='ocrx_word' id='word_1_161' title='bbox 732 2133 962 2202; x_wconf 74' lang='grc' dir='ltr'>ἑϐδόμου</span> <span class='ocrx_word' id='word_1_162' title='bbox 1027 2136 1208 2188; x_wconf 82' lang='grc' dir='ltr'>Χοπόν</span> <span class='ocrx_word' id='word_1_163' title='bbox 1238 2152 1254 2166; x_wconf 87' lang='grc'><strong>·</strong></span> <span class='ocrx_word' id='word_1_164' title='bbox 1308 2136 1401 2189; x_wconf 89' lang='grc' dir='ltr'><strong>τοῦ</strong></span> <span class='ocrx_word' id='word_1_165' title='bbox 1461 2137 1649 2204; x_wconf 78' lang='grc' dir='ltr'>ὀγδόου</span> <span class='ocrx_word' id='word_1_166' title='bbox 1697 2137 1927 2202; x_wconf 75' lang='grc' dir='ltr'>Τςοπόν.</span> 
     </span>
    </p>
   </div>
   <div class='ocr_carea' id='block_1_24' title="bbox 357 2221 1926 2299">
    <p class='ocr_par' dir='ltr' id='par_1_24' title="bbox 357 2221 1926 2299">
     <span class='ocr_line' id='line_1_24' title="bbox 357 2221 1926 2299; baseline 0.007 -26"><span class='ocrx_word' id='word_1_167' title='bbox 357 2221 517 2273; x_wconf 73' lang='grc' dir='ltr'>Κατὰ</span> <span class='ocrx_word' id='word_1_168' title='bbox 558 2221 613 2274; x_wconf 83' lang='grc' dir='ltr'>δὲ</span> <span class='ocrx_word' id='word_1_169' title='bbox 649 2222 742 2276; x_wconf 82' lang='grc' dir='ltr'><strong>τὸν</strong></span> <span class='ocrx_word' id='word_1_170' title='bbox 786 2225 975 2296; x_wconf 78' lang='grc' dir='ltr'>καιρὸν</span> <span class='ocrx_word' id='word_1_171' title='bbox 1000 2226 1058 2279; x_wconf 88' lang='grc' dir='ltr'>ὃν</span> <span class='ocrx_word' id='word_1_172' title='bbox 1086 2228 1195 2279; x_wconf 83' lang='grc' dir='ltr'><strong>ἀπὸ</strong></span> <span class='ocrx_word' id='word_1_173' title='bbox 1220 2227 1329 2281; x_wconf 86' lang='grc' dir='ltr'>τῶν</span> <span class='ocrx_word' id='word_1_174' title='bbox 1383 2228 1528 2281; x_wconf 77' lang='grc' dir='ltr'>ἰδίων</span> <span class='ocrx_word' id='word_1_175' title='bbox 1582 2230 1762 2283; x_wconf 87' lang='grc' dir='ltr'>τόπων</span> <span class='ocrx_word' id='word_1_176' title='bbox 1815 2230 1926 2299; x_wconf 86' lang='grc'><strong>(78)</strong></span> 
     </span>
    </p>
   </div>
   <div class='ocr_carea' id='block_1_25' title="bbox 352 2311 1929 2389">
    <p class='ocr_par' dir='ltr' id='par_1_25' title="bbox 352 2311 1929 2389">
     <span class='ocr_line' id='line_1_25' title="bbox 352 2311 1929 2389; baseline 0.008 -28"><span class='ocrx_word' id='word_1_177' title='bbox 352 2311 403 2361; x_wconf 82' lang='lat' dir='ltr'><strong>0i</strong></span> <span class='ocrx_word' id='word_1_178' title='bbox 437 2314 828 2375; x_wconf 69' lang='grc' dir='ltr'>Πατζιιακῖται</span> <span class='ocrx_word' id='word_1_179' title='bbox 879 2317 1302 2388; x_wconf 79' lang='grc' dir='ltr'>ὲξεδιὼχθησαν,</span> <span class='ocrx_word' id='word_1_180' title='bbox 1355 2314 1501 2388; x_wconf 84' lang='grc' dir='ltr'>εἶχον</span> <span class='ocrx_word' id='word_1_181' title='bbox 1550 2320 1817 2389; x_wconf 83' lang='grc' dir='ltr'>ἄρχοντας</span> <span class='ocrx_word' id='word_1_182' title='bbox 1850 2325 1929 2384; x_wconf 85' lang='grc' dir='ltr'><strong>είς</strong></span> 
     </span>
    </p>
   </div>
   <div class='ocr_carea' id='block_1_26' title="bbox 355 2402 1923 2480">
    <p class='ocr_par' dir='ltr' id='par_1_26' title="bbox 355 2402 1923 2480">
     <span class='ocr_line' id='line_1_26' title="bbox 355 2402 1923 2480; baseline 0.007 -27"><span class='ocrx_word' id='word_1_183' title='bbox 355 2402 455 2469; x_wconf 82' lang='grc' dir='ltr'><strong>μὲν</strong></span> <span class='ocrx_word' id='word_1_184' title='bbox 488 2403 548 2454; x_wconf 85' lang='grc' dir='ltr'><strong>τὸ</strong></span> <span class='ocrx_word' id='word_1_185' title='bbox 592 2402 733 2472; x_wconf 83' lang='grc' dir='ltr'>θέμα</span> <span class='ocrx_word' id='word_1_186' title='bbox 789 2405 1001 2476; x_wconf 83' lang='grc' dir='ltr'>Ἦρτὴμ</span> <span class='ocrx_word' id='word_1_187' title='bbox 1031 2410 1121 2460; x_wconf 73' lang='grc' dir='ltr'>τὸν</span> <span class='ocrx_word' id='word_1_188' title='bbox 1151 2409 1420 2473; x_wconf 83' lang='grc' dir='ltr'>Μαΐτζαν,</span> <span class='ocrx_word' id='word_1_189' title='bbox 1447 2412 1527 2471; x_wconf 83' lang='grc' dir='ltr'><strong>είς</strong></span> <span class='ocrx_word' id='word_1_190' title='bbox 1567 2410 1623 2463; x_wconf 86' lang='grc' dir='ltr'>δὲ</span> <span class='ocrx_word' id='word_1_191' title='bbox 1656 2411 1715 2462; x_wconf 82' lang='grc' dir='ltr'>τὸ</span> <span class='ocrx_word' id='word_1_192' title='bbox 1750 2412 1923 2480; x_wconf 80' lang='grc' dir='ltr'>Τζοὺρ</span> 
     </span>
    </p>
   </div>
   <div class='ocr_carea' id='block_1_27' title="bbox 2025 2402 2795 2480">
    <p class='ocr_par' dir='ltr' id='par_1_27' title="bbox 2030 2423 2795 2478">
     <span class='ocr_line' id='line_1_27' title="bbox 2030 2423 2795 2478; baseline 0.004 -3"><span class='ocrx_word' id='word_1_193' title='bbox 2030 2423 2229 2478; x_wconf 75' lang='lat' dir='ltr'><strong>fratres</strong></span> <span class='ocrx_word' id='word_1_194' title='bbox 2264 2440 2372 2477; x_wconf 92' lang='lat' dir='ltr'><strong>non</strong></span> <span class='ocrx_word' id='word_1_195' title='bbox 2420 2424 2795 2478; x_wconf 90' lang='lat' dir='ltr'><strong>transmittere</strong></span> 
     </span>
    </p>
   </div>
   <div class='ocr_carea' id='block_1_28' title="bbox 350 2492 1923 2572">
    <p class='ocr_par' dir='ltr' id='par_1_28' title="bbox 350 2492 1923 2572">
     <span class='ocr_line' id='line_1_28' title="bbox 350 2492 1923 2572; baseline 0.007 -28"><span class='ocrx_word' id='word_1_196' title='bbox 350 2492 441 2544; x_wconf 73' lang='grc' dir='ltr'>τὸν</span> <span class='ocrx_word' id='word_1_197' title='bbox 470 2493 665 2560; x_wconf 78' lang='grc' dir='ltr'>Κούελ,</span> <span class='ocrx_word' id='word_1_198' title='bbox 714 2496 795 2558; x_wconf 77' lang='grc' dir='ltr'><strong>εἰς</strong></span> <span class='ocrx_word' id='word_1_199' title='bbox 837 2496 893 2549; x_wconf 88' lang='grc' dir='ltr'>δὲ</span> <span class='ocrx_word' id='word_1_200' title='bbox 928 2498 988 2549; x_wconf 78' lang='grc' dir='ltr'><strong>τὸ</strong></span> <span class='ocrx_word' id='word_1_201' title='bbox 1048 2498 1191 2551; x_wconf 78' lang='grc' dir='ltr'>Γύλα</span> <span class='ocrx_word' id='word_1_202' title='bbox 1226 2500 1314 2552; x_wconf 79' lang='grc' dir='ltr'><strong>τὸν</strong></span> <span class='ocrx_word' id='word_1_203' title='bbox 1350 2500 1723 2572; x_wconf 81' lang='grc' dir='ltr'>Κουρκοῦταν,</span> <span class='ocrx_word' id='word_1_204' title='bbox 1757 2505 1837 2565; x_wconf 85' lang='grc' dir='ltr'><strong>είς</strong></span> <span class='ocrx_word' id='word_1_205' title='bbox 1866 2502 1923 2555; x_wconf 82' lang='grc' dir='ltr'><strong>δὲ</strong></span> 
     </span>
    </p>
   </div>
   <div class='ocr_carea' id='block_1_29' title="bbox 349 2582 1925 2664">
    <p class='ocr_par' dir='ltr' id='par_1_29' title="bbox 349 2582 1925 2664">
     <span class='ocr_line' id='line_1_29' title="bbox 349 2582 1925 2664; baseline 0.008 -29"><span class='ocrx_word' id='word_1_206' title='bbox 349 2582 412 2638; x_wconf 78' lang='grc' dir='ltr'><strong>τὸ</strong></span> <span class='ocrx_word' id='word_1_207' title='bbox 472 2585 727 2655; x_wconf 80' lang='grc' dir='ltr'>Κουλπέη</span> <span class='ocrx_word' id='word_1_208' title='bbox 784 2586 873 2640; x_wconf 72' lang='grc' dir='ltr'>τὸν</span> <span class='ocrx_word' id='word_1_209' title='bbox 934 2588 1131 2654; x_wconf 72' lang='grc' dir='ltr'>Ἰπαὸν,</span> <span class='ocrx_word' id='word_1_210' title='bbox 1195 2592 1275 2654; x_wconf 83' lang='grc' dir='ltr'><strong>εἰς</strong></span> <span class='ocrx_word' id='word_1_211' title='bbox 1323 2591 1377 2644; x_wconf 82' lang='grc' dir='ltr'>δὲ</span> <span class='ocrx_word' id='word_1_212' title='bbox 1425 2592 1485 2645; x_wconf 81' lang='grc' dir='ltr'>τὸ</span> <span class='ocrx_word' id='word_1_213' title='bbox 1539 2594 1791 2664; x_wconf 79' lang='grc' dir='ltr'>Χαροὸόη</span> <span class='ocrx_word' id='word_1_214' title='bbox 1834 2594 1925 2647; x_wconf 84' lang='grc' dir='ltr'><strong>τὸν</strong></span> 
     </span>
    </p>
   </div>
   <div class='ocr_carea' id='block_1_30' title="bbox 352 2674 1925 2749">
    <p class='ocr_par' dir='ltr' id='par_1_30' title="bbox 352 2674 1925 2749">
     <span class='ocr_line' id='line_1_30' title="bbox 352 2674 1925 2749; baseline 0.005 -20"><span class='ocrx_word' id='word_1_215' title='bbox 352 2674 619 2744; x_wconf 79' lang='grc' dir='ltr'>Καῖδοῦμ,</span> <span class='ocrx_word' id='word_1_216' title='bbox 656 2678 735 2739; x_wconf 87' lang='grc' dir='ltr'>εἰς</span> <span class='ocrx_word' id='word_1_217' title='bbox 765 2677 821 2729; x_wconf 84' lang='grc' dir='ltr'>δὲ</span> <span class='ocrx_word' id='word_1_218' title='bbox 851 2679 911 2731; x_wconf 85' lang='grc' dir='ltr'><strong>τὸ</strong></span> <span class='ocrx_word' id='word_1_219' title='bbox 959 2678 1104 2748; x_wconf 88' lang='grc' dir='ltr'>θέμα</span> <span class='ocrx_word' id='word_1_220' title='bbox 1151 2681 1377 2749; x_wconf 81' lang='grc' dir='ltr'>Ταλμὰτ</span> <span class='ocrx_word' id='word_1_221' title='bbox 1412 2682 1502 2734; x_wconf 74' lang='grc' dir='ltr'>τὸν</span> <span class='ocrx_word' id='word_1_222' title='bbox 1544 2684 1745 2737; x_wconf 83' lang='grc' dir='ltr'>Κῶσαν</span> <span class='ocrx_word' id='word_1_223' title='bbox 1773 2700 1787 2714; x_wconf 74' lang='grc' dir='ltr'><strong>ο</strong></span> <span class='ocrx_word' id='word_1_224' title='bbox 1845 2686 1925 2747; x_wconf 82' lang='grc' dir='ltr'>εἰς</span> 
     </span>
    </p>
   </div>
   <div class='ocr_carea' id='block_1_31' title="bbox 351 2765 1925 2842">
    <p class='ocr_par' dir='ltr' id='par_1_31' title="bbox 351 2765 1925 2842">
     <span class='ocr_line' id='line_1_31' title="bbox 351 2765 1925 2842; baseline 0.006 -25"><span class='ocrx_word' id='word_1_225' title='bbox 351 2765 622 2831; x_wconf 54' lang='grc' dir='ltr'>τδλοπὺν</span> <span class='ocrx_word' id='word_1_226' title='bbox 651 2767 742 2820; x_wconf 79' lang='grc' dir='ltr'><strong>τὸν</strong></span> <span class='ocrx_word' id='word_1_227' title='bbox 782 2769 951 2838; x_wconf 79' lang='grc' dir='ltr'>Γιαζὴ</span> <span class='ocrx_word' id='word_1_228' title='bbox 1008 2770 1143 2841; x_wconf 86' lang='grc'><strong>(79),</strong></span> <span class='ocrx_word' id='word_1_229' title='bbox 1191 2774 1271 2835; x_wconf 87' lang='grc' dir='ltr'><strong>είς</strong></span> <span class='ocrx_word' id='word_1_230' title='bbox 1317 2772 1374 2824; x_wconf 83' lang='grc' dir='ltr'>δὲ</span> <span class='ocrx_word' id='word_1_231' title='bbox 1430 2773 1491 2825; x_wconf 80' lang='grc' dir='ltr'>τὸ</span> <span class='ocrx_word' id='word_1_232' title='bbox 1544 2774 1685 2842; x_wconf 79' lang='grc' dir='ltr'>θέμα</span> <span class='ocrx_word' id='word_1_233' title='bbox 1716 2775 1925 2839; x_wconf 77' lang='grc' dir='ltr'>Τξοπδν</span> 
     </span>
    </p>
   </div>
   <div class='ocr_carea' id='block_1_32' title="bbox 350 2856 1926 2930">
    <p class='ocr_par' dir='ltr' id='par_1_32' title="bbox 350 2856 1926 2930">
     <span class='ocr_line' id='line_1_32' title="bbox 350 2856 1926 2930; baseline 0.006 -23"><span class='ocrx_word' id='word_1_234' title='bbox 350 2856 443 2908; x_wconf 86' lang='grc' dir='ltr'><strong>τὸν</strong></span> <span class='ocrx_word' id='word_1_235' title='bbox 476 2858 674 2912; x_wconf 82' lang='grc' dir='ltr'>Βατάν.</span> <span class='ocrx_word' id='word_1_236' title='bbox 726 2859 880 2913; x_wconf 85' lang='grc' dir='ltr'>Μετὰ</span> <span class='ocrx_word' id='word_1_237' title='bbox 918 2860 976 2912; x_wconf 80' lang='grc' dir='ltr'>δὲ</span> <span class='ocrx_word' id='word_1_238' title='bbox 1024 2860 1252 2914; x_wconf 85' lang='grc' dir='ltr'>θάνατον</span> <span class='ocrx_word' id='word_1_239' title='bbox 1286 2861 1465 2916; x_wconf 83' lang='grc' dir='ltr'>αὐτῶν</span> <span class='ocrx_word' id='word_1_240' title='bbox 1491 2863 1790 2930; x_wconf 78' lang='grc' dir='ltr'>διεδέξαντο</span> <span class='ocrx_word' id='word_1_241' title='bbox 1826 2866 1926 2927; x_wconf 72' lang='grc' dir='ltr'><strong>τὰς</strong></span> 
     </span>
    </p>
   </div>
   <div class='ocr_carea' id='block_1_33' title="bbox 351 2951 1926 3027">
    <p class='ocr_par' dir='ltr' id='par_1_33' title="bbox 351 2951 1926 3027">
     <span class='ocr_line' id='line_1_33' title="bbox 351 2951 1926 3027; baseline 0.001 -20"><span class='ocrx_word' id='word_1_242' title='bbox 351 2951 525 3021; x_wconf 82' lang='grc' dir='ltr'>ἀρχὰς</span> <span class='ocrx_word' id='word_1_243' title='bbox 555 2953 604 3005; x_wconf 88' lang='grc' dir='ltr'>οἱ</span> <span class='ocrx_word' id='word_1_244' title='bbox 644 2952 849 3005; x_wconf 82' lang='grc' dir='ltr'>τούτων</span> <span class='ocrx_word' id='word_1_245' title='bbox 898 2953 1177 3023; x_wconf 69' lang='grc' dir='ltr'>ὲξάδελφοι</span> <span class='ocrx_word' id='word_1_246' title='bbox 1204 2969 1215 2982; x_wconf 94' lang='grc'><strong>·</strong></span> <span class='ocrx_word' id='word_1_247' title='bbox 1260 2954 1419 3025; x_wconf 85' lang='grc' dir='ltr'>νόμος</span> <span class='ocrx_word' id='word_1_248' title='bbox 1473 2958 1581 3027; x_wconf 83' lang='grc' dir='ltr'>γὰρ</span> <span class='ocrx_word' id='word_1_249' title='bbox 1631 2960 1688 3011; x_wconf 81' lang='grc' dir='ltr'><strong>ὲν</strong></span> <span class='ocrx_word' id='word_1_250' title='bbox 1744 2958 1926 3020; x_wconf 83' lang='grc' dir='ltr'>αὐτοῖς</span> 
     </span>
    </p>
   </div>
   <div class='ocr_carea' id='block_1_34' title="bbox 352 3042 1929 3117">
    <p class='ocr_par' dir='ltr' id='par_1_34' title="bbox 352 3042 1929 3117">
     <span class='ocr_line' id='line_1_34' title="bbox 352 3042 1929 3117; baseline 0.003 -21"><span class='ocrx_word' id='word_1_251' title='bbox 352 3044 447 3096; x_wconf 71' lang='grc' dir='ltr'><strong>καὶ</strong></span> <span class='ocrx_word' id='word_1_252' title='bbox 501 3042 671 3104; x_wconf 87' lang='grc' dir='ltr'>τύπος</span> <span class='ocrx_word' id='word_1_253' title='bbox 727 3045 999 3114; x_wconf 77' lang='grc' dir='ltr'>ἐκράτησε</span> <span class='ocrx_word' id='word_1_254' title='bbox 1053 3044 1301 3109; x_wconf 76' lang='grc' dir='ltr'>παλαιὸς,</span> <span class='ocrx_word' id='word_1_255' title='bbox 1364 3047 1438 3117; x_wconf 79' lang='grc' dir='ltr'>μὴ</span> <span class='ocrx_word' id='word_1_256' title='bbox 1498 3047 1640 3117; x_wconf 77' lang='grc' dir='ltr'>ἔχειν</span> <span class='ocrx_word' id='word_1_257' title='bbox 1681 3047 1929 3113; x_wconf 80' lang='grc' dir='ltr'>ἐξουσίαν</span> 
     </span>
    </p>
   </div>
   <div class='ocr_carea' id='block_1_35' title="bbox 353 3134 1930 3209">
    <p class='ocr_par' dir='ltr' id='par_1_35' title="bbox 353 3134 1930 3209">
     <span class='ocr_line' id='line_1_35' title="bbox 353 3134 1930 3209; baseline 0.001 -19"><span class='ocrx_word' id='word_1_258' title='bbox 353 3134 492 3205; x_wconf 81' lang='grc' dir='ltr'>πρὸς</span> <span class='ocrx_word' id='word_1_259' title='bbox 538 3135 732 3198; x_wconf 86' lang='grc' dir='ltr'>παῖδας</span> <span class='ocrx_word' id='word_1_260' title='bbox 796 3136 829 3206; x_wconf 81' lang='grc' dir='ltr'>ἢ</span> <span class='ocrx_word' id='word_1_261' title='bbox 888 3136 1153 3205; x_wconf 78' lang='grc' dir='ltr'>ἀδελφοὺς</span> <span class='ocrx_word' id='word_1_262' title='bbox 1210 3137 1391 3191; x_wconf 79' lang='grc' dir='ltr'>αὐτῶν</span> <span class='ocrx_word' id='word_1_263' title='bbox 1428 3139 1807 3209; x_wconf 81' lang='grc' dir='ltr'>μεταπέμπειν</span> <span class='ocrx_word' id='word_1_264' title='bbox 1861 3139 1930 3192; x_wconf 80' lang='grc' dir='ltr'>τὰ</span> 
     </span>
    </p>
   </div>
   <div class='ocr_carea' id='block_1_36' title="bbox 353 3224 1930 3297">
    <p class='ocr_par' dir='ltr' id='par_1_36' title="bbox 353 3224 1930 3297">
     <span class='ocr_line' id='line_1_36' title="bbox 353 3224 1930 3297; baseline 0 -18"><span class='ocrx_word' id='word_1_265' title='bbox 353 3224 660 3294; x_wconf 83' lang='grc' dir='ltr'>ἀξιώματα,</span> <span class='ocrx_word' id='word_1_266' title='bbox 685 3224 798 3278; x_wconf 83' lang='grc' dir='ltr'>ἀλλ’</span> <span class='ocrx_word' id='word_1_267' title='bbox 830 3225 1121 3295; x_wconf 86' lang='grc' dir='ltr'>ἀρκεῖσθαι</span> <span class='ocrx_word' id='word_1_268' title='bbox 1160 3225 1318 3295; x_wconf 86' lang='grc' dir='ltr'>μόνον</span> <span class='ocrx_word' id='word_1_269' title='bbox 1347 3228 1459 3291; x_wconf 85' lang='grc' dir='ltr'>τοῖς</span> <span class='ocrx_word' id='word_1_270' title='bbox 1486 3228 1843 3297; x_wconf 80' lang='grc' dir='ltr'>κεκτημένοις</span> <span class='ocrx_word' id='word_1_271' title='bbox 1869 3227 1930 3280; x_wconf 80' lang='grc' dir='ltr'><strong>τὸ</strong></span> 
     </span>
    </p>
   </div>
   <div class='ocr_carea' id='block_1_37' title="bbox 354 3316 1928 3387">
    <p class='ocr_par' dir='ltr' id='par_1_37' title="bbox 354 3316 1928 3387">
     <span class='ocr_line' id='line_1_37' title="bbox 354 3316 1928 3387; baseline 0.003 -19"><span class='ocrx_word' id='word_1_272' title='bbox 354 3316 449 3368; x_wconf 78' lang='grc' dir='ltr'>καὶ</span> <span class='ocrx_word' id='word_1_273' title='bbox 502 3316 662 3386; x_wconf 81' lang='grc' dir='ltr'>μέχρι</span> <span class='ocrx_word' id='word_1_274' title='bbox 707 3317 851 3386; x_wconf 76' lang='grc' dir='ltr'>ζωῆς</span> <span class='ocrx_word' id='word_1_275' title='bbox 900 3318 1089 3387; x_wconf 74' lang='grc' dir='ltr'>ἄρχειν</span> <span class='ocrx_word' id='word_1_276' title='bbox 1144 3317 1342 3381; x_wconf 85' lang='grc' dir='ltr'>αύτούς</span> <span class='ocrx_word' id='word_1_277' title='bbox 1371 3333 1383 3347; x_wconf 85' lang='grc'><em>’</em></span> <span class='ocrx_word' id='word_1_278' title='bbox 1426 3319 1567 3387; x_wconf 76' lang='grc' dir='ltr'>μετὰ</span> <span class='ocrx_word' id='word_1_279' title='bbox 1612 3320 1666 3372; x_wconf 85' lang='grc' dir='ltr'>δὲ</span> <span class='ocrx_word' id='word_1_280' title='bbox 1702 3318 1928 3373; x_wconf 84' lang='grc' dir='ltr'>θάνατον</span> 
     </span>
    </p>
   </div>
   <div class='ocr_carea' id='block_1_38' title="bbox 354 3407 1925 3479">
    <p class='ocr_par' dir='ltr' id='par_1_38' title="bbox 354 3407 1925 3479">
     <span class='ocr_line' id='line_1_38' title="bbox 354 3407 1925 3479; baseline 0.002 -18"><span class='ocrx_word' id='word_1_281' title='bbox 354 3407 869 3479; x_wconf 77' lang='grc' dir='ltr'>προχειρίζεσθαιῆ</span> <span class='ocrx_word' id='word_1_282' title='bbox 925 3408 1215 3478; x_wconf 77' lang='grc' dir='ltr'>ὲξάδελφον</span> <span class='ocrx_word' id='word_1_283' title='bbox 1268 3409 1469 3474; x_wconf 79' lang='grc' dir='ltr'>αὐτῶν,</span> <span class='ocrx_word' id='word_1_284' title='bbox 1526 3410 1557 3477; x_wconf 86' lang='grc' dir='ltr'>ἢ</span> <span class='ocrx_word' id='word_1_285' title='bbox 1620 3410 1925 3478; x_wconf 81' lang='grc' dir='ltr'>ὲξαδέλφων</span> 
     </span>
    </p>
   </div>
   <div class='ocr_carea' id='block_1_39' title="bbox 353 3499 1925 3574">
    <p class='ocr_par' dir='ltr' id='par_1_39' title="bbox 353 3499 1925 3574">
     <span class='ocr_line' id='line_1_39' title="bbox 353 3499 1925 3574; baseline 0.003 -23"><span class='ocrx_word' id='word_1_286' title='bbox 353 3499 570 3562; x_wconf 85' lang='grc' dir='ltr'>παῖδας,</span> <span class='ocrx_word' id='word_1_287' title='bbox 601 3500 735 3570; x_wconf 73' lang='grc' dir='ltr'>πρὸς</span> <span class='ocrx_word' id='word_1_288' title='bbox 759 3502 819 3554; x_wconf 80' lang='grc' dir='ltr'><strong>τὸ</strong></span> <span class='ocrx_word' id='word_1_289' title='bbox 854 3500 929 3571; x_wconf 88' lang='grc' dir='ltr'>μὴ</span> <span class='ocrx_word' id='word_1_290' title='bbox 966 3501 1087 3555; x_wconf 89' lang='grc' dir='ltr'>καθ’</span> <span class='ocrx_word' id='word_1_291' title='bbox 1144 3502 1297 3565; x_wconf 78' lang='grc' dir='ltr'>ὅλους</span> <span class='ocrx_word' id='word_1_292' title='bbox 1344 3504 1423 3565; x_wconf 87' lang='grc' dir='ltr'><strong>είς</strong></span> <span class='ocrx_word' id='word_1_293' title='bbox 1453 3502 1510 3555; x_wconf 84' lang='grc' dir='ltr'><strong>ἒν</strong></span> <span class='ocrx_word' id='word_1_294' title='bbox 1542 3503 1707 3574; x_wconf 81' lang='grc' dir='ltr'>μέρος</span> <span class='ocrx_word' id='word_1_295' title='bbox 1732 3504 1925 3570; x_wconf 81' lang='grc' dir='ltr'>γενεᾶς</span> 
     </span>
    </p>
   </div>
   <div class='ocr_carea' id='block_1_40' title="bbox 350 3589 1922 3663">
    <p class='ocr_par' dir='ltr' id='par_1_40' title="bbox 350 3589 1922 3663">
     <span class='ocr_line' id='line_1_40' title="bbox 350 3589 1922 3663; baseline 0.003 -21"><span class='ocrx_word' id='word_1_296' title='bbox 350 3589 656 3659; x_wconf 82' lang='grc' dir='ltr'>διατρέχειν</span> <span class='ocrx_word' id='word_1_297' title='bbox 688 3591 748 3644; x_wconf 84' lang='grc' dir='ltr'><strong>τὸ</strong></span> <span class='ocrx_word' id='word_1_298' title='bbox 780 3592 1019 3661; x_wconf 78' lang='grc' dir='ltr'>ἀξίωμα,</span> <span class='ocrx_word' id='word_1_299' title='bbox 1049 3592 1185 3647; x_wconf 80' lang='grc' dir='ltr'>ἀλλὰ</span> <span class='ocrx_word' id='word_1_300' title='bbox 1216 3594 1308 3647; x_wconf 80' lang='grc' dir='ltr'><strong>καὶ</strong></span> <span class='ocrx_word' id='word_1_301' title='bbox 1340 3595 1419 3657; x_wconf 86' lang='grc' dir='ltr'><strong>είς</strong></span> <span class='ocrx_word' id='word_1_302' title='bbox 1445 3596 1570 3656; x_wconf 82' lang='grc' dir='ltr'>τοὺς</span> <span class='ocrx_word' id='word_1_303' title='bbox 1593 3595 1922 3663; x_wconf 80' lang='grc' dir='ltr'>ὲκπλαγίους</span> 
     </span>
    </p>
   </div>
   <div class='ocr_carea' id='block_1_41' title="bbox 351 3681 1923 3755">
    <p class='ocr_par' dir='ltr' id='par_1_41' title="bbox 351 3681 1923 3755">
     <span class='ocr_line' id='line_1_41' title="bbox 351 3681 1923 3755; baseline 0.001 -20"><span class='ocrx_word' id='word_1_304' title='bbox 351 3681 445 3735; x_wconf 76' lang='grc' dir='ltr'><strong>καὶ</strong></span> <span class='ocrx_word' id='word_1_305' title='bbox 485 3681 842 3752; x_wconf 89' lang='grc' dir='ltr'>κληρονομεῖν</span> <span class='ocrx_word' id='word_1_306' title='bbox 874 3684 966 3737; x_wconf 73' lang='grc' dir='ltr'>καὶ</span> <span class='ocrx_word' id='word_1_307' title='bbox 1000 3684 1398 3754; x_wconf 77' lang='grc' dir='ltr'>ἀπεκδέχεσθαι</span> <span class='ocrx_word' id='word_1_308' title='bbox 1432 3685 1530 3753; x_wconf 83' lang='grc' dir='ltr'><strong>τὴν</strong></span> <span class='ocrx_word' id='word_1_309' title='bbox 1565 3688 1731 3755; x_wconf 83' lang='grc' dir='ltr'>τιμήν</span> <span class='ocrx_word' id='word_1_310' title='bbox 1758 3701 1773 3717; x_wconf 78' lang='grc' dir='ltr'><strong>ο</strong></span> <span class='ocrx_word' id='word_1_311' title='bbox 1816 3684 1923 3738; x_wconf 80' lang='grc' dir='ltr'>ἀπὸ</span> 
     </span>
    </p>
   </div>
   <div class='ocr_carea' id='block_1_42' title="bbox 352 3772 1926 3845">
    <p class='ocr_par' dir='ltr' id='par_1_42' title="bbox 352 3772 1926 3845">
     <span class='ocr_line' id='line_1_42' title="bbox 352 3772 1926 3845; baseline 0.001 -19"><span class='ocrx_word' id='word_1_312' title='bbox 352 3772 509 3843; x_wconf 83' lang='grc' dir='ltr'>ξένης</span> <span class='ocrx_word' id='word_1_313' title='bbox 537 3773 593 3826; x_wconf 82' lang='grc' dir='ltr'>δὲ</span> <span class='ocrx_word' id='word_1_314' title='bbox 631 3776 822 3840; x_wconf 83' lang='grc' dir='ltr'>γενεᾶς</span> <span class='ocrx_word' id='word_1_315' title='bbox 857 3775 955 3844; x_wconf 78' lang='grc' dir='ltr'>οὐχ</span> <span class='ocrx_word' id='word_1_316' title='bbox 1008 3775 1391 3845; x_wconf 79' lang='grc' dir='ltr'>ὑπεισέρχεταί</span> <span class='ocrx_word' id='word_1_317' title='bbox 1441 3794 1524 3839; x_wconf 88' lang='grc' dir='ltr'><strong>τις</strong></span> <span class='ocrx_word' id='word_1_318' title='bbox 1574 3778 1665 3829; x_wconf 66' lang='grc' dir='ltr'>καὶ</span> <span class='ocrx_word' id='word_1_319' title='bbox 1716 3778 1926 3843; x_wconf 82' lang='grc' dir='ltr'>γίνεται</span> 
     </span>
    </p>
   </div>
   <div class='ocr_carea' id='block_1_43' title="bbox 348 3862 1925 3935">
    <p class='ocr_par' dir='ltr' id='par_1_43' title="bbox 348 3862 1925 3935">
     <span class='ocr_line' id='line_1_43' title="bbox 348 3862 1925 3935; baseline 0.001 -18"><span class='ocrx_word' id='word_1_320' title='bbox 348 3865 552 3934; x_wconf 76' lang='grc' dir='ltr'>ἄρχων.</span> <span class='ocrx_word' id='word_1_321' title='bbox 579 3862 663 3917; x_wconf 83' lang='grc' dir='ltr'><strong>Τὰ</strong></span> <span class='ocrx_word' id='word_1_322' title='bbox 691 3864 749 3915; x_wconf 84' lang='grc' dir='ltr'>δὲ</span> <span class='ocrx_word' id='word_1_323' title='bbox 783 3863 927 3917; x_wconf 80' lang='grc' dir='ltr'>ὀκτὼ</span> <span class='ocrx_word' id='word_1_324' title='bbox 957 3864 1163 3933; x_wconf 81' lang='grc' dir='ltr'>θέματα</span> <span class='ocrx_word' id='word_1_325' title='bbox 1184 3865 1513 3935; x_wconf 78' lang='grc' dir='ltr'>διαιροῦνται</span> <span class='ocrx_word' id='word_1_326' title='bbox 1546 3869 1624 3927; x_wconf 84' lang='grc' dir='ltr'><strong>είς</strong></span> <span class='ocrx_word' id='word_1_327' title='bbox 1652 3866 1925 3935; x_wconf 85' lang='grc' dir='ltr'>τεσσαρά-</span> 
     </span>
    </p>
   </div>
   <div class='ocr_carea' id='block_1_44' title="bbox 351 3954 1923 4026">
    <p class='ocr_par' dir='ltr' id='par_1_44' title="bbox 351 3954 1923 4026">
     <span class='ocr_line' id='line_1_44' title="bbox 351 3954 1923 4026; baseline -0.001 -18"><span class='ocrx_word' id='word_1_328' title='bbox 351 3973 515 4009; x_wconf 87' lang='grc' dir='ltr'>κοντα</span> <span class='ocrx_word' id='word_1_329' title='bbox 550 3954 715 4026; x_wconf 87' lang='grc' dir='ltr'>μέρη,</span> <span class='ocrx_word' id='word_1_330' title='bbox 777 3956 869 4008; x_wconf 73' lang='grc' dir='ltr'><strong>καὶ</strong></span> <span class='ocrx_word' id='word_1_331' title='bbox 914 3954 1096 4026; x_wconf 74' lang='grc' dir='ltr'>ἔχουσι</span> <span class='ocrx_word' id='word_1_332' title='bbox 1152 3956 1246 4008; x_wconf 76' lang='grc' dir='ltr'><strong>καὶ</strong></span> <span class='ocrx_word' id='word_1_333' title='bbox 1297 3955 1586 4019; x_wconf 74' lang='grc' dir='ltr'>ἐλάττονας</span> <span class='ocrx_word' id='word_1_334' title='bbox 1637 3956 1923 4025; x_wconf 80' lang='grc' dir='ltr'>ἄρχοντας.</span> 
     </span>
    </p>
   </div>
   <div class='ocr_carea' id='block_1_45' title="bbox 2023 596 3605 665">
    <p class='ocr_par' dir='ltr' id='par_1_45' title="bbox 2023 596 3605 665">
     <span class='ocr_line' id='line_1_45' title="bbox 2023 596 3605 665; baseline -0.003 -13"><span class='ocrx_word' id='word_1_335' title='bbox 2023 597 2242 653; x_wconf 89' lang='lat' dir='ltr'><strong>sedibus</strong></span> <span class='ocrx_word' id='word_1_336' title='bbox 2255 611 2351 651; x_wconf 86' lang='lat' dir='ltr'><strong>eos</strong></span> <span class='ocrx_word' id='word_1_337' title='bbox 2363 597 2477 652; x_wconf 89' lang='lat' dir='ltr'><strong>suis</strong></span> <span class='ocrx_word' id='word_1_338' title='bbox 2490 596 3071 665; x_wconf 80' lang='lat' dir='ltr'><strong>expulerunt,i||asque</strong></span> <span class='ocrx_word' id='word_1_339' title='bbox 3084 604 3304 650; x_wconf 90' lang='lat' dir='ltr'><strong>tenuere</strong></span> <span class='ocrx_word' id='word_1_340' title='bbox 3321 598 3373 650; x_wconf 93' lang='lat' dir='ltr'><strong>in</strong></span> <span class='ocrx_word' id='word_1_341' title='bbox 3392 598 3605 651; x_wconf 85' lang='lat' dir='ltr'><strong>bodier-</strong></span> 
     </span>
    </p>
   </div>
   <div class='ocr_carea' id='block_1_46' title="bbox 2022 686 3603 758">
    <p class='ocr_par' dir='ltr' id='par_1_46' title="bbox 2022 686 3603 758">
     <span class='ocr_line' id='line_1_46' title="bbox 2022 686 3603 758; baseline 0.003 -15"><span class='ocrx_word' id='word_1_342' title='bbox 2022 704 2151 743; x_wconf 87' lang='lat' dir='ltr'><strong>num</strong></span> <span class='ocrx_word' id='word_1_343' title='bbox 2183 702 2356 757; x_wconf 86' lang='lat' dir='ltr'><strong>usque</strong></span> <span class='ocrx_word' id='word_1_344' title='bbox 2378 688 2518 743; x_wconf 89' lang='lat' dir='ltr'><strong>diem</strong></span> <span class='ocrx_word' id='word_1_345' title='bbox 2554 686 2671 740; x_wconf 83' lang='lat' dir='ltr'><strong>Uzi.</strong></span> <span class='ocrx_word' id='word_1_346' title='bbox 2694 686 3124 742; x_wconf 77' lang='lat' dir='ltr'><strong>AtPatziuacita:</strong></span> <span class='ocrx_word' id='word_1_347' title='bbox 3154 687 3247 756; x_wconf 88' lang='lat' dir='ltr'><strong>qui</strong></span> <span class='ocrx_word' id='word_1_348' title='bbox 3269 688 3391 758; x_wconf 83' lang='lat' dir='ltr'><strong>fuga</strong></span> <span class='ocrx_word' id='word_1_349' title='bbox 3414 706 3603 747; x_wconf 82' lang='lat' dir='ltr'><strong>evase-</strong></span> 
     </span>
    </p>
   </div>
   <div class='ocr_carea' id='block_1_47' title="bbox 2024 778 3604 849">
    <p class='ocr_par' dir='ltr' id='par_1_47' title="bbox 2024 778 3604 849">
     <span class='ocr_line' id='line_1_47' title="bbox 2024 778 3604 849; baseline 0.001 -13"><span class='ocrx_word' id='word_1_350' title='bbox 2024 789 2163 847; x_wconf 87' lang='lat' dir='ltr'><strong>rant,</strong></span> <span class='ocrx_word' id='word_1_351' title='bbox 2180 780 2585 835; x_wconf 80' lang='lat' dir='ltr'><strong>circumeuntes</strong></span> <span class='ocrx_word' id='word_1_352' title='bbox 2600 778 2915 849; x_wconf 69' lang='lat' dir='ltr'><strong>quaerebant</strong></span> <span class='ocrx_word' id='word_1_353' title='bbox 2932 779 3155 833; x_wconf 84' lang='lat' dir='ltr'><strong>ubinam</strong></span> <span class='ocrx_word' id='word_1_354' title='bbox 3170 781 3329 835; x_wconf 83' lang='lat' dir='ltr'><strong>sedes</strong></span> <span class='ocrx_word' id='word_1_355' title='bbox 3345 798 3471 837; x_wconf 88' lang='lat' dir='ltr'><strong>suas</strong></span> <span class='ocrx_word' id='word_1_356' title='bbox 3489 786 3604 838; x_wconf 87' lang='lat' dir='ltr'><strong>col-</strong></span> 
     </span>
    </p>
   </div>
   <div class='ocr_carea' id='block_1_48' title="bbox 2023 872 3602 942">
    <p class='ocr_par' dir='ltr' id='par_1_48' title="bbox 2023 872 3602 942">
     <span class='ocr_line' id='line_1_48' title="bbox 2023 872 3602 942; baseline -0.001 -14"><span class='ocrx_word' id='word_1_357' title='bbox 2023 875 2295 938; x_wconf 86' lang='lat' dir='ltr'><strong>locarent;</strong></span> <span class='ocrx_word' id='word_1_358' title='bbox 2310 872 2759 941; x_wconf 89' lang='lat' dir='ltr'><strong>venientesquein</strong></span> <span class='ocrx_word' id='word_1_359' title='bbox 2776 880 2974 926; x_wconf 88' lang='lat' dir='ltr'><strong>terram</strong></span> <span class='ocrx_word' id='word_1_360' title='bbox 2992 888 3153 942; x_wconf 88' lang='lat' dir='ltr'><strong>quam</strong></span> <span class='ocrx_word' id='word_1_361' title='bbox 3169 889 3314 927; x_wconf 92' lang='lat' dir='ltr'><strong>nunc</strong></span> <span class='ocrx_word' id='word_1_362' title='bbox 3332 874 3550 929; x_wconf 89' lang='lat' dir='ltr'><strong>incoluu</strong></span> <span class='ocrx_word' id='word_1_363' title='bbox 3563 886 3602 940; x_wconf 90' lang='grc' dir='ltr'><strong>ι,</strong></span> 
     </span>
    </p>
   </div>
   <div class='ocr_carea' id='block_1_49' title="bbox 2026 960 3605 1035">
    <p class='ocr_par' dir='ltr' id='par_1_49' title="bbox 2026 960 3605 1035">
     <span class='ocr_line' id='line_1_49' title="bbox 2026 960 3605 1035; baseline 0.003 -16"><span class='ocrx_word' id='word_1_364' title='bbox 2026 966 2263 1021; x_wconf 90' lang='lat' dir='ltr'><strong>inventis</strong></span> <span class='ocrx_word' id='word_1_365' title='bbox 2281 960 2391 1019; x_wconf 90' lang='lat' dir='ltr'><strong>illic</strong></span> <span class='ocrx_word' id='word_1_366' title='bbox 2410 963 2607 1019; x_wconf 83' lang='lat' dir='ltr'><strong>Turcis</strong></span> <span class='ocrx_word' id='word_1_367' title='bbox 2635 964 2851 1027; x_wconf 88' lang='lat' dir='ltr'><strong>incolis,</strong></span> <span class='ocrx_word' id='word_1_368' title='bbox 2874 964 3175 1020; x_wconf 86' lang='lat' dir='ltr'><strong>debellatos</strong></span> <span class='ocrx_word' id='word_1_369' title='bbox 3201 966 3501 1035; x_wconf 82' lang='lat' dir='ltr'><strong>cjeceruut,</strong></span> <span class='ocrx_word' id='word_1_370' title='bbox 3518 983 3605 1023; x_wconf 94' lang='lat' dir='ltr'><strong>sc-</strong></span> 
     </span>
    </p>
   </div>
   <div class='ocr_carea' id='block_1_50' title="bbox 2025 1055 3606 1127">
    <p class='ocr_par' dir='ltr' id='par_1_50' title="bbox 2025 1055 3606 1127">
     <span class='ocr_line' id='line_1_50' title="bbox 2025 1055 3606 1127; baseline 0.001 -15"><span class='ocrx_word' id='word_1_371' title='bbox 2025 1057 2230 1127; x_wconf 89' lang='lat' dir='ltr'><strong>desque</strong></span> <span class='ocrx_word' id='word_1_372' title='bbox 2260 1056 2361 1126; x_wconf 84' lang='lat' dir='ltr'><strong>ipsi</strong></span> <span class='ocrx_word' id='word_1_373' title='bbox 2384 1070 2512 1111; x_wconf 91' lang='lat' dir='ltr'><strong>suas</strong></span> <span class='ocrx_word' id='word_1_374' title='bbox 2536 1055 2608 1110; x_wconf 86' lang='lat' dir='ltr'><strong>ibi</strong></span> <span class='ocrx_word' id='word_1_375' title='bbox 2634 1066 2956 1125; x_wconf 90' lang='lat' dir='ltr'><strong>posuerunt,</strong></span> <span class='ocrx_word' id='word_1_376' title='bbox 2989 1064 3280 1127; x_wconf 89' lang='lat' dir='ltr'><strong>tenentque</strong></span> <span class='ocrx_word' id='word_1_377' title='bbox 3306 1058 3418 1127; x_wconf 88' lang='lat' dir='ltr'><strong>jam</strong></span> <span class='ocrx_word' id='word_1_378' title='bbox 3444 1060 3606 1115; x_wconf 80' lang='lat' dir='ltr'><strong>hodie</strong></span> 
     </span>
    </p>
   </div>
   <div class='ocr_carea' id='block_1_51' title="bbox 2025 1146 3605 1217">
    <p class='ocr_par' dir='ltr' id='par_1_51' title="bbox 2025 1146 3605 1217">
     <span class='ocr_line' id='line_1_51' title="bbox 2025 1146 3605 1217; baseline 0.002 -16"><span class='ocrx_word' id='word_1_379' title='bbox 2025 1164 2225 1202; x_wconf 87' lang='lat' dir='ltr'><strong>annum</strong></span> <span class='ocrx_word' id='word_1_380' title='bbox 2244 1146 2754 1217; x_wconf 83' lang='lat' dir='ltr'><strong>quinquagesimum</strong></span> <span class='ocrx_word' id='word_1_381' title='bbox 2778 1146 3049 1217; x_wconf 91' lang='lat' dir='ltr'><strong>quintum,</strong></span> <span class='ocrx_word' id='word_1_382' title='bbox 3074 1148 3152 1201; x_wconf 87' lang='lat' dir='ltr'><strong>uti</strong></span> <span class='ocrx_word' id='word_1_383' title='bbox 3172 1148 3381 1202; x_wconf 89' lang='lat' dir='ltr'><strong>dictum</strong></span> <span class='ocrx_word' id='word_1_384' title='bbox 3412 1159 3517 1203; x_wconf 88' lang='lat' dir='ltr'><strong>est.</strong></span> <span class='ocrx_word' id='word_1_385' title='bbox 3541 1151 3605 1203; x_wconf 79' lang='lat' dir='ltr'><strong>Et</strong></span> 
     </span>
    </p>
   </div>
   <div class='ocr_carea' id='block_1_52' title="bbox 2025 1239 3600 1309">
    <p class='ocr_par' dir='ltr' id='par_1_52' title="bbox 2025 1239 3600 1309">
     <span class='ocr_line' id='line_1_52' title="bbox 2025 1239 3600 1309; baseline 0.001 -14"><span class='ocrx_word' id='word_1_386' title='bbox 2025 1241 2337 1295; x_wconf 84' lang='lat' dir='ltr'><strong>Patzinacia</strong></span> <span class='ocrx_word' id='word_1_387' title='bbox 2353 1240 2575 1309; x_wconf 88' lang='lat' dir='ltr'><strong>quidem</strong></span> <span class='ocrx_word' id='word_1_388' title='bbox 2587 1239 2840 1295; x_wconf 85' lang='lat' dir='ltr'><strong>universa</strong></span> <span class='ocrx_word' id='word_1_389' title='bbox 2854 1241 2908 1295; x_wconf 88' lang='lat' dir='ltr'><strong>in</strong></span> <span class='ocrx_word' id='word_1_390' title='bbox 2928 1242 3165 1295; x_wconf 88' lang='lat' dir='ltr'><strong>themata</strong></span> <span class='ocrx_word' id='word_1_391' title='bbox 3181 1250 3302 1296; x_wconf 87' lang='lat' dir='ltr'><strong>octo</strong></span> <span class='ocrx_word' id='word_1_392' title='bbox 3319 1242 3600 1307; x_wconf 86' lang='lat' dir='ltr'><strong>dividitur;</strong></span> 
     </span>
    </p>
   </div>
   <div class='ocr_carea' id='block_1_53' title="bbox 2027 1331 3602 1404">
    <p class='ocr_par' dir='ltr' id='par_1_53' title="bbox 2027 1331 3602 1404">
     <span class='ocr_line' id='line_1_53' title="bbox 2027 1331 3602 1404; baseline 0 -18"><span class='ocrx_word' id='word_1_393' title='bbox 2027 1348 2145 1402; x_wconf 65' lang='lat' dir='ltr'><strong>qua:</strong></span> <span class='ocrx_word' id='word_1_394' title='bbox 2159 1347 2383 1400; x_wconf 76' lang='lat' dir='ltr'><strong>magnos</strong></span> <span class='ocrx_word' id='word_1_395' title='bbox 2395 1345 2611 1402; x_wconf 88' lang='lat' dir='ltr'><strong>quoque</strong></span> <span class='ocrx_word' id='word_1_396' title='bbox 2624 1331 2896 1400; x_wconf 87' lang='lat' dir='ltr'><strong>principes</strong></span> <span class='ocrx_word' id='word_1_397' title='bbox 2912 1331 3132 1385; x_wconf 90' lang='lat' dir='ltr'><strong>totidem</strong></span> <span class='ocrx_word' id='word_1_398' title='bbox 3151 1332 3312 1386; x_wconf 84' lang='lat' dir='ltr'><strong>habet</strong></span> <span class='ocrx_word' id='word_1_399' title='bbox 3330 1350 3342 1384; x_wconf 90' lang='lat'><strong>:</strong></span> <span class='ocrx_word' id='word_1_400' title='bbox 3361 1333 3602 1404; x_wconf 80' lang='lat' dir='ltr'><strong>themata</strong></span> 
     </span>
    </p>
   </div>
   <div class='ocr_carea' id='block_1_54' title="bbox 2030 1422 3603 1479">
    <p class='ocr_par' dir='ltr' id='par_1_54' title="bbox 2030 1422 3603 1479">
     <span class='ocr_line' id='line_1_54' title="bbox 2030 1422 3603 1479; baseline 0.002 -4"><span class='ocrx_word' id='word_1_401' title='bbox 2030 1434 2207 1477; x_wconf 84' lang='lat' dir='ltr'><strong>autem</strong></span> <span class='ocrx_word' id='word_1_402' title='bbox 2241 1424 2431 1477; x_wconf 78' lang='lat' dir='ltr'><strong>isthzec</strong></span> <span class='ocrx_word' id='word_1_403' title='bbox 2470 1430 2618 1476; x_wconf 85' lang='lat' dir='ltr'><strong>sunt.</strong></span> <span class='ocrx_word' id='word_1_404' title='bbox 2650 1423 2893 1477; x_wconf 88' lang='lat' dir='ltr'><strong>Primum</strong></span> <span class='ocrx_word' id='word_1_405' title='bbox 2921 1431 3002 1477; x_wconf 93' lang='lat' dir='ltr'><strong>cst</strong></span> <span class='ocrx_word' id='word_1_406' title='bbox 3036 1422 3216 1478; x_wconf 85' lang='lat' dir='ltr'><strong>Ertem</strong></span> <span class='ocrx_word' id='word_1_407' title='bbox 3256 1443 3267 1478; x_wconf 89' lang='lat'>:</span> <span class='ocrx_word' id='word_1_408' title='bbox 3299 1424 3603 1479; x_wconf 84' lang='lat' dir='ltr'><strong>secundum</strong></span> 
     </span>
    </p>
   </div>
   <div class='ocr_carea' id='block_1_55' title="bbox 2032 1511 3599 1585">
    <p class='ocr_par' dir='ltr' id='par_1_55' title="bbox 2032 1511 3599 1585">
     <span class='ocr_line' id='line_1_55' title="bbox 2032 1511 3599 1585; baseline 0.001 -20"><span class='ocrx_word' id='word_1_409' title='bbox 2032 1513 2177 1565; x_wconf 85' lang='lat' dir='ltr'><strong>Tzur</strong></span> <span class='ocrx_word' id='word_1_410' title='bbox 2214 1529 2227 1564; x_wconf 90' lang='lat'><strong>:</strong></span> <span class='ocrx_word' id='word_1_411' title='bbox 2264 1514 2479 1566; x_wconf 89' lang='lat' dir='ltr'><strong>tertium</strong></span> <span class='ocrx_word' id='word_1_412' title='bbox 2525 1511 2657 1582; x_wconf 82' lang='lat' dir='ltr'><strong>Gyla</strong></span> <span class='ocrx_word' id='word_1_413' title='bbox 2710 1531 2723 1566; x_wconf 91' lang='lat'><strong>:</strong></span> <span class='ocrx_word' id='word_1_414' title='bbox 2766 1521 3019 1582; x_wconf 89' lang='lat' dir='ltr'><strong>quartum</strong></span> <span class='ocrx_word' id='word_1_415' title='bbox 3073 1515 3275 1584; x_wconf 88' lang='lat' dir='ltr'><strong>Culpee</strong></span> <span class='ocrx_word' id='word_1_416' title='bbox 3306 1534 3319 1570; x_wconf 90' lang='lat'><strong>:</strong></span> <span class='ocrx_word' id='word_1_417' title='bbox 3349 1516 3599 1585; x_wconf 87' lang='lat' dir='ltr'><strong>quintum</strong></span> 
     </span>
    </p>
   </div>
   <div class='ocr_carea' id='block_1_56' title="bbox 2031 1603 3597 1675">
    <p class='ocr_par' dir='ltr' id='par_1_56' title="bbox 2031 1603 3597 1675">
     <span class='ocr_line' id='line_1_56' title="bbox 2031 1603 3597 1675; baseline 0.002 -17"><span class='ocrx_word' id='word_1_418' title='bbox 2031 1604 2316 1658; x_wconf 85' lang='lat' dir='ltr'><strong>Charoboe</strong></span> <span class='ocrx_word' id='word_1_419' title='bbox 2356 1621 2369 1656; x_wconf 91' lang='lat'><strong>:</strong></span> <span class='ocrx_word' id='word_1_420' title='bbox 2426 1612 2638 1657; x_wconf 81' lang='lat' dir='ltr'><strong>sextum</strong></span> <span class='ocrx_word' id='word_1_421' title='bbox 2686 1603 2899 1657; x_wconf 88' lang='lat' dir='ltr'><strong>Talmat</strong></span> <span class='ocrx_word' id='word_1_422' title='bbox 2934 1622 2946 1656; x_wconf 91' lang='lat'><strong>:</strong></span> <span class='ocrx_word' id='word_1_423' title='bbox 2986 1606 3275 1672; x_wconf 89' lang='lat' dir='ltr'><strong>septimum</strong></span> <span class='ocrx_word' id='word_1_424' title='bbox 3315 1608 3537 1675; x_wconf 82' lang='lat' dir='ltr'><strong>Chopon</strong></span> <span class='ocrx_word' id='word_1_425' title='bbox 3583 1625 3597 1661; x_wconf 89' lang='lat'><strong>:</strong></span> 
     </span>
    </p>
   </div>
   <div class='ocr_carea' id='block_1_57' title="bbox 2032 1694 3599 1766">
    <p class='ocr_par' dir='ltr' id='par_1_57' title="bbox 2032 1694 3599 1766">
     <span class='ocr_line' id='line_1_57' title="bbox 2032 1694 3599 1766; baseline 0 -15"><span class='ocrx_word' id='word_1_426' title='bbox 2032 1705 2286 1752; x_wconf 90' lang='lat' dir='ltr'><strong>octavum</strong></span> <span class='ocrx_word' id='word_1_427' title='bbox 2319 1694 2563 1764; x_wconf 86' lang='lat' dir='ltr'><strong>Tzopon.</strong></span> <span class='ocrx_word' id='word_1_428' title='bbox 2603 1694 2723 1759; x_wconf 86' lang='lat' dir='ltr'><strong>Quo</strong></span> <span class='ocrx_word' id='word_1_429' title='bbox 2770 1703 2953 1747; x_wconf 88' lang='lat' dir='ltr'><strong>autem</strong></span> <span class='ocrx_word' id='word_1_430' title='bbox 2998 1704 3244 1763; x_wconf 88' lang='lat' dir='ltr'><strong>tempore</strong></span> <span class='ocrx_word' id='word_1_431' title='bbox 3294 1699 3407 1751; x_wconf 85' lang='lat' dir='ltr'><strong>suis</strong></span> <span class='ocrx_word' id='word_1_432' title='bbox 3442 1699 3599 1766; x_wconf 75' lang='lat' dir='ltr'><strong>eiecti</strong></span> 
     </span>
    </p>
   </div>
   <div class='ocr_carea' id='block_1_58' title="bbox 2029 1784 3599 1853">
    <p class='ocr_par' dir='ltr' id='par_1_58' title="bbox 2029 1784 3599 1853">
     <span class='ocr_line' id='line_1_58' title="bbox 2029 1784 3599 1853; baseline -0.001 -11"><span class='ocrx_word' id='word_1_433' title='bbox 2029 1787 2255 1843; x_wconf 77' lang='lat' dir='ltr'><strong>sedibus</strong></span> <span class='ocrx_word' id='word_1_434' title='bbox 2302 1785 2657 1841; x_wconf 69' lang='lat' dir='ltr'><strong>Patzinacitce</strong></span> <span class='ocrx_word' id='word_1_435' title='bbox 2705 1784 2947 1845; x_wconf 83' lang='lat' dir='ltr'><strong>l‘uerunt,</strong></span> <span class='ocrx_word' id='word_1_436' title='bbox 2998 1785 3277 1853; x_wconf 85' lang='lat' dir='ltr'><strong>principes</strong></span> <span class='ocrx_word' id='word_1_437' title='bbox 3318 1797 3505 1851; x_wconf 85' lang='lat' dir='ltr'><strong>erant;</strong></span> <span class='ocrx_word' id='word_1_438' title='bbox 3546 1789 3599 1840; x_wconf 91' lang='lat' dir='ltr'><strong>in</strong></span> 
     </span>
    </p>
   </div>
   <div class='ocr_carea' id='block_1_59' title="bbox 2030 1872 3595 1947">
    <p class='ocr_par' dir='ltr' id='par_1_59' title="bbox 2030 1872 3595 1947">
     <span class='ocr_line' id='line_1_59' title="bbox 2030 1872 3595 1947; baseline -0.001 -16"><span class='ocrx_word' id='word_1_439' title='bbox 2030 1880 2269 1932; x_wconf 86' lang='lat' dir='ltr'><strong>themate</strong></span> <span class='ocrx_word' id='word_1_440' title='bbox 2306 1877 2526 1947; x_wconf 87' lang='lat' dir='ltr'><strong>quidem</strong></span> <span class='ocrx_word' id='word_1_441' title='bbox 2564 1875 2744 1929; x_wconf 88' lang='lat' dir='ltr'><strong>Ertem</strong></span> <span class='ocrx_word' id='word_1_442' title='bbox 2778 1872 3037 1939; x_wconf 86' lang='lat' dir='ltr'><strong>Maitzan,</strong></span> <span class='ocrx_word' id='word_1_443' title='bbox 3077 1874 3130 1928; x_wconf 94' lang='lat' dir='ltr'><strong>in</strong></span> <span class='ocrx_word' id='word_1_444' title='bbox 3176 1875 3321 1927; x_wconf 89' lang='lat' dir='ltr'><strong>Tzur</strong></span> <span class='ocrx_word' id='word_1_445' title='bbox 3358 1876 3511 1939; x_wconf 85' lang='lat' dir='ltr'><strong>Cuel,</strong></span> <span class='ocrx_word' id='word_1_446' title='bbox 3545 1878 3595 1929; x_wconf 88' lang='lat' dir='ltr'><strong>iu</strong></span> 
     </span>
    </p>
   </div>
   <div class='ocr_carea' id='block_1_60' title="bbox 2028 1965 3601 2039">
    <p class='ocr_par' dir='ltr' id='par_1_60' title="bbox 2028 1965 3601 2039">
     <span class='ocr_line' id='line_1_60' title="bbox 2028 1965 3601 2039; baseline -0.003 -16"><span class='ocrx_word' id='word_1_447' title='bbox 2028 1969 2160 2039; x_wconf 82' lang='lat' dir='ltr'><strong>Gyla</strong></span> <span class='ocrx_word' id='word_1_448' title='bbox 2191 1968 2490 2033; x_wconf 82' lang='lat' dir='ltr'><strong>Curcutan,</strong></span> <span class='ocrx_word' id='word_1_449' title='bbox 2527 1968 2581 2021; x_wconf 92' lang='lat' dir='ltr'><strong>in</strong></span> <span class='ocrx_word' id='word_1_450' title='bbox 2621 1967 2823 2036; x_wconf 90' lang='lat' dir='ltr'><strong>Culpee</strong></span> <span class='ocrx_word' id='word_1_451' title='bbox 2854 1966 3049 2036; x_wconf 87' lang='lat' dir='ltr'><strong>lpaon,</strong></span> <span class='ocrx_word' id='word_1_452' title='bbox 3084 1966 3134 2018; x_wconf 91' lang='lat' dir='ltr'><strong>in</strong></span> <span class='ocrx_word' id='word_1_453' title='bbox 3165 1965 3450 2019; x_wconf 87' lang='lat' dir='ltr'><strong>Charoboe</strong></span> <span class='ocrx_word' id='word_1_454' title='bbox 3475 1966 3601 2019; x_wconf 81' lang='lat' dir='ltr'><strong>Cui-</strong></span> 
     </span>
    </p>
   </div>
   <div class='ocr_carea' id='block_1_61' title="bbox 2029 2055 3601 2126">
    <p class='ocr_par' dir='ltr' id='par_1_61' title="bbox 2029 2055 3601 2126">
     <span class='ocr_line' id='line_1_61' title="bbox 2029 2055 3601 2126; baseline -0.001 -14"><span class='ocrx_word' id='word_1_455' title='bbox 2029 2061 2181 2121; x_wconf 89' lang='lat' dir='ltr'><strong>dum,</strong></span> <span class='ocrx_word' id='word_1_456' title='bbox 2241 2060 2294 2111; x_wconf 91' lang='lat' dir='ltr'><strong>in</strong></span> <span class='ocrx_word' id='word_1_457' title='bbox 2354 2058 2569 2113; x_wconf 86' lang='lat' dir='ltr'><strong>Talmat</strong></span> <span class='ocrx_word' id='word_1_458' title='bbox 2632 2057 2861 2123; x_wconf 84' lang='lat' dir='ltr'><strong>Costan,</strong></span> <span class='ocrx_word' id='word_1_459' title='bbox 2912 2058 2965 2113; x_wconf 94' lang='lat' dir='ltr'><strong>in</strong></span> <span class='ocrx_word' id='word_1_460' title='bbox 3029 2056 3254 2126; x_wconf 82' lang='lat' dir='ltr'><strong>Chopon</strong></span> <span class='ocrx_word' id='word_1_461' title='bbox 3314 2055 3497 2122; x_wconf 86' lang='lat' dir='ltr'><strong>Giazc,</strong></span> <span class='ocrx_word' id='word_1_462' title='bbox 3549 2057 3601 2110; x_wconf 90' lang='lat' dir='ltr'><strong>in</strong></span> 
     </span>
    </p>
   </div>
   <div class='ocr_carea' id='block_1_62' title="bbox 2033 2148 3603 2218">
    <p class='ocr_par' dir='ltr' id='par_1_62' title="bbox 2033 2148 3603 2218">
     <span class='ocr_line' id='line_1_62' title="bbox 2033 2148 3603 2218; baseline 0.001 -17"><span class='ocrx_word' id='word_1_463' title='bbox 2033 2148 2257 2218; x_wconf 86' lang='lat' dir='ltr'><strong>Tzopon</strong></span> <span class='ocrx_word' id='word_1_464' title='bbox 2293 2150 2483 2202; x_wconf 80' lang='lat' dir='ltr'><strong>Butan.</strong></span> <span class='ocrx_word' id='word_1_465' title='bbox 2517 2148 2613 2203; x_wconf 87' lang='lat' dir='ltr'><strong>llis</strong></span> <span class='ocrx_word' id='word_1_466' title='bbox 2660 2158 2842 2202; x_wconf 86' lang='lat' dir='ltr'><strong>autem</strong></span> <span class='ocrx_word' id='word_1_467' title='bbox 2893 2148 3125 2203; x_wconf 87' lang='lat' dir='ltr'><strong>mortuis</strong></span> <span class='ocrx_word' id='word_1_468' title='bbox 3174 2150 3227 2202; x_wconf 95' lang='lat' dir='ltr'><strong>in</strong></span> <span class='ocrx_word' id='word_1_469' title='bbox 3262 2148 3603 2218; x_wconf 79' lang='lat' dir='ltr'><strong>principatus</strong></span> 
     </span>
    </p>
   </div>
   <div class='ocr_carea' id='block_1_63' title="bbox 2035 2240 3605 2311">
    <p class='ocr_par' dir='ltr' id='par_1_63' title="bbox 2035 2240 3605 2311">
     <span class='ocr_line' id='line_1_63' title="bbox 2035 2240 3605 2311; baseline 0.001 -18"><span class='ocrx_word' id='word_1_470' title='bbox 2035 2247 2420 2294; x_wconf 82' lang='lat' dir='ltr'><strong>successerunt</strong></span> <span class='ocrx_word' id='word_1_471' title='bbox 2456 2254 2644 2293; x_wconf 91' lang='lat' dir='ltr'><strong>eorum</strong></span> <span class='ocrx_word' id='word_1_472' title='bbox 2696 2240 2973 2307; x_wconf 88' lang='lat' dir='ltr'><strong>patrueles</strong></span> <span class='ocrx_word' id='word_1_473' title='bbox 3007 2259 3021 2306; x_wconf 85' lang='lat'><strong>;</strong></span> <span class='ocrx_word' id='word_1_474' title='bbox 3055 2240 3325 2311; x_wconf 84' lang='lat' dir='ltr'><strong>siquidem</strong></span> <span class='ocrx_word' id='word_1_475' title='bbox 3369 2240 3448 2295; x_wconf 83' lang='lat' dir='ltr'><strong>lcx</strong></span> <span class='ocrx_word' id='word_1_476' title='bbox 3496 2242 3605 2294; x_wconf 87' lang='lat' dir='ltr'><strong>illis</strong></span> 
     </span>
    </p>
   </div>
   <div class='ocr_carea' id='block_1_64' title="bbox 2030 2331 3604 2401">
    <p class='ocr_par' dir='ltr' id='par_1_64' title="bbox 2030 2331 3604 2401">
     <span class='ocr_line' id='line_1_64' title="bbox 2030 2331 3604 2401; baseline 0 -16"><span class='ocrx_word' id='word_1_477' title='bbox 2030 2340 2083 2385; x_wconf 87' lang='lat' dir='ltr'><strong>et</strong></span> <span class='ocrx_word' id='word_1_478' title='bbox 2114 2331 2335 2399; x_wconf 83' lang='lat' dir='ltr'><strong>antiqua</strong></span> <span class='ocrx_word' id='word_1_479' title='bbox 2363 2331 2701 2385; x_wconf 88' lang='lat' dir='ltr'><strong>consuetudo</strong></span> <span class='ocrx_word' id='word_1_480' title='bbox 2752 2343 2855 2396; x_wconf 89' lang='lat' dir='ltr'><strong>est,</strong></span> <span class='ocrx_word' id='word_1_481' title='bbox 2895 2332 3184 2401; x_wconf 77' lang='lat' dir='ltr'><strong>dignitates</strong></span> <span class='ocrx_word' id='word_1_482' title='bbox 3224 2334 3291 2387; x_wconf 91' lang='lat' dir='ltr'><strong>ad</strong></span> <span class='ocrx_word' id='word_1_483' title='bbox 3339 2335 3478 2388; x_wconf 86' lang='lat' dir='ltr'><strong>lilios</strong></span> <span class='ocrx_word' id='word_1_484' title='bbox 3507 2339 3604 2385; x_wconf 84' lang='lat' dir='ltr'><strong>aut</strong></span> 
     </span>
    </p>
   </div>
   <div class='ocr_carea' id='block_1_65' title="bbox 2840 2424 3605 2495">
    <p class='ocr_par' dir='ltr' id='par_1_65' title="bbox 2840 2424 3605 2495">
     <span class='ocr_line' id='line_1_65' title="bbox 2840 2424 3605 2495; baseline 0.004 -18"><span class='ocrx_word' id='word_1_485' title='bbox 2840 2442 2855 2477; x_wconf 88' lang='lat'><strong>:</strong></span> <span class='ocrx_word' id='word_1_486' title='bbox 2897 2424 2989 2479; x_wconf 91' lang='lat' dir='ltr'><strong>sed</strong></span> <span class='ocrx_word' id='word_1_487' title='bbox 3035 2428 3278 2480; x_wconf 87' lang='lat' dir='ltr'><strong>contenti</strong></span> <span class='ocrx_word' id='word_1_488' title='bbox 3328 2428 3605 2495; x_wconf 67' lang='lat' dir='ltr'><strong>principes</strong></span> 
     </span>
    </p>
   </div>
   <div class='ocr_carea' id='block_1_66' title="bbox 2027 2516 3598 2587">
    <p class='ocr_par' dir='ltr' id='par_1_66' title="bbox 2027 2516 3598 2587">
     <span class='ocr_line' id='line_1_66' title="bbox 2027 2516 3598 2587; baseline -0.001 -17"><span class='ocrx_word' id='word_1_489' title='bbox 2027 2530 2151 2570; x_wconf 88' lang='lat' dir='ltr'><strong>esse</strong></span> <span class='ocrx_word' id='word_1_490' title='bbox 2194 2516 2413 2578; x_wconf 90' lang='lat' dir='ltr'><strong>debent,</strong></span> <span class='ocrx_word' id='word_1_491' title='bbox 2466 2518 2645 2585; x_wconf 88' lang='lat' dir='ltr'><strong>quoad</strong></span> <span class='ocrx_word' id='word_1_492' title='bbox 2700 2517 2910 2579; x_wconf 84' lang='lat' dir='ltr'><strong>vivunt,</strong></span> <span class='ocrx_word' id='word_1_493' title='bbox 2963 2518 3325 2587; x_wconf 89' lang='lat' dir='ltr'><strong>principatum</strong></span> <span class='ocrx_word' id='word_1_494' title='bbox 3380 2526 3598 2582; x_wconf 78' lang='lat' dir='ltr'><strong>tenere;</strong></span> 
     </span>
    </p>
   </div>
   <div class='ocr_carea' id='block_1_67' title="bbox 2029 2607 3602 2676">
    <p class='ocr_par' dir='ltr' id='par_1_67' title="bbox 2029 2607 3602 2676">
     <span class='ocr_line' id='line_1_67' title="bbox 2029 2607 3602 2676; baseline -0.001 -15"><span class='ocrx_word' id='word_1_495' title='bbox 2029 2615 2150 2675; x_wconf 90' lang='lat' dir='ltr'><strong>post</strong></span> <span class='ocrx_word' id='word_1_496' title='bbox 2199 2614 2429 2661; x_wconf 88' lang='lat' dir='ltr'><strong>mortem</strong></span> <span class='ocrx_word' id='word_1_497' title='bbox 2483 2622 2612 2661; x_wconf 89' lang='lat' dir='ltr'><strong>vero</strong></span> <span class='ocrx_word' id='word_1_498' title='bbox 2669 2607 2754 2662; x_wconf 84' lang='lat' dir='ltr'><strong>vel</strong></span> <span class='ocrx_word' id='word_1_499' title='bbox 2799 2609 3096 2676; x_wconf 83' lang='lat' dir='ltr'><strong>patrueles,</strong></span> <span class='ocrx_word' id='word_1_500' title='bbox 3140 2609 3226 2662; x_wconf 90' lang='lat' dir='ltr'><strong>vel</strong></span> <span class='ocrx_word' id='word_1_501' title='bbox 3272 2623 3458 2663; x_wconf 89' lang='lat' dir='ltr'><strong>eorum</strong></span> <span class='ocrx_word' id='word_1_502' title='bbox 3509 2608 3602 2660; x_wconf 75' lang='lat' dir='ltr'><strong>lilii</strong></span> 
     </span>
    </p>
   </div>
   <div class='ocr_carea' id='block_1_68' title="bbox 2029 2698 3604 2767">
    <p class='ocr_par' dir='ltr' id='par_1_68' title="bbox 2029 2698 3604 2767">
     <span class='ocr_line' id='line_1_68' title="bbox 2029 2698 3604 2767; baseline 0.001 -16"><span class='ocrx_word' id='word_1_503' title='bbox 2029 2709 2442 2766; x_wconf 82' lang='lat' dir='ltr'><strong>promoventur,</strong></span> <span class='ocrx_word' id='word_1_504' title='bbox 2480 2714 2547 2753; x_wconf 90' lang='lat' dir='ltr'><strong>ne</strong></span> <span class='ocrx_word' id='word_1_505' title='bbox 2581 2714 2794 2767; x_wconf 91' lang='lat' dir='ltr'><strong>semper</strong></span> <span class='ocrx_word' id='word_1_506' title='bbox 2830 2699 2883 2751; x_wconf 94' lang='lat' dir='ltr'><strong>in</strong></span> <span class='ocrx_word' id='word_1_507' title='bbox 2926 2699 3113 2753; x_wconf 86' lang='lat' dir='ltr'><strong>eadem</strong></span> <span class='ocrx_word' id='word_1_508' title='bbox 3157 2698 3426 2767; x_wconf 68' lang='lat' dir='ltr'><strong>prosapia:</strong></span> <span class='ocrx_word' id='word_1_509' title='bbox 3454 2706 3604 2766; x_wconf 86' lang='lat' dir='ltr'><strong>parte</strong></span> 
     </span>
    </p>
   </div>
   <div class='ocr_carea' id='block_1_69' title="bbox 2029 2788 3603 2859">
    <p class='ocr_par' dir='ltr' id='par_1_69' title="bbox 2029 2788 3603 2859">
     <span class='ocr_line' id='line_1_69' title="bbox 2029 2788 3603 2859; baseline -0.001 -15"><span class='ocrx_word' id='word_1_510' title='bbox 2029 2790 2269 2859; x_wconf 82' lang='lat' dir='ltr'><strong>dignitas</strong></span> <span class='ocrx_word' id='word_1_511' title='bbox 2310 2792 2599 2854; x_wconf 81' lang='lat' dir='ltr'><strong>consistat,</strong></span> <span class='ocrx_word' id='word_1_512' title='bbox 2647 2791 2739 2845; x_wconf 84' lang='lat' dir='ltr'><strong>sed</strong></span> <span class='ocrx_word' id='word_1_513' title='bbox 2793 2800 2853 2844; x_wconf 94' lang='lat' dir='ltr'><strong>ut</strong></span> <span class='ocrx_word' id='word_1_514' title='bbox 2902 2790 2967 2842; x_wconf 89' lang='lat' dir='ltr'><strong>ad</strong></span> <span class='ocrx_word' id='word_1_515' title='bbox 3006 2788 3348 2844; x_wconf 88' lang='lat' dir='ltr'><strong>collatcrales</strong></span> <span class='ocrx_word' id='word_1_516' title='bbox 3388 2803 3603 2857; x_wconf 86' lang='lat' dir='ltr'><strong>quoque</strong></span> 
     </span>
    </p>
   </div>
   <div class='ocr_carea' id='block_1_70' title="bbox 2031 2880 3602 2949">
    <p class='ocr_par' dir='ltr' id='par_1_70' title="bbox 2031 2880 3602 2949">
     <span class='ocr_line' id='line_1_70' title="bbox 2031 2880 3602 2949; baseline -0.001 -17"><span class='ocrx_word' id='word_1_517' title='bbox 2031 2897 2089 2933; x_wconf 86' lang='lat' dir='ltr'><strong>ca</strong></span> <span class='ocrx_word' id='word_1_518' title='bbox 2131 2880 2446 2933; x_wconf 68' lang='lat' dir='ltr'><strong>haereditate</strong></span> <span class='ocrx_word' id='word_1_519' title='bbox 2493 2880 2776 2933; x_wconf 79' lang='lat' dir='ltr'><strong>deferatur</strong></span> <span class='ocrx_word' id='word_1_520' title='bbox 2822 2899 2834 2933; x_wconf 91' lang='lat'><strong>:</strong></span> <span class='ocrx_word' id='word_1_521' title='bbox 2884 2881 3111 2934; x_wconf 83' lang='lat' dir='ltr'><strong>alterius</strong></span> <span class='ocrx_word' id='word_1_522' title='bbox 3162 2896 3290 2949; x_wconf 82' lang='lat' dir='ltr'><strong>vero</strong></span> <span class='ocrx_word' id='word_1_523' title='bbox 3337 2880 3602 2949; x_wconf 69' lang='lat' dir='ltr'><strong>prosapia:</strong></span> 
     </span>
    </p>
   </div>
   <div class='ocr_carea' id='block_1_71' title="bbox 2031 2970 3603 3041">
    <p class='ocr_par' dir='ltr' id='par_1_71' title="bbox 2031 2970 3603 3041">
     <span class='ocr_line' id='line_1_71' title="bbox 2031 2970 3603 3041; baseline -0.001 -18"><span class='ocrx_word' id='word_1_524' title='bbox 2031 2972 2122 3041; x_wconf 92' lang='lat' dir='ltr'><strong>qui</strong></span> <span class='ocrx_word' id='word_1_525' title='bbox 2150 2972 2240 3034; x_wconf 86' lang='lat' dir='ltr'><strong>sit,</strong></span> <span class='ocrx_word' id='word_1_526' title='bbox 2273 2972 2455 3025; x_wconf 89' lang='lat' dir='ltr'><strong>nullus</strong></span> <span class='ocrx_word' id='word_1_527' title='bbox 2489 2971 2543 3023; x_wconf 92' lang='lat' dir='ltr'><strong>iu</strong></span> <span class='ocrx_word' id='word_1_528' title='bbox 2574 2970 2939 3040; x_wconf 87' lang='lat' dir='ltr'><strong>principatum</strong></span> <span class='ocrx_word' id='word_1_529' title='bbox 2970 2970 3238 3025; x_wconf 84' lang='lat' dir='ltr'><strong>succedit.</strong></span> <span class='ocrx_word' id='word_1_530' title='bbox 3277 2971 3399 3024; x_wconf 67' lang='grc' dir='ltr'><strong>11ωο</strong></span> <span class='ocrx_word' id='word_1_531' title='bbox 3439 2985 3603 3038; x_wconf 90' lang='lat' dir='ltr'><strong>porro</strong></span> 
     </span>
    </p>
   </div>
   <div class='ocr_carea' id='block_1_72' title="bbox 1956 3062 3601 3141">
    <p class='ocr_par' dir='ltr' id='par_1_72' title="bbox 1956 3062 3601 3141">
     <span class='ocr_line' id='line_1_72' title="bbox 1956 3062 3601 3141; baseline -0.002 -25"><span class='ocrx_word' id='word_1_532' title='bbox 1956 3084 1999 3141; x_wconf 72' lang='grc' dir='ltr'>ο</span> <span class='ocrx_word' id='word_1_533' title='bbox 2033 3071 2158 3117; x_wconf 87' lang='lat' dir='ltr'><strong>octo</strong></span> <span class='ocrx_word' id='word_1_534' title='bbox 2196 3064 2433 3117; x_wconf 88' lang='lat' dir='ltr'><strong>themata</strong></span> <span class='ocrx_word' id='word_1_535' title='bbox 2486 3062 2538 3115; x_wconf 92' lang='lat' dir='ltr'><strong>in</strong></span> <span class='ocrx_word' id='word_1_536' title='bbox 2572 3069 2754 3131; x_wconf 90' lang='lat' dir='ltr'><strong>partes</strong></span> <span class='ocrx_word' id='word_1_537' title='bbox 2786 3062 3193 3117; x_wconf 86' lang='lat' dir='ltr'><strong>distribuuntur</strong></span> <span class='ocrx_word' id='word_1_538' title='bbox 3221 3062 3601 3131; x_wconf 79' lang='lat' dir='ltr'><strong>quadraginta,</strong></span> 
     </span>
    </p>
   </div>
   <div class='ocr_carea' id='block_1_73' title="bbox 2032 3154 3604 3224">
    <p class='ocr_par' dir='ltr' id='par_1_73' title="bbox 2032 3154 3604 3224">
     <span class='ocr_line' id='line_1_73' title="bbox 2032 3154 3604 3224; baseline 0 -17"><span class='ocrx_word' id='word_1_539' title='bbox 2032 3170 2151 3224; x_wconf 73' lang='lat' dir='ltr'><strong>qum</strong></span> <span class='ocrx_word' id='word_1_540' title='bbox 2179 3155 2406 3223; x_wconf 74' lang='lat' dir='ltr'><strong>singula:</strong></span> <span class='ocrx_word' id='word_1_541' title='bbox 2431 3155 2633 3208; x_wconf 89' lang='lat' dir='ltr'><strong>habent</strong></span> <span class='ocrx_word' id='word_1_542' title='bbox 2670 3154 2949 3224; x_wconf 89' lang='lat' dir='ltr'><strong>principes</strong></span> <span class='ocrx_word' id='word_1_543' title='bbox 2981 3156 3244 3208; x_wconf 87' lang='lat' dir='ltr'><strong>minores.</strong></span> <span class='ocrx_word' id='word_1_544' title='bbox 3276 3156 3337 3207; x_wconf 83' lang='lat' dir='ltr'><strong>Et</strong></span> <span class='ocrx_word' id='word_1_545' title='bbox 3367 3163 3604 3223; x_wconf 85' lang='lat' dir='ltr'><strong>quatuor</strong></span> 
     </span>
    </p>
   </div>
   <div class='ocr_carea' id='block_1_74' title="bbox 2032 3246 3607 3317">
    <p class='ocr_par' dir='ltr' id='par_1_74' title="bbox 2032 3246 3607 3317">
     <span class='ocr_line' id='line_1_74' title="bbox 2032 3246 3607 3317; baseline 0.001 -19"><span class='ocrx_word' id='word_1_546' title='bbox 2032 3247 2249 3317; x_wconf 87' lang='lat' dir='ltr'><strong>quidem</strong></span> <span class='ocrx_word' id='word_1_547' title='bbox 2299 3246 2751 3300; x_wconf 79' lang='lat' dir='ltr'><strong>Patzinacitarum</strong></span> <span class='ocrx_word' id='word_1_548' title='bbox 2807 3246 2965 3316; x_wconf 78' lang='lat'><strong>106</strong></span> <span class='ocrx_word' id='word_1_549' title='bbox 3020 3246 3291 3312; x_wconf 88' lang='lat' dir='ltr'><strong>nationes,</strong></span> <span class='ocrx_word' id='word_1_550' title='bbox 3336 3247 3451 3301; x_wconf 86' lang='lat' dir='ltr'><strong>sive</strong></span> <span class='ocrx_word' id='word_1_551' title='bbox 3486 3246 3607 3300; x_wconf 88' lang='lat' dir='ltr'><strong>the-</strong></span> 
     </span>
    </p>
   </div>
   <div class='ocr_carea' id='block_1_75' title="bbox 2032 3334 3605 3406">
    <p class='ocr_par' dir='ltr' id='par_1_75' title="bbox 2032 3334 3605 3406">
     <span class='ocr_line' id='line_1_75' title="bbox 2032 3334 3605 3406; baseline -0.003 -14"><span class='ocrx_word' id='word_1_552' title='bbox 2032 3347 2196 3403; x_wconf 85' lang='lat' dir='ltr'><strong>mata,</strong></span> <span class='ocrx_word' id='word_1_553' title='bbox 2251 3340 2509 3392; x_wconf 83' lang='lat' dir='ltr'><strong>nimirum</strong></span> <span class='ocrx_word' id='word_1_554' title='bbox 2551 3336 2921 3400; x_wconf 81' lang='lat' dir='ltr'><strong>Cuartzitzur,</strong></span> <span class='ocrx_word' id='word_1_555' title='bbox 2968 3334 3319 3406; x_wconf 80' lang='lat' dir='ltr'><strong>Syrucalpec,</strong></span> <span class='ocrx_word' id='word_1_556' title='bbox 3360 3336 3605 3388; x_wconf 83' lang='lat' dir='ltr'><strong>Borotal-</strong></span> 
     </span>
    </p>
   </div>
   <div class='ocr_carea' id='block_1_76' title="bbox 2028 3428 3605 3498">
    <p class='ocr_par' dir='ltr' id='par_1_76' title="bbox 2028 3428 3605 3498">
     <span class='ocr_line' id='line_1_76' title="bbox 2028 3428 3605 3498; baseline -0.001 -15"><span class='ocrx_word' id='word_1_557' title='bbox 2028 3442 2158 3493; x_wconf 88' lang='lat' dir='ltr'><strong>mat,</strong></span> <span class='ocrx_word' id='word_1_558' title='bbox 2195 3440 2249 3484; x_wconf 90' lang='lat' dir='ltr'><strong>et</strong></span> <span class='ocrx_word' id='word_1_559' title='bbox 2286 3430 2668 3498; x_wconf 81' lang='lat' dir='ltr'><strong>Bulutzospon,</strong></span> <span class='ocrx_word' id='word_1_560' title='bbox 2723 3430 2863 3482; x_wconf 89' lang='lat' dir='ltr'><strong>ultra</strong></span> <span class='ocrx_word' id='word_1_561' title='bbox 2896 3428 3200 3496; x_wconf 79' lang='lat' dir='ltr'><strong>_Danapriin</strong></span> <span class='ocrx_word' id='word_1_562' title='bbox 3244 3429 3445 3482; x_wconf 85' lang='lat' dir='ltr'><strong>ﬂumen</strong></span> <span class='ocrx_word' id='word_1_563' title='bbox 3485 3430 3605 3481; x_wconf 76' lang='lat' dir='ltr'><strong>sitte</strong></span> 
     </span>
    </p>
   </div>
   <div class='ocr_carea' id='block_1_77' title="bbox 2026 3521 3601 3591">
    <p class='ocr_par' dir='ltr' id='par_1_77' title="bbox 2026 3521 3601 3591">
     <span class='ocr_line' id='line_1_77' title="bbox 2026 3521 3601 3591; baseline -0.004 -15"><span class='ocrx_word' id='word_1_564' title='bbox 2026 3530 2173 3585; x_wconf 90' lang='lat' dir='ltr'><strong>sunt,</strong></span> <span class='ocrx_word' id='word_1_565' title='bbox 2215 3521 2477 3576; x_wconf 87' lang='lat' dir='ltr'><strong>orientem</strong></span> <span class='ocrx_word' id='word_1_566' title='bbox 2531 3521 3069 3591; x_wconf 87' lang='lat' dir='ltr'><strong>septentrionemque</strong></span> <span class='ocrx_word' id='word_1_567' title='bbox 3113 3529 3443 3588; x_wconf 84' lang='lat' dir='ltr'><strong>spectantes,</strong></span> <span class='ocrx_word' id='word_1_568' title='bbox 3480 3534 3601 3571; x_wconf 89' lang='lat' dir='ltr'><strong>vcr-</strong></span> 
     </span>
    </p>
   </div>
   <div class='ocr_carea' id='block_1_78' title="bbox 2024 3610 3601 3676">
    <p class='ocr_par' dir='ltr' id='par_1_78' title="bbox 2024 3610 3601 3676">
     <span class='ocr_line' id='line_1_78' title="bbox 2024 3610 3601 3676; baseline 0 -11"><span class='ocrx_word' id='word_1_569' title='bbox 2024 3629 2117 3667; x_wconf 90' lang='lat' dir='ltr'><strong>sus</strong></span> <span class='ocrx_word' id='word_1_570' title='bbox 2162 3610 2370 3676; x_wconf 87' lang='lat' dir='ltr'><strong>Uziam,</strong></span> <span class='ocrx_word' id='word_1_571' title='bbox 2418 3612 2761 3675; x_wconf 81' lang='lat' dir='ltr'><strong>Chazariatn,</strong></span> <span class='ocrx_word' id='word_1_572' title='bbox 2814 3613 3087 3675; x_wconf 83' lang='lat' dir='ltr'><strong>Alauiam,</strong></span> <span class='ocrx_word' id='word_1_573' title='bbox 3137 3613 3495 3675; x_wconf 80' lang='lat' dir='ltr'><strong>Chersouem,</strong></span> <span class='ocrx_word' id='word_1_574' title='bbox 3548 3621 3601 3668; x_wconf 90' lang='lat' dir='ltr'><strong>et</strong></span> 
     </span>
    </p>
   </div>
   <div class='ocr_carea' id='block_1_79' title="bbox 2025 3705 3601 3775">
    <p class='ocr_par' dir='ltr' id='par_1_79' title="bbox 2025 3705 3601 3775">
     <span class='ocr_line' id='line_1_79' title="bbox 2025 3705 3601 3775; baseline 0 -17"><span class='ocrx_word' id='word_1_575' title='bbox 2025 3715 2253 3759; x_wconf 65' lang='lat' dir='ltr'><strong>caeteras</strong></span> <span class='ocrx_word' id='word_1_576' title='bbox 2291 3706 2544 3773; x_wconf 83' lang='lat' dir='ltr'><strong>regiones</strong></span> <span class='ocrx_word' id='word_1_577' title='bbox 2583 3722 2595 3757; x_wconf 94' lang='lat'><strong>:</strong></span> <span class='ocrx_word' id='word_1_578' title='bbox 2630 3705 2855 3771; x_wconf 65' lang='lat' dir='ltr'><strong>reliquae</strong></span> <span class='ocrx_word' id='word_1_579' title='bbox 2892 3721 3023 3760; x_wconf 86' lang='lat' dir='ltr'><strong>vero</strong></span> <span class='ocrx_word' id='word_1_580' title='bbox 3075 3717 3314 3775; x_wconf 85' lang='lat' dir='ltr'><strong>quatuor</strong></span> <span class='ocrx_word' id='word_1_581' title='bbox 3347 3709 3601 3760; x_wconf 72' lang='lat' dir='ltr'><strong>nationes</strong></span> 
     </span>
    </p>
   </div>
   <div class='ocr_carea' id='block_1_80' title="bbox 2027 3793 3603 3865">
    <p class='ocr_par' dir='ltr' id='par_1_80' title="bbox 2027 3793 3603 3865">
     <span class='ocr_line' id='line_1_80' title="bbox 2027 3793 3603 3865; baseline 0.001 -18"><span class='ocrx_word' id='word_1_582' title='bbox 2027 3797 2220 3863; x_wconf 71' lang='lat' dir='ltr'><strong>posita:</strong></span> <span class='ocrx_word' id='word_1_583' title='bbox 2261 3806 2387 3849; x_wconf 86' lang='lat' dir='ltr'><strong>Sunt</strong></span> <span class='ocrx_word' id='word_1_584' title='bbox 2431 3796 2512 3847; x_wconf 90' lang='lat' dir='ltr'><strong>cis</strong></span> <span class='ocrx_word' id='word_1_585' title='bbox 2564 3793 2857 3863; x_wconf 87' lang='lat' dir='ltr'><strong>Danaprim</strong></span> <span class='ocrx_word' id='word_1_586' title='bbox 2910 3797 3132 3862; x_wconf 78' lang='lat' dir='ltr'><strong>lltttncn,</strong></span> <span class='ocrx_word' id='word_1_587' title='bbox 3170 3799 3233 3849; x_wconf 86' lang='lat' dir='ltr'><strong>ad</strong></span> <span class='ocrx_word' id='word_1_588' title='bbox 3280 3809 3459 3865; x_wconf 86' lang='lat' dir='ltr'><strong>partes</strong></span> <span class='ocrx_word' id='word_1_589' title='bbox 3510 3814 3603 3849; x_wconf 84' lang='lat' dir='ltr'><strong>oc-</strong></span> 
     </span>
    </p>
   </div>
   <div class='ocr_carea' id='block_1_81' title="bbox 2025 3883 3600 3951">
    <p class='ocr_par' dir='ltr' id='par_1_81' title="bbox 2025 3883 3600 3951">
     <span class='ocr_line' id='line_1_81' title="bbox 2025 3883 3600 3951; baseline -0.001 -14"><span class='ocrx_word' id='word_1_590' title='bbox 2025 3883 2255 3937; x_wconf 85' lang='lat' dir='ltr'><strong>cidentis</strong></span> <span class='ocrx_word' id='word_1_591' title='bbox 2294 3884 2831 3951; x_wconf 83' lang='lat' dir='ltr'><strong>septentrionisque;</strong></span> <span class='ocrx_word' id='word_1_592' title='bbox 2915 3885 3171 3936; x_wconf 90' lang='lat' dir='ltr'><strong>nimirum</strong></span> <span class='ocrx_word' id='word_1_593' title='bbox 3224 3885 3424 3937; x_wconf 81' lang='lat' dir='ltr'><strong>Thema</strong></span> <span class='ocrx_word' id='word_1_594' title='bbox 3469 3884 3600 3936; x_wconf 80' lang='lat' dir='ltr'><strong>Gia-</strong></span> 
     </span>
    </p>
   </div>
   <div class='ocr_carea' id='block_1_82' title="bbox 2038 3971 3599 4044">
    <p class='ocr_par' dir='ltr' id='par_1_82' title="bbox 2038 3971 3599 4044">
     <span class='ocr_line' id='line_1_82' title="bbox 2038 3971 3599 4044; baseline -0.001 -17"><span class='ocrx_word' id='word_1_595' title='bbox 2038 3974 2301 4031; x_wconf 83' lang='lat' dir='ltr'><strong>zichopon</strong></span> <span class='ocrx_word' id='word_1_596' title='bbox 2344 3973 2611 4044; x_wconf 71' lang='lat' dir='ltr'><strong>Bulgaria:</strong></span> <span class='ocrx_word' id='word_1_597' title='bbox 2660 3971 2949 4025; x_wconf 81' lang='lat' dir='ltr'><strong>ﬁnitimum</strong></span> <span class='ocrx_word' id='word_1_598' title='bbox 3001 3982 3117 4037; x_wconf 89' lang='lat' dir='ltr'><strong>est;</strong></span> <span class='ocrx_word' id='word_1_599' title='bbox 3153 3976 3378 4028; x_wconf 77' lang='lat' dir='ltr'><strong>inferius</strong></span> <span class='ocrx_word' id='word_1_600' title='bbox 3421 3975 3599 4028; x_wconf 87' lang='lat' dir='ltr'><strong>thema</strong></span> 
     </span>
    </p>
   </div>
   <div class='ocr_carea' id='block_1_83' title="bbox 1512 4112 2451 4172">
    <p class='ocr_par' dir='ltr' id='par_1_83' title="bbox 1512 4112 2451 4172">
     <span class='ocr_line' id='line_1_83' title="bbox 1512 4112 2451 4172; baseline -0.001 -2"><span class='ocrx_word' id='word_1_601' title='bbox 1512 4114 1809 4171; x_wconf 79' lang='lat' dir='ltr'><strong>ANSELMI</strong></span> <span class='ocrx_word' id='word_1_602' title='bbox 1850 4112 2177 4172; x_wconf 71' lang='lat' dir='ltr'><strong>BANDURII</strong></span> <span class='ocrx_word' id='word_1_603' title='bbox 2214 4114 2451 4171; x_wconf 73' lang='lat' dir='ltr'><strong>NOT/E.</strong></span> 
     </span>
    </p>
   </div>
   <div class='ocr_carea' id='block_1_84' title="bbox 347 4233 1918 4308">
    <p class='ocr_par' dir='ltr' id='par_1_84' title="bbox 347 4233 1918 4308">
     <span class='ocr_line' id='line_1_84' title="bbox 347 4233 1918 4308; baseline -0.001 -21"><span class='ocrx_word' id='word_1_604' title='bbox 347 4235 790 4308; x_wconf 65' lang='lat' dir='ltr'><strong>pro_l\la§aipo_u;,</strong></span> <span class='ocrx_word' id='word_1_605' title='bbox 835 4235 1130 4308; x_wconf 72' lang='grc' dir='ltr'>Χαζάρους</span> <span class='ocrx_word' id='word_1_606' title='bbox 1178 4233 1464 4308; x_wconf 83' lang='lat' dir='ltr'><strong>legendum</strong></span> <span class='ocrx_word' id='word_1_607' title='bbox 1503 4241 1735 4308; x_wconf 58' lang='lat' dir='ltr'><strong>putent,</strong></span> <span class='ocrx_word' id='word_1_608' title='bbox 1794 4246 1918 4308; x_wconf 84' lang='lat' dir='ltr'><strong>cum</strong></span> 
     </span>
    </p>
   </div>
   <div class='ocr_carea' id='block_1_85' title="bbox 347 4303 1909 4375">
    <p class='ocr_par' dir='ltr' id='par_1_85' title="bbox 347 4303 1909 4375">
     <span class='ocr_line' id='line_1_85' title="bbox 347 4303 1909 4375; baseline -0.003 -14"><span class='ocrx_word' id='word_1_609' title='bbox 347 4303 657 4375; x_wconf 67' lang='lat' dir='ltr'><strong>Suhjungat</strong></span> <span class='ocrx_word' id='word_1_610' title='bbox 693 4303 1209 4375; x_wconf 78' lang='lat' dir='ltr'><strong>Porphyrogenitus,</strong></span> <span class='ocrx_word' id='word_1_611' title='bbox 1239 4303 1378 4375; x_wconf 29' lang='grc' dir='ltr'>ίπρὸ</span> <span class='ocrx_word' id='word_1_612' title='bbox 1430 4303 1566 4375; x_wconf 77' lang='grc' dir='ltr'>ὲτιῦν</span> <span class='ocrx_word' id='word_1_613' title='bbox 1603 4304 1909 4375; x_wconf 14' lang='grc' dir='ltr'>δὲῗπεντή-</span> 
     </span>
    </p>
   </div>
   <div class='ocr_carea' id='block_1_86' title="bbox 347 4373 1908 4446">
    <p class='ocr_par' dir='ltr' id='par_1_86' title="bbox 347 4373 1908 4446">
     <span class='ocr_line' id='line_1_86' title="bbox 347 4373 1908 4446; baseline -0.004 -16"><span class='ocrx_word' id='word_1_614' title='bbox 347 4373 513 4430; x_wconf 81' lang='grc' dir='ltr'>κοντα</span> <span class='ocrx_word' id='word_1_615' title='bbox 532 4378 581 4428; x_wconf 80' lang='grc' dir='ltr'>οἱ</span> <span class='ocrx_word' id='word_1_616' title='bbox 607 4373 886 4446; x_wconf 68' lang='grc' dir='ltr'>λεγόμενοι</span> <span class='ocrx_word' id='word_1_617' title='bbox 929 4373 1039 4438; x_wconf 67' lang='grc' dir='ltr'>Οὓς</span> <span class='ocrx_word' id='word_1_618' title='bbox 1073 4373 1333 4442; x_wconf 77' lang='grc' dir='ltr'>μετὰτῶν</span> <span class='ocrx_word' id='word_1_619' title='bbox 1364 4374 1634 4446; x_wconf 74' lang='grc' dir='ltr'>Χαζάρων</span> <span class='ocrx_word' id='word_1_620' title='bbox 1671 4374 1908 4446; x_wconf 78' lang='grc' dir='ltr'>ὁμονοή-</span> 
     </span>
    </p>
   </div>
   <div class='ocr_carea' id='block_1_87' title="bbox 2030 4230 3601 4303">
    <p class='ocr_par' dir='ltr' id='par_1_87' title="bbox 2030 4230 3601 4303">
     <span class='ocr_line' id='line_1_87' title="bbox 2030 4230 3601 4303; baseline -0.002 -17"><span class='ocrx_word' id='word_1_621' title='bbox 2030 4234 2139 4286; x_wconf 81' lang='grc' dir='ltr'>η-’ία</span> <span class='ocrx_word' id='word_1_622' title='bbox 2179 4250 2301 4303; x_wconf 81' lang='lat' dir='ltr'><strong>gens</strong></span> <span class='ocrx_word' id='word_1_623' title='bbox 2345 4232 2594 4303; x_wconf 82' lang='lat' dir='ltr'><strong>Scythica</strong></span> <span class='ocrx_word' id='word_1_624' title='bbox 2646 4234 2885 4285; x_wconf 76' lang='lat' dir='ltr'><strong>resistere</strong></span> <span class='ocrx_word' id='word_1_625' title='bbox 2929 4232 3048 4284; x_wconf 88' lang='lat' dir='ltr'><strong>sola</strong></span> <span class='ocrx_word' id='word_1_626' title='bbox 3100 4232 3283 4303; x_wconf 79' lang='lat' dir='ltr'><strong>possit.</strong></span> <span class='ocrx_word' id='word_1_627' title='bbox 3337 4230 3601 4283; x_wconf 73' lang='lat' dir='ltr'><strong>Diuiditur</strong></span> 
     </span>
    </p>
   </div>
   <div class='ocr_carea' id='block_1_88' title="bbox 2030 4302 3602 4370">
    <p class='ocr_par' dir='ltr' id='par_1_88' title="bbox 2030 4302 3602 4370">
     <span class='ocr_line' id='line_1_88' title="bbox 2030 4302 3602 4370; baseline -0.002 -13"><span class='ocrx_word' id='word_1_628' title='bbox 2030 4316 2204 4357; x_wconf 83' lang='lat' dir='ltr'><strong>autem</strong></span> <span class='ocrx_word' id='word_1_629' title='bbox 2230 4306 2279 4356; x_wconf 84' lang='lat' dir='ltr'><strong>in</strong></span> <span class='ocrx_word' id='word_1_630' title='bbox 2316 4302 2563 4357; x_wconf 69' lang='lat' dir='ltr'><strong>tredecim</strong></span> <span class='ocrx_word' id='word_1_631' title='bbox 2597 4303 2786 4363; x_wconf 84' lang='lat' dir='ltr'><strong>tribus,</strong></span> <span class='ocrx_word' id='word_1_632' title='bbox 2816 4319 2931 4370; x_wconf 75' lang='lat' dir='ltr'><strong>qum</strong></span> <span class='ocrx_word' id='word_1_633' title='bbox 2960 4313 3014 4354; x_wconf 90' lang='lat' dir='ltr'><strong>ut</strong></span> <span class='ocrx_word' id='word_1_634' title='bbox 3044 4302 3297 4355; x_wconf 71' lang='lat' dir='ltr'><strong>universa:</strong></span> <span class='ocrx_word' id='word_1_635' title='bbox 3328 4318 3602 4354; x_wconf 73' lang='lat' dir='ltr'><strong>commitne</strong></span> 
     </span>
    </p>
   </div>
   <div class='ocr_carea' id='block_1_89' title="bbox 2032 4374 3599 4437">
    <p class='ocr_par' dir='ltr' id='par_1_89' title="bbox 2032 4374 3599 4437">
     <span class='ocr_line' id='line_1_89' title="bbox 2032 4374 3599 4437; baseline -0.001 -11"><span class='ocrx_word' id='word_1_636' title='bbox 2032 4374 2493 4427; x_wconf 78' lang='lat' dir='ltr'><strong>Patziuacitarunt</strong></span> <span class='ocrx_word' id='word_1_637' title='bbox 2527 4390 2714 4428; x_wconf 87' lang='lat' dir='ltr'><strong>nomen</strong></span> <span class='ocrx_word' id='word_1_638' title='bbox 2764 4384 3043 4437; x_wconf 85' lang='lat' dir='ltr'><strong>usurpant,</strong></span> <span class='ocrx_word' id='word_1_639' title='bbox 3091 4374 3167 4423; x_wconf 86' lang='lat' dir='ltr'><strong>ita</strong></span> <span class='ocrx_word' id='word_1_640' title='bbox 3206 4374 3401 4437; x_wconf 65' lang='lat' dir='ltr'><strong>qumvis</strong></span> <span class='ocrx_word' id='word_1_641' title='bbox 3442 4388 3472 4423; x_wconf 85' lang='grc' dir='ltr'><em>α</em></span> <span class='ocrx_word' id='word_1_642' title='bbox 3504 4389 3599 4424; x_wconf 86' lang='lat' dir='ltr'><strong>suo</strong></span> 
     </span>
    </p>
   </div>
   <div class='ocr_carea' id='block_1_90' title="bbox 346 4436 3597 4514">
    <p class='ocr_par' dir='ltr' id='par_1_90' title="bbox 346 4436 3597 4514">
     <span class='ocr_line' id='line_1_90' title="bbox 346 4436 3597 4514; baseline -0.002 -17"><span class='ocrx_word' id='word_1_643' title='bbox 346 4463 564 4504; x_wconf 70' lang='grc' dir='ltr'>σαντες,</span> <span class='ocrx_word' id='word_1_644' title='bbox 608 4436 898 4501; x_wconf 73' lang='grc' dir='ltr'><strong>θῑό.Ἀηιε</strong></span> <span class='ocrx_word' id='word_1_645' title='bbox 941 4436 1105 4497; x_wconf 69' lang='lat' dir='ltr'><strong>annos</strong></span> <span class='ocrx_word' id='word_1_646' title='bbox 1160 4460 1275 4497; x_wconf 84' lang='lat' dir='ltr'><strong>vero</strong></span> <span class='ocrx_word' id='word_1_647' title='bbox 1317 4436 1716 4512; x_wconf 75' lang='lat' dir='ltr'><strong>quinquaginta</strong></span> <span class='ocrx_word' id='word_1_648' title='bbox 1748 4443 1785 4494; x_wconf 84' lang='lat' dir='ltr'><strong>ii</strong></span> <span class='ocrx_word' id='word_1_649' title='bbox 1825 4436 1917 4511; x_wconf 74' lang='lat' dir='ltr'><strong>qui</strong></span> <span class='ocrx_word' id='word_1_650' title='bbox 1952 4436 1993 4489; x_wconf 84' lang='grc' dir='ltr'><strong>Ι)</strong></span> <span class='ocrx_word' id='word_1_651' title='bbox 2024 4446 2227 4514; x_wconf 83' lang='lat' dir='ltr'><strong>generis</strong></span> <span class='ocrx_word' id='word_1_652' title='bbox 2255 4446 2487 4510; x_wconf 81' lang='lat' dir='ltr'><strong>principe</strong></span> <span class='ocrx_word' id='word_1_653' title='bbox 2509 4454 2662 4514; x_wconf 76' lang='lat' dir='ltr'><strong>atque</strong></span> <span class='ocrx_word' id='word_1_654' title='bbox 2686 4436 2899 4496; x_wconf 82' lang='lat' dir='ltr'><strong>auctore</strong></span> <span class='ocrx_word' id='word_1_655' title='bbox 2932 4436 3249 4514; x_wconf 77' lang='lat' dir='ltr'><strong>peculiarem</strong></span> <span class='ocrx_word' id='word_1_656' title='bbox 3297 4444 3485 4514; x_wconf 75' lang='lat' dir='ltr'><strong>sortita</strong></span> <span class='ocrx_word' id='word_1_657' title='bbox 3524 4452 3597 4493; x_wconf 78' lang='lat' dir='ltr'><strong>est</strong></span> 
     </span>
    </p>
   </div>
   <div class='ocr_carea' id='block_1_91' title="bbox 352 4514 1714 4580">
    <p class='ocr_par' dir='ltr' id='par_1_91' title="bbox 352 4514 1714 4580">
     <span class='ocr_line' id='line_1_91' title="bbox 352 4514 1714 4580; baseline -0.003 -11"><span class='ocrx_word' id='word_1_658' title='bbox 352 4515 453 4569; x_wconf 72' lang='lat' dir='ltr'><strong>Uzi</strong></span> <span class='ocrx_word' id='word_1_659' title='bbox 480 4516 729 4569; x_wconf 86' lang='lat' dir='ltr'><strong>dicuntur</strong></span> <span class='ocrx_word' id='word_1_660' title='bbox 756 4531 872 4568; x_wconf 87' lang='lat' dir='ltr'><strong>cum</strong></span> <span class='ocrx_word' id='word_1_661' title='bbox 904 4514 1164 4569; x_wconf 75' lang='lat' dir='ltr'><strong>Chazaris</strong></span> <span class='ocrx_word' id='word_1_662' title='bbox 1196 4514 1579 4580; x_wconf 79' lang='lat' dir='ltr'><strong>conspirantes,</strong></span> <span class='ocrx_word' id='word_1_663' title='bbox 1607 4523 1714 4566; x_wconf 90' lang='lat' dir='ltr'><strong>etc.</strong></span> 
     </span>
    </p>
   </div>
   <div class='ocr_carea' id='block_1_92' title="bbox 424 4583 1923 4655">
    <p class='ocr_par' dir='ltr' id='par_1_92' title="bbox 424 4583 1923 4655">
     <span class='ocr_line' id='line_1_92' title="bbox 424 4583 1923 4655; baseline -0.001 -18"><span class='ocrx_word' id='word_1_664' title='bbox 424 4586 534 4654; x_wconf 66' lang='lat'><strong>(76;</strong></span> <span class='ocrx_word' id='word_1_665' title='bbox 576 4586 645 4640; x_wconf 85' lang='lat' dir='ltr'><strong>Et</strong></span> <span class='ocrx_word' id='word_1_666' title='bbox 704 4586 866 4655; x_wconf 94' lang='lat' dir='ltr'><strong>paulo</strong></span> <span class='ocrx_word' id='word_1_667' title='bbox 921 4584 1065 4637; x_wconf 82' lang='lat' dir='ltr'><strong>infra</strong></span> <span class='ocrx_word' id='word_1_668' title='bbox 1106 4583 1580 4655; x_wconf 6' lang='lat' dir='ltr'><strong>traditgscriptor,</strong></span> <span class='ocrx_word' id='word_1_669' title='bbox 1636 4583 1750 4636; x_wconf 65' lang='lat' dir='ltr'><strong>haec</strong></span> <span class='ocrx_word' id='word_1_670' title='bbox 1796 4592 1923 4655; x_wconf 88' lang='lat' dir='ltr'><strong>octo</strong></span> 
     </span>
    </p>
   </div>
   <div class='ocr_carea' id='block_1_93' title="bbox 348 4652 1922 4720">
    <p class='ocr_par' dir='ltr' id='par_1_93' title="bbox 348 4652 1922 4720">
     <span class='ocr_line' id='line_1_93' title="bbox 348 4652 1922 4720; baseline -0.005 -8"><span class='ocrx_word' id='word_1_671' title='bbox 348 4652 818 4712; x_wconf 79' lang='lat' dir='ltr'><strong>Patzinacitarum</strong></span> <span class='ocrx_word' id='word_1_672' title='bbox 878 4656 1117 4707; x_wconf 88' lang='lat' dir='ltr'><strong>themata</strong></span> <span class='ocrx_word' id='word_1_673' title='bbox 1162 4652 1327 4705; x_wconf 84' lang='lat' dir='ltr'><strong>dividi</strong></span> <span class='ocrx_word' id='word_1_674' title='bbox 1362 4654 1414 4705; x_wconf 94' lang='lat' dir='ltr'><strong>in</strong></span> <span class='ocrx_word' id='word_1_675' title='bbox 1449 4662 1633 4720; x_wconf 86' lang='lat' dir='ltr'><strong>partes</strong></span> <span class='ocrx_word' id='word_1_676' title='bbox 1687 4652 1922 4720; x_wconf 84' lang='lat' dir='ltr'><strong>quadra-</strong></span> 
     </span>
    </p>
   </div>
   <div class='ocr_carea' id='block_1_94' title="bbox 349 4720 1919 4795">
    <p class='ocr_par' dir='ltr' id='par_1_94' title="bbox 349 4720 1919 4795">
     <span class='ocr_line' id='line_1_94' title="bbox 349 4720 1919 4795; baseline -0.001 -18"><span class='ocrx_word' id='word_1_677' title='bbox 349 4728 501 4795; x_wconf 81' lang='lat' dir='ltr'><strong>ginta</strong></span> <span class='ocrx_word' id='word_1_678' title='bbox 537 4743 552 4779; x_wconf 87' lang='lat'><strong>:</strong></span> <span class='ocrx_word' id='word_1_679' title='bbox 586 4726 866 4780; x_wconf 85' lang='lat' dir='ltr'><strong>Cedrenus</strong></span> <span class='ocrx_word' id='word_1_680' title='bbox 895 4738 1040 4785; x_wconf 85' lang='lat' dir='ltr'><strong>vero,</strong></span> <span class='ocrx_word' id='word_1_681' title='bbox 1070 4739 1191 4791; x_wconf 88' lang='lat' dir='ltr'><strong>pag.</strong></span> <span class='ocrx_word' id='word_1_682' title='bbox 1226 4722 1348 4785; x_wconf 75' lang='lat'><strong>773,</strong></span> <span class='ocrx_word' id='word_1_683' title='bbox 1376 4722 1569 4795; x_wconf 84' lang='lat' dir='ltr'><strong>scribit</strong></span> <span class='ocrx_word' id='word_1_684' title='bbox 1615 4720 1919 4795; x_wconf 75' lang='lat' dir='ltr'><strong>Patzinaci-</strong></span> 
     </span>
    </p>
   </div>
   <div class='ocr_carea' id='block_1_95' title="bbox 350 4792 1919 4862">
    <p class='ocr_par' dir='ltr' id='par_1_95' title="bbox 350 4792 1919 4862">
     <span class='ocr_line' id='line_1_95' title="bbox 350 4792 1919 4862; baseline -0.003 -14"><span class='ocrx_word' id='word_1_685' title='bbox 350 4792 526 4848; x_wconf 73' lang='lat' dir='ltr'><strong>tarum</strong></span> <span class='ocrx_word' id='word_1_686' title='bbox 578 4804 789 4862; x_wconf 78' lang='lat' dir='ltr'><strong>gentem</strong></span> <span class='ocrx_word' id='word_1_687' title='bbox 843 4807 1091 4862; x_wconf 80' lang='lat' dir='ltr'><strong>magnam</strong></span> <span class='ocrx_word' id='word_1_688' title='bbox 1144 4793 1589 4862; x_wconf 10' lang='lat' dir='ltr'><strong>aeipopulosam</strong></span> <span class='ocrx_word' id='word_1_689' title='bbox 1647 4792 1814 4845; x_wconf 86' lang='lat' dir='ltr'><strong>dividi</strong></span> <span class='ocrx_word' id='word_1_690' title='bbox 1867 4794 1919 4843; x_wconf 91' lang='lat' dir='ltr'><strong>iu</strong></span> 
     </span>
    </p>
   </div>
   <div class='ocr_carea' id='block_1_96' title="bbox 351 4860 1921 4923">
    <p class='ocr_par' dir='ltr' id='par_1_96' title="bbox 351 4860 1921 4923">
     <span class='ocr_line' id='line_1_96' title="bbox 351 4860 1921 4923; baseline -0.003 -5"><span class='ocrx_word' id='word_1_691' title='bbox 351 4860 612 4918; x_wconf 75' lang='lat' dir='ltr'><strong>tredecim</strong></span> <span class='ocrx_word' id='word_1_692' title='bbox 659 4866 835 4918; x_wconf 88' lang='lat' dir='ltr'><strong>tribus</strong></span> <span class='ocrx_word' id='word_1_693' title='bbox 864 4881 879 4918; x_wconf 87' lang='lat'><strong>:</strong></span> <span class='ocrx_word' id='word_1_694' title='bbox 913 4861 986 4915; x_wconf 84' lang='grc' dir='ltr'><strong>Τὸ</strong></span> <span class='ocrx_word' id='word_1_695' title='bbox 1012 4861 1162 4923; x_wconf 72' lang='grc' dir='ltr'>ἔθνος</span> <span class='ocrx_word' id='word_1_696' title='bbox 1186 4861 1295 4913; x_wconf 75' lang='grc' dir='ltr'><strong>τῶν</strong></span> <span class='ocrx_word' id='word_1_697' title='bbox 1320 4860 1694 4923; x_wconf 73' lang='grc' dir='ltr'>Πατζινάκων,</span> <span class='ocrx_word' id='word_1_698' title='bbox 1726 4862 1921 4913; x_wconf 84' lang='grc' dir='ltr'>Σκυθι-</span> 
     </span>
    </p>
   </div>
   <div class='ocr_carea' id='block_1_97' title="bbox 350 4931 1920 5003">
    <p class='ocr_par' dir='ltr' id='par_1_97' title="bbox 350 4931 1920 5003">
     <span class='ocr_line' id='line_1_97' title="bbox 350 4931 1920 5003; baseline -0.004 -15"><span class='ocrx_word' id='word_1_699' title='bbox 350 4936 445 4988; x_wconf 69' lang='grc' dir='ltr'>κὸν</span> <span class='ocrx_word' id='word_1_700' title='bbox 470 4935 736 5003; x_wconf 76' lang='grc' dir='ltr'>ὑπάρχον,</span> <span class='ocrx_word' id='word_1_701' title='bbox 772 4934 877 4986; x_wconf 72' lang='grc' dir='ltr'>ὑπὸ</span> <span class='ocrx_word' id='word_1_702' title='bbox 891 4932 998 4984; x_wconf 84' lang='grc' dir='ltr'><strong>τῶν</strong></span> <span class='ocrx_word' id='word_1_703' title='bbox 1027 4932 1333 5003; x_wconf 78' lang='grc' dir='ltr'>λεγομένων</span> <span class='ocrx_word' id='word_1_704' title='bbox 1352 4931 1920 5003; x_wconf 18' lang='grc' dir='ltr'>ΒασιλείωνμΣκυθῶλν,</span> 
     </span>
    </p>
   </div>
   <div class='ocr_carea' id='block_1_98' title="bbox 354 5000 1922 5072">
    <p class='ocr_par' dir='ltr' id='par_1_98' title="bbox 354 5000 1922 5072">
     <span class='ocr_line' id='line_1_98' title="bbox 354 5000 1922 5072; baseline -0.003 -17"><span class='ocrx_word' id='word_1_705' title='bbox 354 5005 496 5072; x_wconf 76' lang='grc' dir='ltr'>μέγα</span> <span class='ocrx_word' id='word_1_706' title='bbox 527 5000 739 5056; x_wconf 16' lang='grc' dir='ltr'>τέγείστι</span> <span class='ocrx_word' id='word_1_707' title='bbox 793 5003 888 5055; x_wconf 76' lang='grc' dir='ltr'>καὶ</span> <span class='ocrx_word' id='word_1_708' title='bbox 953 5000 1405 5072; x_wconf 78' lang='grc' dir='ltr'>πολυάνθρωπον,</span> <span class='ocrx_word' id='word_1_709' title='bbox 1456 5000 1591 5072; x_wconf 80' lang='grc' dir='ltr'>πρὸς</span> <span class='ocrx_word' id='word_1_710' title='bbox 1643 5000 1692 5072; x_wconf 19' lang='grc' dir='ltr'>ὃ,</span> <span class='ocrx_word' id='word_1_711' title='bbox 1721 5000 1838 5072; x_wconf 79' lang='grc' dir='ltr'>οὐδὲ</span> <span class='ocrx_word' id='word_1_712' title='bbox 1864 5000 1922 5051; x_wconf 84' lang='grc' dir='ltr'>ἓν</span> 
     </span>
    </p>
   </div>
   <div class='ocr_carea' id='block_1_99' title="bbox 349 5070 1919 5138">
    <p class='ocr_par' dir='ltr' id='par_1_99' title="bbox 349 5070 1919 5138">
     <span class='ocr_line' id='line_1_99' title="bbox 349 5070 1919 5138; baseline -0.004 -11"><span class='ocrx_word' id='word_1_713' title='bbox 349 5070 482 5128; x_wconf 79' lang='grc' dir='ltr'>αὐτὸ</span> <span class='ocrx_word' id='word_1_714' title='bbox 510 5074 629 5127; x_wconf 80' lang='grc' dir='ltr'>καθ’</span> <span class='ocrx_word' id='word_1_715' title='bbox 655 5074 814 5126; x_wconf 75' lang='grc' dir='ltr'>ἑαυτὸ</span> <span class='ocrx_word' id='word_1_716' title='bbox 854 5070 1113 5124; x_wconf 77' lang='grc' dir='ltr'>Σκυθικὸν</span> <span class='ocrx_word' id='word_1_717' title='bbox 1144 5071 1299 5138; x_wconf 84' lang='grc' dir='ltr'>γένος</span> <span class='ocrx_word' id='word_1_718' title='bbox 1330 5070 1645 5136; x_wconf 79' lang='grc' dir='ltr'>ἀντιστῆναι</span> <span class='ocrx_word' id='word_1_719' title='bbox 1675 5070 1919 5123; x_wconf 73' lang='grc' dir='ltr'>δύναταιο</span> 
     </span>
    </p>
   </div>
   <div class='ocr_carea' id='block_1_100' title="bbox 352 5139 1921 5213">
    <p class='ocr_par' dir='ltr' id='par_1_100' title="bbox 352 5139 1921 5213">
     <span class='ocr_line' id='line_1_100' title="bbox 352 5139 1921 5213; baseline -0.003 -17"><span class='ocrx_word' id='word_1_720' title='bbox 352 5145 608 5213; x_wconf 72' lang='grc' dir='ltr'>διῄρηται</span> <span class='ocrx_word' id='word_1_721' title='bbox 627 5143 681 5196; x_wconf 84' lang='grc' dir='ltr'>δὲ</span> <span class='ocrx_word' id='word_1_722' title='bbox 718 5146 796 5206; x_wconf 81' lang='grc' dir='ltr'>εἰς</span> <span class='ocrx_word' id='word_1_723' title='bbox 826 5141 1180 5213; x_wconf 66' lang='grc' dir='ltr'>τρισκαίδεκα</span> <span class='ocrx_word' id='word_1_724' title='bbox 1210 5141 1439 5213; x_wconf 62' lang='grc' dir='ltr'>γενεὰς,</span> <span class='ocrx_word' id='word_1_725' title='bbox 1462 5140 1669 5213; x_wconf 66' lang='grc' dir='ltr'>αἵτινες</span> <span class='ocrx_word' id='word_1_726' title='bbox 1693 5139 1921 5213; x_wconf 83' lang='grc' dir='ltr'>καλοῦν-</span> 
     </span>
    </p>
   </div>
   <div class='ocr_carea' id='block_1_101' title="bbox 349 5209 1917 5283">
    <p class='ocr_par' dir='ltr' id='par_1_101' title="bbox 349 5209 1917 5283">
     <span class='ocr_line' id='line_1_101' title="bbox 349 5209 1917 5283; baseline -0.003 -18"><span class='ocrx_word' id='word_1_727' title='bbox 349 5209 565 5283; x_wconf 69' lang='grc' dir='ltr'>ταἰ’μέν</span> <span class='ocrx_word' id='word_1_728' title='bbox 592 5216 759 5266; x_wconf 78' lang='grc' dir='ltr'>πᾶσαι</span> <span class='ocrx_word' id='word_1_729' title='bbox 799 5209 875 5279; x_wconf 83' lang='grc' dir='ltr'>τῷ</span> <span class='ocrx_word' id='word_1_730' title='bbox 897 5210 1058 5283; x_wconf 72' lang='grc' dir='ltr'>κοινῷ</span> <span class='ocrx_word' id='word_1_731' title='bbox 1090 5211 1315 5283; x_wconf 82' lang='grc' dir='ltr'>ὀνόματι</span> <span class='ocrx_word' id='word_1_732' title='bbox 1335 5226 1349 5239; x_wconf 87' lang='grc'><strong>·</strong></span> <span class='ocrx_word' id='word_1_733' title='bbox 1418 5211 1597 5283; x_wconf 73' lang='grc' dir='ltr'>ἔχουσι</span> <span class='ocrx_word' id='word_1_734' title='bbox 1630 5209 1683 5261; x_wconf 76' lang='grc' dir='ltr'>δὲ</span> <span class='ocrx_word' id='word_1_735' title='bbox 1715 5210 1917 5283; x_wconf 53' lang='grc' dir='ltr'>ὲ-κάστη</span> 
     </span>
    </p>
   </div>
   <div class='ocr_carea' id='block_1_102' title="bbox 350 5279 1915 5350">
    <p class='ocr_par' dir='ltr' id='par_1_102' title="bbox 350 5279 1915 5350">
     <span class='ocr_line' id='line_1_102' title="bbox 350 5279 1915 5350; baseline -0.004 -14"><span class='ocrx_word' id='word_1_736' title='bbox 350 5286 444 5336; x_wconf 75' lang='grc' dir='ltr'><strong>καὶ</strong></span> <span class='ocrx_word' id='word_1_737' title='bbox 467 5279 600 5335; x_wconf 74' lang='grc' dir='ltr'>ἴδιον</span> <span class='ocrx_word' id='word_1_738' title='bbox 642 5284 751 5336; x_wconf 82' lang='grc' dir='ltr'>ἀπὸ</span> <span class='ocrx_word' id='word_1_739' title='bbox 781 5284 874 5336; x_wconf 87' lang='grc' dir='ltr'><strong>τοῦ</strong></span> <span class='ocrx_word' id='word_1_740' title='bbox 904 5281 1077 5349; x_wconf 81' lang='grc' dir='ltr'>αὐτῆς</span> <span class='ocrx_word' id='word_1_741' title='bbox 1102 5280 1366 5350; x_wconf 85' lang='grc' dir='ltr'>προγόνου</span> <span class='ocrx_word' id='word_1_742' title='bbox 1398 5283 1492 5332; x_wconf 78' lang='grc' dir='ltr'><strong>καὶ</strong></span> <span class='ocrx_word' id='word_1_743' title='bbox 1514 5279 1781 5348; x_wconf 74' lang='grc' dir='ltr'>ἀρχηγοῦ,</span> <span class='ocrx_word' id='word_1_744' title='bbox 1814 5281 1915 5347; x_wconf 89' lang='grc' dir='ltr'><strong>τὴν</strong></span> 
     </span>
    </p>
   </div>
   <div class='ocr_carea' id='block_1_103' title="bbox 350 5349 1919 5423">
    <p class='ocr_par' dir='ltr' id='par_1_103' title="bbox 350 5349 1919 5423">
     <span class='ocr_line' id='line_1_103' title="bbox 350 5349 1919 5423; baseline -0.001 -20"><span class='ocrx_word' id='word_1_745' title='bbox 350 5356 723 5423; x_wconf 76' lang='grc' dir='ltr'>προσηγορίαν</span> <span class='ocrx_word' id='word_1_746' title='bbox 782 5349 1180 5423; x_wconf 64' lang='grc' dir='ltr'>κληρωσαμενη</span> <span class='ocrx_word' id='word_1_747' title='bbox 1213 5366 1227 5378; x_wconf 76' lang='grc' dir='ltr'><strong>ο</strong></span> <span class='ocrx_word' id='word_1_748' title='bbox 1274 5349 1528 5418; x_wconf 76' lang='grc' dir='ltr'>νέμονται</span> <span class='ocrx_word' id='word_1_749' title='bbox 1554 5350 1612 5423; x_wconf 78' lang='grc' dir='ltr'>δὲ</span> <span class='ocrx_word' id='word_1_750' title='bbox 1626 5351 1720 5423; x_wconf 73' lang='grc' dir='ltr'><strong>τὰς</strong></span> <span class='ocrx_word' id='word_1_751' title='bbox 1746 5350 1919 5423; x_wconf 74' lang='grc' dir='ltr'>πέραν</span> 
     </span>
    </p>
   </div>
   <div class='ocr_carea' id='block_1_104' title="bbox 355 5418 1921 5491">
    <p class='ocr_par' dir='ltr' id='par_1_104' title="bbox 355 5418 1921 5491">
     <span class='ocr_line' id='line_1_104' title="bbox 355 5418 1921 5491; baseline -0.004 -15"><span class='ocrx_word' id='word_1_752' title='bbox 355 5418 570 5491; x_wconf 56' lang='grc' dir='ltr'>Ἴστρου</span> <span class='ocrx_word' id='word_1_753' title='bbox 604 5418 729 5475; x_wconf 75' lang='grc' dir='ltr'><strong>’ἀπὸ</strong></span> <span class='ocrx_word' id='word_1_754' title='bbox 784 5418 1283 5491; x_wconf 68' lang='grc' dir='ltr'>’ποῦ’Βορυσθένους</span> <span class='ocrx_word' id='word_1_755' title='bbox 1338 5418 1579 5489; x_wconf 84' lang='grc' dir='ltr'>ποταμοῦ</span> <span class='ocrx_word' id='word_1_756' title='bbox 1615 5422 1709 5470; x_wconf 69' lang='grc' dir='ltr'><strong>καὶ</strong></span> <span class='ocrx_word' id='word_1_757' title='bbox 1758 5419 1921 5491; x_wconf 8' lang='grc' dir='ltr'>,μέχρι</span> 
     </span>
    </p>
   </div>
   <div class='ocr_carea' id='block_1_105' title="bbox 354 5490 1912 5562">
    <p class='ocr_par' dir='ltr' id='par_1_105' title="bbox 354 5490 1912 5562">
     <span class='ocr_line' id='line_1_105' title="bbox 354 5490 1912 5562; baseline -0.003 -18"><span class='ocrx_word' id='word_1_758' title='bbox 354 5490 650 5555; x_wconf 70' lang='grc' dir='ltr'>Παννονίας</span> <span class='ocrx_word' id='word_1_759' title='bbox 702 5492 1027 5562; x_wconf 79' lang='grc' dir='ltr'>ήπλωμένας</span> <span class='ocrx_word' id='word_1_760' title='bbox 1080 5490 1357 5562; x_wconf 45' lang='lat' dir='ltr'><strong>mesen,</strong></span> <span class='ocrx_word' id='word_1_761' title='bbox 1385 5490 1613 5562; x_wconf 64' lang='grc' dir='ltr'>νομάδες</span> <span class='ocrx_word' id='word_1_762' title='bbox 1651 5506 1709 5541; x_wconf 88' lang='grc' dir='ltr'><strong>τε</strong></span> <span class='ocrx_word' id='word_1_763' title='bbox 1740 5490 1912 5562; x_wconf 67' lang='grc' dir='ltr'>ὄντες,</span> 
     </span>
    </p>
   </div>
   <div class='ocr_carea' id='block_1_106' title="bbox 352 5560 1916 5632">
    <p class='ocr_par' dir='ltr' id='par_1_106' title="bbox 352 5560 1916 5632">
     <span class='ocr_line' id='line_1_106' title="bbox 352 5560 1916 5632; baseline -0.002 -18"><span class='ocrx_word' id='word_1_764' title='bbox 352 5562 447 5614; x_wconf 72' lang='grc' dir='ltr'>καὶ</span> <span class='ocrx_word' id='word_1_765' title='bbox 486 5563 577 5613; x_wconf 78' lang='grc' dir='ltr'><strong>τὸν</strong></span> <span class='ocrx_word' id='word_1_766' title='bbox 633 5560 908 5632; x_wconf 82' lang='grc' dir='ltr'>σκηνήτην</span> <span class='ocrx_word' id='word_1_767' title='bbox 969 5560 1269 5632; x_wconf 69' lang='grc' dir='ltr'>διαπαντὸς</span> <span class='ocrx_word' id='word_1_768' title='bbox 1345 5560 1747 5632; x_wconf 27' lang='grc' dir='ltr'>ἀσπαζόμενοι.</span> <span class='ocrx_word' id='word_1_769' title='bbox 1786 5560 1916 5626; x_wconf 74' lang='grc' dir='ltr'>βίον.</span> 
     </span>
    </p>
   </div>
   <div class='ocr_carea' id='block_1_107' title="bbox 354 5629 1917 5702">
    <p class='ocr_par' dir='ltr' id='par_1_107' title="bbox 354 5629 1917 5702">
     <span class='ocr_line' id='line_1_107' title="bbox 354 5629 1917 5702; baseline -0.003 -18"><span class='ocrx_word' id='word_1_770' title='bbox 354 5629 768 5684; x_wconf 74' lang='lat' dir='ltr'><strong>Pa&#39;ziuacarum</strong></span> <span class='ocrx_word' id='word_1_771' title='bbox 794 5629 922 5702; x_wconf 60' lang='lat' dir='ltr'><strong>gens</strong></span> <span class='ocrx_word' id='word_1_772' title='bbox 957 5629 1202 5699; x_wconf 79' lang='lat' dir='ltr'><strong>Scythica</strong></span> <span class='ocrx_word' id='word_1_773' title='bbox 1232 5639 1327 5687; x_wconf 79' lang='lat' dir='ltr'><strong>est.</strong></span> <span class='ocrx_word' id='word_1_774' title='bbox 1365 5647 1546 5702; x_wconf 81' lang='lat' dir='ltr'><strong>eorum</strong></span> <span class='ocrx_word' id='word_1_775' title='bbox 1600 5629 1917 5702; x_wconf 59' lang='lat' dir='ltr'><strong>Scytharum</strong></span> 
     </span>
    </p>
   </div>
   <div class='ocr_carea' id='block_1_108' title="bbox 352 5700 1915 5771">
    <p class='ocr_par' dir='ltr' id='par_1_108' title="bbox 352 5700 1915 5771">
     <span class='ocr_line' id='line_1_108' title="bbox 352 5700 1915 5771; baseline -0.002 -17"><span class='ocrx_word' id='word_1_776' title='bbox 352 5704 439 5771; x_wconf 79' lang='lat' dir='ltr'><strong>qui</strong></span> <span class='ocrx_word' id='word_1_777' title='bbox 484 5702 673 5756; x_wconf 80' lang='lat' dir='ltr'><strong>Basilii</strong></span> <span class='ocrx_word' id='word_1_778' title='bbox 706 5700 969 5766; x_wconf 77' lang='lat' dir='ltr'><strong>dicuntur,</strong></span> <span class='ocrx_word' id='word_1_779' title='bbox 1000 5717 1189 5769; x_wconf 81' lang='lat' dir='ltr'><strong>magna</strong></span> <span class='ocrx_word' id='word_1_780' title='bbox 1214 5710 1259 5753; x_wconf 77' lang='lat' dir='ltr'><strong>ct</strong></span> <span class='ocrx_word' id='word_1_781' title='bbox 1295 5701 1567 5767; x_wconf 72' lang='lat' dir='ltr'><strong>populosa,</strong></span> <span class='ocrx_word' id='word_1_782' title='bbox 1593 5702 1738 5752; x_wconf 70' lang='grc' dir='ltr'>σιριιὶ</span> <span class='ocrx_word' id='word_1_783' title='bbox 1766 5700 1915 5751; x_wconf 81' lang='lat' dir='ltr'><strong>nulla</strong></span> 
     </span>
    </p>
   </div>
   <div class='ocr_carea' id='block_1_109' title="bbox 2028 4511 3597 4580">
    <p class='ocr_par' dir='ltr' id='par_1_109' title="bbox 2028 4511 3597 4580">
     <span class='ocr_line' id='line_1_109' title="bbox 2028 4511 3597 4580; baseline -0.001 -15"><span class='ocrx_word' id='word_1_784' title='bbox 2028 4511 2452 4580; x_wconf 68' lang='lat' dir='ltr'><strong>appellationem.</strong></span> <span class='ocrx_word' id='word_1_785' title='bbox 2514 4511 2759 4565; x_wconf 82' lang='lat' dir='ltr'><strong>Incolunt</strong></span> <span class='ocrx_word' id='word_1_786' title='bbox 2823 4524 2970 4565; x_wconf 85' lang='lat' dir='ltr'><strong>trans</strong></span> <span class='ocrx_word' id='word_1_787' title='bbox 3039 4512 3238 4564; x_wconf 85' lang='lat' dir='ltr'><strong>Istrum</strong></span> <span class='ocrx_word' id='word_1_788' title='bbox 3285 4513 3531 4579; x_wconf 82' lang='lat' dir='ltr'><strong>planities</strong></span> <span class='ocrx_word' id='word_1_789' title='bbox 3566 4529 3597 4563; x_wconf 90' lang='lat' dir='ltr'><strong>a</strong></span> 
     </span>
    </p>
   </div>
   <div class='ocr_carea' id='block_1_110' title="bbox 2026 4582 3596 4652">
    <p class='ocr_par' dir='ltr' id='par_1_110' title="bbox 2026 4582 3596 4652">
     <span class='ocr_line' id='line_1_110' title="bbox 2026 4582 3596 4652; baseline 0 -19"><span class='ocrx_word' id='word_1_790' title='bbox 2026 4583 2351 4652; x_wconf 85' lang='lat' dir='ltr'><strong>Borysthene</strong></span> <span class='ocrx_word' id='word_1_791' title='bbox 2398 4583 2559 4650; x_wconf 75' lang='lat' dir='ltr'><strong>ﬂuvio</strong></span> <span class='ocrx_word' id='word_1_792' title='bbox 2608 4584 2675 4635; x_wconf 82' lang='lat' dir='ltr'><strong>ad</strong></span> <span class='ocrx_word' id='word_1_793' title='bbox 2730 4582 3067 4636; x_wconf 85' lang='lat' dir='ltr'><strong>Pannoniam</strong></span> <span class='ocrx_word' id='word_1_794' title='bbox 3114 4599 3276 4649; x_wconf 79' lang='lat' dir='ltr'><strong>usque</strong></span> <span class='ocrx_word' id='word_1_795' title='bbox 3304 4592 3596 4649; x_wconf 77' lang='lat' dir='ltr'><strong>porrectas,</strong></span> 
     </span>
    </p>
   </div>
   <div class='ocr_carea' id='block_1_111' title="bbox 2027 4652 3598 4722">
    <p class='ocr_par' dir='ltr' id='par_1_111' title="bbox 2027 4652 3598 4722">
     <span class='ocr_line' id='line_1_111' title="bbox 2027 4652 3598 4722; baseline -0.001 -18"><span class='ocrx_word' id='word_1_796' title='bbox 2027 4654 2240 4706; x_wconf 84' lang='lat' dir='ltr'><strong>incertis</strong></span> <span class='ocrx_word' id='word_1_797' title='bbox 2283 4662 2522 4706; x_wconf 86' lang='lat' dir='ltr'><strong>errantes</strong></span> <span class='ocrx_word' id='word_1_798' title='bbox 2567 4652 3119 4722; x_wconf 81' lang='lat' dir='ltr'><strong>sedibus,semperque</strong></span> <span class='ocrx_word' id='word_1_799' title='bbox 3148 4654 3200 4705; x_wconf 84' lang='lat' dir='ltr'><strong>in</strong></span> <span class='ocrx_word' id='word_1_800' title='bbox 3240 4654 3598 4706; x_wconf 76' lang='lat' dir='ltr'><strong>tabernaculis</strong></span> 
     </span>
    </p>
   </div>
   <div class='ocr_carea' id='block_1_112' title="bbox 2026 4722 3599 4789">
    <p class='ocr_par' dir='ltr' id='par_1_112' title="bbox 2026 4722 3599 4789">
     <span class='ocr_line' id='line_1_112' title="bbox 2026 4722 3599 4789; baseline 0.003 -20"><span class='ocrx_word' id='word_1_801' title='bbox 2026 4724 2285 4789; x_wconf 83' lang='lat' dir='ltr'><strong>degentes.</strong></span> <span class='ocrx_word' id='word_1_802' title='bbox 2329 4723 2386 4774; x_wconf 93' lang='lat' dir='ltr'><strong>In</strong></span> <span class='ocrx_word' id='word_1_803' title='bbox 2420 4723 2520 4775; x_wconf 86' lang='lat' dir='ltr'><strong>hoc</strong></span> <span class='ocrx_word' id='word_1_804' title='bbox 2560 4732 2739 4775; x_wconf 85' lang='lat' dir='ltr'><strong>autem</strong></span> <span class='ocrx_word' id='word_1_805' title='bbox 2772 4722 3189 4777; x_wconf 77' lang='lat' dir='ltr'><strong>Palziuzicarum</strong></span> <span class='ocrx_word' id='word_1_806' title='bbox 3226 4732 3403 4775; x_wconf 83' lang='lat' dir='ltr'><strong>tractu</strong></span> <span class='ocrx_word' id='word_1_807' title='bbox 3439 4723 3599 4775; x_wconf 83' lang='lat' dir='ltr'><strong>hodie</strong></span> 
     </span>
    </p>
   </div>
   <div class='ocr_carea' id='block_1_113' title="bbox 1990 4790 3600 4857">
    <p class='ocr_par' dir='ltr' id='par_1_113' title="bbox 1990 4790 3600 4857">
     <span class='ocr_line' id='line_1_113' title="bbox 1990 4790 3600 4857; baseline 0.002 -14"><span class='ocrx_word' id='word_1_808' title='bbox 1990 4790 2251 4845; x_wconf 82' lang='lat' dir='ltr'><strong>-I&#39;odolia</strong></span> <span class='ocrx_word' id='word_1_809' title='bbox 2309 4800 2362 4845; x_wconf 92' lang='lat' dir='ltr'><strong>et</strong></span> <span class='ocrx_word' id='word_1_810' title='bbox 2413 4790 2683 4845; x_wconf 81' lang='lat' dir='ltr'><strong>Moldavia</strong></span> <span class='ocrx_word' id='word_1_811' title='bbox 2740 4795 3013 4857; x_wconf 89' lang='lat' dir='ltr'><strong>visuntur,</strong></span> <span class='ocrx_word' id='word_1_812' title='bbox 3065 4801 3123 4846; x_wconf 88' lang='lat' dir='ltr'><strong>ut</strong></span> <span class='ocrx_word' id='word_1_813' title='bbox 3186 4794 3380 4847; x_wconf 89' lang='lat' dir='ltr'><strong>scribit</strong></span> <span class='ocrx_word' id='word_1_814' title='bbox 3437 4793 3600 4847; x_wconf 78' lang='lat' dir='ltr'><strong>Orie-</strong></span> 
     </span>
    </p>
   </div>
   <div class='ocr_carea' id='block_1_114' title="bbox 2027 4861 2156 4915">
    <p class='ocr_par' dir='ltr' id='par_1_114' title="bbox 2027 4861 2156 4915">
     <span class='ocr_line' id='line_1_114' title="bbox 2027 4861 2156 4915; baseline 0.008 -3"><span class='ocrx_word' id='word_1_815' title='bbox 2027 4861 2156 4915; x_wconf 90' lang='lat' dir='ltr'><strong>lius.</strong></span> 
     </span>
    </p>
   </div>
   <div class='ocr_carea' id='block_1_115' title="bbox 2098 4930 3600 5000">
    <p class='ocr_par' dir='ltr' id='par_1_115' title="bbox 2098 4930 3600 5000">
     <span class='ocr_line' id='line_1_115' title="bbox 2098 4930 3600 5000; baseline 0 -16"><span class='ocrx_word' id='word_1_816' title='bbox 2098 4932 2209 5000; x_wconf 82' lang='lat'><strong>(77)</strong></span> <span class='ocrx_word' id='word_1_817' title='bbox 2252 4930 2448 4985; x_wconf 84' lang='lat' dir='ltr'><strong>Omnia</strong></span> <span class='ocrx_word' id='word_1_818' title='bbox 2480 4930 2596 4985; x_wconf 72' lang='lat' dir='ltr'><strong>haec</strong></span> <span class='ocrx_word' id='word_1_819' title='bbox 2629 4930 2866 4985; x_wconf 89' lang='lat' dir='ltr'><strong>themata</strong></span> <span class='ocrx_word' id='word_1_820' title='bbox 2895 4933 3056 4999; x_wconf 89' lang='lat' dir='ltr'><strong>paulo</strong></span> <span class='ocrx_word' id='word_1_821' title='bbox 3086 4930 3226 4984; x_wconf 86' lang='lat' dir='ltr'><strong>infra</strong></span> <span class='ocrx_word' id='word_1_822' title='bbox 3278 4930 3600 5000; x_wconf 83' lang='lat' dir='ltr'><strong>compositis</strong></span> 
     </span>
    </p>
   </div>
   <div class='ocr_carea' id='block_1_116' title="bbox 2026 4999 3593 5070">
    <p class='ocr_par' dir='ltr' id='par_1_116' title="bbox 2026 4999 3593 5070">
     <span class='ocr_line' id='line_1_116' title="bbox 2026 4999 3593 5070; baseline 0 -17"><span class='ocrx_word' id='word_1_823' title='bbox 2026 5002 2340 5054; x_wconf 82' lang='lat' dir='ltr'><strong>nominibus</strong></span> <span class='ocrx_word' id='word_1_824' title='bbox 2367 5000 2757 5069; x_wconf 84' lang='lat' dir='ltr'><strong>iusigniuntur,</strong></span> <span class='ocrx_word' id='word_1_825' title='bbox 2780 5002 3023 5066; x_wconf 83' lang='lat' dir='ltr'><strong>exceptis</strong></span> <span class='ocrx_word' id='word_1_826' title='bbox 3039 5002 3177 5070; x_wconf 84' lang='lat' dir='ltr'><strong>Gyla</strong></span> <span class='ocrx_word' id='word_1_827' title='bbox 3207 5008 3256 5052; x_wconf 91' lang='lat' dir='ltr'><strong>et</strong></span> <span class='ocrx_word' id='word_1_828' title='bbox 3282 4999 3593 5053; x_wconf 85' lang='lat' dir='ltr'><strong>Charohoe.</strong></span> 
     </span>
    </p>
   </div>
   <div class='ocr_carea' id='block_1_117' title="bbox 2024 5070 3592 5139">
    <p class='ocr_par' dir='ltr' id='par_1_117' title="bbox 2024 5070 3592 5139">
     <span class='ocr_line' id='line_1_117' title="bbox 2024 5070 3592 5139; baseline -0.003 -15"><span class='ocrx_word' id='word_1_829' title='bbox 2024 5070 2136 5125; x_wconf 84' lang='lat' dir='ltr'><strong>Nec</strong></span> <span class='ocrx_word' id='word_1_830' title='bbox 2163 5071 2357 5125; x_wconf 91' lang='lat' dir='ltr'><strong>dubito</strong></span> <span class='ocrx_word' id='word_1_831' title='bbox 2384 5072 2514 5139; x_wconf 91' lang='lat' dir='ltr'><strong>quin</strong></span> <span class='ocrx_word' id='word_1_832' title='bbox 2550 5071 2779 5138; x_wconf 86' lang='lat' dir='ltr'><strong>plurima</strong></span> <span class='ocrx_word' id='word_1_833' title='bbox 2807 5071 2999 5123; x_wconf 86' lang='lat' dir='ltr'><strong>horum</strong></span> <span class='ocrx_word' id='word_1_834' title='bbox 3038 5073 3338 5139; x_wconf 77' lang='lat' dir='ltr'><strong>thematuin</strong></span> <span class='ocrx_word' id='word_1_835' title='bbox 3372 5070 3592 5120; x_wconf 87' lang='lat' dir='ltr'><strong>nomina</strong></span> 
     </span>
    </p>
   </div>
   <div class='ocr_carea' id='block_1_118' title="bbox 2023 5136 3597 5211">
    <p class='ocr_par' dir='ltr' id='par_1_118' title="bbox 2023 5136 3597 5211">
     <span class='ocr_line' id='line_1_118' title="bbox 2023 5136 3597 5211; baseline -0.003 -17"><span class='ocrx_word' id='word_1_836' title='bbox 2023 5151 2283 5211; x_wconf 89' lang='lat' dir='ltr'><strong>corrupta</strong></span> <span class='ocrx_word' id='word_1_837' title='bbox 2316 5155 2378 5193; x_wconf 89' lang='lat' dir='ltr'><strong>ac</strong></span> <span class='ocrx_word' id='word_1_838' title='bbox 2403 5136 2704 5211; x_wconf 73' lang='lat' dir='ltr'><strong>depravata</strong></span> <span class='ocrx_word' id='word_1_839' title='bbox 2732 5140 2864 5211; x_wconf 81' lang='lat' dir='ltr'><strong>sint,</strong></span> <span class='ocrx_word' id='word_1_840' title='bbox 2898 5150 2955 5193; x_wconf 90' lang='lat' dir='ltr'><strong>ut</strong></span> <span class='ocrx_word' id='word_1_841' title='bbox 2996 5154 3137 5205; x_wconf 66' lang='lat' dir='ltr'><strong>saepe</strong></span> <span class='ocrx_word' id='word_1_842' title='bbox 3170 5136 3429 5211; x_wconf 80' lang='lat' dir='ltr'><strong>accidere</strong></span> <span class='ocrx_word' id='word_1_843' title='bbox 3457 5139 3597 5211; x_wconf 73' lang='lat' dir='ltr'><strong>solet</strong></span> 
     </span>
    </p>
   </div>
   <div class='ocr_carea' id='block_1_119' title="bbox 2023 5206 3597 5281">
    <p class='ocr_par' dir='ltr' id='par_1_119' title="bbox 2023 5206 3597 5281">
     <span class='ocr_line' id='line_1_119' title="bbox 2023 5206 3597 5281; baseline -0.003 -17"><span class='ocrx_word' id='word_1_844' title='bbox 2023 5206 2385 5281; x_wconf 80' lang='lat' dir='ltr'><strong>scriptoribus</strong></span> <span class='ocrx_word' id='word_1_845' title='bbox 2438 5206 2664 5273; x_wconf 71' lang='lat' dir='ltr'><strong>Graecis,</strong></span> <span class='ocrx_word' id='word_1_846' title='bbox 2713 5209 2841 5263; x_wconf 90' lang='lat' dir='ltr'><strong>dum</strong></span> <span class='ocrx_word' id='word_1_847' title='bbox 2891 5211 3125 5264; x_wconf 86' lang='lat' dir='ltr'><strong>barbara</strong></span> <span class='ocrx_word' id='word_1_848' title='bbox 3178 5207 3396 5261; x_wconf 82' lang='lat' dir='ltr'><strong>nomina</strong></span> <span class='ocrx_word' id='word_1_849' title='bbox 3451 5206 3597 5259; x_wconf 85' lang='lat' dir='ltr'><strong>relc-</strong></span> 
     </span>
    </p>
   </div>
   <div class='ocr_carea' id='block_1_120' title="bbox 2023 5291 2176 5335">
    <p class='ocr_par' dir='ltr' id='par_1_120' title="bbox 2023 5291 2176 5335">
     <span class='ocr_line' id='line_1_120' title="bbox 2023 5291 2176 5335; baseline -0.007 -1"><span class='ocrx_word' id='word_1_850' title='bbox 2023 5291 2176 5335; x_wconf 82' lang='lat' dir='ltr'><strong>runt.</strong></span> 
     </span>
    </p>
   </div>
   <div class='ocr_carea' id='block_1_121' title="bbox 2095 5346 3597 5421">
    <p class='ocr_par' dir='ltr' id='par_1_121' title="bbox 2095 5346 3597 5421">
     <span class='ocr_line' id='line_1_121' title="bbox 2095 5346 3597 5421; baseline -0.005 -16"><span class='ocrx_word' id='word_1_851' title='bbox 2095 5352 2205 5421; x_wconf 81' lang='lat'><strong>(&#39;78)</strong></span> <span class='ocrx_word' id='word_1_852' title='bbox 2247 5350 2302 5405; x_wconf 90' lang='lat' dir='ltr'><strong>In</strong></span> <span class='ocrx_word' id='word_1_853' title='bbox 2336 5367 2439 5421; x_wconf 88' lang='lat' dir='ltr'><strong>ms.</strong></span> <span class='ocrx_word' id='word_1_854' title='bbox 2486 5351 2720 5406; x_wconf 89' lang='lat' dir='ltr'><strong>diversis</strong></span> <span class='ocrx_word' id='word_1_855' title='bbox 2765 5349 2945 5404; x_wconf 89' lang='lat' dir='ltr'><strong>verbis</strong></span> <span class='ocrx_word' id='word_1_856' title='bbox 2996 5350 3108 5403; x_wconf 57' lang='lat' dir='ltr'><strong>haec</strong></span> <span class='ocrx_word' id='word_1_857' title='bbox 3153 5347 3441 5409; x_wconf 85' lang='lat' dir='ltr'><strong>habentur,</strong></span> <span class='ocrx_word' id='word_1_858' title='bbox 3488 5346 3597 5399; x_wconf 74' lang='grc' dir='ltr'>ἀπὸ</span> 
     </span>
    </p>
   </div>
   <div class='ocr_carea' id='block_1_122' title="bbox 2021 5420 2509 5492">
    <p class='ocr_par' dir='ltr' id='par_1_122' title="bbox 2021 5420 2509 5492">
     <span class='ocr_line' id='line_1_122' title="bbox 2021 5420 2509 5492; baseline 0 -18"><span class='ocrx_word' id='word_1_859' title='bbox 2021 5424 2118 5492; x_wconf 83' lang='grc' dir='ltr'>τῆς</span> <span class='ocrx_word' id='word_1_860' title='bbox 2149 5423 2283 5483; x_wconf 79' lang='grc' dir='ltr'>ἰδίας</span> <span class='ocrx_word' id='word_1_861' title='bbox 2307 5420 2509 5491; x_wconf 83' lang='grc' dir='ltr'>χώρας.</span> 
     </span>
    </p>
   </div>
   <div class='ocr_carea' id='block_1_123' title="bbox 2092 5485 3598 5557">
    <p class='ocr_par' dir='ltr' id='par_1_123' title="bbox 2092 5485 3598 5557">
     <span class='ocr_line' id='line_1_123' title="bbox 2092 5485 3598 5557; baseline -0.005 -12"><span class='ocrx_word' id='word_1_862' title='bbox 2092 5494 2202 5557; x_wconf 76' lang='lat'><strong>(79)</strong></span> <span class='ocrx_word' id='word_1_863' title='bbox 2241 5485 2338 5546; x_wconf 72' lang='lat' dir='ltr'><strong>Sie</strong></span> <span class='ocrx_word' id='word_1_864' title='bbox 2364 5485 2476 5545; x_wconf 62' lang='lat' dir='ltr'><strong>nis.</strong></span> <span class='ocrx_word' id='word_1_865' title='bbox 2499 5492 2664 5546; x_wconf 77' lang='lat' dir='ltr'><strong>codex</strong></span> <span class='ocrx_word' id='word_1_866' title='bbox 2688 5490 2772 5551; x_wconf 89' lang='lat' dir='ltr'><strong>;in</strong></span> <span class='ocrx_word' id='word_1_867' title='bbox 2802 5489 2963 5542; x_wconf 89' lang='lat' dir='ltr'><strong>editis</strong></span> <span class='ocrx_word' id='word_1_868' title='bbox 2987 5486 3437 5557; x_wconf 42' lang='lat' dir='ltr'><strong>vorm-murtam</strong></span> <span class='ocrx_word' id='word_1_869' title='bbox 3459 5485 3598 5552; x_wconf 71' lang='lat' dir='ltr'><strong>legi-</strong></span> 
     </span>
    </p>
   </div>
   <div class='ocr_carea' id='block_1_124' title="bbox 2023 5556 3581 5628">
    <p class='ocr_par' dir='ltr' id='par_1_124' title="bbox 2023 5556 3581 5628">
     <span class='ocr_line' id='line_1_124' title="bbox 2023 5556 3581 5628; baseline -0.005 -13"><span class='ocrx_word' id='word_1_870' title='bbox 2023 5556 2128 5615; x_wconf 83' lang='lat' dir='ltr'><strong>tur.</strong></span> <span class='ocrx_word' id='word_1_871' title='bbox 2162 5562 2222 5614; x_wconf 60' lang='lat' dir='ltr'><strong>l&#39;it</strong></span> <span class='ocrx_word' id='word_1_872' title='bbox 2256 5565 2413 5628; x_wconf 78' lang='lat' dir='ltr'><strong>paulo</strong></span> <span class='ocrx_word' id='word_1_873' title='bbox 2441 5562 2579 5614; x_wconf 76' lang='lat' dir='ltr'><strong>infra</strong></span> <span class='ocrx_word' id='word_1_874' title='bbox 2612 5561 2749 5613; x_wconf 82' lang='lat' dir='ltr'><strong>idem</strong></span> <span class='ocrx_word' id='word_1_875' title='bbox 2786 5562 2966 5628; x_wconf 84' lang='lat' dir='ltr'><strong>thema</strong></span> <span class='ocrx_word' id='word_1_876' title='bbox 2995 5556 3315 5625; x_wconf 61' lang='grc' dir='ltr'>Γιαζιλοπδν</span> <span class='ocrx_word' id='word_1_877' title='bbox 3346 5557 3581 5627; x_wconf 79' lang='lat' dir='ltr'><strong>appellu—</strong></span> 
     </span>
    </p>
   </div>
   <div class='ocr_carea' id='block_1_125' title="bbox 2024 5627 3029 5699">
    <p class='ocr_par' dir='ltr' id='par_1_125' title="bbox 2024 5627 3029 5699">
     <span class='ocr_line' id='line_1_125' title="bbox 2024 5627 3029 5699; baseline -0.008 -13"><span class='ocrx_word' id='word_1_878' title='bbox 2024 5645 2109 5686; x_wconf 81' lang='lat' dir='ltr'><strong>tur</strong></span> <span class='ocrx_word' id='word_1_879' title='bbox 2145 5650 2171 5685; x_wconf 62' lang='grc' dir='ltr'><strong>ει</strong></span> <span class='ocrx_word' id='word_1_880' title='bbox 2211 5627 2429 5687; x_wconf 75' lang='lat' dir='ltr'><strong>numine</strong></span> <span class='ocrx_word' id='word_1_881' title='bbox 2462 5631 2703 5699; x_wconf 65' lang='lat' dir='ltr'><strong>ejusdem</strong></span> <span class='ocrx_word' id='word_1_882' title='bbox 2737 5627 3029 5696; x_wconf 86' lang='lat' dir='ltr'><strong>principis.</strong></span> 
     </span>
    </p>
   </div>
  </div>
