4050 6216
328 293 419 362 317

1382 300 1478 359 DE
1520 302 2158 368 ADMINISTRANDO
2203 310 2540 374 IMPERIO.

3476 321 3585 384 318

330 430 449 469 ποτε
482 411 583 475 τάς
625 412 912 475 κατοικίας
956 408 1102 482 εἶχον
1137 413 1341 469 ἐκεῖσε.
1405 413 1603 465 Ἰστέον
1638 416 1720 467 ὅτι
1747 417 1899 483 Κάγ-

2023 417 2293 486 iortiores.
2362 425 2772 497 nobiliorcsquc
2803 437 2962 495 sunt;
3006 445 3131 505 nam
3181 429 3286 486 hoc
3326 434 3445 487 vox‘
3474 434 3591 503 ipsa

332 526 431 577 καρ
464 504 823 576 ὀνομάζονται
865 505 915 557 οί
962 503 1373 569 Πατζινακῖται,
1398 504 1515 558 ἀλλ’
1535 506 1655 575 οὐχὶ
1681 507 1902 572 πάντες,

2007 511 2218 567 Cancar
2250 514 2545 584 significat.

332 598 460 667 πλὴν
480 598 510 649 δ
530 595 639 647 τῶν
661 593 830 664 τριῶν
858 593 1107 664 θεμάτων
1136 593 1283 659 λαὸς,
1318 594 1416 648 τοῦ
1449 596 1739 667 Ἰαϐδιηρτὶ
1762 596 1898 668 (95),
1929 600 2021 651 καὶ
2050 602 2143 655 τοῦ
2169 604 2622 678 Κουαρτζιτζοὺρ
2659 609 2794 680 (9i).
2854 611 2950 664 καὶ
2995 612 3089 666 τοῦ
3150 614 3593 684 Χαϐουξιγγυλὰ,

332 691 399 755 ὡς
428 687 792 759 ἀνδρειότεροι
815 687 911 739 καὶ
940 687 1314 757 εὐγενέστεροι
1342 687 1452 741 τῶν
1477 686 1710 742 λοιπῶνο
1743 688 1903 743 τοῦτο
1939 689 2049 761 γὰρ
2078 693 2228 765 δηλοῖ
2267 697 2301 766 ἠ
2327 695 2423 750 τοῦ
2456 698 2697 769 Κάγκαρ
2765 703 3131 773 προσηγορία.

902 779 1159 834 ΚΕΦΑΛ.
1192 783 1325 839 AH‘.

2423 790 2580 860 107
2630 790 2860 847 CAPUT
2902 792 3186 851 XXXVIII.

333 877 463 946 Περὶ
496 875 607 945 τῆς
646 874 1034 961 τενεαίοῇας
1071 874 1178 928 τοῦ
1214 875 1444 959 ,ἔθνους
1485 875 1605 930 τῶν
1644 876 1916 944 Τούρκων

2023 876 2094 934 De
2140 882 2435 936 Turcarum
2483 884 2659 961 gentis
2704 884 3037 961 geneaioqia,
3084 897 3134 941 et
3181 889 3319 943 unde
3365 906 3426 945 ea
3469 908 3595 961 gens

771 946 869 999 καὶ
905 941 1045 999 ὅθεν
1075 944 1458 1015 κατάγονται.

398 1042 519 1095 Ὅτι
545 1040 608 1093 τὸ
635 1039 746 1093 τῶν
779 1038 1041 1110 Τούρκων
1071 1036 1223 1101 ἐθνος
1250 1038 1476 1107 πλησίον
1501 1039 1600 1109 τῆς
1626 1036 1911 1107 Χαζαρίας

340 1131 388 1185 τὸ
413 1130 644 1183 παλαιὸν
676 1129 775 1199 τὴν
829 1127 1154 1197 κατοίκησιν
1214 1129 1450 1180 ἐποιεῖτο
1502 1129 1581 1190 είς
1624 1127 1715 1180 τὸν
1744 1128 1908 1180 τόπον

333 1225 415 1277 τὸν
444 1220 921 1291 ἐπονομαζόμενον
976 1220 1207 1274 Λεϐεδία
1267 1220 1373 1273 ἀπὸ
1419 1221 1518 1289 τῆς
1564 1220 1659 1274 τοῦ
1689 1220 1906 1290 πρώτου

334 1316 575 1385 βοεϐόδου
616 1313 795 1366 αὐτῶν
845 1312 1188 1380 ἐπωνυμίας,
1218 1312 1367 1373 ὅστις
1406 1311 1661 1375 Βοέὸοδος
1846 1312 1910 1364 τὸ

334 1406 429 1477 μὲν
473 1406 573 1475 τῆς
631 1403 877 1472 κλήσεως
926 1402 1096 1471 ὄνομα
1152 1401 1412 1464 Λεδεδίας
1444 1405 1906 1473 προσαγορεύετο,

330 1476 388 1549 τὸ
410 1497 465 1548 δὲ
500 1496 598 1565 τῆς
632 1494 811 1558 ἀξίας,
842 1492 918 1557 ὡς
972 1493 1067 1545 καὶ
1119 1492 1165 1544 οἱ
1204 1476 1381 1543 λοιποὶ
1419 1493 1536 1559 μετ’
1568 1492 1753 1554 αὑτὸν,
1785 1491 1911 1544 Βοέ-

330 1586 480 1648 ϐοδος
505 1583 770 1636 ἐκαλεῖτο.
812 1583 899 1634 Ἐν
930 1581 1106 1652 τούτῳ
1137 1580 1230 1634 οὖν
1264 1580 1339 1650 τῷ
1372 1581 1523 1651 τόπῳ
1552 1582 1630 1651 τῷ
1667 1582 1913 1652 προρρη-

331 1677 475 1729 θέντι
506 1675 735 1730 Δεϐεδία
766 1691 779 1705 ⁸
830 1675 1080 1744 ποταμός
1130 1676 1247 1727 ἐστι
1307 1674 1446 1743 ῥέων
1501 1674 1735 1744 Χιδμάς,
1762 1676 1790 1726 ό
1820 1675 1914 1727 κα)⁸

2579 955 2832 1021 originem
2859 956 3039 1010 ducat.

2088 1039 2392 1097 Turcarum
2420 1058 2554 1114 gens
2585 1045 2713 1098 olim
2746 1061 2915 1116 prope
2938 1046 3260 1102 Chazariam
3290 1050 3594 1117 habitabat.

2014 1130 2068 1185 in
2114 1132 2235 1186 loco
2267 1135 2355 1188 cui
2392 1149 2695 1206 cognomen
2739 1138 3008 1195 Lebedias
3055 1156 3083 1194 a
3132 1142 3310 1212 primo
3349 1144 3597 1213 ipsorum

2015 1225 2302 1293 boebodo;
2341 1228 2433 1298 qui
2477 1230 2697 1285 nomine
2730 1232 2950 1301 quidem
2992 1232 3259 1289 Lebedias
3290 1238 3600 1305 appellaba-

2015 1324 2139 1384 tur;
2190 1318 2455 1388 dignitate
2505 1336 2658 1385 vero,
2719 1324 3179 1393 quemadmodum
3228 1331 3429 1396 reliqui
3480 1322 3629 1398 ejus'

2016 1426 2397 1477 successores,
2446 1414 2731 1471 boebodus
2788 1420 3116 1473 vocabatur.
3180 1421 3235 1473 In
3281 1419 3387 1475 hoc
3432 1400 3601 1489 igitur

2012 1503 2159 1570 loco,
2202 1505 2464 1561 nimirum
2512 1508 2567 1562 in
2618 1509 2878 1580 prredieta
2929 1510 3184 1577 Lebedia,
3252 1511 3371 1567 ﬂuit
3420 1514 3602 1568 amnis

2013 1592 2296 1659 Chidmas,
2339 1597 2432 1667 qui
2486 1599 2652 1653 etiam
2701 1599 3005 1669 Cbingylus
3045 1604 3491 1670 cognominatur.
3534 1601 3602 1656 Et

2016 1683 2239 1748 quidem
2272 1692 2405 1740 tunc
2434 1688 2700 1757 temporis
2731 1705 2839 1743 non
2875 1688 3089 1755 Turete,
3123 1691 3219 1746 sed
3258 1692 3602 1747 Sabartaaas-

332 1769 641 1837 Χιγγυλοῦς
686 1766 1175 1835 ἐπονομαζόμενος.
1245 1766 1359 1817 (ὶύκ
1413 1764 1662 1831 ἐλέγοντο
1713 1765 1770 1818 δὲ
1834 1764 1913 1836 τῷ

2023 1775 2166 1845 phali
2196 1778 2433 1847 quadam
2466 1778 2533 1833 de
2563 1795 2729 1835 causa
2759 1780 3087 1836 dicebantur
3118 1800 3132 1837 :
3170 1793 3436 1852 erantque
3463 1802 3598 1855 gen-

330 1862 459 1916 τότε
485 1859 662 1930 χρόνῳ
685 1858 937 1928 Τοῦρκοι,
966 1857 1101 1910 ἀλλά
1130 1857 1637 1927 Σαϐαρτοῖάσφαλοι
1665 1856 1729 1909 ἔκ
1771 1875 1915 1920 τινος

332 1952 516 2013 αἰτίας
564 1949 982 2019 ἐπονομάζοντο.
1037 1948 1148 2001 Καὶ
1200 1949 1381 2017 οἱμὲν
1438 1948 1675 2019 Ὶόὖρκοι
1723 1951 1912 2017 γενεαὶ

333 2046 575 2114 ὑπῆρχον
602 2043 761 2105 ἐπτά,
804 2043 1043 2112 ἄρχοντα
1073 2042 1128 2093 δὲ
1166 2044 1243 2104 εἰς
1281 2043 1477 2105 αὐτοὺς
1509 2043 1620 2096 εἴτε
1654 2043 1782 2097 ἴδιον
1808 2043 1915 2098 εἴτε

343 2135 611 2205 ἀλλότριον
668 2133 801 2186 ποτὲ
853 2134 954 2186 οὐκ
1005 2134 1326 2202 ἐκτήσαντο,
1384 2133 1497 2184 ἀλλ’
1550 2133 1799 2203 ὑπῆρχον
1859 2134 1917 2186 ἑν

340 2229 511 2288 αὐτοῖς
579 2224 817 2295 βοέϐοδοί
864 2242 1029 2286 τινες,
1077 2218 1150 2277 ὧν
1223 2223 1438 2295 πρῶτος
1490 2224 1733 2293 βοέϐοδος
1777 2222 1845 2296 ἦν
1885 2225 1913 2278 ὀ

336 2317 667 2389 προῤῥηθεὶς
697 2315 977 2378 Λεϐεδίας.
997 2315 1324 2385 Συνῴκησαν
1347 2316 1402 2369 δὲ
1431 2317 1567 2385 μετὰ
1597 2317 1705 2370 τῶν
1728 2317 1917 2380 Χαζά-

335 2429 439 2481 ρων
473 2410 757 2470 ἐνιαυτοὺς
799 2410 969 2479 τρεῖς,
1009 2407 1430 2477 συμμαχοῦντες
1482 2410 1593 2472 τοῖς
1640 2410 1917 2481 Χαζάροις

333 2505 391 2556 ἐν
430 2504 565 2554 πᾶσι
594 2503 708 2563 τοῖς
735 2500 917 2553 αὐτῶν
945 2500 1226 2566 πολέμοις.
1271 2498 1331 2550 '0
1360 2498 1415 2551 δὲ
1442 2500 1692 2568 Χαγάνος
1736 2501 1918 2570 ἄρχων

334 2592 617 2665 Χαζαρίας
644 2591 736 2647 διὰ
767 2591 867 2662 τὴν
910 2591 1090 2646 αὐτῶν
1142 2591 1395 2663 ἀνδρείαν
1443 2593 1537 2645 καὶ
1580 2594 1915 2661 συμμαχίαν,

331 2685 409 2753 τῷ
438 2685 642 2755 πρώτῳ
689 2682 922 2754 βοεϐόδῳ
956 2682 1067 2735 τῶν
1094 2682 1354 2752 Τούρκων
1380 2681 1610 2753 Λεδεδίᾳ
1650 2685 1919 2754 ἐπονομα-

336 2775 550 2845 ζομένῳ
587 2776 824 2843 γυναῖκα
858 2773 1058 2826 δέδωκε
1113 2774 1249 2843 πρὸς
1292 2774 1468 2843 γάμον
1510 2773 1772 2844 Χαξάραν
1826 2776 1919 2828 εὖ..

336 2867 491 2937 γενῆ,
523 2867 614 2921 διὰ
659 2864 722 2919 τὸ
752 2864 852 2935 τῆς
881 2865 1133 2935 ἀνδρείας
1168 2865 1332 2918 αὑτοῦ
1370 2864 1705 2935 περίφημον,
1738 2866 1828 2918 καὶ
1860 2866 1919 2918 τὸ

334 2960 431 3014 τοῦ
470 2959 665 3027 γένους
692 2956 1018 3026 περιφανὲς,
1047 2957 1196 3019 ὅπως
1224 2955 1283 3022 ἐξ
1302 2956 1467 3009 αὐτοῦ
1496 2957 1747 3027 τεκνώση
1771 2974 1784 2986 ·
1814 2960 1841 3010 ὁ
1862 2957 1919 3010 δὲ

338 3049 596 3113 Λεόεδίας
641 3050 849 3111 ἐκεῖνος
898 3047 963 3101 ἐκ
1007 3064 1151 3111 τινος
1204 3048 1372 3116 τύχης
1422 3048 1561 3117 μετά
1598 3049 1698 3117 τῆς
1749 3048 1919 3112 αὐτῆς

338 3140 592 3211 Χαζάρου
643 3141 745 3194 οὐκ
788 3140 1228 3210 ἐπαιδοποίησεν.
1271 3140 1335 3192 Οἱ
1387 3140 1443 3193 δὲ
1504 3141 1917 3203 Πατζινακῖται,
1946 3136 1989 3192 C

334 3235 385 3285 οἱ
414 3233 676 3303 πρότερον
703 3232 938 3303 Κάγκαρ
982 3231 1468 3301 ἐπονομαζόμενος·
1508 3232 1689 3301 (τοῦτο
1722 3234 1831 3301 γὰρ
1860 3236 1919 3285 τὸ

339 3325 575 3394 Κάγκαρ
606 3323 779 3393 ὄνομα
835 3322 922 3377 ἐπ’
976 3323 1226 3392 εὐγενείᾳ
1282 3324 1375 3375 καὶ
1426 3324 1647 3394 ἀνδρείᾳ
1704 3324 1920 3390 ἐλέγετο

339 3418 469 3487 παρ’
524 3415 708 3478 αὐτοῖς
752 3413 889 3489 [96])
918 3432 929 3445 ·
976 3414 1112 3484 πρὸς
1142 3415 1425 3484 Χαζάρους
1456 3410 1547 3467 οὖν
1596 3410 1739 3469 οὗτοι
1770 3417 1923 3484 κινή-

344 3524 535 3569 σαντες
564 3506 825 3575 πόλεμον,
878 3505 975 3560 καὶ
1032 3505 1379 3576 ἡττηθέντες,
1429 3507 1530 3575 τὴν
1575 3507 1780 3559 οἰκείαν
1816 3508 1921 3574 γῆν

341 3598 690 3666 καταλείψω,
718 3598 812 3652 καὶ
839 3598 938 3669 τὴν
966 3598 1226 3668 Τούρκων
1274 3599 1598 3668 κατοικῆσαι
1646 3616 1922 3669 κατηναγ-

340 3693 644 3762 κάσθησαν.
686 3691 1020 3761 Ἀναμεταξὺ
1053 3691 1108 3743 δὲ
1132 3691 1241 3743 τῶν
1273 3691 1529 3767 Τούρκων
1562 3692 1923 3760 συναφθέντος

342 3784 579 3853 πολέμου
620 3783 729 3853 (97)
761 3783 855 3836 καὶ
886 3782 995 3835 τῶν
1018 3781 1451 3846 Πατζινακιτῶν,
1492 3784 1598 3835 τῶν
1622 3766 1924 3852 τηνικαῦτα

342 3875 580 3944 Κάγκαρ
612 3874 1121 3944 ἐπονομαζομένων,
1169 3874 1231 3925 τὸ
1265 3874 1372 3926 τῶν
1416 3874 1674 3943 Τούρκων
1719 3873 1923 3941 φοσσά-

339 3982 433 4019 τον
492 3965 725 4035 ἡττήθη,
782 3966 874 4017 καὶ
922 3968 1002 4027 εἰς
1044 3964 1139 4017 δύο
1195 3964 1417 4037 διῃρέθη
1476 3967 1659 4034 μέρη·
1722 3966 1813 4017 καὶ
1865 3965 1924 4017 τὸ

346 4059 445 4129 μὲν
478 4056 536 4110 ἓν
580 4058 743 4127 μέρος
778 4056 913 4124 πρὸς
948 4055 1212 4125 ἀνατολὴν
1260 4057 1340 4118 είς
1389 4056 1451 4108 τὸ
1505 4058 1606 4124 τῆς
1666 4056 1926 4125 Περσίδος

345 4152 511 4221 μέρος
545 4146 890 4217 κατῴκησεν,
925 4146 974 4198 οἳ
1008 4147 1102 4198 καὶ
1160 4146 1323 4217 μέχρι
1358 4145 1453 4199 τοῦ
1498 4146 1593 4199 νῦν
1641 4148 1783 4201 κατὰ
1828 4149 1926 4220 τὴν

337 4242 450 4295 τῶν
508 4238 769 4308 Τούρκων
810 4239 1043 4309 ἀρχαίαν
1080 4237 1396 4307 ἐπωνυμίαν
1463 4238 1754 4293 καλοῦνται
1813 4242 1923 4293 Σα-

338 4327 772 4399 6αρτοϊάσφαλοι
802 4344 815 4356 ·
860 4328 919 4379 τὸ
957 4327 1014 4379 δὲ
1049 4326 1237 4397 ἕτερον
1276 4327 1439 4395 μέρος
1473 4330 1552 4390 είς
1598 4330 1659 4382 τὸ
1711 4331 1927 4385 δυτικὸν

339 4420 635 4489 κατῴκησε
669 4420 857 4489 μέρος,
909 4420 1026 4487 ἅμα
1080 4420 1171 4472 καὶ
1216 4420 1295 4490 τῷ
1349 4419 1580 4490 βοεϐόδῳ
1622 4423 1801 4475 αὐτῶν
1834 4426 1927 4477 καὶ

340 4512 575 4582 ἀρχηγῷ
623 4510 875 4581 Λεϐεδίᾳ,
929 4513 1010 4573 εἰς
1038 4513 1235 4572 τόπους
1258 4512 1383 4571 τοὺς
1418 4514 1927 4583 ἐπονομαζομένους

357 4600 738 4666 Ἀτελκούζου,
784 4603 843 4654 ἐν
884 4596 963 4663 οἷς
997 4602 1181 4664 τόποις
1210 4602 1270 4655 τὸ
1314 4602 1409 4654 νῦν
1456 4604 1563 4655 τῶν
1601 4603 1929 4667 Πατζινακι-

340 4694 458 4748 τῶν
489 4693 639 4756 ἔθνος
664 4694 933 4746 κατοικεῖ.
971 4693 1181 4761 Ὀλίγον
1209 4693 1263 4745 δέ
1288 4695 1480 4763 χρόνον
1516 4694 1925 4763 διαδραμόντος,

340 4787 376 4839 ὁ
426 4788 679 4853 Χαγάνος
715 4786 923 4847 ἐκεῖνος
973 4785 1158 4855 ἄρχων
1209 4786 1491 4856 Χαζαρίας
1530 4788 1641 4848 τοῖς
1667 4786 1931 4856 Τούρκοις

343 4879 591 4949 ἐμήνυσε
628 4878 723 4930 τοῦ
753 4876 891 4946 πρὸς
921 4876 1084 4929 αὑτὸν
1117 4877 1493 4945 ἀποσταλῆναι
1532 4877 1785 4947 χελάνδια
1823 4879 1934 4946 (98)

2018 1877 2102 1923 tes
2145 1885 2332 1923 eorum
2389 1880 2620 1940 septem,
2689 1882 2743 1926 et
2792 1874 3094 1943 principem
3146 1876 3228 1930 vel
3278 1876 3637 1946 iudigcnam'

2019 1960 2104 2015 vel
2158 1961 2521 2032 alienigenam
2575 1964 2887 2020 habuerunt
2926 1982 3248 2035 nunquam;
3297 1969 3391 2024 sed
3441 1976 3602 2023 erant

2020 2053 2160 2108 inter
2194 2055 2341 2123 ipsos
2366 2055 2595 2110 boebodi
2622 2056 2870 2124 quidam,
2903 2073 3137 2125 quorum
3162 2062 3371 2126 primus
3406 2061 3475 2120 is.
3503 2076 3599 2113 eu-

2016 2144 2107 2213 jus
2143 2160 2311 2214 supra
2356 2146 2690 2201 mentionem
2742 2146 2995 2213 fecimus,
3041 2150 3326 2205 Lebedias.
3371 2150 3603 2206 Habita-

2021 2245 2147 2291 runt
2196 2244 2376 2292 autem
2423 2252 2549 2292 eum
2623 2237 2891 2296 Chazaris
2931 2256 3107 2297 annos
3162 2250 3296 2303 tres,
3342 2240 3603 2296 omnibus

2019 2343 2208 2384 eorum
2241 2328 2296 2383 in
2327 2329 2485 2385 bellis
2517 2329 2799 2397 adjutores
2838 2349 2851 2384 :
2890 2331 3296 2403 Chaganusque
3322 2332 3604 2388 Cliazaria:

2021 2423 2272 2492 princeps
2310 2424 2486 2493 primo
2521 2423 2827 2481 Turcarum
2875 2427 3127 2482 boebodo
3176 2426 3451 2490 Lebediae,
3494 2427 3601 2480 ποι-κ

2020 2515 2272 2569 titudinis
2298 2530 2489 2570 eorum
2532 2531 2597 2573 ae
2630 2517 2934 2573 commilitii
2973 2534 3162 2583 causa,
3202 2533 3427 2573 uxorem
3454 2516 3605 2571 dedit

2018 2604 2319 2660 Chazaram
2368 2604 2629 2671 nobilem,
2670 2614 2850 2663 motus
2894 2606 3235 2662 fortitudinis
3268 2608 3389 2676 ejus
3436 2607 3602 2667 fama.

2018 2705 2071 2752 et
2113 2695 2331 2766 generis
2370 2696 2684 2766 splendore,
2726 2707 2786 2753 ut
2819 2712 2883 2752 ex
2914 2713 2980 2754 co
3020 2700 3225 2767 prolem
3256 2699 3469 2754 tolleret
3500 2714 3514 2750 :
3550 2707 3605 2753 et

2024 2797 2203 2843 tamen
2240 2802 2371 2842 casu
2422 2787 2630 2842 factum
2662 2798 2767 2853 cst,
2809 2797 2867 2842 ut
2901 2805 2966 2844 ex
2995 2790 3241 2845 Cliazara
3277 2791 3365 2843 illa
3402 2790 3606 2845 liberos

2020 2891 2131 2930 non
2183 2876 2492 2946 susciperet
2559 2877 2854 2934 Lebedias.
2904 2879 3254 2936 Patzinacitaz
3302 2896 3452 2943 vero,
3510 2881 3605 2950 qui

2020 2964 2231 3020 Cancar
2282 2967 2411 3020 olim
2467 2969 2998 3037 cognominabantur
3047 2973 3197 3037 (nam
3250 2970 3355 3024 hoc
3408 2986 3607 3027 nomen

2023 3057 2236 3111 Cancar
2267 3058 2411 3129 apud
2452 3058 2602 3128 ipsos
2634 3060 2975 3115 nobilitatem
3019 3076 3082 3114 ac
3115 3060 3492 3115 fortitudinem
3527 3061 3609 3114 si-

2024 3147 2268 3218 gniﬁcat)
2294 3150 2464 3203 armis
2495 3157 2685 3203 contra
2715 3149 2994 3205 Cliazaros
3042 3153 3277 3220 sumptis
3308 3152 3462 3217 victi,
3501 3161 3609 3206 ter-

2023 3255 2137 3293 ram
2171 3256 2323 3294 suam
2360 3241 2704 3307 dcserere,et
2726 3242 3028 3296 Turcarum
3057 3246 3329 3313 regionem
3370 3245 3609 3299 incolere

2022 3332 2198 3385 coacti
2226 3331 2398 3385 fuere.
2438 3334 2588 3387 Bello
2618 3345 2797 3387 autem
2834 3334 2975 3386 inter
3008 3333 3217 3389 Turcas
3248 3343 3302 3387 ct
3346 3335 3605 3387 Patzina-

2022 3426 2161 3480 citas
2200 3433 2331 3479 tunc
2373 3426 2637 3496 temporis
2680 3426 2895 3481 Cancar
2929 3427 3368 3493 cognominatos,
3394 3437 3606 3489 exorto,

2024 3516 2327 3571 Turcarum
2363 3518 2639 3572 exercitus
2680 3518 2929 3573 devictus
2973 3517 3094 3579 fuit,
3130 3527 3292 3586 atque
3331 3519 3383 3571 in
3420 3528 3607 3587 partes

2026 3613 2163 3667 duas
2219 3613 2476 3681 divisus;
2539 3623 2591 3669 et
2641 3630 2831 3669 earum
2886 3628 2993 3668 una
3062 3614 3282 3683 quidem
3342 3614 3609 3669 orientem

2024 3720 2216 3758 versus
2247 3716 2455 3774 partem
2494 3706 2735 3763 Persidis
2772 3707 3032 3774 incoluit;
3066 3716 3120 3761 et
3151 3707 3202 3761 lii
3224 3708 3386 3762 etiam
3418 3698 3469 3762 in
3513 3707 3611 3761 bo-

2025 3793 2274 3846 diernum
2317 3794 2459 3847 diem
2489 3796 2556 3849 de
2584 3797 2749 3849 veteri
2793 3796 3097 3851 Turcarum
3134 3799 3461 3864 cognomine
3512 3796 3611 3850 Sa-

2026 3881 2419 3950 bartmaspliali
2471 3892 2862 3950 nuncupantur
2904 3904 2918 3939 :
2954 3887 3123 3941 altera
3160 3902 3290 3940 vero
3353 3900 3481 3953 pars
3519 3901 3613 3939 occ

2028 3971 2292 4026 cidentcm
2320 3986 2510 4025 versus
2551 3971 2711 4025 sedes
2745 3974 2927 4040 posuit
2952 3988 3077 4027 cum
3116 3974 3365 4028 boebodo
3421 3989 3522 4027 suo
3549 3988 3613 4027 ac

2028 4060 2167 4113 duce
2217 4058 2450 4113 Lebedia
2497 4060 2551 4111 iu
2592 4059 2727 4113 locis
2771 4061 3028 4115 Atelcusu
3081 4062 3433 4130 nuncupatis,
3490 4077 3614 4130 quae

2034 4166 2181 4205 nunc
2209 4148 2671 4204 Patzinacitarum
2706 4166 2839 4219 gens
2876 4151 3083 4206 incolit.
3125 4151 3294 4205 Paulo
3330 4167 3458 4205 vero
3490 4158 3615 4221 post

2029 4244 2321 4311 Cliaganus
2371 4240 2464 4295 ille
2493 4239 2775 4295 Chazaria-
2808 4241 3065 4312 princeps
3094 4257 3190 4311 per
3219 4242 3426 4311 legatos
3457 4239 3616 4309 petiit

2030 4348 2060 4386 a
2113 4329 2312 4383 Turcis
2374 4337 2433 4381 ut
2483 4328 2549 4382 ad
2598 4344 2658 4383 se
2705 4327 3059 4382 Chelandiam
3105 4331 3325 4382 mittant
3372 4328 3610 4395 primum

2032 4436 2223 4477 eorum
2270 4419 2575 4475 boebodttm
2607 4437 2619 4471 :
2657 4418 2842 4488 itaque
2878 4420 2944 4473 ad
2983 4419 3301 4490 Chagauum
3333 4419 3615 4473 Chazarite

2037 4512 2327 4585 profectus
2378 4510 2649 4566 chedias
2693 4512 3073 4582 interrogavit,
3120 4527 3243 4580 qua:
3294 4511 3469 4582 ipsius
3517 4528 3615 4565 vo-

2036 4604 2197 4659 candi
2239 4618 2406 4657 causa
2445 4603 2625 4657 esset?
2664 4605 2751 4656 cui
2820 4602 3144 4672 Cbaganus,
3189 4603 3317 4657 Ideo
3366 4619 3425 4658 se
3474 4619 3600 4657 cum

2037 4708 2282 4757 vocasse,
2313 4699 2391 4752 ut,
2426 4690 2869 4760 quandoquidem
2914 4693 3135 4757 nobilis,
3174 4693 3436 4763 prudens,
3474 4703 3619 4748 stre-

2039 4800 2207 4844 nuus.
2239 4782 2559 4851 primusque
2584 4780 2894 4835 Turcarum
2927 4790 3095 4847 esset,
3117 4785 3297 4849 gentis
3318 4800 3432 4839 sua:
3461 4785 3621 4853 108

2033 4876 2339 4946 principem
2403 4872 2643 4935 faceret,
2697 4887 2761 4926 eo
2808 4884 2987 4941 pacto,
3036 4887 3095 4929 ut
3156 4875 3263 4930 sibi
3308 4877 3559 4931 subesset
3603 4891 3618 4929 :

1523 4970 1616 5025 AN
1624 4972 1825 5027 SELMI
1860 4971 2137 5028 BANDUII
2150 4971 2193 5025 II
2226 4968 2457 5024 NOTAE.

426 5063 541 5132 (93)
581 5064 673 5119 Sic
696 5064 751 5117 in
785 5079 887 5118 ms.
920 5062 1220 5132 Perperam
1258 5077 1385 5117 vero
1415 5062 1470 5115 in
1503 5062 1669 5133 editis
1704 5064 1923 5133 legitur,

345 5135 447 5188 τοῦ
503 5134 833 5203 Διαυδιηρτὶ’
889 5135 1089 5202 quippe
1153 5134 1315 5203 hujus
1400 5132 1657 5187 thematis
1721 5132 1929 5189 mentio

347 5205 669 5273 ot‘curritet
692 5217 880 5273 supra.

428 5273 540 5354 (94)
575 5271 949 5354 fhmpdsitpm
973 5288 1039 5354 ex
1069 5271 1270 5352 Τζούρ,
1303 5272 1839 5354 tliematis__nominc,
1873 5281 1927 5328 et

348 5340 730 5415 principis,ut:
752 5343 913 5415 paulo
931 5350 1055 5396 aute
1078 5340 1409 5395 monuimus.
1436 5340 1490 5393 In
1520 5342 1683 5396 editis
1704 5343 1923 5415 legitur,

348 5412 827 5483 Κρουαρτζιτζοῦ.

425 5483 543 5551 (95)
558 5480 569 5551 ί
586 5481 775 5536 Latine
808 5482 1063 5546 Vaivoda,
1095 5480 1333 5550 dignitas
1359 5482 1500 5551 apud
1536 5480 1749 5538 Slavos.
1790 5480 1926 5536 νοε-

345 5550 701 5621 codagildem
723 5553 870 5616 quod
901 5554 1043 5621 apud
1068 5551 1316 5618 Latinos,
1354 5550 1699 5620 Cdpilaneus,
1733 5551 1925 5605 Tribu-

346 5639 480 5679 nus.
519 5620 637 5672 Dux
665 5624 911 5675 militum.

426 5691 542 5760 (96)
582 5692 674 5745 Sic
726 5707 792 5746 ex
841 5708 941 5747 ms.
978 5691 1187 5748 codice.
1241 5693 1313 5747 De
1364 5693 1552 5748 eadem
1589 5708 1647 5747 re
1683 5694 1925 5764 loquitur

351 5765 598 5833 scriptor
628 5770 818 5817 noster
845 5771 897 5818 ct
924 5764 1100 5834 capite
1134 5764 1481 5833 praecedenti.

2106 5062 2218 5135 (97)
2259 5061 2350 5115 Sic
2397 5074 2463 5114 ex
2501 5074 2603 5114 ms.
2640 5058 2697 5112 In
2730 5059 2891 5113 editis
2919 5059 3073 5116 locus
3116 5061 3206 5116 hic
3236 5070 3527 5132 corruptus
3558 5078 3622 5118 ac

2038 5134 2291 5187 mutilus.

2104 5204 2213 5274 (98)
2256 5199 2559 5274 Chelandia
2599 5199 2729 5253 urbs
2784 5200 2871 5255 hic
2932 5210 3017 5255 est
3090 5200 3615 5274 circa_Bosporum,

2032 5270 2140 5328 non
2174 5270 2301 5326 vero
2361 5270 2561 5338 navigii
2606 5285 2817 5339 genus,
2847 5282 2904 5323 ut
2954 5274 3166 5339 putavit
3212 5270 3510 5331 Meursius.
3561 5284 3617 5325 et

2026 5345 2150 5399 ideo
2185 5344 2328 5396 hunc
2376 5342 2553 5395 locum
2608 5344 2688 5393 sic
2732 5340 3075 5408 interpretati
3128 5356 3323 5397 sumus
3378 5360 3391 5394 :
3443 5339 3617 5396 Paulo

2028 5431 2146 5468 vero
2180 5422 2298 5479 post
2330 5412 2616 5482 Cltqgnnus
2653 5410 2747 5463 ille
2766 5408 3327 5482 Citazarireprrinceps
3354 5427 3447 5479 per
3476 5413 3621 5482 lega-

2026 5494 2107 5537 tos
2148 5484 2293 5551 petiit
2324 5499 2356 5534 a
2402 5481 2723 5551 Turcisput
2770 5479 2839 5531 ad
2874 5497 2957 5551 _§e
3001 5479 3349 5536 Chelandiom
3400 5479 3619 5538 mittent

2024 5548 2256 5621 primum
2312 5568 2490 5623 eorum
2526 5548 3141 5623 boebodumLMeursius
3172 5568 3296 5608 vero
3326 5569 3612 5623 perperam

2030 5618 2206 5679 locum
2251 5623 2397 5674 hunc
2435 5622 2515 5674 sic
2544 5621 2706 5673 vertit
2755 5636 2767 5671 :
2802 5618 2999 5689 Paulo
3031 5637 3149 5673 vero
3176 5633 3292 5689 post
3328 5618 3613 5679 Chdzarim

2027 5696 2267 5765 princeps
2314 5690 2597 5765 Cliagnnus
2648 5704 2746 5765 per
2790 5688 2988 5765 legatos
3036 5688 3183 5765 mitti
3218 5695 3317 5749 δίὺὶ
3359 5713 3390 5749 a
3443 5697 3613 5765 primo

2026 5764 2319 5817 Turcarum
2374 5761 2601 5813 buebodo
2634 5760 2913 5813 rltclmtdin
2947 5763 3118 5829 petiit.
