4050 6216
423 304 530 369 319

1443 298 1952 360 CONSTANTINI
1974 298 2124 358 POR
2134 297 2659 359 PHYROGENITI

3581 288 3690 365 320

424 433 479 475 at
513 420 602 475 ille
636 418 921 490 respondit
956 431 971 471 :
1013 415 1279 470 All‘ectum
1316 421 1474 493 tuum
1518 429 1647 484 erga
1692 429 1798 480 me,
1824 422 1877 468 et
1907 428 1998 466 vo-

2105 415 2190 468 τδν
2247 415 2461 486 πρῶτον
2512 411 2693 466 αὐτῶν
2742 410 3005 482 βοέϐοδον.
3068 409 3131 463 '0
3189 408 3447 475 Λεϐεδίας
3507 411 3691 468 τοίνυν

422 511 689 565 luntatem
782 506 1112 569 exosculor,
1175 505 1494 575 gratiasque
1558 504 1753 575 dignas
1837 504 1996 570 dico;

425 603 648 673 quando
687 613 819 655 vero
862 597 955 652 tali
997 596 1336 667 principatui
1378 611 1487 651 non
1540 594 1770 659 sullicio,
1805 609 2001 665 parere

425 709 532 748 non
582 705 810 762 possum
847 707 860 744 :
893 689 990 745 sed
1032 696 1118 744 est
1160 688 1300 742 alter
1341 704 1369 741 a
1407 701 1493 741 me
1531 685 1841 773 Boebod\us,
1883 685 2004 740 Sal-

424 789 635 835 mutzes
664 779 907 844 nomine,
947 778 1042 849 qui
1072 784 1126 833 et
1165 776 1335 831 ﬁlium
1377 776 1539 831 habet
1567 772 1821 845 Arpaden
1853 791 1999 830 nuu-

425 883 680 942 eupatum
727 888 741 924 :
777 871 972 926 horum
1016 869 1130 925 sive
1168 869 1289 939 ipse
1333 866 1664 933 Salmutzes,
1710 867 1825 922 sive
1861 866 2004 923 lilius

422 961 544 1029 ejus
601 961 848 1030 Arpades
897 960 1156 1031 princeps
1215 958 1328 1026 liat,
1394 959 1604 1029 tibique
1651 958 1999 1027 subjiciatur.

422 1050 856 1121 Placuit'itaque
904 1051 1023 1106 haec
1054 1050 1230 1105 oratio
1266 1049 1546 1120 Cbagano,
1579 1050 1838 1120 virosque
1877 1065 2002 1105 cum

423 1139 545 1209 ipso
585 1142 651 1194 ad
702 1139 910 1197 Turcas
959 1141 1127 1204 misit,
1153 1140 1247 1211 qui
1293 1142 1385 1196 ubi
1427 1157 1552 1195 eum
1596 1141 1664 1197 iis
1697 1156 2003 1196 sermonem

427 1231 954 1295 communicassent,
988 1230 1164 1284 visum
1214 1231 1400 1300 potius
1441 1229 1548 1287 illis
1590 1229 1695 1285 fuit
1728 1229 2002 1300 Arpadem

426 1319 729 1389 principem
784 1322 1147 1384 constituere,
1198 1335 1361 1391 quam
1407 1332 1614 1392 patrem
1669 1319 2002 1387 Salmutzen,

426 1416 614 1477 utpote
659 1409 985 1478 digniorem,
1019 1420 1072 1465 et
1105 1411 1415 1480 prudentia,
1459 1411 1711 1478 consilio,
1751 1425 1815 1466 ae
1850 1411 2029 1466 forti-k

425 1498 613 1554 tudine
656 1500 947 1570 insignem,
972 1502 1179 1569 talique
1211 1503 1542 1572 principatui
1576 1518 1760 1573 parem
1795 1518 1810 1555 :
1841 1518 2003 1572 quem
2037 1569 2040 1572 ,

424 1590 588 1643 etiam
616 1590 1255 1657 solemniCltazarorum
1287 1595 1453 1648 'more
1490 1608 1553 1648 ae
1601 1594 2005 1651 consuetudine

426 1682 480 1732 in
515 1689 673 1734 scuto
706 1691 946 1736 erectum
975 1683 1278 1753 principem
1316 1684 1585 1739 fecerunt.
1615 1684 1681 1740 Et
1710 1696 1836 1742 ante
1859 1687 2003 1742 hunc

2105 506 2242 577 πρὸς
2285 505 2375 559 τὸν
2422 506 2673 572 Χαγάνον
2726 502 3007 573 Χαζαρίας
3042 500 3378 572 ἀφικόμενος
3425 502 3688 572 ἀνηρώτα

2103 597 2202 668 τὴν
2251 596 2433 652 αἰτίαν
2473 597 2542 649 δι’
2580 596 2647 667 ἣν
2675 595 2847 648 ἐλθεῖν
2877 593 3016 664 πρὸς
3046 592 3210 646 αὐτὸν
3243 594 3636 665 μετεπέμψατο
3669 614 3682 628 ·

2103 689 2133 741 6
2173 687 2229 740 δέ
2277 686 2529 754 Χαγάνος
2580 682 2701 739 εἷπε
2737 685 2874 755 πρὸς
2916 683 3099 750 αὐτὸν,
3160 684 3243 738 ὅτι
3277 683 3376 737 Διά
3425 683 3585 739 τοῦτό
3629 702 3690 739 σε

2107 775 2652 846 προσεκαλεσάμεθα,
2687 774 2773 827 ἵνα
2805 773 2992 845 ἐπειδὴ
3024 773 3252 845 εὐγενὴς
3286 774 3383 828 καὶ
3422 775 3687 847 φρόνιμος

2105 867 2201 920 καὶ
2230 864 2626 936 ήνδρειωμένος
2685 864 2796 935 (99)
2845 865 3135 935 ὑπάρχεις,
3165 864 3261 919 καὶ⁸
3317 865 3533 934 πρῶτος
3579 867 3690 919 τῶν

2105 956 2386 1029 Τούργων,
2416 955 2656 1027 ἄρχοντά
2683 974 2742 1009 σε
2769 956 2862 1009 τοῦ
2897 956 3084 1021 ἔθνους
3122 973 3215 1009 σου
3257 957 3684 1027 προϐαλώμεθα,

2106 1048 2200 1102 καὶ
2242 1048 2330 1102 ἴνα
2372 1047 2605 1119 ὑπείκῃς
2626 1048 2703 1118 τῷ
2733 1046 2874 1118 λόγῳ
2909 1047 3006 1101 καλ⁸
3066 1049 3133 1119 τῇ
3177 1047 3469 1119 προστάξει
3508 1050 3690 1118 ἡμῶν.

2105 1141 2134 1194 6
2159 1140 2216 1193 δέ
2245 1139 2564 1210 ἀποκριθεὶς
2604 1140 2740 1210 πρὸς
2797 1140 2887 1193 τὸν
2936 1139 3190 1207 Χαγάνον
3242 1140 3567 1210 ἁντέφησεν,
3604 1142 3687 1194 ὅτι

2107 1229 2218 1301 Τὴν
2268 1232 2393 1301 περὶ
2411 1230 2508 1303 ἐμέ
2539 1247 2632 1285 σου
2657 1231 2838 1302 σχέσιν
2866 1248 2925 1285 τε
2956 1231 3047 1284 καὶ
3083 1231 3402 1305 προαίρεσιν
3437 1232 3686 1300 μεγάλως

2106 1321 2539 1391 ἐναποδὲχομαι,
2598 1322 2693 1374 καὶ
2751 1321 2849 1393 τήν
2904 1320 3253 1392 εὐχαριστίαν
3297 1321 3542 1391 ὁμολογῶ
3602 1339 3684 1375 σοι

2106 1412 2488 1482 προσήκουσαν
2518 1428 2532 1442 ‘
2573 1411 2694 1464 ἐπεὶ
2718 1411 2775 1464 δὲ
2816 1412 3090 1475 ἀδυνάτως
3128 1410 3237 1482 ἔχω
3274 1413 3409 1481 πρὸς
3444 1414 3543 1482 τὴν
3570 1430 3681 1465 τοι-

2107 1497 2280 1570 αύτην
2313 1499 2510 1570 ἀρχὴν,
2546 1499 2857 1553 ὑπακοῦσαι
2903 1500 2964 1553 οὺ
3002 1500 3256 1570 δύναμαι,
3308 1501 3443 1554 ἀλλά
3478 1500 3680 1570 μᾶλλον

2108 1587 2252 1642 ἐστιν
2280 1589 2469 1661 ἕτερος
2499 1590 2593 1644 ἀπ’
2644 1589 2780 1660 ἐμοῦ
2829 1590 3089 1661 βοέϐοδος,
3117 1590 3400 1661 λεγόμενος
3432 1591 3535 1643 Σαλ
3546 1591 3680 1660 μού-

2106 1681 2239 1751 τζης
2269 1679 2369 1752 (ι),
2405 1682 2501 1735 καὶ
2532 1681 2648 1736 υἱὸν
2687 1682 3026 1751 κεκτημένος
3076 1682 3302 1753 ὀνόματι
3361 1683 3635 1752 ’Δρπαδήν
3662 1698 3674 1712 ο

424 1767 693 1834 Arpadem
726 1766 919 1822 Turca:
952 1770 1253 1839 principem
1301 1770 1467 1825 alium
1510 1773 1721 1826 nullum
1762 1788 2000 1842 unquam

2106 1775 2172 1827 ix
2201 1773 2407 1827 τούτων
2450 1774 2652 1844 μᾶλλον
2699 1773 2809 1828 εἴτε
2857 1777 3061 1837 ἐκεῖνος
3099 1751 3471 1845 Σαλμούτζης,
3508 1751 3616 1827 εῐτε
3655 1777 3682 1827 6

426 1855 774 1922 habuerunt;
806 1873 872 1913 ex
908 1858 1069 1928 cujus
1107 1860 1270 1914 etiam
1294 1861 1529 1929 posteris
1560 1861 1631 1916 ad
1654 1862 1799 1916 hunc
1828 1877 2003 1933 usque

428 1948 570 2003 diem
629 1950 882 2020 princeps
934 1950 1149 2006 Turcis:
1195 1952 1568 2015 constituitur,
1618 1952 1746 2007 Post
1794 1954 2003 2024 aliquot

425 2053 558 2095 vero
621 2055 796 2095 annos
841 2040 1051 2097 Turcas
1109 2042 1429 2098 invadentes
1489 2043 1860 2110 l’atzinacitze,
1907 2060 2006 2101 eos

424 2146 548 2185 cum
582 2133 826 2202 principe
858 2132 1077 2203 Arpade
1111 2135 1385 2203 persecuti
1425 2144 1575 2190 sunt.
1599 2132 1792 2190 Turcae
1821 2136 2006 2201 itaque

427 2221 696 2291 proﬂigati
721 2223 1017 2293 fugientes,
1041 2233 1095 2278 et
1137 2235 1334 2280 terram
1373 2225 1439 2280 ad
1471 2225 1629 2281 sedes
1650 2227 2003 2284 collocandas

425 2322 757 2381 quaerentes,
815 2329 1069 2385 magnam
1130 2315 1428 2371 Moraviam
1475 2317 1736 2388 ingressi,
1791 2319 2003 2375 incolas

422 2404 545 2474 ejus
572 2406 924 2476 expulerunt,
968 2408 1153 2479 ibique
1188 2410 1346 2465 sedes
1388 2424 1519 2466 suas
1563 2419 1889 2481 posuerunt,
1924 2418 2005 2467 te-

426 2507 667 2568 nentque
710 2500 876 2553 etiam
920 2501 976 2554 in
1029 2501 1350 2557 hodiernum
1396 2518 1570 2572 usque
1606 2504 1749 2558 diem
1794 2521 1808 2557 :
1844 2513 1898 2559 et
1935 2520 2002 2559 ex

423 2604 491 2644 eo
538 2600 783 2659 tempore
835 2590 1037 2647 bellum
1089 2607 1213 2646 cum
1258 2590 1615 2648 Patzioacitis
1650 2594 1848 2649 'l‘ureze
1888 2610 1998 2649 non

425 2680 755 2736 habuerunt.
809 2681 888 2735 Ad
929 2681 1138 2738 Tureas
1188 2697 1318 2736 vero
1383 2682 1645 2737 orientem
1693 2701 1884 2740 versus
1945 2687 1997 2740 in

424 2770 669 2827 Persidis
715 2774 964 2840 partibus
1004 2774 1334 2842 habitantes,
1379 2790 1613 2844 quorum
1654 2792 1822 2846 supra
1848 2793 2004 2833 men-

428 2865 630 2919 tionem
668 2866 924 2929 l‘ecimus,
959 2868 1328 2939 negotiatores
1364 2884 1494 2926 suos
1534 2871 1763 2925 mittunt
1804 2871 2002 2924 etiam-

426 2971 555 3010 num
592 2956 627 3010 ii
669 2959 761 3027 qui
809 2957 1162 3014 Occidentem
1212 2959 1462 3015 incolunt
1502 2960 1744 3030 prwdicti
1787 2960 1999 3027 Turcm,

426 3049 779 3120 invisuntque
826 3051 968 3117 illos,
1024 3059 1079 3105 ct
1118 3066 1378 3122 responsa
1424 3067 1566 3123 Stepe
1609 3053 1678 3108 ab
1722 3054 1860 3123 ipsis
1905 3068 2001 3123 per

428 3140 528 3194 hos
588 3142 888 3212 accipiunt.
954 3142 1221 3197 Caeterum
1297 3142 1759 3198 Patzinacitarum
1828 3146 2000 3208 locus,

423 3244 585 3298 quem
633 3238 767 3287 tunc
834 3232 1212 3287 inhabitabant
1265 3231 1479 3300 Turca‘,
1536 3250 1566 3288 a
1633 3234 1835 3301 ﬂuviis,
1906 3236 2000 3304 qui

428 3320 540 3373 illic
588 3329 737 3385 sunt,
785 3324 1246 3392 cognominatur;
1304 3322 1528 3378 [lumina
1568 3333 1751 3379 autem
1812 3325 2004 3381 isthzec

425 3421 553 3465 sunt
588 3428 604 3466 :
642 3413 849 3482 primus
882 3414 1079 3470 lluvius
1112 3414 1324 3469 Baruch
1359 3417 2001 3486 appellatur;secundus

425 3501 618 3565 Cubu;
665 3505 857 3558 tertius
908 3503 1170 3570 Trullus;
1219 3515 1447 3574 quartus
1492 3504 1731 3570 Brutus;
1777 3506 2002 3575 quintus

424 3591 661 3659 denique
687 3592 913 3648 Seretus
942 3602 1316 3664 nuncupatur.

2104 1864 2219 1928 υἱὸς
2247 1864 2413 1918 αὐτοῦ
2458 1866 2753 1936 Ἀρπαδής,
2794 1865 2890 1920 ἵνα,
2913 1866 3134 1935 γένηται
3169 1864 3373 1936 ἄρχων,
3407 1865 3504 1919 καὶ
3532 1865 3683 1918 ἔστιν

2098 1953 2215 2007 ὑπὸ
2242 1953 2335 2008 τοῦ
2369 1955 2528 2024 λόγου
2558 1955 2734 2026 ὑμῶν.
2773 1956 2862 2010 Ἑν
2885 1955 3059 2026 τούτῳ
3088 1954 3179 2008 οῦν
3229 1954 3307 2025 τῷ
3359 1954 3504 2025 λόγῳ
3552 1957 3684 2026 ἀρε-

2107 2044 2250 2108 σθεὶς
2280 2047 2309 2098 6
2348 2046 2601 2113 Χαγάνος
2634 2047 2863 2112 ἐκεῖνος,
2893 2044 3122 2099 δέδωκεν
3154 2044 3474 2117 ἀνθρώπους
3514 2045 3682 2099 αὐτοῦ

2107 2135 2228 2206 μετ’
2274 2136 2464 2200 αὑτοῦ,
2514 2137 2609 2190 καὶ
2640 2139 2720 2201 εἰς
2745 2136 2872 2201 τοὺς
2911 2136 3185 2207 Τούρκους
3235 2136 3577 2202 ἀπέστειλεν,
3629 2138 3682 2190 οῖ

2104 2229 2198 2283 καὶ
2228 2229 2661 2299 συλλαλήσαντες
2701 2230 2829 2301 περὶ
2856 2229 3048 2283 τούτου
3086 2228 3224 2300 μετὰ
3256 2228 3363 2282 τῶν
3402 2227 3679 2299 Τούρκων,

2107 2320 2309 2390 μᾶλλον
2336 2320 2385 2373 οί
2408 2320 2638 2392 Τοῦρκοι
2667 2320 2754 2374 τὸν
2803 2319 3040 2391 Ἀρπαδὴ
3066 2318 3323 2389 γενέσθαι
3347 2321 3679 2391 προέκριναν

2104 2411 2362 2483 ἄρχοντα,
2416 2411 2560 2483 ἢπερ
2618 2410 2940 2482 Σαλμούτζη
2984 2409 3061 2483 (2)
3109 2409 3200 2463 τὸν
3233 2407 3400 2462 αὐτοῦ
3448 2407 3678 2475 πατέρα,

2104 2502 2180 2565 ώς
2225 2500 2649 2574 ἀξιολογώτερον
2682 2501 2813 2555 ὄντα
2863 2502 2959 2555 καὶ
3012 2498 3476 2570 περισπούδαστον
3520 2497 3577 2551 ἐν
3621 2514 3680 2550 τε

2106 2596 2363 2665 φρονήσει
2396 2595 2491 2648 καὶ
2548 2586 2710 2665 βουλῇ
2748 2594 2843 2648 καὶ
2892 2591 3136 2663 ἀνδρείᾳ,
3187 2590 3281 2645 καὶ
3322 2588 3502 2644 ἱκανὸν
3547 2589 3680 2659 πρὸς

2104 2682 2204 2753 τὴν
2242 2681 2498 2751 τοιαύτην
2544 2683 2758 2753 ἀρχήν
2796 2680 2856 2734 ὃν
2900 2681 2994 2735 καλ⁵
3031 2682 3267 2752 ἄρχοντα
3303 2679 3444 2733 κατά
3473 2679 3534 2731 τὸ
3573 2677 3682 2730 τῶν

2109 2772 2382 2846 Χαζάρων
2432 2773 2552 2838 ἔθος
2604 2774 2698 2827 καὶ
2733 2773 2967 2838 ζάκανον
3012 2771 3086 2843 (5)
3117 2772 3450 2840 πεποιήκασι
3502 2767 3682 2841 σήκώ-
3782 2846 3795 2852 κ

2106 2883 2299 2929 σαντες
2332 2866 2494 2919 αὑτὸν
2520 2867 2600 2928 είς
2631 2866 2952 2935 σκουτάριον
2997 2863 3094 2934 (4).
3142 2863 3255 2934 Πρὸ
3295 2862 3351 2915 δὲ
3404 2860 3499 2914 τοῦ
3554 2861 3678 2929 ’Δρ-

2105 2957 2248 3028 παδὴ
2276 2955 2467 3010 τούτου
2498 2955 2735 3027 ἄρχοντα
2769 2956 2957 3029 ἕτερον
2999 2954 3048 3008 oi
3100 2952 3335 3023 Τοῦρκοι
3370 2952 3470 3004 οὐκ
3522 2951 3684 3019 ἐκτή-

2107 3064 2271 3101 σαντο
2314 3045 2536 3100 πώποτε
2562 3062 2576 3076 ·
2615 3047 2674 3114 ἐξ
2710 3040 2778 3102 οὗ
2826 3047 2922 3100 καὶ
2975 3045 3159 3117 μέχρι,
3183 3044 3281 3114 τῆς
3332 3043 3569 3114 σήμερον
3614 3041 3681 3092 ἐκ

2108 3140 2211 3210 τῆς
2274 3139 2466 3193 τούτου
2527 3140 2723 3207 γενεᾶς
2775 3139 2959 3210 ἄρχων
3013 3135 3287 3207 Τουρκίας
3332 3133 3676 3189 καθίσταται.

2106 3231 2262 3287 Μετὰ
2288 3231 2346 3285 δέ
2371 3248 2524 3293 τινας
2557 3230 2780 3302 χρόνους
2812 3232 2925 3294 τοῖς
2959 3229 3222 3300 Τούρκοις
3251 3224 3606 3287 ἐπιπεσόντες
3629 3223 3689 3275 οἱ

2107 3324 2498 3387 Πατζινακῖται
2524 3323 2863 3390 κατεδίωξαν
2898 3322 3096 3385 αὐτοὺς
3128 3320 3266 3391 μετὰ
3294 3316 3386 3372 τοῦ
3421 3316 3681 3387 ἄρχοντος

2107 3416 2289 3469 αὐτῶν
2332 3416 2598 3487 Ἀρπαδή.
2635 3417 2698 3468 Οἱ
2721 3411 2817 3470 οῦν
2846 3413 3081 3486 Τοῦρκοι
3102 3412 3407 3485 τραπέντες
3425 3410 3517 3464 καὶ
3544 3407 3682 3478 πρὸς

2108 3507 2428 3579 κατοίκησιν
2467 3510 2571 3578 γῆν
2619 3507 3034 3577 ἐπιζητοῦντες,
3092 3504 3338 3567 ἐλθόντες
3380 3496 3683 3563 ἁπεδῐωξαν

2111 3593 2257 3652 οῦτοι
2286 3599 2415 3663 τοὺς
2438 3600 2538 3670 τήν
2563 3599 2808 3669 μεγάλην
2828 3597 3114 3669 Μοραῦίαν
3145 3592 3554 3654 κατοικοῦντας,
3587 3588 3683 3642 καὶ

426 3688 507 3748 είς
550 3687 649 3756 τὴν
689 3687 794 3756 γῆν
846 3688 1028 3743 αὐτῶν
1073 3691 1517 3761 κατεσκήνωσαν,
1566 3693 1647 3755 είς
1678 3692 1744 3763 ήν
1791 3690 1888 3745 νῦν
1937 3692 1986 3745 ot
2024 3692 2255 3764 Τοῦρκοι
2291 3693 2454 3765 μέχρι
2504 3694 2601 3764 τῆς
2632 3695 2871 3765 σήμερον
2939 3690 3288 3746 κατοικοῦσι·
3329 3686 3421 3739 καὶ
3496 3685 3681 3737 ἔκτοτε

425 3783 663 3853 πῦεμον
688 3786 737 3837 οἱ
767 3784 998 3854 Τοῦρκοι
1028 3785 1165 3856 μετά
1195 3787 1303 3842 τῶν
1341 3787 1752 3851 Πατξινακιτῶν
1820 3787 1896 3859 (5)
1932 3788 2033 3842 οὐκ
2104 3789 2384 3859 ἐποίησαν.
2450 3789 2545 3852 Εἰς
2594 3789 2649 3842 δὲ
2709 3788 2770 3842 τὸ
2823 3786 3253 3857 κατασκηνιῖηαν
3277 3783 3338 3837 τὸ
3371 3779 3682 3851 προρρηθὲν

425 3873 576 3938 ἔθνος
611 3874 719 3928 τῶν
761 3875 1020 3947 Τούρκων
1052 3877 1188 3947 πρὸς
1235 3877 1334 3949 τὴν
1375 3878 1640 3949 ἀνατολὴν
1676 3879 1755 3942 είς
1793 3878 1864 3931 τὰ
1891 3879 1991 3949 τῆς
2032 3880 2290 3951 Περσίδος
2331 3881 2471 3954 μέρη
2497 3891 2509 3899 ”
2534 3881 2699 3952 μέχρι
2760 3879 2852 3933 τοῦ
2910 3879 3005 3933 νῦν
3049 3881 3475 3949 πραγματευτάς
3540 3879 3680 3930 ἀπο-

426 3964 732 4019 στέλλουσιν
762 3958 908 4021 οὗτοι
944 3968 995 4021 οἱ
1024 3968 1160 4041 πρὸς
1223 3968 1284 4022 τὸ
1314 3969 1527 4025 δυτικὸν
1571 3970 1736 4040 μέρος
1761 3969 2038 4034 οἰκοῦντες
2079 3974 2464 4044 προειρημένοι
2513 3970 2769 4042 Τοῦρκοι,
2824 3972 2919 4024 καὶ
2953 3970 3238 4041 βλέπουσιν
3288 3970 3485 4030 αὐτοὺς
3509 4009 3525 4032 ,
3580 3980 3673 4030 καὶ

424 4055 742 4126 ἀποκρίσεις
766 4058 895 4128 παρ’
925 4059 1104 4114 αὐτῶν
1178 4058 1314 4129 πρὸς
1388 4059 1583 4123 αὐτοὺς
1647 4060 1907 4124 πολλάκις
1977 4056 2424 4131 ἀποκομίζουσιν.
2467 4064 2589 4117 Ὅτι
2660 4065 2688 4115 6
2744 4062 2851 4117 τῶν
2889 4060 3294 4124 Πατξινακιτῶν
3330 4060 3504 4119 τόπος,
3537 4058 3595 4108 ἐν
3628 4048 3675 4120 ᾧ

428 4149 505 4218 τῷ
568 4152 686 4203 τότε
743 4152 919 4223 καιρῷ
969 4151 1300 4222 κατῴκησαν
1345 4155 1396 4205 οί
1442 4152 1695 4223 Τοῦρκοι,
1763 4154 2007 4208 καλεῖται
2047 4157 2189 4209 κατά
2233 4157 2331 4227 τήν
2379 4158 2692 4229 ἐπωνυμίαν
2747 4157 2856 4210 τῶν
2899 4158 3078 4210 ἐκεῖσε
3146 4156 3309 4208 ὄντων
3378 4151 3664 4221 ποταμῶν.

429 4246 491 4298 Οἱ
524 4246 581 4300 δέ
626 4248 860 4317 ποταμοὶ
893 4248 1031 4300 εἰσὶν
1066 4240 1210 4301 οὗτοι
1246 4264 1260 4279 ·
1317 4248 1560 4319 ποταμὶς
1605 4249 1821 4319 πρῶτος
1866 4251 1894 4301 6
1969 4250 2236 4324 καλοῦμεν
2264 4271 2301 4316 ης
2332 4254 2552 4325 Βαρούχ
2581 4268 2594 4282 ⁶
2644 4254 2888 4325 ποταμὸς
2925 4253 3179 4324 δεύτερος
3222 4253 3250 4306 6
3317 4249 3663 4321 καλούμενος,

1570 4391 1866 4456 ANSELMI
1898 4394 2230 4453 BANDURII
2256 4396 2485 4454 NOTAE.

497 4508 611 4581 (99)
645 4507 745 4583 _Sic
773 4522 839 4563 ex
869 4520 1004 4563 mss.
1032 4506 1323 4579 Perperam
1356 4525 1485 4566 vero
1514 4512 1715 4583 legitur
1745 4513 1799 4567 in
1828 4513 1991 4569 editis
2025 4523 2067 4577 ι)
2100 4517 2350 4571 Latinum
2399 4524 2628 4572 scutum.
2678 4504 2785 4569 Sed
2838 4511 3216 4583 observandus
3260 4519 3344 4583 est
3384 4509 3472 4583 hic
3506 4511 3670 4570 ritus.

432 4579 831 4656 iﬁétpp-éVOC:-_
1009 4653 1016 4656 _
1086 4650 1168 4656 Α*
1271 4652 1321 4656 __
1901 4655 1928 4656 η

2105 4596 2264 4642 scuto
2313 4587 2628 4656 impositum
2665 4581 2888 4656 tollendi
2939 4581 3240 4656 principem
3298 4579 3677 4656 designatum;

500 4650 580 4717 (l)
622 4647 679 4726 In
706 4649 865 4726 editis
894 4653 1058 4726 paulo
1085 4650 1226 4726 inl‘ra
1271 4651 1730 4726 hicfdlipodrﬁq;
1757 4655 1992 4723 appella-

2105 4659 2193 4722 qui
2223 4647 2442 4726 quidem
2485 4654 2799 4726 communis
2855 4647 2985 4726 erat
3023 4647 3482 4726 tamtliomanig
3511 4664 3675 4726 quam

430 4716 539 4803 t_ur,
568 4718 708 4798 unde
748 4716 1015 4803 Meursius
1049 4722 1342 4803 utrobique
1377 4716 1995 4803 ‘A?.podc:3';_sér_ibi_in-

428 4789 562 4911 (llllllll
582 4789 686 4855 ait;
721 4796 775 4843 at
807 4789 861 4842 in
915 4806 1017 4846 ms.
1070 4789 1263 4847 codice
1308 4789 1994 4864 lllrobltltlc_xa).jtout:rjg

456 4874 535 4911 cui
568 4872 653 4911 ur.

456 4859 653 4925 cgitur.

500 4928 576 4995 (εἰ)
617 4925 906 4999 Perperam
959 4929 1014 4983 in
1082 4929 1243 4986 editis
1288 4938 1342 4985 et
1389 4932 1442 4984 in
1494 4947 1627 4986 mss.
1674 4931 1872 5000 legitur
1911 4934 1994 4986 εἴ·

436 5013 561 5064 περ,
595 5006 705 5053 etc.

496 5067 572 5134 (5)
615 5064 906 5132 Nimirum,
948 5084 1097 5136 quem
1142 5070 1302 5122 etiam
1350 5070 1570 5122 solemni
1606 5067 1976 5123 Chamrornm

430 5151 571 5187 more
596 5151 657 5188 ac
679 5139 1050 5191 consuetudine
1074 5139 1125 5190 in
1153 5149 1302 5190 scuto
1334 5148 1563 5190 erectum
1589 5140 1880 5205 principem
1912 5140 1994 5206 {e-

428 5216 632 5259 cerunt.
664 5207 906 5259 Zizavov
950 5222 1112 5273 porro
1155 5222 1256 5276 vo_x
1290 5207 1501 5276 lllyrica
1540 5223 1631 5260 seu
1682 5208 1839 5259 Slava
1871 5223 1994 5260 cor-

432 5282 588 5344 rupte
639 5276 844 5344 scripta
899 5276 1144 5329 videlicet
1174 5274 1400 5337 ‘Sakon,
1463 5275 1546 5329 vel
1593 5275 1788 5339 Sacen,
1828 5285 1883 5330 et
1936 5276 1992 5330 in

432 5342 625 5414 plurali
653 5342 882 5414 Sakona,
928 5345 1100 5414 legem
1126 5353 1180 5398 et
1218 5345 1670 5414 consuetudinem
1713 5344 1989 5411 signiﬁcat

431 5413 507 5483 uti
529 5413 774 5481 pluribus
794 5415 1104 5467 monuimus
1127 5428 1291 5483 supra
1309 5413 1509 5483 allcap.
1534 5413 1566 5468 8
1594 5414 1821 5481 hujusce
1844 5414 1990 5480 libri,

433 5481 520 5533 uhi
556 5483 644 5535 hic
673 5485 787 5552 ipsa
823 5498 954 5538 voce
992 5485 1164 5537 utitur
1198 5481 1687 5552 scriptor‘noster.
1722 5484 1990 5538 Caeterum

434 5564 713 5624 perperam
737 5554 847 5624 hac
874 5554 1071 5624 legitur
1105 5554 1155 5608 in
1191 5553 1372 5617 editis,
1401 5552 1548 5624 ἔθνος
1576 5568 1675 5621 pro
1703 5553 1841 5615 ἔθος.

504 5618 576 5692 (μέ)
617 5620 891 5689 Σικώνειν,
927 5618 1199 5677 σικόννειν
1251 5626 1308 5678 et
1354 5618 1639 5692 σηκώνεῐν,
1699 5623 1988 5685 sublatam,

436 5687 619 5742 tollere
644 5698 691 5741 et
718 5687 914 5761 erigere
963 5695 1268 5767 signiﬁcat;
1309 5687 1633 5763 σκουτὰριον
1695 5701 1990 5750 autemest

2103 4716 2378 4780 Barbarie.
2399 4725 2722 4779 Ammianus
2754 4721 3098 4775 Marcellinus
3126 4720 3221 4772 lib.
3247 4734 3335 4781 xx,
3360 4716 3428 4771 de
3455 4716 3677 4771 Juliano
3772 4746 3781 4755 ι

2104 4810 2130 4848 a
2167 4795 2462 4851 Gallicanis
2505 4794 2771 4866 militibus
2798 4792 3043 4866 principe
3084 4786 3411 4866 renuntiato
3440 4785 3675 4866 :fmpq-

2104 4868 2338 4935 situsque
2367 4873 2515 4918 scuto
2543 4855 3678 4935 pedestri,'etsublatiueentinenst:populo

2104 4923 2313 4998 silenis,
2368 4923 2636 5003 Augustus
2683 4930 3050 5003 renuntiatus,
3093 4923 3676 5003 jubelgaturndindema

2102 4990 2358 5073 proferre,
2403 4990 2647 5057 zonaras
2681 5001 2737 5055 in
2782 4990 3119 5073 Iustiniano,
3158 4994 3261 5073 ubi
3283 4994 3353 5073 dc
3383 4990 3620 5073 ﬂxpatio
3647 5008 3676 5046 a

2102 5061 2380 5128 seditiosis
2425 5072 2478 5125 in
2503 5073 2881 5138 imperatorem
2925 5067 3099 5138 electo
3131 5082 3144 5117 :
3177 5063 3271 5138 καὶ
3312 5062 3406 5115 ἐπὶ
3433 5061 3677 5138 ξᾶστξίδος

2101 5142 2265 5195 αὑτὸν
2319 5130 2614 5211 μετάρσιον
2668 5140 2923 5211 ἀραντες,
2979 5131 3375 5211 ἀναγορεύουσι
3430 5130 3679 5201 βασιλέα,

2101 5221 2256 5281 atque
2283 5206 2471 5281 clypeo
2489 5212 2539 5263 in
2572 5206 2793 5281 sublime
2822 5206 3041 5263 elatum,
3079 5206 3453 5281 imperatorem
3483 5215 3683 5280 consu-

2103 5270 2300 5335 ίιιὶαιιι.
2333 5270 2610 5335 ueterum
2658 5278 2725 5332 de
2752 5277 2852 5330 boc
2906 5289 3058 5327 rnore
3100 5272 3333 5341 eligendi
3372 5270 3679 5339 principem

2146 5351 2361 5406 luribus
2414 5365 2573 5420 egere
2606 5347 2858 5420 Pithazus
2913 5344 3008 5397 lib.
3060 5356 3097 5395 ιι
3146 5342 3394 5420 Adi-crs;
3427 5353 3553 5420 cap.
3602 5353 3681 5399 τις

2146 5365 2361 5406 lllt'tblts
2414 5365 2573 5417 cgere
2617 5365 2858 5400 rttltaeus
2913 5365 3008 5397 nu.
3061 5365 3097 5395 ιι
3146 5365 3373 5395 nuvcrs.
3427 5365 3553 5408 υειμ.
3606 5365 3680 5399 u;

2099 5365 2318 5489 [ipsius
2366 5419 2433 5474 ad
2488 5417 2760 5489 Tacitum,
2814 5414 3130 5489 Demsterus
3214 5410 3281 5462 ad
3321 5407 3680 5489 _Corippum,

2100 5479 2357 5545 Valesius
2395 5489 2462 5543 ad
2497 5486 2868 5560 Ammianum,
2906 5492 2960 5560 et
2995 5479 3533 5560 .rlii_qna1iiplurimi.
3604 5545 3618 5560 .

2170 5559 2248 5629 (5)
2288 5560 2343 5612 lu
2373 5573 2506 5614 mss.
2534 5556 2748 5627 legitur.
2784 5554 2934 5624 παρὰ
2966 5551 3071 5606 τῶν
3099 5548 3514 5612 ιΙκτζινακιτῶν
3564 5548 3669 5599 οὐκ

2099 5630 2373 5694 ἐδέξαντο.
