  <div class='ocr_page' id='page_1' title='image "/cluster/home/n/w/nwhite01/storage/ocr_20150623/113/hvd.32044073502270/164.png"; bbox 0 0 4046 6208; ppageno 0'>
   <div class='ocr_carea' id='block_1_1' title="bbox 306 293 406 359">
    <p class='ocr_par' dir='ltr' id='par_1_1' title="bbox 306 293 406 359">
     <span class='ocr_line' id='line_1_1' title="bbox 306 293 406 359; baseline 0 -1"><span class='ocrx_word' id='word_1_1' title='bbox 306 293 406 359; x_wconf 76' lang='lat'><strong>321</strong></span> 
     </span>
    </p>
   </div>
   <div class='ocr_carea' id='block_1_2' title="bbox 1382 305 2557 374">
    <p class='ocr_par' dir='ltr' id='par_1_2' title="bbox 1382 305 2557 374">
     <span class='ocr_line' id='line_1_2' title="bbox 1382 305 2557 374; baseline 0.009 -10"><span class='ocrx_word' id='word_1_2' title='bbox 1382 305 1480 364; x_wconf 88' lang='lat' dir='ltr'><strong>DE</strong></span> <span class='ocrx_word' id='word_1_3' title='bbox 1516 309 1556 365; x_wconf 82' lang='grc' dir='ltr'><strong>Α</strong></span> <span class='ocrx_word' id='word_1_4' title='bbox 1571 307 1765 367; x_wconf 73' lang='lat' dir='ltr'><strong>DMIN</strong></span> <span class='ocrx_word' id='word_1_5' title='bbox 1780 307 2162 367; x_wconf 65' lang='lat' dir='ltr'><strong>ISTRANIMJ</strong></span> <span class='ocrx_word' id='word_1_6' title='bbox 2211 311 2557 374; x_wconf 78' lang='lat' dir='ltr'><strong>lMPERIO.</strong></span> 
     </span>
    </p>
   </div>
   <div class='ocr_carea' id='block_1_3' title="bbox 3475 320 3580 382">
    <p class='ocr_par' dir='ltr' id='par_1_3' title="bbox 3475 320 3580 382">
     <span class='ocr_line' id='line_1_3' title="bbox 3475 320 3580 382; baseline 0.01 -1"><span class='ocrx_word' id='word_1_7' title='bbox 3475 320 3580 382; x_wconf 79' lang='lat'><strong>322</strong></span> 
     </span>
    </p>
   </div>
   <div class='ocr_carea' id='block_1_4' title="bbox 305 410 3581 506">
    <p class='ocr_par' dir='ltr' id='par_1_4' title="bbox 305 410 3581 506">
     <span class='ocr_line' id='line_1_4' title="bbox 305 410 3581 506; baseline 0.007 -40"><span class='ocrx_word' id='word_1_8' title='bbox 305 410 520 466; x_wconf 76' lang='grc' dir='ltr'>Κουϐοὖ</span> <span class='ocrx_word' id='word_1_9' title='bbox 554 429 564 440; x_wconf 91' lang='grc'><strong>·</strong></span> <span class='ocrx_word' id='word_1_10' title='bbox 614 413 860 482; x_wconf 78' lang='grc' dir='ltr'>ποταμὸς</span> <span class='ocrx_word' id='word_1_11' title='bbox 893 413 1073 485; x_wconf 79' lang='grc' dir='ltr'>τρίτος</span> <span class='ocrx_word' id='word_1_12' title='bbox 1118 416 1148 467; x_wconf 81' lang='grc' dir='ltr'><strong>ὁ</strong></span> <span class='ocrx_word' id='word_1_13' title='bbox 1205 419 1538 491; x_wconf 81' lang='grc' dir='ltr'>καλούμενος</span> <span class='ocrx_word' id='word_1_14' title='bbox 1580 424 1846 492; x_wconf 75' lang='grc' dir='ltr'>Τροῦλλος</span> <span class='ocrx_word' id='word_1_15' title='bbox 1873 440 1886 455; x_wconf 90' lang='grc'><strong>·</strong></span> <span class='ocrx_word' id='word_1_16' title='bbox 1928 425 2170 496; x_wconf 77' lang='grc' dir='ltr'>ποταμὸς</span> <span class='ocrx_word' id='word_1_17' title='bbox 2208 427 2466 498; x_wconf 74' lang='grc' dir='ltr'>τέταρτος</span> <span class='ocrx_word' id='word_1_18' title='bbox 2535 430 2562 482; x_wconf 87' lang='grc' dir='ltr'><strong>δ</strong></span> <span class='ocrx_word' id='word_1_19' title='bbox 2599 430 2928 502; x_wconf 74' lang='grc' dir='ltr'>καλούμενος</span> <span class='ocrx_word' id='word_1_20' title='bbox 2976 431 3207 503; x_wconf 77' lang='grc' dir='ltr'>Βροῦτος</span> <span class='ocrx_word' id='word_1_21' title='bbox 3236 452 3247 464; x_wconf 90' lang='grc'><strong>·</strong></span> <span class='ocrx_word' id='word_1_22' title='bbox 3330 435 3581 506; x_wconf 70' lang='grc' dir='ltr'>ποταμὸς</span> 
     </span>
    </p>
   </div>
   <div class='ocr_carea' id='block_1_5' title="bbox 303 504 1242 579">
    <p class='ocr_par' dir='ltr' id='par_1_5' title="bbox 303 504 1242 579">
     <span class='ocr_line' id='line_1_5' title="bbox 303 504 1242 579; baseline 0.004 -20"><span class='ocrx_word' id='word_1_23' title='bbox 303 507 556 578; x_wconf 78' lang='grc' dir='ltr'>πέμπτος</span> <span class='ocrx_word' id='word_1_24' title='bbox 586 507 615 559; x_wconf 82' lang='grc' dir='ltr'>ὁ</span> <span class='ocrx_word' id='word_1_25' title='bbox 639 504 973 576; x_wconf 81' lang='grc' dir='ltr'>καλούμενος</span> <span class='ocrx_word' id='word_1_26' title='bbox 997 508 1242 579; x_wconf 81' lang='grc' dir='ltr'>Σέρετος.</span> 
     </span>
    </p>
   </div>
   <div class='ocr_carea' id='block_1_6' title="bbox 884 602 1314 662">
    <p class='ocr_par' dir='ltr' id='par_1_6' title="bbox 884 602 1314 662">
     <span class='ocr_line' id='line_1_6' title="bbox 884 602 1314 662; baseline 0.016 -8"><span class='ocrx_word' id='word_1_27' title='bbox 884 602 1136 659; x_wconf 81' lang='grc' dir='ltr'><strong>ΚΕΦΑΛ.</strong></span> <span class='ocrx_word' id='word_1_28' title='bbox 1191 606 1314 662; x_wconf 87' lang='grc' dir='ltr'><strong>ΛΘ’.</strong></span> 
     </span>
    </p>
   </div>
   <div class='ocr_carea' id='block_1_7' title="bbox 595 693 1604 769">
    <p class='ocr_par' dir='ltr' id='par_1_7' title="bbox 595 693 1604 769">
     <span class='ocr_line' id='line_1_7' title="bbox 595 693 1604 769; baseline 0.009 -21"><span class='ocrx_word' id='word_1_29' title='bbox 595 693 732 763; x_wconf 75' lang='grc' dir='ltr'>Περὶ</span> <span class='ocrx_word' id='word_1_30' title='bbox 768 693 871 748; x_wconf 84' lang='grc' dir='ltr'>τοῦ</span> <span class='ocrx_word' id='word_1_31' title='bbox 907 694 1127 762; x_wconf 81' lang='grc' dir='ltr'><strong>ἔθνους</strong></span> <span class='ocrx_word' id='word_1_32' title='bbox 1154 697 1273 751; x_wconf 84' lang='grc' dir='ltr'><strong>τῶν</strong></span> <span class='ocrx_word' id='word_1_33' title='bbox 1301 702 1604 769; x_wconf 75' lang='grc' dir='ltr'>Καΰὰρων.</span> 
     </span>
    </p>
   </div>
   <div class='ocr_carea' id='block_1_8' title="bbox 395 783 1891 864">
    <p class='ocr_par' dir='ltr' id='par_1_8' title="bbox 395 783 1891 864">
     <span class='ocr_line' id='line_1_8' title="bbox 395 783 1891 864; baseline 0.008 -26"><span class='ocrx_word' id='word_1_34' title='bbox 395 784 598 838; x_wconf 77' lang='grc' dir='ltr'>’ἰστέον</span> <span class='ocrx_word' id='word_1_35' title='bbox 631 786 711 836; x_wconf 84' lang='grc' dir='ltr'>ὃτι</span> <span class='ocrx_word' id='word_1_36' title='bbox 741 785 787 836; x_wconf 78' lang='grc' dir='ltr'>οὶ</span> <span class='ocrx_word' id='word_1_37' title='bbox 810 783 1094 854; x_wconf 76' lang='grc' dir='ltr'><strong>λεγόμενοι</strong></span> <span class='ocrx_word' id='word_1_38' title='bbox 1131 787 1380 858; x_wconf 79' lang='grc' dir='ltr'>Κάὸαροι</span> <span class='ocrx_word' id='word_1_39' title='bbox 1413 789 1488 861; x_wconf 85' lang='grc'>(6)</span> <span class='ocrx_word' id='word_1_40' title='bbox 1517 793 1625 845; x_wconf 83' lang='grc' dir='ltr'><strong>ἀπὸ</strong></span> <span class='ocrx_word' id='word_1_41' title='bbox 1654 794 1753 864; x_wconf 77' lang='grc' dir='ltr'>τῆς</span> <span class='ocrx_word' id='word_1_42' title='bbox 1785 795 1891 850; x_wconf 83' lang='grc' dir='ltr'><strong>τῶν</strong></span> 
     </span>
    </p>
   </div>
   <div class='ocr_carea' id='block_1_9' title="bbox 308 875 1891 952">
    <p class='ocr_par' dir='ltr' id='par_1_9' title="bbox 308 875 1891 952">
     <span class='ocr_line' id='line_1_9' title="bbox 308 875 1891 952; baseline 0.009 -25"><span class='ocrx_word' id='word_1_43' title='bbox 308 875 585 946; x_wconf 77' lang='grc' dir='ltr'>Χαζάρων</span> <span class='ocrx_word' id='word_1_44' title='bbox 611 876 800 943; x_wconf 79' lang='grc' dir='ltr'>γενεᾶς</span> <span class='ocrx_word' id='word_1_45' title='bbox 833 876 1083 947; x_wconf 80' lang='grc' dir='ltr'>ὑπῆρχον</span> <span class='ocrx_word' id='word_1_46' title='bbox 1117 893 1129 907; x_wconf 82' lang='lat'><strong><em>°</em></strong></span> <span class='ocrx_word' id='word_1_47' title='bbox 1172 879 1266 933; x_wconf 77' lang='grc' dir='ltr'>καὶ</span> <span class='ocrx_word' id='word_1_48' title='bbox 1316 880 1380 950; x_wconf 80' lang='grc' dir='ltr'>δὴ</span> <span class='ocrx_word' id='word_1_49' title='bbox 1436 883 1722 952; x_wconf 74' lang='grc' dir='ltr'>συμϐᾶσαν</span> <span class='ocrx_word' id='word_1_50' title='bbox 1771 905 1891 941; x_wconf 83' lang='grc' dir='ltr'>τινα</span> 
     </span>
    </p>
   </div>
   <div class='ocr_carea' id='block_1_10' title="bbox 311 963 1890 1049">
    <p class='ocr_par' dir='ltr' id='par_1_10' title="bbox 311 963 1890 1049">
     <span class='ocr_line' id='line_1_10' title="bbox 311 963 1890 1049; baseline 0.016 -37"><span class='ocrx_word' id='word_1_51' title='bbox 311 964 444 1034; x_wconf 87' lang='grc' dir='ltr'>παρ’</span> <span class='ocrx_word' id='word_1_52' title='bbox 496 963 672 1018; x_wconf 76' lang='grc' dir='ltr'>αὐτῶν</span> <span class='ocrx_word' id='word_1_53' title='bbox 721 965 1065 1021; x_wconf 83' lang='grc' dir='ltr'>ἀποστασίαν</span> <span class='ocrx_word' id='word_1_54' title='bbox 1099 969 1352 1036; x_wconf 83' lang='grc' dir='ltr'>γενέσθαι</span> <span class='ocrx_word' id='word_1_55' title='bbox 1393 973 1530 1044; x_wconf 84' lang='grc' dir='ltr'>πρὸς</span> <span class='ocrx_word' id='word_1_56' title='bbox 1576 976 1673 1048; x_wconf 81' lang='grc' dir='ltr'>τὴν</span> <span class='ocrx_word' id='word_1_57' title='bbox 1717 980 1890 1049; x_wconf 83' lang='grc' dir='ltr'>ἀρχὴν</span> 
     </span>
    </p>
   </div>
   <div class='ocr_carea' id='block_1_11' title="bbox 313 1053 1889 1140">
    <p class='ocr_par' dir='ltr' id='par_1_11' title="bbox 313 1053 1889 1140">
     <span class='ocr_line' id='line_1_11' title="bbox 313 1053 1889 1140; baseline 0.01 -34"><span class='ocrx_word' id='word_1_58' title='bbox 313 1053 510 1118; x_wconf 75' lang='grc' dir='ltr'>αὐτῶν,</span> <span class='ocrx_word' id='word_1_59' title='bbox 534 1053 626 1106; x_wconf 79' lang='grc' dir='ltr'>καὶ</span> <span class='ocrx_word' id='word_1_60' title='bbox 652 1055 893 1126; x_wconf 79' lang='grc' dir='ltr'>πολέμου</span> <span class='ocrx_word' id='word_1_61' title='bbox 927 1057 1193 1126; x_wconf 77' lang='grc' dir='ltr'><strong>ἐμφυλίου</strong></span> <span class='ocrx_word' id='word_1_62' title='bbox 1219 1060 1600 1129; x_wconf 80' lang='grc' dir='ltr'><strong>καθιστάντος,</strong></span> <span class='ocrx_word' id='word_1_63' title='bbox 1634 1069 1666 1137; x_wconf 79' lang='grc' dir='ltr'>ὴ</span> <span class='ocrx_word' id='word_1_64' title='bbox 1698 1067 1889 1140; x_wconf 80' lang='grc' dir='ltr'><strong>πρώτη</strong></span> 
     </span>
    </p>
   </div>
   <div class='ocr_carea' id='block_1_12' title="bbox 313 1145 1888 1227">
    <p class='ocr_par' dir='ltr' id='par_1_12' title="bbox 313 1145 1888 1227">
     <span class='ocr_line' id='line_1_12' title="bbox 313 1145 1888 1227; baseline 0.013 -32"><span class='ocrx_word' id='word_1_65' title='bbox 313 1145 448 1216; x_wconf 80' lang='grc' dir='ltr'>ἀρχὴ</span> <span class='ocrx_word' id='word_1_66' title='bbox 486 1146 662 1200; x_wconf 80' lang='grc' dir='ltr'>αὐτῶν</span> <span class='ocrx_word' id='word_1_67' title='bbox 717 1147 1084 1220; x_wconf 79' lang='grc' dir='ltr'><strong>ὑπερίσχυσεν</strong></span> <span class='ocrx_word' id='word_1_68' title='bbox 1115 1167 1128 1182; x_wconf 85' lang='grc'><em>’</em></span> <span class='ocrx_word' id='word_1_69' title='bbox 1185 1154 1280 1206; x_wconf 75' lang='grc' dir='ltr'>καὶ</span> <span class='ocrx_word' id='word_1_70' title='bbox 1331 1155 1382 1208; x_wconf 74' lang='grc' dir='ltr'>οἱ</span> <span class='ocrx_word' id='word_1_71' title='bbox 1435 1157 1535 1227; x_wconf 79' lang='grc' dir='ltr'>μὲν</span> <span class='ocrx_word' id='word_1_72' title='bbox 1599 1159 1658 1224; x_wconf 81' lang='grc' dir='ltr'>ἐξ</span> <span class='ocrx_word' id='word_1_73' title='bbox 1712 1161 1888 1215; x_wconf 77' lang='grc' dir='ltr'>αὐτῶν</span> 
     </span>
    </p>
   </div>
   <div class='ocr_carea' id='block_1_13' title="bbox 311 1235 1888 1321">
    <p class='ocr_par' dir='ltr' id='par_1_13' title="bbox 311 1235 1888 1321">
     <span class='ocr_line' id='line_1_13' title="bbox 311 1235 1888 1321; baseline 0.014 -36"><span class='ocrx_word' id='word_1_74' title='bbox 311 1235 705 1308; x_wconf 75' lang='grc' dir='ltr'><strong>ἀπεσφάγησαν</strong></span> <span class='ocrx_word' id='word_1_75' title='bbox 745 1239 847 1308; x_wconf 88' lang='grc'>(7),</span> <span class='ocrx_word' id='word_1_76' title='bbox 913 1242 964 1293; x_wconf 86' lang='grc' dir='ltr'>οἱ</span> <span class='ocrx_word' id='word_1_77' title='bbox 1022 1242 1079 1295; x_wconf 79' lang='grc' dir='ltr'>δὲ</span> <span class='ocrx_word' id='word_1_78' title='bbox 1127 1244 1412 1316; x_wconf 75' lang='grc' dir='ltr'><strong>ἐξέφυγον,</strong></span> <span class='ocrx_word' id='word_1_79' title='bbox 1472 1251 1566 1303; x_wconf 79' lang='grc' dir='ltr'><strong>καὶ</strong></span> <span class='ocrx_word' id='word_1_80' title='bbox 1599 1246 1762 1321; x_wconf 81' lang='grc' dir='ltr'>ἦλθον</span> <span class='ocrx_word' id='word_1_81' title='bbox 1796 1256 1888 1307; x_wconf 79' lang='grc' dir='ltr'>καὶ</span> 
     </span>
    </p>
   </div>
   <div class='ocr_carea' id='block_1_14' title="bbox 309 1329 1889 1412">
    <p class='ocr_par' dir='ltr' id='par_1_14' title="bbox 309 1329 1889 1412">
     <span class='ocr_line' id='line_1_14' title="bbox 309 1329 1889 1412; baseline 0.014 -35"><span class='ocrx_word' id='word_1_82' title='bbox 309 1329 732 1398; x_wconf 63' lang='grc' dir='ltr'><strong>κατεσκήνωσαν</strong></span> <span class='ocrx_word' id='word_1_83' title='bbox 765 1331 903 1402; x_wconf 86' lang='grc' dir='ltr'>μετὰ</span> <span class='ocrx_word' id='word_1_84' title='bbox 937 1333 1050 1386; x_wconf 85' lang='grc' dir='ltr'><strong>τῶν</strong></span> <span class='ocrx_word' id='word_1_85' title='bbox 1103 1336 1362 1406; x_wconf 82' lang='grc' dir='ltr'>Τούρκων</span> <span class='ocrx_word' id='word_1_86' title='bbox 1395 1341 1475 1403; x_wconf 84' lang='grc' dir='ltr'><strong>είς</strong></span> <span class='ocrx_word' id='word_1_87' title='bbox 1503 1342 1607 1412; x_wconf 80' lang='grc' dir='ltr'>τὴν</span> <span class='ocrx_word' id='word_1_88' title='bbox 1639 1345 1744 1398; x_wconf 82' lang='grc' dir='ltr'>τῶν</span> <span class='ocrx_word' id='word_1_89' title='bbox 1778 1347 1889 1399; x_wconf 83' lang='grc' dir='ltr'><strong>Πα-</strong></span> 
     </span>
    </p>
   </div>
   <div class='ocr_carea' id='block_1_15' title="bbox 305 1419 1891 1502">
    <p class='ocr_par' dir='ltr' id='par_1_15' title="bbox 305 1419 1891 1502">
     <span class='ocr_line' id='line_1_15' title="bbox 305 1419 1891 1502; baseline 0.013 -33"><span class='ocrx_word' id='word_1_90' title='bbox 305 1419 633 1481; x_wconf 75' lang='grc' dir='ltr'>τζινακιτῶν</span> <span class='ocrx_word' id='word_1_91' title='bbox 678 1423 805 1492; x_wconf 82' lang='grc' dir='ltr'>γῆν,</span> <span class='ocrx_word' id='word_1_92' title='bbox 853 1424 949 1477; x_wconf 83' lang='grc' dir='ltr'>καὶ</span> <span class='ocrx_word' id='word_1_93' title='bbox 983 1425 1234 1495; x_wconf 80' lang='grc' dir='ltr'>ἀλλήλοις</span> <span class='ocrx_word' id='word_1_94' title='bbox 1273 1431 1759 1502; x_wconf 81' lang='grc' dir='ltr'>συνεφιλιώθησαν,</span> <span class='ocrx_word' id='word_1_95' title='bbox 1798 1439 1891 1488; x_wconf 73' lang='grc' dir='ltr'>καὶ</span> 
     </span>
    </p>
   </div>
   <div class='ocr_carea' id='block_1_16' title="bbox 307 1509 1893 1592">
    <p class='ocr_par' dir='ltr' id='par_1_16' title="bbox 307 1509 1893 1592">
     <span class='ocr_line' id='line_1_16' title="bbox 307 1509 1893 1592; baseline 0.011 -32"><span class='ocrx_word' id='word_1_96' title='bbox 307 1509 557 1580; x_wconf 76' lang='grc' dir='ltr'>Κάὁαροί</span> <span class='ocrx_word' id='word_1_97' title='bbox 584 1529 734 1576; x_wconf 85' lang='grc' dir='ltr'>τινες</span> <span class='ocrx_word' id='word_1_98' title='bbox 760 1513 1160 1585; x_wconf 79' lang='grc' dir='ltr'>ὠνομάσθησαν</span> <span class='ocrx_word' id='word_1_99' title='bbox 1203 1517 1303 1586; x_wconf 91' lang='grc'><strong>(8).</strong></span> <span class='ocrx_word' id='word_1_100' title='bbox 1334 1520 1499 1575; x_wconf 89' lang='grc' dir='ltr'>Ὅθεν</span> <span class='ocrx_word' id='word_1_101' title='bbox 1531 1523 1624 1575; x_wconf 68' lang='grc' dir='ltr'><strong>καὶ</strong></span> <span class='ocrx_word' id='word_1_102' title='bbox 1653 1525 1753 1592; x_wconf 81' lang='grc' dir='ltr'>τὴν</span> <span class='ocrx_word' id='word_1_103' title='bbox 1786 1527 1893 1578; x_wconf 79' lang='grc' dir='ltr'>τῶν</span> 
     </span>
    </p>
   </div>
   <div class='ocr_carea' id='block_1_17' title="bbox 303 1600 1889 1682">
    <p class='ocr_par' dir='ltr' id='par_1_17' title="bbox 303 1600 1889 1682">
     <span class='ocr_line' id='line_1_17' title="bbox 303 1600 1889 1682; baseline 0.011 -30"><span class='ocrx_word' id='word_1_104' title='bbox 303 1600 579 1672; x_wconf 81' lang='grc' dir='ltr'>Χαζάρων</span> <span class='ocrx_word' id='word_1_105' title='bbox 627 1602 883 1672; x_wconf 84' lang='grc' dir='ltr'>γλῶσσαν</span> <span class='ocrx_word' id='word_1_106' title='bbox 934 1606 1119 1672; x_wconf 75' lang='grc' dir='ltr'>αὐτοῖς</span> <span class='ocrx_word' id='word_1_107' title='bbox 1148 1610 1262 1672; x_wconf 83' lang='grc' dir='ltr'>τοῖς</span> <span class='ocrx_word' id='word_1_108' title='bbox 1315 1611 1581 1681; x_wconf 82' lang='grc' dir='ltr'>Τούρκοις</span> <span class='ocrx_word' id='word_1_109' title='bbox 1623 1615 1889 1682; x_wconf 79' lang='grc' dir='ltr'>ἐδίδαξαν,</span> 
     </span>
    </p>
   </div>
   <div class='ocr_carea' id='block_1_18' title="bbox 305 1693 1888 1774">
    <p class='ocr_par' dir='ltr' id='par_1_18' title="bbox 305 1693 1888 1774">
     <span class='ocr_line' id='line_1_18' title="bbox 305 1693 1888 1774; baseline 0.011 -32"><span class='ocrx_word' id='word_1_110' title='bbox 305 1693 402 1742; x_wconf 70' lang='grc' dir='ltr'><strong>καὶ</strong></span> <span class='ocrx_word' id='word_1_111' title='bbox 440 1693 604 1762; x_wconf 82' lang='grc' dir='ltr'>μέχρι</span> <span class='ocrx_word' id='word_1_112' title='bbox 649 1693 740 1746; x_wconf 84' lang='grc' dir='ltr'><strong>τοῦ</strong></span> <span class='ocrx_word' id='word_1_113' title='bbox 787 1694 880 1748; x_wconf 84' lang='grc' dir='ltr'><strong>νῦν</strong></span> <span class='ocrx_word' id='word_1_114' title='bbox 927 1697 1026 1768; x_wconf 83' lang='grc' dir='ltr'>τὴν</span> <span class='ocrx_word' id='word_1_115' title='bbox 1071 1699 1240 1770; x_wconf 77' lang='grc' dir='ltr'>αὐτὴν</span> <span class='ocrx_word' id='word_1_116' title='bbox 1285 1701 1565 1757; x_wconf 86' lang='grc' dir='ltr'>διάλεκτον</span> <span class='ocrx_word' id='word_1_117' title='bbox 1627 1704 1841 1774; x_wconf 79' lang='grc' dir='ltr'>ἔχουσιν</span> <span class='ocrx_word' id='word_1_118' title='bbox 1875 1725 1888 1740; x_wconf 80' lang='grc' dir='ltr'><strong><em>ο</em></strong></span> 
     </span>
    </p>
   </div>
   <div class='ocr_carea' id='block_1_19' title="bbox 304 1781 1890 1866">
    <p class='ocr_par' dir='ltr' id='par_1_19' title="bbox 304 1781 1890 1866">
     <span class='ocr_line' id='line_1_19' title="bbox 304 1781 1890 1866; baseline 0.013 -33"><span class='ocrx_word' id='word_1_119' title='bbox 304 1781 491 1852; x_wconf 79' lang='grc' dir='ltr'>ἔχουσι</span> <span class='ocrx_word' id='word_1_120' title='bbox 525 1785 583 1837; x_wconf 82' lang='grc' dir='ltr'>δὲ</span> <span class='ocrx_word' id='word_1_121' title='bbox 613 1786 708 1840; x_wconf 78' lang='grc' dir='ltr'>καὶ</span> <span class='ocrx_word' id='word_1_122' title='bbox 730 1787 826 1858; x_wconf 78' lang='grc' dir='ltr'><strong>τὴν</strong></span> <span class='ocrx_word' id='word_1_123' title='bbox 857 1791 965 1844; x_wconf 84' lang='grc' dir='ltr'><strong>τῶν</strong></span> <span class='ocrx_word' id='word_1_124' title='bbox 993 1792 1252 1864; x_wconf 85' lang='grc' dir='ltr'>Τούρκων</span> <span class='ocrx_word' id='word_1_125' title='bbox 1281 1796 1473 1866; x_wconf 81' lang='grc' dir='ltr'>ἑτέραν</span> <span class='ocrx_word' id='word_1_126' title='bbox 1496 1797 1761 1866; x_wconf 86' lang='grc' dir='ltr'>γλῶτταν.</span> <span class='ocrx_word' id='word_1_127' title='bbox 1791 1802 1890 1855; x_wconf 85' lang='grc' dir='ltr'><strong>Διὰ</strong></span> 
     </span>
    </p>
   </div>
   <div class='ocr_carea' id='block_1_20' title="bbox 303 1870 1889 1960">
    <p class='ocr_par' dir='ltr' id='par_1_20' title="bbox 303 1870 1889 1960">
     <span class='ocr_line' id='line_1_20' title="bbox 303 1870 1889 1960; baseline 0.015 -39"><span class='ocrx_word' id='word_1_128' title='bbox 303 1870 360 1922; x_wconf 77' lang='grc' dir='ltr'>δὲ</span> <span class='ocrx_word' id='word_1_129' title='bbox 390 1872 448 1924; x_wconf 79' lang='grc' dir='ltr'>τὸ</span> <span class='ocrx_word' id='word_1_130' title='bbox 479 1873 558 1937; x_wconf 79' lang='grc' dir='ltr'><strong>είς</strong></span> <span class='ocrx_word' id='word_1_131' title='bbox 594 1875 719 1940; x_wconf 81' lang='grc' dir='ltr'>τοὺς</span> <span class='ocrx_word' id='word_1_132' title='bbox 751 1878 1024 1950; x_wconf 78' lang='grc' dir='ltr'>πολέμους</span> <span class='ocrx_word' id='word_1_133' title='bbox 1065 1884 1466 1956; x_wconf 80' lang='grc' dir='ltr'>ίσχυρωτὲρους</span> <span class='ocrx_word' id='word_1_134' title='bbox 1513 1890 1607 1942; x_wconf 71' lang='grc' dir='ltr'>καὶ</span> <span class='ocrx_word' id='word_1_135' title='bbox 1644 1890 1889 1960; x_wconf 77' lang='grc' dir='ltr'><strong>ἀνδρειο⁴</strong></span> 
     </span>
    </p>
   </div>
   <div class='ocr_carea' id='block_1_21' title="bbox 2521 607 3028 664">
    <p class='ocr_par' dir='ltr' id='par_1_21' title="bbox 2521 607 3028 664">
     <span class='ocr_line' id='line_1_21' title="bbox 2521 607 3028 664; baseline 0 -1"><span class='ocrx_word' id='word_1_136' title='bbox 2521 607 2752 663; x_wconf 71' lang='lat' dir='ltr'><strong>CAPUT</strong></span> <span class='ocrx_word' id='word_1_137' title='bbox 2789 607 3028 664; x_wconf 74' lang='lat' dir='ltr'><strong>XXXIX.</strong></span> 
     </span>
    </p>
   </div>
   <div class='ocr_carea' id='block_1_22' title="bbox 2444 699 3129 772">
    <p class='ocr_par' dir='ltr' id='par_1_22' title="bbox 2444 699 3129 772">
     <span class='ocr_line' id='line_1_22' title="bbox 2444 699 3129 772; baseline 0.003 -20"><span class='ocrx_word' id='word_1_138' title='bbox 2444 699 2520 754; x_wconf 83' lang='lat' dir='ltr'><strong>De</strong></span> <span class='ocrx_word' id='word_1_139' title='bbox 2574 699 2907 760; x_wconf 78' lang='lat' dir='ltr'><strong>Cabarorum</strong></span> <span class='ocrx_word' id='word_1_140' title='bbox 2960 709 3129 772; x_wconf 81' lang='lat' dir='ltr'><strong>gente.</strong></span> 
     </span>
    </p>
   </div>
   <div class='ocr_carea' id='block_1_23' title="bbox 2068 790 3579 862">
    <p class='ocr_par' dir='ltr' id='par_1_23' title="bbox 2068 790 3579 862">
     <span class='ocr_line' id='line_1_23' title="bbox 2068 790 3579 862; baseline -0.001 -13"><span class='ocrx_word' id='word_1_141' title='bbox 2068 793 2267 849; x_wconf 87' lang='lat' dir='ltr'><strong>Cabari</strong></span> <span class='ocrx_word' id='word_1_142' title='bbox 2319 807 2348 846; x_wconf 90' lang='lat' dir='ltr'><strong>a</strong></span> <span class='ocrx_word' id='word_1_143' title='bbox 2399 792 2771 847; x_wconf 80' lang='lat' dir='ltr'><strong>Chazarorum</strong></span> <span class='ocrx_word' id='word_1_144' title='bbox 2819 799 2976 862; x_wconf 79' lang='lat' dir='ltr'><strong>gente</strong></span> <span class='ocrx_word' id='word_1_145' title='bbox 3019 790 3379 846; x_wconf 87' lang='lat' dir='ltr'><strong>descendunt.</strong></span> <span class='ocrx_word' id='word_1_146' title='bbox 3416 791 3579 848; x_wconf 74' lang='lat' dir='ltr'><strong>Facta</strong></span> 
     </span>
    </p>
   </div>
   <div class='ocr_carea' id='block_1_24' title="bbox 1995 885 3578 954">
    <p class='ocr_par' dir='ltr' id='par_1_24' title="bbox 1995 885 3578 954">
     <span class='ocr_line' id='line_1_24' title="bbox 1995 885 3578 954; baseline -0.001 -16"><span class='ocrx_word' id='word_1_147' title='bbox 1995 895 2172 941; x_wconf 85' lang='lat' dir='ltr'><strong>autem</strong></span> <span class='ocrx_word' id='word_1_148' title='bbox 2219 887 2364 940; x_wconf 91' lang='lat' dir='ltr'><strong>inter</strong></span> <span class='ocrx_word' id='word_1_149' title='bbox 2414 900 2512 940; x_wconf 91' lang='lat' dir='ltr'><strong>eos</strong></span> <span class='ocrx_word' id='word_1_150' title='bbox 2561 885 2897 950; x_wconf 88' lang='lat' dir='ltr'><strong>secessione,</strong></span> <span class='ocrx_word' id='word_1_151' title='bbox 2937 885 3192 954; x_wconf 84' lang='lat' dir='ltr'><strong>belloque</strong></span> <span class='ocrx_word' id='word_1_152' title='bbox 3235 891 3360 937; x_wconf 90' lang='lat' dir='ltr'><strong>orto</strong></span> <span class='ocrx_word' id='word_1_153' title='bbox 3410 886 3578 946; x_wconf 70' lang='lat' dir='ltr'><strong>cii-ili,</strong></span> 
     </span>
    </p>
   </div>
   <div class='ocr_carea' id='block_1_25' title="bbox 1994 977 3578 1048">
    <p class='ocr_par' dir='ltr' id='par_1_25' title="bbox 1994 977 3578 1048">
     <span class='ocr_line' id='line_1_25' title="bbox 1994 977 3578 1048; baseline -0.002 -17"><span class='ocrx_word' id='word_1_154' title='bbox 1994 979 2144 1046; x_wconf 89' lang='lat' dir='ltr'><strong>prior</strong></span> <span class='ocrx_word' id='word_1_155' title='bbox 2187 993 2314 1048; x_wconf 89' lang='lat' dir='ltr'><strong>pars</strong></span> <span class='ocrx_word' id='word_1_156' title='bbox 2358 978 2490 1032; x_wconf 76' lang='lat' dir='ltr'><strong>vicit</strong></span> <span class='ocrx_word' id='word_1_157' title='bbox 2534 978 2784 1047; x_wconf 90' lang='lat' dir='ltr'><strong>:quique</strong></span> <span class='ocrx_word' id='word_1_158' title='bbox 2830 977 2980 1040; x_wconf 88' lang='lat' dir='ltr'><strong>victi,</strong></span> <span class='ocrx_word' id='word_1_159' title='bbox 3027 991 3155 1046; x_wconf 85' lang='lat' dir='ltr'><strong>pars</strong></span> <span class='ocrx_word' id='word_1_160' title='bbox 3203 977 3370 1030; x_wconf 78' lang='lat' dir='ltr'><strong>oceisi</strong></span> <span class='ocrx_word' id='word_1_161' title='bbox 3424 984 3578 1037; x_wconf 88' lang='lat' dir='ltr'><strong>sunt.</strong></span> 
     </span>
    </p>
   </div>
   <div class='ocr_carea' id='block_1_26' title="bbox 1992 1067 3578 1138">
    <p class='ocr_par' dir='ltr' id='par_1_26' title="bbox 1992 1067 3578 1138">
     <span class='ocr_line' id='line_1_26' title="bbox 1992 1067 3578 1138; baseline -0.002 -18"><span class='ocrx_word' id='word_1_162' title='bbox 1992 1084 2119 1138; x_wconf 91' lang='lat' dir='ltr'><strong>pars</strong></span> <span class='ocrx_word' id='word_1_163' title='bbox 2147 1068 2412 1137; x_wconf 83' lang='lat' dir='ltr'><strong>fugientes</strong></span> <span class='ocrx_word' id='word_1_164' title='bbox 2441 1069 2505 1122; x_wconf 91' lang='lat' dir='ltr'><strong>ad</strong></span> <span class='ocrx_word' id='word_1_165' title='bbox 2541 1067 2752 1123; x_wconf 87' lang='lat' dir='ltr'><strong>Turcas</strong></span> <span class='ocrx_word' id='word_1_166' title='bbox 2789 1068 2842 1122; x_wconf 92' lang='lat' dir='ltr'><strong>in</strong></span> <span class='ocrx_word' id='word_1_167' title='bbox 2875 1068 3338 1122; x_wconf 82' lang='lat' dir='ltr'><strong>Patzinacitarum</strong></span> <span class='ocrx_word' id='word_1_168' title='bbox 3377 1075 3578 1119; x_wconf 87' lang='lat' dir='ltr'><strong>terram</strong></span> 
     </span>
    </p>
   </div>
   <div class='ocr_carea' id='block_1_27' title="bbox 1993 1160 3577 1230">
    <p class='ocr_par' dir='ltr' id='par_1_27' title="bbox 1993 1160 3577 1230">
     <span class='ocr_line' id='line_1_27' title="bbox 1993 1160 3577 1230; baseline -0.004 -16"><span class='ocrx_word' id='word_1_169' title='bbox 1993 1175 2052 1215; x_wconf 92' lang='lat' dir='ltr'><strong>sc</strong></span> <span class='ocrx_word' id='word_1_170' title='bbox 2093 1161 2472 1225; x_wconf 87' lang='lat' dir='ltr'><strong>contulerunt,</strong></span> <span class='ocrx_word' id='word_1_171' title='bbox 2523 1161 2706 1230; x_wconf 85' lang='lat' dir='ltr'><strong>ibique</strong></span> <span class='ocrx_word' id='word_1_172' title='bbox 2753 1160 2911 1216; x_wconf 90' lang='lat' dir='ltr'><strong>sedes</strong></span> <span class='ocrx_word' id='word_1_173' title='bbox 2954 1167 3294 1230; x_wconf 91' lang='lat' dir='ltr'><strong>posuerunt,</strong></span> <span class='ocrx_word' id='word_1_174' title='bbox 3355 1165 3577 1210; x_wconf 80' lang='lat' dir='ltr'><strong>contra-</strong></span> 
     </span>
    </p>
   </div>
   <div class='ocr_carea' id='block_1_28' title="bbox 1991 1249 3574 1322">
    <p class='ocr_par' dir='ltr' id='par_1_28' title="bbox 1991 1249 3574 1322">
     <span class='ocr_line' id='line_1_28' title="bbox 1991 1249 3574 1322; baseline -0.004 -16"><span class='ocrx_word' id='word_1_175' title='bbox 1991 1259 2188 1322; x_wconf 84' lang='lat' dir='ltr'><strong>ctaque</strong></span> <span class='ocrx_word' id='word_1_176' title='bbox 2216 1261 2405 1306; x_wconf 90' lang='lat' dir='ltr'><strong>mutua</strong></span> <span class='ocrx_word' id='word_1_177' title='bbox 2439 1253 2676 1306; x_wconf 78' lang='lat' dir='ltr'><strong>amicitia</strong></span> <span class='ocrx_word' id='word_1_178' title='bbox 2703 1252 2862 1322; x_wconf 79' lang='lat'><strong>109</strong></span> <span class='ocrx_word' id='word_1_179' title='bbox 2888 1251 3081 1305; x_wconf 81' lang='lat' dir='ltr'><strong>Cabari</strong></span> <span class='ocrx_word' id='word_1_180' title='bbox 3109 1249 3368 1319; x_wconf 72' lang='lat' dir='ltr'><strong>appellati</strong></span> <span class='ocrx_word' id='word_1_181' title='bbox 3406 1256 3532 1302; x_wconf 91' lang='lat' dir='ltr'><strong>sunt</strong></span> <span class='ocrx_word' id='word_1_182' title='bbox 3561 1265 3574 1311; x_wconf 93' lang='lat'><strong>;</strong></span> 
     </span>
    </p>
   </div>
   <div class='ocr_carea' id='block_1_29' title="bbox 1993 1342 3579 1415">
    <p class='ocr_par' dir='ltr' id='par_1_29' title="bbox 1993 1342 3579 1415">
     <span class='ocr_line' id='line_1_29' title="bbox 1993 1342 3579 1415; baseline -0.003 -17"><span class='ocrx_word' id='word_1_183' title='bbox 1993 1345 2138 1399; x_wconf 91' lang='lat' dir='ltr'><strong>unde</strong></span> <span class='ocrx_word' id='word_1_184' title='bbox 2168 1354 2222 1399; x_wconf 88' lang='lat' dir='ltr'><strong>et</strong></span> <span class='ocrx_word' id='word_1_185' title='bbox 2257 1345 2630 1400; x_wconf 87' lang='lat' dir='ltr'><strong>Chazarorum</strong></span> <span class='ocrx_word' id='word_1_186' title='bbox 2667 1347 2908 1415; x_wconf 79' lang='lat' dir='ltr'><strong>linguam</strong></span> <span class='ocrx_word' id='word_1_187' title='bbox 2943 1345 3095 1414; x_wconf 92' lang='lat' dir='ltr'><strong>ipsos</strong></span> <span class='ocrx_word' id='word_1_188' title='bbox 3122 1342 3331 1396; x_wconf 82' lang='lat' dir='ltr'><strong>&#39;l‘ureas</strong></span> <span class='ocrx_word' id='word_1_189' title='bbox 3377 1342 3579 1395; x_wconf 82' lang='lat' dir='ltr'><strong>docue~</strong></span> 
     </span>
    </p>
   </div>
   <div class='ocr_carea' id='block_1_30' title="bbox 1997 1433 3573 1506">
    <p class='ocr_par' dir='ltr' id='par_1_30' title="bbox 1997 1433 3573 1506">
     <span class='ocr_line' id='line_1_30' title="bbox 1997 1433 3573 1506; baseline -0.004 -18"><span class='ocrx_word' id='word_1_190' title='bbox 1997 1445 2148 1498; x_wconf 89' lang='lat' dir='ltr'><strong>runt,</strong></span> <span class='ocrx_word' id='word_1_191' title='bbox 2188 1437 2499 1506; x_wconf 77' lang='lat' dir='ltr'><strong>habentque</strong></span> <span class='ocrx_word' id='word_1_192' title='bbox 2549 1441 2711 1492; x_wconf 79' lang='lat' dir='ltr'><strong>etiam</strong></span> <span class='ocrx_word' id='word_1_193' title='bbox 2753 1437 2918 1491; x_wconf 89' lang='lat' dir='ltr'><strong>hodie</strong></span> <span class='ocrx_word' id='word_1_194' title='bbox 2958 1435 3206 1490; x_wconf 86' lang='lat' dir='ltr'><strong>eamdem</strong></span> <span class='ocrx_word' id='word_1_195' title='bbox 3239 1433 3573 1493; x_wconf 86' lang='lat' dir='ltr'><strong>dialectum;</strong></span> 
     </span>
    </p>
   </div>
   <div class='ocr_carea' id='block_1_31' title="bbox 1997 1523 3576 1596">
    <p class='ocr_par' dir='ltr' id='par_1_31' title="bbox 1997 1523 3576 1596">
     <span class='ocr_line' id='line_1_31' title="bbox 1997 1523 3576 1596; baseline -0.001 -20"><span class='ocrx_word' id='word_1_196' title='bbox 1997 1525 2212 1595; x_wconf 90' lang='lat' dir='ltr'><strong>aliaque</strong></span> <span class='ocrx_word' id='word_1_197' title='bbox 2247 1527 2373 1581; x_wconf 89' lang='lat' dir='ltr'><strong>item</strong></span> <span class='ocrx_word' id='word_1_198' title='bbox 2407 1529 2715 1581; x_wconf 87' lang='lat' dir='ltr'><strong>Turcarum</strong></span> <span class='ocrx_word' id='word_1_199' title='bbox 2770 1528 2957 1596; x_wconf 80' lang='lat' dir='ltr'><strong>lingua</strong></span> <span class='ocrx_word' id='word_1_200' title='bbox 2988 1535 3235 1580; x_wconf 88' lang='lat' dir='ltr'><strong>utuntur.</strong></span> <span class='ocrx_word' id='word_1_201' title='bbox 3271 1523 3408 1590; x_wconf 84' lang='lat' dir='ltr'><strong>Quia</strong></span> <span class='ocrx_word' id='word_1_202' title='bbox 3446 1538 3576 1576; x_wconf 72' lang='lat' dir='ltr'><strong>vero</strong></span> 
     </span>
    </p>
   </div>
   <div class='ocr_carea' id='block_1_32' title="bbox 1999 1614 3575 1684">
    <p class='ocr_par' dir='ltr' id='par_1_32' title="bbox 1999 1614 3575 1684">
     <span class='ocr_line' id='line_1_32' title="bbox 1999 1614 3575 1684; baseline -0.001 -15"><span class='ocrx_word' id='word_1_203' title='bbox 1999 1614 2322 1670; x_wconf 73' lang='lat' dir='ltr'><strong>fortitudine</strong></span> <span class='ocrx_word' id='word_1_204' title='bbox 2357 1618 2551 1670; x_wconf 87' lang='lat' dir='ltr'><strong>bellica</strong></span> <span class='ocrx_word' id='word_1_205' title='bbox 2582 1627 2636 1671; x_wconf 91' lang='lat' dir='ltr'><strong>et</strong></span> <span class='ocrx_word' id='word_1_206' title='bbox 2677 1619 2998 1671; x_wconf 88' lang='lat' dir='ltr'><strong>strenuitate</strong></span> <span class='ocrx_word' id='word_1_207' title='bbox 3023 1627 3145 1670; x_wconf 92' lang='lat' dir='ltr'><strong>octo</strong></span> <span class='ocrx_word' id='word_1_208' title='bbox 3172 1617 3294 1670; x_wconf 90' lang='lat' dir='ltr'><strong>aliis</strong></span> <span class='ocrx_word' id='word_1_209' title='bbox 3322 1615 3575 1684; x_wconf 72' lang='lat' dir='ltr'><strong>gentibus</strong></span> 
     </span>
    </p>
   </div>
   <div class='ocr_carea' id='block_1_33' title="bbox 1998 1707 3575 1776">
    <p class='ocr_par' dir='ltr' id='par_1_33' title="bbox 1998 1707 3575 1776">
     <span class='ocr_line' id='line_1_33' title="bbox 1998 1707 3575 1776; baseline -0.001 -15"><span class='ocrx_word' id='word_1_210' title='bbox 1998 1708 2357 1776; x_wconf 71' lang='lat' dir='ltr'><strong>prarstabant,</strong></span> <span class='ocrx_word' id='word_1_211' title='bbox 2405 1709 2584 1776; x_wconf 88' lang='lat' dir='ltr'><strong>iisque</strong></span> <span class='ocrx_word' id='word_1_212' title='bbox 2643 1707 2698 1760; x_wconf 91' lang='lat' dir='ltr'><strong>in</strong></span> <span class='ocrx_word' id='word_1_213' title='bbox 2751 1707 2955 1776; x_wconf 70' lang='lat' dir='ltr'><strong>pra&#39;liis</strong></span> <span class='ocrx_word' id='word_1_214' title='bbox 3008 1708 3422 1769; x_wconf 77' lang='lat' dir='ltr'><strong>antCCellebant,</strong></span> <span class='ocrx_word' id='word_1_215' title='bbox 3460 1708 3575 1774; x_wconf 85' lang='lat' dir='ltr'><strong>pri-</strong></span> 
     </span>
    </p>
   </div>
   <div class='ocr_carea' id='block_1_34' title="bbox 1998 1798 3574 1864">
    <p class='ocr_par' dir='ltr' id='par_1_34' title="bbox 1998 1798 3574 1864">
     <span class='ocr_line' id='line_1_34' title="bbox 1998 1798 3574 1864; baseline -0.003 -12"><span class='ocrx_word' id='word_1_216' title='bbox 1998 1814 2146 1854; x_wconf 90' lang='lat' dir='ltr'><strong>mum</strong></span> <span class='ocrx_word' id='word_1_217' title='bbox 2189 1801 2242 1854; x_wconf 92' lang='lat' dir='ltr'><strong>in</strong></span> <span class='ocrx_word' id='word_1_218' title='bbox 2270 1801 2526 1854; x_wconf 89' lang='lat' dir='ltr'><strong>tribubus</strong></span> <span class='ocrx_word' id='word_1_219' title='bbox 2565 1799 2744 1852; x_wconf 90' lang='lat' dir='ltr'><strong>locum</strong></span> <span class='ocrx_word' id='word_1_220' title='bbox 2793 1798 3185 1859; x_wconf 88' lang='lat' dir='ltr'><strong>obtinuerunt;</strong></span> <span class='ocrx_word' id='word_1_221' title='bbox 3224 1812 3474 1864; x_wconf 85' lang='lat' dir='ltr'><strong>unusque</strong></span> <span class='ocrx_word' id='word_1_222' title='bbox 3520 1798 3574 1848; x_wconf 91' lang='lat' dir='ltr'><strong>iu</strong></span> 
     </span>
    </p>
   </div>
   <div class='ocr_carea' id='block_1_35' title="bbox 1996 1886 3575 1960">
    <p class='ocr_par' dir='ltr' id='par_1_35' title="bbox 1996 1886 3575 1960">
     <span class='ocr_line' id='line_1_35' title="bbox 1996 1886 3575 1960; baseline -0.005 -16"><span class='ocrx_word' id='word_1_223' title='bbox 1996 1892 2103 1946; x_wconf 92' lang='lat' dir='ltr'><strong>illis</strong></span> <span class='ocrx_word' id='word_1_224' title='bbox 2160 1893 2339 1947; x_wconf 89' lang='lat' dir='ltr'><strong>tribus</strong></span> <span class='ocrx_word' id='word_1_225' title='bbox 2393 1891 2737 1948; x_wconf 87' lang='lat' dir='ltr'><strong>Cabarorum</strong></span> <span class='ocrx_word' id='word_1_226' title='bbox 2795 1890 3014 1960; x_wconf 87' lang='lat' dir='ltr'><strong>populis</strong></span> <span class='ocrx_word' id='word_1_227' title='bbox 3061 1889 3316 1958; x_wconf 72' lang='lat' dir='ltr'><strong>princeps</strong></span> <span class='ocrx_word' id='word_1_228' title='bbox 3363 1896 3445 1939; x_wconf 79' lang='grc' dir='ltr'>ρει</span> <span class='ocrx_word' id='word_1_229' title='bbox 3511 1886 3575 1937; x_wconf 84' lang='lat' dir='ltr'><strong>ad</strong></span> 
     </span>
    </p>
   </div>
   <div class='ocr_carea' id='block_1_36' title="bbox 304 1959 1877 2067">
    <p class='ocr_par' dir='ltr' id='par_1_36' title="bbox 304 1963 1877 2051">
     <span class='ocr_line' id='line_1_36' title="bbox 304 1963 1877 2051; baseline 0.013 -37"><span class='ocrx_word' id='word_1_230' title='bbox 304 1963 496 2033; x_wconf 80' lang='grc' dir='ltr'>τέρους</span> <span class='ocrx_word' id='word_1_231' title='bbox 539 1967 848 2024; x_wconf 81' lang='grc' dir='ltr'>δείκνυσθαι</span> <span class='ocrx_word' id='word_1_232' title='bbox 886 1973 994 2025; x_wconf 86' lang='grc' dir='ltr'>τῶν</span> <span class='ocrx_word' id='word_1_233' title='bbox 1031 1974 1176 2028; x_wconf 85' lang='grc' dir='ltr'>ὀκτὼ</span> <span class='ocrx_word' id='word_1_234' title='bbox 1219 1979 1444 2044; x_wconf 82' lang='grc' dir='ltr'>γενεῶν,</span> <span class='ocrx_word' id='word_1_235' title='bbox 1478 1981 1574 2032; x_wconf 72' lang='grc' dir='ltr'>καὶ</span> <span class='ocrx_word' id='word_1_236' title='bbox 1614 1983 1877 2051; x_wconf 80' lang='grc' dir='ltr'>προεξάρ-</span> 
     </span>
    </p>
   </div>
   <div class='ocr_carea' id='block_1_37' title="bbox 1981 1959 2718 2067">
    <p class='ocr_par' dir='ltr' id='par_1_37' title="bbox 1994 1985 2718 2056">
     <span class='ocr_line' id='line_1_37' title="bbox 1994 1985 2718 2056; baseline 0 -18"><span class='ocrx_word' id='word_1_237' title='bbox 1994 1985 2320 2040; x_wconf 88' lang='lat' dir='ltr'><strong>hodiernum</strong></span> <span class='ocrx_word' id='word_1_238' title='bbox 2347 2001 2521 2056; x_wconf 91' lang='lat' dir='ltr'><strong>usque</strong></span> <span class='ocrx_word' id='word_1_239' title='bbox 2553 1985 2718 2040; x_wconf 87' lang='lat' dir='ltr'><strong>diem.</strong></span> 
     </span>
    </p>
   </div>
   <div class='ocr_carea' id='block_1_38' title="bbox 309 2061 3579 2150">
    <p class='ocr_par' dir='ltr' id='par_1_38' title="bbox 309 2061 3579 2150">
     <span class='ocr_line' id='line_1_38' title="bbox 309 2061 3579 2150; baseline 0.007 -31"><span class='ocrx_word' id='word_1_240' title='bbox 309 2070 424 2119; x_wconf 70' lang='grc' dir='ltr'>χειν</span> <span class='ocrx_word' id='word_1_241' title='bbox 455 2061 548 2150; x_wconf 48' lang='grc' dir='ltr'>τοῦ</span> <span class='ocrx_word' id='word_1_242' title='bbox 586 2061 822 2150; x_wconf 67' lang='grc' dir='ltr'>πολέμου</span> <span class='ocrx_word' id='word_1_243' title='bbox 853 2067 1256 2137; x_wconf 74' lang='grc' dir='ltr'>προεκρίθησαν</span> <span class='ocrx_word' id='word_1_244' title='bbox 1285 2071 1500 2139; x_wconf 77' lang='grc' dir='ltr'>πρῶται</span> <span class='ocrx_word' id='word_1_245' title='bbox 1530 2075 1716 2140; x_wconf 86' lang='grc' dir='ltr'>γενεαί</span> <span class='ocrx_word' id='word_1_246' title='bbox 1750 2091 1768 2108; x_wconf 77' lang='grc' dir='ltr'><strong>ο</strong></span> <span class='ocrx_word' id='word_1_247' title='bbox 1810 2071 1889 2139; x_wconf 76' lang='grc' dir='ltr'>εἷς</span> <span class='ocrx_word' id='word_1_248' title='bbox 1929 2077 1987 2129; x_wconf 76' lang='grc' dir='ltr'><strong>δέ</strong></span> <span class='ocrx_word' id='word_1_249' title='bbox 2043 2081 2192 2132; x_wconf 78' lang='grc' dir='ltr'>ἐστιν</span> <span class='ocrx_word' id='word_1_250' title='bbox 2221 2137 2224 2139; x_wconf 94' lang='lat'>_</span> <span class='ocrx_word' id='word_1_251' title='bbox 2253 2079 2434 2150; x_wconf 70' lang='grc' dir='ltr'>ἄρχων</span> <span class='ocrx_word' id='word_1_252' title='bbox 2485 2083 2541 2133; x_wconf 81' lang='grc' dir='ltr'>ὲν</span> <span class='ocrx_word' id='word_1_253' title='bbox 2591 2081 2792 2144; x_wconf 79' lang='grc' dir='ltr'>αὐτοῖς,</span> <span class='ocrx_word' id='word_1_254' title='bbox 2852 2080 3021 2150; x_wconf 76' lang='grc' dir='ltr'>ἤγουν</span> <span class='ocrx_word' id='word_1_255' title='bbox 3111 2078 3168 2129; x_wconf 75' lang='grc' dir='ltr'>ἐν</span> <span class='ocrx_word' id='word_1_256' title='bbox 3264 2077 3381 2136; x_wconf 81' lang='grc' dir='ltr'>ταῖς</span> <span class='ocrx_word' id='word_1_257' title='bbox 3434 2073 3579 2142; x_wconf 65' lang='grc' dir='ltr'>τρισὶ</span> 
     </span>
    </p>
   </div>
   <div class='ocr_carea' id='block_1_39' title="bbox 313 2148 2061 2237">
    <p class='ocr_par' dir='ltr' id='par_1_39' title="bbox 313 2148 2061 2237">
     <span class='ocr_line' id='line_1_39' title="bbox 313 2148 2061 2237; baseline 0.016 -43"><span class='ocrx_word' id='word_1_258' title='bbox 313 2148 524 2210; x_wconf 82' lang='grc' dir='ltr'>γενεαῖς</span> <span class='ocrx_word' id='word_1_259' title='bbox 550 2148 656 2201; x_wconf 79' lang='grc' dir='ltr'><strong>τῶν</strong></span> <span class='ocrx_word' id='word_1_260' title='bbox 687 2151 976 2222; x_wconf 76' lang='grc' dir='ltr'>Καϐάρων,</span> <span class='ocrx_word' id='word_1_261' title='bbox 998 2157 1146 2221; x_wconf 84' lang='grc' dir='ltr'>ὅστις</span> <span class='ocrx_word' id='word_1_262' title='bbox 1174 2161 1268 2214; x_wconf 74' lang='grc' dir='ltr'>καὶ</span> <span class='ocrx_word' id='word_1_263' title='bbox 1308 2161 1472 2232; x_wconf 82' lang='grc' dir='ltr'>μέχρι</span> <span class='ocrx_word' id='word_1_264' title='bbox 1504 2165 1604 2233; x_wconf 85' lang='grc' dir='ltr'>τῆς</span> <span class='ocrx_word' id='word_1_265' title='bbox 1647 2166 1886 2237; x_wconf 80' lang='grc' dir='ltr'>σήμερόν</span> <span class='ocrx_word' id='word_1_266' title='bbox 1925 2169 2061 2224; x_wconf 76' lang='grc' dir='ltr'>ἐστι.</span> 
     </span>
    </p>
   </div>
   <div class='ocr_carea' id='block_1_40' title="bbox 912 2275 1286 2333">
    <p class='ocr_par' dir='ltr' id='par_1_40' title="bbox 912 2275 1286 2333">
     <span class='ocr_line' id='line_1_40' title="bbox 912 2275 1286 2333; baseline 0.013 -5"><span class='ocrx_word' id='word_1_267' title='bbox 912 2275 1162 2331; x_wconf 78' lang='grc' dir='ltr'><strong>ΚΕΦΑΛ.</strong></span> <span class='ocrx_word' id='word_1_268' title='bbox 1193 2277 1286 2333; x_wconf 84' lang='grc' dir='ltr'><strong>Μ’.</strong></span> 
     </span>
    </p>
   </div>
   <div class='ocr_carea' id='block_1_41' title="bbox 337 2375 1847 2459">
    <p class='ocr_par' dir='ltr' id='par_1_41' title="bbox 337 2375 1847 2459">
     <span class='ocr_line' id='line_1_41' title="bbox 337 2375 1847 2459; baseline 0.014 -33"><span class='ocrx_word' id='word_1_269' title='bbox 337 2375 474 2442; x_wconf 77' lang='grc' dir='ltr'>Περὶ</span> <span class='ocrx_word' id='word_1_270' title='bbox 520 2377 638 2431; x_wconf 78' lang='grc' dir='ltr'>τῶν</span> <span class='ocrx_word' id='word_1_271' title='bbox 665 2381 889 2447; x_wconf 76' lang='grc' dir='ltr'>γενεῶν</span> <span class='ocrx_word' id='word_1_272' title='bbox 918 2383 1037 2437; x_wconf 79' lang='grc' dir='ltr'><strong>τῶν</strong></span> <span class='ocrx_word' id='word_1_273' title='bbox 1084 2386 1365 2455; x_wconf 64' lang='grc' dir='ltr'>Καϐείρων</span> <span class='ocrx_word' id='word_1_274' title='bbox 1412 2390 1509 2443; x_wconf 80' lang='grc' dir='ltr'>καὶ</span> <span class='ocrx_word' id='word_1_275' title='bbox 1555 2392 1847 2459; x_wconf 76' lang='grc' dir='ltr'><strong>Τούρκων.</strong></span> 
     </span>
    </p>
   </div>
   <div class='ocr_carea' id='block_1_42' title="bbox 372 2467 1882 2553">
    <p class='ocr_par' dir='ltr' id='par_1_42' title="bbox 372 2467 1882 2553">
     <span class='ocr_line' id='line_1_42' title="bbox 372 2467 1882 2553; baseline 0.012 -35"><span class='ocrx_word' id='word_1_276' title='bbox 372 2467 569 2540; x_wconf 84' lang='grc' dir='ltr'>Πρώτη</span> <span class='ocrx_word' id='word_1_277' title='bbox 604 2472 635 2540; x_wconf 84' lang='grc' dir='ltr'>ή</span> <span class='ocrx_word' id='word_1_278' title='bbox 680 2473 829 2542; x_wconf 85' lang='grc' dir='ltr'>παρὰ</span> <span class='ocrx_word' id='word_1_279' title='bbox 855 2474 964 2528; x_wconf 84' lang='grc' dir='ltr'><strong>τῶν</strong></span> <span class='ocrx_word' id='word_1_280' title='bbox 999 2478 1269 2548; x_wconf 81' lang='grc' dir='ltr'>Χαζάρων</span> <span class='ocrx_word' id='word_1_281' title='bbox 1301 2481 1712 2536; x_wconf 80' lang='grc' dir='ltr'>ἀποσπασθεῖσα</span> <span class='ocrx_word' id='word_1_282' title='bbox 1743 2485 1882 2553; x_wconf 74' lang='grc' dir='ltr'>αὕτη</span> 
     </span>
    </p>
   </div>
   <div class='ocr_carea' id='block_1_43' title="bbox 298 2560 1881 2646">
    <p class='ocr_par' dir='ltr' id='par_1_43' title="bbox 298 2560 1881 2646">
     <span class='ocr_line' id='line_1_43' title="bbox 298 2560 1881 2646; baseline 0.013 -36"><span class='ocrx_word' id='word_1_283' title='bbox 298 2560 332 2627; x_wconf 80' lang='grc' dir='ltr'><strong>ἡ</strong></span> <span class='ocrx_word' id='word_1_284' title='bbox 383 2563 758 2633; x_wconf 73' lang='grc' dir='ltr'>προρῤηθεῖσα</span> <span class='ocrx_word' id='word_1_285' title='bbox 808 2565 919 2618; x_wconf 85' lang='grc' dir='ltr'><strong>τῶν</strong></span> <span class='ocrx_word' id='word_1_286' title='bbox 969 2568 1244 2640; x_wconf 78' lang='grc' dir='ltr'>Καϐάρων</span> <span class='ocrx_word' id='word_1_287' title='bbox 1292 2573 1474 2640; x_wconf 76' lang='grc' dir='ltr'>γενεὰ,</span> <span class='ocrx_word' id='word_1_288' title='bbox 1505 2575 1733 2646; x_wconf 85' lang='grc' dir='ltr'>δευτέρα</span> <span class='ocrx_word' id='word_1_289' title='bbox 1789 2579 1881 2630; x_wconf 75' lang='grc' dir='ltr'>τοῦ</span> 
     </span>
    </p>
   </div>
   <div class='ocr_carea' id='block_1_44' title="bbox 295 2652 1877 2740">
    <p class='ocr_par' dir='ltr' id='par_1_44' title="bbox 295 2652 1877 2740">
     <span class='ocr_line' id='line_1_44' title="bbox 295 2652 1877 2740; baseline 0.013 -37"><span class='ocrx_word' id='word_1_290' title='bbox 295 2652 449 2722; x_wconf 82' lang='grc' dir='ltr'>Νὲκη</span> <span class='ocrx_word' id='word_1_291' title='bbox 486 2653 586 2724; x_wconf 90' lang='grc'>(9),</span> <span class='ocrx_word' id='word_1_292' title='bbox 621 2655 779 2728; x_wconf 84' lang='grc' dir='ltr'>τρίτη</span> <span class='ocrx_word' id='word_1_293' title='bbox 815 2657 909 2710; x_wconf 79' lang='grc' dir='ltr'>τοῦ</span> <span class='ocrx_word' id='word_1_294' title='bbox 956 2660 1202 2733; x_wconf 83' lang='grc' dir='ltr'>Μεγέρη,</span> <span class='ocrx_word' id='word_1_295' title='bbox 1233 2665 1468 2736; x_wconf 77' lang='grc' dir='ltr'>τετάρτη</span> <span class='ocrx_word' id='word_1_296' title='bbox 1501 2667 1596 2720; x_wconf 82' lang='grc' dir='ltr'>τοῦ</span> <span class='ocrx_word' id='word_1_297' title='bbox 1630 2669 1877 2740; x_wconf 64' lang='grc' dir='ltr'>Κουρτυκ</span> 
     </span>
    </p>
   </div>
   <div class='ocr_carea' id='block_1_45' title="bbox 293 2751 1872 2835">
    <p class='ocr_par' dir='ltr' id='par_1_45' title="bbox 293 2751 1872 2835">
     <span class='ocr_line' id='line_1_45' title="bbox 293 2751 1872 2835; baseline -0.004 -13"><span class='ocrx_word' id='word_1_298' title='bbox 293 2751 612 2820; x_wconf 72' lang='grc' dir='ltr'><strong>γερμάτουν</strong></span> <span class='ocrx_word' id='word_1_299' title='bbox 673 2755 902 2824; x_wconf 79' lang='grc' dir='ltr'>πέμπτη</span> <span class='ocrx_word' id='word_1_300' title='bbox 959 2757 1052 2811; x_wconf 80' lang='grc' dir='ltr'>τοῦ</span> <span class='ocrx_word' id='word_1_301' title='bbox 1112 2759 1423 2830; x_wconf 84' lang='grc' dir='ltr'>Ταριάνου,</span> <span class='ocrx_word' id='word_1_302' title='bbox 1477 2762 1608 2833; x_wconf 74' lang='grc' dir='ltr'>ἕκτη</span> <span class='ocrx_word' id='word_1_303' title='bbox 1663 2764 1872 2835; x_wconf 73' lang='grc' dir='ltr'>Γενάχ,</span> 
     </span>
    </p>
   </div>
   <div class='ocr_carea' id='block_1_46' title="bbox 295 2844 1878 2928">
    <p class='ocr_par' dir='ltr' id='par_1_46' title="bbox 295 2844 1878 2928">
     <span class='ocr_line' id='line_1_46' title="bbox 295 2844 1878 2928; baseline 0.009 -31"><span class='ocrx_word' id='word_1_304' title='bbox 295 2844 500 2916; x_wconf 71' lang='grc' dir='ltr'>ἑϐδόμη</span> <span class='ocrx_word' id='word_1_305' title='bbox 556 2847 738 2919; x_wconf 83' lang='grc' dir='ltr'>Καρὴ,</span> <span class='ocrx_word' id='word_1_306' title='bbox 803 2850 962 2921; x_wconf 80' lang='grc' dir='ltr'>ὀγδόη</span> <span class='ocrx_word' id='word_1_307' title='bbox 1007 2853 1188 2923; x_wconf 78' lang='grc' dir='ltr'>Κασή.</span> <span class='ocrx_word' id='word_1_308' title='bbox 1243 2856 1354 2908; x_wconf 80' lang='grc' dir='ltr'><strong>Καὶ</strong></span> <span class='ocrx_word' id='word_1_309' title='bbox 1405 2855 1580 2919; x_wconf 76' lang='grc' dir='ltr'>οὕτως</span> <span class='ocrx_word' id='word_1_310' title='bbox 1627 2856 1878 2928; x_wconf 78' lang='grc' dir='ltr'>ἀλλήλοις</span> 
     </span>
    </p>
   </div>
   <div class='ocr_carea' id='block_1_47' title="bbox 296 2941 1878 3021">
    <p class='ocr_par' dir='ltr' id='par_1_47' title="bbox 296 2941 1878 3021">
     <span class='ocr_line' id='line_1_47' title="bbox 296 2941 1878 3021; baseline 0.008 -29"><span class='ocrx_word' id='word_1_311' title='bbox 296 2941 662 3010; x_wconf 82' lang='grc' dir='ltr'>συναφθέντες</span> <span class='ocrx_word' id='word_1_312' title='bbox 703 2945 841 3012; x_wconf 81' lang='grc' dir='ltr'>μετὰ</span> <span class='ocrx_word' id='word_1_313' title='bbox 869 2945 979 2998; x_wconf 85' lang='grc' dir='ltr'>τῶν</span> <span class='ocrx_word' id='word_1_314' title='bbox 1013 2946 1270 3018; x_wconf 86' lang='grc' dir='ltr'>Τούρκων</span> <span class='ocrx_word' id='word_1_315' title='bbox 1299 2951 1348 3002; x_wconf 78' lang='lat' dir='ltr'><strong>oi</strong></span> <span class='ocrx_word' id='word_1_316' title='bbox 1391 2950 1642 3020; x_wconf 77' lang='grc' dir='ltr'>Κάϐαροι</span> <span class='ocrx_word' id='word_1_317' title='bbox 1667 2952 1745 3015; x_wconf 88' lang='grc' dir='ltr'><strong>είς</strong></span> <span class='ocrx_word' id='word_1_318' title='bbox 1778 2952 1878 3021; x_wconf 81' lang='grc' dir='ltr'>τὴν</span> 
     </span>
    </p>
   </div>
   <div class='ocr_carea' id='block_1_48' title="bbox 289 3032 1879 3112">
    <p class='ocr_par' dir='ltr' id='par_1_48' title="bbox 289 3032 1879 3112">
     <span class='ocr_line' id='line_1_48' title="bbox 289 3032 1879 3112; baseline 0.005 -25"><span class='ocrx_word' id='word_1_319' title='bbox 289 3032 404 3087; x_wconf 85' lang='grc' dir='ltr'>τῶν</span> <span class='ocrx_word' id='word_1_320' title='bbox 451 3032 860 3098; x_wconf 73' lang='grc' dir='ltr'>Πατζινακιτῶν</span> <span class='ocrx_word' id='word_1_321' title='bbox 890 3037 1219 3110; x_wconf 81' lang='grc' dir='ltr'>κατῴκησαν</span> <span class='ocrx_word' id='word_1_322' title='bbox 1256 3041 1379 3112; x_wconf 83' lang='grc' dir='ltr'>γῆν.</span> <span class='ocrx_word' id='word_1_323' title='bbox 1413 3041 1569 3095; x_wconf 80' lang='grc' dir='ltr'>Μετὰ</span> <span class='ocrx_word' id='word_1_324' title='bbox 1613 3042 1668 3096; x_wconf 83' lang='grc' dir='ltr'>δὲ</span> <span class='ocrx_word' id='word_1_325' title='bbox 1705 3043 1879 3096; x_wconf 80' lang='grc' dir='ltr'>ταῦτα</span> 
     </span>
    </p>
   </div>
   <div class='ocr_carea' id='block_1_49' title="bbox 290 3125 1878 3204">
    <p class='ocr_par' dir='ltr' id='par_1_49' title="bbox 290 3125 1878 3204">
     <span class='ocr_line' id='line_1_49' title="bbox 290 3125 1878 3204; baseline 0.006 -27"><span class='ocrx_word' id='word_1_326' title='bbox 290 3125 448 3195; x_wconf 75' lang='grc' dir='ltr'>παρὰ</span> <span class='ocrx_word' id='word_1_327' title='bbox 475 3127 703 3191; x_wconf 78' lang='grc' dir='ltr'>Λέοντος</span> <span class='ocrx_word' id='word_1_328' title='bbox 733 3129 827 3182; x_wconf 78' lang='grc' dir='ltr'>τοῦ</span> <span class='ocrx_word' id='word_1_329' title='bbox 878 3130 1226 3202; x_wconf 76' lang='grc' dir='ltr'>φιλοχρίστου</span> <span class='ocrx_word' id='word_1_330' title='bbox 1275 3132 1372 3187; x_wconf 74' lang='grc' dir='ltr'><strong>καὶ</strong></span> <span class='ocrx_word' id='word_1_331' title='bbox 1429 3134 1674 3204; x_wconf 82' lang='grc' dir='ltr'>ἀοῖδίμου</span> <span class='ocrx_word' id='word_1_332' title='bbox 1723 3135 1878 3204; x_wconf 87' lang='grc' dir='ltr'>βασι-</span> 
     </span>
    </p>
   </div>
   <div class='ocr_carea' id='block_1_50' title="bbox 287 3219 1876 3299">
    <p class='ocr_par' dir='ltr' id='par_1_50' title="bbox 287 3219 1876 3299">
     <span class='ocr_line' id='line_1_50' title="bbox 287 3219 1876 3299; baseline 0.006 -27"><span class='ocrx_word' id='word_1_333' title='bbox 287 3219 430 3284; x_wconf 75' lang='grc' dir='ltr'>λέως</span> <span class='ocrx_word' id='word_1_334' title='bbox 481 3222 918 3294; x_wconf 77' lang='grc' dir='ltr'>προσκληθέντες</span> <span class='ocrx_word' id='word_1_335' title='bbox 965 3224 1318 3297; x_wconf 84' lang='grc' dir='ltr'>διεπέρασαν,</span> <span class='ocrx_word' id='word_1_336' title='bbox 1371 3227 1464 3280; x_wconf 76' lang='grc' dir='ltr'><strong>καὶ</strong></span> <span class='ocrx_word' id='word_1_337' title='bbox 1518 3227 1607 3280; x_wconf 78' lang='grc' dir='ltr'>τὸν</span> <span class='ocrx_word' id='word_1_338' title='bbox 1651 3228 1876 3299; x_wconf 85' lang='grc' dir='ltr'>Συμεὼν</span> 
     </span>
    </p>
   </div>
   <div class='ocr_carea' id='block_1_51' title="bbox 285 3313 1868 3390">
    <p class='ocr_par' dir='ltr' id='par_1_51' title="bbox 285 3313 1868 3390">
     <span class='ocr_line' id='line_1_51' title="bbox 285 3313 1868 3390; baseline 0.005 -24"><span class='ocrx_word' id='word_1_339' title='bbox 285 3313 702 3384; x_wconf 78' lang='grc' dir='ltr'>πολεμήσαντες</span> <span class='ocrx_word' id='word_1_340' title='bbox 761 3315 873 3385; x_wconf 77' lang='grc'>(10)</span> <span class='ocrx_word' id='word_1_341' title='bbox 926 3317 1068 3370; x_wconf 75' lang='grc' dir='ltr'>κατὰ</span> <span class='ocrx_word' id='word_1_342' title='bbox 1117 3318 1320 3389; x_wconf 88' lang='grc' dir='ltr'>κράτος</span> <span class='ocrx_word' id='word_1_343' title='bbox 1368 3317 1532 3372; x_wconf 73' lang='grc' dir='ltr'>αὐτὸν</span> <span class='ocrx_word' id='word_1_344' title='bbox 1583 3320 1827 3390; x_wconf 78' lang='grc' dir='ltr'>ἥττησαν</span> <span class='ocrx_word' id='word_1_345' title='bbox 1854 3339 1868 3354; x_wconf 88' lang='grc'><strong>·</strong></span> 
     </span>
    </p>
   </div>
   <div class='ocr_carea' id='block_1_52' title="bbox 288 3405 1870 3482">
    <p class='ocr_par' dir='ltr' id='par_1_52' title="bbox 288 3405 1870 3482">
     <span class='ocr_line' id='line_1_52' title="bbox 288 3405 1870 3482; baseline 0.004 -24"><span class='ocrx_word' id='word_1_346' title='bbox 288 3406 387 3458; x_wconf 78' lang='grc' dir='ltr'>καὶ</span> <span class='ocrx_word' id='word_1_347' title='bbox 416 3405 774 3470; x_wconf 78' lang='grc' dir='ltr'>ἐξελάσαντες</span> <span class='ocrx_word' id='word_1_348' title='bbox 801 3409 965 3478; x_wconf 82' lang='grc' dir='ltr'>μέχρι</span> <span class='ocrx_word' id='word_1_349' title='bbox 994 3407 1095 3478; x_wconf 84' lang='grc' dir='ltr'>τῆς</span> <span class='ocrx_word' id='word_1_350' title='bbox 1116 3408 1468 3480; x_wconf 80' lang='grc' dir='ltr'>Πρεσθλάὸου</span> <span class='ocrx_word' id='word_1_351' title='bbox 1507 3410 1551 3480; x_wconf 80' lang='grc'>(1</span> <span class='ocrx_word' id='word_1_352' title='bbox 1571 3411 1618 3480; x_wconf 88' lang='grc' dir='ltr'>Ι)</span> <span class='ocrx_word' id='word_1_353' title='bbox 1653 3410 1870 3482; x_wconf 82' lang='grc' dir='ltr'>διῆλθον</span> 
     </span>
    </p>
   </div>
   <div class='ocr_carea' id='block_1_53' title="bbox 287 3497 1869 3573">
    <p class='ocr_par' dir='ltr' id='par_1_53' title="bbox 287 3497 1869 3573">
     <span class='ocr_line' id='line_1_53' title="bbox 287 3497 1869 3573; baseline 0.005 -23"><span class='ocrx_word' id='word_1_354' title='bbox 287 3497 720 3563; x_wconf 73' lang='grc' dir='ltr'>ἀποκλείσαντες</span> <span class='ocrx_word' id='word_1_355' title='bbox 749 3500 910 3554; x_wconf 77' lang='grc' dir='ltr'>αὑτὸν</span> <span class='ocrx_word' id='word_1_356' title='bbox 958 3502 1037 3564; x_wconf 86' lang='grc' dir='ltr'><strong>είς</strong></span> <span class='ocrx_word' id='word_1_357' title='bbox 1069 3501 1130 3554; x_wconf 85' lang='grc' dir='ltr'>τὸ</span> <span class='ocrx_word' id='word_1_358' title='bbox 1171 3503 1409 3573; x_wconf 86' lang='grc' dir='ltr'>κάστρον</span> <span class='ocrx_word' id='word_1_359' title='bbox 1465 3502 1526 3555; x_wconf 75' lang='grc' dir='ltr'><strong>τὸ</strong></span> <span class='ocrx_word' id='word_1_360' title='bbox 1573 3501 1869 3573; x_wconf 84' lang='grc' dir='ltr'>λεγόμενον</span> 
     </span>
    </p>
   </div>
   <div class='ocr_carea' id='block_1_54' title="bbox 285 3590 1942 3689">
    <p class='ocr_par' dir='ltr' id='par_1_54' title="bbox 285 3590 1942 3689">
     <span class='ocr_line' id='line_1_54' title="bbox 285 3590 1942 3689; baseline 0.004 -48"><span class='ocrx_word' id='word_1_361' title='bbox 285 3590 641 3659; x_wconf 76' lang='grc' dir='ltr'>Μουνδράγα,</span> <span class='ocrx_word' id='word_1_362' title='bbox 702 3592 792 3645; x_wconf 71' lang='grc' dir='ltr'>καὶ</span> <span class='ocrx_word' id='word_1_363' title='bbox 839 3592 917 3656; x_wconf 83' lang='grc' dir='ltr'><strong>είς</strong></span> <span class='ocrx_word' id='word_1_364' title='bbox 954 3593 1051 3664; x_wconf 85' lang='grc' dir='ltr'>τὴν</span> <span class='ocrx_word' id='word_1_365' title='bbox 1089 3594 1224 3648; x_wconf 80' lang='grc' dir='ltr'>ἰδίαν</span> <span class='ocrx_word' id='word_1_366' title='bbox 1259 3593 1440 3665; x_wconf 84' lang='grc' dir='ltr'>χώραν</span> <span class='ocrx_word' id='word_1_367' title='bbox 1471 3593 1818 3664; x_wconf 77' lang='grc' dir='ltr'>ὑπέστρεψαν</span> <span class='ocrx_word' id='word_1_368' title='bbox 1852 3611 1865 3624; x_wconf 88' lang='grc'>·</span> <span class='ocrx_word' id='word_1_369' title='bbox 1899 3631 1942 3689; x_wconf 77' lang='lat' dir='ltr'><strong><em>C</em></strong></span> 
     </span>
    </p>
   </div>
   <div class='ocr_carea' id='block_1_55' title="bbox 283 3678 1875 3756">
    <p class='ocr_par' dir='ltr' id='par_1_55' title="bbox 283 3678 1875 3756">
     <span class='ocr_line' id='line_1_55' title="bbox 283 3678 1875 3756; baseline 0.004 -25"><span class='ocrx_word' id='word_1_370' title='bbox 283 3678 368 3748; x_wconf 81' lang='grc' dir='ltr'>τῷ</span> <span class='ocrx_word' id='word_1_371' title='bbox 396 3680 450 3732; x_wconf 76' lang='grc' dir='ltr'>δὲ</span> <span class='ocrx_word' id='word_1_372' title='bbox 480 3682 600 3733; x_wconf 77' lang='grc' dir='ltr'>τότε</span> <span class='ocrx_word' id='word_1_373' title='bbox 625 3681 802 3752; x_wconf 81' lang='grc' dir='ltr'>καιρῷ</span> <span class='ocrx_word' id='word_1_374' title='bbox 851 3681 941 3734; x_wconf 73' lang='grc' dir='ltr'><strong>τὸν</strong></span> <span class='ocrx_word' id='word_1_375' title='bbox 990 3683 1286 3736; x_wconf 76' lang='grc' dir='ltr'>Λιούντικα</span> <span class='ocrx_word' id='word_1_376' title='bbox 1336 3683 1427 3735; x_wconf 74' lang='grc' dir='ltr'><strong>τὸν</strong></span> <span class='ocrx_word' id='word_1_377' title='bbox 1479 3683 1593 3736; x_wconf 84' lang='grc' dir='ltr'>υίὸν</span> <span class='ocrx_word' id='word_1_378' title='bbox 1614 3683 1708 3736; x_wconf 79' lang='grc' dir='ltr'><strong>τοῦ</strong></span> <span class='ocrx_word' id='word_1_379' title='bbox 1750 3685 1875 3756; x_wconf 81' lang='grc' dir='ltr'><strong>Ἀρ-</strong></span> 
     </span>
    </p>
   </div>
   <div class='ocr_carea' id='block_1_56' title="bbox 285 3767 1872 3844">
    <p class='ocr_par' dir='ltr' id='par_1_56' title="bbox 285 3767 1872 3844">
     <span class='ocr_line' id='line_1_56' title="bbox 285 3767 1872 3844; baseline 0.006 -24"><span class='ocrx_word' id='word_1_380' title='bbox 285 3770 432 3841; x_wconf 66' lang='grc' dir='ltr'>τιαδὴ</span> <span class='ocrx_word' id='word_1_381' title='bbox 463 3767 606 3841; x_wconf 74' lang='grc' dir='ltr'>εἶχον</span> <span class='ocrx_word' id='word_1_382' title='bbox 645 3772 902 3842; x_wconf 75' lang='grc' dir='ltr'>ἄρχοντα.</span> <span class='ocrx_word' id='word_1_383' title='bbox 935 3773 1093 3826; x_wconf 84' lang='grc' dir='ltr'>Μετὰ</span> <span class='ocrx_word' id='word_1_384' title='bbox 1131 3775 1187 3827; x_wconf 84' lang='grc' dir='ltr'>δὲ</span> <span class='ocrx_word' id='word_1_385' title='bbox 1223 3774 1284 3826; x_wconf 78' lang='grc' dir='ltr'>τὸ</span> <span class='ocrx_word' id='word_1_386' title='bbox 1318 3776 1480 3828; x_wconf 85' lang='grc' dir='ltr'>πάλιν</span> <span class='ocrx_word' id='word_1_387' title='bbox 1518 3774 1608 3828; x_wconf 84' lang='grc' dir='ltr'>τὸν</span> <span class='ocrx_word' id='word_1_388' title='bbox 1647 3775 1872 3844; x_wconf 81' lang='grc' dir='ltr'>Συμεὼν</span> 
     </span>
    </p>
   </div>
   <div class='ocr_carea' id='block_1_57' title="bbox 288 3862 1872 3934">
    <p class='ocr_par' dir='ltr' id='par_1_57' title="bbox 288 3862 1872 3934">
     <span class='ocr_line' id='line_1_57' title="bbox 288 3862 1872 3934; baseline 0.002 -20"><span class='ocrx_word' id='word_1_389' title='bbox 288 3862 430 3930; x_wconf 70' lang='grc' dir='ltr'>μετὰ</span> <span class='ocrx_word' id='word_1_390' title='bbox 453 3863 546 3915; x_wconf 74' lang='grc' dir='ltr'>τοῦ</span> <span class='ocrx_word' id='word_1_391' title='bbox 584 3863 846 3933; x_wconf 79' lang='grc' dir='ltr'>βασιλέως</span> <span class='ocrx_word' id='word_1_392' title='bbox 871 3863 980 3915; x_wconf 83' lang='grc' dir='ltr'><strong>τῶν</strong></span> <span class='ocrx_word' id='word_1_393' title='bbox 1030 3863 1318 3932; x_wconf 86' lang='grc' dir='ltr'>Ῥωμαίων</span> <span class='ocrx_word' id='word_1_394' title='bbox 1351 3865 1748 3934; x_wconf 77' lang='grc' dir='ltr'>εἰρηνεύεσθαι,</span> <span class='ocrx_word' id='word_1_395' title='bbox 1778 3867 1872 3917; x_wconf 72' lang='grc' dir='ltr'>καὶ</span> 
     </span>
    </p>
   </div>
   <div class='ocr_carea' id='block_1_58' title="bbox 284 3952 1870 4024">
    <p class='ocr_par' dir='ltr' id='par_1_58' title="bbox 284 3952 1870 4024">
     <span class='ocr_line' id='line_1_58' title="bbox 284 3952 1870 4024; baseline 0.001 -20"><span class='ocrx_word' id='word_1_396' title='bbox 284 3952 471 4007; x_wconf 77' lang='grc' dir='ltr'>λαεεῖν</span> <span class='ocrx_word' id='word_1_397' title='bbox 513 3953 718 4020; x_wconf 75' lang='grc' dir='ltr'>ἄδειαν,</span> <span class='ocrx_word' id='word_1_398' title='bbox 764 3953 1101 4024; x_wconf 70' lang='grc' dir='ltr'>διεπέμψατο</span> <span class='ocrx_word' id='word_1_399' title='bbox 1132 3954 1268 4023; x_wconf 75' lang='grc' dir='ltr'>πρὸς</span> <span class='ocrx_word' id='word_1_400' title='bbox 1290 3955 1415 4016; x_wconf 82' lang='grc' dir='ltr'>τοὺς</span> <span class='ocrx_word' id='word_1_401' title='bbox 1451 3953 1870 4021; x_wconf 74' lang='grc' dir='ltr'>Πατζινακίτας,</span> 
     </span>
    </p>
   </div>
   <div class='ocr_carea' id='block_1_59' title="bbox 283 4034 1871 4115">
    <p class='ocr_par' dir='ltr' id='par_1_59' title="bbox 283 4034 1871 4115">
     <span class='ocr_line' id='line_1_59' title="bbox 283 4034 1871 4115; baseline 0 -19"><span class='ocrx_word' id='word_1_402' title='bbox 283 4046 384 4097; x_wconf 69' lang='grc' dir='ltr'>καὶ</span> <span class='ocrx_word' id='word_1_403' title='bbox 421 4047 538 4114; x_wconf 82' lang='grc' dir='ltr'>μετ’</span> <span class='ocrx_word' id='word_1_404' title='bbox 568 4034 749 4098; x_wconf 77' lang='grc' dir='ltr'>αὐτῶν</span> <span class='ocrx_word' id='word_1_405' title='bbox 779 4043 1120 4115; x_wconf 70' lang='grc' dir='ltr'>ὡμοφώνησε</span> <span class='ocrx_word' id='word_1_406' title='bbox 1162 4044 1254 4097; x_wconf 83' lang='grc' dir='ltr'>τοῦ</span> <span class='ocrx_word' id='word_1_407' title='bbox 1288 4042 1744 4114; x_wconf 78' lang='grc' dir='ltr'>καταπολεμῆσαι</span> <span class='ocrx_word' id='word_1_408' title='bbox 1775 4045 1871 4096; x_wconf 75' lang='grc' dir='ltr'>καὶ</span> 
     </span>
    </p>
   </div>
   <div class='ocr_carea' id='block_1_60' title="bbox 283 4135 1870 4208">
    <p class='ocr_par' dir='ltr' id='par_1_60' title="bbox 283 4135 1870 4208">
     <span class='ocr_line' id='line_1_60' title="bbox 283 4135 1870 4208; baseline -0.001 -19"><span class='ocrx_word' id='word_1_409' title='bbox 283 4138 550 4206; x_wconf 78' lang='grc' dir='ltr'>ἀφανίσαι</span> <span class='ocrx_word' id='word_1_410' title='bbox 578 4140 701 4200; x_wconf 69' lang='grc' dir='ltr'>τοὺς</span> <span class='ocrx_word' id='word_1_411' title='bbox 744 4137 1041 4208; x_wconf 77' lang='grc' dir='ltr'>Τούρκους.</span> <span class='ocrx_word' id='word_1_412' title='bbox 1080 4138 1188 4190; x_wconf 73' lang='grc' dir='ltr'><strong>Καὶ</strong></span> <span class='ocrx_word' id='word_1_413' title='bbox 1239 4137 1328 4190; x_wconf 84' lang='grc' dir='ltr'>ὅτε</span> <span class='ocrx_word' id='word_1_414' title='bbox 1384 4137 1435 4188; x_wconf 80' lang='grc' dir='ltr'>οἱ</span> <span class='ocrx_word' id='word_1_415' title='bbox 1469 4135 1702 4204; x_wconf 81' lang='grc' dir='ltr'>Τοῦρκοι</span> <span class='ocrx_word' id='word_1_416' title='bbox 1735 4136 1870 4206; x_wconf 85' lang='grc' dir='ltr'>πρὸς</span> 
     </span>
    </p>
   </div>
   <div class='ocr_carea' id='block_1_61' title="bbox 279 4227 1867 4300">
    <p class='ocr_par' dir='ltr' id='par_1_61' title="bbox 279 4227 1867 4300">
     <span class='ocr_line' id='line_1_61' title="bbox 279 4227 1867 4300; baseline 0 -20"><span class='ocrx_word' id='word_1_417' title='bbox 279 4229 552 4295; x_wconf 79' lang='grc' dir='ltr'>ταξείδιον</span> <span class='ocrx_word' id='word_1_418' title='bbox 581 4230 844 4299; x_wconf 78' lang='grc' dir='ltr'>ἀπῆλθον,</span> <span class='ocrx_word' id='word_1_419' title='bbox 900 4232 948 4284; x_wconf 87' lang='grc' dir='ltr'>οἱ</span> <span class='ocrx_word' id='word_1_420' title='bbox 1013 4229 1404 4293; x_wconf 79' lang='grc' dir='ltr'>Πατζινακῖται</span> <span class='ocrx_word' id='word_1_421' title='bbox 1469 4229 1607 4300; x_wconf 78' lang='grc' dir='ltr'>μετὰ</span> <span class='ocrx_word' id='word_1_422' title='bbox 1634 4227 1730 4281; x_wconf 79' lang='grc' dir='ltr'>τοῦ</span> <span class='ocrx_word' id='word_1_423' title='bbox 1764 4229 1867 4280; x_wconf 84' lang='grc' dir='ltr'><strong>Συ-</strong></span> 
     </span>
    </p>
   </div>
   <div class='ocr_carea' id='block_1_62' title="bbox 289 4317 1867 4393">
    <p class='ocr_par' dir='ltr' id='par_1_62' title="bbox 289 4317 1867 4393">
     <span class='ocr_line' id='line_1_62' title="bbox 289 4317 1867 4393; baseline -0.001 -21"><span class='ocrx_word' id='word_1_424' title='bbox 289 4320 438 4390; x_wconf 84' lang='grc' dir='ltr'>μεὼν</span> <span class='ocrx_word' id='word_1_425' title='bbox 483 4317 644 4393; x_wconf 80' lang='grc' dir='ltr'>ἦλθον</span> <span class='ocrx_word' id='word_1_426' title='bbox 694 4322 840 4376; x_wconf 80' lang='grc' dir='ltr'>κατὰ</span> <span class='ocrx_word' id='word_1_427' title='bbox 885 4323 995 4376; x_wconf 86' lang='grc' dir='ltr'><strong>τῶν</strong></span> <span class='ocrx_word' id='word_1_428' title='bbox 1044 4321 1324 4390; x_wconf 84' lang='grc' dir='ltr'>Τούρκων,</span> <span class='ocrx_word' id='word_1_429' title='bbox 1376 4320 1471 4374; x_wconf 76' lang='grc' dir='ltr'><strong>καὶ</strong></span> <span class='ocrx_word' id='word_1_430' title='bbox 1526 4318 1626 4382; x_wconf 84' lang='grc' dir='ltr'><strong>τὰς</strong></span> <span class='ocrx_word' id='word_1_431' title='bbox 1685 4319 1867 4372; x_wconf 84' lang='grc' dir='ltr'>αὐτῶν</span> 
     </span>
    </p>
   </div>
   <div class='ocr_carea' id='block_1_63' title="bbox 285 4409 1869 4482">
    <p class='ocr_par' dir='ltr' id='par_1_63' title="bbox 285 4409 1869 4482">
     <span class='ocr_line' id='line_1_63' title="bbox 285 4409 1869 4482; baseline -0.001 -17"><span class='ocrx_word' id='word_1_432' title='bbox 285 4413 575 4482; x_wconf 83' lang='grc' dir='ltr'>φαμηλίας</span> <span class='ocrx_word' id='word_1_433' title='bbox 619 4414 896 4477; x_wconf 83' lang='grc' dir='ltr'>παντελῶς</span> <span class='ocrx_word' id='word_1_434' title='bbox 952 4413 1307 4482; x_wconf 66' lang='grc' dir='ltr'>ὲξηφάνισαν,</span> <span class='ocrx_word' id='word_1_435' title='bbox 1363 4413 1458 4465; x_wconf 76' lang='grc' dir='ltr'>καὶ</span> <span class='ocrx_word' id='word_1_436' title='bbox 1501 4412 1631 4473; x_wconf 79' lang='grc' dir='ltr'>τοὺς</span> <span class='ocrx_word' id='word_1_437' title='bbox 1661 4413 1738 4464; x_wconf 75' lang='grc' dir='ltr'><strong>είς</strong></span> <span class='ocrx_word' id='word_1_438' title='bbox 1769 4409 1869 4480; x_wconf 75' lang='grc' dir='ltr'><strong>φύ-</strong></span> 
     </span>
    </p>
   </div>
   <div class='ocr_carea' id='block_1_64' title="bbox 281 4503 1867 4577">
    <p class='ocr_par' dir='ltr' id='par_1_64' title="bbox 281 4503 1867 4577">
     <span class='ocr_line' id='line_1_64' title="bbox 281 4503 1867 4577; baseline 0 -20"><span class='ocrx_word' id='word_1_439' title='bbox 281 4503 444 4570; x_wconf 80' lang='grc' dir='ltr'>λαξιν</span> <span class='ocrx_word' id='word_1_440' title='bbox 469 4506 566 4577; x_wconf 78' lang='grc' dir='ltr'>τῆς</span> <span class='ocrx_word' id='word_1_441' title='bbox 594 4506 780 4577; x_wconf 84' lang='grc' dir='ltr'>χώρας</span> <span class='ocrx_word' id='word_1_442' title='bbox 812 4506 994 4560; x_wconf 80' lang='grc' dir='ltr'>αὐτῶν</span> <span class='ocrx_word' id='word_1_443' title='bbox 1035 4505 1314 4576; x_wconf 72' lang='grc' dir='ltr'>Τούρκους</span> <span class='ocrx_word' id='word_1_444' title='bbox 1373 4504 1632 4558; x_wconf 81' lang='grc' dir='ltr'>ἀπεκεῖσε</span> <span class='ocrx_word' id='word_1_445' title='bbox 1677 4521 1867 4557; x_wconf 86' lang='grc' dir='ltr'>κακιν-</span> 
     </span>
    </p>
   </div>
   <div class='ocr_carea' id='block_1_65' title="bbox 2621 2287 2994 2343">
    <p class='ocr_par' dir='ltr' id='par_1_65' title="bbox 2621 2287 2994 2343">
     <span class='ocr_line' id='line_1_65' title="bbox 2621 2287 2994 2343; baseline -0.003 0"><span class='ocrx_word' id='word_1_446' title='bbox 2621 2287 2850 2343; x_wconf 79' lang='lat' dir='ltr'>CAPUT</span> <span class='ocrx_word' id='word_1_447' title='bbox 2882 2288 2994 2342; x_wconf 75' lang='lat' dir='ltr'><strong>XL.</strong></span> 
     </span>
    </p>
   </div>
   <div class='ocr_carea' id='block_1_66' title="bbox 2425 2395 3136 2451">
    <p class='ocr_par' dir='ltr' id='par_1_66' title="bbox 2425 2395 3136 2451">
     <span class='ocr_line' id='line_1_66' title="bbox 2425 2395 3136 2451; baseline 0 -1"><span class='ocrx_word' id='word_1_448' title='bbox 2425 2398 2502 2450; x_wconf 87' lang='lat' dir='ltr'><strong>De</strong></span> <span class='ocrx_word' id='word_1_449' title='bbox 2547 2395 2773 2451; x_wconf 79' lang='lat' dir='ltr'><strong>Gabaris</strong></span> <span class='ocrx_word' id='word_1_450' title='bbox 2823 2405 2873 2450; x_wconf 84' lang='lat' dir='ltr'><strong>et</strong></span> <span class='ocrx_word' id='word_1_451' title='bbox 2927 2397 3136 2450; x_wconf 78' lang='lat' dir='ltr'><strong>Turcis.</strong></span> 
     </span>
    </p>
   </div>
   <div class='ocr_carea' id='block_1_67' title="bbox 2060 2486 3579 2556">
    <p class='ocr_par' dir='ltr' id='par_1_67' title="bbox 2060 2486 3579 2556">
     <span class='ocr_line' id='line_1_67' title="bbox 2060 2486 3579 2556; baseline 0.001 -16"><span class='ocrx_word' id='word_1_452' title='bbox 2060 2486 2246 2542; x_wconf 88' lang='lat' dir='ltr'><strong>Prima</strong></span> <span class='ocrx_word' id='word_1_453' title='bbox 2288 2501 2317 2541; x_wconf 89' lang='lat' dir='ltr'><strong>a</strong></span> <span class='ocrx_word' id='word_1_454' title='bbox 2347 2487 2616 2542; x_wconf 85' lang='lat' dir='ltr'><strong>Chazaris</strong></span> <span class='ocrx_word' id='word_1_455' title='bbox 2657 2487 2848 2540; x_wconf 84' lang='lat' dir='ltr'><strong>avulsa</strong></span> <span class='ocrx_word' id='word_1_456' title='bbox 2895 2488 3007 2541; x_wconf 66' lang='lat' dir='ltr'><strong>hinc</strong></span> <span class='ocrx_word' id='word_1_457' title='bbox 3053 2487 3392 2541; x_wconf 89' lang='lat' dir='ltr'><strong>Cabarorum</strong></span> <span class='ocrx_word' id='word_1_458' title='bbox 3445 2502 3579 2556; x_wconf 71' lang='lat' dir='ltr'><strong>ges-s</strong></span> 
     </span>
    </p>
   </div>
   <div class='ocr_carea' id='block_1_68' title="bbox 1967 2577 3576 2650">
    <p class='ocr_par' dir='ltr' id='par_1_68' title="bbox 1967 2577 3576 2650">
     <span class='ocr_line' id='line_1_68' title="bbox 1967 2577 3576 2650; baseline -0.002 -16"><span class='ocrx_word' id='word_1_459' title='bbox 1967 2589 2093 2644; x_wconf 64' lang='lat' dir='ltr'><strong>‘est,</strong></span> <span class='ocrx_word' id='word_1_460' title='bbox 2142 2594 2306 2650; x_wconf 87' lang='lat' dir='ltr'><strong>quam</strong></span> <span class='ocrx_word' id='word_1_461' title='bbox 2366 2580 2516 2644; x_wconf 81' lang='lat' dir='ltr'><strong>dixi;</strong></span> <span class='ocrx_word' id='word_1_462' title='bbox 2571 2580 2812 2633; x_wconf 87' lang='lat' dir='ltr'><strong>secunda</strong></span> <span class='ocrx_word' id='word_1_463' title='bbox 2875 2577 3054 2641; x_wconf 82' lang='lat' dir='ltr'><strong>Nece;</strong></span> <span class='ocrx_word' id='word_1_464' title='bbox 3116 2579 3272 2632; x_wconf 88' lang='lat' dir='ltr'><strong>tertia</strong></span> <span class='ocrx_word' id='word_1_465' title='bbox 3326 2578 3576 2648; x_wconf 79' lang='lat' dir='ltr'><strong>Megere;</strong></span> 
     </span>
    </p>
   </div>
   <div class='ocr_carea' id='block_1_69' title="bbox 1983 2669 3577 2741">
    <p class='ocr_par' dir='ltr' id='par_1_69' title="bbox 1983 2669 3577 2741">
     <span class='ocr_line' id='line_1_69' title="bbox 1983 2669 3577 2741; baseline 0 -17"><span class='ocrx_word' id='word_1_466' title='bbox 1983 2681 2180 2740; x_wconf 75' lang='lat' dir='ltr'><strong>quarta</strong></span> <span class='ocrx_word' id='word_1_467' title='bbox 2225 2670 2670 2741; x_wconf 82' lang='lat' dir='ltr'><strong>Curtugermati;</strong></span> <span class='ocrx_word' id='word_1_468' title='bbox 2712 2671 2904 2740; x_wconf 88' lang='lat' dir='ltr'><strong>quinta</strong></span> <span class='ocrx_word' id='word_1_469' title='bbox 2959 2671 3218 2735; x_wconf 87' lang='lat' dir='ltr'><strong>Tariani;</strong></span> <span class='ocrx_word' id='word_1_470' title='bbox 3277 2680 3430 2726; x_wconf 79' lang='lat' dir='ltr'><strong>sexta</strong></span> <span class='ocrx_word' id='word_1_471' title='bbox 3469 2669 3577 2724; x_wconf 85' lang='lat' dir='ltr'><strong>Gc-</strong></span> 
     </span>
    </p>
   </div>
   <div class='ocr_carea' id='block_1_70' title="bbox 1981 2762 3574 2834">
    <p class='ocr_par' dir='ltr' id='par_1_70' title="bbox 1981 2762 3574 2834">
     <span class='ocr_line' id='line_1_70' title="bbox 1981 2762 3574 2834; baseline -0.001 -18"><span class='ocrx_word' id='word_1_472' title='bbox 1981 2764 2120 2819; x_wconf 84' lang='lat' dir='ltr'><strong>nach</strong></span> <span class='ocrx_word' id='word_1_473' title='bbox 2150 2781 2164 2824; x_wconf 86' lang='lat'><strong>:</strong></span> <span class='ocrx_word' id='word_1_474' title='bbox 2198 2765 2427 2834; x_wconf 88' lang='lat' dir='ltr'><strong>septima</strong></span> <span class='ocrx_word' id='word_1_475' title='bbox 2464 2763 2642 2831; x_wconf 85' lang='lat' dir='ltr'><strong>Care;</strong></span> <span class='ocrx_word' id='word_1_476' title='bbox 2679 2771 2872 2818; x_wconf 76' lang='lat' dir='ltr'><strong>octava</strong></span> <span class='ocrx_word' id='word_1_477' title='bbox 2906 2762 3066 2818; x_wconf 89' lang='lat' dir='ltr'><strong>Case.</strong></span> <span class='ocrx_word' id='word_1_478' title='bbox 3096 2764 3274 2832; x_wconf 87' lang='lat' dir='ltr'><strong>Atque</strong></span> <span class='ocrx_word' id='word_1_479' title='bbox 3317 2764 3396 2818; x_wconf 90' lang='lat' dir='ltr'><strong>sic</strong></span> <span class='ocrx_word' id='word_1_480' title='bbox 3442 2778 3574 2816; x_wconf 89' lang='lat' dir='ltr'><strong>eon-</strong></span> 
     </span>
    </p>
   </div>
   <div class='ocr_carea' id='block_1_71' title="bbox 1979 2855 3570 2911">
    <p class='ocr_par' dir='ltr' id='par_1_71' title="bbox 1979 2855 3570 2911">
     <span class='ocr_line' id='line_1_71' title="bbox 1979 2855 3570 2911; baseline 0 -2"><span class='ocrx_word' id='word_1_481' title='bbox 1979 2856 2100 2910; x_wconf 76' lang='lat' dir='ltr'><strong>nexi</strong></span> <span class='ocrx_word' id='word_1_482' title='bbox 2151 2856 2290 2910; x_wconf 86' lang='lat' dir='ltr'><strong>inter</strong></span> <span class='ocrx_word' id='word_1_483' title='bbox 2337 2872 2397 2911; x_wconf 91' lang='lat' dir='ltr'><strong>se</strong></span> <span class='ocrx_word' id='word_1_484' title='bbox 2439 2857 2638 2911; x_wconf 89' lang='lat' dir='ltr'><strong>Cabari</strong></span> <span class='ocrx_word' id='word_1_485' title='bbox 2682 2871 2808 2911; x_wconf 92' lang='lat' dir='ltr'><strong>cum</strong></span> <span class='ocrx_word' id='word_1_486' title='bbox 2863 2857 3063 2911; x_wconf 88' lang='lat' dir='ltr'><strong>Turcis</strong></span> <span class='ocrx_word' id='word_1_487' title='bbox 3104 2855 3570 2911; x_wconf 79' lang='lat' dir='ltr'><strong>Patziuacitarum</strong></span> 
     </span>
    </p>
   </div>
   <div class='ocr_carea' id='block_1_72' title="bbox 1979 2947 3573 3004">
    <p class='ocr_par' dir='ltr' id='par_1_72' title="bbox 1979 2947 3573 3004">
     <span class='ocr_line' id='line_1_72' title="bbox 1979 2947 3573 3004; baseline 0.001 -6"><span class='ocrx_word' id='word_1_488' title='bbox 1979 2953 2184 2999; x_wconf 85' lang='lat' dir='ltr'><strong>terram</strong></span> <span class='ocrx_word' id='word_1_489' title='bbox 2259 2947 2633 3002; x_wconf 89' lang='lat' dir='ltr'><strong>incoluerunt.</strong></span> <span class='ocrx_word' id='word_1_490' title='bbox 2703 2947 2902 3003; x_wconf 84' lang='lat' dir='ltr'><strong>Postea</strong></span> <span class='ocrx_word' id='word_1_491' title='bbox 2964 2964 3094 3003; x_wconf 80' lang='lat' dir='ltr'><strong>vero</strong></span> <span class='ocrx_word' id='word_1_492' title='bbox 3151 2964 3180 3002; x_wconf 91' lang='lat' dir='ltr'><strong>a</strong></span> <span class='ocrx_word' id='word_1_493' title='bbox 3230 2949 3412 3004; x_wconf 89' lang='lat' dir='ltr'><strong>Leone</strong></span> <span class='ocrx_word' id='word_1_494' title='bbox 3479 2949 3573 3001; x_wconf 92' lang='lat' dir='ltr'><strong>illo</strong></span> 
     </span>
    </p>
   </div>
   <div class='ocr_carea' id='block_1_73' title="bbox 1978 3037 3573 3111">
    <p class='ocr_par' dir='ltr' id='par_1_73' title="bbox 1978 3037 3573 3111">
     <span class='ocr_line' id='line_1_73' title="bbox 1978 3037 3573 3111; baseline 0 -17"><span class='ocrx_word' id='word_1_495' title='bbox 1978 3037 2182 3095; x_wconf 87' lang='lat' dir='ltr'><strong>Christi</strong></span> <span class='ocrx_word' id='word_1_496' title='bbox 2234 3049 2452 3095; x_wconf 90' lang='lat' dir='ltr'><strong>amante</strong></span> <span class='ocrx_word' id='word_1_497' title='bbox 2516 3055 2580 3095; x_wconf 91' lang='lat' dir='ltr'><strong>ac</strong></span> <span class='ocrx_word' id='word_1_498' title='bbox 2659 3040 2927 3109; x_wconf 66' lang='lat' dir='ltr'><strong>praeclaro</strong></span> <span class='ocrx_word' id='word_1_499' title='bbox 2995 3041 3326 3111; x_wconf 85' lang='lat' dir='ltr'><strong>imperatore</strong></span> <span class='ocrx_word' id='word_1_500' title='bbox 3389 3054 3573 3094; x_wconf 86' lang='lat' dir='ltr'><strong>accer-</strong></span> 
     </span>
    </p>
   </div>
   <div class='ocr_carea' id='block_1_74' title="bbox 1979 3130 3571 3203">
    <p class='ocr_par' dir='ltr' id='par_1_74' title="bbox 1979 3130 3571 3203">
     <span class='ocr_line' id='line_1_74' title="bbox 1979 3130 3571 3203; baseline 0.004 -18"><span class='ocrx_word' id='word_1_501' title='bbox 1979 3130 2072 3185; x_wconf 88' lang='lat' dir='ltr'><strong>siti</strong></span> <span class='ocrx_word' id='word_1_502' title='bbox 2150 3131 2505 3200; x_wconf 84' lang='lat' dir='ltr'><strong>trajeccrunt,</strong></span> <span class='ocrx_word' id='word_1_503' title='bbox 2562 3131 2873 3202; x_wconf 86' lang='lat' dir='ltr'><strong>bellumque</strong></span> <span class='ocrx_word' id='word_1_504' title='bbox 2937 3133 3192 3203; x_wconf 83' lang='lat' dir='ltr'><strong>Symconi</strong></span> <span class='ocrx_word' id='word_1_505' title='bbox 3253 3133 3571 3191; x_wconf 71' lang='lat' dir='ltr'><strong>inferentes.</strong></span> 
     </span>
    </p>
   </div>
   <div class='ocr_carea' id='block_1_75' title="bbox 1983 3221 3571 3292">
    <p class='ocr_par' dir='ltr' id='par_1_75' title="bbox 1983 3221 3571 3292">
     <span class='ocr_line' id='line_1_75' title="bbox 1983 3221 3571 3292; baseline 0.004 -21"><span class='ocrx_word' id='word_1_506' title='bbox 1983 3222 2129 3275; x_wconf 79' lang='lat' dir='ltr'><strong>victo</strong></span> <span class='ocrx_word' id='word_1_507' title='bbox 2176 3237 2243 3277; x_wconf 90' lang='lat' dir='ltr'><strong>co</strong></span> <span class='ocrx_word' id='word_1_508' title='bbox 2301 3221 2597 3292; x_wconf 80' lang='lat' dir='ltr'><strong>fugatoque</strong></span> <span class='ocrx_word' id='word_1_509' title='bbox 2650 3222 3036 3277; x_wconf 77' lang='lat' dir='ltr'><strong>Prcsdilabum</strong></span> <span class='ocrx_word' id='word_1_510' title='bbox 3084 3239 3256 3292; x_wconf 86' lang='lat' dir='ltr'><strong>usque</strong></span> <span class='ocrx_word' id='word_1_511' title='bbox 3305 3240 3571 3292; x_wconf 74' lang='lat' dir='ltr'><strong>pervene-</strong></span> 
     </span>
    </p>
   </div>
   <div class='ocr_carea' id='block_1_76' title="bbox 1983 3313 3572 3383">
    <p class='ocr_par' dir='ltr' id='par_1_76' title="bbox 1983 3313 3572 3383">
     <span class='ocr_line' id='line_1_76' title="bbox 1983 3313 3572 3383; baseline 0.001 -17"><span class='ocrx_word' id='word_1_512' title='bbox 1983 3322 2153 3380; x_wconf 89' lang='lat' dir='ltr'><strong>runt;</strong></span> <span class='ocrx_word' id='word_1_513' title='bbox 2184 3321 2388 3370; x_wconf 90' lang='lat' dir='ltr'><strong>etcum</strong></span> <span class='ocrx_word' id='word_1_514' title='bbox 2423 3315 2476 3369; x_wconf 91' lang='lat' dir='ltr'><strong>in</strong></span> <span class='ocrx_word' id='word_1_515' title='bbox 2509 3316 2644 3369; x_wconf 89' lang='lat' dir='ltr'><strong>urbe</strong></span> <span class='ocrx_word' id='word_1_516' title='bbox 2691 3313 2991 3383; x_wconf 81' lang='lat' dir='ltr'><strong>Mundraga</strong></span> <span class='ocrx_word' id='word_1_517' title='bbox 3023 3329 3148 3368; x_wconf 89' lang='lat' dir='ltr'><strong>eum</strong></span> <span class='ocrx_word' id='word_1_518' title='bbox 3196 3313 3572 3375; x_wconf 82' lang='lat' dir='ltr'><strong>inclusissent,</strong></span> 
     </span>
    </p>
   </div>
   <div class='ocr_carea' id='block_1_77' title="bbox 1979 3405 3574 3477">
    <p class='ocr_par' dir='ltr' id='par_1_77' title="bbox 1979 3405 3574 3477">
     <span class='ocr_line' id='line_1_77' title="bbox 1979 3405 3574 3477; baseline 0 -16"><span class='ocrx_word' id='word_1_519' title='bbox 1979 3405 2202 3461; x_wconf 91' lang='lat' dir='ltr'><strong>domum</strong></span> <span class='ocrx_word' id='word_1_520' title='bbox 2254 3406 2560 3472; x_wconf 89' lang='lat' dir='ltr'><strong>redierunt,</strong></span> <span class='ocrx_word' id='word_1_521' title='bbox 2603 3422 2712 3477; x_wconf 91' lang='lat' dir='ltr'><strong>quo</strong></span> <span class='ocrx_word' id='word_1_522' title='bbox 2762 3415 3012 3476; x_wconf 88' lang='lat' dir='ltr'><strong>tempore</strong></span> <span class='ocrx_word' id='word_1_523' title='bbox 3049 3405 3302 3459; x_wconf 87' lang='lat' dir='ltr'><strong>Liuutiea</strong></span> <span class='ocrx_word' id='word_1_524' title='bbox 3342 3407 3574 3475; x_wconf 63' lang='lat' dir='ltr'><strong>Arpadaa</strong></span> 
     </span>
    </p>
   </div>
   <div class='ocr_carea' id='block_1_78' title="bbox 1979 3497 3566 3570">
    <p class='ocr_par' dir='ltr' id='par_1_78' title="bbox 1979 3497 3566 3570">
     <span class='ocr_line' id='line_1_78' title="bbox 1979 3497 3566 3570; baseline 0.001 -18"><span class='ocrx_word' id='word_1_525' title='bbox 1979 3499 2146 3553; x_wconf 81' lang='lat' dir='ltr'><strong>tilium</strong></span> <span class='ocrx_word' id='word_1_526' title='bbox 2186 3498 2488 3570; x_wconf 88' lang='lat' dir='ltr'><strong>principem</strong></span> <span class='ocrx_word' id='word_1_527' title='bbox 2539 3499 2840 3555; x_wconf 89' lang='lat' dir='ltr'><strong>habebant.</strong></span> <span class='ocrx_word' id='word_1_528' title='bbox 2880 3497 3173 3568; x_wconf 80' lang='lat' dir='ltr'><strong>Postquam</strong></span> <span class='ocrx_word' id='word_1_529' title='bbox 3226 3508 3408 3552; x_wconf 90' lang='lat' dir='ltr'><strong>autem</strong></span> <span class='ocrx_word' id='word_1_530' title='bbox 3460 3498 3566 3553; x_wconf 90' lang='lat' dir='ltr'><strong>ite-</strong></span> 
     </span>
    </p>
   </div>
   <div class='ocr_carea' id='block_1_79' title="bbox 1977 3590 3568 3663">
    <p class='ocr_par' dir='ltr' id='par_1_79' title="bbox 1977 3590 3568 3663">
     <span class='ocr_line' id='line_1_79' title="bbox 1977 3590 3568 3663; baseline 0.001 -19"><span class='ocrx_word' id='word_1_531' title='bbox 1977 3607 2097 3646; x_wconf 88' lang='lat' dir='ltr'><strong>rum</strong></span> <span class='ocrx_word' id='word_1_532' title='bbox 2136 3607 2263 3646; x_wconf 89' lang='lat' dir='ltr'><strong>cum</strong></span> <span class='ocrx_word' id='word_1_533' title='bbox 2306 3590 2683 3648; x_wconf 82' lang='lat' dir='ltr'><strong>Romanorum</strong></span> <span class='ocrx_word' id='word_1_534' title='bbox 2733 3594 3066 3663; x_wconf 87' lang='lat' dir='ltr'><strong>imperatore</strong></span> <span class='ocrx_word' id='word_1_535' title='bbox 3101 3607 3286 3662; x_wconf 86' lang='lat' dir='ltr'><strong>pacem</strong></span> <span class='ocrx_word' id='word_1_536' title='bbox 3333 3591 3568 3661; x_wconf 83' lang='lat' dir='ltr'><strong>Symeon</strong></span> 
     </span>
    </p>
   </div>
   <div class='ocr_carea' id='block_1_80' title="bbox 1983 3682 3570 3754">
    <p class='ocr_par' dir='ltr' id='par_1_80' title="bbox 1983 3682 3570 3754">
     <span class='ocr_line' id='line_1_80' title="bbox 1983 3682 3570 3754; baseline 0.001 -20"><span class='ocrx_word' id='word_1_537' title='bbox 1983 3683 2226 3749; x_wconf 83' lang='lat' dir='ltr'><strong>fecisset,</strong></span> <span class='ocrx_word' id='word_1_538' title='bbox 2251 3692 2306 3737; x_wconf 89' lang='lat' dir='ltr'><strong>et</strong></span> <span class='ocrx_word' id='word_1_539' title='bbox 2347 3684 2817 3754; x_wconf 86' lang='lat' dir='ltr'><strong>opportunitatem</strong></span> <span class='ocrx_word' id='word_1_540' title='bbox 2853 3693 3048 3739; x_wconf 90' lang='lat' dir='ltr'><strong>nactus</strong></span> <span class='ocrx_word' id='word_1_541' title='bbox 3083 3691 3252 3749; x_wconf 89' lang='lat' dir='ltr'><strong>esset,</strong></span> <span class='ocrx_word' id='word_1_542' title='bbox 3285 3684 3350 3737; x_wconf 89' lang='lat' dir='ltr'><strong>ad</strong></span> <span class='ocrx_word' id='word_1_543' title='bbox 3390 3682 3570 3735; x_wconf 73' lang='lat' dir='ltr'><strong>Patzi~</strong></span> 
     </span>
    </p>
   </div>
   <div class='ocr_carea' id='block_1_81' title="bbox 1981 3773 3565 3841">
    <p class='ocr_par' dir='ltr' id='par_1_81' title="bbox 1981 3773 3565 3841">
     <span class='ocr_line' id='line_1_81' title="bbox 1981 3773 3565 3841; baseline 0.002 -15"><span class='ocrx_word' id='word_1_544' title='bbox 1981 3775 2193 3826; x_wconf 88' lang='lat' dir='ltr'><strong>nacitas</strong></span> <span class='ocrx_word' id='word_1_545' title='bbox 2243 3773 2451 3841; x_wconf 78' lang='lat' dir='ltr'><strong>legatos</strong></span> <span class='ocrx_word' id='word_1_546' title='bbox 2497 3775 2687 3838; x_wconf 88' lang='lat' dir='ltr'><strong>misit,.</strong></span> <span class='ocrx_word' id='word_1_547' title='bbox 2715 3783 2768 3828; x_wconf 91' lang='lat' dir='ltr'><strong>et</strong></span> <span class='ocrx_word' id='word_1_548' title='bbox 2815 3774 2992 3830; x_wconf 75' lang='lat' dir='ltr'><strong>fmdus</strong></span> <span class='ocrx_word' id='word_1_549' title='bbox 3048 3790 3172 3828; x_wconf 90' lang='lat' dir='ltr'><strong>cum</strong></span> <span class='ocrx_word' id='word_1_550' title='bbox 3218 3777 3285 3829; x_wconf 90' lang='lat' dir='ltr'><strong>iis</strong></span> <span class='ocrx_word' id='word_1_551' title='bbox 3329 3775 3451 3827; x_wconf 90' lang='lat' dir='ltr'><strong>iniit</strong></span> <span class='ocrx_word' id='word_1_552' title='bbox 3500 3774 3565 3829; x_wconf 91' lang='lat' dir='ltr'><strong>ad</strong></span> 
     </span>
    </p>
   </div>
   <div class='ocr_carea' id='block_1_82' title="bbox 1981 3862 3566 3934">
    <p class='ocr_par' dir='ltr' id='par_1_82' title="bbox 1981 3862 3566 3934">
     <span class='ocr_line' id='line_1_82' title="bbox 1981 3862 3566 3934; baseline 0.001 -19"><span class='ocrx_word' id='word_1_553' title='bbox 1981 3863 2382 3934; x_wconf 79' lang='lat' dir='ltr'><strong>oppugnandos</strong></span> <span class='ocrx_word' id='word_1_554' title='bbox 2451 3862 2825 3930; x_wconf 88' lang='lat' dir='ltr'><strong>delendosque</strong></span> <span class='ocrx_word' id='word_1_555' title='bbox 2885 3864 3119 3918; x_wconf 87' lang='lat' dir='ltr'><strong>Turcas.</strong></span> <span class='ocrx_word' id='word_1_556' title='bbox 3199 3865 3446 3932; x_wconf 86' lang='lat' dir='ltr'><strong>Cumque</strong></span> <span class='ocrx_word' id='word_1_557' title='bbox 3498 3865 3566 3917; x_wconf 86' lang='lat' dir='ltr'><strong>ad</strong></span> 
     </span>
    </p>
   </div>
   <div class='ocr_carea' id='block_1_83' title="bbox 1982 3949 3568 4018">
    <p class='ocr_par' dir='ltr' id='par_1_83' title="bbox 1982 3949 3568 4018">
     <span class='ocr_line' id='line_1_83' title="bbox 1982 3949 3568 4018; baseline 0.001 -13"><span class='ocrx_word' id='word_1_558' title='bbox 1982 3951 2234 4005; x_wconf 86' lang='lat' dir='ltr'><strong>bellicam</strong></span> <span class='ocrx_word' id='word_1_559' title='bbox 2268 3949 2674 4018; x_wconf 80' lang='lat' dir='ltr'><strong>expeditionem</strong></span> <span class='ocrx_word' id='word_1_560' title='bbox 2705 3952 2974 4006; x_wconf 87' lang='lat' dir='ltr'><strong>abiissent</strong></span> <span class='ocrx_word' id='word_1_561' title='bbox 3009 3952 3224 4015; x_wconf 70' lang='lat' dir='ltr'><strong>&#39;I‘urca&#39;,</strong></span> <span class='ocrx_word' id='word_1_562' title='bbox 3255 3964 3443 4006; x_wconf 84' lang='lat' dir='ltr'><strong>contra</strong></span> <span class='ocrx_word' id='word_1_563' title='bbox 3472 3968 3568 4008; x_wconf 90' lang='lat' dir='ltr'><strong>eos</strong></span> 
     </span>
    </p>
   </div>
   <div class='ocr_carea' id='block_1_84' title="bbox 1981 4041 3566 4114">
    <p class='ocr_par' dir='ltr' id='par_1_84' title="bbox 1981 4041 3566 4114">
     <span class='ocr_line' id='line_1_84' title="bbox 1981 4041 3566 4114; baseline 0.004 -22"><span class='ocrx_word' id='word_1_564' title='bbox 1981 4041 2335 4094; x_wconf 76' lang='lat' dir='ltr'><strong>Patzinacita:</strong></span> <span class='ocrx_word' id='word_1_565' title='bbox 2363 4056 2487 4094; x_wconf 91' lang='lat' dir='ltr'><strong>cum</strong></span> <span class='ocrx_word' id='word_1_566' title='bbox 2523 4041 2796 4112; x_wconf 87' lang='lat' dir='ltr'><strong>Symeone</strong></span> <span class='ocrx_word' id='word_1_567' title='bbox 2837 4043 3093 4110; x_wconf 82' lang='lat' dir='ltr'><strong>profecti,</strong></span> <span class='ocrx_word' id='word_1_568' title='bbox 3139 4041 3376 4097; x_wconf 78' lang='lat' dir='ltr'><strong>familias</strong></span> <span class='ocrx_word' id='word_1_569' title='bbox 3417 4044 3566 4114; x_wconf 81' lang='lat' dir='ltr'><strong>ipso-</strong></span> 
     </span>
    </p>
   </div>
   <div class='ocr_carea' id='block_1_85' title="bbox 1977 4133 3562 4206">
    <p class='ocr_par' dir='ltr' id='par_1_85' title="bbox 1977 4133 3562 4206">
     <span class='ocr_line' id='line_1_85' title="bbox 1977 4133 3562 4206; baseline 0.002 -19"><span class='ocrx_word' id='word_1_570' title='bbox 1977 4148 2098 4187; x_wconf 88' lang='lat' dir='ltr'><strong>rum</strong></span> <span class='ocrx_word' id='word_1_571' title='bbox 2137 4133 2361 4188; x_wconf 92' lang='lat' dir='ltr'><strong>omnino</strong></span> <span class='ocrx_word' id='word_1_572' title='bbox 2397 4133 2776 4204; x_wconf 89' lang='lat' dir='ltr'><strong>perdiderunt,</strong></span> <span class='ocrx_word' id='word_1_573' title='bbox 2819 4134 2952 4188; x_wconf 92' lang='lat' dir='ltr'><strong>hinc</strong></span> <span class='ocrx_word' id='word_1_574' title='bbox 3001 4134 3201 4188; x_wconf 90' lang='lat' dir='ltr'><strong>misere</strong></span> <span class='ocrx_word' id='word_1_575' title='bbox 3249 4134 3422 4202; x_wconf 79' lang='lat' dir='ltr'><strong>pulsis</strong></span> <span class='ocrx_word' id='word_1_576' title='bbox 3469 4138 3562 4206; x_wconf 91' lang='lat' dir='ltr'><strong>qui</strong></span> 
     </span>
    </p>
   </div>
   <div class='ocr_carea' id='block_1_86' title="bbox 1977 4227 3566 4298">
    <p class='ocr_par' dir='ltr' id='par_1_86' title="bbox 1977 4227 3566 4298">
     <span class='ocr_line' id='line_1_86' title="bbox 1977 4227 3566 4298; baseline 0.003 -18"><span class='ocrx_word' id='word_1_577' title='bbox 1977 4228 2044 4281; x_wconf 88' lang='lat' dir='ltr'><strong>ad</strong></span> <span class='ocrx_word' id='word_1_578' title='bbox 2089 4228 2328 4298; x_wconf 83' lang='lat' dir='ltr'><strong>regionis</strong></span> <span class='ocrx_word' id='word_1_579' title='bbox 2370 4229 2533 4284; x_wconf 84' lang='lat' dir='ltr'><strong>istius</strong></span> <span class='ocrx_word' id='word_1_580' title='bbox 2575 4227 2886 4283; x_wconf 84' lang='lat' dir='ltr'><strong>custodiam</strong></span> <span class='ocrx_word' id='word_1_581' title='bbox 2933 4229 3109 4284; x_wconf 87' lang='lat' dir='ltr'><strong>relicti</strong></span> <span class='ocrx_word' id='word_1_582' title='bbox 3158 4237 3336 4282; x_wconf 90' lang='lat' dir='ltr'><strong>erant.</strong></span> <span class='ocrx_word' id='word_1_583' title='bbox 3375 4229 3566 4298; x_wconf 81' lang='lat' dir='ltr'><strong>Itaque</strong></span> 
     </span>
    </p>
   </div>
   <div class='ocr_carea' id='block_1_87' title="bbox 1977 4317 3564 4390">
    <p class='ocr_par' dir='ltr' id='par_1_87' title="bbox 1977 4317 3564 4390">
     <span class='ocr_line' id='line_1_87' title="bbox 1977 4317 3564 4390; baseline 0.002 -21"><span class='ocrx_word' id='word_1_584' title='bbox 1977 4317 2183 4372; x_wconf 80' lang='lat' dir='ltr'><strong>reversi</strong></span> <span class='ocrx_word' id='word_1_585' title='bbox 2236 4317 2430 4374; x_wconf 84' lang='lat' dir='ltr'><strong>Turcae</strong></span> <span class='ocrx_word' id='word_1_586' title='bbox 2489 4319 2770 4390; x_wconf 76' lang='lat' dir='ltr'><strong>regionem</strong></span> <span class='ocrx_word' id='word_1_587' title='bbox 2829 4334 2983 4374; x_wconf 90' lang='lat' dir='ltr'><strong>suam</strong></span> <span class='ocrx_word' id='word_1_588' title='bbox 3054 4319 3330 4374; x_wconf 88' lang='lat' dir='ltr'><strong>desertam</strong></span> <span class='ocrx_word' id='word_1_589' title='bbox 3383 4330 3564 4374; x_wconf 80' lang='lat' dir='ltr'><strong>vasta-</strong></span> 
     </span>
    </p>
   </div>
   <div class='ocr_carea' id='block_1_88' title="bbox 1977 4409 3559 4482">
    <p class='ocr_par' dir='ltr' id='par_1_88' title="bbox 1977 4409 3559 4482">
     <span class='ocr_line' id='line_1_88' title="bbox 1977 4409 3559 4482; baseline 0.001 -21"><span class='ocrx_word' id='word_1_590' title='bbox 1977 4417 2198 4478; x_wconf 88' lang='lat' dir='ltr'><strong>tamque</strong></span> <span class='ocrx_word' id='word_1_591' title='bbox 2239 4409 2604 4476; x_wconf 86' lang='lat' dir='ltr'><strong>invenientes,</strong></span> <span class='ocrx_word' id='word_1_592' title='bbox 2639 4411 2692 4464; x_wconf 91' lang='lat' dir='ltr'><strong>in</strong></span> <span class='ocrx_word' id='word_1_593' title='bbox 2731 4425 2797 4465; x_wconf 85' lang='lat' dir='ltr'><strong>ea</strong></span> <span class='ocrx_word' id='word_1_594' title='bbox 2839 4419 3009 4477; x_wconf 89' lang='lat' dir='ltr'><strong>terra,</strong></span> <span class='ocrx_word' id='word_1_595' title='bbox 3043 4426 3206 4482; x_wconf 90' lang='lat' dir='ltr'><strong>quam</strong></span> <span class='ocrx_word' id='word_1_596' title='bbox 3242 4409 3311 4466; x_wconf 94' lang='lat' dir='ltr'><strong>ad</strong></span> <span class='ocrx_word' id='word_1_597' title='bbox 3342 4411 3559 4466; x_wconf 84' lang='lat' dir='ltr'><strong>hodier-</strong></span> 
     </span>
    </p>
   </div>
   <div class='ocr_carea' id='block_1_89' title="bbox 1979 4501 3559 4574">
    <p class='ocr_par' dir='ltr' id='par_1_89' title="bbox 1979 4501 3559 4574">
     <span class='ocr_line' id='line_1_89' title="bbox 1979 4501 3559 4574; baseline 0.003 -22"><span class='ocrx_word' id='word_1_598' title='bbox 1979 4515 2108 4554; x_wconf 90' lang='lat' dir='ltr'><strong>num</strong></span> <span class='ocrx_word' id='word_1_599' title='bbox 2137 4501 2279 4556; x_wconf 91' lang='lat' dir='ltr'><strong>diem</strong></span> <span class='ocrx_word' id='word_1_600' title='bbox 2310 4518 2483 4572; x_wconf 90' lang='lat' dir='ltr'><strong>usque</strong></span> <span class='ocrx_word' id='word_1_601' title='bbox 2517 4502 2790 4569; x_wconf 90' lang='lat' dir='ltr'><strong>incolunt,</strong></span> <span class='ocrx_word' id='word_1_602' title='bbox 2836 4502 2994 4560; x_wconf 90' lang='lat' dir='ltr'><strong>sedes</strong></span> <span class='ocrx_word' id='word_1_603' title='bbox 3026 4513 3367 4574; x_wconf 87' lang='lat' dir='ltr'><strong>posuerunt;</strong></span> <span class='ocrx_word' id='word_1_604' title='bbox 3404 4504 3456 4557; x_wconf 83' lang='lat' dir='ltr'><strong>in</strong></span> <span class='ocrx_word' id='word_1_605' title='bbox 3495 4520 3559 4559; x_wconf 84' lang='lat' dir='ltr'><strong>ea</strong></span> 
     </span>
    </p>
   </div>
   <div class='ocr_carea' id='block_1_90' title="bbox 1451 4635 2382 4695">
    <p class='ocr_par' dir='ltr' id='par_1_90' title="bbox 1451 4635 2382 4695">
     <span class='ocr_line' id='line_1_90' title="bbox 1451 4635 2382 4695; baseline 0.002 -2"><span class='ocrx_word' id='word_1_606' title='bbox 1451 4635 1751 4693; x_wconf 54' lang='lat' dir='ltr'><strong>ARSELMI</strong></span> <span class='ocrx_word' id='word_1_607' title='bbox 1786 4635 2112 4693; x_wconf 71' lang='lat' dir='ltr'><strong>BANDURII</strong></span> <span class='ocrx_word' id='word_1_608' title='bbox 2151 4637 2382 4695; x_wconf 72' lang='lat' dir='ltr'><strong>NOTIE.</strong></span> 
     </span>
    </p>
   </div>
   <div class='ocr_carea' id='block_1_91' title="bbox 357 4757 1867 4828">
    <p class='ocr_par' dir='ltr' id='par_1_91' title="bbox 357 4757 1867 4828">
     <span class='ocr_line' id='line_1_91' title="bbox 357 4757 1867 4828; baseline -0.005 -12"><span class='ocrx_word' id='word_1_609' title='bbox 357 4758 434 4828; x_wconf 84' lang='grc'>(6)</span> <span class='ocrx_word' id='word_1_610' title='bbox 476 4757 568 4815; x_wconf 90' lang='lat' dir='ltr'><strong>Sic</strong></span> <span class='ocrx_word' id='word_1_611' title='bbox 601 4761 652 4814; x_wconf 93' lang='lat' dir='ltr'><strong>in</strong></span> <span class='ocrx_word' id='word_1_612' title='bbox 685 4761 945 4816; x_wconf 90' lang='lat' dir='ltr'><strong>omnibus</strong></span> <span class='ocrx_word' id='word_1_613' title='bbox 967 4762 1252 4815; x_wconf 82' lang='lat' dir='ltr'><strong>codicibus</strong></span> <span class='ocrx_word' id='word_1_614' title='bbox 1282 4775 1415 4815; x_wconf 83' lang='lat' dir='ltr'><strong>mss.</strong></span> <span class='ocrx_word' id='word_1_615' title='bbox 1469 4767 1523 4814; x_wconf 91' lang='lat' dir='ltr'><strong>ct</strong></span> <span class='ocrx_word' id='word_1_616' title='bbox 1556 4757 1755 4826; x_wconf 90' lang='lat' dir='ltr'><strong>ubique</strong></span> <span class='ocrx_word' id='word_1_617' title='bbox 1785 4757 1867 4810; x_wconf 77' lang='lat' dir='ltr'><strong>le-</strong></span> 
     </span>
    </p>
   </div>
   <div class='ocr_carea' id='block_1_92' title="bbox 281 4826 1867 4902">
    <p class='ocr_par' dir='ltr' id='par_1_92' title="bbox 281 4826 1867 4902">
     <span class='ocr_line' id='line_1_92' title="bbox 281 4826 1867 4902; baseline 0 -22"><span class='ocrx_word' id='word_1_618' title='bbox 281 4826 450 4897; x_wconf 78' lang='lat' dir='ltr'><strong>gitur.</strong></span> <span class='ocrx_word' id='word_1_619' title='bbox 497 4831 572 4902; x_wconf 77' lang='lat' dir='ltr'><strong>At</strong></span> <span class='ocrx_word' id='word_1_620' title='bbox 605 4830 870 4887; x_wconf 80' lang='lat' dir='ltr'><strong>Meursius</strong></span> <span class='ocrx_word' id='word_1_621' title='bbox 902 4846 1000 4901; x_wconf 91' lang='lat' dir='ltr'><strong>pro</strong></span> <span class='ocrx_word' id='word_1_622' title='bbox 1041 4831 1295 4902; x_wconf 78' lang='grc' dir='ltr'>Κάὸαροι</span> <span class='ocrx_word' id='word_1_623' title='bbox 1339 4831 1542 4899; x_wconf 89' lang='lat' dir='ltr'><strong>ubique</strong></span> <span class='ocrx_word' id='word_1_624' title='bbox 1585 4829 1867 4897; x_wconf 81' lang='lat' dir='ltr'><strong>legendum</strong></span> 
     </span>
    </p>
   </div>
   <div class='ocr_carea' id='block_1_93' title="bbox 279 4900 726 4970">
    <p class='ocr_par' dir='ltr' id='par_1_93' title="bbox 279 4900 726 4970">
     <span class='ocr_line' id='line_1_93' title="bbox 279 4900 726 4970; baseline 0.011 -21"><span class='ocrx_word' id='word_1_625' title='bbox 279 4908 440 4967; x_wconf 81' lang='lat' dir='ltr'><strong>putat</strong></span> <span class='ocrx_word' id='word_1_626' title='bbox 473 4900 726 4970; x_wconf 76' lang='grc' dir='ltr'>Ἀϐαροι.</span> 
     </span>
    </p>
   </div>
   <div class='ocr_carea' id='block_1_94' title="bbox 359 4970 1866 5041">
    <p class='ocr_par' dir='ltr' id='par_1_94' title="bbox 359 4970 1866 5041">
     <span class='ocr_line' id='line_1_94' title="bbox 359 4970 1866 5041; baseline -0.003 -21"><span class='ocrx_word' id='word_1_627' title='bbox 359 4970 436 5039; x_wconf 82' lang='grc'>(7)</span> <span class='ocrx_word' id='word_1_628' title='bbox 475 4971 783 5036; x_wconf 79' lang='lat' dir='ltr'><strong>Nimirum;</strong></span> <span class='ocrx_word' id='word_1_629' title='bbox 817 4971 1006 5041; x_wconf 85' lang='lat' dir='ltr'><strong>quique</strong></span> <span class='ocrx_word' id='word_1_630' title='bbox 1033 4972 1173 5034; x_wconf 81' lang='lat' dir='ltr'><strong>victi,</strong></span> <span class='ocrx_word' id='word_1_631' title='bbox 1208 4987 1332 5041; x_wconf 85' lang='lat' dir='ltr'><strong>pars</strong></span> <span class='ocrx_word' id='word_1_632' title='bbox 1366 4972 1524 5026; x_wconf 84' lang='lat' dir='ltr'><strong>occisi</strong></span> <span class='ocrx_word' id='word_1_633' title='bbox 1561 4975 1706 5024; x_wconf 77' lang='lat' dir='ltr'><strong>sunt,</strong></span> <span class='ocrx_word' id='word_1_634' title='bbox 1742 4981 1866 5031; x_wconf 82' lang='lat' dir='ltr'><strong>pars</strong></span> 
     </span>
    </p>
   </div>
   <div class='ocr_carea' id='block_1_95' title="bbox 280 5041 1868 5112">
    <p class='ocr_par' dir='ltr' id='par_1_95' title="bbox 280 5041 1868 5112">
     <span class='ocr_line' id='line_1_95' title="bbox 280 5041 1868 5112; baseline 0.001 -20"><span class='ocrx_word' id='word_1_635' title='bbox 280 5041 540 5112; x_wconf 74' lang='lat' dir='ltr'><strong>fugientes</strong></span> <span class='ocrx_word' id='word_1_636' title='bbox 567 5043 636 5112; x_wconf 50' lang='lat' dir='ltr'><strong>af!</strong></span> <span class='ocrx_word' id='word_1_637' title='bbox 657 5041 858 5095; x_wconf 71' lang='lat' dir='ltr'><strong>Turcas</strong></span> <span class='ocrx_word' id='word_1_638' title='bbox 880 5043 929 5094; x_wconf 84' lang='lat' dir='ltr'><strong>in</strong></span> <span class='ocrx_word' id='word_1_639' title='bbox 955 5041 1415 5095; x_wconf 75' lang='lat' dir='ltr'><strong>l’alzinacitarum</strong></span> <span class='ocrx_word' id='word_1_640' title='bbox 1443 5052 1641 5094; x_wconf 80' lang='lat' dir='ltr'><strong>terram</strong></span> <span class='ocrx_word' id='word_1_641' title='bbox 1665 5051 1718 5088; x_wconf 74' lang='lat' dir='ltr'><strong>se</strong></span> <span class='ocrx_word' id='word_1_642' title='bbox 1742 5051 1868 5087; x_wconf 76' lang='lat' dir='ltr'><strong>CUM-</strong></span> 
     </span>
    </p>
   </div>
   <div class='ocr_carea' id='block_1_96' title="bbox 278 5110 1866 5181">
    <p class='ocr_par' dir='ltr' id='par_1_96' title="bbox 278 5110 1866 5181">
     <span class='ocr_line' id='line_1_96' title="bbox 278 5110 1866 5181; baseline 0.001 -19"><span class='ocrx_word' id='word_1_643' title='bbox 278 5110 537 5171; x_wconf 81' lang='lat' dir='ltr'><strong>iulerunt,</strong></span> <span class='ocrx_word' id='word_1_644' title='bbox 570 5110 740 5181; x_wconf 67' lang='lat' dir='ltr'><strong>ibique</strong></span> <span class='ocrx_word' id='word_1_645' title='bbox 765 5113 910 5165; x_wconf 79' lang='lat' dir='ltr'><strong>sedes</strong></span> <span class='ocrx_word' id='word_1_646' title='bbox 937 5122 1244 5177; x_wconf 77' lang='lat' dir='ltr'><strong>posuerunt,</strong></span> <span class='ocrx_word' id='word_1_647' title='bbox 1276 5121 1654 5181; x_wconf 56' lang='lat' dir='ltr'><strong>contractaqfﬁe</strong></span> <span class='ocrx_word' id='word_1_648' title='bbox 1682 5115 1866 5181; x_wconf 67' lang='grc' dir='ltr'><strong>ηιιιζιια</strong></span> 
     </span>
    </p>
   </div>
   <div class='ocr_carea' id='block_1_97' title="bbox 279 5173 1864 5254">
    <p class='ocr_par' dir='ltr' id='par_1_97' title="bbox 279 5173 1864 5254">
     <span class='ocr_line' id='line_1_97' title="bbox 279 5173 1864 5254; baseline -0.001 -23"><span class='ocrx_word' id='word_1_649' title='bbox 279 5181 523 5254; x_wconf 60' lang='lat' dir='ltr'><strong>amicitia</strong></span> <span class='ocrx_word' id='word_1_650' title='bbox 562 5173 760 5254; x_wconf 69' lang='lat' dir='ltr'><strong>C(ibari</strong></span> <span class='ocrx_word' id='word_1_651' title='bbox 796 5173 1049 5250; x_wconf 73' lang='lat' dir='ltr'><strong>appellati</strong></span> <span class='ocrx_word' id='word_1_652' title='bbox 1076 5173 1240 5254; x_wconf 34' lang='lat' dir='ltr'><strong>sunt;</strong></span> <span class='ocrx_word' id='word_1_653' title='bbox 1267 5173 1864 5254; x_wconf 50' lang='lat' dir='ltr'><strong>Perperam&#39;Mcursitls</strong></span> 
     </span>
    </p>
   </div>
   <div class='ocr_carea' id='block_1_98' title="bbox 279 5247 1864 5322">
    <p class='ocr_par' dir='ltr' id='par_1_98' title="bbox 279 5247 1864 5322">
     <span class='ocr_line' id='line_1_98' title="bbox 279 5247 1864 5322; baseline -0.001 -18"><span class='ocrx_word' id='word_1_654' title='bbox 279 5251 398 5304; x_wconf 77' lang='lat' dir='ltr'><strong>lnrc</strong></span> <span class='ocrx_word' id='word_1_655' title='bbox 445 5252 517 5302; x_wconf 93' lang='lat' dir='ltr'><strong>ita</strong></span> <span class='ocrx_word' id='word_1_656' title='bbox 567 5247 959 5322; x_wconf 84' lang='lat' dir='ltr'><strong>interpretatur</strong></span> <span class='ocrx_word' id='word_1_657' title='bbox 1019 5270 1032 5305; x_wconf 88' lang='lat'><strong>:</strong></span> <span class='ocrx_word' id='word_1_658' title='bbox 1092 5253 1283 5321; x_wconf 83' lang='lat' dir='ltr'><strong>quique</strong></span> <span class='ocrx_word' id='word_1_659' title='bbox 1330 5247 1473 5313; x_wconf 75' lang='lat' dir='ltr'><strong>victi,</strong></span> <span class='ocrx_word' id='word_1_660' title='bbox 1529 5262 1652 5320; x_wconf 77' lang='lat' dir='ltr'><strong>pars</strong></span> <span class='ocrx_word' id='word_1_661' title='bbox 1705 5247 1864 5297; x_wconf 71' lang='lat' dir='ltr'><strong>occisi</strong></span> 
     </span>
    </p>
   </div>
   <div class='ocr_carea' id='block_1_99' title="bbox 279 5322 1860 5390">
    <p class='ocr_par' dir='ltr' id='par_1_99' title="bbox 279 5322 1860 5390">
     <span class='ocr_line' id='line_1_99' title="bbox 279 5322 1860 5390; baseline -0.001 -16"><span class='ocrx_word' id='word_1_662' title='bbox 279 5329 427 5382; x_wconf 75' lang='lat' dir='ltr'><strong>sunt,</strong></span> <span class='ocrx_word' id='word_1_663' title='bbox 455 5335 602 5390; x_wconf 77' lang='lat' dir='ltr'><strong>pars</strong></span> <span class='ocrx_word' id='word_1_664' title='bbox 648 5323 907 5390; x_wconf 74' lang='lat' dir='ltr'><strong>fugientes</strong></span> <span class='ocrx_word' id='word_1_665' title='bbox 938 5323 1006 5374; x_wconf 83' lang='lat' dir='ltr'><strong>ad</strong></span> <span class='ocrx_word' id='word_1_666' title='bbox 1042 5323 1245 5376; x_wconf 76' lang='lat' dir='ltr'><strong>Turres</strong></span> <span class='ocrx_word' id='word_1_667' title='bbox 1292 5322 1762 5382; x_wconf 59' lang='lat' dir='ltr'><strong>I’atzinacita-tqlw</strong></span> <span class='ocrx_word' id='word_1_668' title='bbox 1803 5331 1860 5367; x_wconf 69' lang='lat' dir='ltr'><strong>se</strong></span> 
     </span>
    </p>
   </div>
   <div class='ocr_carea' id='block_1_100' title="bbox 277 5389 1858 5460">
    <p class='ocr_par' dir='ltr' id='par_1_100' title="bbox 277 5389 1858 5460">
     <span class='ocr_line' id='line_1_100' title="bbox 277 5389 1858 5460; baseline 0.001 -17"><span class='ocrx_word' id='word_1_669' title='bbox 277 5389 634 5452; x_wconf 77' lang='lat' dir='ltr'><strong>contulerunt,</strong></span> <span class='ocrx_word' id='word_1_670' title='bbox 669 5389 717 5444; x_wconf 78' lang='lat' dir='ltr'><strong>et</strong></span> <span class='ocrx_word' id='word_1_671' title='bbox 751 5395 804 5445; x_wconf 86' lang='lat' dir='ltr'><strong>in</strong></span> <span class='ocrx_word' id='word_1_672' title='bbox 835 5409 1015 5446; x_wconf 83' lang='lat' dir='ltr'><strong>eorum</strong></span> <span class='ocrx_word' id='word_1_673' title='bbox 1043 5404 1184 5447; x_wconf 82' lang='lat' dir='ltr'><strong>terra</strong></span> <span class='ocrx_word' id='word_1_674' title='bbox 1221 5395 1366 5446; x_wconf 78' lang='lat' dir='ltr'><strong>sedes</strong></span> <span class='ocrx_word' id='word_1_675' title='bbox 1397 5396 1705 5460; x_wconf 67' lang='lat' dir='ltr'><strong>posuerunt.</strong></span> <span class='ocrx_word' id='word_1_676' title='bbox 1740 5401 1858 5437; x_wconf 73' lang='lat'><strong>60&quot;-</strong></span> 
     </span>
    </p>
   </div>
   <div class='ocr_carea' id='block_1_101' title="bbox 280 5463 1746 5531">
    <p class='ocr_par' dir='ltr' id='par_1_101' title="bbox 280 5463 1746 5531">
     <span class='ocr_line' id='line_1_101' title="bbox 280 5463 1746 5531; baseline 0.001 -20"><span class='ocrx_word' id='word_1_677' title='bbox 280 5470 555 5529; x_wconf 78' lang='lat' dir='ltr'><strong>tractaqne</strong></span> <span class='ocrx_word' id='word_1_678' title='bbox 582 5471 766 5516; x_wconf 83' lang='lat' dir='ltr'><strong>mutua</strong></span> <span class='ocrx_word' id='word_1_679' title='bbox 795 5464 1031 5516; x_wconf 85' lang='lat' dir='ltr'><strong>amicitia</strong></span> <span class='ocrx_word' id='word_1_680' title='bbox 1065 5463 1296 5516; x_wconf 86' lang='lat' dir='ltr'><strong>Barbari</strong></span> <span class='ocrx_word' id='word_1_681' title='bbox 1320 5463 1572 5531; x_wconf 83' lang='lat' dir='ltr'><strong>appellali</strong></span> <span class='ocrx_word' id='word_1_682' title='bbox 1602 5463 1746 5514; x_wconf 56' lang='lat' dir='ltr'><strong>sunt.</strong></span> 
     </span>
    </p>
   </div>
   <div class='ocr_carea' id='block_1_102' title="bbox 351 5531 1853 5600">
    <p class='ocr_par' dir='ltr' id='par_1_102' title="bbox 351 5531 1853 5600">
     <span class='ocr_line' id='line_1_102' title="bbox 351 5531 1853 5600; baseline 0.001 -18"><span class='ocrx_word' id='word_1_683' title='bbox 351 5531 427 5600; x_wconf 83' lang='lat'><strong>(8)</strong></span> <span class='ocrx_word' id='word_1_684' title='bbox 467 5534 557 5585; x_wconf 64' lang='lat' dir='ltr'><strong>Sic</strong></span> <span class='ocrx_word' id='word_1_685' title='bbox 595 5532 646 5583; x_wconf 89' lang='lat' dir='ltr'><strong>in</strong></span> <span class='ocrx_word' id='word_1_686' title='bbox 692 5549 790 5586; x_wconf 85' lang='lat' dir='ltr'><strong>ms.</strong></span> <span class='ocrx_word' id='word_1_687' title='bbox 827 5536 1034 5586; x_wconf 82' lang='lat' dir='ltr'><strong>codice.</strong></span> <span class='ocrx_word' id='word_1_688' title='bbox 1109 5534 1162 5585; x_wconf 90' lang='lat' dir='ltr'><strong>In</strong></span> <span class='ocrx_word' id='word_1_689' title='bbox 1209 5534 1371 5588; x_wconf 80' lang='lat' dir='ltr'><strong>editis</strong></span> <span class='ocrx_word' id='word_1_690' title='bbox 1408 5551 1533 5586; x_wconf 53' lang='lat' dir='ltr'><strong>vero</strong></span> <span class='ocrx_word' id='word_1_691' title='bbox 1572 5540 1853 5593; x_wconf 69' lang='lat' dir='ltr'><strong>pet&#39;lttPI&#39;alll</strong></span> 
     </span>
    </p>
   </div>
   <div class='ocr_carea' id='block_1_103' title="bbox 279 5602 1354 5671">
    <p class='ocr_par' dir='ltr' id='par_1_103' title="bbox 279 5602 1354 5671">
     <span class='ocr_line' id='line_1_103' title="bbox 279 5602 1354 5671; baseline 0.003 -18"><span class='ocrx_word' id='word_1_692' title='bbox 279 5602 479 5671; x_wconf 74' lang='lat' dir='ltr'><strong>legitur</strong></span> <span class='ocrx_word' id='word_1_693' title='bbox 509 5602 595 5654; x_wconf 78' lang='lat' dir='ltr'><strong>hic</strong></span> <span class='ocrx_word' id='word_1_694' title='bbox 631 5603 904 5671; x_wconf 73' lang='grc' dir='ltr'>Βάρϐαροι</span> <span class='ocrx_word' id='word_1_695' title='bbox 947 5618 1043 5669; x_wconf 90' lang='lat' dir='ltr'><strong>pro</strong></span> <span class='ocrx_word' id='word_1_696' title='bbox 1086 5603 1354 5669; x_wconf 69' lang='grc' dir='ltr'>Κάϐειροι.</span> 
     </span>
    </p>
   </div>
   <div class='ocr_carea' id='block_1_104' title="bbox 336 5667 1853 5794">
    <p class='ocr_par' dir='ltr' id='par_1_104' title="bbox 336 5667 1853 5794">
     <span class='ocr_line' id='line_1_104' title="bbox 336 5667 1853 5794; baseline 0.012 -74"><span class='ocrx_word' id='word_1_697' title='bbox 336 5667 423 5794; x_wconf 44' lang='grc' dir='ltr'><strong>ἒξ)</strong></span> <span class='ocrx_word' id='word_1_698' title='bbox 469 5671 558 5724; x_wconf 83' lang='lat' dir='ltr'><strong>Sic</strong></span> <span class='ocrx_word' id='word_1_699' title='bbox 588 5688 651 5726; x_wconf 77' lang='lat' dir='ltr'><strong>ex</strong></span> <span class='ocrx_word' id='word_1_700' title='bbox 689 5667 789 5727; x_wconf 75' lang='lat' dir='ltr'><strong>uis.</strong></span> <span class='ocrx_word' id='word_1_701' title='bbox 826 5667 1046 5728; x_wconf 71' lang='lat' dir='ltr'><strong>codice.</strong></span> <span class='ocrx_word' id='word_1_702' title='bbox 1089 5673 1142 5724; x_wconf 94' lang='lat' dir='ltr'><strong>lu</strong></span> <span class='ocrx_word' id='word_1_703' title='bbox 1185 5667 1344 5728; x_wconf 79' lang='lat' dir='ltr'><strong>editis</strong></span> <span class='ocrx_word' id='word_1_704' title='bbox 1381 5673 1598 5742; x_wconf 61' lang='lat' dir='ltr'><strong>legitur,</strong></span> <span class='ocrx_word' id='word_1_705' title='bbox 1628 5667 1853 5737; x_wconf 67' lang='grc' dir='ltr'><strong>δευτέρα</strong></span> 
     </span>
     <span class='ocr_line' id='line_1_105' title="bbox 418 5759 507 5794; baseline 0 0"><span class='ocrx_word' id='word_1_706' title='bbox 418 5759 507 5794; x_wconf 82' lang='grc' dir='ltr'>κη.</span> 
     </span>
    </p>
   </div>
   <div class='ocr_carea' id='block_1_105' title="bbox 279 5741 507 5810">
    <p class='ocr_par' dir='ltr' id='par_1_105' title="bbox 279 5741 507 5810">
     <span class='ocr_line' id='line_1_106' title="bbox 279 5741 507 5810; baseline 0 -16"><span class='ocrx_word' id='word_1_707' title='bbox 279 5741 312 5809; x_wconf 79' lang='grc' dir='ltr'><strong>ἡ</strong></span> <span class='ocrx_word' id='word_1_708' title='bbox 336 5741 507 5810; x_wconf 83' lang='grc' dir='ltr'>Νέκη.</span> 
     </span>
    </p>
   </div>
   <div class='ocr_carea' id='block_1_106' title="bbox 2053 4759 3559 4834">
    <p class='ocr_par' dir='ltr' id='par_1_106' title="bbox 2053 4759 3559 4834">
     <span class='ocr_line' id='line_1_107' title="bbox 2053 4759 3559 4834; baseline 0.003 -21"><span class='ocrx_word' id='word_1_709' title='bbox 2053 4759 2162 4834; x_wconf 82' lang='grc'>(10)</span> <span class='ocrx_word' id='word_1_710' title='bbox 2203 4761 2488 4827; x_wconf 88' lang='lat' dir='ltr'><strong>Quomodo</strong></span> <span class='ocrx_word' id='word_1_711' title='bbox 2525 4763 2738 4834; x_wconf 81' lang='lat' dir='ltr'><strong>Bulgari</strong></span> <span class='ocrx_word' id='word_1_712' title='bbox 2772 4780 2799 4817; x_wconf 93' lang='lat' dir='ltr'><strong>a</strong></span> <span class='ocrx_word' id='word_1_713' title='bbox 2837 4763 3101 4834; x_wconf 79' lang='lat' dir='ltr'><strong>Romanis</strong></span> <span class='ocrx_word' id='word_1_714' title='bbox 3131 4773 3183 4818; x_wconf 89' lang='lat' dir='ltr'><strong>et</strong></span> <span class='ocrx_word' id='word_1_715' title='bbox 3210 4763 3402 4817; x_wconf 85' lang='lat' dir='ltr'><strong>Turcis</strong></span> <span class='ocrx_word' id='word_1_716' title='bbox 3436 4779 3559 4833; x_wconf 86' lang='lat' dir='ltr'><strong>pro-</strong></span> 
     </span>
    </p>
   </div>
   <div class='ocr_carea' id='block_1_107' title="bbox 1980 4828 3557 4902">
    <p class='ocr_par' dir='ltr' id='par_1_107' title="bbox 1980 4828 3557 4902">
     <span class='ocr_line' id='line_1_108' title="bbox 1980 4828 3557 4902; baseline 0.003 -20"><span class='ocrx_word' id='word_1_717' title='bbox 1980 4828 2150 4902; x_wconf 70' lang='lat' dir='ltr'><strong>ﬂigati</strong></span> <span class='ocrx_word' id='word_1_718' title='bbox 2179 4833 2351 4902; x_wconf 49' lang='lat' dir='ltr'><strong>linere,</strong></span> <span class='ocrx_word' id='word_1_719' title='bbox 2389 4828 2694 4902; x_wconf 58' lang='lat' dir='ltr'><strong>imperante</strong></span> <span class='ocrx_word' id='word_1_720' title='bbox 2747 4834 2929 4889; x_wconf 85' lang='lat' dir='ltr'><strong>Leone</strong></span> <span class='ocrx_word' id='word_1_721' title='bbox 2958 4833 3313 4902; x_wconf 84' lang='lat' dir='ltr'><strong>Philosophe,</strong></span> <span class='ocrx_word' id='word_1_722' title='bbox 3346 4843 3394 4886; x_wconf 90' lang='lat' dir='ltr'><strong>et</strong></span> <span class='ocrx_word' id='word_1_723' title='bbox 3422 4828 3557 4902; x_wconf 83' lang='lat' dir='ltr'><strong>quo-</strong></span> 
     </span>
    </p>
   </div>
   <div class='ocr_carea' id='block_1_108' title="bbox 1903 4899 3554 4976">
    <p class='ocr_par' dir='ltr' id='par_1_108' title="bbox 1903 4899 3554 4976">
     <span class='ocr_line' id='line_1_109' title="bbox 1903 4899 3554 4976; baseline 0.004 -27"><span class='ocrx_word' id='word_1_724' title='bbox 1903 4922 1945 4976; x_wconf 75' lang='grc' dir='ltr'>ο</span> <span class='ocrx_word' id='word_1_725' title='bbox 1981 4899 2142 4976; x_wconf 76' lang='lat' dir='ltr'><strong>modo</strong></span> <span class='ocrx_word' id='word_1_726' title='bbox 2187 4899 2381 4976; x_wconf 64' lang='lat' dir='ltr'><strong>Turca:</strong></span> <span class='ocrx_word' id='word_1_727' title='bbox 2432 4899 2779 4976; x_wconf 75' lang='lat' dir='ltr'><strong>postmodum</strong></span> <span class='ocrx_word' id='word_1_728' title='bbox 2817 4919 2844 4956; x_wconf 88' lang='lat' dir='ltr'><strong>a</strong></span> <span class='ocrx_word' id='word_1_729' title='bbox 2889 4904 3136 4976; x_wconf 81' lang='lat' dir='ltr'><strong>Bulgaris</strong></span> <span class='ocrx_word' id='word_1_730' title='bbox 3178 4899 3554 4976; x_wconf 83' lang='lat' dir='ltr'><strong>internecione</strong></span> 
     </span>
    </p>
   </div>
   <div class='ocr_carea' id='block_1_109' title="bbox 1976 4969 3556 5040">
    <p class='ocr_par' dir='ltr' id='par_1_109' title="bbox 1976 4969 3556 5040">
     <span class='ocr_line' id='line_1_110' title="bbox 1976 4969 3556 5040; baseline 0.002 -18"><span class='ocrx_word' id='word_1_731' title='bbox 1976 4969 2139 5040; x_wconf 70' lang='lat' dir='ltr'><strong>i_leleti</strong></span> <span class='ocrx_word' id='word_1_732' title='bbox 2196 4971 2370 5037; x_wconf 82' lang='lat' dir='ltr'><strong>fuere,</strong></span> <span class='ocrx_word' id='word_1_733' title='bbox 2409 4969 2659 5040; x_wconf 79' lang='lat' dir='ltr'><strong>pluribus</strong></span> <span class='ocrx_word' id='word_1_734' title='bbox 2703 4982 2892 5027; x_wconf 83' lang='lat' dir='ltr'><strong>narrat</strong></span> <span class='ocrx_word' id='word_1_735' title='bbox 2925 4969 3166 5029; x_wconf 74' lang='lat' dir='ltr'><strong>incertus</strong></span> <span class='ocrx_word' id='word_1_736' title='bbox 3202 4972 3556 5025; x_wconf 87' lang='lat' dir='ltr'><strong>continuator</strong></span> 
     </span>
    </p>
   </div>
   <div class='ocr_carea' id='block_1_110' title="bbox 1945 5037 3551 5113">
    <p class='ocr_par' dir='ltr' id='par_1_110' title="bbox 1945 5037 3551 5113">
     <span class='ocr_line' id='line_1_111' title="bbox 1945 5037 3551 5113; baseline 0.002 -22"><span class='ocrx_word' id='word_1_737' title='bbox 1945 5037 2334 5113; x_wconf 56' lang='lat' dir='ltr'><strong>.Tlieophanis</strong></span> <span class='ocrx_word' id='word_1_738' title='bbox 2406 5037 2459 5094; x_wconf 85' lang='lat' dir='ltr'><strong>in</strong></span> <span class='ocrx_word' id='word_1_739' title='bbox 2506 5043 2624 5096; x_wconf 72' lang='lat' dir='ltr'><strong>Vita</strong></span> <span class='ocrx_word' id='word_1_740' title='bbox 2670 5042 2872 5098; x_wconf 80' lang='lat' dir='ltr'><strong>Leonis</strong></span> <span class='ocrx_word' id='word_1_741' title='bbox 2907 5043 3277 5113; x_wconf 76' lang='lat' dir='ltr'><strong>imperatoris,</strong></span> <span class='ocrx_word' id='word_1_742' title='bbox 3337 5055 3551 5096; x_wconf 90' lang='lat' dir='ltr'><strong>necnon</strong></span> 
     </span>
    </p>
   </div>
   <div class='ocr_carea' id='block_1_111' title="bbox 1967 5108 3332 5183">
    <p class='ocr_par' dir='ltr' id='par_1_111' title="bbox 1967 5108 3332 5183">
     <span class='ocr_line' id='line_1_112' title="bbox 1967 5108 3332 5183; baseline 0 -20"><span class='ocrx_word' id='word_1_743' title='bbox 1967 5108 2205 5183; x_wconf 82' lang='lat' dir='ltr'><strong>Symeon</strong></span> <span class='ocrx_word' id='word_1_744' title='bbox 2246 5111 2505 5181; x_wconf 77' lang='lat' dir='ltr'><strong>Magister</strong></span> <span class='ocrx_word' id='word_1_745' title='bbox 2543 5114 2594 5165; x_wconf 90' lang='lat' dir='ltr'><strong>in</strong></span> <span class='ocrx_word' id='word_1_746' title='bbox 2639 5114 2887 5181; x_wconf 82' lang='lat' dir='ltr'><strong>ejusdem</strong></span> <span class='ocrx_word' id='word_1_747' title='bbox 2920 5108 3152 5183; x_wconf 78' lang='lat' dir='ltr'><strong>Aiigusti</strong></span> <span class='ocrx_word' id='word_1_748' title='bbox 3186 5109 3332 5183; x_wconf 77' lang='lat' dir='ltr'><strong>Vita.</strong></span> 
     </span>
    </p>
   </div>
   <div class='ocr_carea' id='block_1_112' title="bbox 2041 5180 3550 5256">
    <p class='ocr_par' dir='ltr' id='par_1_112' title="bbox 2041 5180 3550 5256">
     <span class='ocr_line' id='line_1_113' title="bbox 2041 5180 3550 5256; baseline -0.001 -21"><span class='ocrx_word' id='word_1_749' title='bbox 2041 5180 2545 5256; x_wconf 27' lang='lat' dir='ltr'><strong>(li)_l~iarc_’eadem</strong></span> <span class='ocrx_word' id='word_1_750' title='bbox 2599 5180 2903 5256; x_wconf 20' lang='lat' dir='ltr'><strong>urbswaliis</strong></span> <span class='ocrx_word' id='word_1_751' title='bbox 2953 5180 3284 5256; x_wconf 60' lang='lat' dir='ltr'><strong>ns‘pgomsa;</strong></span> <span class='ocrx_word' id='word_1_752' title='bbox 3315 5181 3550 5247; x_wconf 82' lang='lat' dir='ltr'><strong>dicitur;</strong></span> 
     </span>
    </p>
   </div>
   <div class='ocr_carea' id='block_1_113' title="bbox 1966 5251 3547 5324">
    <p class='ocr_par' dir='ltr' id='par_1_113' title="bbox 1966 5251 3547 5324">
     <span class='ocr_line' id='line_1_114' title="bbox 1966 5251 3547 5324; baseline 0.002 -23"><span class='ocrx_word' id='word_1_753' title='bbox 1966 5259 2018 5302; x_wconf 85' lang='lat' dir='ltr'><strong>et</strong></span> <span class='ocrx_word' id='word_1_754' title='bbox 2051 5251 2274 5324; x_wconf 86' lang='lat' dir='ltr'><strong>quidem</strong></span> <span class='ocrx_word' id='word_1_755' title='bbox 2312 5251 2682 5324; x_wconf 72' lang='lat' dir='ltr'><strong>Persthlavain</strong></span> <span class='ocrx_word' id='word_1_756' title='bbox 2738 5255 3007 5324; x_wconf 80' lang='lat' dir='ltr'><strong>Magnam,</strong></span> <span class='ocrx_word' id='word_1_757' title='bbox 3035 5251 3325 5321; x_wconf 59' lang='lat' dir='ltr'><strong>&#39;Bulgarim</strong></span> <span class='ocrx_word' id='word_1_758' title='bbox 3362 5267 3547 5318; x_wconf 73' lang='lat' dir='ltr'><strong>regum</strong></span> 
     </span>
    </p>
   </div>
   <div class='ocr_carea' id='block_1_114' title="bbox 1967 5321 3550 5391">
    <p class='ocr_par' dir='ltr' id='par_1_114' title="bbox 1967 5321 3550 5391">
     <span class='ocr_line' id='line_1_115' title="bbox 1967 5321 3550 5391; baseline 0.003 -21"><span class='ocrx_word' id='word_1_759' title='bbox 1967 5321 2195 5388; x_wconf 76' lang='lat' dir='ltr'><strong>regiam,</strong></span> <span class='ocrx_word' id='word_1_760' title='bbox 2246 5323 2576 5391; x_wconf 73' lang='lat' dir='ltr'><strong>expugnavit</strong></span> <span class='ocrx_word' id='word_1_761' title='bbox 2620 5321 2858 5380; x_wconf 79' lang='lat' dir='ltr'><strong>Joannes</strong></span> <span class='ocrx_word' id='word_1_762' title='bbox 2915 5325 3203 5387; x_wconf 86' lang='lat' dir='ltr'><strong>Zimisces,</strong></span> <span class='ocrx_word' id='word_1_763' title='bbox 3264 5334 3550 5390; x_wconf 86' lang='lat' dir='ltr'><strong>utramque</strong></span> 
     </span>
    </p>
   </div>
   <div class='ocr_carea' id='block_1_115' title="bbox 1966 5390 3546 5463">
    <p class='ocr_par' dir='ltr' id='par_1_115' title="bbox 1966 5390 3546 5463">
     <span class='ocr_line' id='line_1_116' title="bbox 1966 5390 3546 5463; baseline 0.001 -21"><span class='ocrx_word' id='word_1_764' title='bbox 1966 5391 2214 5459; x_wconf 79' lang='lat' dir='ltr'><strong>Magnam</strong></span> <span class='ocrx_word' id='word_1_765' title='bbox 2266 5402 2319 5446; x_wconf 90' lang='lat' dir='ltr'><strong>et</strong></span> <span class='ocrx_word' id='word_1_766' title='bbox 2352 5390 2579 5463; x_wconf 78' lang='lat' dir='ltr'><strong>Parvam</strong></span> <span class='ocrx_word' id='word_1_767' title='bbox 2625 5395 2881 5449; x_wconf 79' lang='lat' dir='ltr'><strong>Basilius.</strong></span> <span class='ocrx_word' id='word_1_768' title='bbox 2933 5394 3181 5463; x_wconf 71' lang='lat' dir='ltr'><strong>Magnam</strong></span> <span class='ocrx_word' id='word_1_769' title='bbox 3229 5391 3300 5463; x_wconf 79' lang='lat' dir='ltr'><strong>ad</strong></span> <span class='ocrx_word' id='word_1_770' title='bbox 3350 5391 3546 5446; x_wconf 89' lang='lat' dir='ltr'><strong>Istrum</strong></span> 
     </span>
    </p>
   </div>
   <div class='ocr_carea' id='block_1_116' title="bbox 1967 5457 3548 5535">
    <p class='ocr_par' dir='ltr' id='par_1_116' title="bbox 1967 5457 3548 5535">
     <span class='ocr_line' id='line_1_117' title="bbox 1967 5457 3548 5535; baseline 0.004 -27"><span class='ocrx_word' id='word_1_771' title='bbox 1967 5457 2155 5535; x_wconf 55' lang='lat' dir='ltr'><strong>statuit</strong></span> <span class='ocrx_word' id='word_1_772' title='bbox 2191 5465 2379 5535; x_wconf 67' lang='lat' dir='ltr'><strong>Anna;</strong></span> <span class='ocrx_word' id='word_1_773' title='bbox 2420 5462 2669 5535; x_wconf 61' lang='lat' dir='ltr'><strong>Zonaras</strong></span> <span class='ocrx_word' id='word_1_774' title='bbox 2719 5474 2770 5518; x_wconf 92' lang='lat' dir='ltr'><strong>et</strong></span> <span class='ocrx_word' id='word_1_775' title='bbox 2804 5457 3070 5535; x_wconf 65' lang='lat' dir='ltr'><strong>Seylitzés</strong></span> <span class='ocrx_word' id='word_1_776' title='bbox 3100 5457 3239 5516; x_wconf 90' lang='lat' dir='ltr'><strong>haud</strong></span> <span class='ocrx_word' id='word_1_777' title='bbox 3270 5464 3548 5535; x_wconf 70' lang='lat' dir='ltr'><strong>procula</strong></span> 
     </span>
    </p>
   </div>
   <div class='ocr_carea' id='block_1_117' title="bbox 1971 5530 3545 5600">
    <p class='ocr_par' dir='ltr' id='par_1_117' title="bbox 1971 5530 3545 5600">
     <span class='ocr_line' id='line_1_118' title="bbox 1971 5530 3545 5600; baseline 0.003 -18"><span class='ocrx_word' id='word_1_778' title='bbox 1971 5530 2278 5600; x_wconf 81' lang='lat' dir='ltr'><strong>Durostolo.</strong></span> <span class='ocrx_word' id='word_1_779' title='bbox 2308 5535 2384 5585; x_wconf 86' lang='lat' dir='ltr'><strong>Ad</strong></span> <span class='ocrx_word' id='word_1_780' title='bbox 2419 5532 2658 5586; x_wconf 71' lang='lat' dir='ltr'><strong>llzemum</strong></span> <span class='ocrx_word' id='word_1_781' title='bbox 2697 5530 2933 5587; x_wconf 77' lang='lat' dir='ltr'><strong>mouteiu</strong></span> <span class='ocrx_word' id='word_1_782' title='bbox 2963 5536 3184 5600; x_wconf 86' lang='lat' dir='ltr'><strong>ponitur</strong></span> <span class='ocrx_word' id='word_1_783' title='bbox 3212 5547 3239 5583; x_wconf 90' lang='lat' dir='ltr'><strong>a</strong></span> <span class='ocrx_word' id='word_1_784' title='bbox 3269 5531 3457 5585; x_wconf 80' lang='lat' dir='ltr'><strong>Nieeta</strong></span> <span class='ocrx_word' id='word_1_785' title='bbox 3493 5534 3545 5586; x_wconf 90' lang='lat' dir='ltr'><strong>in</strong></span> 
     </span>
    </p>
   </div>
   <div class='ocr_carea' id='block_1_118' title="bbox 1967 5599 3548 5671">
    <p class='ocr_par' dir='ltr' id='par_1_118' title="bbox 1967 5599 3548 5671">
     <span class='ocr_line' id='line_1_119' title="bbox 1967 5599 3548 5671; baseline 0.004 -21"><span class='ocrx_word' id='word_1_786' title='bbox 1967 5599 2174 5653; x_wconf 73' lang='lat' dir='ltr'><strong>Isaacio</strong></span> <span class='ocrx_word' id='word_1_787' title='bbox 2213 5603 2304 5654; x_wconf 84' lang='lat' dir='ltr'><strong>lib.</strong></span> <span class='ocrx_word' id='word_1_788' title='bbox 2343 5618 2378 5662; x_wconf 86' lang='lat' dir='ltr'><strong>t,</strong></span> <span class='ocrx_word' id='word_1_789' title='bbox 2433 5621 2487 5656; x_wconf 79' lang='grc' dir='ltr'>ιι.</span> <span class='ocrx_word' id='word_1_790' title='bbox 2537 5605 2587 5662; x_wconf 74' lang='lat'><strong>5,</strong></span> <span class='ocrx_word' id='word_1_791' title='bbox 2643 5621 2748 5671; x_wconf 85' lang='lat' dir='ltr'><strong>quo</strong></span> <span class='ocrx_word' id='word_1_792' title='bbox 2781 5604 2902 5655; x_wconf 83' lang='lat' dir='ltr'><strong>loco</strong></span> <span class='ocrx_word' id='word_1_793' title='bbox 2933 5599 3050 5654; x_wconf 80' lang='lat' dir='ltr'><strong>eam</strong></span> <span class='ocrx_word' id='word_1_794' title='bbox 3083 5604 3365 5656; x_wconf 78' lang='lat' dir='ltr'><strong>describit.</strong></span> <span class='ocrx_word' id='word_1_795' title='bbox 3416 5603 3548 5658; x_wconf 70' lang='lat' dir='ltr'><strong>Vide</strong></span> 
     </span>
    </p>
   </div>
   <div class='ocr_carea' id='block_1_119' title="bbox 1962 5673 3157 5739">
    <p class='ocr_par' dir='ltr' id='par_1_119' title="bbox 1962 5673 3157 5739">
     <span class='ocr_line' id='line_1_120' title="bbox 1962 5673 3157 5739; baseline 0.003 -17"><span class='ocrx_word' id='word_1_796' title='bbox 1962 5685 2082 5739; x_wconf 80' lang='lat' dir='ltr'><strong>quae</strong></span> <span class='ocrx_word' id='word_1_797' title='bbox 2124 5673 2215 5724; x_wconf 83' lang='lat' dir='ltr'><strong>lib.</strong></span> <span class='ocrx_word' id='word_1_798' title='bbox 2252 5690 2264 5727; x_wconf 82' lang='grc' dir='ltr'><strong>ι</strong></span> <span class='ocrx_word' id='word_1_799' title='bbox 2295 5674 2597 5726; x_wconf 75' lang='grc' dir='ltr'>ιῖυυιιιιοιιῑ.</span> <span class='ocrx_word' id='word_1_800' title='bbox 2630 5677 2694 5726; x_wconf 87' lang='lat' dir='ltr'><strong>de</strong></span> <span class='ocrx_word' id='word_1_801' title='bbox 2719 5688 2779 5726; x_wconf 89' lang='lat' dir='ltr'><strong>ea</strong></span> <span class='ocrx_word' id='word_1_802' title='bbox 2827 5673 3157 5728; x_wconf 89' lang='lat' dir='ltr'><strong>monuimus.</strong></span> 
     </span>
    </p>
   </div>
  </div>
