4046 6208
438 335 548 402 323

1471 331 1982 393 CONSTANTINI
2018 330 2701 394 PORPHYROGENITI

3609 330 3718 394 324

440 457 703 512 nimirum
741 456 981 526 regione,
1015 465 1178 521 quam
1223 465 1254 504 a
1302 448 1625 505 ﬂuminibus
1660 450 2022 519 cognomina-

2142 453 2316 514 κάκως
2344 452 2453 521 (12)
2481 447 2808 513 ἀπεδίωξαν.
2835 448 2897 500 Οἱ
2915 447 2970 500 δὲ
2992 445 3226 515 Τοῦρκοι
3250 446 3718 519 ὑποστρέψαντες,

441 559 556 604 tam
605 563 728 604 esse
769 561 936 617 supra
982 544 1245 598 diximus.
1283 542 1465 598 Locus
1490 551 1694 609 autem,
1723 558 1885 612 quem
1913 541 2024 611 pri-

441 645 612 696 mitus
677 639 870 692 Turcze
923 636 1292 705 occupabant,
1359 649 1390 688 a
1445 634 1611 688 ﬂuvio
1663 634 2026 689 interlabente

440 738 789 798 nuncupatur
843 725 958 781 Etel
1004 734 1059 781 et
1103 725 1278 791 anu,
1321 725 1376 779 in
1415 742 1527 795 quo
1578 740 1726 779 nunc
1775 723 2027 778 Patzina-

440 824 563 875 citae
595 829 1050 885 commorantur;
1093 834 1131 872 av
1164 818 1365 890 quibus
1401 832 1532 872 sane
1563 816 1710 887 pulsi
1743 815 1940 870 Turca:
1973 825 2028 870 et

440 913 835 983 profugientes,
871 911 1030 966 sedes
1086 920 1393 982 posuerunt
1434 911 1566 974 illic,
1621 911 1713 964 ubi
1754 922 1902 963 nunc
1935 908 2029 961 ha-

441 1006 640 1060 bitant.
678 1004 734 1058 In
789 1004 893 1058 hoc
927 1011 1110 1058 autem
1157 989 1279 1057 loco
1311 1003 1534 1071 antiqua
1566 1000 1814 1070 quaadam
1851 1000 2030 1054 moni-

440 1109 628 1151 menta
673 1104 968 1166 supersunt
997 1111 1011 1160 ;
1048 1096 1187 1150 inter
1216 1113 1337 1166 qua:
1367 1110 1505 1164 pons
1535 1092 1758 1163 Trajani
1794 1093 2030 1161 impera-

440 1190 580 1243 toris
626 1188 693 1242 ad
746 1187 903 1241 initia
938 1186 1175 1253 Turciae,
1227 1194 1281 1241 et
1324 1184 1639 1257 Belegrada,
1686 1198 1808 1254 quae
1860 1182 2029 1236 trium

442 1277 658 1333 dierum
693 1279 893 1332 itinere
925 1279 994 1333 ab
1023 1279 1142 1346 ipso
1191 1285 1358 1348 ponte
1392 1277 1582 1343 distat,
1612 1277 1705 1331 ubi
1742 1276 1913 1330 turris
1947 1281 2030 1330 est

443 1369 622 1424 sancti
657 1385 720 1424 ac
749 1371 931 1440 magni
960 1369 1310 1424 Constantini
1341 1369 1716 1439 imperatoris,
1748 1375 1802 1423 et
1833 1381 2030 1422 rursus

443 1460 509 1513 ad
566 1475 790 1515 cursum
836 1452 1080 1514 ﬂmninis
1123 1466 1303 1515 exstat
1359 1459 1646 1524 Sirmium,
1678 1458 1849 1528 quod_
1879 1457 2034 1512 Bele-

443 1550 610 1619 grada
664 1549 815 1605 abest
867 1549 1104 1604 duorum
1151 1549 1366 1605 dierum
1408 1551 1604 1605 itinere
1640 1549 1808 1604 :inde
1839 1561 2032 1619 magna

442 1642 684 1696 Moravia
713 1642 988 1710 baptismo
1009 1656 1228 1704 carens,
1249 1655 1413 1710 quam
1439 1639 1631 1696 Turcze
1652 1640 2029 1703 devastarunt,

444 1734 715 1804 cujusque
763 1733 1019 1802 princeps
1051 1732 1180 1786 olim
1211 1731 1316 1786 fuit
1354 1731 1835 1801 SphendOploeus.
1874 1732 2034 1802 110

2126 545 2222 598 καὶ
2275 544 2373 614 τὴν
2427 541 2610 612 χώραν
2649 539 2830 594 αὐτῶν
2883 537 3056 601 οὕτως
3096 538 3346 609 εὑρόντες
3384 539 3592 612 ἔρημον
3624 544 3720 597 καὶ

2127 635 2632 705 κατηφανισμένην,
2678 632 3108 701 κατεσκήνωσαν
3153 633 3233 694 εἰς
3265 631 3364 702 τὴν
3397 633 3619 703 γῆνεεῐς
3651 636 3719 705 ἣν

2129 731 2225 783 καὶ
2257 730 2501 799 σήμερον
2552 723 2891 788 κατοικοῦσι,
2921 723 3024 794 τὴν
3050 723 3536 794 ἐπονομαζομένην
3574 727 3716 780 κατὰ

2127 823 2226 895 τὴν
2265 821 2524 891 ἀνωτέρω
2560 819 2696 890 (15),
2729 817 2802 881 ὼς
2835 815 3074 887 εἴρηται,
3122 817 3232 870 τῶν
3269 817 3534 887 ποταμῶν
3569 818 3716 870 ἐπω-

2129 914 2349 984 νυμίαν.
2398 913 2456 965 '0
2479 913 2536 966 δὲ
2576 912 2742 976 τόπος
2773 913 2831 965 ἐν
2861 905 2905 979 ᾧ
2936 909 3206 981 πρότερον
3238 909 3288 962 οἱ
3339 909 3573 978 Τοῦρκοι
3624 909 3720 961 ὑπ-

2129 1005 2322 1076 ῆρχον,
2371 1002 2695 1074 ὀνομάζεται
2722 1002 2865 1057 κατὰ
2902 1001 2999 1073 τὴν
3066 1002 3384 1072 ἐπωνυμίαν
3413 999 3508 1054 τοῦ
3540 1002 3718 1054 ἐκεῖσε

2130 1096 2478 1168 διερχομένου
2511 1093 2759 1163 ποταμοῦ
2804 1092 2955 1146 Ἐτέλ
2999 1093 3093 1144 καὶ
3145 1092 3358 1156 Κουζοὺ
3415 1091 3547 1160 (14),
3584 1093 3642 1143 ἐν
3673 1083 3719 1158 ᾧ

2131 1188 2334 1261 ἀρτίως
2367 1189 2415 1240 οἱ
2447 1186 2837 1251 Πατζινακῖται
2879 1182 3230 1238 κατοικοῦσιν
3261 1201 3274 1214 ο
3311 1185 3360 1235 οἱ
3392 1182 3448 1235 δὲ
3482 1181 3720 1253 Τοῦρκοι

2132 1283 2284 1352 παρὰ
2310 1282 2420 1334 τῶν
2456 1278 2866 1344 Πατζινακιτῶν
2885 1275 3202 1346 διωχθέντες
3249 1270 3413 1345 ἦλθον
3449 1274 3546 1328 κοί)⁵
3578 1291 3716 1327 κατ-

2133 1375 2452 1444 εσκήνωσαν
2516 1372 2599 1434 εἰς
2635 1369 2734 1440 τὴν
2773 1368 2880 1438 γῆν
2933 1370 3012 1431 εἰς
3063 1367 3131 1439 ἣν
3183 1365 3278 1421 νῦν
3329 1366 3589 1420 οἰκοῦσιν.
3629 1366 3718 1419 Ἐν

2132 1465 2283 1536 αὐτῷ
2322 1465 2382 1518 δέ
2421 1463 2499 1536 τῷ
2544 1463 2696 1533 τόπῳ
2748 1459 2953 1515 παλαιά
3006 1459 3131 1512 τινά
3162 1459 3278 1512 ἐστι
3305 1458 3666 1530 γνωρίσματα
3699 1472 3717 1490 ο

2134 1558 2230 1612 καὶ
2260 1557 2476 1629 πρῶτον
2505 1556 2606 1627 μέν
2637 1557 2784 1609 ἐστιν
2811 1556 2845 1624 ἠ
2878 1553 2972 1606 τοῦ
3001 1551 3264 1624 βασιλέως
3303 1549 3576 1622 Τραϊανοῦ
3622 1551 3718 1618 γέ-

2135 1669 2283 1723 φυρα
2314 1649 2456 1704 κατὰ
2479 1647 2578 1720 τὴν
2607 1647 2709 1717 τῆς
2741 1645 3016 1718 Τουρκίας
3051 1645 3229 1716 ἀρχήν
3264 1661 3278 1674 ο
3312 1643 3502 1698 ἔπειτα
3533 1643 3588 1695 δὲ
3620 1641 3717 1695 καὶ

2137 1741 2451 1814 Βελάγραδα
2480 1740 2588 1795 ἀπὸ
2615 1739 2783 1809 τριῶν
2817 1737 3040 1810 ἡμερῶν
3086 1737 3186 1806 τῆς
3226 1736 3398 1806 αὐτῆς
3451 1733 3718 1804 γεφύρας,

440 1824 619 1896 Atque
681 1824 794 1879 haec
839 1824 1058 1894 quidem
1109 1825 1264 1893 juxta
1319 1824 1519 1878 Istrum
1570 1825 1772 1877 ﬂumen
1834 1837 2030 1876 monuo

2142 1837 2193 1887 ἐν
2291 1832 2386 1886 καὶ
2412 1831 2440 1884 6
2462 1829 2674 1900 πύργος
2701 1829 2820 1881 ἐστὶ
2853 1827 2947 1882 τοῦ
2974 1829 3128 1896 ἁγίου
3157 1827 3251 1881 καὶ
3285 1825 3528 1895 μεγάλου
3563 1825 3720 1898 Κων-

441 1925 624 1972 inenta
676 1924 829 1981 sunt,
887 1923 940 1970 et
984 1914 1336 1984 cognomina.
1385 1914 1659 1969 Ulteriora
1705 1929 1856 1981 vero,
1911 1929 2033 1984 qua:

442 2011 628 2066 omnia
662 2007 862 2063 Turcis
902 2007 1244 2071 habitantur,
1289 2007 1620 2076 cognomina
1652 2021 1797 2061 nunc
1830 2005 2035 2062 habent

443 2115 473 2154 λ
533 2099 854 2154 ﬂuminibus
923 2097 1459 2154 transeurrentibus.
1511 2097 1711 2153 Eorum
1794 2098 2032 2167 primum

443 2189 696 2245 Times-es
749 2197 874 2254 est;
923 2188 1158 2243 alterum
1213 2187 1427 2257 Tutes;
1481 2190 1702 2245 tertium
1752 2189 2032 2258 Moreses;

443 2288 704 2348 quartum
746 2279 984 2344 Crisus;
1021 2279 1271 2350 quintum
1324 2278 1501 2336 Titza.
1548 2282 1808 2339 Conﬁnes
1849 2291 2034 2337 autem

444 2368 644 2424 Turcis
703 2379 833 2440 sunt
881 2369 1150 2425 orientem
1219 2387 1413 2428 versus
1473 2371 1733 2442 Bulgari;
1789 2373 1880 2428 ubi
1940 2387 2037 2428 eos

444 2462 583 2518 Ister
623 2461 848 2528 ﬂuvius,
901 2463 994 2533 qui
1036 2471 1092 2518 et
1146 2463 1430 2520 Danubius
1477 2465 1704 2530 dicitur,
1748 2473 1971 2535 separat
2017 2483 2033 2521 :

441 2553 872 2620 septentrionem
926 2567 1118 2608 versus
1155 2553 1542 2621 Patzinacitte;
1581 2555 1646 2609 ad
1689 2555 2034 2611 occidentem

441 2641 675 2711 Franci;
738 2645 832 2713 ad,
868 2645 1152 2700 meridiem
1198 2645 1486 2700 Chrobati.
1546 2643 1682 2701 Octo
1753 2663 1886 2704 vero
1955 2647 2037 2702 ha:

443 2735 745 2790 'l‘urcarum
809 2745 1000 2806 gentes
1058 2736 1408 2808 principibus
1441 2739 1560 2794 suis
1604 2739 1866 2810 subjecta:
1922 2754 2037 2795 non

445 2835 598 2891 sunt,
645 2826 743 2882 sed
774 2827 1027 2898 singulae,
1075 2842 1172 2898 pro
1213 2828 1558 2898 ﬂuminibus,
1598 2832 1802 2902 quibus
1837 2831 2039 2888 distin-

445 2926 709 2987 guuntur,
769 2929 963 2973 mutuo
1040 2918 1182 2974 inter
1243 2935 1307 2976 se
1368 2929 1659 2978 contractu
1725 2931 2039 2980 statuerunt

445 3026 836 3082 quamcunque
879 3022 1089 3086 partem
1150 3013 1297 3070 bello
1334 3009 1586 3071 infestari
1633 3017 1950 3088 contigerit,
1984 3017 2037 3072 ei

445 3103 814 3158 communiter
856 3105 1004 3159 omni
1038 3105 1227 3162 studio
1255 3115 1310 3162 et
1359 3122 1488 3163 cura
1533 3109 1814 3180 suppetias
1865 3107 2032 3165 ferre.

447 3191 662 3249 Ilibent
691 3203 870 3249 autem
921 3195 1156 3264 primum
1193 3197 1390 3254 ducem
1424 3200 1704 3256 exercitus
1728 3201 2035 3274 principem

445 3306 476 3344 c
513 3290 773 3359 prosapia
814 3287 1054 3357 Arpade,
1105 3305 1230 3344 cum
1285 3306 1396 3360 quo
1455 3292 1564 3348 duo
1613 3294 1706 3349 alii
1770 3294 1922 3364 gylas
1981 3304 2038 3349 et

445 3385 724 3451 earchan,
774 3387 866 3456 qni
911 3387 1160 3456 judicum
1229 3388 1402 3443 vicem
1448 3389 1722 3445 obtinent.
1767 3389 1834 3443 Et
1873 3389 2037 3446 habet

447 3493 785 3548 numquamque
831 3493 966 3550 gens
1017 3460 1351 3548 peculiarem
1405 3482 1754 3552 principem;
1798 3491 2038 3554 suntque

447 3570 601 3640 gylns
653 3580 705 3625 et
751 3572 992 3626 carcbau
1024 3587 1133 3626 non
1184 3574 1406 3628 nomina
1439 3576 1684 3646 propria,
1734 3576 1830 3632 sed
1859 3576 2036 3647 digni-

447 3674 611 3718 tates.
666 3663 964 3720 Sciendum
1016 3681 1149 3721 vero
1191 3667 1462 3737 Arpadem
1505 3684 1768 3738 magnum
1823 3669 2040 3726 Turda:

446 3757 752 3829 principem
795 3759 938 3815 ﬁlios
965 3759 1226 3830 genuisse
1254 3768 1514 3831 quatuor,
1552 3777 1789 3832 quorum
1827 3763 2039 3835 primus

447 3846 788 3915 Tarcatzus;
861 3849 1139 3907 secundus
1199 3849 1430 3918 Jelech;
1491 3853 1688 3909 tertius
1745 3853 2038 3922 Jutotzas;

447 3948 685 4010 quartus
753 3940 974 3998 Zaltan.
1047 3941 1264 4002 Rursus
1349 3945 1570 4017 Arpade
1639 3947 2041 4019 primogenitus

446 4031 749 4090 Tarcatzus
831 4033 1002 4091 ﬂlium
1083 4035 1276 4092 habuit
1348 4035 1584 4106 Tebele;
1647 4040 1788 4095 alter
1855 4037 2041 4096 Jelcch

446 4123 618 4180 tilium
691 4127 882 4196 genuit
955 4126 1228 4194 Ezelech;
1305 4129 1504 4185 tertius
1560 4131 1808 4186 Jutotzas
1844 4131 2040 4189 ,ﬂlium

447 4219 694 4289 suscepit
740 4219 1038 4285 Phalitzin,
1070 4220 1165 4290 qui
1220 4235 1368 4275 nunc
1407 4221 1774 4290 principatum
1825 4230 1974 4277 tenet
2024 4240 2038 4275 :

445 4320 678 4383 quartus
740 4311 927 4368 Zaltas
989 4311 1160 4368 ﬂlium
1222 4313 1414 4368 habuit
1485 4313 1684 4367 Taxin.
1748 4312 2044 4382 Etiomues

444 4403 666 4475 quidem
717 4403 940 4475 Arpade
998 4404 1095 4460 lilii
1154 4406 1358 4462 mortui
1422 4415 1588 4473 sunt,
1651 4407 2043 4478 superstitibus

2139 1924 2423 1980 σταντὶνου
2473 1922 2568 1976 τοῦ
2623 1921 2890 1992 βασιλέως
2925 1937 2940 1953 ο
2973 1921 3065 1974 καὶ
3092 1918 3253 1974 πάλιν
3283 1918 3430 1972 κατά
3476 1917 3576 1987 τὴν
3627 1918 3723 1968 τοῦ

2138 2015 2385 2086 ποταμοῦ
2440 2014 2714 2086 ἐκδρομὴν
2766 2015 2879 2067 ἔστι
2915 2014 2975 2066 τὸ
3014 2013 3245 2083 Σέρμιον
3287 2012 3467 2064 ἐκεῖνο
3510 2011 3571 2063 τὸ
3631 2011 3727 2062 λε-

2139 2110 2393 2180 γόμενον,
2420 2107 2529 2162 ἀπὸ
2567 2107 2667 2176 τῆς
2698 2105 3011 2178 Βελγρὰδας
3035 2105 3151 2157 ὁδὸν
3182 2103 3302 2173 ἕχον
3331 2103 3558 2174 ἡμερῶν
3592 2102 3684 2156 δύο
3708 2119 3721 2133 ο

2139 2203 2234 2259 καὶ⁵
2253 2201 2364 2258 ἀπὸ
2391 2201 2500 2255 τῶν
2527 2202 2706 2254 ἐκεῖσε
2733 2203 2767 2269 ἠ
2823 2199 3038 2270 μεγάλη
3078 2197 3352 2268 Μοραὸἔα,
3405 2197 3440 2266 ἡ
3492 2195 3724 2250 6165mm-

2141 2313 2288 2360 στος,
2321 2297 2388 2367 ἢν
2424 2294 2519 2350 καλ⁸
2559 2290 2851 2362 ἐξήλειψαν
2897 2293 2946 2343 οἱ
2970 2287 3206 2360 Τοῦρκοι
3231 2289 3368 2360 (15),
3397 2281 3464 2376 ᾖς
3493 2283 3626 2358 ἦρχε
3661 2285 3723 2338 τὸ

2139 2386 2405 2458 πρότερον
2437 2387 2466 2439 6
2496 2381 2900 2453 Σφενδοπλόκος
2937 2380 3074 2452 (l6).
3113 2377 3302 2433 Ταῦτα
3346 2378 3443 2448 μέν
3479 2378 3546 2431 τὰ
3579 2376 3722 2430 κατὰ

2138 2479 2229 2535 τὸν
2258 2479 2472 2548 Ἵστρον
2494 2475 2739 2545 ποταμὸν
2768 2472 3126 2543 γνωρίσματά
3155 2489 3216 2525 τε
3252 2472 3346 2525 καὶ
3379 2469 3721 2540 ἐπωνυμίαι·

2137 2569 2239 2626 ’τὰι
2261 2570 2320 2624 δὲ
2371 2568 2619 2640 ἀνώτερα
2667 2566 2896 2630 τούτων,
2949 2565 3008 2618 ἐν
3143 2567 3293 2618 ἐστιν
3345 2565 3377 2634 ἡ
3429 2563 3580 2616 πᾶσα
3625 2563 3724 2632 τῆς

2141 2663 2418 2734 Τουρκὶας
2462 2660 2908 2730 κατασκήνωσις,
2970 2657 3174 2728 ἀρτίως
3225 2653 3555 2726 ὀνομάζουσι
3584 2653 3722 2708 κατὰ

2137 2756 2237 2818 τὰς
2262 2755 2470 2808 τούτων
2497 2754 2678 2808 ἐκεῖσε
2715 2751 2947 2824 ῥεόντων
2995 2749 3258 2819 ποταμῶν
3289 2748 3626 2819 ἐπωνυμίας.
3659 2747 3723 2799 0i

2138 2845 2196 2899 δὲ
2230 2843 2468 2914 ποταμοὶ
2513 2843 2656 2896 εἰσὶν
2696 2837 2846 2896 οῦτοι
2873 2859 2888 2873 ’
2922 2841 3171 2912 ποταμὸς
3211 2840 3432 2912 πρῶτος
3475 2843 3502 2893 6
3550 2840 3726 2908 Τιμή-

2142 2952 2242 3006 σης
2268 2952 2282 2966 ⁸
2309 2936 2556 3007 ποταμὸς
2601 2935 2855 3005 δεύτερος
2897 2933 3109 3001 Τούτης
3149 2933 3298 3003 (17)·
3353 2930 3596 3000 ποταμὸς
3623 2926 3669 2999 γ’
3697 2932 3726 2983 6

2141 3026 2405 3096 Μορήσης
2438 3042 2452 3055 ο
2483 3025 2524 3078 δ’
2559 3027 2587 3078 6
2619 3024 2823 3094 Κρίσος
2859 3039 2874 3055 ο
2906 3024 3002 3078 καὶ
3037 3023 3203 3078 πάλιν
3254 3023 3439 3092 ἕτερος
3483 3021 3726 3092 ποταμὸς

2141 3117 2400 3190 ἠΤίτζα.
2438 3117 2806 3187 Πλησιάζουσι
2845 3115 2902 3170 δὲ
2947 3118 3061 3178 τοῖς
3107 3114 3370 3186 Τούρκοις
3423 3113 3536 3186 (18)
3590 3114 3727 3184 πρὸς

2142 3211 2242 3282 μὲν
2297 3213 2357 3265 τὸ
2402 3210 2725 3265 ἀνατολικὸν
2770 3209 2936 3280 μέρος
2966 3209 3016 3261 οἱ
3070 3207 3391 3278 Βούλγαροι,
3441 3209 3500 3260 ἐν
3547 3199 3592 3274 ᾧ
3633 3205 3729 3259 καὶ⁵

2139 3305 2457 3377 διαχωρίζει
2488 3305 2687 3368 αὐτοὺς
2716 3305 2744 3358 6
2774 3305 3008 3374 Ἴστρος,
3045 3305 3073 3356 6
3121 3303 3216 3358 καὶ
3258 3302 3547 3366 Δανούϐιος
3571 3301 3726 3368 λεγόν

2144 3414 2306 3468 μενος
2332 3397 2577 3462 ποταμός
2605 3412 2619 3427 '
2645 3396 2782 3467 πρὸς
2801 3396 2857 3448 δὲ
2883 3397 2944 3448 τὸ
2973 3396 3182 3466 βόρειον
3205 3396 3254 3446 οἱ
3295 3393 3692 3458 Πατζινακῖται
3712 3409 3726 3424 ·

2142 3491 2281 3561 πρὸς
2332 3492 2390 3542 δὲ
2428 3488 2490 3541 τὸ
2544 3487 2908 3560 δυτικώτερον
2938 3488 2988 3541 οἱ
3019 3487 3266 3556 Φράγγοι
3299 3501 3312 3514 ⁸
3365 3487 3502 3557 πρὸς
3551 3485 3608 3538 δὲ
3667 3485 3728 3538 τὸ

2146 3577 2524 3650 μεσημϐρινὸν
2571 3579 2621 3631 οἱ
2669 3577 2978 3649 Χρώϐατοι.
3013 3579 3079 3632 Αἱ
3111 3577 3169 3630 δέ
3199 3575 3343 3629 ὀκτὼ
3390 3576 3576 3644 γενεαὶ
3619 3574 3729 3628 τῶν

2141 3671 2402 3740 Τούρκων
2433 3661 2594 3722 αὗται
2645 3669 2781 3737 πρὸς
2841 3670 2968 3732 τους
3021 3670 3254 3730 οἰκείους
3313 3668 3585 3739 ἄρχοντας
3631 3666 3727 3737 οὐχ

2143 3761 2539 3826 ὑπακούουσιν,
2567 3761 2684 3816 ἀλλ’
2723 3759 2981 3831 ὁμόνοιαν
3032 3760 3247 3831 ἔχουσιν
3289 3760 3370 3823 εἰς
3396 3759 3523 3822 τοὺς
3557 3775 3726 3812 ποτα·

2145 3856 2304 3928 μοῦς,
2339 3856 2420 3918 εἰς
2469 3847 2582 3908 οἷον
2612 3851 2776 3924 μέρος
2813 3852 3112 3924 προϐάλλει
3153 3851 3388 3921 πόλεμος
3425 3847 3727 3916 συναγωνίο

2144 3948 2338 4016 ζεσθαι
2365 3946 2505 4020 μετὰ
2528 3947 2709 4017 πάσης
2735 3943 3015 4016 φροντίδος
3033 3961 3091 3997 τε
3117 3943 3212 3998 καὶ
3230 3943 3486 4014 σπουδῆς.
3510 3943 3732 4012 Ἔχουσι

2143 4043 2201 4096 δέ
2225 4040 2470 4112 κεφαλὴν
2502 4038 2613 4110 (19)
2642 4037 2867 4108 πρώτην
2892 4035 2984 4089 τὸν
3013 4036 3252 4106 ἄρχοντα
3283 4035 3391 4088 ἀπὸ
3416 4034 3514 4104 τῆς
3536 4033 3730 4102 γενεᾶς

2143 4134 2240 4188 τοῦ
2291 4132 2532 4203 Ἀρπαδὴ
2568 4131 2712 4185 κατὰ
2742 4129 3085 4194 ἀκολουθίαν,
3112 4128 3209 4182 καὶ
3240 4126 3334 4181 δύο
3366 4126 3608 4197 ἐτέρους,
3639 4125 3730 4177 τόν

2144 4243 2206 4278 τε
2252 4223 2459 4292 γυλὰν,
2513 4223 2611 4276 καὶ
2664 4221 2755 4275 τὸν
2812 4219 3046 4291 καρχὰν,
3090 4219 3289 4283 οἵτινες
3341 4219 3521 4290 ἔχουσι
3577 4215 3732 4280 τάξιν

2148 4313 2341 4388 κριτοῦ
2367 4330 2380 4344 ·
2409 4313 2524 4384 ἔχει
2553 4313 2611 4366 δέ
2642 4313 2846 4383 ἑκάστη
2901 4311 3065 4380 γενεὰ
3113 4310 3377 4383 ἄρχοντα.
3424 4310 3624 4364 Ἰστέον
3652 4311 3735 4363 ὅτι

2147 4410 2180 4462 6
2218 4406 2390 4477 γυλὰς
2439 4405 2591 4461 καὶὸ
2639 4405 2854 4476 καρχὰν
2895 4405 2998 4457 οὐκ
3051 4403 3193 4456 εἰσὶν
3249 4403 3493 4473 ὀνόματα
3544 4403 3734 4474 κύρια,

446 4504 662 4549 tantum
704 4509 895 4551 eorum
952 4495 1247 4566 nepotibus
1293 4495 1459 4552 Phale
1508 4507 1564 4553 et
1595 4496 1736 4553 Tase
1768 4513 1890 4554 cum
1943 4514 2035 4569 pa-

2150 4499 2288 4555 ἁλλὰ
2335 4495 2642 4569 ἀξιώματα.
2694 4495 2890 4550 ’ἰστέον
2941 4496 3022 4548 ὅτι
3070 4497 3098 4548 6
3153 4494 3431 4566 ’Δρπαδὴς
3479 4497 3508 4548 6
3564 4495 3735 4566 μέγας

444 4585 610 4639 trueli
673 4601 864 4640 eorum
909 4585 1080 4654 Taxi;
1149 4587 1488 4660 Tebelesquc
1565 4589 1809 4646 moriens
1870 4590 2042 4646 lilium

445 4673 668 4742 reliquit
734 4673 1124 4744 Termatzum,
1187 4677 1283 4748 qui
1336 4694 1515 4750 nuper
1559 4680 1615 4735 in
1670 4680 1903 4750 gratiam
1963 4696 2048 4736 re-

2153 4591 2426 4664 Τουρκίας
2445 4589 2638 4660 ἄρχων
2665 4588 2889 4658 ἐποίησε
2918 4587 2960 4639 δ’
2990 4587 3162 4650 υῑοὺς,
3218 4586 3436 4657 πρῶτον
3470 4586 3564 4638 τὸν
3595 4587 3739 4656 Ταρ-

2157 4684 2415 4751 κατζοῦν,
2445 4684 2697 4754 δεύτερον
2726 4681 2818 4736 τὸν
2842 4681 3033 4752 ’1έλεχ,
3083 4681 3263 4752 τριτον
3297 4681 3388 4734 τὸν
3411 4678 3734 4745 ἰουτοτζὰν,

1601 4795 1905 4872 assetut
1934 4817 2264 4876 BANDUﬂll
2290 4818 2526 4877 NOTAE.

514 4943 738 5022 (19)§ic
761 4947 816 5002 in
845 4963 950 5005 ms.
973 4949 1188 5006 codice.
1219 4949 1278 5022 ln
1301 4950 1466 5007 editis
1490 4951 1915 5022 legitur,lxaxi;v
1942 4970 2040 5006 κα-

443 5017 580 5102 κῶς.
611 5017 761 5074 ’νὶἀιι
802 5035 926 5091 quae
971 5036 1139 5092 supra
1179 5021 1248 5077 ad
1282 5037 1408 5092 cap.
1458 5017 1686 5090 t5,'liae
1729 5023 1796 5078 de
1837 5017 1896 5078 re
1926 5038 2043 5078 nio-

443 5105 692 5146 nuntius.

517 5160 629 5234 (15)
650 5158 741 5234 Sic
759 5175 827 5215 ex
853 5177 958 5234 nis.
979 5160 1272 5234 Perperam
1296 5162 1498 5232 legitur
1519 5163 1572 5218 in
1594 5161 1896 5234 editis,t+;v
1919 5166 2046 5217 ἑπο-

444 5231 827 5305 νομαζομένην
863 5231 973 5305 ξκαὶ
1032 5233 1130 5304 τὴν
1181 5231 1459 5305 ἀνωτέρω,
1507 5246 1616 5289 etc.
1681 5233 1789 5289 Sed
1841 5231 2048 5304 Optime

444 5303 718 5359 Meursius
751 5303 1028 5357 emendat.

485 5374 628 5445 (14)
675 5371 787 5426 Hoc
826 5373 1095 5445 _ﬂ_uuien_
1122 5371 1264 5445 Atei,
1296 5373 1502 5429 dicitur
1555 5373 2034 5445 Porphyrogenito

445 5442 568 5512 cap.
601 5445 694 5508 37,
745 5443 842 5499 sed
890 5443 1022 5498 Edel
1053 5442 1342 5500 Tartariee
1389 5454 1642 5510 vocatur,
1666 5442 1755 5500 _nt
1789 5442 1868 5498 ibi
1912 5461 2032 5499 nio-

447 5528 694 5569 Illllllllls.

518 5583 631 5657 (15)
669 5585 744 5657 Ita
769 5585 836 5657 in
873 5601 992 5657 ms.
1023 5585 1242 5657 legitur.
1277 5583 1728 5657 Perperamjero
1760 5587 1824 5657 in;
1847 5584 2035 5649 editis,

447 5651 517 5720 ἣν
551 5651 959 5731 καὶοὲξέλειψαν
999 5656 1051 5707 οἱ
1083 5651 1352 5726 Ὺοῦρκοι,
1381 5651 1539 5727 quam
1578 5654 1764 5710 Turca:
1795 5656 2041 5731 deserue-

449 5731 599 5785 runt,
654 5726 764 5777 imo
801 5726 981 5791 potius
1032 5726 1402 5795 occuparunt,
1454 5737 1513 5780 ut
1553 5740 1621 5780 ex
1677 5727 2039 5797 sequentibus

455 5800 704 5860 apparet.

2218 4954 2332 5025 (lli)
2369 4953 2461 5009 Sie
2491 4953 2546 5007 in
2581 4965 2686 5006 ms.
2713 4949 2806 5025 hic
2830 4959 2886 5025 et
2919 4947 3100 5020 capite
3125 4947 3403 5025 sequenti.
3469 4945 3526 5002 In
3571 4947 3737 5007 editis

2143 5017 2277 5082 vero
2313 5017 2402 5094 hic
2432 5036 2727 5094 perperam
2757 5017 3494 5094 legitur,'g<psv§oyon>.6xog.

2217 5096 2331 5166 (l7)
2373 5087 2465 5149 Sil:
2499 5087 2568 5148 ei
2603 5107 2708 5166 ms.
2747 5087 2960 5166 codice.
3010 5087 3068 5166 In
3098 5089 3261 5166 editis
3286 5105 3418 5166 vero
3451 5088 3616 5166 locus.
3638 5089 3734 5166 de-

2145 5159 2406 5238 pravatns
2429 5178 2494 5218 ac
2536 5160 2799 5228 mutilus;
2835 5162 2946 5218 duo
2976 5159 3181 5232 quippe
3213 5159 3443 5214 ﬂumina
3479 5159 3551 5216 ibi
3587 5159 3734 5214 desi-

2149 5239 2666 5374 dtﬁ‘gr'lllhngarite
2698 5303 2978 5360 hodiernae
3015 5309 3129 5374 tum
3182 5316 3308 5374 eum
3354 5314 3384 5353 a
3409 5299 3617 5374 ‘Turcis
3648 5315 3738 5374 ce-

2146 5369 2347 5447 cupata
2409 5369 2535 5439 l'uit',
2593 5374 2988 5431 describuntur
3032 5371 3122 5427 hic
3176 5388 3208 5428 a
3263 5369 3739 5442 Porphyrogcnito
3813 5392 3834 5401 -

2148 5449 2373 5504 limites.

2216 5516 2330 5586 (t9)
2383 5515 2651 5585 Κεφαλή,
2697 5519 2806 5570 dux
2857 5514 3123 5571 exercitus
3167 5518 3251 5570 vel
3321 5513 3573 5570 cohortis.
3628 5510 3742 5586 lluc

2147 5583 2280 5644 voce
2314 5583 2507 5641 autem
2556 5583 2729 5657 utitur
2769 5587 2934 5642 etiam
2979 5585 3492 5657 Porphyrogenitus
3541 5583 3738 5657 eadem

2147 5604 2280 5644 voce
2323 5600 2507 5641 autem
2556 5600 2729 5641 untur
2769 5600 2934 5642 etiam
2980 5600 3492 5709 t'orgnyrogemtus
3541 5600 3738 5637 eadem

2147 5659 2381 5714 notione
2407 5671 2530 5724 cap.
2563 5655 2634 5711 26
2665 5669 2720 5713 et
2753 5658 2895 5712 intra
2927 5671 3052 5725 cap.
3136 5657 3184 5726 l_.
3212 5657 3318 5713 Sed
3351 5666 3407 5712 et
3442 5655 3601 5726 plura
3633 5654 3739 5706 alia

2150 5727 2400 5801 exempla
2437 5726 2606 5801 habes
2641 5731 2786 5801 apud
2807 5724 3110 5800 scriptorcs
3143 5724 3500 5801 Byzantinos,
3523 5739 3739 5780 necnon

2150 5795 2325 5854 etiam
2347 5795 2492 5866 apud
2528 5795 2779 5855 taetieos.
