4046 6208
239 310 342 373 333

1277 308 1374 367 DE
1412 308 2042 368 ADMINISTRANDO
2082 305 2428 366 IMPERIO.

3378 306 3488 371 324

247 418 697 493 παραθαλάσσιον
730 418 841 472 ἀπὸ
867 416 966 486 τῆς
998 415 1445 487 συμπληρώσεως
1479 420 1577 489 τῆς
1606 419 1813 488 Ζιχίας,
1852 419 1970 489 ἦτοι
1997 417 2280 486 Νικόιῖκεως
2315 411 2583 482 ποταμοῦ,
2612 414 2760 467 ἐστιν
2788 416 2822 484 ἡ
2850 416 2946 485 τῆς
3025 418 3314 487 ’Ᾱϐασγίας
3386 424 3496 491 χώ-

248 532 337 584 ρα,
370 516 535 585 μέχρι
568 511 668 564 τοῦ
710 513 947 581 κάστρου
980 511 1489 579 Σωτηριουπόλεως·
1526 514 1633 566 εἰσι
1663 513 1721 566 δὲ
1756 512 1907 583 μίλια
1940 510 2005 566 τ’.

869 604 1118 657 ΚΕΦΑΛ.
1164 602 1298 657 ΜΓ.

589 696 730 765 Περὶ
758 695 864 763 τῆς
891 694 1085 764 χώρας
1110 690 1217 749 τοῦ
1253 696 1469 764 Ταρών.

326 788 490 843 Ἀλλά
526 788 625 858 μὲν
659 785 917 857 περὶτῶν
945 786 1173 856 βορείων
1219 787 1441 840 Σκυθῶν
1479 788 1678 852 ἱκανῶς
1727 806 1809 843 σοι

240 882 554 949 δεδήλωται,
594 878 777 930 τέκνον
808 874 1167 947 ποθούμενον,
1224 873 1299 931 ὧν
1351 880 1385 949 ή
1455 882 1657 948 γνῶσις
1713 884 1810 935 ἐπ-

257 973 475 1040 ωφελής
500 988 555 1023 τε
585 969 676 1022 καὶ
709 969 1011 1039 εὔχρηστος
1037 972 1094 1020 ἐν
1110 970 1289 1039 καιρῷ
1304 986 1384 1023 σοι
1402 970 1617 1037 πάντως
1646 975 1812 1044 γενή-

249 1077 421 1114 σεται⁸
476 1061 556 1113 δεῖ
599 1060 655 1111 δέ
716 1077 775 1111 σε
818 1060 954 1129 μηδὲ
1006 1060 1089 1112 τά’
1127 1060 1263 1130 πρὸς
1313 1061 1600 1133 ἀνίσχοντα
1658 1065 1810 1135 ἥλιον

247 1154 475 1220 ἀγνοεῖν,
498 1151 617 1204 ὅθεν
652 1151 869 1221 ὑπήκοα
893 1152 1059 1204 πάλιν
1086 1154 1202 1215 τοῖς
1247 1152 1542 1222 Ῥωμαίοις
1568 1157 1805 1223 ἐγένετο,

244 1244 334 1311 ἀφ’
358 1235 417 1295 οὗ
445 1243 503 1295 τὸ
535 1243 755 1313 πρῶτον
782 1246 882 1313 τῆς
909 1242 1114 1319 τούτων
1148 1246 1500 1316 ἐπικρατείας
1531 1248 1804 1313 ἐξέπεσον.

239 1335 455 1404 Πρῶτος
490 1336 599 1406 γάρ
630 1338 659 1389 6
713 1337 1070 1407 Κρικορίκιος
1123 1338 1330 1401 ἐκεῖνος
1366 1339 1461 1392 τοῦ
1492 1341 1684 1409 Ταρὼν
1708 1343 1807 1412 ἆρ-

232 1444 343 1495 χων
375 1426 512 1491 πρὸς
544 1427 635 1478 τὸν
686 1426 913 1496 βασιλέα
974 1427 1261 1496 Ῥωμαίων
1316 1430 1508 1482 ἑαυτὸν
1556 1432 1809 1485 ὑπέκλινε

232 1520 326 1569 καὶ
384 1517 667 1584 ὑπέταξεν*
731 1517 847 1570 ἀλλ’
888 1516 949 1581 ἐξ
1000 1519 1176 1588 ἀρχῆς
1225 1518 1323 1584 μὲν
1356 1520 1812 1593 ὲπαμφοτερίζων

234 1607 502 1674 ἐφαίνετο,
537 1608 633 1661 καὶ⁵
677 1607 823 1676 λόγῳ
886 1607 982 1676 μὲν
1031 1607 1130 1676 τὴν
1180 1606 1277 1660 τοῦ
1334 1607 1600 1678 βασιλέως
1630 1612 1812 1681 φιλίαν

231 1700 610 1769 προσεποιεῖτο
639 1698 807 1766 τιμᾷν
837 1696 974 1767 (40),
1006 1697 1152 1768 ἔργῳ
1196 1698 1253 1752 δὲ
1292 1699 1369 1771 τῷ
1416 1702 1526 1754 τῶν
1552 1704 1810 1774 Σαρακη-

227 1789 336 1840 νῶν
386 1788 720 1857 κατάρχοντι
771 1787 840 1841 τά
899 1789 1024 1841 καθ’
1057 1790 1251 1860 ἡδονὴν
1297 1792 1671 1871 διεπράττετο,
1718 1796 1810 1849 καὶ

226 1878 504 1948 διαφόρως
535 1878 760 1949 ἡγεμὼν
793 1882 1128 1951 ἐχρημάτισε
1159 1890 1267 1936 τῶν
1288 1885 1395 1937 ἀπὸ
1429 1887 1628 1957 Συρίας
1658 1888 1809 1959 ἐξερ-

1852 609 1904 667 Α

2471 603 2701 659 CAPUT
2732 604 2919 659 XLI".

2458 695 2530 749 De
2552 697 2772 765 regione
2801 695 2964 751 Taro.

1988 786 2095 842 Sed
2116 788 2182 842 de
2206 787 2949 859 septentrionalibusquidem
2972 788 3194 859 Scythis
3207 792 3339 847 satis
3355 811 3497 850 nunc

1915 878 2176 943 diximus,
2210 878 2283 932 [ili
2322 880 2535 935 delecte
2562 899 2576 933 :
2607 881 2823 950 eritque
2853 882 2968 936 haec
2994 884 3235 950 cognitio
3277 889 3502 941 omnino

1913 970 2011 1023 tibi
2031 970 2177 1025 utilis
2198 985 2301 1024 suo
2329 980 2591 1041 tempore.
2625 980 2837 1041 oportet
2864 988 2993 1027 vero
3022 990 3198 1045 neque
3216 990 3278 1030 ea
3297 992 3416 1047 qua:
3434 981 3500 1032 ad

1912 1062 2179 1115 orientem
2214 1072 2343 1115 sunt
2378 1063 2651 1133 ignorare,
2707 1080 2817 1133 quo
2873 1073 3033 1134 pacto
3058 1082 3292 1124 excusso
3331 1087 3500 1139 semel

1916 1152 2291 1206 Romanorum
2331 1153 2486 1224 jugo,
2522 1155 2718 1209 iterum
2764 1171 2886 1210 mox
2924 1159 3179 1214 subillud
3223 1166 3499 1219 venerint.

1909 1241 2041 1297 Nam
2061 1244 2616 1314 primusCricoricius
2639 1248 2727 1303 ille
2744 1250 2998 1320 princeps
3014 1254 3265 1319 Taronis,
3293 1256 3461 1311 lloma
3474 1290 3495 1300 υ

1911 1347 2113 1386 norum
2147 1348 2207 1387 se
2242 1333 2559 1403 imperatori
2596 1337 2854 1392 submisit
2886 1355 2899 1403 ;
2948 1342 3040 1395 sed
3078 1342 3149 1397 ab
3183 1344 3337 1397 initio
3373 1346 3496 1400 ηδε-ε

1911 1422 2091 1478 dubiae
2106 1425 2258 1479 visus
2277 1436 2380 1492 est,
2405 1429 2572 1483 verbo
2591 1431 2810 1499 quidem
2833 1418 3180 1503 imperatoris
3199 1439 3495 1494 amicitiam
3564 1472 3573 1475 -

1914 1514 2122 1575 colens,
2154 1530 2214 1569 re
2257 1532 2387 1571 vero
2445 1519 2565 1587 ipsa
2634 1520 3033 1579 Saracenorum
3097 1530 3328 1600 principi
3367 1547 3496 1601 gra-

1913 1605 2155 1669 tiﬁcans,
2193 1614 2247 1661 et
2291 1608 2485 1662 ducem
2526 1625 2587 1665 se
2619 1613 2912 1680 aliquoties
2956 1619 3206 1685 praebens
3256 1624 3430 1691 cepiis
3464 1638 3498 1679 ο

1917 1696 2076 1767 Syria
2109 1705 2301 1752 contra
2338 1699 2582 1753 themata
2623 1702 2870 1755 Romano
2896 1705 3208 1773 imperatori
3250 1712 3495 1779 subjecta

1912 1786 2291 1853 venientibus,
2332 1797 2647 1860 cunctaque
2698 1791 2959 1847 Romanis
2998 1805 3212 1850 secreto
3259 1801 3496 1869 cogitata

1912 1878 2176 1935 adversus
2208 1880 2392 1937 hostes
2451 1880 2759 1939 Saracenos
2806 1883 2860 1938 in
2896 1885 3056 1956 Syria
3089 1886 3493 1957 denuntiabat;

230 1964 479 2032 χομένων
508 1967 793 2033 φοσσάτων
843 1969 984 2021 κατά
1029 1970 1137 2022 τῶν
1163 1972 1421 2043 ὑπηκόων
1451 1954 1701 2045 θεμάτων

1916 1979 2079 2040 atque
2099 1972 2167 2027 de
2222 1972 2310 2037 iis,
2342 1988 2465 2044 quae
2506 1976 2647 2045 apud
2673 1990 2769 2031 vos
2819 1954 3230 2049 contingebant,
3281 1954 3498 2053 semper

238 2056 450 2121 βασιλεῖ
486 2057 796 2126 Ῥωμαίων·
829 2062 925 2113 καὶ
966 2062 1141 2113 πάντα
1165 2063 1233 2115 τὰ
1267 2066 1384 2127 τοῖς
1427 2066 1718 2136 Ῥωμαίοις
1752 2072 1810 2122 ὲν

239 2143 539 2215 ἀπορρήτῳ
572 2146 919 2218 μελετώμενα
954 2153 1098 2205 κατὰ
1130 2153 1239 2207 τῶν
1288 2156 1599 2211 ἀντιπάλων
1628 2161 1812 2230 Σαρα-

235 2233 422 2300 κηνῶν
464 2236 598 2305 πρὸς
626 2239 826 2308 Συρίαν
861 2241 1154 2313 άνεμήνυε,
1192 2246 1288 2298 καὶ
1321 2246 1496 2317 λάθρα
1536 2252 1674 2320 -περὶ
1702 2252 1812 2305 τῶν

229 2323 364 2391 παρ’
393 2325 520 2393 ὑμῖν
541 2329 953 2395 συμϐαινόντων
983 2333 1095 2404 (Η)
1121 2336 1207 2387 ἀεὶ
1230 2336 1366 2406 πρὸς
1397 2339 1492 2391 τὸν
1522 2320 1809 2411 ἀμερμουξ

246 2415 389 2485 μνῆν
428 2415 514 2468 διὰ
548 2420 892 2488 γραμμάτων
944 2422 1267 2491 ἐδηλοποέει·
1329 2429 1420 2479 καὶ
1478 2428 1654 2482 δοκεῖν
1707 2432 1807 2501 μὲν

226 2505 482 2560 ἐϐούλετο
524 2508 590 2561 τὰ
629 2509 738 2562 τῶν
782 2510 1071 2582 Ῥωμαίων
1137 2516 1386 2585 φρονῶν,
1438 2518 1719 2590 εὑρίσκετο
1747 2523 1804 2576 δὲ

227 2597 432 2666 μᾶλλον
458 2598 527 2651 τὰ
558 2600 667 2653 τῶν
704 2603 1037 2674 Σαρακηνῶν
1074 2608 1390 2678 προκρίνων
1444 2628 1504 2663 τε
1555 2614 1650 2666 καὶ
1679 2631 1804 2685 φρο-

222 2689 355 2742 νῶν.
393 2691 538 2760 Πλὴν
568 2692 895 2747 ἀπέστελλεν
949 2697 1040 2750 ἀεὶ
1069 2698 1239 2769 δῶρα,
1278 2701 1420 2773 ἀπερ
1475 2706 1584 2766 τοῖς
1622 2707 1801 2760 ἐκεῖσε

221 2781 533 2854 Βαρϐάροις
558 2786 704 2838 δοκεῖ
725 2787 878 2856 τίμια
908 2789 1044 2858 πρὸς
1076 2791 1168 2843 τὸν
1204 2793 1264 2845 ἐν
1296 2792 1610 2862 βασιλεῦσιν
1638 2800 1802 2851 ἀοίδι-

221 2889 332 2940 μον
350 2873 575 2939 Λέοντα,
608 2877 701 2927 καὶ
741 2877 1114 2949 ἀντελάμϐανε
1146 2882 1369 2937 πλείονά
1397 2903 1454 2938 τε
1490 2888 1583 2939 καὶ
1621 2891 1803 2958 κρείτ-

213 2980 359 3016 τονα
386 2966 536 3036 παρά
573 2966 665 3019 τοῦ
700 2968 958 3034 εύσεὸοῦς
994 2970 1389 3041 βασιλεύοντος.
1424 2976 1522 3040 Ὃς
1545 2978 1640 3031 καὶ
1671 2981 1800 3033 πολ-

213 3054 384 3117 λάκις
422 3056 571 3126 αὐτῷ
596 3060 977 3130 προὺτρέψατο
1016 3063 1104 3116 διά
1138 3067 1484 3135 γραμμάτων
1524 3070 1661 3139 πρὸς
1702 3073 1801 3140 τὴν

215 3146 618 3215 βασιλεύουσαν
666 3152 926 3205 εἰσελθεῖν
977 3156 1070 3207 καὶ
1098 3157 1190 3207 τὸν
1223 3157 1450 3226 βασιλέα
1475 3160 1797 3239 θεάσασθαι,

213 3237 325 3290 καὶ
358 3238 466 3291 τῶν
497 3241 627 3311 παρ’
662 3242 827 3295 αὑτοῦ
862 3245 1303 3317 φιλοφρονήσεων
1363 3252 1458 3305 καὶ
1499 3256 1675 3323 τιμῶν
1706 3274 1802 3326 με·
1828 3292 1869 3348 C

211 3335 469 3400 τασχείν.
513 3333 575 3386 Ὀ
604 3335 659 3387 δὲ
693 3336 947 3401 δεδοικὼς
996 3341 1069 3410 μὴ
1109 3344 1245 3412 πρὸς
1278 3344 1455 3416 λύπην
1495 3349 1591 3400 καὶ
1643 3351 1803 3404 σκάν-

210 3422 385 3474 δαλον
416 3424 511 3476 τοῦ
564 3426 931 3499 ἀμερμουμνῆ
993 3432 1222 3503 γένηται
1283 3437 1466 3501 τοῦτο,
1501 3440 1803 3510 προφάσεις

212 3511 538 3573 ἐπλάττετο,
582 3518 675 3568 καί
707 3518 769 3570 τὸ
805 3521 877 3589 μὴ
920 3520 1177 3576 δύνασθαι
1223 3526 1417 3579 ἑαυτοῦ
1467 3528 1649 3601 χώραν
1673 3530 1801 3603 ἕρη-

218 3619 333 3672 μον
356 3605 453 3673 τῆς
484 3607 540 3671 ἐξ
570 3608 732 3661 αὐτοῦ
765 3610 1017 3680 βοηθείας
1070 3616 1409 3684 καταλιπεῖν,
1440 3620 1543 3695 ἵνα]
1582 3622 1654 3692 μὴ
1697 3624 1801 3677 ὑπὸ

214 3693 563 3764 Σαρακηνῶν
605 3698 946 3771 καταληῖσθῇ
975 3741 991 3765 ,
1038 3704 1212 3773 μάτην
1267 3693 1584 3763 ἐσκέπτετο.
1632 3712 1690 3763 Ὀ
1743 3713 1800 3765 δὲ

215 3783 391 3845 αὐτὸς
420 3786 603 3856 ἅρχων
640 3788 733 3840 τοῦ
791 3791 985 3861 Ταρὼν
1020 3797 1301 3866 κρατήσας
1328 3800 1386 3851 ὲν
1418 3801 1639 3871 πολέμῳ
1672 3804 1801 3855 ποτὲ

215 3872 319 3925 τοῦ
364 3876 627 3948 Ἀρκάῖκα
676 3881 804 3943 τοὺς
856 3883 1074 3947 παῖδας.
1130 3888 1297 3956 ἡγουν
1345 3892 1647 3961 Κρικορίκη
1705 3893 1801 3945 τοῦ

218 3967 517 4035 πατρικίου
556 3969 651 4021 τοῦ
681 3972 889 4040 πατρὸς
940 3972 1035 4025 τοῦ
1091 3980 1594 4048 πρωτοσπαθαρίου
1636 3982 1805 4033 Ἀσω-

217 4054 341 4107 τίου
362 4058 488 4119 τοὺς
514 4058 858 4128 ὲξαδέλφους,
883 4059 995 4135 εἶχε
1017 4068 1145 4136 παρ’
1169 4067 1345 4138 ἐαυτῷ
1366 4069 1643 4139 δεσμίους.
1665 4071 1802 4141 Περὶ

229 4139 309 4197 ῶν
344 4148 439 4200 καὶ
472 4150 774 4218 Συμὸάτιος
811 4157 839 4207 6
864 4156 983 4208 τότε
1010 4158 1191 4229 ἄρχων
1241 4159 1351 4211 τῶν
1383 4162 1659 4233 ἀρχόντων
1710 4139 1801 4217 τδν

232 4238 403 4290 αὐτὸν
432 4241 848 4310 μακαριώτατον
875 4245 1099 4315 βασιλέα
1122 4248 1211 4302 διὰ
1235 4252 1579 4322 γραμμάτων
1601 4255 1799 4323 ἠξίωσε

220 4327 321 4379 τοῦ
372 4328 688 4384 ἀποστεῖλαι
750 4335 883 4403 πρὸς
915 4337 1007 4388 τὸν
1056 4338 1374 4411 Ταρωνίτην
1430 4342 1797 4397 ἀναλαϐέσθαι

221 4419 528 4472 σπουδάσαι
548 4423 673 4484 τοὺς
705 4425 939 4490 οίκείους
977 4429 1264 4497 ἀνεψιοὺς,
1302 4432 1494 4495 οἵτινες
1520 4429 1660 4502 ἦσαν
1692 4436 1800 4488 υἱοὶ

217 4509 317 4561 τοῦ
340 4511 628 4582 εἰρημένου
646 4516 700 4565 Ἀ
710 4517 1025 4586 ρκάῖκα,ἴνα
1044 4522 1119 4590 μὴ
1136 4521 1267 4592 πρὸς
1284 4523 1371 4575 τὸν
1401 4525 1798 4597 ἀμερμουμνῆν

1912 2077 2340 2120 amcrmumnem
2448 2068 2588 2121 clam

2713 2084 2813 2139 per
2897 2071 3109 2127 litteras
3201 2079 3495 2132 certiorem

1913 2153 2169 2222 faciebat;
2200 2171 2435 2228 cumque
2461 2174 2549 2213 res
2579 2158 2852 2216 Romanas
2881 2177 3075 2219 curare
3102 2163 3272 2221 videri
3300 2169 3492 2232 vellet,

1912 2246 2167 2304 inventus
2237 2259 2321 2305 est
2371 2250 2663 2308 Saracenis
2723 2257 2897 2326 magis
2954 2258 3155 2314 favere.
3221 2259 3491 2317 Caeterum

1910 2337 2052 2393 dona
2071 2355 2284 2411 semper
2305 2342 2471 2397 Leoni
2492 2344 2569 2397 illi
2594 2346 2856 2414 prmclaro
2877 2348 3193 2418 imperatori
3223 2353 3490 2418 mittebat,

1910 2446 2029 2500 qua:
2049 2432 2305 2491 Barbaris
2344 2435 2452 2489 illis
2481 2439 2717 2506 pretiosa
2750 2452 3065 2505 censentur,
3086 2445 3494 2517 recipiebatque

1907 2523 1976 2577 ab
2021 2524 2213 2579 eodem
2270 2525 2599 2595 imperatore
2644 2538 2696 2584 et
2751 2530 2905 2599 plura
2963 2542 3017 2588 et
3089 2540 3489 2604 praestantiora.

1906 2612 1971 2666 Et
2001 2629 2143 2685 serpe
2174 2631 2269 2686 per
2301 2618 2517 2674 litteras
2558 2620 2849 2682 invitatus.
2888 2634 2944 2677 ut
2971 2626 3037 2681 ad
3069 2628 3257 2683 urbem
3286 2632 3492 2700 regiam

1905 2708 2134 2771 veniret,
2170 2707 2662 2781 imperatoremque
2714 2714 2997 2779 inviseret.
3058 2719 3490 2779 benevolentiam

1902 2805 1954 2848 et
1982 2796 2243 2851 honorem
2269 2808 2673 2869 reportaturus,
2708 2814 2955 2861 metuens
2993 2824 3061 2864 ne
3083 2825 3207 2865 cum
3228 2812 3417 2870 dolore
3439 2826 3492 2869 et

1904 2885 2103 2941 oli‘eusa
2124 2903 2499 2945 amermumne
2534 2891 2584 2946 id
2611 2892 2782 2959 ﬁeret,
2808 2910 3005 2952 causas
3029 2900 3219 2956 inanes
3237 2913 3490 2971 praetexe-

1904 2979 1987 3032 bat
2000 2992 2127 3044 ,non
2144 2995 2301 3049 posse
2320 2996 2376 3037 se
2394 2992 2595 3037 terram
2619 3000 2771 3039 suam
2787 2990 2905 3058 opis
2921 3004 3033 3046 suae
3058 3002 3303 3062 egentem
3323 2997 3490 3051 relin-

1901 3085 2090 3137 quere,
2126 3087 2196 3125 ne
2209 3087 2238 3125 τι
2254 3071 2543 3129 Saracenis
2556 3086 2885 3133 vastaretur.
2897 3080 3143 3151 Cumque
3160 3085 3298 3139 idem
3316 3084 3489 3141 Taru-

1902 3163 1988 3217 nis
2007 3166 2260 3233 princeps
2292 3166 2344 3218 iu
2369 3165 2513 3221 bello
2533 3168 2771 3237 cepisset
2796 3170 2935 3225 ﬁlios
2965 3175 3223 3239 Arcaicae,
3243 3176 3487 3232 Cricori~

1903 3251 1972 3304 cii
1994 3252 2205 3321 patricii
2229 3256 2660 3323 protospatharii
2686 3258 2860 3311 Asotii
2892 3260 3062 3327 patris
3092 3265 3387 3329 patrueles,
3429 3266 3483 3318 in

1909 3342 2144 3397 vinculis
2170 3356 2263 3398 eos
2296 3344 2441 3413 apud
2473 3360 2532 3401 se
2578 3345 2836 3402 detinuit.
2891 3348 3001 3404 Pro
3064 3352 3265 3421 quibus
3319 3355 3485 3408 etiam

1911 3432 2248 3504 Symbatius,
2292 3447 2423 3491 tunc
2458 3438 2766 3507 principum
2797 3442 3076 3513 princeps,
3108 3445 3484 3503 beatissimum

1908 3524 2157 3580 emndem
2188 3528 2571 3598 imperatorem
2604 3547 2700 3601 per
2731 3532 2943 3590 litteras
3000 3537 3232 3606 rogavit,
3276 3538 3353 3593 uti
3412 3542 3479 3596 ad

1908 3614 2219 3672 Taronitem
2248 3621 2511 3684 mitteret,
2567 3625 2956 3695 nuntiaretque
3002 3629 3240 3698 recipere
3262 3645 3320 3684 se
3346 3632 3482 3684 velle

1906 3710 2181 3775 patrueles
2204 3725 2357 3773 suos,
2396 3713 2639 3767 Arcaicre
2687 3719 2974 3771 memorati
3040 3718 3179 3773 ﬁlios
3212 3760 3227 3784 ,
3291 3737 3356 3776 ne
3412 3726 3479 3776 ad

1911 3799 2355 3855 Amermumnem
2411 3803 2805 3858 mitterentur:
2876 3808 3148 3875 siquidem
3206 3812 3481 3881 Symbatii

1909 3887 2217 3957 principum
2291 3890 2555 3959 principis
2613 3895 2954 3962 propinquus
3014 3908 3134 3951 erat
3183 3899 3480 3970 Gregorius

1910 3977 2196 4047 patricius.
2231 3979 2295 4033 Et
2321 3980 2431 4035 Leo
2481 3982 2701 4049 quidem
2744 3985 2833 4036 ille.
2907 3984 3260 4044 beatissimus
3309 3992 3482 4061 impe-

1908 4076 2079 4131 rator,
2098 4070 2223 4125 huic
2244 4071 2401 4142 115
2432 4072 2699 4143 Symbatii
2739 4075 2987 4145 petitioni
3014 4093 3217 4134 morem
3264 4096 3479 4151 gerens.

1911 4159 2159 4217 Sinutem
2190 4163 2340 4218 illum
2387 4166 2727 4230 eunuchum,
2759 4168 2852 4237 qui
2880 4177 3009 4224 tunc
3032 4174 3293 4241 temporis
3317 4173 3480 4228 char-

1907 4254 2141 4308 tularius
2163 4270 2361 4311 cursus
2397 4258 2598 4326 publici
2634 4269 2773 4323 erat,
2830 4261 2978 4315 misit
3012 4270 3066 4317 et
3118 4264 3185 4318 ad
3247 4264 3480 4321 'l‘aronis

1905 4344 2232 4413 principem,
2271 4346 2433 4416 hujus
2469 4349 2666 4417 negotii
2725 4365 2914 4417 causa,
2967 4362 3020 4407 et
3046 4352 3112 4408 ad
3167 4355 3480 4412 Adranaser

1905 4434 2090 4493 Iberia:
2110 4440 2505 4508 curopalatem,
2538 4441 2765 4496 alterius
2796 4443 3083 4511 cujusdam
3109 4449 3309 4517 negotii
3344 4464 3477 4504 cau-

1906 4542 1988 4592 sa,
2028 4528 2170 4584 datis
2199 4531 2375 4584 eidem
2407 4532 2721 4588 muneribus
2749 4534 3059 4593 deferendis
3096 4539 3311 4609 utrique
3343 4556 3478 4596 con-

217 4596 597 4653 ἀποσταλῶσι·
648 4607 914 4675 συγγενὴς
965 4608 1071 4677 γὰρ
1124 4605 1192 4679 ἦν
1244 4612 1339 4664 τοῦ
1369 4613 1676 4683 Συμϐατίου
1706 4615 1797 4669 τοῦ

1907 4619 2271 4673 venientibus.
2296 4620 2366 4673 At
2396 4621 2643 4678 Sinutem
2674 4627 2995 4693 praedictum
3028 4645 3153 4686 cum
3185 4633 3478 4688 calumniis

218 4689 485 4758 ἄρχοντος
512 4693 620 4745 τῶν
649 4696 925 4767 ἀρχόντων
956 4699 995 4750 Γ
1002 4703 1254 4773 ρηγόριος
1280 4706 1307 4756 6
1342 4706 1630 4777 πατρίκιος
1658 4708 1793 4777 (42).

231 4780 580 4846 Ἐπακούσας
614 4785 669 4839 δὲ
705 4787 803 4855 τῆς
834 4789 1093 4861 τοιαύτης
1134 4793 1226 4845 τοῦ
1280 4795 1580 4877 Συμκὸατίου
1628 4798 1795 4864 ἀξιώ-

222 4888 363 4933 σεως
397 4874 547 4927 Λέων
575 4876 603 4927 6
640 4879 1058 4947 μακαριώτατος
1099 4881 1373 4951 βασιλεὺς,
1398 4874 1498 4939 τὸν
1536 4889 1798 4959 Σινούτην

220 4963 432 5016 ἐκεῖνον
455 4966 546 5017 τὸν
579 4967 833 5039 εὐνοῦχον
872 4973 1160 5026 ἀπέστειλε
1214 4978 1611 5049 χαρτουλάριον
1641 4997 1795 5049 τηνι-

219 5053 399 5108 καῦτα
449 5058 544 5111 τοῦ
578 5059 744 5127 ὀξέως
781 5062 984 5134 δρόμου
1026 5066 1140 5136 (45)
1166 5070 1503 5139 τυγχάνοντα
1551 5071 1690 5141 πρός
1732 5089 1794 5125 τε

1903 4708 2047 4778 apud
2069 4710 2320 4765 eumdem
2374 4715 2695 4782 praclarum
2728 4718 3111 4788 imperatorem
3142 4725 3477 4781 traduxisset

1904 4796 2226 4855 Theodorus
2254 4801 2639 4857 Armeniorum
2677 4805 2971 4877 interpres,
3004 4816 3058 4866 in
3120 4814 3301 4868 locum
3348 4819 3471 4884 ejus

1899 4889 2242 4946 Caesarianus
2269 4893 2597 4965 subrogatus
2638 4906 2722 4952 est
2774 4905 3271 4986 protospatbarius.
3328 4908 3476 4961 Con-

1900 4982 2209 5038 stantianus
2227 4992 2279 5039 et
2292 4985 2625 5045 domesticus
2642 4989 2963 5049 inferiorum
2980 4982 3322 5053 tninistorum
3336 5000 3474 5053 aulae

1900 5068 2538 5145 Constantinopolitanae,
2574 5078 2725 5136 Libis
2756 5082 2923 5151 ﬁlius,
2964 5102 3109 5143 nunc
3153 5088 3471 5156 proconsul,

1393 5180 1696 5236 ANSELMI
1728 5182 2056 5241 BANDURII
2087 5183 2320 5243 ΝΟΤᾹΞ.

294 5286 409 5356 (40)
450 5287 528 5342 lta
567 5308 631 5346 ex
666 5308 770 5350 ms.
802 5296 1010 5352 codice.
1047 5297 1104 5353 ln
1129 5299 1293 5355 editis
1323 5301 1477 5356 locus
1510 5303 1599 5357 hic
1627 5303 1793 5357 muti-

219 5357 343 5443 lus;
377 5365 833 5443 quemadmodum
867 5369 1027 5443 paulo
1052 5368 1190 5443 infra
1216 5371 1310 5443 καὶ
1327 5371 1598 5443 διαφόρως
1628 5374 1793 5443 ἀχρη-

224 5427 443 5511 μάτισε,
480 5445 578 5509 pro
628 5434 721 5486 καὶ
753 5427 1022 5505 διαφόρως
1067 5438 1291 5509 ἡγεμὼν
1332 5427 1710 5511 minimae?
1734 5427 1794 5496 ιὶι

223 5500 455 5550 habetur
485 5499 537 5550 in
568 5517 673 5559 ms.

295 5567 409 5651 ζμ)
453 5568 545 5651 S_ic
578 5588 641 5651 es
681 5588 802 5651 ms.
860 5576 1070 5651 codice.
1106 5576 1429 5651 _Perperamr
1481 5580 1681 5651 legitur
1736 5583 1791 5636 in

224 5634 503 5720 editisrhﬁ
544 5642 638 5720 καὶ
658 5643 855 5720 ,λάθρα
894 5646 1023 5720 περὶ
1064 5646 1172 5699 τῶν
1224 5634 1357 5717 παρ’
1412 5634 1562 5719 ὑμῖνυ
1587 5634 1789 5720 σημαίέζ

226 5720 329 5758 νων
360 5706 467 5773 ἀεί,
516 5719 620 5765 ctc.
658 5706 798 5781 Ιιαιρἕ
837 5706 982 5784 ὐμίν’
1003 5731 1153 5783 vero,
1191 5706 1330 5787 apud
1353 5706 1792 5788 vos'Roma'nos;

1898 5304 2591 5384 sed_[tiﬂ_:t_ssis_legendum
2624 5316 2754 5381 παρ’
2783 5316 2935 5384 ἡμῖν,
2966 5320 3105 5384 apud
3139 5336 3253 5371 nos.

1969 5376 2101 5455 {dii
2125 5375 2224 5455 ilic
2253 5375 2393 5434 idem
2412 5375 2722 5455 _(_;regori_t_is
2754 5375 2932 5452 paulo?
2954 5375 3209 5455 superius
3237 5398 3289 5441 et
3325 5388 3466 5455 infra

1896 5446 2231 5501 Cricorieius
2269 5446 2595 5518 appellatu'r.
2636 5446 2769 5508 Vide
2820 5471 2940 5519 qua?
2985 5446 3052 5509 de
3083 5454 3467 5512 Tarouitarhm

1896 5518 2301 5638 gentensgeribit
2347 5520 2658 5591 changius
2710 5524 2763 5575 in
2821 5518 3065 5578 Familiis
3125 5526 3465 5595 Byzantinis,

1896 5598 2017 5638 nan.
2164 5625 2177 5638 .

1894 5598 2017 5652 pag.
2056 5588 2177 5638 I72.

1968 5654 2192 5731 g4§)_lta
2226 5672 2344 5731 ‘ms.
2389 5660 2583 5716 codex.
2636 5664 2925 5730 Perperam
2962 5662 3193 5720 habetur
3221 5666 3275 5722 in
3305 5668 3468 5731 editis

1894 5723 1987 5777 τοῦ
2022 5725 2188 5794 ὀχέως
2221 5726 2422 5797 δρόμου
2434 5770 2445 5782 .
