4046 6208
251 302 350 365 337

1296 287 1395 347 DE
1433 282 2070 346 ADMINIS’l’RANDO
2112 281 2455 342 IMPERIO.

3400 279 3510 340 333

257 407 606 479 Κρικορίᾳιον
646 403 740 458 τὸν
776 401 1012 471 ἄρχοντα
1038 397 1133 452 τοῦ
1174 396 1391 470 Ταρὼν,
1422 398 1517 453 καὶ
1545 397 1684 469 πρὸς
1726 397 1825 467 τὴν

1936 394 2048 449 sine
2086 406 2249 447 aurea
2274 391 2439 445 bulla.
2503 389 2567 443 Et
2600 386 2862 443 benevole
2896 386 2965 440 ab
3004 386 3333 455 imperatore
3362 384 3521 439 babi-

260 500 651 570 βασιλεύουσαν
677 495 964 557 εἰσελθεῖν,
990 493 1017 546 ὃ
1040 492 1135 546 καὶ
1166 491 1442 561 ἐποίησεν.
1480 491 1829 570 Εἰσελθόντος

257 566 312 643 δὲ
346 590 440 642 τοῦ
484 587 651 643 αὑτοῦ
679 583 1029 657 Κρικορικίου
1064 582 1121 634 ἐν
1157 584 1222 651 τῇ
1265 566 1616 649 θεοφυλάκτῳ
1654 580 1829 642 πόλει,

258 683 354 735 καὶ
392 685 461 751 τῇ
493 679 589 733 τοῦ
644 678 941 749 μαγίστρου
995 676 1087 727 καὶ
1127 672 1435 744 στρατηγοῦ
1469 671 1664 743 Ταρὼν
1703 672 1831 742 ἀξίᾳ

252 772 603 841 τιμηθέντος,
632 769 783 837 ἐδόθη
839 763 988 834 αὑτῷ
1044 765 1139 817 καὶ
1179 764 1328 826 οἶκος
1380 765 1460 827 εἰς
1492 763 1774 816 κατοικίαν
1803 765 1831 816 ὁ

256 864 354 916 τοῦ
385 862 670 931 Βαρϐἀρου
695 858 1006 928 λεγόμενος,
1037 857 1064 908 ὁ
1095 855 1190 909 νῦν
1226 854 1506 908 Βασιλείου
1536 854 1629 906 τοῦ
1650 872 1829 924 παρα.

260 951 603 1021 κοιμωμένου
650 944 796 1011 οἶκος
828 946 967 1017 (50).
1013 944 1278 1015 Ἐτιμήθη
1304 945 1361 999 δὲ
1388 945 1482 998 καὶ
1503 944 1704 1015 ἐτησίῳ
1739 945 1832 1016 ῥό-

262 1062 355 1115 γᾳι
392 1042 610 1115 Χρυσίου
653 1041 752 1109 μὲν
794 1039 927 1091 δέκα
954 1036 1166 1106 λίτρας,
1198 1036 1291 1089 καὶ
1328 1037 1673 1105 μιλιαρισίων
1711 1037 1829 1090 ἐτέ-

266 1150 361 1201 ρας
400 1131 528 1183 δέκα
557 1129 763 1198 λίτρας,
796 1126 937 1179 ὥστε
964 1120 1106 1178 εἶναι
1151 1125 1213 1178 τὸ
1251 1126 1359 1179 πᾶν
1399 1125 1587 1195 λίτρας
1630 1127 1825 1179 εἴκοσι.

266 1224 368 1275 Καὶ
398 1221 491 1273 ἐπὶ
518 1220 709 1290 χρόνον
731 1220 788 1270 ἐν
806 1220 870 1287 τῇ
902 1217 1263 1289 βασιλευούσῃ
1280 1216 1596 1287 ἐπιτρίψας,
1618 1217 1712 1270 καὶ
1739 1216 1828 1271 διὰ

256 1312 345 1364 τοῦ
369 1310 533 1365 αὐτοῦ
552 1308 1046 1380 πρωτοσπαθαρίου
1073 1309 1484 1360 Κωνσταντίνου
1508 1307 1668 1359 πάλιν
1694 1308 1828 1378 πρὸς

250 1404 347 1473 τὴν
363 1402 571 1455 οἰκείαν
593 1399 823 1470 διεσώθη
853 1398 1057 1469 χώραν.
1082 1398 1237 1451 Μετὰ
1256 1395 1503 1449 δὲταῦτα
1529 1396 1690 1449 πάλιν
1715 1398 1830 1448 εἰσ-

249 1492 414 1560 ἦλθεν
436 1493 533 1545 καὶ
562 1491 875 1559 Ἀπογάνεμ
893 1488 1029 1558 πρὸς
1048 1487 1139 1539 τὸν
1179 1487 1447 1557 μακάριον
1473 1486 1713 1555 βασιλέα,
1740 1486 1834 1540 καὶ

251 1582 625 1653 προεϐιϐἀσθη
650 1581 781 1651 παρ’
811 1579 975 1632 αὑτοῦ
1030 1581 1109 1642 εἰς
1144 1577 1240 1650 τὴν
1288 1578 1705 1648 πιτατρικιόλιςητσ.⁸
1733 1578 1834 1629 ἐπ-

250 1672 469 1742 ετράπη
488 1672 545 1724 δὲ
571 1670 664 1723 καὶ
691 1671 768 1732 εἰς
785 1670 1018 1736 γυναῖκα
1035 1666 1218 1720 λαϐεῖν
1240 1665 1332 1719 τοῦ
1351 1665 1643 1737 εἰρημένου
1676 1668 1831 1720 Κων-

1938 492 2051 547 tus,
2086 492 2286 536 terram
2319 494 2476 533 suam
2504 478 2719 546 repetiit
2743 490 2863 529 mox
2890 476 3183 537 rediturus,
3211 485 3264 529 et
3293 478 3520 545 nuptias

1934 581 2423 630 consummaturus
2449 585 2463 621 :
2493 584 2557 623 ac
2593 568 2755 637 116
2784 568 3007 621 domum
3065 581 3187 618 eum
3252 568 3508 622 rediisset

1933 668 2122 737 paucis
2151 674 2275 735 post
2305 664 2499 719 diebus
2528 662 2636 715 vita
2661 659 2957 714 defunctus
3010 668 3115 712 est.
3148 657 3337 712 Frater
3388 677 3519 714 vero

1934 758 2056 828 ejus
2086 755 2425 811 Crieoricius
2456 767 2553 823 per
2588 752 2799 805 litteras
2836 750 3014 819 petiit,
3078 749 3155 802 uti
3218 748 3270 800 in
3327 750 3516 803 urbem

1932 847 2118 902 venire
2179 845 2308 906 sibi,
2358 851 2696 912 acceptoque
2752 842 2822 895 ab
2874 841 3208 910 imperatore
3244 839 3519 908 stipendio

1934 938 2267 994 commorari
2298 936 2410 990 illic
2440 933 2760 1003 aliquandiu
2806 932 2993 986 liceret
3029 950 3057 997 ;.
3080 939 3247 1000 utque
3294 930 3433 984 banc
3463 930 3516 984 in

1930 1048 2045 1089 rem
2075 1031 2219 1086 ardes
2243 1028 2396 1084 fratri
2430 1028 2583 1098 prius
2611 1026 2903 1081 destinatae
2925 1023 3029 1078 sibi
3061 1022 3130 1076 ad
3154 1020 3513 1077 habitandum

1929 1124 2408 1186 concederentur;
2446 1130 2500 1175 et
2520 1136 2650 1176 sane
2691 1118 2745 1173 id
2782 1133 2811 1170 a
2834 1117 2994 1171 beato
3048 1115 3378 1184 imperatore
3414 1113 3515 1164 im-

1930 1218 2191 1288 petravit,
2225 1231 2352 1271 cum
2375 1214 2505 1285 quia
2536 1228 2645 1267 non
2673 1213 2748 1265 ita
2770 1210 2980 1280 pridem
3016 1223 3138 1263 sese
3162 1206 3516 1275 subjecissct,

1928 1316 2044 1363 tum
2070 1315 2132 1361 ut
2163 1306 2301 1361 alios
2332 1319 2557 1375 quoque
2582 1302 2830 1357 Orientis
2861 1299 3149 1368 principes
3184 1298 3252 1352 ad
3280 1296 3514 1351 similem

1931 1396 2198 1454 Romanis
2222 1404 2396 1452 semet
2421 1394 2777 1450 submittendi
2804 1394 2986 1447 zelum
3027 1399 3347 1462 provocaret
3378 1405 3392 1452 ;
3419 1384 3523 1441 scd

1933 1485 2287 1540 donationem
2326 1485 2472 1540 bane
2501 1486 2709 1555 scripta
2743 1486 2891 1541 bulla
2921 1500 3083 1538 aurea
3142 1500 3251 1537 non
3307 1479 3516 1535 conﬁr-

1935 1577 2125 1631 mavit.
2160 1575 2290 1629 Post
2327 1590 2504 1631 annos
2551 1592 2683 1645 vero
2748 1577 2947 1630 multos
3000 1575 3518 1642 bcatoimpcratore

1936 1673 2186 1727 Romano
2212 1666 2553 1739 principatus
2581 1666 2951 1720 Romanorum
3006 1673 3225 1733 sceptra
3277 1672 3517 1729 tenente,

250 1732 537 1816 σταντίνου
589 1732 893 1830 θυγατέρα,
928 1759 1021 1814 καὶ
1051 1760 1143 1813 ἐπὶ
1176 1762 1241 1830 τῇ
1286 1732 1512 1831 τοιαύτη
1563 1759 1833 1831 προφάσει

1946 1766 2040 1819 ille
2061 1764 2178 1833 ipse
2210 1732 2551 1817 Bricoricius
2582 1755 2826 1811 ostendit
2854 1756 2910 1808 in
2939 1732 3115 1809 domo
3144 1754 3367 1806 Barbari
3422 1754 3518 1805 lla-

251 1855 349 1906 καὶ
389 1848 538 1905 οἷκον
569 1852 926 1923 ἐπεζήτησεν,
959 1853 1053 1906 καὶ
1084 1851 1242 1904 ἔλαϐε
1278 1851 1374 1905 καί⁹
1396 1852 1560 1914 αὐτὸς
1605 1852 1697 1905 τὸν
1745 1850 1839 1905 τοῦ

252 1942 537 2013 Βαρϐἀρου
563 1937 710 1997 οἶκον
732 1943 1146 2013 χρυσοϐουλλίου
1164 1943 1332 2012 χωρίς
1373 1943 1511 2011 (51).
1543 1943 1652 1995 Καὶ
1687 1942 1844 2011 φιλο-

260 2030 547 2098 φρονηθεὶς
582 2031 730 2100 παρὰ
755 2030 849 2084 τοῦ
874 2031 1156 2099 βασιλέως,
1190 2030 1267 2101 τῷ
1308 2035 1428 2083 τότε
1463 2032 1560 2100 μὲν
1580 2032 1714 2101 πρὸς
1741 2031 1840 2102 τὴν

267 2115 407 2168 ἰδίαν
440 2118 619 2187 χώραν
650 2119 953 2187 ὑπέστρεψε
990 2119 1126 2187 πρὸς
1158 2119 1218 2171 τὸ
1258 2118 1420 2172 πάλιν
1444 2118 1725 2182 εἰσελθεῖν,
1745 2118 1840 2173 καὶ

257 2207 327 2257 τὰ
371 2205 464 2259 τοῦ
521 2210 698 2277 γάμου
741 2209 1166 2280 ἁπαρτίσασθαι’
1195 2210 1311 2279 ἅμα
1339 2210 1398 2262 δὲ
1427 2209 1503 2280 τῷ
1526 2213 1606 2273 εἰς
1631 2211 1729 2281 τὴν
1761 2212 1840 2264 οἰ-

256 2295 411 2347 κείαν
470 2298 656 2368 χώραν
693 2300 1025 2367 διασωθῆναι
1058 2300 1175 2369 μετ’
1218 2300 1406 2368 ὀλίγας
1446 2302 1660 2372 ἡμέρας
1694 2301 1839 2354 τέλει

252 2386 349 2438 τοῦ
379 2385 493 2456 βίον
516 2388 809 2457 ἐχρήσατο.
845 2389 903 2441 'U
926 2389 981 2441 δὲ
1002 2389 1192 2443 τούτου
1218 2390 1445 2457 ἀδελφὸς
1481 2390 1836 2461 Κρικορίκιος

253 2474 342 2526 διὰ
376 2476 720 2544 γραμμάτων
746 2477 911 2531 αὐτοῦ
943 2478 1241 2549 ἐξῃτήσατο
1267 2481 1613 2550 εἰσέρχεσθαι
1629 2483 1707 2544 εἰς
1733 2482 1833 2552 τὴν

254 2565 677 2634 βασιλεύουσαν,
706 2569 802 2622 καὶ
841 2569 999 2637 παρὰ
1024 2569 1134 2623 τῶν
1174 2570 1373 2639 χειρῶν
1402 2570 1496 2623 τοῦ
1528 2571 1685 2639 ἁγίου
1729 2571 1829 2641 βα-

1944 1853 2124 1909 bitare
2159 1865 2222 1908 se
2247 1864 2355 1905 non
2380 1861 2563 1918 posse,
2586 1853 2642 1902 et
2670 1861 2767 1917 pro
2790 1860 2853 1899 ea
2882 1842 3040 1914 petiit
3098 1842 3182 1895 vel
3238 1840 3515 1894 suburba-

1943 1967 2073 2007 num
2110 1950 2165 2005 in
2192 1948 2472 2014 Celtzene,
2496 1945 2581 2002 vel
2612 1942 2845 2006 Patzati,
2873 1941 2953 1995 vel
2976 1939 3121 1994 aliud
3150 1938 3518 2007 quodcunque

1942 2042 2238 2110 imperator
2261 2040 2491 2111 jusserit
2522 2054 2537 2104 ;
2563 2044 2645 2102 ut,
2681 2036 2823 2089 facta
2853 2034 3228 2103 Agarenorum
3252 2030 3306 2082 in
3346 2028 3522 2095 regio~

1943 2147 2068 2187 nem
2103 2148 2256 2187 suam
2285 2131 2629 2196 excursione,
2672 2126 3115 2195 consanguineos
3148 2137 3281 2178 suos
3341 2119 3519 2175 facul-

1941 2232 2191 2295 tatesque
2214 2219 2735 2278 transmittereilluc
2756 2224 2960 2288 posset.
2984 2220 3286 2286 Imperator
3309 2219 3517 2279 autem,

1940 2331 2124 2371 rerum
2159 2330 2269 2370 non
2301 2312 2593 2369 admodum
2618 2309 2849 2381 peritus,
2905 2315 2959 2362 et
2999 2305 3324 2360 Taronitem
3396 2302 3521 2355 illas

1940 2405 2169 2461 Barbari
2198 2405 2345 2460 ardes
2372 2419 2401 2458 a
2441 2404 2602 2458 beato
2632 2401 2813 2455 Leone
2836 2412 2961 2453 cum
2996 2396 3147 2451 bulla
3201 2409 3372 2449 aurea
3419 2392 3519 2445 ba-

1934 2497 2067 2552 bere
2104 2495 2360 2558 credens,
2393 2494 2776 2549 suburbanum
2798 2490 2846 2545 ei
2870 2488 3125 2557 Gregora:
3156 2486 3211 2539 in
3262 2485 3537 2539 Celaene-

1933 2586 2107 2651 dedit,
2133 2585 2254 2641 sine
2280 2600 2447 2640 aurea
2479 2583 2626 2638 bulla
2664 2582 2832 2637 etiam
2898 2579 3016 2650 ipse
3052 2594 3068 2644 ;
3113 2578 3335 2631 domum
3388 2588 3521 2627 vero

257 2657 453 2722 σιλέως
489 2658 787 2729 λαμϐάνειν
834 2658 931 2729 τὴν
962 2659 1245 2731 διδομένην
1289 2660 1456 2731 ρόγαν
1507 2663 1696 2727 αὐτού,
1734 2664 1829 2716 καὶ

1936 2678 2177 2733 vicissim
2200 2677 2431 2748 accepit.
2462 2676 2592 2731 Post
2618 2676 2734 2730 haec
2760 2672 2828 2727 ad
2850 2672 3104 2728 eumdem
3132 2670 3527 2739 imperatorem

250 2751 352 2803 ἐπὶ
378 2751 569 2821 χρόνον
600 2750 720 2804 τινὰ
745 2752 803 2804 ἐν
832 2754 902 2822 τῇ
933 2751 1284 2824 θεοφυλάκτῳ
1317 2753 1615 2825 διατρίϐειν
1650 2754 1825 2807 πόλει·

1936 2770 2159 2839 scripsit
2186 2768 2455 2823 Tornices
2494 2767 2778 2823 Taronita:
2835 2780 3009 2836 nepos
3037 2778 3104 2821 ex
3140 2761 3332 2821 fratre,
3372 2758 3520 2826 Apo-

252 2843 353 2896 καὶ
383 2841 477 2895 ἐπὶ
500 2844 675 2912 τούτῳ
704 2841 795 2894 τὸν
825 2841 901 2910 τῷ
930 2843 1114 2914 οἰκείῳ
1138 2844 1352 2915 ἀδελφῷ
1380 2844 1828 2916 προχωρισθέντα

1936 2875 2123 2930 ganem
2158 2860 2305 2915 illius
2338 2861 2504 2925 ﬁlius,
2542 2860 2689 2913 hunc
2716 2859 2769 2912 in
2826 2857 3048 2912 modum
3079 2873 3092 2911 :
3124 2852 3348 2907 Barbari
3372 2848 3517 2903 aedes

246 2932 404 2988 οἷκον
434 2936 514 2998 εἰς
537 2934 855 3002 κατοίκησιν
897 2933 1081 2988 λαϐεῖν
1114 2933 1267 3001 ήξίου
1290 2973 1304 2997 ,
1348 2933 1407 2989 ὃν
1442 2936 1536 2988 καὶ
1569 2936 1826 2989 ἐπιδέδω-

1936 2954 2280 3009 beatissimus
2302 2954 2595 3023 imperator
2620 2950 2728 3005 Leo
2748 2950 2886 3020 patri
2911 2966 3031 3004 meo
3044 2948 3189 3003 dono
3208 2944 3377 3007 dedit,
3397 2948 3521 3009 post

250 3045 353 3083 κεν
378 3027 525 3098 αὐτῷ
552 3030 579 3082 ὁ
629 3029 899 3098 μακάριος
958 3026 1212 3089 βασιλεὺς
1236 3065 1252 3090 ,
1284 3026 1373 3081 διά
1410 3044 1471 3081 τε
1518 3026 1580 3080 τὸ
1629 3029 1825 3080 νεωστὶ

258 3119 497 3139 οΑκ-υμξθξ
542 3136 588 3139 μω
649 3119 736 3139 -μ,.ὶ
789 3118 873 3139 9-]-
931 3117 984 3139 -ὶ
1035 3119 1119 3139 ---Α
1176 3118 1363 3139 ιηκμ.-
1412 3119 1507 3139 ειη
1546 3136 1674 3139 ,.__.-
1732 3120 1826 3139 _"!_

1936 3043 2094 3114 cujus
2118 3044 2327 3098 obitum
2373 3057 2505 3097 curn
2553 3042 2805 3111 impubes
2868 3053 2921 3095 et
2975 3041 3255 3110 orphanus
3312 3048 3515 3096 essem,

248 3119 614 3189 ὑποταγῆναι,
648 3119 743 3172 καὶ
784 3118 874 3171 διὰ
927 3117 991 3170 τὸ
1034 3119 1125 3172 καὶ
1171 3118 1364 3181 ἄλλους
1404 3119 1675 3189 ἄρχοντας
1728 3120 1827 3190 τῆς

264 3209 560 3280 Ἀνατολῆς
611 3210 747 3280 πρὸς
791 3209 887 3263 τὸν
933 3211 1120 3279 ὅμοιον
1169 3208 1332 3280 ζῆλον
1380 3212 1479 3280 τῆς
1510 3210 1646 3279 πρὸς
1688 3211 1829 3266 Ῥω-

252 3303 451 3373 μαίους
484 3303 762 3373 ὑποταγῆς
795 3302 1215 3356 ἐκκαλέσασθαι·
1241 3303 1518 3375 ἔγγραφον
1544 3303 1602 3356 δέ
1625 3319 1829 3374 χρυσο-

248 3386 499 3448 6ούλλιον
532 3394 738 3463 δωρεὰν
789 3394 886 3449 τοῦ
923 3395 1168 3448 τοιούτου
1200 3396 1351 3449 οἴκου
1380 3395 1516 3465 πρὸς
1540 3396 1703 3449 αὐτὸν
1731 3396 1830 3450 οὐκ

252 3487 505 3555 ἐποίησε.
537 3487 689 3539 Μετὰ
743 3487 799 3539 δὲ
845 3488 1071 3557 χρόνους
1124 3488 1361 3552 ἱκανοὺς,
1407 3486 1686 3558 Ῥωμανοῦ
1733 3489 1828 3542 τοῦ

257 3580 534 3648 μακαρίου
572 3577 835 3648 βασιλέως
893 3580 1002 3632 τῶν
1065 3580 1357 3651 σκήπτρων
1415 3579 1515 3649 τῆς
1551 3579 1829 3649 βασιλείας

264 3665 555 3737 Ῥωμαίων
581 3669 985 3738 ἐπειλημμένον
1013 3669 1123 3739 (52)
1152 3670 1429 3738 ἀνήγαγεν
1452 3669 1482 3722 ὁ
1500 3670 1663 3732 αὐτὸς
1692 3672 1832 3739 Κρι-

256 3760 505 3827 κορίκιος
532 3758 606 3828 μὴ
634 3758 837 3827 ἰσχύειν
859 3762 1080 3826 κρατεῖν
1109 3758 1199 3809 τὸν
1219 3758 1311 3811 τοῦ
1340 3759 1628 3829 Βαρϐἀρου
1656 3754 1829 3821 οἷκον,

256 3850 377 3903 ἀλλ’
426 3849 582 3918 ἠξίου
628 3848 810 3900 λαϐεῖν
866 3848 1167 3900 ἀντάύτοῢ
1223 3850 1547 3918 προάστειον
1598 3851 1656 3903 ἐν
1687 3850 1832 3902 Κελ-

256 3942 454 4013 τζηνῇ,
488 3942 597 3994 εἴτε
625 3938 720 3994 τοῦ
768 3940 1050 4004 Πατζάτου
1073 3979 1087 4004 ,
1134 3940 1242 3991 εἴτε
1292 3940 1450 3993 ἄλλον
1478 3934 1589 3995 οἷον
1621 3940 1834 3992 κελεύοι

258 4037 290 4089 ὁ
324 4034 598 4105 βασιλεύς·
634 4033 721 4086 ἵνα
749 4032 837 4087 ὅτε
867 4031 1135 4102 ἐπιδρομὴ
1185 4032 1295 4085 τῶν
1352 4031 1669 4103 Ἀγαρηνῶν
1692 4032 1835 4085 κατὰ

259 4126 359 4193 τῆς
392 4124 575 4195 χώρας
606 4123 772 4178 αὑτοῦ
803 4122 1050 4194 γένηται,
1108 4120 1465 4175 ἀποστέλλειν
1508 4123 1687 4175 ἐκεῖσε
1734 4122 1836 4194 ἔχῃ

258 4220 362 4289 τὴν
382 4217 588 4270 οἰκείαν
616 4216 936 4284 συγγένειαν
960 4215 1053 4267 καί
1078 4214 1394 4269 ὑπόστασιν.
1415 4213 1471 4267 Ὀ
1500 4213 1556 4267 δὲ
1582 4213 1835 4283 βασιλεὺς

260 4313 363 4379 τὴν
392 4308 594 4378 ἀκριϐῆ
623 4308 825 4377 γνῶσιν
852 4306 965 4359 τῶν
994 4306 1334 4377 πραγμάτων
1362 4305 1438 4376 μὴ
1469 4307 1830 4376 κεκτημένος,

1936 3147 2165 3205 patruus
2196 3150 2349 3189 meus
2373 3149 2473 3205 pro
2502 3132 2831 3187 auctoritate
2857 3132 2984 3185 illas
3037 3130 3214 3185 tenuit
3223 3180 3239 3207 ,
3300 3138 3520 3193 semper

1936 3225 2068 3280 mihi
2102 3225 2454 3295 promittens,
2487 3223 2707 3277 domum
2739 3230 3041 3290 paternam,
3094 3221 3184 3272 ubi
3247 3223 3517 3270 maturam

1935 3325 2149 3371 aetatem
2180 3316 2504 3384 attigissem,
2539 3328 2627 3368 me
2683 3319 3031 3381 recepturum
3069 3325 3082 3361 :
3123 3315 3178 3361 at
3234 3320 3406 3367 nunc,
3461 3312 3522 3357 ut

1935 3396 2202 3478 intelligo,
2233 3415 2341 3461 tua:
2377 3422 2494 3462 eam
2557 3405 2830 3476 majestati
2884 3402 3054 3468 dedit,
3121 3407 3349 3468 accepto
3402 3396 3521 3449 vice

1934 3500 2081 3554 illius
2112 3498 2432 3569 suburbano
2461 3497 2793 3569 Gregorrein
2824 3494 3101 3549 Celtzenc.
3133 3491 3212 3545 Ab
3252 3489 3355 3541 bac
3392 3502 3521 3542 vero

1932 3591 2201 3662 imperiali
2229 3590 2604 3647 muniﬁcentia
2638 3588 2844 3644 invidia
2874 3587 3140 3642 adversus
3199 3579 3521 3636 Taronitem

1934 3687 2151 3742 accensi
2180 3694 2313 3742 sunt
2346 3685 2603 3742 Cacicius
2630 3686 2890 3754 princeps
2926 3681 3321 3750 Basparacaca,
3348 3675 3521 3730 Adra-

1934 3792 2097 3832 naser
2141 3778 2485 3846 curnpalates
2534 3776 2741 3840 lberiaa,
2788 3784 2845 3829 et
2892 3773 3167 3828 Asoticius
3208 3770 3518 3839 principum

1936 3854 2192 3938 princeps
2218 3883 2235 3926 ς
2263 3867 2353 3933 qui
2384 3867 2873 3919 obtnurmurantes
2905 3861 3227 3931 imperatori
3279 3859 3520 3924 scripse-

1938 3960 2066 4010 runt
2092 3972 2105 4007 :
2140 3954 2280 4018 Quid
2311 3967 2497 4007 causae
2530 3960 2697 4017 esset,
2725 3965 2825 4003 cur
2852 3950 3145 4003 Taronites
3171 3950 3321 4002 solus
3345 3947 3519 4013 impeo

1938 4045 2057 4100 riali
2092 4042 2367 4113 stipendio
2386 4043 2687 4103 frueretur,
2715 4039 2849 4108 ipsis
2877 4039 3135 4092 onmibus
3182 4038 3317 4089 nihil
3374 4036 3522 4088 acci-

1938 4134 2253 4207 pientibus?
2288 4130 2449 4195 Nam,
2483 4130 2825 4198 inquiebant.
2858 4142 2967 4198 qua
3020 4128 3073 4180 in
3126 4142 3185 4180 re
3245 4127 3369 4194 plus
3432 4126 3521 4178 ille

1938 4227 2149 4285 servitii
2183 4236 2429 4297 praestat,
2467 4233 2561 4278 aut
2591 4222 2861 4278 Romanis
2928 4220 3122 4275 utilior
3175 4218 3335 4272 nobis
3392 4220 3521 4270 est?

1939 4320 2092 4375 Unde
2110 4328 2327 4390 oportet
2350 4326 2440 4372 aut
2467 4334 2569 4372 nos
2596 4332 2817 4387 quoque
2835 4314 3192 4383 stipendium,
3227 4326 3334 4364 non
3359 4324 3518 4363 secus

260 4402 497 4464 ἐλπίζων
537 4400 595 4453 δὲ
647 4400 755 4452 ἀπὸ
790 4397 1090 4467 Ιβασιλικυῦ
1135 4396 1553 4468 χρυσοϐουλλίου
1599 4397 1694 4450 τοῦ
1729 4416 1833 4467 μα-

1938 4420 2101 4481 atque
2130 4413 2308 4480 ipsum
2341 4410 2629 4479 accipere;
2658 4415 2750 4462 aut
2780 4422 2957 4476 neque
2982 4408 3186 4475 ipsum,
3250 4403 3343 4455 tali
3371 4400 3543 4455 dono.

264 4493 459 4562 καρίου
513 4492 739 4553 Λέοντος
768 4491 911 4560 ἔχειν
963 4489 1056 4541 τὸν
1097 4488 1411 4558 Ταρωνίτην
1444 4489 1536 4543 τὸν
1565 4489 1658 4542 τοῦ
1690 4492 1837 4558 Βαρ-

264 4585 433 4654 ϐάρου
463 4579 631 4644 οἰκον,
660 4580 893 4634 δέδωκεν
922 4578 1073 4649 αύτῷ
1110 4580 1172 4632 τὸ
1205 4579 1531 4646 προάστειον
1558 4579 1654 4632 τοῦ
1689 4581 1833 4650 Γρη-

261 4678 404 4746 γορᾶ
455 4676 515 4727 ἐν
558 4673 861 4743 Κελτζηνῇ,
916 4672 1011 4724 καὶ
1043 4671 1136 4724 τὸν
1181 4666 1330 4723 οἷκον
1358 4671 1517 4739 δῆθεν
1542 4671 1826 4737 ἀντέλαϐε,

1933 4499 2063 4555 frui.
2096 4501 2199 4554 Sed
2224 4498 2512 4569 rescripsit
2535 4498 2731 4553 beatus
2745 4496 3051 4555 Romanus,
3082 4494 3217 4547 illud
3243 4482 3539 4544 Taronim

1927 4590 2260 4660 stipendium
2285 4606 2391 4644 non
2411 4606 2439 4643 a
2459 4605 2520 4646 se
2533 4605 2675 4655 esse,
2698 4589 2791 4644 sed
2806 4588 2875 4642 ab
2894 4589 3223 4656 imperatore
3240 4582 3533 4647 defuncto,

1930 4682 2163 4749 ideoque
2192 4696 2290 4734 nec
2318 4681 2372 4733 in
2402 4695 2501 4735 sua
2546 4687 2816 4748 potestate
2860 4693 2984 4732 esse
3036 4676 3091 4729 id
3154 4673 3468 4729 rescindere
3504 4692 3519 4728 :

264 4765 679 4837 χρυσοϐούλλιον
731 4763 788 4816 δὲ
841 4763 963 4817 οὐδὲ
1025 4762 1186 4825 αὐτὸς
1225 4761 1361 4832 πρὸς
1395 4763 1559 4815 αὐτὸν
1604 4764 1699 4815 ἐπὶ
1753 4764 1832 4833 τῷ

1936 4776 2322 4845 aequejusttnn
2340 4790 2463 4831 esse
2486 4776 2729 4844 priorum
2752 4776 3140 4844 imperatorum
3175 4783 3293 4827 acta
3319 4772 3474 4839 117
3494 4788 3535 4824 ar

266 4856 575 4927 προαστείῳ
606 4854 921 4924 ἐποιήσατο.
962 4853 1115 4908 Μετὰ
1162 4852 1221 4905 δὲ
1250 4850 1422 4903 ταῦτα
1446 4850 1653 4920 ἔγραψε
1694 4854 1832 4921 πρὸς

264 4951 360 5002 τὸν
399 4948 563 5001 αὐτὸν
594 4946 816 5017 βασιλέα
854 4947 883 4998 ὁ
914 4946 958 4996 Τ
960 4944 1185 5013 ορνίκης
1213 4943 1242 4993 ὁ
1270 4942 1365 4994 τοῦ
1395 4944 1710 5012 Ταρωνίτου
1739 4945 1833 4997 ἀν-

265 5041 437 5111 εψιὸς,
474 5043 502 5092 ὁ
530 5038 624 5092 τοῦ
662 5038 974 5107 Ἀπογάνεμ
1006 5035 1216 5088 ἐκείνου
1255 5034 1388 5098 υίὸς,
1420 5033 1503 5086 ὅτι
1543 5034 1645 5085 Τὸν
1685 5032 1833 5089 οἷκον

1939 4864 2331 4933 posterioribus
2350 4862 2864 4927 aboleri..Taronita:
2889 4864 3244 4916 nihilominus
3263 4876 3356 4928 per
3379 4860 3525 4912 litte-

1940 4950 2636 5022 rassignilieavitdictorum
2656 4954 2893 5007 virorum
2906 4954 3146 5008 dolorem
3163 4961 3218 5006 et
3236 4950 3522 5010 otIensam;

1945 5045 2037 5098 ille
2070 5060 2200 5100 vero
2219 5044 2534 5114 respondit,
2570 5059 2749 5117 neque
2771 5060 2991 5112 aurum,
3024 5060 3204 5113 neque
3235 5050 3527 5111 argentum

1454 5161 1757 5218 ANSELMI
1793 5165 2128 5225 BANDURII
2160 5171 2395 5229 NOT/E.

337 5286 453 5354 (30)
497 5284 569 5339 De
621 5282 844 5337 Barbari
902 5282 1066 5354 domo
1123 5297 1285 5354 quam
1332 5282 1434 5337 sub
1477 5282 1845 5341 Constantino

271 5352 742 5426 Porpbyrogenito
774 5352 1089 5426 possidebat
1131 5352 1367 5406 Basilius
1412 5354 1577 5426 cubili
1635 5370 1843 5426 pramo-

272 5422 432 5490 sittis,
458 5422 594 5477 'vide
624 5438 745 5492 qua:
782 5423 875 5475 lib.
905 5438 919 5474 l
955 5422 1267 5492 Comment.
1290 5422 1641 5477 monuimus.
1664 5422 1841 5490 Hujus

273 5503 451 5549 autem
488 5491 671 5546 Basilii
702 5492 1037 5546 accubitoris
1073 5491 1320 5545 meminit
1347 5492 1510 5545 etiam
1533 5494 1671 5547 infra
1699 5494 1841 5549 idem

275 5563 781 5633 Porpbyrogenitns
827 5577 946 5630 cap.
978 5560 1071 5633 .507,
1141 5572 1193 5614 ct
1235 5560 1481 5617 Zonaras
1543 5565 1596 5617 in
1648 5564 1840 5619 codem

275 5630 521 5699 Augusto
542 5634 635 5685 lib.
679 5647 788 5691 xvr,
822 5645 941 5699 pag.
970 5630 1090 5683 195.

345 5704 456 5771 (5|)
497 5701 663 5757 Bulla:
696 5703 1081 5770 imperatorum
1111 5700 1839 5769 Constantinopolitanorurn

1948 5306 2148 5366 aurea.
2176 5305 2465 5366 argenteaz,
2492 5311 2666 5366 terea},
2708 5311 2771 5351 ac
2810 5296 3079 5366 plumbeae
3105 5307 3293 5360 erant;
3321 5294 3415 5350 sed
3451 5295 3521 5348 de

1949 5361 2052 5483 illac
2096 5380 2155 5419 re
2208 5361 2457 5435 pluribus
2522 5361 2837 5436 Ducangius
2896 5367 2951 5421 in
3011 5366 3192 5421 Gloss.
3242 5377 3297 5421 et
3354 5367 3520 5418 etiam

2007 5449 2077 5484 11.-

2020 5502 2261 5574 (52)ί5ἱο
2301 5521 2380 5560 .ex
2440 5521 2541 5559 ms.
2598 5506 2807 5559 codice.
2874 5504 3165 5573 Perperam
3222 5505 3276 5557 in
3335 5504 3521 5571 editis,

1947 5572 2261 5641 ἐπιλιμένου
2310 5584 2363 5630 et
2421 5575 2601 5644 paulo,
2640 5576 2801 5636 infra,
2850 5590 2948 5644 pro
2987 5572 3078 5627 τοῦ
3139 5576 3422 5642 [Ιατζατου
3462 5578 3519 5632 in

1950 5644 2071 5699 IlllS.
2106 5645 2322 5714 legitur,
2350 5646 2444 5697 τοῦ
2471 5643 2773 5707 Τατζάτου.
