4050 6216
533 260 604 325 33
614 262 638 320 ,Ι

1545 274 2050 339 CONSTANTINI
2081 279 2751 348 PORPHYROGEN'ITI

3667 304 3776 367 3-10

530 375 663 429 dare
693 390 751 429 se
780 390 971 444 posse;
1001 378 1257 448 promisit
1317 396 1447 436 vero
1504 394 1701 451 praeter
1760 403 1984 443 munera
2033 408 2074 446 et

2203 394 2295 448 τοῦ
2345 396 2629 467 Βαρϐάρου
2675 399 2705 450 6
2740 400 3159 471 μακαριώτατος
3211 400 3465 473 βασιλεὺς
3499 410 3650 465 Λέων
3695 416 3777 485 τῷ

531 478 685 520 more
715 467 855 519 mitti
888 469 1045 522 solita
1071 468 1124 520 in
1157 472 1400 527 veStibus
1446 481 1502 528 et
1525 490 1633 530 aere
1696 476 1765 530 ad
1796 477 1983 533 decem
2039 482 2102 533 li-

531 559 752 613 brarum
784 559 1220 623 aasﬁmationem,
1245 562 1505 634 deditque
1549 575 1658 622 tres
1718 578 1813 623 aut
1865 581 2102 639 quatuor

524 663 722 702 annos.
752 648 945 703 Postea
980 658 1159 705 autem
1190 667 1366 722 neque
1392 654 1495 710 hoc
1516 671 1575 712 se
1611 659 1876 715 tributum
1917 665 2098 718 exsol-

524 756 653 796 vere
713 757 872 811 posse
903 742 1145 799 ostendit
1181 762 1197 812 ;
1228 747 1564 816 stipendium
1590 767 1739 816 vero,
1768 755 1885 808 sive
1912 755 2095 810 dotem

524 834 855 901 postulabat,
891 836 1348 905 quemadmodum
1379 840 1483 896 sub
1542 843 1860 916 beatissimo
1923 846 2094 917 impe-

522 931 713 979 ratore
742 924 923 979 Leone
956 938 1090 993 erat,
1128 936 1220 981 aut
1244 930 1345 985 hoc
1375 934 1538 986 etiam
1594 934 1796 990 aboleri
1825 938 2036 992 volebat
2078 957 2093 1005 ;

517 1026 852 1084 quapropter
876 1018 1037 1072 etiam
1107 1035 1174 1074 ne
1209 1021 1597 1078 oﬂ‘endiculum
1653 1035 1800 1085 esset
1852 1029 2090 1093 Cacicio,

517 1112 571 1157 et
610 1108 962 1175 curopalatm,
987 1111 1339 1181 reliquisque,
1373 1116 1747 1185 beatissimus,
1766 1134 1924 1187 quem
1955 1120 2090 1183 dixi,

517 1195 821 1267 imperator
850 1200 1130 1257 Romanus
1187 1205 1290 1259 hoc
1330 1208 1491 1261 etiam
1545 1209 1800 1265 abolevit.
1850 1212 2093 1283 Ejusque

518 1286 593 1340 rei
628 1303 780 1357 ergo,
814 1292 958 1343 velut
989 1292 1042 1344 in
1079 1292 1342 1360 solamen,
1381 1305 1567 1364 postea
1590 1298 1759 1351 filium
1795 1298 1916 1366 ejus
1959 1300 2089 1353 Aso-

512 1378 671 1441 tium,
709 1380 762 1433 in
788 1383 974 1435 urbem
1024 1398 1145 1436 cum
1197 1386 1465 1448 venisset,
1516 1388 1805 1457 patricium
1861 1391 2087 1457 creavit,

513 1469 792 1541 multoque
827 1472 882 1528 in
916 1473 1123 1529 honore
1146 1477 1467 1544 aliquandiu
1506 1478 1751 1533 habitum
1801 1481 1855 1533 in
1888 1490 2087 1533 terram

511 1575 665 1614 suam
698 1564 929 1617 remisit.
964 1564 1178 1620 Mortuo
1210 1577 1387 1634 autem
1452 1570 1714 1638 magistro
1741 1569 2082 1635 Cricoricio,

511 1651 809 1719 Tornicius
845 1654 1160 1723 Apoganem
1198 1657 1343 1713 ﬁlius
1373 1657 1707 1714 desiderium
1739 1662 1933 1731 ingens
1976 1677 2086 1732 pra:

511 1758 570 1794 se
592 1742 715 1795 tulit
742 1721 927 1797 urbem
947 1721 1001 1798 et
1024 1745 1407 1814 imperatorem
1438 1749 1655 1804 videndi
1681 1767 1693 1802 :
1726 1721 2081 1820 quamobrem
2111 1721 2158 1780 Β

509 1834 1005 1903 protospatharium
1035 1836 1279 1893 Criniten
1326 1849 1381 1893 et
1411 1840 1764 1912 interpretem
1786 1845 1914 1901 illuc
1934 1846 2084 1901 misit

508 1924 823 1993 imperator,
852 1930 941 1996 qui
972 1944 1094 1982 cum
1158 1930 1214 1983 in
1277 1931 1466 1985 urbem
1533 1933 1856 1999 adduceret,
1911 1936 2083 1990 addu-

508 2024 764 2087 ctumque
798 2019 1010 2088 patricii
1050 2020 1257 2075 honore
1289 2023 1461 2077 auxit.
1499 2023 1877 2080 Prattendebat
1898 2037 2079 2082 autem

508 2106 593 2174 ius
633 2109 683 2161 in
715 2109 935 2164 domum
972 2110 1217 2177 Barbari,
1249 2113 1667 2186 intelligensque
1693 2126 1917 2188 accepto
1942 2120 2081 2173 sub-

509 2199 718 2254 urbano
741 2201 794 2255 in
843 2202 1097 2260 Celtzene
1132 2216 1387 2276 patruum
1419 2222 1579 2263 suum
1612 2209 2079 2278 hanctradidisse,

507 2300 785 2355 paternam
817 2295 1182 2353 haereditate")
1209 2316 1363 2355 suam
1384 2310 1695 2370 permutare
1707 2318 1835 2358 eum
1857 2307 2072 2374 potuis-

504 2398 564 2438 se
620 2387 872 2456 negabat,
903 2390 1228 2459 volebatque
1280 2402 1374 2445 aut
1405 2392 1624 2447 domum
1660 2394 1931 2465 accipere,
1983 2403 2080 2450 aut

505 2475 933 2534 suburbanum:
971 2480 1073 2533 nisi
1126 2488 1362 2550 utraque
1417 2482 1740 2551 imperatori
1792 2485 2075 2551 cederent,

504 2581 571 2621 ne
601 2583 660 2621 ea
682 2570 954 2638 patrueles
977 2572 1148 2640 ipsius
1176 2573 1508 2628 obtinerent.
1538 2575 1723 2643 Itaque
1753 2584 1808 2631 et
1876 2576 2077 2632 subur-

507 2656 708 2710 banum
752 2657 1046 2727 imperator
1074 2660 1304 2728 accepit,
1332 2660 1533 2730 quippe
1563 2668 1778 2716 mortuo
1801 2662 1912 2731 jam
1942 2677 2075 2719 sene

503 2744 810 2812 Taronite;
864 2765 1039 2817 neque
1085 2750 1307 2805 domum
1344 2766 1443 2822 pro
1475 2766 1540 2807 eo
1591 2752 1853 2808 vicariam
1898 2753 2069 2818 dedit,

501 2851 626 2890 cum
664 2840 808 2892 nulla
848 2855 1013 2911 super
1038 2842 1127 2909 iis,
1159 2851 1217 2896 ut
1251 2843 1458 2899 dictum
1504 2853 1589 2901 est
1657 2861 1846 2917 supra,
1903 2861 2070 2903 aurea

502 2930 647 2985 bulla
680 2931 926 2988 confecta
958 2944 1125 2991 esset.
1166 2935 1356 2993 Postea
1389 2952 1519 2993 vero
1552 2938 1606 2993 in
1647 2940 1836 2995 urbem
1862 2941 2066 3010 regiam

2205 485 2321 556 ἐμῷ
2352 489 2519 558 πατρὶ
2552 492 2882 560 ἐδωρήσατο·
2926 494 3063 563 μετὰ
3096 496 3154 548 δὲ
3184 497 3275 549 τὸν
3294 498 3388 552 τοῦ
3418 505 3625 574 πατρᾶς
3668 525 3773 576 μου

2203 577 2451 643 Θάνατον,
2482 582 2571 635 διὰ
2593 583 2654 635 τὸ
2695 583 2774 637 ἔτι
2803 586 3057 654 ἀνήλικον
3085 588 3180 642 καὶ
3207 590 3442 662 ὀρφανὸν
3483 599 3771 667 τυγχάνειν

2200 671 2321 737 ἐμὲ,
2361 674 2482 726 κατ’
2526 675 2774 741 ἐξουσίαν
2805 677 2946 741 θεῖός
2979 696 3081 748 μου
3116 680 3206 734 τὸν
3248 683 3438 738 τοῦτον
3465 682 3613 740 οἷκον
3638 708 3765 743 κατ-

2200 762 2522 834 εκράτησεν,
2555 766 2641 819 ἀεὶ
2681 768 3219 841 καθυπισχνούμενός
3275 793 3364 845 μοι
3409 779 3538 831 ὅταν
3568 782 3649 841 εἰς
3676 782 3763 833 τὸν

2198 855 2400 908 τέλειον
2426 858 2525 927 τῆς
2548 858 2762 928 ήλικίας
2792 860 2930 914 ἔλθω
2950 864 3143 932 χρόνον
3173 865 3470 921 ἀπολαϐεῖν
3500 869 3591 922 τὸν
3620 865 3764 924 οἷκον

2194 946 2287 1001 τὸν
2321 948 2607 1018 πατρικὰν
2638 950 2731 1003 καὶ
2759 950 2875 1016 νῦν,
2907 952 2982 1016 ὡς
3002 953 3224 1024 ἔμαθον,
3253 958 3453 1011 δέδωκε
3481 960 3572 1013 τὸν
3598 962 3769 1014 τοιοῦ-

2195 1054 2289 1089 τυν
2314 1031 2463 1090 οἷκον
2501 1039 2530 1092 6
2571 1039 2703 1108 ἐμὸς
2733 1040 2877 1104 θεῖος
2914 1047 2980 1113 τῇ
3022 1044 3271 1118 βασιλείᾳ
3306 1065 3421 1110 σου,
3450 1051 3543 1101 καὶ
3572 1050 3764 1103 ἔλαϐεν

2195 1129 2274 1191 είς
2302 1129 2669 1199 ἀντισήκωσιν
2700 1132 2863 1185 αὐτοῦ
2902 1134 2963 1187 τὸ
2989 1137 3324 1205 προάστειον
3367 1138 3458 1192 τοῦ
3509 1141 3764 1212 Γρηγορᾶ

2193 1217 2252 1271 ὲν
2286 1219 2586 1289 Κελτζηνῇ.
2633 1223 2766 1275 Ἀπὸ
2809 1223 2866 1276 δὲ
2904 1225 3014 1277 τῶν
3048 1227 3303 1282 τοιούτων
3351 1230 3643 1300 βασιλικῶν
3671 1250 3761 1300 φι-

2192 1311 2450 1378 λοτιμιῶν
2479 1312 2588 1365 τῶν
2617 1314 2755 1384 πρὸς
2782 1315 2873 1368 τὸν
2922 1316 3160 1388 ἄρχοντα
3196 1321 3288 1374 τοῦ
3342 1322 3534 1390 Ταρὼν
3565 1324 3757 1391 φθόνος

2192 1398 2406 1468 ὑπειρύη
2434 1401 2528 1452 καὶ
2555 1400 2852 1471 ἐϐλάστησε
2887 1404 3025 1474 πρὸς
3054 1406 3217 1459 αὐτὸν
3244 1408 3394 1478 παρά
3421 1426 3479 1461 τε
3509 1409 3605 1462 τοῦ
3637 1412 3759 1463 Κα-

2190 1492 2365 1541 κικίου
2398 1490 2510 1561 (55)
2546 1493 2639 1544 τοῦ
2666 1492 2923 1563 ἄρχοντος
2957 1494 3388 1565 Βασπαρακακά,
3420 1500 3516 1553 καὶ
3559 1500 3758 1569 Ἀδρα-

2188 1580 2363 1651 νασὴρ
2409 1581 2504 1634 τοῦ
2556 1585 2966 1654 κουροπαλάτου
3019 1587 3256 1658 Ἰϐηρίας
3301 1590 3392 1642 καὶ¹
3429 1591 3754 1644 Ἀσωτικίου

2188 1671 2280 1724 τοῦ
2327 1672 2585 1743 ἄρχοντος
2613 1676 2721 1728 τῶν
2754 1678 3052 1748 ἀρχόντων’
3096 1680 3295 1743 οἵτινες
3324 1681 3572 1750 ἔγραψαν
3620 1683 3755 1750 πρὸς

2186 1764 2277 1815 τὸν
2308 1763 2530 1833 βασιλέα
2577 1766 3044 1836 διαγογγύζοντες,
3080 1770 3148 1823 δι’
3173 1771 3243 1841 ἢν
3279 1772 3460 1826 αἰτίαν
3510 1773 3537 1824 6
3569 1772 3755 1841 Ταρω-

2185 1852 2338 1922 νίτης
2369 1853 2529 1920 μόνος
2556 1855 2719 1924 ρόγας
2747 1857 3008 1910 ἀπολαύει
3036 1858 3342 1930 βασιλικῆς,
3371 1861 3553 1913 αὐτῶν
3584 1861 3754 1915 ἀπάν-

2181 1960 2291 1998 των
2336 1945 2721 2016 λαμϐανὸντων
2756 1949 2929 2001 οὐδέν.
2965 1951 3097 2004 Τίνα
3124 1951 3258 2022 γὰρ,
3313 1952 3522 2020 ελεγον,
3559 1971 3757 2024 περισι

2186 2035 2412 2105 σοτέραν
2456 2036 2701 2089 δουλείαν
2748 2038 2908 2108 ἡμῶν
2952 2041 3209 2105 ποιεῖται,
3241 2040 3275 2111 ἢ
3306 2042 3358 2094 τί
3401 2042 3563 2095 πλέον
3595 2044 3754 2113 ἡμῶν

2181 2127 2307 2189 τοὺς
2344 2125 2649 2196 Ῥωμαίους
2701 2130 3006 2197 ἐπωφελεῖς
3062 2132 3225 2185 Ὅθεν
3258 2134 3363 2203 χρὴ
3394 2135 3424 2204 ἦ
3457 2137 3552 2187 καὶ
3605 2137 3751 2205 ἡμᾶς

2181 2214 2256 2277 ὡς
2302 2216 2513 2268 ἐκεῖνον
2567 2217 2908 2288 ρογεύεσοαι,
2965 2220 2997 2290 ἢ
3047 2220 3171 2291 μηδ’
3222 2220 3432 2275 ἐκεῖνον
3463 2223 3610 2286 ὲντδς
3650 2224 3748 2294 τῆς

2180 2304 2437 2376 τοιαύτης
2466 2309 2756 2377 τυγχάνειν
2779 2308 3010 2379 δωρεᾶς.
3046 2310 3106 2363 Ὀ
3137 2310 3193 2365 δὲ
3223 2314 3493 2382 μακάριος
3532 2314 3747 2383 Ῥωμαι-

2180 2394 2267 2457 νὺς
2288 2394 2594 2466 ἀντέγραψε
2617 2398 2757 2467 πρὸς
2796 2399 3014 2463 αὐτοὺς,
3052 2399 3127 2469 μὴ
3155 2400 3287 2469 παρ’
3315 2400 3478 2454 αὑτοῦ
3512 2403 3609 2471 τὴν
3650 2402 3747 2455 ἐπὶ

2176 2484 2256 2555 τῷ
2305 2487 2587 2559 Ταρωνίτῃ
2636 2489 2889 2556 γενέσθαι
2927 2491 3116 2560 ρόγαν,
3149 2493 3217 2545 ἵν’
3257 2493 3340 2545 ἐπ’
3372 2493 3518 2565 αὐτῷ
3565 2499 3745 2548 κεῖται

2178 2578 2273 2630 καὶ
2303 2579 2560 2650 ήταύτης
2600 2580 2695 2632 νῦν
2728 2582 2959 2653 ὲκκοπὴ,
2990 2583 3123 2637 ἀλλὰ
3158 2586 3312 2652 παρά
3338 2584 3431 2639 τοῦ
3474 2586 3747 2655 μακαρίου

2178 2669 2462 2738 βασιλέως
2495 2671 2587 2723 καί
2617 2669 2689 2741 μὴ
2713 2671 2922 2725 δίκαιον
2954 2669 3096 2726 εἶναι
3132 2675 3200 2726 τὰ
3243 2675 3355 2727 τῶν
3408 2675 3747 2745 προϐεϐασι-

2174 2760 2444 2814 λευκὸτων
2476 2762 2625 2833 παρά
2654 2762 2761 2815 τῶν
2783 2763 3012 2835 ὕστερον
3041 2765 3461 2836 ἀνατρέπεσθαι.
3488 2767 3741 2837 Ἔγραψε

2174 2851 2221 2904 δ’
2250 2852 2399 2921 ὅμως
2420 2852 2556 2922 πρὸς
2585 2852 2675 2904 τὸν
2697 2852 2860 2906 αὐτὸν
2889 2852 3229 2925 Ταρωνίτην,
3263 2854 3567 2924 δηλοποιῶν
3595 2856 3744 2925 αὺτῷ

2173 2942 2274 3011 τὴν
2302 2940 2411 2995 τῶν
2450 2941 2755 3011 εἰρημένων
2791 2942 3002 3014 ἀνδρῶν
3054 2943 3231 3015 λύπην
3280 2944 3375 2997 καὶ
3424 2944 3740 3001 σκάνδαλον.

502 3025 998 3082 venitl’ancratius
1034 3028 1309 3084 maximus
1338 3029 1574 3084 ﬁliorum
1608 3031 1859 3102 magistri
1920 3032 2068 3087 illius

2188 3033 2244 3085 Ὀ
2270 3031 2327 3083 δὲ
2353 3033 2618 3101 ἀνήγαγε,
2653 3035 2793 3103 μήτε
2825 3034 3027 3103 χρυσὸν
3049 3034 3186 3105 μήτε
3213 3033 3457 3105 ἄργυρον
3478 3034 3740 3104 παρέχειν

496 3116 779 3173 Crieoricii
807 3118 1098 3189 Taronitae,
1137 3133 1471 3194 evectusque
1500 3133 1585 3180 est
1614 3125 1682 3179 ab
1737 3128 2066 3194 imperatore

497 3206 564 3258 ad
598 3209 952 3276 patriciorum
987 3213 1323 3282 dignitatem,
1359 3223 1684 3287 creatusque
1737 3227 1935 3288 praetor
1970 3218 2067 3271 Ta-

496 3301 647 3353 ronis
681 3320 696 3356 :
725 3317 961 3372 cumque
992 3320 1219 3361 uxorem
1244 3307 1406 3362 etiam
1442 3319 1669 3379 cuperet
1702 3324 1765 3364 ex
1801 3311 2067 3380 sanguine

492 3392 756 3461 imperiali
794 3396 1065 3464 accipere,
1090 3396 1215 3450 data
1250 3398 1299 3451 ei
1338 3412 1500 3453 soror
1534 3408 1618 3454 est
1669 3389 2064 3471 TheOpl'tylacti

493 3485 742 3551 magistri
782 3494 875 3549 ;ct
937 3488 1337 3543 consummatis
1402 3490 1611 3559 nuptiis
1673 3499 2063 3546 testamentum

490 3570 638 3634 fecit,
670 3574 720 3625 in
746 3590 855 3642 quo
884 3576 1137 3641 instituit,
1166 3586 1225 3632 ut
1254 3579 1297 3633 si
1327 3578 1483 3635 liberi
1514 3597 1577 3636 ex
1610 3595 1677 3636 eo
1719 3582 2065 3637 matrimonio

488 3674 872 3733 nascerentur,
907 3668 1218 3725 universam
1255 3672 1429 3743 ipsius
1480 3674 1754 3745 regionem
1781 3675 1834 3729 in
1890 3675 2065 3731 haere-

485 3753 712 3809 ditatem
776 3768 1061 3827 paternam
1091 3762 1356 3817 haberent
1388 3780 1403 3829 ;
1434 3778 1609 3834 eoque
1638 3766 1858 3820 nomine
1905 3767 2062 3836 petiit

485 3844 554 3898 ab
586 3844 914 3915 imperatore
954 3848 1070 3903 dari
1105 3851 1209 3906 sibi
1228 3854 1605 3909 suburbanum
1667 3854 1943 3926 (ἔνθεοι-αξ,
2000 3865 2060 3910 ut

485 3943 541 3995 in
576 3951 641 3992 eo
689 3941 915 4007 patricia
949 3941 1069 4010 ejus
1103 3958 1241 3997 uxor
1284 3954 1739 4011 commoraretur,
1795 3964 1903 4018 qua
1969 3948 2067 4004 de-

484 4027 670 4083 functa
703 4030 898 4086 iterum
923 4033 988 4086 ad
1014 4034 1354 4102 maiestatem
1384 4054 1538 4093 suam
1577 4040 1806 4094 rediret.
1840 4040 1910 4094 Et
1937 4040 2067 4095 huic

483 4137 704 4191 quoque
729 4126 977 4191 petitioni
1013 4127 1311 4196 imperator
1339 4130 1552 4193 annuit,
1586 4130 1901 4201 ingentique
1933 4148 2061 4186 mu-

482 4210 757 4266 niﬁcentia
792 4229 915 4268 eum
948 4216 1289 4285 complexus,
1318 4233 1443 4272 cum
1484 4235 1679 4275 .uxore
1725 4221 1795 4275 ad
1853 4231 2056 4276 terram

481 4316 638 4356 suam
674 4304 906 4359 remisit.
939 4304 1179 4374 Magistri
1234 4323 1365 4362 vero
1411 4308 1700 4363 Crieoricii
1767 4310 1882 4374 tilii,
1944 4318 2055 4365 tam

480 4390 598 4460 ipse
630 4391 953 4451 Pancratius
979 4398 1442 4468 patricius,quam
1477 4400 1640 4470 118
1692 4400 1915 4456 Asotius
1948 4417 2049 4471 pa-
2082 4389 2127 4442 Ῑ)

480 4484 693 4547 tricius.
713 4487 1015 4542 molestiam
1039 4489 1390 4555 exhibebant,
1434 4499 1599 4559 atque
1625 4492 1730 4546 vim
1782 4508 1890 4547 non
1930 4493 2051 4547 cxi-

480 4591 641 4643 gnam
678 4576 987 4634 inferebant
1036 4582 1267 4650 patrueli
1306 4597 1408 4637 suo
1470 4581 1726 4639 Tornicio
1778 4584 2047 4653 patricio:

478 4669 572 4734 qui
607 4683 719 4722 rem
754 4686 857 4724 non
888 4670 1068 4727 ferens
1095 4675 1319 4745 scripsit
1358 4669 1674 4745 imperatori
1717 4685 1776 4731 ut
1813 4676 2053 4731 mitteret

477 4758 754 4814 hominem
776 4762 1060 4835 lidum,qui
1082 4775 1284 4822 terram
1313 4783 1468 4822 suam
1499 4769 1794 4837 acciperet,
1814 4783 1875 4822 se
1898 4783 2047 4832 vero,

480 4866 836 4924 uxoremque,
869 4864 922 4910 et
956 4856 1123 4911 ﬁlium
1153 4858 1219 4911 ad
1253 4874 1377 4914 eum
1419 4858 1761 4927 perduceret.
1793 4856 2050 4927 Misitque

481 4944 785 5014 imperator
818 4951 1324 5020 protospatharium
1379 4950 1640 5004 Crinitem
1665 4959 1719 5005 et
1775 4950 2050 5017 interpre—

476 5042 583 5088 tem
609 5053 623 5101 ;
656 5037 769 5104 qui,
789 5037 865 5091 uti
899 5041 1151 5108 petierat,
1173 5040 1448 5109 exciperet
1474 5040 1673 5109 ipsmn,
1699 5048 1752 5095 et
1781 5040 1835 5094 in
1858 5040 2046 5094 urbem

474 5136 505 5174 a
547 5122 654 5178 Deo
679 5128 1009 5181 custoditam
1046 5129 1363 5183 adduceret.
1400 5130 1535 5183 Cum
1562 5116 1718 5185 'vero
1779 5130 1908 5184 illuc
1953 5145 2051 5199 ap-

476 5214 996 5282 pulissctCrinites,
1032 5218 1295 5286 cumjam
1352 5230 1624 5273 mortuum
1672 5219 1903 5282 invenit,
1956 5219 2054 5275 sed

479 5314 804 5362 testamento
849 5316 977 5360 ante
1015 5317 1245 5362 mortem
1300 5310 1533 5373 cavisse,
1593 5319 1649 5363 ut
1710 5318 1823 5366 tota
1883 5312 2055 5380 ipsius

472 5402 626 5449 terra
660 5398 1028 5452 Romanorum
1063 5399 1374 5469 imperatori
1400 5409 1630 5468 pareret,
1655 5416 1899 5471 uxorque
1930 5417 2053 5455 cum

2169 3125 2451 3178 Buvaoeat-
2480 3127 2794 3194 ὑπισχνεῖτο
2814 3125 2871 3180 δὲ
2894 3126 3091 3191 ἔξωθεν
3121 3127 3227 3180 τῶν
3254 3128 3395 3180 κατὰ
3414 3126 3584 3181 τύπον
3600 3129 3741 3180 ἁπο-

2171 3216 2542 3287 στελλομένων
2592 3218 2779 3282 ξενίων
2816 3217 3014 3273 διδόναι
3049 3219 3241 3289 ἱμάτια
3285 3220 3379 3273 καλ⁸
3404 3218 3740 3290 χαλκώματα

2173 3307 2337 3379 μέχρι
2372 3309 2481 3361 τῶν
2507 3310 2641 3363 δέκα
2665 3309 2867 3381 λιτρῶν
2897 3310 3305 3383 συντιμώμενα·
3337 3311 3374 3365 ἀ
3420 3312 3515 3364 καὶ
3541 3311 3741 3364 δέδωκε

2173 3400 2334 3470 μέχρι
2361 3401 2529 3471 τριῶν
2572 3402 2604 3471 ἢ
2638 3401 2919 3470 τεσσάρων
2966 3402 3249 3457 ἐνιαυτῶν.
3285 3402 3442 3456 Μετὰ
3483 3401 3540 3453 δὲ
3564 3402 3741 3454 ταῦτα

2169 3492 2416 3561 ἀνήγαγε
2475 3492 2549 3561 μὴ
2607 3491 2869 3546 δύνασθαι
2913 3493 3176 3564 παρέχειν
3221 3494 3282 3546 τὸ
3335 3495 3578 3547 τοιοῦτον
3628 3494 3739 3547 πάι

2169 3599 2317 3636 κτον
2339 3582 2436 3653 τὴν
2460 3583 2517 3635 δὲ
2543 3584 2763 3654 ρόγανῆ
2793 3587 2998 3654 προῖκα
3019 3584 3316 3654 λαμϐάνειν
3339 3584 3515 3654 ὴξίου,
3550 3585 3735 3648 καθὼς

2168 3675 2260 3728 ἐπὶ
2287 3674 2383 3727 τοῦ
2420 3675 2842 3746 μακαριωτάτου
2872 3675 3130 3745 βασιλέως
3156 3676 3405 3741 Λέοντος,
3433 3678 3467 3747 ἢ
3495 3677 3735 3744 ἐκκοπῆο

2168 3784 2256 3821 ναι
2286 3768 2474 3840 αὑτήνο
2509 3768 2632 3821 ὅθεν
2672 3767 2761 3821 διὰ
2800 3768 2861 3821 τὸ
2915 3768 2987 3839 μὴ
3017 3771 3095 3832 εἰς
3128 3767 3424 3823 σκάνδαλον
3475 3764 3618 3821 εἶναι
3641 3767 3737 3820 τοῦ

2169 3856 2458 3925 Κακικίου,
2491 3856 2710 3910 καὶτοῦ
2764 3856 3194 3928 κουροπαλάτου,
3245 3859 3342 3911 καὶ
3382 3859 3491 3911 τῶν
3533 3858 3740 3912 λοιπῶν

2169 3947 2393 4018 ἐξέκοψε
2421 3947 2624 4018 ταύτην
2649 3949 2677 4001 6
2699 3948 2986 4018 εἰρημένος
3016 3947 3432 4019 μακαριώτατος
3479 3947 3739 4018 βασιλεὺς

2188 4036 2487 4105 Ῥωμανός.
2517 4036 3015 4106 Παραμυθούμενος
3049 4037 3107 4090 δὲ
3156 4036 3343 4105 ὥσπερ
3371 4036 3550 4099 αὑτὸν,
3590 4035 3734 4105 μετὰ

2167 4126 2340 4180 ταῦτα
2381 4128 2472 4180 τὸν
2518 4126 2707 4179 τούτου
2738 4127 2852 4178 υἱὸν
2896 4127 3152 4182 ’Δσώτιον
3190 4129 3245 4179 ὲν
3270 4129 3335 4198 τῇ
3370 4126 3518 4179 πόλει
3559 4144 3735 4197 παρα-

2167 4218 2427 4287 γεγονότα
2483 4219 2564 4280 είς
2612 4217 2935 4287 πατρικίους
2974 4220 3232 4289 ἐτίμησε,
3262 4219 3354 4271 καὶ
3403 4218 3734 4288 φιλοφρονη-

2169 4309 2402 4378 σάμενος
2428 4308 2715 4379 αὐταρκῶς
2748 4309 2885 4377 πρὸς
2912 4310 2982 4361 τὰ
3008 4309 3115 4363 ίδια
3143 4310 3510 4374 ἐξαπέστειλε.
3542 4311 3584 4361 Τ
3587 4310 3734 4365 esse

2159 4399 2457 4469 μαγίστρου
2507 4399 2602 4452 τοῦ
2655 4400 3009 4470 Κρικορικίου
3045 4400 3135 4453 τὸν
3179 4401 3292 4470 βίον
3348 4402 3727 4464 ἀπολιπόντος,

2158 4490 2402 4560 ἀνήγαγε
2431 4491 2712 4559 Τορνίκιος
2729 4493 2756 4543 ὁ
2784 4491 2877 4544 τοῦ
2914 4492 3223 4561 Ἀπογάνεμ
3249 4493 3359 4555 υἱὸς
3384 4493 3561 4562 ἔρωτα
3585 4492 3731 4562 ἔχειν

2158 4584 2449 4651 ἐγκάρδιον
2476 4584 2760 4651 εἰσελθεῖν,
2795 4583 2890 4638 καὶ
2918 4583 3010 4637 τὸν
3047 4584 3273 4655 βασιλέα
3306 4584 3620 4638 θεάσασθαι*
3642 4584 3729 4651 ἐφ’

2156 4668 2313 4743 ᾦτὸν
2350 4674 2837 4746 πρωτοσπαθάριον
2870 4676 3132 4743 Κρινίτην
3182 4679 3276 4729 καὶ
3322 4675 3659 4745 ἑρμηνευτὴν
3702 4677 3732 4728 6

2159 4765 2410 4835 βασιλεὺς
2444 4766 2842 4832 ἐξαπέστειλεν,
2875 4766 2934 4829 ὃς
2957 4767 3052 4820 καὶ
3080 4767 3375 4835 εἰσήγαγεν
3398 4769 3457 4818 ὲν
3482 4768 3546 4834 τῇ
3578 4766 3730 4818 πόλει

2156 4861 2246 4912 τὸν
2298 4860 2586 4929 εἰρημένον
2637 4861 2940 4930 Τορνίκιον,
2976 4860 3069 4913 καὶ
3118 4860 3399 4930 προήγαγε
3445 4857 3537 4910 τὸν
3566 4858 3729 4910 αὑτὸν

2158 4953 2439 5023 Τορνίκιον
2466 4955 2492 5006 6
2534 4953 2784 5022 βασιλεὺς
2811 4955 2889 5016 είς
2922 4953 3016 5022 τὴν
3062 4942 3169 5003 τῶν
3208 4952 3511 5021 πατρικίων
3541 4950 3722 5018 τιμήν.

2158 5042 2505 5111 Προετείνετο
2542 5042 2599 5095 δὲ
2643 5042 3000 5111 δικαιολογίας
3039 5044 3129 5095 ἐπὶ
3162 5043 3241 5113 τῷ
3299 5043 3392 5096 τοῦ
3441 5042 3723 5111 Βαρϐάρου

2151 5133 2306 5203 οίκῳο
2342 5134 2435 5187 καὶ
2478 5133 2718 5196 ἀκούσας
2772 5135 2853 5187 ὅτι
2910 5134 3231 5203 προάστειον
3292 5135 3473 5187 λαϐὼν
3505 5136 3532 5188 6
3582 5134 3727 5196 θεῖος

2152 5224 2315 5277 αὑτοῦ
2354 5227 2411 5277 ἐν
2438 5227 2504 5295 τῇ
2538 5224 2818 5297 Κελτζηνῇ
2844 5224 2941 5295 τὴν
2966 5226 3159 5280 τούτου
3201 5226 3595 5296 παρεχώρησεν
3625 5225 3714 5289 ἐξ·

2153 5315 2359 5378 ουσίαν,
2404 5314 2556 5381 ἔλεγε
2601 5313 2676 5383 μὴ
2724 5313 2983 5367 δύνασθαι
3036 5315 3129 5369 τὸν
3161 5315 3300 5367 θεῖον
3330 5315 3491 5367 αὐτοῦ
3538 5315 3628 5366 ἐπὶ
3659 5317 3727 5383 τῇ

2157 5406 2399 5472 πατρικῇ
2430 5402 2764 5473 κληρονομίᾳ
2810 5402 2977 5456 αὐτοῦ
3036 5402 3310 5457 ποιεῖσθαι
3362 5402 3728 5472 ἀνταλλαγὴν,

1657 5519 1956 5575 ANSELMI
1984 5519 2310 5576 BANDUlttl
2341 5519 2574 5577 NOTJE.

544 5604 653 5671 (5'5)
692 5607 1119 5685 lta_ms.icmlex
1154 5612 1295 5667 Editt
1345 5612 1561 5678 habent,
1618 5613 1767 5684 παρά
1810 5629 1869 5665 τε
1918 5610 2010 5663 τοῦ
2052 5612 2074 5663 lt

2176 5609 2244 5664 Iw
2274 5629 2287 5677 ;
2323 5622 2374 5666 et
2409 5613 2545 5666 infra
2589 5614 2775 5669 eodem
2820 5614 3002 5685 modo,
3038 5630 3161 5670 cum
3231 5613 3285 5668 in
3353 5628 3485 5670 mss.
3548 5614 3726 5669 Καικι-

471 5678 589 5726 κίον
623 5678 909 5747 utrubique
933 5684 1142 5751 legatur
