4046 6208
391 319 499 384 345

1422 315 1521 378 DE
1560 316 2202 380 ADMINISTRANDO
2241 318 2589 381 IMPERIO.

3553 320 3662 388 346

393 435 486 487 καὶ
538 400 926 498 ἀφανισθῆναι,
966 426 1059 480 καὶ
1103 423 1200 488 τάς
1249 424 1435 497 χώρας
1460 427 1641 480 αὐτῶν
1690 428 1844 498 παρά
1884 428 1971 482 τοῦ

2084 445 2193 500 quo
2222 446 2439 487 ameras
2480 430 2824 485 Mantziciert
2864 431 3201 501 Aposebatas
3241 428 3350 491 una
3379 449 3505 491 cum
3528 435 3668 494 duo-

391 520 720 591 δὸμεστίκου
774 514 883 569 τῶν
949 514 1172 585 σχολῶν·
1228 513 1561 586 παρέχοντες
1615 516 1706 568 τὸν
1757 516 1979 585 βασιλέα

408 612 704 683 Ῥωμαίων
745 609 834 662 καὶ
881 608 1063 660 πάκτα
1114 606 1257 677 ὑπὲρ
1299 606 1409 659 τῶν
1451 607 1707 679 κάστρων
1734 612 1830 663 καὶ
1868 610 1977 664 τῶν

394 706 618 777 χωρίων
647 702 844 756 αὐτῶν.
884 701 1021 753 Ἀπὸ
1058 699 1116 752 δὲ
1139 697 1232 752 τοῦ
1266 700 1672 771 προρῤηθέντος
1716 702 1975 756 Ἀσωτίου

397 796 495 849 τοῦ
534 796 789 868 ἄρχοντος
832 790 943 844 τῶν
986 790 1287 864 ἀρχόντων,
1338 790 1434 843 τοῦ
1483 792 1690 862 πατρὸς
1730 792 1829 863 μὲν
1879 792 1974 846 τοῦ

399 885 729 955 Συμϐατίου,
762 883 993 937 πάππου
1044 882 1102 934 δὲ
1129 881 1226 935 τοῦ
1273 881 1530 952 δευτέρου
1571 883 1853 945 ’Δσωτίου,
1881 883 1975 936 καὶ

398 979 494 1033 τοῦ
542 977 839 1048 μαγίστρου
882 974 1221 1031 Ἀπασακίου
1280 970 1417 1043 (70),
1468 972 1629 1045 μέχρι
1689 972 1838 1041 ζωῆς
1878 971 1973 1026 τοῦ

400 1071 651 1140 δευτέρου
685 1068 945 1121 ’Δσωτίου
977 1067 1238 1135 ἄρχοντος
1269 1064 1377 1117 τῶν
1404 1063 1703 1136 ἀρχόντων,
1730 1067 1973 1135 ὑπῆρχον

397 1163 465 1215 τά
503 1159 727 1214 τοιαῦτα
773 1158 903 1231 τρία
944 1159 1155 1226 κάστρα
1184 1157 1289 1210 ὑπὸ
1328 1155 1429 1227 τὴν
1465 1156 1717 1223 ἐξουσίαν
1740 1155 1835 1210 τοῦ
1874 1156 1974 1226 ἆρ-

392 1268 575 1321 χοντος
596 1250 707 1304 τῶν
730 1249 1030 1321 ἀρχόντων,
1061 1248 1154 1301 καὶ
1179 1246 1483 1317 ἐλάμϐανεν
1506 1248 1567 1312 ἐξ
1588 1248 1766 1301 αὐτῶν
1789 1249 1971 1301 πάκτα

390 1344 417 1395 6
446 1343 630 1413 ἄρχων
678 1343 787 1395 τῶν
818 1341 1113 1412 ἀρχόντων.
1164 1338 1325 1392 Ἀλλὰ
1372 1339 1466 1391 καὶ
1500 1337 1561 1391 τὸ
1610 1340 1843 1409 κάστρον
1876 1338 1969 1392 τοῦ

388 1435 785 1505 Μαντζικίερτ,
816 1432 954 1502 μετά
986 1432 1085 1500 τῆς
1128 1430 1314 1501 χώρας
1346 1430 1441 1482 τοῦ
1479 1430 1844 1498 Ἀπαχουνῆς,
1880 1431 1973 1483 καὶ

387 1529 485 1582 τοῦ
532 1527 729 1599 Χαρκά
760 1526 897 1595 (71),
931 1523 1027 1576 καὶ
1066 1520 1161 1574 τοῦ
1209 1520 1386 1590 Κορῆ,
1427 1519 1532 1572 ὑπὸ
1579 1520 1679 1588 τὴν
1726 1520 1974 1582 ἐξουσίαν

388 1621 485 1675 καὶ
524 1619 883 1688 ἐπικράτειαν
931 1612 1026 1668 τοῦ
1052 1611 1219 1667 αὑτοῦ
1246 1608 1517 1682 ἄρχοντος
1539 1610 1647 1665 τῶν
1695 1610 1973 1681 ἀρχόντων

2083 524 2212 595 bus;
2237 524 2505 579 fratribus
2526 523 2899 592 Apolesphuet
2927 534 2980 578 et
3007 524 3319 593 Aposelme,
3348 529 3665 598 imperatori

2082 631 2140 671 se
2170 614 2572 680 submiserunt,
2603 615 2804 669 tributa
2835 630 3055 684 quoque
3087 618 3360 673 solventes
3384 635 3484 688 pro
3514 622 3667 675 urbi-

2080 706 2185 761 bus
2236 705 2353 760 suis
2416 716 2472 761 et
2524 707 2690 761 terris
2749 722 2767 771 ;
2822 706 3268 776 quandoquidem
3359 713 3662 779 principum

2082 797 2338 867 princeps
2372 796 2959 867 Romanoimperatori
2996 800 3245 867 parebat,
3283 800 3449 853 veluti
3507 805 3574 856 ab
3595 819 3663 857 eo

2081 890 2421 960 designatus,
2450 890 2879 960 dignitatemque
2910 892 3182 958 ejusmodi
3225 895 3456 961 adeptus
3498 911 3511 945 :
3566 910 3666 950 nec

2083 980 2198 1050 ipse
2220 988 2457 1043 tantum,
2486 980 2580 1035 sed
2607 982 2770 1037 urbes
2798 996 2991 1035 omnes
3023 983 3225 1051 quibus
3256 985 3663 1050 «loritinabatur,

2081 1074 2209 1129 item
2238 1073 2583 1143 respublica,
2620 1088 2683 1129 ac
2703 1082 2862 1128 terra:
2892 1072 3141 1127 Romano
3188 1074 3506 1143 imperatori
3534 1078 3665 1129 sub.

2078 1167 2256 1213 erant.
2315 1158 2601 1230 Symbatio
2644 1159 2954 1228 principum
3008 1160 3252 1229 principe
3307 1177 3522 1230 magum
3560 1154 3664 1216 Ar;

2077 1253 2275 1325 meniaé.
2296 1261 2459 1321 capto
2482 1252 2549 1306 ab
2575 1252 2811 1322 Aposata
2842 1251 3092 1308 Persidis
3128 1266 3335 1316 amera,
3393 1262 3443 1307 et
3488 1255 3668 1322 capite

2078 1343 2732 1412 mulctato,Aposebatas,
2752 1344 2843 1413 qui
2866 1344 2918 1397 in
2940 1344 3076 1398 urbe
3099 1342 3441 1399 Mantziciert
3458 1348 3663 1415 regiam

2082 1442 2363 1503 posuerat,
2424 1434 2662 1490 obtinuit
2692 1451 2912 1504 quoque
2930 1436 3097 1491 urbes
3114 1435 3351 1502 Cbaliat,
3379 1448 3433 1491 et
3454 1436 3659 1501 Percri,

2081 1539 2203 1578 cum
2238 1525 2516 1592 republica
2551 1528 2743 1581 Arzes.
2801 1527 3093 1581 Secundus
3118 1530 3446 1597 Aposebatae
3493 1530 3665 1583 frater

2079 1610 2471 1682 Apolespbuct,
2514 1614 2745 1681 ejusque
2766 1616 3031 1683 patruelis
3060 1625 3113 1670 et
3131 1620 3414 1687 privignus
3431 1620 3663 1673 Acbmet

389 1710 663 1780 ὑπῆρχεν,
714 1708 821 1769 ἕως
884 1706 1007 1759 ὅτου
1080 1704 1451 1769 Ἀποσεσατάς
1522 1706 1550 1758 6
1600 1705 1821 1777 ἀμηρᾶς
1879 1703 1970 1757 τοῦ

2078 1712 2377 1760 tenuerunt
2398 1705 2564 1760 urbes
2592 1705 2798 1768 Cblial,
2834 1707 3028 1766 Arzes,
3051 1714 3105 1759 et
3132 1708 3339 1761 Altzice
3375 1727 3391 1773 ;
3421 1716 3483 1762 et
3554 1710 3659 1778 ipsi

387 1800 764 1871 Μαντζικίερτ
809 1798 1082 1869 μετὰτῶν
1111 1797 1205 1851 δύο
1244 1796 1490 1868 ἀδελφῶν
1540 1797 1708 1852 αὑτοῦ
1763 1796 1858 1850 τοῦ
1910 1813 1970 1849 τε

400 1892 799 1961 Ἀπολεσφούετ
850 1893 942 1946 καὶ
987 1890 1080 1945 τοῦ
1138 1890 1452 1961 ’Δποσέλμη
1508 1890 1861 1960 ὑπετάγησαν
1892 1888 1972 1961 τῷ

392 1986 624 2057 βασιλεῖ,
666 1985 902 2047 διδόντες
946 1983 1043 2037 καὶ
1086 1984 1271 2038 πάκτα
1305 1982 1449 2053 ὑπέρ
1478 1999 1539 2036 τε
1568 1981 1680 2035 τῶν
1714 1982 1971 2053 κάστρων

345 2076 353 2081 ’
391 2079 487 2131 καὶ
515 2077 621 2129 τῶν
644 2079 861 2147 χωρίων
892 2074 1096 2129 αὑτῶν·
1122 2075 1247 2129 ἐπεὶ
1284 2074 1313 2126 6
1340 2073 1525 2145 άρχων
1552 2072 1661 2126 τῶν
1694 2074 1970 2143 ἀρχόντων

395 2166 581 2230 δοῦλος
614 2167 709 2219 τοῦ
751 2165 1016 2235 βασιλέως
1067 2165 1174 2217 τῶν
1218 2164 1509 2235 Ῥωμαίων
1540 2164 1653 2235 (72)
1688 2165 1969 2235 τυγχάνει,

393 2254 471 2317 ὡς
504 2255 633 2325 παρ’
678 2254 846 2308 αὑτοῦ
886 2253 1345 2324 προϐαλλόμενος,
1371 2254 1467 2307 καὶ
1508 2253 1569 2306 τὸ
1600 2253 1843 2309 τοιοῦτον
1883 2255 1971 2307 δε-

324 2385 328 2388 .
389 2347 629 2413 χόμενος
658 2346 897 2414 ἀξίωμαο
928 2344 1173 2413 δηλονότι
1208 2343 1306 2397 καὶ
1342 2343 1413 2397 τὰ
1443 2344 1536 2397 ὑπ’
1562 2345 1730 2399 αὐτοῦ
1774 2346 1970 2398 δεσπο-

388 2434 593 2502 ζόμενα
623 2436 857 2504 κάστρα,
891 2437 984 2489 καὶ
1012 2435 1301 2499 πολιτεῖαι,
1340 2436 1436 2489 καὶ
1475 2435 1669 2507 χωρία,
1689 2436 1782 2490 τοῦ
1818 2436 1971 2506 βασι-

386 2522 521 2585 λέως
551 2523 658 2575 τῶν
704 2522 990 2591 Ῥωμαίων
1028 2524 1415 2591 τυγχάνουσιν.
1451 2523 1575 2577 Ὀτι
1604 2522 1699 2576 τοῦ
1752 2524 1970 2592 Συμϐαο

385 2614 502 2666 τίον
529 2613 624 2666 τοῦ
676 2614 935 2684 ἄρχοντος
975 2612 1084 2665 τῶν
1115 2614 1393 2683 ἀρχόντων
1421 2612 1519 2682 τῆς
1563 2613 1807 2683 μεγάλης
1844 2614 1967 2683 Ἀρ-

392 2705 581 2774 μενίας
609 2703 978 2774 κρατηθέντος
1008 2704 1160 2775 παρά
1183 2703 1275 2756 τοῦ
1329 2703 1603 2756 Ἀποσάτα
1636 2703 1729 2757 τοῦ
1777 2705 1970 2775 ἀμηρᾶ

390 2795 651 2866 Περσίδος
685 2794 820 2865 (75),
867 2797 961 2847 καὶ
1000 2796 1532 2864 άποκεφαλισθέντος
1593 2795 1723 2868 παρ’
1779 2796 1966 2863 αὑτοῦ,

388 2887 693 2958 ἐκράτησεν
725 2885 753 2938 6
798 2885 1169 2949 Ἀποσεϐατάς
1199 2887 1226 2937 6
1256 2888 1627 2958 καθεζόμενος
1656 2890 1737 2951 εἰς
1784 2889 1843 2941 τὸ
1870 2888 1970 2943 κά-

390 2996 550 3051 στρον
578 2978 639 3033 τὸ
681 2974 1074 3050 Μαντζικίερτ,
1118 2978 1179 3031 τὸ
1228 2978 1463 3050 κάστρον
1508 2979 1568 3033 τὸ
1614 2978 1843 3044 Χαλιάτ,
1875 2981 1969 3032 καὶ

383 3037 707 3142 τοικάστρον
736 3071 798 3125 τὺ
835 3037 1071 3142 ὑερκρὶ,
1099 3072 1198 3125 καὶ
1238 3072 1336 3142 τὴν
1373 3037 1657 3126 ’πολιτείαν
1711 3071 1805 3125 τοῦ
1831 3037 1970 3140 ζ’.διρ-
1993 3037 2038 3097 c

387 3164 500 3228 ζες.
549 3165 675 3217 Ὀτι
731 3166 760 3217 6
818 3163 1073 3235 δεύτερος
1127 3163 1358 3232 ἀδελφὸς
1413 3164 1505 3217 τοῦ
1572 3163 1971 3218 Ἀποσεὸατᾶὁ

398 3256 813 3325 Ἀπολεσφούετ,
854 3257 949 3310 καὶ
978 3259 1005 3309 6
1025 3254 1248 3323 ἀνεψιὸς
1271 3256 1459 3319 αὑτοῦ,
1484 3258 1577 3310 καὶ
1599 3259 1627 3312 6
1656 3258 1920 3329 πρόγονος
1940 3259 1969 3311 6

395 3343 617 3413 ’Δχμὲτ,
645 3344 957 3415 ἐκράτησαν
981 3344 1043 3397 τὸ
1091 3345 1332 3414 κάστρον
1354 3345 1412 3398 1:6
1440 3345 1751 3409 Χλιάτ,καὶ
1785 3347 1844 3400 τδ
1867 3348 1969 3400 κά-

386 3452 547 3506 στρον
568 3436 630 3489 τὸ
653 3435 874 3506 Ἀρζες,
895 3436 1063 3489 καὶτὸ
1088 3436 1326 3506 κάστρον
1342 3438 1403 3490 τὸ
1418 3434 1688 3501 Ἀλτξίκεο
1708 3440 1801 3493 καὶ
1813 3441 1966 3494 αὐτοὶ

381 3526 737 3597 ὑπετάγησαν
768 3528 845 3598 τῷ
864 3526 1156 3598 Ῥωμαίων
1188 3528 1419 3599 βασιλεῖ,
1442 3531 1537 3582 καὶ
1568 3528 1821 3599 ἐγένοντο
1856 3533 1964 3586 ὑπὸ

381 3619 752 3691 τὴνιέξουσίαν
801 3621 991 3682 αὐτοῦ,
1018 3622 1113 3675 καὶ
1138 3624 1401 3692 παρεῖχον
1432 3623 1527 3675 καὶ
1566 3626 1750 3676 πάκτα
1778 3624 1964 3688 καθὼς

380 3714 476 3765 καὶ
502 3714 530 3765 6
551 3712 783 3780 ἀδελφὸς
834 3712 1000 3765 αὑτοῦ
1032 3713 1408 3776 ’Λποσεὸατάς
1442 3714 1554 3784 (74)
1585 3715 1728 3785 ὑπέρ
1766 3732 1825 3766 τε
1853 3716 1963 3770 τῶν

382 3804 636 3873 κάστρων
659 3805 753 3856 καὶ
778 3804 886 3855 τῶν
906 3803 1122 3873 χωρίων
1138 3804 1471 3856 αὑτῶν.’οτι
1500 3806 1528 3856 6
1543 3805 1722 3873 τρίτος
1739 3804 1963 3873 ἀδελφὸς

381 3895 475 3948 τοῦ
527 3895 867 3947 Ἀποσεὸατᾱ
901 3895 995 3946 καὶ
1024 3892 1558 3962 τοῦἈπολεσφοὺετ,
1577 3895 1963 3964 ὁἈποσέλμης

382 3989 607 4058 ἐκράτει
655 3985 716 4039 τὸ
766 3986 1004 4055 κάστρον
1036 3984 1130 4036 τοῦ
1150 3982 1526 4054 νΤζερματζοῦ
1562 3982 1702 4051 μετά
1732 3982 1823 4035 καὶ
1855 3982 1962 4035 τῶν

338 4122 345 4127 .
379 4079 595 4150 χωρίων
625 4077 813 4141 αὐτοῦ,
844 4078 936 4130 καὶ
968 4075 1128 4138 αὐτὸς
1150 4075 1396 4145 ὑπετάγη
1420 4072 1500 4145 τῷ
1528 4074 1638 4127 τῶν
1675 4074 1962 4143 Ῥωμαίων

379 4172 609 4242 βασιλεῖ,
642 4172 736 4225 καὶ
770 4170 940 4224 ἐδίδου
973 4169 1158 4222 πάκτα
1206 4167 1389 4232 καθὼς
1423 4169 1517 4221 καὶ
1549 4170 1579 4220 6
1602 4166 1829 4237 ἀδελφὸς
1856 4169 1959 4221 αὑ-

376 4264 473 4318 τοῦ
511 4266 540 4317 6
578 4262 973 4325 Ἀποσεϐατὰς,
1011 4262 1106 4315 καὶ
1136 4263 1163 4314 6
1192 4260 1237 4331 β’
1265 4260 1493 4329 ἀδελφὸς
1531 4260 1698 4313 αὑτοῦ
1734 4262 1764 4313 6
1799 4260 1962 4313 Ἀπο-

2078 1814 2141 1855 se
2168 1798 2543 1853 submiserunt
2564 1795 2812 1851 Romano
2830 1794 3170 1864 imperatori,
3201 1808 3256 1849 et
3280 1797 3355 1849 illi
3378 1800 3660 1863 parebant,

2076 1890 2496 1961 pendebantque
2520 1889 2725 1944 tributa
2755 1902 2857 1959 pro
2901 1885 3132 1941 urbibus
3184 1888 3456 1957 terrisque
3521 1890 3662 1955 suis,

2072 1983 2530 2054 quemadmodum
2567 1983 2729 2053 120
2758 1990 2811 2037 et
2838 1981 3013 2036 frater
3028 1982 3393 2052 Aposebatas.
3436 1979 3663 2035 Tertius

2077 2075 2403 2145 Aposebatze
2422 2083 2477 2129 et
2499 2074 2874 2145 Apolesphuet
2924 2073 3095 2129 frater
3149 2074 3477 2143 Aposelmes
3529 2086 3664 2142 pos-

2076 2166 2290 2221 sidebat
2327 2165 2519 2221 urbem
2548 2164 2875 2220 Tzermatzu
2914 2181 3038 2220 cum
3066 2167 3229 2222 terris
3258 2180 3323 2220 eo
3380 2166 3665 2235 pertinen-

2076 2254 2260 2320 tibus;
2289 2262 2344 2309 et
2370 2256 2488 2324 ipse
2507 2269 2723 2324 quoque
2743 2253 2992 2312 Romano
3013 2256 3331 2326 imperatori
3379 2255 3664 2324 subjectus

2074 2345 2623 2415 erat;pendebatque
2640 2346 2864 2412 tributa,
2909 2349 3371 2417 quemadmodum
3405 2358 3460 2404 et
3493 2348 3665 2401 frater

2074 2435 2246 2506 ipsius
2305 2437 2676 2508 Aposebatas,
2734 2453 2951 2493 necnon
3003 2439 3140 2495 alter
3197 2440 3445 2509 ejusdem
3491 2438 3665 2492 frater

2072 2528 2465 2598 Apolesphuet.
2508 2530 2779 2586 Defuncto
2812 2532 3147 2602 Aposebata,
3194 2534 3385 2586 urbem
3434 2531 3664 2585 Mantzi—

2071 2618 2230 2682 ciert,
2281 2634 2407 2673 cum
2465 2623 2747 2685 territorio
2798 2631 2853 2676 et
2908 2623 3118 2678 dilione
3146 2623 3431 2683 universa,
3482 2621 3661 2675 tenuit

2072 2713 2217 2766 filius
2239 2712 2358 2781 ejus
2380 2712 2747 2769 Abderacbim
2771 2731 2787 2780 ;
2807 2714 2894 2769 cui
2922 2714 3054 2769 fatis
3082 2714 3269 2767 functo
3284 2712 3661 2781 Apolcsphuet

2077 2802 2368 2865 successit,
2405 2802 2683 2857 secundus
2707 2804 3033 2872 Aposebatae
3067 2802 3260 2868 frater,
3295 2810 3526 2868 patruus
3556 2800 3661 2853 Ab-

2074 2881 2393 2951 derachim:
2450 2896 2579 2951 huic
2642 2912 2860 2966 quoque
2915 2898 3175 2953 defuncto
3226 2896 3424 2950 tertius
3493 2893 3659 2969 frater

2072 2980 2394 3050 Aposelmes
2416 2983 2468 3035 in
2495 2983 2804 3053 principatu
2834 2983 3193 3045 Mantziciert,
3222 2993 3274 3038 et
3293 2984 3657 3052 reliquarum,

2074 3087 2212 3141 quas
2235 3074 2499 3137 diximus,
2534 3075 2819 3142 regionum
2840 3076 3128 3131 successit.
3151 3076 3491 3144 Aposebatas
3517 3073 3658 3128 lilios

2074 3163 2267 3218 habuit
2340 3165 2711 3220 Abderachim
2772 3173 2826 3219 et
2878 3165 3230 3234 Apelmuze:
3286 3165 3660 3235 Apolesphuct

2070 3256 2259 3312 habuit
2282 3258 2590 3328 privignum
2606 3266 2659 3312 et
2679 3257 2980 3327 patruelem
3000 3257 3269 3311 Achmet:
3297 3258 3439 3309 filios
3458 3257 3660 3326 quippe

2068 3363 2178 3402 non
2208 3348 2438 3410 habuit;
2474 3348 2568 3405 sed
2594 3348 2827 3403 Achmet
2877 3348 3189 3418 privignum
3250 3355 3305 3401 et
3352 3346 3655 3415 patruelem

2066 3440 2714 3512 adoptarit.Aposelmes
2767 3440 2937 3496 filium
2988 3441 3183 3495 habuit
3228 3440 3508 3509 Apelbart,
3561 3436 3655 3508 qui

2065 3547 2214 3586 nunc
2266 3534 2531 3603 temporis
2598 3532 2943 3588 Muntziciert
3000 3530 3269 3603 possidet.
3316 3530 3654 3601 Aposebatas

2065 3632 2246 3679 autem
2261 3626 2501 3679 moriens
2518 3624 2885 3679 Abderachim
2912 3624 3085 3679 filium
3124 3639 3364 3697 ameram
3391 3624 3647 3695 reliquit;

2064 3716 2201 3770 alter
2231 3716 2556 3784 veroipsius
2601 3716 2744 3771 filius
2808 3717 3108 3786 Apelmuze
3155 3733 3290 3785 puer
3350 3717 3644 3770 admodum

2064 3812 2202 3866 erat,
2234 3803 2417 3871 itaque
2445 3820 2474 3856 a
2502 3806 2675 3873 patris
2710 3805 3006 3876 fratrisque
3032 3808 3241 3865 ditione
3266 3808 3520 3875 repulsus
3542 3812 3653 3861 est.

2065 3890 2408 3957 Aposehatas
2438 3892 2650 3959 primus
2680 3892 2850 3945 frater
2884 3895 3069 3946 sedem
3108 3894 3343 3947 habebat
3395 3896 3454 3946 in
3509 3894 3645 3947 urbe

2066 3979 2433 4044 Mantziciert,
2493 3981 2943 4049 possidebatque,
2966 3992 3027 4037 ut
3071 3983 3280 4036 dictum
3334 3993 3441 4049 est,
3473 3992 3652 4037 terras

2064 4072 2416 4142 Apachunes,
2442 4071 2607 4136 Core,
2648 4082 2702 4127 et
2754 4072 2989 4137 Cbarca,
3050 4073 3365 4141 tributaque
3431 4089 3530 4143 pro
3584 4074 3655 4130 iis

2062 4165 2313 4220 Romano
2334 4164 2649 4234 imperatori
2673 4165 2984 4221 exhibebat.
3023 4166 3143 4221 Hoc
3171 4165 3453 4232 defuncto,
3480 4167 3655 4220 tenuit

2062 4254 2209 4311 filius
2233 4255 2353 4324 ejus
2380 4256 2767 4320 Abderacbim,
2792 4263 2849 4310 et
2877 4257 3079 4312 tributa
3131 4257 3321 4311 eadem
3382 4258 3654 4327 pendebat

374 4352 660 4423 λεσφοὺετ.
687 4354 809 4406 Ὀτι
834 4352 928 4405 τοῦ
963 4351 1306 4404 ’Δποσεϐατᾶ
1348 4349 1771 4420 τελευτήσαντος
1794 4352 1960 4421 ἐκράο

2073 4356 2287 4419 propter
2312 4347 2599 4402 infantiam
2632 4358 2959 4414 extremam,
2990 4357 3048 4403 ut
3078 4349 3285 4405 dictum
3312 4358 3417 4416 est,
3457 4350 3647 4404 fratris

373 4460 509 4513 τησε
547 4443 609 4495 τὸ
647 4441 1018 4509 Μαντζικίερτ
1068 4443 1208 4511 μετά
1236 4440 1346 4493 τῶν
1378 4439 1594 4510 χωρίων
1642 4440 1834 4505 αὐτοῦ,
1864 4441 1959 4496 καὶ

2073 4440 2375 4509 ὶρειηιυιθ.
2409 4438 2626 4494 Mortuo
2676 4440 3429 4511 Abderachim,-Apelmuze
3484 4437 3654 4493 fratre

374 4542 475 4609 τῆς
497 4537 855 4608 ἐπικρατείας
877 4535 1043 4588 αὑτοῦ
1074 4535 1277 4604 πάσης,
1310 4536 1340 4587 6
1379 4533 1755 4604 ’Δόδηρακεὶμ
1788 4537 1817 4588 6
1840 4536 1956 4599 υἱὸς

2073 4540 2387 4601 :ontempto,
2417 4533 2578 4587 veluti
2602 4547 2794 4601 puero,
2850 4531 3214 4595 Mantziciert,
3263 4533 3496 4602 ejusque
3542 4539 3653 4585 ter-

332 4610 338 4616 ’
372 4625 469 4679 τοῦ
505 4626 864 4679 ’Δποσεὸατᾶο
900 4622 1324 4693 τελευτήσαντος
1352 4623 1409 4677 δὲ
1440 4623 1532 4676 τοῦ
1552 4623 1951 4694 Ἀὃδηραχεὶμ,

2073 4622 2391 4685 'itorium,in
2412 4628 2737 4688 potestatem
2762 4621 2980 4676 devenit
2998 4622 3242 4691 prmdicti
3270 4622 3647 4692 Apolesphuct

374 4718 679 4787 ἐκράτησεν
708 4718 735 4769 6
773 4712 1195 4782 Ἀπολεσφούετ.
1253 4714 1281 4765 6
1311 4713 1565 4783 δεύτερος
1592 4714 1823 4783 ἀδελφὸς
1853 4714 1947 4767 τοῦ

2073 4710 2153 4779 qui
2176 4709 2453 4764 secundus
2471 4709 2797 4778 Aposebataa
2818 4708 3007 4776 frater,
3024 4718 3255 4780 patruus
3280 4710 3649 4766 Ahderacllim

386 4807 748 4868 Ἀποσεὸατά,
782 4807 921 4869 Θείος
959 4805 1016 4859 δέ
1044 4806 1138 4858 τοῦ
1174 4804 1585 4875 η’Δϐδηραχεὶμ,
1614 4805 1675 4858 τὸ
1716 4806 1953 4875 κάστρον

2073 4811 2118 4856 et
2145 4800 2313 4870 spreti
2340 4799 2411 4854 ob
2442 4798 2733 4853 infantiam
2778 4802 3093 4869 Apelmuze.
3144 4802 3518 4872 Apolespltuet
3556 4802 3653 4855 de-

370 4901 432 4953 τὸ
459 4899 848 4968 Μαντζικίερτ,
871 4899 965 4951 καὶ
987 4897 1168 4959 πάσας
1181 4896 1281 4959 τάς
1308 4898 1713 4967 προρρηθείσας
1745 4898 1953 4969 χώρας’

2073 4892 2277 4958 functo,
2355 4892 2545 4947 urbem
2598 4890 2946 4957 Mantziciert
3004 4908 3131 4948 cum
3182 4894 3461 4962 pmdictis
3513 4893 3652 4947 locis

372 4990 469 5043 καὶ
508 4986 672 5042 αὑτοῦ
710 4987 1160 5056 τελευτήσαντος,
1190 4984 1496 5055 ἐκράτησεν
1534 4988 1564 5039 6
1594 4987 1777 5056 τρίτος
1798 4987 1953 5041 ἀδελο

2073 4985 2302 5041 obtinuit
2328 4985 2526 5038 tertius
2553 4983 2878 5054 Aposebatze
2913 4984 3083 5040 frater
3113 4985 3456 5055 Aposelmes.
3500 4982 3650 5036 Ach—

371 5083 492 5152 φδς,
523 5082 692 5152 ἤγουν
740 5079 831 5133 τοῦ
872 5077 1216 5132 Ἀποσεὸατᾶ
1255 5077 1353 5130 καὶ
1386 5074 1479 5130 τοῦ
1524 5077 1947 5146 Ἀπολεσφούετ,

2073 5085 2168 5131 net
2223 5086 2459 5139 autem,.
2491 5090 2655 5145 quem
2697 5074 2957 5142 diximus,
2994 5076 3259 5147 patruelis
3284 5082 3338 5130 et
3361 5074 3651 5143 privignus

369 5177 399 5228 6
438 5174 800 5243 ’Δποσέλμη;,
849 5170 911 5224 τό
956 5187 1017 5223 τε
1074 5168 1465 5240 Μαντζικιερτ,
1506 5169 1603 5222 καὶ¹
1634 5168 1814 5232 πάσας
1844 5170 1945 5234 τάς

2073 5167 2445 5237 tpolespbuet,
2479 5182 2546 5222 eo
2571 5166 2797 5221 conscio
2824 5181 2890 5221 ac
2905 5168 3141 5231 volente,
3170 5164 3415 5236 possedit
3439 5163 3645 5229 Cbliat,

371 5264 777 5337 προρρηθείσας
799 5262 1002 5333 χώρας.
1034 5261 1159 5313 Ὅτι
1189 5261 1218 5313 6
1254 5259 1626 5323 Ἀποσεϐατάς
1651 5254 1798 5330 εἶχεν
1835 5260 1951 5314 υἱὸν

2073 5262 2270 5327 lrtzes,
2301 5268 2355 5315 et
2402 5257 2612 5315 Percri.
2650 5258 3025 5331 Apolesphuet
3076 5260 3248 5327 enim,
3305 5271 3428 5314 cum
3472 5255 3642 5309 filium

1558 5373 1875 5431 ANSELMI.
1898 5374 2125 5433 BANDU
2135 5376 2227 5431 RH
2256 5373 2491 5432 NOT‘E.

447 5489 561 5561 (70)
594 5489 687 5567 Sic
735 5505 903 5567 supra
932 5509 947 5559 ;
984 5500 1040 5567 at
1078 5492 1168 5547 hic
1214 5493 1268 5567 in
1317 5492 1479 5547 editis
1512 5498 1566 5548 et
1604 5490 1660 5545 in
1692 5505 1823 5546 mss.
1850 5505 1951 5559 pro
2140 5494 2251 5567 (73)
2287 5495 2459 5567 Sicin
2499 5510 2644 5567 mss._
2660 5494 2749 5549 hic
2778 5502 2831 5567 et
2854 5508 3023 5567 supra
3057 5490 3226 5567 etiam
3255 5488 3456 5567 legitur
3487 5504 3503 5553 ;
3538 5486 3641 5544 sed
3702 5479 3706 5483 ’

386 5559 721 5635 Ἀπασακίου
753 5559 949 5635 legitur
988 5562 1332 5635 Ἀπασικίου.
1403 5633 1411 5635 Α
1572 5633 1618 5635 η
1934 5634 1939 5635 γ

2073 5559 2347 5635 perperam
2385 5566 2473 5620 hic
2502 5568 2555 5619 in
2584 5565 2750 5620 editis
2781 5559 3040 5628 habetur,
3088 5560 3241 5631 παρὰ
3274 5559 3372 5613 τοῦ
3409 5560 3643 5613 Ἀποσε-

445 5629 558 5706 (ᾙ)
591 5629 836 5684 Charcha
873 5633 1029 5686 locus
1046 5633 1194 5687 circa
1226 5633 1505 5705 Assyriam
1533 5633 1769 5704 videtur,
1802 5634 1943 5706 apud

2073 5629 2206 5706 ἲάτα
2237 5634 2333 5706 τοῦ
2391 5637 2610 5706 ἀμηρᾶ,
2645 5647 2751 5706 etc.

373 5701 689 5774 Arrianum.
1010 5770 1042 5774 __
1336 5701 1350 5705 ⁷
1756 5701 1762 5704 ⁷
1837 5701 1854 5706 ’
2128 5705 2239 5774 (74)
2306 5704 2382 5759 Ita
2422 5701 2549 5774 (ms.
2603 5702 2796 5759 codex.

440 5771 553 5837 (72)
584 5770 660 5826 ita
688 5787 754 5828 cx
784 5786 889 5829 ms.
923 5770 1129 5830 codice.
1490 5815 1494 5818 .
2053 5770 2203 5829 tilus.

2853 5699 2912 5756 lu
2959 5702 3125 5761 editis
3181 5703 3335 5761 locus
3375 5702 3465 5760 hic
3514 5716 3639 5757 mu-
3683 5751 3689 5757 .
