4046 6208
376 299 481 363 349

1415 310 1511 371 DE
1529 316 2167 382 'ADMINISTRANDO
2203 322 2545 389 IMPERIO.

3540 345 3647 409 350

373 408 659 478 προφήτου
691 409 786 463 καὶ
828 412 1089 482 βασιλέως
1142 419 1525 491 μοιχευθείσης
1552 439 1564 453 ο
1602 426 1667 478 ἐκ
1701 428 1808 497 γὰρ
1848 428 1931 482 τῶ

2062 430 2194 487 dere
2232 435 2386 489 credi
2416 429 2625 504 volunt,
2656 441 2983 513 cognatique
3004 459 3125 501 esse
3157 448 3298 519 regis
3319 465 3381 507 ac
3410 456 3647 524 prOphe-

382 499 433 567 ζξ
481 501 655 571 αὐτῆς
688 503 986 573 τεχθέντων
1036 506 1242 561 παίδων
1274 511 1354 581 τῷ
1390 514 1551 568 Δασὶδ
1598 517 1826 580 ἑαυτοὺς
1863 520 1931 572 λέ⁴

2613 499 2621 504 ,
2725 499 2754 510 ν
2893 499 2907 513 ,
3075 499 3117 501 ρ
3160 499 3381 519 ηση-
3449 499 3505 507 ,ν
3555 499 3618 510 ..ν

2069 528 2138 575 ιω
2164 520 2411 588 Davidis,
2445 539 2510 580 ac
2542 536 2830 597 propterea
2858 531 3021 586 etiam
3055 499 3648 613 sanctissimterDeripa-

386 607 531 659 γουσι
555 593 911 663 κατάγεσθαι,
932 597 1027 648 καὶ
1054 603 1337 668 συγγενεῖς
1358 598 1495 656 εἶναι
1522 606 1685 659 Δαϐὶδ
1705 608 1799 660 τοῦ
1825 626 1931 678 προ

2067 627 2162 677 rae,
2194 615 2338 684 quod
2374 631 2439 671 ex
2475 619 2683 674 semine
2734 622 2957 678 Davidis
2994 640 3057 679 ea
3112 629 3340 685 oriunda
3394 634 3483 687 sit.
3540 593 3645 687 έο-

312 734 315 735 ,
386 682 545 751 ρήτου
573 682 669 734 καὶ
696 682 953 750 βασιλέως
973 700 989 715 ⁸
1022 689 1114 740 καὶ
1131 688 1205 753 ὡς
1231 691 1295 744 ἐκ
1316 692 1508 746 τούτου
1532 696 1626 748 καὶ⁹
1656 698 1758 766 τῆς
1782 699 1953 770 ὑπερ-

2064 714 2292 776 propter
2324 708 2487 763 etiam
2524 710 2741 766 Iberum
2777 723 3059 784 magnates
3095 717 3239 773 inter
3269 736 3363 775 eos
3398 725 3644 781 sinenllo

382 771 537 839 ιγίας
592 773 873 839 Θεοτόκου,
914 776 1006 830 διὰ
1050 779 1113 832 τὸ
1163 782 1228 834 ἐκ
1258 783 1353 836 τοῦ
1408 786 1731 857 σπέρματος
1784 791 1931 843 Δασὶὲ

2059 796 2453 867 impedimento
2500 810 2763 871 cognatas
2803 804 3035 873 ducunt,
3079 819 3320 865 veterem
3370 829 3431 868 se
3468 816 3641 885 legem

376 862 577 933 ταύτην
628 866 981 941 κατάγεσθαι.
1034 872 1134 925 Διὰ
1183 872 1342 928 τοῦτο
1390 876 1486 929 καὶ
1533 879 1582 930 οί
1624 884 1948 949 μεγιστᾶνες

377 954 484 1008 τῶν
525 954 744 1027 Ἰὄήρων
774 958 1074 1025 ἀκωλύτως
1108 963 1209 1027 τὰς
1240 967 1565 1033 συγγενίδας
1593 971 1773 1025 αὐτῶν
1810 973 1948 1045 πρὸς

376 1045 549 1116 γάμον
574 1048 782 1113 ἄγουσι,
805 1050 904 1121 τὴν
933 1052 1174 1107 παλαιὰν
1218 1056 1453 1125 οἰόμενοι
1510 1061 1806 1128 φυλάττειν
1859 1082 1946 1118 νο-

376 1135 646 1203 μοθεσίαν·
674 1137 733 1205 ἐξ
753 1139 1111 1214 Ἰερουσαλήμ
1138 1161 1198 1197 τε
1225 1145 1478 1210 λέγουσιν
1511 1146 1653 1205 εἶναι
1677 1153 1779 1224 τὴν
1804 1155 1935 1224 γέν-

370 1241 519 1293 νησιν
555 1228 758 1294 αὐτῶν,
797 1231 891 1284 καὶ
921 1233 986 1285 ἐκ
1026 1233 1136 1288 τῶν
1187 1237 1369 1291 ἐκεῖσε
1412 1242 1535 1295 κατ’
1560 1243 1695 1314 ὄναρ
1747 1248 1941 1316 μετελ-

366 1312 499 1381 θεῖν,
539 1318 634 1371 καὶ
659 1324 983 1392 κατοικῆσαι
1018 1325 1156 1394 πρὸς
1179 1327 1249 1379 τὰ
1277 1329 1419 1399 μέρη
1455 1312 1939 1407 Περσίδοςξήγουν

361 1407 439 1471 είς
464 1409 564 1479 τὴν
592 1410 777 1481 χώραν
793 1415 875 1476 είς
897 1415 1069 1485 ἢννῡν
1084 1417 1350 1473 οἰκοῦσιν.
1374 1422 1438 1473 Oi
1458 1421 1939 1494 δέχρηματισθέν-

360 1512 453 1560 τες
480 1501 573 1551 καὶ
601 1500 914 1566 ἐξελθόντες
947 1504 1013 1555 ἐκ
1039 1505 1139 1573 τῆς
1179 1505 1532 1580 Ἰερουσαλημ
1561 1513 1807 1586 ὑπῆρχον
1832 1519 1860 1570 ὃ
1879 1535 1938 1571 τε

358 1590 524 1645 Δαὸὶδ
536 1594 764 1656 ἐκεῖνος,
791 1595 883 1646 καὶ
907 1594 936 1646 6
957 1595 1183 1664 ἀδελφὸς
1201 1599 1367 1653 αὐτοῦ
1385 1602 1726 1677 Σπανδιόιτης
1745 1624 1759 1638 ο
1791 1608 1939 1673 ὅστις

360 1682 707 1754 Σπανδιάτης
744 1680 814 1754 ἦν
862 1687 927 1739 ἐκ
980 1688 1115 1742 Θεοῦ
1142 1690 1324 1746 λαϐὼν
1371 1694 1640 1768 χάρισμα,
1667 1698 1744 1762 ὡς
1781 1700 1937 1755 αὐτοὶ

2057 888 2356 945 observare
2382 891 2799 950 existimantes:
2846 905 2901 951 et
2936 895 3334 970 Hierosolymis
3367 907 3640 961 nationem

2057 995 2214 1036 suam
2244 991 2425 1039 ortum
2460 986 2677 1043 trahere
2710 988 2924 1056 dicunt,
2969 1000 3133 1063 atque
3177 994 3302 1050 inde
3348 996 3401 1051 in
3438 1001 3646 1055 somnis

2054 1072 2295 1128 monitos
2347 1074 2640 1146 migrasse,
2694 1078 2993 1149 sedemque
3045 1083 3297 1152 posuisse
3359 1086 3414 1141 in
3476 1090 3644 1158 parti-

2050 1164 2158 1219 bus
2208 1162 2453 1223 Persidis
2512 1184 2653 1239 quas
2731 1172 2894 1226 etiam
2956 1172 3010 1227 in
3070 1172 3399 1233 hodiernum
3470 1194 3645 1250 usque

2051 1256 2197 1312 diem
2262 1258 2535 1315 incolunt.
2596 1260 2702 1325 Qui
2762 1272 2944 1318 autem
3004 1263 3399 1338 Hierosolymis
3453 1286 3643 1327 exces—

2050 1358 2288 1414 serunt,
2336 1349 2507 1405 David
2556 1352 2647 1408 ille
2701 1365 2860 1423 erat,
2911 1365 2964 1412 et
3009 1355 3180 1414 frater
3234 1362 3410 1431 ipsius
3463 1362 3638 1433 Span-

2049 1437 2265 1504 diates;
2309 1442 2403 1510 qui
2459 1443 2679 1511 quidem
2740 1444 3089 1515 Spandiates,
3127 1459 3188 1505 ut
3240 1451 3345 1523 ipsi
3389 1464 3638 1521 narrant,

2048 1526 2284 1595 gratiam
2318 1544 2347 1582 a
2384 1528 2494 1584 Deo
2530 1534 2763 1602 accepit,
2805 1545 2865 1589 ut
2890 1538 3071 1605 gladio
3099 1542 3384 1598 vulnerari
3412 1545 3468 1599 in
3494 1546 3638 1601 bello

2047 1618 2263 1672 nullum
2316 1620 2491 1688 ipsius
2533 1624 2838 1679 membrum
2896 1639 3102 1695 posset,
3156 1643 3388 1704 excepto
3447 1639 3637 1706 corde,

2044 1710 2191 1780 quod
2223 1711 2388 1766 etiam
2418 1712 2473 1766 in
2509 1713 2720 1783 praeliis
2751 1728 3030 1772 armatura
3055 1724 3287 1789 quadam
3323 1728 3632 1787 muniebat:

359 1774 652 1841 φάσκουσι,
687 1775 780 1828 τοῦ
816 1776 889 1849 μὴ
922 1781 978 1834 ἐν
1003 1781 1224 1854 πολέμῳ
1263 1784 1536 1841 ἅπτεσθαι
1581 1790 1750 1844 αὑτοῦ
1781 1793 1931 1862 ξίφος

2044 1774 2189 1858 unde
2223 1811 2276 1858 et
2312 1804 2578 1861 terribilis
2624 1805 2810 1863 Persis
2840 1817 2979 1875 erat,
3014 1774 3154 1880 qdos
3189 1814 3411 1882 devicit,
3446 1816 3637 1872 debel-

357 1865 439 1929 εῖς
463 1863 574 1919 οἷον
600 1867 798 1938 δήποτε
833 1872 993 1940 μέλος
1024 1875 1118 1928 τοῦ
1161 1875 1415 1945 σώματος
1445 1879 1632 1947 αὐτοῦ,
1666 1883 1796 1937 ἄνευ
1831 1884 1932 1955 τῆς

357 1959 608 2027 καρδίας,
640 1960 707 2031 ἢν
729 1964 822 2015 καὶ
859 1963 949 2017 διά
984 1983 1130 2029 τινος
1168 1972 1692 2041 περισκεπάσματος
1726 1976 1785 2027 ἐν
1819 1978 1931 2039 τοῖς

361 2050 619 2119 πολέμοις
642 2056 1050 2128 περιεφρούρει.
1074 2059 1174 2113 Διὰ
1198 2060 1357 2115 τοῦτο
1377 2065 1472 2117 καὶ
1496 2067 1786 2122 ἐπτοοῦντο
1806 2070 1932 2122 τοῦ·

361 2156 453 2193 τον
468 2146 561 2195 καὶ
587 2144 880 2201 ἐδεδίεισαν
910 2151 961 2201 oi
988 2152 1218 2221 Πέρσαι*
1248 2155 1275 2206 6
1290 2153 1347 2207 δὲ
1361 2157 1612 2226 νενίκηκε
1633 2156 1829 2224 αὐτοὺς
1841 2161 1936 2214 καὶ

357 2233 541 2286 αὐτῶν
594 2240 994 2311 κατεκράτησε,
1038 2244 1297 2309 καὶτοὺς
1339 2252 1622 2317 συγγενεῖς
1670 2252 1935 2307 ἐνοίκισεν

360 2322 588 2392 Ἴϐηρας
618 2329 699 2390 είς
724 2328 824 2417 τὰς
852 2330 1141 2397 δυσκολίας
1165 2340 1264 2399 τὰς
1297 2336 1392 2392 νῦν
1422 2343 1556 2412 παρ’
1593 2342 1773 2397 αὐτῶν
1794 2361 1934 2417 κρα-

352 2415 622 2483 τουμένας
643 2433 657 2446 ·
688 2417 748 2481 ἐξ
776 2412 851 2473 ὧν
875 2424 994 2474 κατ’
1018 2424 1199 2489 ὀλίγον
1234 2426 1653 2500 ἐπλατύνθησαν
1685 2434 1778 2487 καὶ⁵
1830 2412 1932 2504 ﬁo-

353 2502 644 2572 ξάνθησαν,
698 2511 795 2561 και)⁵
844 2513 925 2573 είς
980 2513 1122 2582 μέγα
1155 2516 1309 2581 ἔθνος
1343 2519 1614 2587 ἐγένοντο.
1644 2518 1759 2575 Εἶθ’
1784 2502 1929 2579 οὕτω

352 2596 444 2649 τοῦ
477 2596 740 2667 βασιλέως
783 2602 1107 2675 Ἡρακλείου
1137 2609 1280 2662 κατὰ
1312 2611 1572 2682 Περσίδος
1594 2616 1926 2687 ἐκστρατεύ-

354 2706 567 2757 σαντος,
616 2692 905 2765 ὴνώθησαν
960 2698 1055 2751 καὶ
1108 2702 1560 2766 συνεταξίδευσαν
1603 2707 1775 2778 αὐτῷ,
1832 2710 1928 2764 καὶ

352 2784 538 2840 ἔκτοτε
566 2789 838 2854 ὑπέταξαν
873 2793 952 2863 τῷ
986 2794 1137 2865 φόϐῳ
1179 2795 1502 2866 Ἡρακλείου
1532 2798 1629 2851 τοῦ
1664 2798 1928 2869 βασιλέως

364 2877 651 2949 Ῥωμαίων
686 2882 908 2951 μᾶλλον,
934 2886 1080 2957 ἥπερ
1108 2890 1175 2957 τῇ
1223 2889 1431 2942 ἑαυτῶν
1455 2891 1602 2960 ἰσχύϊ
1635 2893 1730 2945 καὶ
1768 2893 1928 2946 δυνά-

358 2987 470 3041 μει,
510 2972 694 3037 πόλεις
743 2975 836 3027 καὶ
880 2976 1065 3047 χώρας
1104 2980 1294 3042 ἱκανὰς
1329 2981 1438 3034 τῶν
1466 2983 1712 3053 Περσῶν.
1746 2984 1929 3049 Ἀπαξ

352 3060 463 3133 γὰρ
488 3063 581 3116 τοῦ
620 3063 887 3133 βασιλέως
938 3067 1262 3137 Ἡρακλείου
1297 3070 1422 3133 τοὺς
1453 3072 1666 3142 Πέρσας
1712 3089 1928 3143 τροπω-

2041 1895 2306 1965 lavitque,
2362 1906 2740 1968 cognatosque
2785 1900 2969 1957 lberes
3005 1902 3059 1957 in
3108 1902 3243 1959 locis
3299 1904 3633 1962 difficilibus.

2041 1999 2163 2054 quae
2186 2000 2334 2039 nunc
2362 1986 2527 2041 etiam
2554 1991 2817 2059 temporis
2858 2002 3155 2062 occupant,
3191 1994 3521 2049 collocavit:
3545 1996 3633 2051 ubi

2043 2076 2308 2144 paulatim
2340 2078 2691 2148 multiplicati
2716 2081 2973 2151 auctique
3011 2090 3163 2146 sunt,
3201 2084 3338 2138 etin
3378 2097 3635 2153 magnam

2045 2173 2261 2235 gentem
2292 2174 2608 2221 evaserunt.
2649 2168 2857 2226 Deinde
2888 2172 2964 2225 ita
2998 2171 3258 2228 Heraclio
3300 2174 3637 2245 imperatore

2045 2271 2168 2312 cum
2189 2258 2361 2313 armis
2394 2267 2585 2312 contra
2614 2257 2888 2316 Persidem
2906 2263 3309 2333 proficiscente,
3330 2266 3438 2321 icto
3462 2266 3635 2321 foede.

2040 2362 2123 2415 re,
2151 2347 2309 2416 122
2335 2363 2457 2401 cum
2486 2364 2551 2404 eo
2572 2350 2910 2419 militarunt;
2937 2370 3003 2408 ex
3020 2371 3195 2426 eoque
3221 2367 3466 2429 tempore
3488 2365 3634 2413 metu

2040 2437 2215 2506 magis
2240 2435 2479 2493 Heraclii
2512 2439 2886 2496 Romanorum
2911 2444 3283 2515 imperatoris.
3314 2463 3479 2518 quam
3511 2450 3631 2505 suis

2038 2528 2252 2607 viribus
2282 2546 2346 2583 ac
2382 2532 2572 2595 armis,
2597 2534 2800 2589 multas
2845 2536 3011 2591 urbes
3035 2544 3321 2607 terrasque
3338 2538 3633 2595 Persarum

2037 2604 2425 2692 subjugarunt.
2456 2622 2634 2679 Semel
2667 2625 2812 2680 enim
2836 2628 3044 2683 victiac
3066 2604 3424 2701 proﬂigatiab
3462 2630 3635 2686 Hera-

2035 2711 2144 2766 clio
2184 2714 3041 2789 imperatorePersaeorumque
3082 2720 3389 2791 principatu
3427 2722 3630 2781 deleto.

2039 2801 2209 2859 facile
2248 2820 2356 2860 non
2388 2808 2455 2862 ab
2504 2808 2753 2865 lberibus
2794 2817 3029 2877 tantum,
3063 2812 3155 2866 sed
3182 2822 3236 2868 et
3279 2829 3307 2867 a
3340 2813 3633 2869 Saracenis

2034 2897 2181 2952 vinci
2221 2900 2273 2952 in
2310 2907 2593 2968 posterum
2620 2910 2941 2971 potuerunt.
2967 2904 3107 2971 Quia
3130 2921 3282 2973 vero,
3310 2907 3390 2960 uti
3414 2908 3628 2972 dicunt,

2037 2985 2439 3058 Hierosolymis
2482 2991 2748 3060 originem
2807 2992 3041 3061 ducunt,
3109 2997 3451 3067 multumque
3502 2994 3634 3052 fidei

2036 3078 2145 3134 illis
2199 3089 2483 3147 praestant,
2543 3090 2597 3138 et
2652 3086 2908 3153 sepulcro
2965 3087 3184 3143 Domini
3256 3092 3430 3146 nostri
3500 3089 3634 3146 Jesu

356 3155 616 3223 σαμένου,
637 3157 731 3209 καὶ
767 3159 847 3221 είς
874 3158 933 3210 τὸ
963 3159 1162 3231 μηκέτι
1194 3156 1335 3214 εἶναι
1365 3162 1464 3233 τὴν
1500 3163 1713 3218 τούτων
1755 3166 1931 3237 ἀρχὴν

2039 3167 2263 3234 Christi,
2287 3179 2342 3227 et
2370 3174 2710 3243 temporibus
2750 3177 3079 3246 quibusdam
3114 3180 3348 3234 ubertim
3376 3181 3635 3250 pecunias

354 3248 806 3329 περιστῄσαντος,
846 3251 1112 3305 εὐάλωτοι
1162 3253 1255 3307 καὶ
1303 3255 1623 3325 εὐχείρωτοι
1671 3258 1733 3310 οὐ
1770 3257 1929 3327 μόνον

351 3341 465 3400 τοῖς
503 3339 768 3410 Ἴϐηρσιν,
808 3342 945 3397 ἀλλὰ
975 3346 1070 3397 καὶ
1107 3348 1220 3409 τοῖς
1244 3347 1583 3418 Σαρακηνοῖς
1620 3349 1670 3402 οῖ
1721 3350 1928 3421 Πέρσαι

352 3432 632 3499 γεγόνασι.
665 3434 764 3486 Διὰ
789 3435 844 3488 δὲ
873 3436 934 3488 τὸ
965 3438 1307 3502 κατάγεσθαι
1365 3440 1584 3504 αὐτοὺς.
1639 3441 1717 3503 ὡς
1770 3441 1928 3495 αὐτοὶ

351 3521 621 3590 λέγουσιν,
661 3525 723 3577 ἐκ
747 3526 843 3595 τῆς
885 3525 1264 3599 Ἰερουσαλὴμ,
1292 3529 1379 3584 διὰ
1405 3531 1465 3584 τὸ
1482 3532 1727 3601 μεγάλην
1746 3533 1928 3609 πίστιν

351 3614 567 3682 ἔχουσιν
591 3617 650 3667 ἐν
682 3616 888 3681 αὐτοῖς,
918 3618 1013 3671 καὶ
1048 3620 1105 3671 ἐν
1122 3618 1202 3688 τῷ
1230 3620 1386 3690 τάφῳ
1411 3622 1506 3676 τοῦ
1532 3624 1742 3692 Κυρίου
1767 3623 1927 3693 ἡμῶν

362 3705 539 3775 Ἰησοῦ
585 3708 841 3777 Χριστοῦ,
896 3711 991 3762 καὶ
1035 3713 1176 3776 κατὰ
1216 3730 1367 3777 τινας
1401 3717 1627 3785 καιροὺς
1676 3716 1928 3784 ἀφθόνως

349 3797 744 3852 ἀποστέλλουσι
779 3801 886 3869 χρή
898 3818 1041 3869 ματα
1060 3803 1139 3872 τῷ
1172 3807 1486 3877 πατριάρχῃ
1513 3807 1612 3875 τῆς
1640 3808 1803 3875 ἁγίας
1833 3808 1930 3860 πό-

349 3890 507 3957 λεως,
538 3895 629 3946 καὶ
650 3897 763 3958 τοῖς
793 3896 971 3947 ἐκεῖσε
1015 3897 1057 3949 Χ
1068 3901 1383 3965 ριστιανοῖς.
1414 3900 1474 3951 '0
1503 3900 1562 3951 δὲ
1594 3899 1932 3969 προρρηθεὶς

352 3986 547 4049 Δαίῆδ,
587 3988 614 4038 6
647 3986 741 4038 τοῦ
800 3987 1135 4040 Σπανδιάτου
1185 3988 1434 4057 ἀδελφὸς,
1471 3990 1762 4059 ἐγέννησεν
1816 3989 1931 4043 υίὸν

349 4076 442 4129 τὸν
474 4078 826 4149 Παγκράτιον
863 4079 998 4149 (77),
1050 4080 1144 4133 καὶ
1174 4082 1202 4133 6
1254 4081 1606 4150 Παγκράτιος
1636 4081 1931 4149 ἐγέννησεν

350 4169 468 4222 υἱὸν
492 4171 582 4223 τὸν
625 4170 902 4237 Ἀσὼτιον,
954 4176 1049 4227 καὶ
1079 4175 1106 4226 6
1163 4173 1419 4236 Ἀσὼτιος
1478 4174 1766 4244 ἐγέννησεν
1814 4172 1930 4226 υἱὸν

349 4262 445 4315 τὸν
510 4262 836 4334 Ἀδρανασὴ,
885 4264 977 4317 τὸν
1010 4265 1103 4318 καὶ
1151 4266 1568 4337 κουροπαλάτην
1625 4264 1929 4336 τιμηθέντα

354 4352 513 4423 παρὰ
545 4354 777 4418 Λέοντος
796 4354 891 4408 τοῦ
926 4355 1273 4426 φιλοχρίστου
1311 4356 1577 4426 βασιλέως
1616 4356 1927 4426 Ῥωμαίων.

2032 3258 2262 3313 mittunt
2313 3261 2467 3317 urbis
2517 3271 2723 3319 sancta:
2764 3266 3116 3334 patriarchae,
3180 3270 3383 3338 quique
3429 3272 3484 3324 in
3541 3270 3635 3325 illa

2034 3350 2239 3422 degunt
2264 3352 2618 3412 Christianis.
2679 3355 2850 3413 David
2902 3366 3085 3413 autem
3133 3357 3243 3425 ille,
3273 3375 3434 3429 quem
3488 3359 3626 3428 dixi,

2035 3442 2347 3513 Spandiatae
2390 3446 2582 3515 frater,
2635 3449 2808 3505 filium
2850 3452 3039 3524 genuit
3086 3451 3471 3519 Pancratium;
3524 3453 3631 3508 iste

2029 3534 2285 3592 Asotium
2337 3538 2565 3606 habuit;
2619 3542 2848 3597 Asotius
2890 3557 3023 3596 vero
3074 3542 3267 3614 genuit
3324 3542 3632 3611 Adranase,

2032 3624 2124 3695 qui
2157 3628 2493 3698 curopalatae
2513 3631 2779 3700 dignitate
2802 3645 2997 3688 auctus
3019 3631 3121 3686 fuit
3153 3647 3183 3685 a
3209 3631 3393 3688 Leone
3422 3632 3628 3689 Christi

2033 3727 2253 3772 amante
2304 3717 2682 3776 Romanorum
2742 3724 3099 3793 imperatore.
3168 3725 3238 3779 At
3297 3725 3629 3795 Spandiates

2034 3798 2206 3863 frater
2235 3811 2482 3877 praedicti
2525 3811 2750 3868 Davidis
2789 3815 2910 3868 sine
2965 3816 3095 3869 ullis
3135 3815 3323 3870 liberis
3371 3818 3628 3873 decessit.

2036 3899 2112 3952 Ex
2148 3913 2258 3968 quo
2306 3908 2486 3952 autem
2531 3898 2933 3971 Hierosolymis
2980 3903 3291 3971 migrarunt
3335 3906 3386 3958 in
3427 3916 3629 3960 terram

2035 4004 2198 4060 quam
2227 4004 2375 4043 nunc
2414 3989 2681 4056 incolunt,
2715 3992 2842 4044 anni
2893 4004 3022 4046 sunt
3064 3993 3483 4065 quadringenti,
3545 4002 3627 4053 vel

2036 4082 2320 4153 quingenti
2348 4081 2530 4146 hodie,
2571 4096 2692 4151 quae
2722 4091 2817 4136 est
2852 4081 3084 4137 lndictio
3123 4082 3373 4151 decima;
3409 4102 3437 4139 a
3494 4101 3632 4140 con-

2036 4173 2154 4226 dito
2214 4187 2346 4228 vero
2399 4174 2608 4228 mundo
2652 4173 2814 4239 6460,
2873 4173 3239 4231 Constantino
3285 4186 3339 4232 et
3382 4178 3631 4232 Romano

2036 4263 2243 4319 Christi
2274 4264 2593 4320 amantibus
2627 4281 2692 4321 ac
2739 4265 3224 4338 Porphyrogenitis
3277 4270 3629 4340 imperatori-

2037 4355 2161 4412 bus.
2186 4353 2393 4410 Christi
2425 4368 2605 4410 autem
2632 4371 2824 4412 amans
2855 4357 2964 4412 Leo
2995 4358 3085 4413 ille
3120 4357 3627 4431 Porphyrogenitus

362 4445 421 4497 ὐ
449 4444 506 4498 δὲ
540 4445 877 4517 Σπανδιάτης
914 4450 943 4500 6
993 4447 1223 4516 ἁδελφὸς
1251 4447 1347 4500 τοῦ
1380 4447 1791 4520 προρρηθέντος
1824 4452 1930 4501 Δα-

2039 4461 2100 4501 ac
2132 4446 2989 4517 praeclarusimperatorandiens
3011 4446 3313 4502 Phasianes
3360 4450 3625 4503 ecclesias

346 4535 441 4589 διδ
462 4536 809 4607 ἐτελεύτησεν
833 4537 1084 4601 ἄτεκνος.
1131 4538 1266 4591 Ἀπὸ
1316 4538 1371 4591 δὲ
1416 4542 1515 4610 τῆς
1553 4539 1611 4604 ἐξ
1662 4538 1926 4612 Ἰερουσα-

349 4627 463 4698 λὴμ
495 4631 863 4700 μετοικήσεως
876 4630 1054 4685 αὐτῶν
1080 4632 1159 4694 είς
1184 4630 1284 4702 τὴν
1314 4631 1408 4686 νῦν
1432 4631 1761 4701 οἰκουμένην
1790 4630 1927 4702 παρ’

350 4706 529 4772 αὐτῶν
551 4721 756 4791 χώραν,
792 4722 888 4791 ἐτη
919 4728 985 4785 ν’,
1017 4722 1049 4793 ἦ
1087 4722 1182 4776 καὶ
1205 4721 1279 4791 φ’,
1307 4723 1468 4794 μέχρι
1502 4723 1603 4793 τῆς
1636 4724 1877 4793 σήμερον
1906 4737 1920 4751 ⁸

350 4811 472 4879 ἥτις
529 4812 678 4864 ἐστὶν
722 4811 996 4865 ίνδικτιὼν
1051 4811 1103 4875 ι’,
1154 4813 1249 4883 ἐτη
1306 4814 1414 4867 ἀπὸ
1440 4814 1674 4876 κτίσεως
1717 4814 1924 4883 κόσμου

354 4900 491 4971 ,ςυε
537 4902 672 4973 (80),
729 4903 821 4956 ἐπὶ
871 4904 971 4973 τῆς
1028 4904 1307 4973 βισιλείας
1351 4904 1764 4957 Κωνσταντίνου
1830 4907 1924 4958 καὶ

368 4990 649 5060 Ῥωμανοῦ
701 4994 808 5046 τῶν
843 4994 1207 5065 φιλοχρίστων
1242 4995 1336 5048 καὶ
1386 4996 1925 5065 Πορφυρογεννήτων

354 5082 622 5151 βασιλέων
665 5084 971 5155 Ῥωμαίων.
1005 5087 1199 5139 ’ἰστέον
1238 5086 1320 5139 ὅτι
1371 5086 1400 5138 ὁ
1453 5085 1797 5156 φιλόχριστος
1830 5085 1924 5138 καὶ

354 5175 864 5246 Πορφυρογέννητος
881 5179 975 5229 καὶ
1002 5177 1245 5248 ἀοίδιμος
1267 5176 1523 5245 βασιλεὺς
1554 5177 1727 5240 Λέων,
1759 5175 1927 5228 ἁκού-

352 5281 455 5327 σας
483 5267 564 5318 ὅτι
596 5268 675 5329 εἰς
699 5267 792 5320 τὸν
816 5267 981 5320 τόπον
1002 5268 1093 5321 τὸν
1118 5269 1412 5338 λεγόμενον
1442 5268 1716 5337 Φασιανὴν
1743 5266 1926 5320 ἐλθόνο

351 5370 446 5418 τες
476 5357 857 5430 οἱΣαρακιίνο)⁸
908 5360 1007 5424 τὰς
1059 5361 1240 5415 ἐκεῖσε
1307 5361 1605 5432 ἐκκλησίας
1657 5360 1925 5429 ἐποίησαν

2044 4553 2074 4592 a
2107 4537 2809 4596 Saracenisinvadentibus
2832 4540 2884 4594 in
2918 4549 3103 4595 castra
3142 4555 3438 4597 conversas
3478 4557 3623 4610 esse,

2039 4625 2368 4684 Lalaconem
2397 4630 2693 4699 patricium
2725 4641 2781 4685 et
2827 4630 3281 4687 Armeniacorum
3335 4643 3622 4703 prtetorcm

2031 4720 2204 4785 misit,
2234 4735 2342 4773 una
2365 4735 2489 4775 cum
2527 4707 2853 4790 praetoribus
2888 4722 3153 4790 Coloniae,
3187 4722 3619 4795 Mesopotamiae,

2039 4808 2408 4877 Chaldiaeque,
2446 4810 2538 4879 qui
2571 4811 2887 4882 hujusmodi
2925 4824 3105 4869 castra
3142 4824 3481 4879 everterunt,
3532 4833 3625 4871 ec-

2033 4901 2233 4957 clesias
2263 4901 2591 4967 liberarunt,
2624 4912 2903 4975 totamque
2924 4904 3275 4974 Phasiancm,
3306 4923 3469 4976 quam
3493 4918 3621 4963 tunc

2036 4994 2296 5064 temporis
2348 4992 2610 5048 Saraceni
2670 4998 2950 5063 tenebant,
2982 4998 3363 5053 devastarunt.
3422 4998 3619 5053 Postea

2030 5100 2252 5139 rursum
2315 5085 2633 5141 Catacalum
2681 5088 3001 5158 magistrum
3042 5096 3096 5143 et
3150 5090 3466 5143 scholarum
3522 5089 3623 5143 do-

2028 5177 2319 5234 mesticum
2374 5178 2545 5244 misit,
2576 5180 2826 5250 quicum
2877 5182 3067 5236 urbem
3127 5179 3616 5249 Theodosiopolim

2028 5268 2346 5336 invasisset,
2370 5285 2591 5325 omnem
2625 5271 2835 5326 circum
2870 5272 3149 5343 regionem
3188 5270 3507 5343 populatus,
3563 5276 3617 5324 et

2035 5357 2338 5414 Phasianes
2386 5368 2533 5414 terra
2579 5360 2920 5431 urbibusque
2961 5360 3158 5418 vicinis
3198 5358 3454 5417 similiter
3490 5372 3617 5428 per-

1539 5533 1837 5591 ANSELMI
1885 5532 2220 5592 BANDURII
2264 5535 2493 5592 NOTAE.

424 5650 538 5722 (79)
566 5650 637 5704 Ita
670 5668 733 5707 ex
763 5667 864 5706 me.
894 5651 1104 5705 codice.

430 5720 542 5793 (80)
574 5722 862 5787 Nimirum,
893 5738 1037 5778 anno
1068 5720 1273 5778 Christi
1327 5721 1452 5789 952,
1500 5723 1716 5794 imperii
1761 5723 2109 5780 Constantini
2141 5722 2590 5794 l‘orphyrogcniti
2620 5720 2707 5776 41.
