2023 3104
184 139 237 171 355

692 145 946 177 CONSTANTINI
965 147 1302 180 PORPHYROGENITI

1762 152 1815 184 356

182 198 371 233 abduxerunt,
388 201 507 228 incensis
522 201 599 236 pagis
616 202 697 237 ejus;
714 204 787 244 quod
803 213 946 241 nunquam
962 215 974 234 a

1030 202 1161 243 ταστήσει
1179 208 1213 235 τὰ
1226 209 1288 243 ὅρια
1298 208 1352 234 τῶν
1365 207 1456 235 τόπων
1469 207 1552 235 αὑτοῦ
1561 216 1568 223 ·
1583 208 1652 236 ἀλλὰ
1673 210 1744 237 κατά
1763 211 1816 238 τῶν

186 244 345 278 cnropalate
366 244 466 272 factum
481 250 531 272 est.
553 244 656 280 Hisque
679 247 716 275 ita
732 256 747 275 a
775 250 855 278 nobis
876 251 973 280 deletis

186 294 323 317 venerunt
338 289 440 322 lberes,
452 297 539 325 eaque
553 297 695 326 ceperunt,
709 295 803 322 urbem
818 297 918 325 exinde
934 301 974 325 te-

186 343 253 363 nere
271 326 371 362 conati.
399 336 514 365 Ameras
538 345 603 365 vero
630 340 726 368 crebro
752 343 931 378 compellatus
958 351 973 371 a

186 381 337 416 Theophila
360 382 477 417 patricio
503 389 530 411 et
553 390 680 419 praetore,
705 388 806 415 nullam
830 390 883 417 sibi
912 391 974 418 vitae

186 435 263 462 spem
282 435 344 455 esse
359 428 468 461 videns,
490 431 607 465 imperio
629 440 659 460 se
678 439 772 461 nostro
791 436 931 469 submisit,
947 442 974 465 et

185 473 271 500 [ilium
287 473 410 501 obsidem
426 475 510 502 dedit.
528 476 673 505 Mastatum
694 487 759 507 vero
770 480 974 518 Theodosiopo-

184 520 330 546 litanorum
348 527 407 548 erat
421 531 428 555 ;
443 530 560 559 cumque
570 524 690 554 Joannes
707 529 836 563 magister
850 529 975 559 Theodo-

185 565 315 599 siopolim
333 574 381 601 per
394 573 499 603 septem
519 578 628 599 menses
648 572 797 608 obsideret,
820 583 908 611 neque
927 585 975 605 ex-

184 618 308 645 pugnare
322 613 435 646 valeret,
449 615 535 643 misso
552 618 637 645 milite
659 619 804 648 Mastatum
828 624 910 657 cepit,
931 625 974 651 in—

185 659 314 685 trodncto
338 659 403 686 illuc
432 663 653 696 protospalliario
672 665 790 694 Petrona
813 668 900 703 Boila,
927 672 974 706 qui

187 707 252 730 tunc
270 706 401 739 temporis
415 706 576 742 Nicopoleos
597 710 757 744 capitancus
771 718 840 741 erat.
853 715 886 741 At
904 715 976 743 Pan-

186 750 289 776 cratius
305 751 446 785 magister,
460 753 506 787 qui
533 761 584 780 una
601 763 663 782 eum
684 756 789 786 Joanne
802 764 866 788 ante
887 760 976 789 Theo-

185 794 350 830 dosiopolim
364 797 475 825 ordines
482 799 606 832 duxerat,
614 809 785 837 secessurus,
796 805 889 833 urbem
902 807 975 835 illam

186 839 244 866 dari
265 841 316 867 sibi
334 842 369 868 ab
382 850 413 869 eo
428 844 514 876 petiit,
531 846 634 880 scripto
649 847 806 882 juramento
824 851 975 885 affirmans.

189 887 241 913 sibi
258 892 389 922 perpetuo
417 897 476 916 eam
506 899 535 919 se
561 899 776 929 asservatnrum,
792 897 869 933 125
889 907 976 934 neque

187 932 240 958 ullo
257 937 335 967 pacto
349 933 498 963 Saracenis
517 938 695 967 traditurum.
709 941 871 971 Pancratins
884 932 975 973 autem

185 978 314 1006 laudatus
332 981 395 1014 quia
419 986 477 1008 erat
500 982 685 1018 Christianus,
709 990 735 1014 et
756 987 862 1023 imperii
888 992 975 1019 nostri

186 1024 325 1056 subditus,
345 1025 412 1052 ﬁdes
426 1026 583 1060 juramcnto
604 1029 691 1064 ipsius
713 1032 805 1060 habita
827 1039 879 1069 est,
897 1036 976 1071 eique

186 1067 252 1095 urbs
266 1069 444 1102 concredita;
466 1075 494 1097 at
515 1072 561 1099 ille
577 1080 636 1100 eam
656 1083 751 1104 rursus
773 1067 977 1116 Theodosiopo-

186 1111 280 1138 litanis
289 1112 422 1139 restituit.
433 1114 556 1150 Cumque
568 1116 794 1155 Tlieodosiopolis
803 1129 882 1158 capta
893 1111 974 1159 esset,

188 1156 329 1183 venientes
347 1156 439 1187 lberes
452 1167 512 1186 eam
530 1167 694 1198 tenuerunt;
716 1166 809 1202 itaque
825 1156 914 1203 neque
929 1178 976 1196 ur-

187 1201 229 1228 bis
241 1201 361 1235 Maslati,
379 1212 467 1240 neque
477 1206 576 1235 Abnici
588 1212 740 1244 repetendae
756 1201 912 1242 facultatem
928 1216 976 1243 lia-

186 1246 260 1276 bent.
279 1247 332 1276 Sed
349 1256 494 1285 postquam
521 1256 694 1289 curopalates
720 1258 804 1286 ﬁdus‘
818 1263 845 1287 et
873 1260 976 1296 integer

185 1300 281 1321 servus
299 1302 331 1323 ac
348 1297 453 1325 amicus
470 1305 565 1327 noster
579 1305 633 1334 est,
650 1303 683 1329 ad
701 1303 789 1338 ipsius
814 1307 975 1340 postulatio-

185 1346 258 1372 nem,
277 1341 322 1368 liat
343 1344 479 1371 terminus
503 1345 656 1375 Phasianes
683 1349 753 1377 Erax
780 1350 890 1385 ﬂuvius,
919 1355 976 1383 sive

184 1383 282 1412 Phasis
295 1391 339 1413 :et
350 1388 479 1416 sinistras
490 1396 581 1424 partes
591 1392 712 1428 illyrium
723 1404 818 1426 versus
832 1399 922 1428 lberes
933 1405 975 1429 te-

185 1431 390 1460 neant,dextraa
399 1442 464 1462 vero
471 1443 569 1465 versus
579 1438 817 1478 Tbeodosiopolim
826 1449 881 1472 tam
893 1448 974 1476 urbes

185 1480 330 1514 quamagri
342 1483 427 1509 nostri
437 1482 547 1518 imperii
557 1486 622 1519 sint,
635 1486 746 1516 ﬂumine
763 1491 870 1520 scilicet
882 1499 974 1522 utras-

184 1530 238 1556 que
247 1523 468 1560 disterininante,
480 1530 710 1562 quemadmodum
731 1534 813 1561 etiam
823 1534 908 1563 beata:
917 1545 974 1565 me-
986 1552 1008 1580 ρ

184 1576 202 1580 __
216 1570 252 1580 με
262 1578 276 1580 _
291 1569 316 1580 ._
428 1573 445 1580 ..
674 1578 679 1580 μ

184 1570 277 1597 moria:
287 1569 408 1599 Joannes
426 1573 561 1607 Curcuas,
574 1583 637 1603 cum
655 1578 768 1612 viveret,
787 1580 973 1616 interrogatus

185 1615 315 1649 expedire
330 1618 528 1652 pronuntiavit,
542 1625 569 1647 ut
582 1619 683 1657 ﬂumen
700 1630 748 1657 pro
758 1625 876 1653 termino
888 1615 971 1655 esSet.

183 1659 250 1686 Nam
260 1662 424 1697 strictojure
436 1664 511 1691 nulla
528 1670 650 1700 potestas
659 1670 825 1703 curopalatte
836 1673 967 1707 competit

184 1713 273 1740 neque
290 1709 316 1734 in
331 1709 461 1736 citeriora
479 1710 610 1745 ﬂuminis,
627 1721 715 1748 neque
731 1715 757 1741 in
771 1716 901 1744 ulteriora
915 1727 922 1745 :
940 1719 972 1746 si-

184 1751 293 1785 quidem
303 1754 451 1781 omnisille
466 1755 810 1792 Theodosiopolitanorum
831 1765 937 1790 tractus
957 1771 972 1791 a

184 1802 282 1824 nostro
292 1799 377 1826 milite
389 1799 463 1827 ferro
479 1802 597 1836 igneque
614 1808 736 1832 vastatus
746 1811 797 1838 est,
816 1815 905 1842 neque
922 1818 973 1836 un-

183 1849 266 1876 quam
275 1843 336 1871 sine
343 1852 376 1871 eo
387 1845 479 1873 lberes
488 1849 592 1881 egressi
601 1848 839 1886 Theodosiopolim
852 1854 973 1888 populati

184 1895 259 1921 sum,
272 1891 318 1917 sed
327 1896 448 1919 mutuam
460 1900 592 1928 perpetuo
602 1897 748 1924 amicitiam
761 1900 880 1928 colentes
888 1910 972 1937 nego-

183 1935 220 1962 tia
234 1935 304 1963 inter
313 1944 342 1964 se
352 1940 517 1966 exercebant
527 1949 533 1966 :
542 1946 567 1967 et
579 1943 662 1969 verbo
672 1945 780 1978 quidem
789 1935 972 1981 deleri,Tlieo.

182 1981 346 2018 dosiopolim
355 1985 492 2019 volebant,
502 1994 532 2013 re
541 1992 631 2016 tamen
642 1990 699 2024 ipsa
712 1992 786 2018 nullo
796 1992 876 2020 modo
883 1995 972 2029 cupie-

182 2028 248 2056 bant
275 2034 304 2056 ut
320 2037 351 2057 ea
369 2036 526 2066 caperetur.
544 2033 598 2060 Sed
613 2040 709 2063 nostra
736 2038 874 2072 majestas,
888 2028 971 2067 uidi-

182 2077 239 2099 tum
258 2079 311 2107 est,
319 2080 430 2110 propter
437 2076 565 2104 all'ectum
577 2078 603 2105 in
616 2082 810 2116 curopalatem,
825 2085 970 2111 terminum

181 2118 374 2147 intermedium
389 2129 452 2149 esse
469 2123 557 2150 voluit
567 2123 678 2152 ﬂuvium
692 2126 774 2160 Erax,
789 2128 847 2155 sive
859 2129 969 2165 Phasin;

180 2173 234 2200 qua
248 2167 358 2201 quidem
370 2169 548 2202 possessione
558 2172 680 2199 contenti
693 2180 766 2206 esse,
787 2182 876 2211 neque
891 2178 970 2212 quid-

180 2218 263 2245 quam
279 2212 397 2246 amplius
412 2217 505 2248 pctere
521 2215 631 2243 debent.

1031 252 1128 289 πρώην
1148 254 1280 289 βασιλέων
1294 254 1328 281 τὰ
1342 254 1477 289 σύμφωνα
1493 254 1604 291 στέρξῃ,
1621 256 1669 283 καὶ
1692 258 1817 293 περαιτέ-

1027 308 1066 334 ρω
1083 300 1119 335 μὴ
1131 300 1332 335 ὑπερϐήσεται·
1348 303 1395 328 καὶ
1405 301 1447 327 ὄτι
1462 301 1523 327 οὐδὲ
1531 297 1649 329 κωλύσει
1667 303 1749 331 αὑτὸν
1766 313 1814 331 κα-

1027 346 1179 380 ταστρέψαι
1196 347 1246 382 τὴν
1266 346 1487 374 Θεοδοσιούπολιν
1500 348 1547 374 καὶ
1559 349 1593 375 τὰ
1609 349 1693 376 λοιπὰ
1707 350 1814 386 κάστρα

1026 391 1080 417 τῶν
1094 391 1211 426 ἐχθρῶν,
1228 391 1279 418 κᾶν
1293 400 1322 418 τε
1335 392 1378 419 διὰ
1396 392 1443 419 τοῦ
1463 393 1546 420 αὑτοῦ
1566 395 1648 429 μόνου
1665 395 1814 431 πολιορκη-

1028 437 1165 472 θήσονται,
1182 437 1233 464 κᾶν
1253 446 1283 464 τε
1303 437 1339 464 δι’
1351 438 1433 464 αὐτοῦ
1456 438 1503 465 τοῦ
1524 440 1706 474 στρατοπέδου
1724 442 1813 476 ἡμῶν.

1028 482 1122 508 Ταῦτα
1147 483 1197 517 μὲν
1217 483 1252 509 τὰ
1268 483 1404 518 κεφάλαια
1420 484 1577 519 περιέχουσι
1592 485 1626 512 τὰ
1649 487 1814 521 χρυσοὸούλ-

1027 527 1083 559 λια,
1098 528 1127 560 ἐξ
1137 526 1173 555 ὧν
1192 529 1321 564 οὐδεμίαν
1334 528 1460 564 βοήθειαν
1484 531 1498 556 6
1515 531 1723 567 κουροπαλάτης
1734 531 1811 571 ’ἔχει’

1025 573 1056 600 τδ
1071 574 1120 609 μὲν
1149 575 1204 610 γὰρ
1218 574 1265 601 τοῦ
1283 574 1415 610 πενθεροῦ
1437 574 1517 610 ἡμῶν
1531 575 1695 612 διαγορεύει,
1717 578 1757 604 ὄτι
1780 578 1811 604 οὐ

1027 620 1255 655 παρασαλεύομεν
1273 619 1354 647 αὑτὸν
1384 620 1417 646 ὲκ
1440 620 1495 647 τῶν
1516 620 1640 647 παλαιῶν
1658 621 1739 657 ὁρίων
1760 622 1811 656 τῆς

1027 665 1120 701 χώρας
1148 666 1241 700 αὑτοῦ,
1258 667 1304 693 καὶ
1321 667 1361 693 ὅτι
1378 666 1425 693 ἐὰν
1446 666 1560 702 δυνηθῇ,
1576 667 1630 694 εἴτε
1658 669 1705 694 καὶ
1719 668 1809 703 μόνος,

1026 711 1081 737 εἴτε
1096 712 1144 738 καὶ
1160 712 1230 746 μετὰ
1249 711 1295 739 τοῦ
1318 713 1500 748 στρατοπέδου
1527 712 1617 748 ἡμῶν,
1634 713 1810 749 πολιορκήσει

1027 758 1074 784 καὶ
1091 758 1275 793 καταστρέψει
1289 759 1338 793 τὴν
1352 758 1583 792 Θεοδοσιούπολιν,
1607 759 1655 786 καὶ
1680 759 1715 785 τὰ
1729 759 1811 787 λοιπὰ

1027 804 1134 839 κάστρα
1145 804 1199 830 τῶν
1212 804 1317 840 ἐχθρῶν
1327 813 1334 820 ο
1351 805 1411 840 οὐχὶ
1424 805 1452 831 δὲ
1468 807 1614 840 κατασχεῖν
1630 805 1700 832 αὐτὰ
1712 806 1751 837 εἰς
1764 814 1808 832 τε-

1027 851 1103 877 λείαν
1118 850 1277 878 δεσποτείαν
1292 850 1340 877 καὶ
1354 851 1511 887 κυριότητα.
1525 851 1561 877 Τὸ
1574 851 1603 878 δὲ
1612 852 1660 887 τῆς
1675 851 1811 886 βασιλείας

993 882 1013 911 Β
1029 895 1106 930 ἡμῶν
1119 895 1253 931 περιέχει,
1275 895 1320 922 ἵνα
1334 882 1414 927 ὅσους
1431 882 1465 922 ἂν
1478 896 1576 928 τόπους
1590 882 1692 932 δυνηθῇ
1709 897 1754 923 καὶ
1766 882 1813 923 αὑζ

1027 941 1081 974 τὸς,
1098 942 1145 967 καὶ
1167 942 1181 967 ό
1204 941 1314 976 ἀνεψιὸς
1330 941 1413 968 αὑτοῦ
1436 943 1450 968 6
1467 943 1617 977 μάγιστρος
1648 943 1811 978 Ἀδρανασὴ,

1027 986 1056 1019 ἐξ
1073 987 1176 1018 οἰκείας
1197 986 1338 1021 δυνάμεως
1362 986 1547 1019 καθυποτάξαι
1563 988 1618 1015 τῶν
1641 988 1808 1023 Ἀγαρηνῶν,

1027 1033 1043 1068 ἢ
1064 1032 1117 1060 ἀπὸ
1135 1032 1183 1059 τοῦ
1204 1032 1250 1059 νῦν
1265 1032 1465 1066 καθυποτάξει,
1481 1034 1582 1070 κατέχῃ
1604 1034 1649 1061 ἐπὶ
1666 1034 1811 1071 δεσποτεία

1027 1079 1073 1105 καὶ
1098 1079 1253 1114 κυριότητι.
1269 1079 1324 1105 Καὶ
1348 1079 1409 1105 ἐπεὶ
1430 1079 1491 1106 οὔτε
1507 1078 1536 1111 ἐξ
1550 1080 1654 1111 οἰκείας
1670 1079 1812 1115 δυνάμεως

1026 1125 1076 1160 τὴν
1090 1124 1311 1151 Θεοδοσιούπολιν
1325 1124 1541 1160 κατεστρέψατο,
1553 1125 1615 1152 οὔτε
1627 1125 1658 1151 τὺ
1676 1125 1809 1159 ’Δόνίκον,

1027 1168 1088 1195 οὕτε
1102 1169 1132 1195 τὸ
1147 1169 1304 1202 Μαστάτον,
1319 1170 1369 1196 οὐκ
1392 1170 1494 1204 ὀφείλει
1516 1170 1602 1197 ταῦτα
1630 1172 1753 1206 κατέχειν
1771 1171 1808 1203 ὡς

1027 1215 1091 1242 ὄντα
1106 1214 1182 1243 ἔνθεν
1205 1215 1252 1242 τοῦ
1277 1215 1362 1251 Ἔραξ
1386 1216 1522 1250 ποταμοῦ,
1536 1217 1595 1252 ἦτοι
1618 1216 1665 1243 τοῦ
1679 1217 1807 1250 Φάσιδος·

1026 1262 1093 1288 διότι
1109 1262 1140 1288 τὺ
1157 1262 1212 1297 (87)
1235 1262 1284 1296 μὲν
1307 1262 1426 1298 κάστρον
1442 1262 1489 1289 τοῦ
1519 1263 1644 1290 Ἀὸνίκου
1666 1263 1746 1299 μέχρι
1763 1262 1810 1290 τοῦ

1025 1307 1073 1334 νῦν
1097 1304 1131 1342 ἦν
1154 1306 1326 1339 αὐτεξούσιον
1356 1307 1403 1333 καὶ
1421 1307 1633 1340 αὐτοδισποτον,
1656 1306 1716 1342 ἕχον
1747 1306 1811 1334 ἴδιον

1025 1350 1147 1386 ἀμηρᾶν,
1163 1351 1211 1378 καὶ
1228 1351 1360 1383 πολλάκις
1385 1352 1399 1378 ό
1422 1350 1485 1381 λαὸς
1503 1351 1554 1386 τῆς
1570 1351 1709 1387 βασιλείας
1731 1352 1809 1387 ἡμῶν

1025 1396 1203 1431 ὲπραίδευσεν
1236 1396 1319 1423 αὐτό·
1349 1395 1417 1423 ἀλλὰ
1442 1397 1489 1423 καὶ
1523 1398 1536 1423 ό
1566 1397 1810 1432 πρωτοσπαθάριος

1032 1442 1158 1478 Ἰωάννης
1176 1443 1224 1470 καὶ
1243 1443 1395 1478 στρατηγὸς
1411 1444 1424 1470 ό
1446 1442 1651 1480 Ἀῤῥαὸονίτης,
1668 1445 1738 1471 καὶὸ
1754 1453 1808 1470 πα-

1024 1489 1131 1523 τρίκιος
1153 1488 1282 1522 Θεόφιλος
1299 1489 1346 1515 καὶ
1362 1488 1462 1523 ἀρτίως
1484 1489 1635 1524 στρατηγὸς
1652 1488 1808 1515 Θεοδοσιου-

1025 1534 1140 1566 πόλεως,
1161 1534 1241 1560 καὶοὶ
1257 1533 1344 1560 λοιποὶ
1372 1534 1533 1569 στρατηγοὶ,
1548 1533 1669 1569 μεγάλην
1694 1534 1809 1569 πραῖδαν

1025 1583 1070 1608 καὶ
1087 1580 1330 1615 αἰχμαλωσίανιεῑς
1343 1580 1408 1606 αὐτὸ
1422 1580 1595 1615 εἰργάσαντο,
1617 1580 1810 1607 κατακαύσαν-

1024 1635 1070 1658 τες
1092 1626 1127 1653 τὰ
1150 1626 1238 1661 χωρία
1262 1626 1345 1653 αὐτοῦ
1375 1626 1509 1661 μηδέποτε
1533 1626 1580 1653 τοῦ
1604 1626 1808 1662 κουροπαλάτου

1025 1673 1237 1708 πραιδεύσαντος
1246 1673 1322 1699 αὑτό.
1340 1671 1394 1698 Καὶ
1407 1672 1488 1707 ἡνίκα
1502 1673 1690 1708 ⁴ὴφανίσθηειαν
1700 1673 1733 1700 τὰ
1745 1673 1808 1699 τού-

1024 1728 1071 1746 του
1087 1721 1175 1755 χωρία
1190 1719 1264 1754 παρὰ
1276 1720 1325 1754 τῆς
1343 1718 1482 1754 βασιλείας
1498 1719 1588 1755 ἡμῶν,
1607 1720 1770 1755 ὑπεισῆλοον
1784 1720 1809 1746 oi.

1026 1765 1146 1800 ’ἰσηρες,
1169 1765 1216 1791 καὶ
1253 1765 1460 1800 κατεκράτησαν
1486 1765 1565 1797 αὐτὰ,
1587 1765 1751 1801 πειρώμενοι
1777 1766 1809 1792 ἐκ

1023 1810 1121 1837 τούτου
1140 1810 1170 1837 τὺ
1185 1810 1305 1846 κάστρον
1323 1812 1469 1847 κρατῆσαι.
1493 1811 1522 1838 '0
1539 1811 1567 1838 δὲ
1582 1812 1691 1847 ἁμηρᾶς
1710 1812 1809 1839 πολλά-

1024 1865 1067 1888 κις
1080 1857 1207 1891 μηνυθεὶς
1215 1856 1290 1892 παρὰ
1304 1857 1350 1884 τοῦ
1362 1858 1505 1893 πατρικίου
1514 1857 1642 1892 Θεοφίλου
1653 1858 1700 1885 καὶ
1708 1866 1808 1894 στρατ-

1024 1902 1103 1937 ηγοῦ,
1132 1902 1179 1929 καὶ
1202 1902 1264 1929 ἰδὼν
1279 1903 1319 1929 ὅτι
1334 1903 1460 1938 οὐδαμῶς
1475 1903 1531 1938 ἔχει
1548 1903 1642 1929 ἐλπίδα
1651 1902 1734 1938 ζωῆς,
1757 1904 1810 1930 ὑπ-

1024 1948 1121 1983 ετάγη,
1143 1949 1190 1975 καὶ
1201 1949 1348 1975 κατένευσε
1363 1949 1455 1981 δοῦλος
1471 1949 1597 1983 γενέσθαι
1611 1950 1659 1984 τῆς
1673 1950 1810 1984 βασιλείας

1022 1995 1101 2031 ἡμῶν
1112 1995 1179 2031 (88),
1193 1995 1255 2027 δοὺς
1272 1995 1317 2021 τὸν
1330 1995 1389 2022 υἱὸν
1400 1995 1483 2022 αὑτοῦ
1497 1995 1587 2030 όψιδα.
1608 1995 1645 2022 T6
1656 1995 1684 2022 δὲ
1695 1996 1807 2023 Μαστά-

1022 2050 1068 2068 τον
1088 2042 1196 2076 ὑπῆρχε
1222 2041 1277 2067 τῶν
1308 2041 1586 2068 Θεοδοσιουπολιτῶν·
1615 2042 1663 2068 καὶ
1684 2041 1764 2076 ἡνίκα
1793 2042 1807 2068 ό

1024 2088 1311 2123 μάγιστροςΊωάννης
1330 2087 1509 2122 ἐπολιόρκησε
1525 2088 1575 2123 τὴν
1590 2087 1807 2114 Θεοδοσιούπολιν

1023 2134 1093 2159 ἑπτὰ
1110 2133 1208 2168 μῆνας,
1222 2133 1266 2159 διὰ
1280 2133 1311 2159 τδ
1330 2133 1367 2167 μὴ
1384 2133 1514 2160 δύνασθαι
1530 2133 1700 2168 παραλαϐεῖν
1712 2133 1807 2169 αὐτὴν,

1022 2178 1253 2209 ἀποστείλαςλαδν
1263 2178 1402 2214 παρέλαὸε
1413 2178 1444 2205 τὸ
1455 2179 1646 2213 αὺτὺκίστρον
1654 2179 1684 2206 τὸ
1699 2180 1810 2206 hiand-

985 2221 1007 2248 Ι)
1024 2233 1084 2252 τον·
1099 2224 1147 2251 καὶ
1164 2224 1312 2259 εἰσήγαγεν
1345 2225 1373 2251 ἐν
1393 2225 1467 2261 αὐτῷ
1487 2226 1531 2252 τὸν
1563 2226 1810 2261 πρωτοσπαθάριον

180 2260 327 2295 Πετρωνᾶν
338 2261 383 2288 τὸν
392 2262 557 2305 Βόῑλανητδν
570 2265 631 2291 τότε
646 2265 711 2293 ὄντα
737 2270 885 2297 κατεπάνω
909 2271 1094 2305 Νικοπόλεως.
1116 2273 1146 2300 '0
1164 2273 1193 2300 δὲ
1230 2274 1379 2309 μάγιστρος
1398 2274 1572 2309 Παγκράτιος
1588 2260 1810 2307 γσυνταξιδεύσας

180 2308 217 2343 τῷ
233 2308 307 2342 αὑτῷ
326 2309 468 2345 μαγίστρῳ
486 2302 515 2338 ἐν
530 2312 760 2349 Θεοδοσιουπόλει,
777 2318 857 2352 ἡνίκα
882 2320 994 2355 ἔμελλεν
1004 2302 1165 2358 ἀναχωρεῖν,
1179 2302 1367 2358 παρεκάλεσεν
1379 2323 1424 2350 ἴνα
1451 2302 1524 2361 διέσῃ
1558 2324 1634 2359 αὐτῷ
1660 2324 1691 2350 τὺ
1722 2324 1808 2351 τοιοῦ-

180 2364 226 2382 τον
240 2356 368 2391 κάστρον,
392 2359 511 2393 ποιήσας
529 2359 671 2395 ίγγραφον
696 2363 776 2398 ὅρκον
791 2367 859 2401 πρὸς
873 2368 954 2395 αὐτὸν
986 2370 1032 2397 τοῦ
1050 2356 1209 2406 ἐπικρατεῖν
1221 2356 1304 2403 αὐτὸ,
1331 2372 1379 2398 καὶ
1400 2372 1535 2407 μηδέποτε
1554 2373 1633 2400 τοῦτο
1646 2374 1702 2405 τοῖς
1720 2374 1810 2409 Σαρα-

180 2403 273 2437 κηνοίς
284 2403 432 2431 ἐπιδοῦναι.
449 2407 503 2433 Καὶ
511 2407 555 2433 διὰ
564 2408 594 2434 τὸ
609 2407 680 2437 εἷναι
694 2411 775 2438 αὑτὸν
787 2414 833 2440 καὶ
844 2415 1005 2450 Χριστιανὸν
1021 2418 1068 2444 καὶ
1082 2403 1175 2444 δοθλον
1187 2418 1235 2452 τῆς
1250 2418 1390 2453 βασιλείας
1400 2403 1492 2454 ἡμῶν.
1507 2419 1657 2451 πιστεύσας
1675 2419 1714 2454 τῷ
1733 2403 1809 2455 δέκφ

180 2450 264 2476 αὑτοῦ
280 2450 396 2479 δέδωκεν
420 2453 486 2480 αὐτὸ
494 2455 533 2490 τῷ
546 2456 684 2493 εἰρημένῳ
707 2460 889 2497 Παγκρατίῳ·
905 2463 919 2489 ὁ
933 2464 961 2491 δὲ
978 2464 1060 2491 πάλιν
1079 2450 1266 2501 ἁπεχαρίσατο
1291 2466 1358 2493 αὐτὸ
1386 2450 1441 2497 rei;
1463 2450 1734 2499 Θεοδοσιουπολίταις.
1750 2450 1809 2494 λίαὶ

179 2495 261 2531 ἡνίκα
270 2497 432 2534 παρελήφθη
447 2501 463 2535 ἡ
476 2495 914 2541 Θεοδοσιούπολις,ὑπεισελοόντες
926 2511 949 2536 οὶ
963 2510 1072 2546 Ἴϐηρες
1085 2495 1243 2547 ἐκράτησαν
1256 2512 1334 2539 αὐτό·
1362 2495 1438 2539 διότι.
1454 2512 1516 2540 οὔτε
1534 2513 1580 2540 τοῦ
1612 2513 1733 2541 τοιούτου
1758 2515 1808 2541 κά-

181 2551 262 2578 στρου
290 2544 336 2570 τοῦ
356 2546 514 2582 Μαστάτου,
528 2549 590 2576 οὔτε
607 2551 654 2577 τοῦ
689 2552 814 2580 Ἀὅνίκου
837 2555 946 2590 ἔχουσιν
963 2544 1088 2590 ἐξουσίαν
1120 2544 1270 2593 ἐπιζητεῖν.
1290 2559 1360 2586 Ἀλλ’
1373 2559 1467 2595 ἐπειδὴ
1491 2561 1506 2587 ό
1540 2559 1748 2595 κουροπαλάτης
1762 2569 1807 2586 πι-

180 2588 242 2620 στὸς
267 2589 314 2616 καὶ
334 2591 414 2626 όρθὸς
434 2593 526 2627 δοῦλος
541 2596 588 2622 καὶ
601 2597 675 2631 φίλος
692 2599 770 2634 ἡμῶν
783 2588 913 2634 ὲστιίδιὰ
925 2588 1069 2638 «mea-cos
1083 2588 1266 2640 παράκλησιν,
1281 2606 1324 2633 ἴνα
1335 2606 1446 2642 γένηται
1462 2588 1577 2642 ¹σύνορον
1588 2588 1636 2643 τῆς
1648 2608 1783 2642 Φασισνῆς
1792 2607 1808 2634 ὁ

179 2635 327 2670 ποταμὺςό
341 2637 438 2674 Ἔραξ,
449 2639 507 2674 ἦτοι
518 2640 532 2666 ὸ
544 2641 645 2674 Φάσις⁶
656 2644 704 2670 καὶ⁴
720 2645 754 2672 τὰ
771 2647 819 2681 μὲν
831 2635 964 2683 ἀριστερᾶ
984 2650 1055 2685 μέρη
1072 2652 1107 2677 τὰ
1125 2635 1195 2687 πρὸς
1205 2635 1264 2688 τὴν.
1284 2635 1418 2688 Ἰλλυρίάν
1436 2635 1590 2688 κατέχωσιν
1615 2635 1651 2679 ,οἱ
1685 2635 1805 2688 Ἰὸηριεςι

178 2682 213 2709 τὰ
223 2683 251 2710 δὲ
277 2684 352 2718 δεξιὰ
368 2686 419 2714 ὅσα
434 2688 488 2714 εἰσὶ
512 2691 580 2723 πρὸς
600 2691 649 2726 τὴν
663 2682 894 2726 Θεοδοσιούπολιν,
910 2682 962 2722 κάν
984 2682 1133 2733 τείκάστρα
1224 2682 1253 2726 τε
1276 2682 1362 2735 χωρία
1378 2701 1458 2734 εἰσὶν,
1484 2682 1550 2728 ὦσιν
1568 2702 1620 2729 ὑπὸ
1649 2702 1698 2736 τὴν
1731 2701 1808 2737 βασι-

773 2751 922 2780 ANSELMI
935 2753 1099 2783 BANDURII
1115 2756 1230 2785 NOTAE.

285 2802 448 2850 ﬁicﬂignpps.
465 2808 569 2850 codice.
587 2809 732 2846 Pcrperam
754 2811 781 2839 in
795 2812 878 2840 editis
894 2813 1003 2849 legitur,
1017 2811 1057 2842 δῦ
1073 2824 1100 2844 τε
1119 2815 1159 2850 τό,
1177 2821 1229 2849 etc,

183 2873 185 2875 γ
213 2834 270 2870 (88)
285 2836 323 2864 ita
334 2846 367 2865 ex
385 2847 437 2869 ms.
453 2834 558 2873 codice:
