4046 6208
373 300 477 361 357
644 374 655 383 _
1409 298 1508 357 DE
1550 299 2195 359 ADMINISTRANDO
2238 299 2588 359 IMPERIO.
3537 308 3643 370 358

373 416 533 468 λείαν
567 413 752 484 ἡμῶν,
804 411 900 465 τοῦ
972 410 1220 481 ποταμοῦ
1286 411 1529 481 δηλονότι
1588 412 1814 479 σύνορον
1875 413 2200 481 ἀμφοτέρων
2233 411 2592 480 ὑπάρχοντος,
2629 410 2809 473 καθὼς
2843 415 2937 465 καὶ
2970 414 3078 477 ζῶν
3099 418 3126 469 6
3160 415 3430 485 μακάριος
3465 417 3647 469 nos...

378 524 476 576 νης
509 504 833 575 Κουρκούας
853 503 980 574 περὶ
1004 502 1195 556 τούτου
1230 501 1534 573 ἐρωτηθεὶς
1588 502 1771 566 ἐξεῖπε
1812 502 2089 571 συμφέρον
2117 497 2258 553 εἶναι
2286 500 2377 553 τὸν
2403 501 2649 569 ποταμὸν
2675 501 2917 571 σύνορον.
2973 503 3046 554 Τὸ
3107 505 3204 573 μὲν
3262 506 3371 574 γὰρ
3420 507 3649 575 ἀκριϐὲς

381 596 597 650 δίκαιον
632 595 889 665 οὐδεμίαν
909 592 1158 657 ἐξουσίαν
1184 586 1415 663 παρέχει
1446 593 1523 663 τῷ
1555 595 1964 664 κουροπαλάτῃ,
2006 593 2118 644 εἶτε
2153 594 2234 654 είς
2264 591 2336 643 τὰ
2382 591 2535 644 ἐνθεν
2562 592 2656 644 τοῦ
2688 593 2957 662 ποταμοῦ,
2995 596 3104 647 εἴτε
3138 598 3218 659 είς
3286 599 3354 649 τὰ
3435 601 3647 651 ἐκεῖθεν

379 689 743 756 διακράτησιν
780 686 925 755 ἔχειν
952 701 965 714 ⁸
1019 684 1155 738 διότι
1187 685 1257 738 τὰ
1307 684 1535 738 τοιαῦτα
1571 687 1752 739 πάντα
1782 687 1959 755 χωρία
2035 687 2145 739 τῶν
2215 684 2740 737 Θεοδοσιουπολιτών
2765 687 2832 737 τὰ
2854 688 3241 756 στρατεύματα
3258 690 3355 756 τῆς
3375 688 3646 759 βασιλεῗας

381 782 545 849 ἡμῶν
577 778 985 850 ᾐχμαλώτισαν,
1020 779 1117 830 καὶ
1146 778 1562 848 ἐπυρπόλησαν,
1593 780 1687 832 καὶ
1702 778 1962 832 οὐδέποτε
1999 780 2171 849 χωρὶς
2201 778 2473 848 ἡμετέρου
2504 777 2636 831 λαοῦ
2663 777 2880 848 Ἴϐηρες
2905 779 3129 846 ἐξῆλθον
3195 782 3289 833 καὶ
3359 785 3650 850 ἑπραίδευ-

387 883 487 920 σαν
520 866 983 933 Θεοδσσιούπολιν,
1034 867 1153 920 ἀλλ’
1190 867 1280 920 ἀεὶ
1310 868 1505 934 φίλους
1538 863 1685 938 εἶχον
1728 869 1946 932 αὐτοὺς,
1992 872 2085 923 καὶ
2104 870 2589 940 ὲπραγματεύοντο
2618 872 2735 939 μετ’
2761 872 2941 924 αὐτῶν
2966 887 2979 900 '
3011 874 3106 925 καὶ
3129 874 3208 943 τῷ
3268 876 3367 942 μὲν
3416 878 3649 946 στόματι

386 964 575 1035 ἡθελον
599 964 938 1035 πορθηθῆναι
965 963 1067 1033 τὴν
1095 963 1564 1030 Θεσδοσιούπολιν,
1604 967 1671 1035 τῇ
1712 964 1770 1017 δὲ
1838 964 2039 1037 καρδίᾳ
2101 964 2356 1034 οὐδαμῶς
2417 965 2705 1017 ἐϐούλοντο
2771 966 3198 1037 παραληφθῆναι
3234 970 3428 1039 αὐτήν.
3511 971 3651 1024 Ἀλλ’

388 1060 420 1125 ἡ
450 1056 690 1125 βασιλεία
720 1056 900 1126 ἡμῶν,
928 1055 1004 1118 ὡς
1034 1054 1271 1127 εἴρηται,
1295 1056 1383 1111 διὰ
1412 1058 1511 1125 τὴν
1534 1058 1673 1127 πρὸς
1735 1059 1825 1108 16v
1874 1056 2290 1128 κουροπαλάτην
2359 1058 2605 1125 ἀγάπην,
2669 1057 2903 1130 ἠθέλησε
2949 1060 3204 1126 γενέσθαι
3249 1062 3340 1113 τὸν
3411 1064 3653 1130 ποταμὸν

386 1150 475 1201 τὸν
508 1146 697 1216 Ἔραξ,
726 1148 845 1217 ἦτοι
875 1147 970 1199 τὸν
998 1148 1166 1200 Φᾶσιν
1196 1148 1329 1216 (89),
1356 1148 1583 1217 σύνορον
1606 1148 1955 1220 ἀμφοτέρων,
1992 1150 2089 1203 καὶ
2135 1148 2443 1217 ὀφείλουσιν
2472 1149 2757 1218 ἀρκεῖσθαι
2786 1152 2866 1212 είς
2933 1151 3033 1221 τὴν
3087 1152 3350 1222 τοιαύτην
3425 1155 3652 1225 διακρα-

383 1255 558 1308 τησιν,
588 1238 682 1291 καὶ
714 1237 883 1308 μηδὲν
913 1238 1079 1290 πλέον
1109 1239 1415 1306 ἐπιζητεῖν.

950 1328 1206 1382 ΚΕΦΑΛ.
1244 1328 1397 1394 Μεῖν.

384 1419 526 1488 Περὶ
585 1418 698 1487 τῆς
746 1421 1134 1488 γενεαλογίας
1192 1419 1310 1472 τῶν
1377 1421 1636 1487 Ἰϐήρων,
1694 1423 1793 1476 καί
1856 1422 1964 1476 τοῦ

786 1489 1054 1555 κάστρου
1101 1488 1571 1556 Ἀδρανουτζῒου.

474 1582 672 1634 ’ἰστέον
718 1580 799 1632 ὅτι
841 1580 869 1631 6
907 1580 1254 1650 ιΙαγκράτιος
1281 1620 1296 1644 ,
1350 1580 1445 1633 καὶ
1482 1580 1511 1632 6
1561 1579 1746 1646 Δαϐὶδ,
1800 1580 1892 1635 καὶ
1938 1582 1968 1633 6

381 1672 710 1741 Μάμπαλις,
736 1670 764 1722 6
797 1669 1164 1740 ἑρμηνεύεται
1216 1668 1527 1738 πανάγίος,
1571 1671 1819 1741 ὑπῆρχον
1856 1671 1965 1724 υἱοὶ

380 1767 475 1820 τοῦ
512 1764 745 1834 μεγάλου
772 1762 1077 1831 Συμϐατίου
1130 1761 1225 1816 τοῦ
1254 1762 1492 1834 Ἴϐηρος.
1536 1765 1645 1817 Καὶ
1683 1763 1843 1834 ἔλαχε
1901 1762 1963 1816 16

398 1855 757 1926 Ἀδρανούτζη
799 1855 880 1918 είς
917 1853 1285 1925 κληρονομίαν
1332 1855 1410 1923 τῷ
1468 1853 1839 1925 Παγκρατίῳ·
1880 1853 1959 1925 τῷ

386 1949 442 2002 δὲ
466 1947 631 2000 Δαϐὶδ
649 1946 841 2017 ἔλαχεν
862 1945 1022 2016 ἑτέρα
1043 1945 1195 2014 χώρα
1217 1943 1448 2015 (90-91).
1464 1945 1524 1998 '0
1541 1946 1597 1998 δὲ
1622 1945 1965 2016 Παγκράτιος

389 2041 641 2113 εποίησεν
676 2040 826 2100 υἱοὺς
858 2041 1031 2107 τρεῖς,
1075 2037 1166 2089 τὸν
1204 2036 1561 2105 Ἀδρανασὲρ,
1600 2037 1690 2088 16v
1723 2038 1965 2105 Κουρκέ-

391 2145 525 2191 νιον,
556 2128 651 2179 καὶ
705 2128 797 2178 16v
850 2126 1134 2197 πατρίκιον
1177 2123 1455 2187 Ἀσώτιον,
1491 2125 1583 2179 τὸν
1616 2126 1708 2178 καὶ
1755 2127 1965 2178 Κισκά-

394 2235 515 2287 σην,
549 2218 645 2271 καὶ
690 2216 1002 2287 διεμέρισεν
1045 2216 1231 2279 αὐτοῖς
1266 2216 1367 2286 τὴν
1408 2217 1592 2286 χώραν
1634 2215 1835 2269 αὐτοῦ’
1873 2217 1967 2270 καὶ

389 2305 550 2374 ἔλαχε
607 2306 669 2358 16
711 2304 1073 2375 Ἀδρανούτζη
1130 2304 1209 2374 τῷ
1263 2304 1364 2374 υἱῷ
1410 2304 1574 2358 αὑτοῦ
1624 2306 1963 2375 Κουρκενίῳ,

387 2393 643 2447 κάκείνου
701 2393 1130 2465 τελευτήσαντος
1183 2394 1433 2461 ἀτέκνου,
1480 2396 1662 2449 εἴασεν
1705 2396 1837 2448 αὐτὸ
1888 2396 1967 2466 τῷ

386 2483 605 2553 ἀδελφῷ
634 2483 801 2537 αὑτοῦ
846 2485 1092 2553 Ἀσωτίῳ
1122 2485 1199 2554 τῷ
1227 2486 1322 2539 καὶ
1353 2487 1627 2558 Κισκάσῃο
1675 2487 1703 2538 6
1750 2486 1807 2538 δὲ
1856 2504 1964 2539 πα-

279 2578 298 2597 ⁶
385 2576 596 2647 τρίκιος
640 2574 895 2638 ’Δσώτιος
920 2576 948 2627 6
974 2576 1069 2629 καὶ
1088 2576 1375 2648 Κισκάσης
1403 2577 1578 2648 ἐπῆρε
1597 2576 1849 2648 γαμϐρὸν
1881 2580 1962 2642 εἰς

2629 1328 2859 1384 CAPUT
2902 1328 3084 1385 XLVI.

2129 1421 2203 1473 Ile
2238 1421 2448 1474 Iberum
2476 1423 2809 1492 genealogia,
2837 1434 2886 1476 et
2919 1424 2983 1476 de
3006 1426 3196 1494 oppido
3232 1428 3589 1483 Adranutzio.

2137 1574 2436 1631 Sciendum
2468 1585 2552 1631 est
2590 1579 2966 1644 Pancratium,
3002 1580 3286 1648 Davidem,
3325 1593 3380 1639 et
3411 1585 3654 1652 Matnpa-

2067 1662 2184 1729 lim,
2224 1667 2370 1734 quod
2399 1667 2803 1719 sanctissimum
2825 1669 3120 1739 signiﬁcat,
3149 1672 3291 1726 ﬁlios
3341 1674 3509 1728 fuisse
3541 1692 3655 1727 tira-

2064 1755 2155 1825 gni
2190 1755 2456 1827 Symbatii
2484 1756 2679 1812 lberis.
2722 1756 2789 1810 Et
2818 1756 3113 1813 Adranuze
3142 1761 3361 1829 quidem
3396 1764 3449 1815 in
3477 1763 3653 1818 barre-

2064 1847 2288 1902 ditatem
2320 1847 2616 1904 Pancratio
2663 1850 2904 1915 obvenit;
2934 1850 3123 1906 Davidi
3154 1862 3336 1907 autem
3373 1854 3544 1907 altera
3570 1871 3655 1909 re-

2069 1935 2514 2006 gio.Pancratius
2529 1952 2660 1992 vero
2675 1938 2864 2009 genuit
2885 1938 3656 2012 ﬁliostres,Adranaser,Cu.-.

2064 2027 2305 2091 cenium,
2335 2030 2655 2083 etAsotium
2689 2031 3003 2099 patricium,
3041 2034 3132 2103 qui
3193 2036 3359 2090 etiam
3394 2038 3654 2100 Ciscases

2068 2128 2418 2185 nuncupatur
2448 2137 2461 2173 :
2497 2119 2795 2189 divisitque
2830 2122 2967 2191 ipsis
3001 2132 3178 2180 terras
3202 2142 3353 2189 suas.
3387 2142 3439 2185 et
3468 2133 3648 2187 Adra-

2067 2214 2231 2259 nutze
2257 2207 2512 2262 Curcenii
2549 2210 2841 2268 luereditas
2871 2215 3009 2280 fuit;
3039 2219 3130 2285 qui
3167 2220 3288 2274 sine
3318 2221 3507 2277 Lberis
3528 2241 3651 2279 cum

2067 2298 2379 2363 decederet,
2428 2299 2585 2355 fratri
2613 2302 2827 2368 Asotio,
2855 2306 2948 2373 qui
2982 2314 3036 2361 et
3061 2307 3285 2366 Ciscase
3318 2310 3371 2365 id
3404 2314 3649 2383 reliquit.

2064 2388 2135 2441 At
2168 2390 2395 2446 Asotius
2425 2394 2717 2460 patricius,
2748 2394 2842 2463 qui
2874 2404 2927 2448 et
2957 2394 3230 2462 Ciscases,
3262 2416 3518 2469 generum
3548 2388 3653 2459 sibi

2065 2480 2261 2534 ascivit
2285 2480 2620 2537 Curcenium
2651 2485 2803 2539 illum
2838 2487 3184 2557 magistrum,
3219 2493 3311 2560 qui
3342 2494 3653 2561 principatu

2065 2583 2316 2641 accepto,
2352 2588 2549 2628 socero
2582 2574 2776 2630 Asotio
2814 2577 3134 2635 Adranutze
3174 2598 3268 2652 per
3290 2586 3397 2639 vim
3454 2587 3654 2648 ademit

387 2667 669 2737 θυγατέρα
710 2666 873 2720 αὑτοῦ
906 2666 998 2719 τὸν
1039 2667 1356 2739 Κουρκένην
1404 2669 1613 2720 ἐκεῖνον
1654 2668 1745 2722 τὸν
1794 2669 1958 2738 μάγι-

2076 2670 2116 2717 at
2133 2664 2605 2733 compensationis
2629 2667 2801 2722 vicem
2825 2668 2972 2723 dedit
2989 2668 3405 2741 Ty’rocastrum,
3425 2686 3651 2731 terram-

391 2776 574 2830 στρον,
598 2760 748 2822 ὅστις
785 2757 1149 2822 δυναστεύσας
1173 2760 1428 2829 ἀφείλετο
1465 2762 1529 2813 ὲκ
1569 2760 1665 2814 τοῦ
1703 2760 1966 2831 πενθεροῦ

390 2851 555 2905 αὑτοῦ
605 2850 864 2904 Ἀσωτίου
917 2851 978 2904 τὸ
1037 2851 1399 2922 Ἀδρανούτζη
1452 2852 1596 2906 κατὰ
1640 2854 1966 2922 τυραννίδα·

391 2944 485 2999 καὶ
534 2942 772 2997 δέδωκεν
804 2943 953 3014 αὐτῷ
999 2943 1080 3005 είς
1131 2945 1496 3014 ἀντισήκωσιν
1528 2945 1590 2997 16
1636 2961 1694 2997 τε
1725 2946 1969 3015 Τυρόκα-

394 3052 576 3107 στρον,
603 3035 696 3089 καὶ
731 3036 833 3105 τὴν
880 3034 1154 3104 ποταμίαν
1199 3034 1293 3087 τοῦ
1339 3034 1594 3105 Ἀτζαρὰ,
1653 3036 1751 3105 τὴν
1805 3033 1971 3090 οὖσαν

393 3127 616 3197 σύνορον
642 3126 739 3196 τῆς
772 3124 1083 3195 Ῥωμανίας
1116 3128 1195 3188 εἰς
1221 3125 1511 3197 Κώλωριν.
1548 3124 1675 3198 Εἶχε
1705 3128 1761 3182 δὲ
1783 3134 1972 3197 γυναῖ-

393 3233 466 3268 κα
513 3217 541 3267 ὁ
570 3215 860 3285 πατρίκιος
898 3214 1157 3278 Ἀσώτιος
1180 3218 1208 3268 6
1248 3216 1343 3269 καὶ
1376 3218 1661 3287 Κισκάσης
1692 3218 1789 3286 τὴν
1814 3220 1974 3272 ἀδελ-

394 3306 501 3377 φὴν
523 3306 615 3359 τοῦ
645 3305 947 3376 μαγίστρου
987 3305 1260 3376 Γεωργίου
1297 3306 1391 3359 καὶ
1418 3304 1770 3370 ἑξουσιαστοῦ
1809 3310 1972 3362 Ἀϐα-

397 3400 576 3466 σγίας.
638 3399 747 3452 Καὶ
780 3398 868 3450 ὅτε
903 3399 1149 3465 ἐγένοντο
1176 3397 1297 3451 κατ’
1327 3398 1571 3469 ἀλλήλων
1628 3400 1657 3452 ὅ
1689 3418 1751 3454 τε
1806 3403 1973 3473 μὰγι-

396 3507 557 3561 στρος
608 3489 962 3559 Κουρκένιος,
994 3490 1087 3542 καὶ
1131 3492 1159 3543 6
1207 3490 1507 3562 μάγιστρος
1555 3491 1596 3543 Γ
1598 3492 1829 3562 εώργιος
1880 3495 1974 3549 καὶ

395 3584 747 3655 ἑξουσιαστὴς
785 3582 1101 3649 ’Λϐασγίας,
1134 3583 1223 3635 διὰ
1260 3583 1321 3635 τὸ
1367 3583 1831 3650 συναγωνίζεσθαι
1882 3588 1973 3639 τὸν

396 3677 685 3748 πατρίκιον
726 3675 994 3737 ’Δζώτιον
1020 3674 1114 3727 τοῦ
1154 3674 1500 3741 ὲξουσιαστοῦ
1541 3676 1855 3744 Ἀϐασγίας,
1882 3679 1975 3732 δυ-

398 3768 581 3839 νηθεὶς
612 3768 641 3819 6
674 3765 1008 3837 Κουρκένιος
1055 3766 1310 3835 ἀφείλετο
1356 3767 1450 3818 καὶ
1477 3765 1577 3837 τὴν
1608 3768 1975 3838 ἁντισήκωσιν

397 3862 464 3931 ἣν
491 3860 723 3913 δέδωκεν
753 3857 903 3927 αύτῷ
932 3857 1074 3926 ὑπὲρ
1101 3856 1197 3909 τοῦ
1235 3858 1672 3927 Ἀδρανουτζίου,
1695 3858 1791 3910 καὶ
1834 3860 1979 3911 ἐδίω-

401 3950 490 4014 ξεν
519 3949 705 4012 αὐτὸν,
739 3949 834 4000 καὶ
857 3946 1103 4016 ἀπῆλθεν
1135 3949 1216 4009 είς
1254 3946 1568 4014 Ἀϐασγίαν.
1605 3948 1977 4017 Τελευτήσαν-

398 4057 489 4105 1o;
519 4038 577 4091 δὲ
616 4036 713 4090 τοῦ
751 4035 1058 4107 μαγίστρου
1112 4033 1472 4103 Κουρκενίου,
1530 4032 1863 4102 κατελείφθη
1919 4034 1978 4085 τὸ

429 4130 776 4202 Αδρανούτζη
826 4132 892 4198 τῇ
937 4127 1161 4195 γυναικὶ
1210 4125 1375 4181 αὑτοῦ
1420 4128 1488 4197 τῇ
1552 4124 1646 4179 τοῦ
1689 4124 1977 4196 πατρικίευ

413 4221 671 4275 Ἀσωτίου
701 4219 795 4273 τοῦ
829 4218 1090 4288 Κισκάση
1126 4216 1474 4286 θυγατρὶ,ὡς
1499 4216 1763 4286 πατρικὸν
1784 4217 1975 4285 αὐτῆς.

404 4318 532 4370 Ὀτε
563 4317 619 4370 δὲ
640 4315 947 4386 διεμέριζον
996 4313 1094 4385 τὴν
1122 4312 1307 4384 χώραν
1338 4311 1433 4366 τοῦ
1461 4314 1766 4382 μαγίστρου
1802 4314 1981 4383 Κούρ-

402 4409 584 4462 κενίου
608 4406 725 4478 μεθ’
759 4405 960 4470 ὃπλων,
1014 4406 1043 4458 ὃ
1075 4422 1135 4458 τε
1180 4403 1437 4467 Ἀσὼτιος
1466 4408 1494 4457 6
1540 4404 1976 4476 κουροπαλὰτης,

403 4500 499 4552 καὶ
522 4501 551 4551 6
587 4499 887 4569 μὰγιστρος
906 4495 1180 4567 Γεώργιος
1196 4497 1224 4548 6
1252 4495 1613 4565 ὲξουσιαστὴς
1659 4497 1976 4564 Ἀϐασγίας.

402 4592 499 4645 καὶ
524 4593 553 4644 6
585 4593 886 4662 μάγιστρος
919 4588 1269 4659 Παγκράτιος
1291 4589 1320 4641 6
1353 4586 1583 4656 ἁδελφὸς
1611 4587 1705 4640 τοῦ
1735 4590 1981 4658 προρρη-

404 4683 589 4747 θέντος
638 4679 1087 4753 κουροπαλάτου,
1125 4675 1292 4750 ἦλθον
1344 4679 1425 4742 είς
1474 4677 1829 4749 συμϐίϐασιν,
1885 4678 1980 4730 καὶ

404 4775 612 4843 ἐπῆρεν
666 4772 901 4833 ἕκαστος
949 4768 1012 4822 τὸ
1038 4765 1337 4837 πλησιάζον
1381 4764 1549 4836 αὐτῷ.
1582 4765 1655 4817 Τὸ
1696 4765 1752 4818 δὲ
1794 4764 1983 4834 Ἀδρα-

405 4863 617 4928 νοῦτζιν
666 4860 965 4931 ἐπλησίαζε
996 4858 1077 4930 τῷ
1136 4857 1430 4929 Συμϐατίῳ
1460 4855 1540 4928 τῷ
1587 4856 1681 4910 τοῦ
1731 4857 1978 4926 προρρη-

407 4955 591 5020 θέντος
632 4953 798 5007 Δαϐἰδ
840 4951 977 5022 υἱῷ⁶
1022 4951 1146 5004 τότε
1179 4950 1493 5021 ἐκράτησαν
1526 4949 1725 5011 πάντες
1753 4947 1851 5018 τὴν
1882 4964 1983 5014 γυ-

408 5052 573 5102 καίκα
613 5048 707 5101 τοῦ
740 5048 1047 5116 μαγίστρου
1098 5042 1459 5114 Κουρκενίου,
1495 5042 1665 5111 ἧγουν
1691 5040 1791 5109 τὴν
1815 5038 1983 5105 θυγα-

406 5141 542 5210 τέρα
599 5138 706 5195 τοῦ,
745 5137 1038 5206 πατρικίου
1100 5132 1359 5187 ’Δσωτίου
1406 5132 1502 5185 τοῦ
1560 5132 1655 5184 καὶ
1702 5129 1979 5198 Κισκάση,

407 5231 684 5299 λέγοντες,
722 5231 806 5283 ὃτι
841 5229 913 5281 Σὺ
944 5227 1081 5296 γυνὴ
1115 5221 1251 5280 οὖσα
1297 5226 1358 5278 οὐ
1376 5224 1607 5295 δύνασαι
1658 5223 1881 5290 κρατεῖν
1923 5219 1983 5272 16

2071 2769 2200 2823 que,
2227 2770 2390 2824 quam
2414 2755 2611 2810 Atzara
2641 2757 2841 2813 ﬁumen
2870 2761 3044 2827 alluit,
3064 2764 3652 2836 conﬁnenmomanim,

2074 2848 2139 2899 ad
2165 2844 2413 2901 Colorin.
2450 2848 2598 2904 Uxor
2625 2858 2809 2906 autem
2842 2852 3035 2908 Asotio
3082 2856 3211 2912 huic
3238 2860 3493 2926 patricio,
3538 2863 3653 2917 sive

2071 2937 2316 3004 Ciscase,
2340 2954 2498 2996 soror
2523 2940 2622 2993 fuit
2639 2941 2854 3012 Georgii
2880 2945 3037 3016 126
3054 2949 3297 3016 magistri
3320 2963 3372 3005 et
3401 2953 3653 3020 Abasgite

2080 3032 2367 3101 principis.
2400 3031 2647 3101 Cumque
2679 3034 3017 3091 dissiderent
3059 3039 3202 3094 inter
3243 3056 3303 3095 se
3342 3042 3651 3100 Curcenius

2076 3122 2355 3189 magister,
2387 3134 2439 3175 et
2466 3122 2733 3193 Georgius
2756 3127 3081 3194 magisteret
3113 3130 3650 3205 Abasgizeprinceps,

2076 3208 2204 3275 quia
2235 3209 2411 3261 Asotii
2445 3211 2656 3278 patricii
2699 3213 2947 3298 partibus
2980 3212 3189 3271 faveret
3214 3221 3461 3290 Abasgiae
3499 3225 3649 3291 prin-

2076 3312 2222 3366 ceps,
2251 3301 2493 3367 potentia
2524 3317 2591 3356 ac
2625 3302 2832 3357 viribus
2861 3306 3191 3361 antecellens
3213 3307 3518 3367 Curcenius
3542 3315 3649 3367 eri-

2078 3390 2195 3455 puit
2223 3390 2387 3444 etiam
2425 3392 2571 3461 quod
2608 3408 2708 3463 pro
2741 3394 3084 3452 Adranutzio
3117 3398 3163 3452 ei
3199 3399 3446 3469 dederat,
3478 3419 3654 3474 expu-

2077 3480 2269 3551 litque,
2302 3494 2353 3538 et
2386 3483 2442 3539 in
2484 3486 2777 3557 Abasgiam
2823 3489 3101 3558 profectus
3132 3504 3235 3549 est.
3280 3493 3492 3552 Mortuo
3523 3514 3654 3552 vero

2075 3573 2350 3629 Curcenio
2384 3578 2648 3648 magistro
2680 3579 3073 3636 Adranutzium
3103 3584 3316 3654 accepit
3346 3602 3484 3641 uxor
3511 3588 3652 3657 ejus,

2077 3665 2250 3720 Asotii
2280 3669 2519 3736 patricii,
2554 3675 2669 3727 sive
2685 3671 2929 3737 Ciscase,
2962 3677 3066 3729 lilia
3092 3685 3353 3748 tanquam
3385 3682 3654 3749 patrimo-

2080 3757 2346 3811 nium.At
2374 3776 2496 3813 cum
2539 3762 2772 3817 Asotius
2826 3769 3192 3834 curopalates,
3231 3768 3495 3838 Georgius
3538 3789 3657 3825 ma-

2079 3846 2249 3916 gister
2282 3844 2537 3915 Abasgia’.
2584 3852 2860 3920 princeps,
2898 3866 2949 3907 et
2991 3856 3323 3911 Pancratius
3367 3863 3651 3929 magister,

2078 3936 2189 4005 jam
2220 3935 2349 3989 dicti
2405 3940 2733 4006 curopalatm
2766 3939 3449 4004 fratcr,Curceniiterram
3483 3952 3653 4004 armis

2082 4028 2416 4091 dividerent,
2468 4044 2526 4083 re
2580 4029 2721 4083 inter
2768 4047 2841 4097 se
2882 4033 3219 4102 composita,
3274 4039 3653 4108 unusquisque

2082 4120 2425 4191 propinquas
2474 4120 2577 4177 sibi
2629 4130 2813 4191 partes
2864 4123 3035 4193 cepit.
3082 4125 3476 4182 Adranutzium
3522 4147 3654 4185 vero

2084 4211 2372 4283 Symbatio
2420 4215 2784 4282 propinquum
2820 4224 2962 4277 erat,
3009 4214 3248 4279 Davidis,
3296 4232 3454 4286 quem
3492 4230 3650 4275 antea

2081 4304 2345 4368 diximus,
2386 4304 2496 4359 ﬁlio
2534 4320 2548 4357 :
2583 4305 2768 4375 itaque
2807 4321 3017 4372 omnes,
3037 4309 3431 4376 comprehensa
3463 4311 3657 4366 Curce-

2082 4398 2158 4450 nii
2186 4396 2433 4467 magistri
2462 4412 2653 4458 uxore,
2676 4398 2849 4452 Asotii
2877 4399 3117 4467 patricii,
3140 4401 3253 4453 sive
3275 4400 3494 4455 Ciscasc
3522 4403 3653 4466 ﬁlia,

2082 4489 2341 4545 dixerunt
2370 4491 2419 4545 ei
2453 4506 2467 4543 :
2505 4488 2608 4554 Tu,
2642 4505 2764 4544 cum
2799 4491 2993 4543 mulier
3024 4492 3122 4553 sis,
3150 4491 3351 4546 habere
3386 4494 3532 4547 illam
3565 4510 3655 4547 ur-

2082 4580 2203 4635 bem
2255 4596 2362 4634 non
2417 4589 2575 4649 potes
2630 4597 2644 4633 :
2694 4581 2954 4650 deditque
2993 4583 3040 4636 ei
3082 4582 3395 4652 Symbatius
3430 4600 3527 4652 pro
3564 4584 3654 4639 illa

2082 4686 2251 4740 pagos
2267 4671 2552 4740 quosdam.
2574 4680 2736 4742 atque
2770 4673 2842 4726 ita
2871 4672 3267 4728 Adranutzium
3290 4675 3403 4741 ipse
3420 4678 3653 4745 accepit.

2083 4762 2148 4814 Et
2177 4763 2388 4816 Iberum
2421 4762 2639 4831 quidem
2675 4762 2868 4816 borum
2891 4765 3144 4832 cognatio
3181 4766 3251 4817 ita
3288 4764 3468 4820 liabet.
3486 4765 3656 4820 Mater

2086 4851 2305 4906 Davidis
2319 4860 2370 4905 et
2394 4853 2671 4907 Adranase
2692 4856 3043 4922 cur0palatae,
3060 4855 3233 4923 patris
3257 4854 3431 4909 Asotii
3449 4856 3653 4924 pridem

2084 4944 2681 5013 curopalatae,duorum
2706 4943 2933 4999 fratrum
2970 4947 3093 5001 tiliae
3119 4954 3275 4999 erant
3313 4960 3407 4999 seu
3442 4954 3653 5013 neptes.

2087 5036 2401 5108 Symbatius
2430 5046 2612 5090 autem
2635 5036 2854 5090 Davidis
2873 5035 3013 5091 ﬁlius
3032 5051 3256 5091 uxorem
3286 5036 3474 5088 habuit
3491 5035 3655 5089 ﬁliam

2086 5128 2359 5183 Pancratii
2403 5128 2670 5197 magistri,
2694 5127 2786 5197 qui
2812 5136 2964 5197 pater
2984 5128 3267 5181 Adranase
3300 5127 3509 5196 pridem
3539 5142 3656 5179 ma-

2086 5222 2240 5291 gistri
2269 5239 2282 5286 ;
2329 5234 2503 5289 eaque
2542 5219 2823 5281 defuncta,
2863 5219 3145 5273 Adranase
3168 5232 3410 5271 sororem
3444 5217 3658 5284 accepit

408 5325 667 5393 κάστρον.
696 5321 830 5374 Τότε
870 5319 1101 5372 δέδωκεν
1132 5319 1161 5370 6
1189 5316 1499 5386 Συμϐάτιος
1531 5317 1611 5377 εἰς
1662 5313 1973 5382 συνάντησικ

2093 5308 2359 5379 Sytnbatii
2391 5307 2616 5363 Davidis
2650 5307 2770 5362 ﬁlii.
2794 5308 3187 5360 Adranutzium
3224 5322 3351 5360 vero
3389 5307 3656 5359 munitum

408 5416 504 5468 τοῦ
536 5415 777 5483 κάστρου
815 5411 991 5482 χωρία
1042 5413 1109 5480 τῇ
1154 5409 1399 5477 γυναικὶ,
1464 5406 1557 5459 καὶ
1581 5405 1875 5459 ἁνελάϐετο
1924 5405 1985 5456 16

412 5506 626 5560 τοιοῦτο
658 5507 896 5575 κάστρον
918 5503 979 5555 16
1012 5499 1417 5572 Ἀδρανοῦτζιν.
1460 5500 1657 5552 Ἱστέον
1689 5498 1827 5567 δτιή
1855 5514 1984 5564 συγ-

2093 5403 2250 5457 valde
2277 5410 2382 5467 est,
2419 5402 2689 5470 habetque
2717 5400 2917 5454 vallum
2950 5414 3208 5469 maguum
3245 5400 3421 5453 instar
3451 5412 3661 5466 magna:

2096 5494 2246 5548 urbis
2272 5511 2285 5545 :
2313 5501 2367 5547 et
2392 5492 2608 5560 negotia
2644 5491 3030 5561 Trapezuntis,
3060 5488 3267 5551 lberiae,
3304 5497 3357 5541 ct
3387 5489 3657 5559 Abasgiaa,

1536 5586 1539 5587 ν
1602 5591 1903 5646 ANSELMI
1958 5591 2284 5647 BANDURII
2339 5588 2567 5643 ΝΟΤίΕ.

487 5696 597 5764 (89)
631 5695 723 5750 Sic
744 5711 807 5749 ex
841 5710 942 5746 ms.
974 5692 1184 5745 codice.
1221 5690 1289 5745 At
1332 5689 1386 5745 in
1436 5689 1600 5764 editis
1654 5690 1741 5764 hic
1783 5690 1982 5764 legitur

412 5759 504 5821 τὸν
542 5759 717 5836 Ἱέραξ
751 5782 846 5836 pro
873 5764 1079 5835 Ἔραξ;
1109 5764 1203 5819 sed
1240 5776 1407 5831 supra
1443 5762 1646 5831 ubique
1680 5759 1873 5831 Ἔραξ.

2152 5688 2242 5749 (90
2280 5686 2367 5749 9t)
2403 5685 2638 5743 Ccnsoo,
2683 5684 2859 5756 inquit
2891 5682 3181 5756 Meursius,
3228 5682 3319 5741 bic
3360 5681 3663 5740 desiderari

2084 5774 2206 5828 qua-
2238 5757 2304 5810 dc
2336 5757 2653 5810 Inercditatc
2689 5754 2991 5825 Mampalis.
