2025 3108
142 147 186 177 εει

666 148 717 177 DE
734 146 1050 178 ADMINISTRANDO
1067 147 1238 177 IMPERIO.

1709 148 1761 181 362

143 195 805 236 χρηςίμους,οὖςἐπίστασαιεῖναιἠνδρειωμένους
818 200 865 226 καὶ
886 207 926 225 πι-

985 198 1030 226 iibi
1057 198 1217 233 magistrum
1241 198 1400 230 creandum,
1426 206 1513 233 caque
1533 200 1566 226 de
1593 207 1676 226 causa
1699 208 1761 227 eutn

144 246 226 276 στοὶος,
244 244 294 270 καὶ
309 243 415 270 εῐτελοε
430 244 476 270 καὶ
486 244 620 279 κράτησον
631 245 660 271 τδ
672 245 790 271 τοιοῦτον
798 246 925 279 κάστρον.

144 289 192 317 Τοῦ
209 289 238 315 δὲ
255 288 405 323 πατρικίου
422 288 601 320 Κώνσταντος
620 290 667 316 καὶ
681 290 860 325 δρουγγαρίου
880 290 927 316 τοῦ

145 335 262 368 πλωΐμου
285 333 451 364 ἀπελθόντος
473 334 501 360 ὲν
521 334 632 369 Χαλδίᾳ,
655 334 701 360 καὶ
726 334 928 369 ἀναλαΰομένου

145 379 317 414 τουρμάρχας
346 379 500 413 χρησίμους
524 378 572 405 καὶ
587 379 729 414 ἄρχοντας,
745 380 791 405 καὶ
807 380 869 406 λαὸν
884 380 929 413 μέ-

146 433 185 461 χρι
196 428 226 457 τ’,
244 423 372 458 εἰσῆλθεν
396 425 424 450 ἐν
446 424 562 460 Ἰϐηρίᾳ,
587 426 634 451 καὶ
649 425 799 460 ἐκράτησεν
820 426 900 452 αὐτὸν
915 427 929 452 ὁ

148 470 277 505 μακάριος
291 469 386 502 Δαόὶδ,
398 471 412 496 ὁ
424 470 538 504 ἀδελφὸς
554 471 681 497 Ἀσωτίου
695 471 741 497 τοῦ
753 471 853 506 ἀρτίως
863 480 928 498 κου-

149 516 294 550 ροπαλάτου
307 535 315 547 ,
328 515 417 544 λέγων
434 515 501 550 πρὸς
513 516 593 542 αὐτόν
604 523 611 531 ·
623 516 677 542 Ποῦ
689 517 842 551 ἀπεστάλης
853 518 929 552 παρὰ

149 561 188 587 τοῦ
199 559 346 596 βασιλέως,
364 561 412 586 καὶ
427 560 486 587 τίνει⁵
501 560 622 588 δουλείαν
643 561 761 596 ὀφείλεις
776 563 927 596 ἐκτελέσαι,

151 607 184 634 ὃτι
191 606 318 634 τοσοῦτον
331 607 395 633 λαὸν
405 607 523 643 ἐπιφέρῃ
530 607 598 642 μετὰ
607 608 720 634 σεαυτοῦ
730 617 736 640 ς
752 608 929 636 Ἐσκέπτοντο

150 651 195 687 γὰρ
211 650 256 678 διὰ
271 651 352 677 τοῦτο
360 651 505 677 ἀποθανεῖν
525 652 681 687 Ἀδρανασὲ,
704 653 749 679 τὸν
765 654 811 680 καὶ
834 662 930 690 κουρο-

152 696 284 732 τιαλατην·
308 697 351 723 ὅτι
379 697 476 731 μήπως
491 698 513 731 ,ὁ
538 697 666 732 βασιλεὺς
692 699 736 725 τὸν
765 699 929 735 Κουρκένιον

150 741 236 778 ὀφείλῃ
261 742 379 777 τιμῆσαι
406 743 624 778 κουροπαλάτην,
642 745 736 780 ἐπειδὴ
752 745 804 772 ἀνὰ
828 746 930 780 μεταξὺ

151 787 174 813 οἱ
185 786 230 814 τοῦ
248 787 399 821 ’Δδρανασὲ
415 787 461 814 τοῦ
477 789 684 824 κουροπαλάτου
699 792 793 823 παῖδες
814 792 862 819 τοῦ
878 801 930 818 πα-

151 833 210 869 τρὶς
233 833 324 860 αὑτῶν
341 833 551 869 τελευτήσαντος
573 835 740 869 φιλονεικίας
757 838 833 869 τινὰς
851 838 929 872 ἔσχον

155 867 220 913 ttat
230 879 280 906 τοῦ
306 867 453 915 ἰξαδέλφον
481 867 585 914 αὑτῶνξ
596 882 640 909 διὰ
657 882 687 909 τδ
700 867 747 909 καὶ
761 884 806 909 τὸν
820 867 929 918 πρῶτον
946 867 967 896 Β

153 924 292 960 ἄνθρωπον
315 926 475 953 ἀποστεῖλαι
489 928 558 962 μετὰ
585 928 704 962 μεγάλου
728 930 870 956 κανισκίου
885 930 930 956 τὸν

152 971 314 1006 Κουρκινιον
329 972 398 1007 πρὸς
413 973 458 999 τὸν
474 973 598 1008 βασιλέα,
614 975 804 1010 ἐξαιτούμενον
821 977 851 1003 τὸ
867 986 931 1004 κου-

155 1017 337 1051 ροκκαλατίκιν,
353 1017 370 1053 ἢ
386 1018 417 1045 τὸ
433 1020 629 1055 μαγιστράτον,
647 1021 781 1048 ὑπέλαϐον
797 1023 821 1048 οἱ
835 1023 932 1049 τέσσα-

161 1069 199 1096 ρες
210 1062 332 1098 ἀδελφοὶ,
352 1064 436 1099 ἧγουν
455 1065 501 1091 τοῦ
525 1066 673 1101 ’Λδρανασὲ
696 1068 742 1094 τοῦ
759 1069 931 1103 κουροπαλά-

157 1115 196 1134 τον
218 1109 242 1134 οί
267 1109 377 1142 παῖδες,
403 1110 444 1136 ὅτι
461 1109 506 1137 διὰ
523 1112 553 1138 τὸ
574 1112 686 1147 ποιῆσαι
703 1113 748 1139 τὸν
766 1115 932 1148 Κουρκένιον

155 1155 357 1190 imponam-rm
383 1155 534 1190 ἀπέρχεται
562 1158 661 1184 ἐκεῖσε.
683 1158 759 1192 ’0,δὲ
788 1161 932 1195 πατρίκιος

151 1198 274 1232 Κὼνστας
291 1201 494 1236 ἁπολογήσατο,
515 1203 556 1229 ὃτι
570 1204 618 1230 Διὰ
635 1203 664 1230 τὸ
681 1205 788 1239 μέλλειν
800 1215 835 1240 με
850 1206 932 1242 τιμῆ-

153 1252 194 1271 σαι
207 1245 252 1272 τὸν
275 1246 446 1282 Κουρκένιον
461 1248 613 1284 μὰγιστρον
639 1250 808 1286 ὲπιφέρομαι
830 1254 876 1278 καὶ
888 1253 933 1279 τὸν

151 1291 274 1319 τοσοῦτον
289 1292 355 1319 λαόν
367 1301 374 1309 ·
399 1294 446 1320 καὶ
469 1295 682 1331 ἁποχαιρετίσας
700 1298 789 1329 αὑτὸν,
809 1299 849 1324 ὅτι
880 1300 934 1326 ἀπ-

149 1336 263 1371 έρχομαι
271 1339 313 1370 εἰς
323 1338 370 1364 τδν
377 1339 461 1366 Δαόὶδ
469 1339 514 1366 τὸν
530 1341 678 1375 μάγισῖρον
688 1350 694 1356 ·
704 1341 761 1378 εἶχε
776 1343 804 1370 δὲ
816 1345 830 1370 ὁ
846 1345 930 1377 αὐτὸς

150 1382 292 1417 πατρίκιος
312 1383 443 1416 Κώνστας
460 1385 507 1411 καὶ
529 1386 597 1420 πρὸς
624 1387 670 1413 τὸν
696 1388 778 1414 Δαὸὶδ
808 1389 933 1417 κέλευσιν

147 1428 202 1454 ἀπὸ
217 1429 265 1455 τοῦ
291 1429 434 1464 βασιλέως.
461 1431 508 1457 καὶ
530 1431 613 1463 ξένια.
631 1433 684 1460 Καὶ
697 1434 860 1466 ἀπελθόντος
886 1435 933 1462 τοῦ

981 246 1058 270 tanto
1076 244 1206 270 comitatu
1225 244 1316 270 venire
1335 252 1341 269 ε
1361 247 1442 278 atque
1461 245 1495 272 ab
1513 245 1560 272 illo
1577 245 1763 273 discedentem

981 290 1081 316 iturum
1092 288 1123 315 ad
1135 288 1262 315 Davideln
1273 289 1431 324 magistrum
1440 299 1447 322 ;
1455 290 1555 325 quippe
1564 290 1765 318 laudatusCon-

980 338 1056 361 stans
1073 333 1203 368 patricius
1218 333 1334 360 habebat
1349 335 1429 361 etiam
1444 336 1477 363 ad
1493 335 1620 363 Davidem
1637 337 1765 364 mandata

979 379 1013 405 ab
1027 380 1202 413 imperatore,
1216 386 1247 405 ac
1263 386 1387 406 munera.
1401 378 1495 415 Itaque
1510 381 1606 409 abiens
1617 381 1651 408 ad
1664 382 1767 410 Curcc-

981 425 1055 451 nium
1071 424 1218 458 prmdictus
1237 424 1370 458 patricius
1382 425 1529 458 Constans,
1543 427 1666 461 magistri
1681 429 1767 455 Itono-

982 477 1036 497 rem
1048 469 1072 496 ei
1083 469 1198 496 contulit
1209 479 1214 496 :
1227 469 1422 504 ingressusque
1433 472 1539 504 patricii
1548 472 1648 505 Asotii,
1657 474 1713 501 sive
1722 475 1768 503 Ci-

980 523 1068 547 scase,
1076 515 1170 542 urbem
1180 515 1388 546 Adranutzium,
1397 516 1470 543 dedit
1482 517 1518 544 illi
1528 525 1587 551 quae
1598 519 1724 547 mandata
1733 521 1767 548 ab

980 562 1144 597 imperatore
1154 562 1235 597 128
1244 562 1369 593 habebat.
1381 563 1477 590 nonde
1488 563 1668 598 Adranutzio,
1676 567 1722 594 sed
1732 568 1767 595 de

981 608 1041 634 aliis
1049 607 1212 642 quibusdam
1225 607 1318 634 rebus.
1328 607 1399 634 Dixit
1408 612 1498 635 autem
1508 609 1532 635 ei
1541 610 1678 638 Constans
1688 613 1769 645 p..tri-

980 654 1039 680 eius
1050 661 1056 679 :
1066 653 1194 686 Quamvis
1203 653 1407 681 chdranutzio
1415 654 1522 689 quidem
1532 656 1600 683 nihil
1612 657 1768 685 mandatum

981 700 1033 726 hoc
1043 700 1193 732 contineat,
1207 704 1296 726 tamen
1309 699 1372 734 quia
1383 701 1504 735 Agapius
1517 703 1669 729 monachus
1683 703 1769 737 impc-

982 750 1098 772 ratorem
1113 745 1278 772 conveniens
1292 746 1385 772 retulit
1399 753 1429 772 ea
1444 754 1504 781 qum
1519 747 1543 773 ei
1557 747 1590 774 de
1601 747 1769 776 Adranutzio

981 791 1147 825 prarccpisti,
1165 790 1226 818 ideo
1243 799 1286 818 me
1303 792 1377 819 misit
1395 792 1433 819 uti
1454 792 1547 819 mbem
1564 795 1728 829 acciperem,
1742 801 1770 822 et

983 836 1042 866 hos.
1054 844 1124 870 quos
1138 835 1630 873 adduco.illiimponerem.Cumque,
1645 844 1674 867 ut
1688 846 1767 869 antea

982 881 1085 908 dictum
1100 885 1152 912 est,
1165 881 1235 908 inter
1249 882 1374 909 Asotium
1389 883 1614 917 patricium,sive
1624 885 1766 918 Ciseasen,

982 928 1095 962 ejusque
1112 934 1243 962 generum
1260 927 1422 954 Curccnimn
1441 929 1590 956 inimicitia:
1604 935 1707 962 essent,
1722 939 1770 958 ur-

982 972 1042 1000 bem
1055 979 1132 999 suam
1145 972 1302 1006 imperatori
1312 972 1376 1000 dare
1388 973 1493 1000 maluit.
1501 972 1623 1002 Habebat
1634 979 1724 1003 autem
1735 976 1768 1002 ad

982 1027 1093 1046 manum
1106 1019 1242 1046 Constans
1253 1020 1386 1054 patricius
1398 1019 1546 1054 “animula,
1556 1029 1642 1056 caque
1654 1024 1770 1057 patricio

983 1065 1088 1097 Asotio,
1096 1065 1154 1092 sive
1161 1063 1273 1092 Ciscase
1282 1064 1368 1098 dedil,
1377 1066 1422 1100 qui
1433 1074 1464 1093 ea
1475 1067 1613 1102 accipiens
1624 1073 1706 1095 conlo
1718 1071 1770 1096 cir-

983 1109 1183 1144 cumposuit,et
1192 1109 1333 1138 Constanti
1346 1112 1462 1146 patricio
1471 1112 1552 1144 dedit,
1563 1117 1592 1139 ut
1604 1114 1630 1140 in
1644 1114 1729 1141 muris
1737 1122 1769 1142 ca

983 1155 1140 1188 collocaret,
1150 1156 1221 1183 unde
1230 1157 1358 1184 omnibus
1368 1162 1507 1185 constaret
1517 1166 1548 1185 ex
1561 1159 1607 1186 illo
1617 1159 1660 1187 die
1671 1160 1766 1188 urbem

983 1201 1057 1228 illam
1070 1201 1103 1228 ad
1117 1201 1307 1236 imperatorem
1325 1203 1470 1237 pertinere.
1482 1203 1561 1236 Quod
1574 1205 1618 1232 ubi
1632 1205 1767 1234 Constans

984 1247 1117 1281 patricius
1128 1247 1240 1275 fecisset
1256 1247 1478 1284 ﬂammulamque
1492 1250 1518 1277 in
1530 1258 1608 1278 tnuro
1620 1252 1769 1286 posuisset,

985 1293 1227 1328 Romanorumque
1242 1295 1419 1329 imperatores
1429 1303 1479 1330 pro
1491 1304 1566 1324 more
1577 1296 1676 1326 faustis
1686 1299 1773 1326 accla-

986 1339 1156 1367 mationibus
1171 1344 1334 1374 prosecutus
1350 1344 1434 1373 esset,
1450 1342 1578 1369 omnibus
1593 1343 1711 1370 innotuit
1725 1352 1773 1379 pa-

987 1385 1096 1412 tricium
1118 1385 1255 1417 Asotium.
1276 1386 1335 1413 sive
1352 1386 1481 1414 Ciscaseu
1503 1387 1661 1422 imperatori
1677 1390 1771 1418 urbem

986 1431 1183 1458 Adranntzium
1205 1431 1332 1459 derrasse.
1353 1431 1465 1467 Magnus
1485 1441 1550 1461 vero
1570 1433 1654 1462 David
1670 1440 1771 1464 terram

149 1474 233 1501 αὐτοῦ
254 1475 402 1511 πατρικίου
421 1476 601 1510 Κώνσταντος
629 1480 669 1510 είς
698 1481 747 1515 τὴν
770 1481 862 1516 χώραν
886 1482 933 1508 τοῦ

988 1484 1065 1504 suam
1082 1476 1242 1511 imperatori
1257 1485 1310 1504 non
1329 1477 1421 1513 dabat,
1432 1479 1558 1514 quamvis
1571 1480 1685 1508 finitima
1699 1487 1772 1510 esset

147 1519 318 1555 Κουρκενίου
330 1521 460 1557 ἑτίμησεν
473 1522 554 1550 αὑτὸν
568 1524 719 1560 μάγιστρον
733 1533 739 1541 ο
754 1527 933 1562 καὶεὶσῆλθεν

147 1565 189 1596 εις
213 1566 244 1592 τδ
263 1565 383 1602 κάστρον
410 1567 458 1594 τοῦ
483 1569 629 1604 πατρικίου
652 1571 791 1603 ’Λσωτίου,
815 1573 864 1600 τοῦ
887 1574 935 1600 καὶ

147 1609 289 1646 Κισκάση,
309 1612 350 1643 είς
371 1611 402 1638 τὸ
426 1613 625 1647 ’Δδρανῡῡτζιν,
653 1616 701 1642 καὶ
725 1617 841 1644 δέδωκεν
860 1619 934 1654 αὐτῷ

147 1653 197 1690 τὴν
213 1655 285 1691 πρὸς
295 1655 377 1684 αὑτὸν
391 1657 438 1684 τοῦ
453 1657 587 1693 βασιλέως
605 1661 738 1693 κέλευσιν,
755 1663 785 1689 οὐ
807 1665 870 1699 περὶ
888 1665 934 1691 τοῦ

145 1701 270 1738 κὰστρου
291 1702 500 1738 Ἀδρανουτζίου
528 1707 710 1742 περιέχουαάν
732 1717 770 1740 τι,
786 1709 854 1736 ἀλλά
871 1710 935 1745 περὶ

147 1747 252 1784 ιτίρων
271 1749 438 1778 ὑποθέσεων,
456 1750 524 1777 Εἱπε
539 1752 568 1778 δὲ
585 1753 653 1785 πρὸς
667 1754 746 1780 αὐτὸν
759 1755 773 1780 ὁ
790 1756 934 1791 πατρίκιος

145 1792 294 1827 Κὼνστας,
319 1795 361 1822 ὄτι
381 1796 440 1823 Κᾶν
459 1797 541 1832 μὲνὴ
565 1798 688 1829 κέλευσις
716 1800 792 1826 οὐδὲν
814 1802 935 1837 περιέχει

146 1838 277 1875 περὶτοῦ
289 1841 410 1875 κὰστρου
432 1842 649 1878 Ἀδρινουτζίου,
659 1845 716 1871 ἀλλ’
728 1844 774 1872 οὖν
789 1847 836 1874 τοῦ
850 1856 934 1883 μονα-

143 1884 194 1920 χοῧ
215 1885 354 1920 ’Δγαπίου
374 1887 442 1922 πρὸς
471 1889 516 1914 τὸν
544 1888 657 1923 βασιλέα
685 1891 862 1924 εἰσελθόντος,
888 1893 935 1919 καὶ

143 1930 364 1966 ἁνᾱῗταίλαντος
377 1933 458 1960 αὐτὸν
467 1933 517 1960 ὅσα
529 1935 576 1961 καὶ
591 1936 782 1971 παρήγγειλας
790 1938 870 1964 αὑτὸν
879 1938 934 1972 (95)

143 1977 208 2012 περὶ
222 1972 278 2004 tofi
303 1978 424 2014 κάπρου
461 1979 680 2014 ’Δδρανουτζίου,
708 1981 752 2008 διὰ
779 1982 857 2009 τοῦτο
887 1983 936 2009 καὶ

143 2022 297 2050 iniussu
311 2031 345 2059 με
359 2024 434 2056 ὅπως
449 2025 599 2060 παραλάϐω
615 2027 646 2053 τὸ
657 2027 785 2063 κάστρον,
801 2029 847 2054 καὶ
863 2029 937 2059 εἰσα-

144 2067 226 2103 γάγω
241 2070 276 2096 ιν
294 2069 369 2105 αὐτῷ
383 2070 468 2106 ὅνπερ
489 2073 674 2108 περιφέρομαι
701 2073 774 2101 λαόν.
788 2074 844 2101 Καὶ
859 2076 936 2101 ἐπει-

142 2112 187 2149 δὴ.
218 2113 298 2143 καθὰ
326 2115 498 2152 προείρηται,
526 2115 599 2153 εἶχεν
622 2119 722 2155 ἔχθραν
750 2121 764 2146 ὸ
790 2121 935 2156 πατρίκιος

149 2158 287 2192 ’Δαὶιτιος
298 2162 314 2188 ὁ
328 2161 377 2188 καὶ
389 2161 531 2197 Κισκάειης
545 2164 614 2198 μιτὰ
630 2165 676 2191 τοῦ
702 2166 828 2202 γαμὸροῦ
852 2167 935 2193 αὑτοῦ

141 2204 190 2232 τοῦ
203 2205 369 2242 Κουρκένη,
385 2207 566 2244 προεθυμήθη
581 2209 709 2237 δοῦναιτδ
722 2212 840 2247 κάστρον
853 2212 936 2239 αὑτοῦ

142 2249 250 2284 μᾶλλον
274 2250 320 2278 τὸν
342 2251 464 2287 βασιλέα.
483 2254 512 2280 '0
527 2254 555 2280 δὲ
579 2256 724 2290 πατρίκιος
733 2256 864 2289 Κώνστας
879 2255 935 2294 εἶχε

143 2298 210 2333 παρ’
226 2297 324 2334 ἑαυτῷ
336 2298 490 2334 φλάμουλα.
513 2301 562 2327 καὶ
577 2301 723 2328 ἐπιδέδωκε
743 2302 781 2337 τῷ
799 2303 936 2338 πατρικίῳ

147 2340 283 2378 ’Δσωτίῳ
296 2341 335 2378 τῷ
348 2343 396 2370 καὶ
411 2344 538 2381 Κισκάσῃ
550 2353 557 2361 ·
572 2347 586 2372 ὁ
599 2346 627 2372 δὲ
639 2346 728 2373 λαὸὼν
744 2348 810 2374 αὺτὺ
824 2349 864 2380 εις
879 2357 937 2375 κον-

145 2383 246 2424 τάριον
259 2388 422 2424 περιίὸηκε,
440 2391 488 2416 καὶ
499 2391 645 2418 ιπιδέδωκε
663 2392 718 2426 (96)
739 2393 782 2429 τῷ.
801 2394 936 2429 πατρικίῳ

142 2431 312 2461 [Mensam
326 2434 423 2468 ιίπὼν,
443 2435 485 2462 ὅτι
500 2437 660 2472 Ἐπίετησον
669 2438 732 2465 αὐτὸ
746 2439 848 2465 ἄνωθεν
857 2440 895 2471 είς
906 2440 936 2467 τδ

139 2477 245 2511 τεῖχος,
257 2476 306 2504 ἵνα
318 2477 404 2512 γνῶσι
420 2479 522 2512 πάντες
548 2480 596 2506 τοῦ
623 2481 755 2515 βασιλέως
783 2480 852 2508 εἶναι
881 2483 935 2509 ἀπὸ

139 2521 192 2556 ἰῆς
206 2522 339 2558 οὴμιρσιί
348 2523 455 2560 ἡμέρας
466 2524 496 2551 τὸ
510 2525 630 2553 τοιοῦτον
646 2526 773 2560 κάστρον.
788 2527 841 2554 Καὶ
855 2526 935 2553 τοῦτο

139 2567 267 2603 ποιήσας
290 2568 305 2595 ὀ
331 2570 476 2606 πατρίκιος
505 2571 638 2604 Κώνστας
654 2571 722 2607 (9'1),
744 2572 791 2598 καὶ
808 2573 838 2599 τὸ
867 2573 936 2607 φλάο

137 2613 408 2650 μυυλονδπιστήσας
435 2616 540 2644 ἄνωθεν
563 2617 610 2645 τοῦ
622 2618 727 2654 τείχους
736 2618 801 2653 (98),
819 2619 936 2650 καὶτοὺς

988 1522 1234 1557 regioniAcampse
1249 1528 1276 1550 et
1293 1523 1569 1558 Murgnle.Constans
1580 1526 1672 1562 itaque
1689 1529 1773 1563 patri-

987 1569 1047 1596 cius
1064 1568 1143 1596 binas
1161 1570 1193 1597 ad
1211 1569 1390 1604 imperatores
1404 1571 1533 1606 epistolas
1552 1578 1647 1600 rcrum‘
1661 1581 1771 1601 suarum

988 1621 1145 1642 successum
1159 1614 1308 1643 referentes
1318 1616 1401 1648 misit,
1410 1624 1524 1652 quarum
1536 1626 1589 1645 una
1598 1619 1773 1649 churccnio

987 1666 1055 1692 erat,
1067 1668 1147 1696 quem
1163 1662 1324 1697 magistrum
1339 1669 1469 1696 creasset,
1480 1669 1506 1690 et
1519 1665 1657 1699 quomodo
1673 1666 1696 1694 is
1709 1674 1771 1694 eum

988 1706 1118 1734 honorem
1132 1707 1293 1743 accepisset,
1306 1708 1554 1745 imperatoremque
1569 1710 1668 1738 faustis
1681 1712 1772 1739 accla.

988 1752 1155 1781 mationibus
1171 1759 1334 1788 prosecutus
1347 1759 1421 1782 esset
1438 1763 1444 1780 :
1460 1755 1542 1783 altera
1557 1756 1591 1783 dc
1607 1757 1773 1784 Adranutzio

987 1798 1128 1830 narrabat,
1141 1803 1167 1825 et
1180 1798 1320 1833 quomodo
1333 1799 1399 1826 illud
1414 1799 1449 1827 ab
1463 1801 1558 1828 Azotio
1574 1802 1700 1836 patricio,
1715 1803 1774 1830 sire

987 1842 1096 1870 Ciscasc
1107 1844 1275 1878 accepisset;
1287 1852 1414 1879 magnum
1426 1846 1490 1873 item
1501 1847 1654 1879 dissidium.
1663 1855 1774 1883 magna.

988 1895 1042 1923 qua
1054 1888 1115 1915 odia
1131 1896 1259 1916 exercere
1274 1889 1345 1917 inter
1360 1898 1420 1918 sese
1435 1892 1558 1919 Asotium
1576 1894 1733 1928 patricium,
1747 1900 1775 1922 et

988 1941 1117 1968 generum
1127 1933 1187 1968 ejus
1196 1934 1357 1962 (Iurceniutn
1371 1937 1546 1971 magistrum:
1557 1938 1620 1965 item
1633 1943 1661 1966 ut
1674 1940 1773 1967 auxilia

991 1978 1111 2005 mitteret
1124 1978 1282 2012 imperator,
1293 1986 1353 2013 qua:
1364 1980 1424 2006 urbi
1435 1981 1459 2006 ei
1472 1981 1598 2015 praesidio
1610 1988 1719 2016 essent;
1729 1991 1775 2011 ve-

989 2024 1115 2058 niretque
1125 2031 1187 2051 cum
1201 2025 1243 2056 iis,
1253 2024 1276 2052 si
1290 2025 1347 2052 ﬁeri
1361 2029 1464 2060 posset,
1474 2026 1636 2055 Scholarum
1648 2028 1776 2057 domesti-

989 2078 1050 2098 cus.
1061 2070 1122 2097 llaec
1133 2077 1194 2097 cum
1205 2071 1327 2099 viderent
1337 2072 1436 2104 lberes,
1447 2073 1576 2108 magister
1585 2073 1737 2102 Curccnius
1748 2081 1775 2103 et

991 2116 1121 2151 magister
1131 2116 1215 2144 David
1226 2117 1314 2144 Asotii
1325 2118 1496 2153 Curopalata:
1511 2118 1603 2152 frater.
1615 2119 1774 2155 imperatori

991 2162 1160 2197 scripserunt
1169 2161 1243 2190 hunc
1251 2163 1278 2190 in
1288 2163 1410 2190 modum:
1422 2163 1449 2190 Si
1461 2164 1590 2198 majestas
1599 2169 1644 2192 tua
1656 2165 1707 2194 hoc
1718 2174 1776 2202 pero

990 2208 1120 2240 mittit,et
1130 2208 1157 2235 in
1169 2211 1270 2236 terram
1283 2213 1406 2236 nostram
1417 2209 1684 2245 veniat,obsequium
1694 2220 1775 2240 ontnc

990 2254 1147 2281 deserentes
1155 2262 1217 2281 cum
1225 2253 1371 2282 Saracenis
1380 2262 1429 2282 nos
1440 2254 1596 2290 jungemus,
1606 2257 1775 2294 quandoqui-

990 2299 1051 2327 dem
1064 2300 1154 2334 prarlia
1165 2307 1226 2327 cum
1235 2295 1366 2328 Romanis
1379 2308 1474 2336 gerere
1483 2301 1616 2337 cogimur,
1626 2306 1653 2330 et
1665 2310 1711 2338 per
1721 2304 1773 2331 vim

990 2345 1078 2372 coacti
1094 2349 1190 2372 contra
1202 2345 1410 2378 Adranutzium,
1425 2346 1540 2382 ejusque
1558 2349 1737 2382 territorium,
1749 2356 1776 2377 et

988 2390 1075 2424 ipsam
1093 2391 1160 2418 adeo
1175 2390 1338 2418 Romaniam
1353 2392 1502 2419 exercitum
1517 2392 1618 2420 ducere
1632 2393 1773 2423 debemus.

988 2436 1037 2463 His
1051 2436 1197 2465 intellectis
1210 2444 1273 2464 cum
1286 2444 1334 2472 per
1347 2437 1453 2466 litteras
1467 2439 1659 2474 praedictorum
1675 2441 1775 2476 princi-

990 2491 1065 2518 pum.
1079 2487 1135 2510 tum
1155 2490 1204 2518 per
1218 2483 1345 2511 homines
1360 2484 1394 2511 ab
1409 2484 1477 2520 ipsis
1492 2486 1602 2518 missos,
1621 2487 1725 2514 veritus
1740 2495 1774 2515 ne

989 2527 1095 2555 viribus
1107 2534 1168 2555 cum
1179 2527 1323 2556 Saracenis
1333 2527 1488 2563 conjunctis
1496 2529 1596 2558 Persia
1607 2531 1700 2565 copias
1711 2539 1777 2559 con-

991 2577 1031 2600 tra
1049 2572 1210 2600 liottiauiam
1225 2572 1384 2607 educerent,
1395 2573 1538 2602 Constanti
1551 2575 1775 2611 Protospathario

993 2619 1162 2646 Manclabitze
1171 2619 1204 2647 de
1215 2619 1296 2655 129
1309 2620 1376 2648 urbe
1394 2620 1444 2648 hac
1458 2621 1572 2656 ejuSque
1581 2621 1686 2650 ditione
1701 2622 1775 2650 acci-

750 2688 901 2716 ANSELMI
913 2687 1077 2716 BANDURII
1096 2687 1212 2716 NOTAE.

171 2740 240 2782 ιρε)
261 2739 304 2771 Ita
318 2748 382 2782 _ms.
403 2744 504 2772 codex.
518 2743 590 2773 Editi
616 2744 728 2779 habent,
757 2745 804 2773 καὶ
827 2746 937 2782 παρήγ-

849 2814 938 2850 βαλὼν

134 2777 220 2810 γτιλα
236 2777 354 2805 σαυτόν.

172 2810 290 2849 (πὶ-1η
305 2812 464 2849 ms._eadem
489 2813 607 2843 diversis
619 2815 724 2849 verbis,
753 2816 767 2842 ὸ
791 2815 819 2842 δὲ

137 2845 208 2874 αὕτο
224 2847 275 2878 είς
295 2847 439 2882 κοντάριον
460 2848 620 2881 ιπιδέδωκε,
631 2854 685 2878 etc.

309 2895 446 2927 ΡΑτιιοι..
466 2897 526 2929 Gn.
551 2897 663 2929 CXIII.

1028 2746 1084 2783 (97)
1099 2746 1145 2774 Sic
1158 2747 1187 2775 in
1208 2755 1261 2774 ms.
1277 2747 1305 2774 In
1327 2748 1408 2776 editis
1426 2756 1490 2776 vero
1513 2757 1562 2783 pro
1579 2748 1710 2782 Κώνστας
1732 2750 1775 2778 hic

991 2786 1018 2821 ﬁt
1027 2781 1102 2821 intra
1118 2789 1227 2821 semper
1241 2784 1338 2818 legitur
1348 2781 1551 2816 Κωνσταντίνος
1561 2793 1569 2800 ο
1585 2783 1634 2812 sed
1645 2786 1774 2821 superius

991 2815 1118 2847 Κώπας.
1139 2821 1169 2844 ut
1180 2815 1213 2844 ἰιι
1235 2815 1285 2845 ms.

1028 2850 1083 2885 (98;
1100 2850 1185 2885 Hujus
1200 2859 1283 2887 porro
1304 2854 1330 2881 in
1347 2852 1470 2882 adeunda
1491 2855 1632 2884 civitatum
1651 2864 1682 2887 at
1694 2859 1774 2896 (ψελί-

1580 2904 1618 2937 12
