4046 6208
359 295 464 356 369
1429 281 1526 340 DE
1562 271 2196 338 ADMlNlSTRANDO
2238 269 2576 330 IMPERIO.

3499 238 3605 324 370

362 407 562 474 γνῶσις
591 402 754 454 πλέον
792 401 900 452 τῶν
932 399 1104 452 ἄλλων
1137 398 1191 449 ἐν
1217 396 1298 448 σοὶ
1327 394 1680 463 διαμένουσα,
1742 392 1926 442 ποθει-

2048 386 2143 439 lat.
2190 383 2486 438 Sciendum
2534 382 2715 449 itaque
2747 379 2848 434 sub
2897 377 3254 432 Constantino
3294 375 3605 430 Constantii

364 496 585 563 νότερον
614 490 864 561 ἀναδείξῃ
898 489 1033 558 πρὸς
1058 488 1119 539 τὺ
1149 488 1408 555 ὑπήκοον.
1470 484 1663 537 Ίστέον
1713 483 1796 535 ὅτι
1840 481 1932 533 ἐπὶ

364 585 775 640 Κωνσταντίνου
827 581 944 634 υἱοῦ
987 579 1364 634 Κωνσταντίου
1400 579 1493 631 τοῦ
1527 577 1622 630 καὶ
1662 575 1935 643 Πωγωνάο

363 697 458 730 του
504 673 856 743 καλουμένου,
908 671 1231 731 Καλλίνικός
1270 687 1353 730 τις
1399 668 1505 720 ἀπὸ
1541 665 1935 726 Ἡλιουπόλεως

377 765 675 833 Ῥωμαίοις
713 761 1063 832 προσφυγὼν,
1093 761 1154 812 τὸ
1204 760 1292 812 διὰ
1338 758 1447 810 τῶν
1483 757 1733 825 σιφώνων
1771 757 1934 823 ἐκφε-

371 858 597 927 ρόμενον
613 854 720 925 πῦρ
747 853 910 924 ὑγρὸν
935 853 1048 923 (ll)
1081 849 1472 911 κατεσκεύασε,
1525 848 1592 901 δι’
1615 841 1678 900 οῦ
1717 848 1808 898 καὶ
1844 845 1936 898 τὸν

371 948 477 999 τῶν
499 944 820 1015 Σαρακηνῶν
851 944 1037 996 στόλον
1060 945 1116 995 ἐν
1139 940 1362 1010 Κυζίκῳ
1392 941 1648 1009 Ῥωμαῖοι
1668 937 1932 1005 καταφλέ-
1953 1003 1962 1010 ι

375 1037 576 1100 ξαντες,
606 1035 702 1104 τὴν
729 1035 886 1104 νίκην
915 1035 1138 1104 ῆραντο.

953 1125 1198 1178 ΚΕΦΑΛ.
1235 1125 1368 1178 ΜΘἎ

381 1239 440 1288 '0
470 1238 657 1304 ζητῶν
688 1237 847 1302 ὅπως
904 1235 979 1304 τῇ
1021 1236 1138 1289 τῶν
1190 1235 1436 1302 Πατρῶν
1479 1237 1808 1301 Ἐκκλησία
1881 1238 1936 1288 οἱ

431 1307 687 1361 Latoidos
730 1307 1048 1360 δουλεύειν
1113 1306 1212 1358 καὶ
1260 1305 1616 1359 ὑποκεῖσθαι
1681 1305 1933 1374 ἐτάχθη-

429 1395 572 1440 σαν,
597 1378 667 1430 ἐκ
688 1377 800 1444 τῆς
827 1377 1141 1443 παρούσης
1165 1374 1518 1442 μανθανέτω
1548 1373 1800 1442 γραφῆς.

436 1491 753 1559 Νικηφόρος
781 1488 851 1540 τὰ
890 1487 1000 1538 τῶν
1050 1485 1336 1555 Ῥωμαίων
1399 1485 1655 1553 σκῆπτρα
1693 1485 1937 1553 ἐκράτει,

362 1577 457 1628 καὶ
478 1573 624 1630 οὗτοι
664 1578 720 1628 έν
739 1574 816 1644 τῷ
842 1575 1039 1644 θέματι
1088 1572 1237 1635 ὄντες
1265 1573 1672 1644 Πελοποννήσου
1699 1575 1941 1628 ἀπόστα-

366 1685 449 1719 σιν
485 1668 863 1736 έννοήσαντες,
898 1665 1113 1734 πρῶτον
1143 1666 1242 1735 μὲν
1286 1667 1386 1728 τὰς
1420 1665 1527 1719 τῶν
1572 1668 1828 1734 γειτόνων
1860 1669 1939 1720 οἰ-

2044 478 2154 532 liliu
2207 477 2488 545 Pogonato
2521 473 2846 528 Callinicum
2879 468 3167 538 quemdam
3207 469 3274 522 ab
3335 468 3468 520 urbe
3505 467 3608 520 lle.

2040 567 2314 636 liopoleos
2375 565 2439 617 ad
2489 563 2768 615 Romanos
2829 559 3159 629 profugisse,
3215 558 3306 625 qui
3357 556 3608 611 Graecum

2041 660 2218 729 ignem
2257 655 2584 727 siphonibus
2615 653 2788 707 emitti
2819 652 3038 704 solitum
3073 648 3318 718 paravit:
3351 663 3457 716 quo
3487 647 3612 717 qui-

2039 749 2161 804 dem
2215 749 2340 818 igne
2403 747 2622 800 incensa
2671 741 2812 812 apud
2873 741 3134 810 Cyzicum
3197 739 3607 794 Saracenorum

2039 843 2238 904 classe,
2269 839 2555 894 victoriam
2590 835 2822 892 Romani
2855 841 3224 903 reportarttnt.

2611 1111 2839 1168 CAPUT
2872 1110 3063 1166 XLIX.

2041 1229 2144 1297 Qui
2173 1230 2307 1284 scire
2342 1230 2492 1288 volet,
2522 1226 2780 1297 quomodo
2812 1224 3057 1279 Patrensi
3095 1224 3345 1278 Ecclesia:
3385 1224 3614 1293 subjecti

2415 1296 2613 1369 fuerint
2644 1297 2843 1357 Sclavi,
2876 1299 3000 1348 hinc
3032 1296 3226 1349 discat.

2117 1479 2343 1534 Romani
2374 1481 2586 1549 imperii
2620 1489 2833 1548 sceptra
2875 1478 3496 1548 Nicephorusxtenebat;
3560 1487 3616 1530 et

2046 1571 2097 1624 hi
2133 1571 2186 1623 in
2219 1570 2575 1638 Pel0p0nnesi
2615 1571 2854 1623 themate
2887 1586 3010 1622 cum
3038 1575 3218 1622 essent
3246 1567 3616 1622 defectionem

2045 1659 2375 1730 cogitantes,
2434 1659 2614 1728 primo
2673 1658 2893 1726 quidem
2948 1659 3251 1711 vicinorum
3301 1657 3616 1712 Graecorum

366 1758 491 1818 κίας
549 1756 657 1808 τῶν
715 1756 962 1826 Γραικῶν
1023 1757 1368 1828 ὲξεπόρθουν,
1416 1758 1510 1810 καὶ
1567 1760 1646 1822 είς
1687 1758 1941 1829 ἁρπαγὴν

2048 1754 2190 1808 aedes
2238 1751 2551 1816 vastabant,
2587 1749 2892 1818 praedaeque
2942 1761 3004 1799 ac
3039 1747 3334 1815 direptioni
3376 1763 3617 1815 expone-

366 1848 607 1901 ἐτίθεντο
641 1848 867 1902 ’ἔπειτα
921 1850 976 1902 δὲ
1029 1837 1296 1904 καὶκατὰ
1334 1851 1442 1905 τῶν
1496 1853 1794 1923 οἰκητόρων
1845 1853 1943 1919 τῆς

366 1939 475 1992 τῶν
515 1941 745 2009 Πατρῶν
771 1943 1113 2010 ὁρμήσαντες
1140 1942 1369 2006 πόλεως,
1405 1942 1474 1994 τὰ
1503 1944 1609 2010 πρὸ
1661 1943 1756 1996 τοῦ
1833 1944 1944 1995 τεί-

370 2046 500 2096 χους
523 2031 681 2083 πεδία
709 2033 1162 2100 κατεστρέφοντο,
1197 2033 1291 2085 καὶ
1341 2032 1545 2100 ταύτην
1571 2033 1939 2104 ἐπολιόρκουν,

378 2117 498 2183 μεθ’
525 2119 734 2176 ἑαυτῶν
761 2119 976 2188 ἔχοντες
991 2121 1087 2174 καὶ
1122 2121 1414 2189 Ἀφρικοὺς
1445 2121 1538 2173 καὶ
1568 2122 1943 2194 Σαρακηνούς.

386 2208 538 2260 Ἐπεὶ
567 2209 623 2262 δὲ
652 2210 840 2280 χρόνος
867 2212 1048 2276 ἱκανὸς
1085 2212 1287 2282 διῆλθε,
1313 2215 1406 2266 καὶ
1425 2216 1621 2279 σπάνις
1645 2214 1751 2268 τῶν
1777 2217 1946 2283 ἀναγ-

369 2298 542 2350 καίων
589 2304 704 2362 τοῖς
753 2302 962 2355 ἔνδοθεν
1008 2303 1101 2356 τοῦ
1155 2305 1364 2374 τείχους
1427 2307 1672 2373 γίνεσθαι
1723 2307 1944 2377 ἤρξατο,

369 2387 560 2449 ὕδατός
606 2405 664 2440 τε
700 2390 793 2441 καὶ
832 2393 1067 2460 τροφῶν,
1093 2393 1287 2463 βουλὴν
1318 2395 1665 2464 βουλεύονται
1689 2400 1769 2459 είς
1810 2415 1946 2468 συμ-

367 2477 618 2540 6ι6άσεις
647 2496 707 2532 τε
743 2479 939 2543 ἐλθεῖν,
970 2482 1065 2535 καὶ
1092 2483 1285 2550 λόγους
1308 2485 1582 2550 ἀπαθείας
1617 2488 1941 2552 λαϐεῖν,καὶ

364 2569 666 2635 τηνικαῦτα
697 2571 796 2640 τὴν
836 2571 990 2624 πόλιν
1034 2573 1298 2638 ὑποτάξαι
1322 2577 1526 2640 αὐτοῖς.
1589 2578 1740 2632 Ἐπεὶ
1793 2575 1887 2634 οῦν
1918 2584 1946 2635 ὀ

365 2656 669 2726 τηνικαῦτα
700 2660 1003 2728 στρατηγὸς
1033 2659 1243 2731 ὑπῆρχε
1273 2662 1410 2731 πρὸς
1462 2665 1561 2733 τὴν
1619 2663 1796 2735 ἄκραν
1851 2666 1944 2718 τοῦ

367 2743 423 2796 θέ
434 2762 601 2813 ματος
621 2747 679 2799 ὲν
709 2747 928 2818 κάστρῳ
957 2749 1250 2819 Κορίνθου,
1284 2752 1378 2804 καὶ
1418 2753 1713 2823 προσδοκία
1743 2749 1810 2824 ἦν
1850 2755 1945 2809 τοῦ

372 2839 776 2906 παραγενέσθαι
804 2841 987 2908 αὑτὸν,
1022 2844 1117 2896 καὶ
1172 2844 1623 2915 καταπολεμῆσαι
1671 2845 1732 2898 τὸ
1795 2846 1946 2913 ἔθνος

367 2929 476 2980 τῶν
508 2929 846 2996 Σκλαόινῶν,
872 2933 948 2996 ὡς
997 2933 1091 2987 καὶ
1116 2933 1307 3004 πρώην
1329 2935 1809 3007 καταμηνυθέντος
1847 2939 1946 2992 αὑ-

371 3019 466 3073 τοῦ
507 3023 636 3092 περὶ
669 3022 769 3092 τῆς
809 3024 1160 3095 καταδρομῆς
1190 3026 1372 3079 αὐτῶν
1403 3031 1555 3098 παρά
1608 3029 1716 3081 τῶν
1751 3031 1944 3099 ἀρχόν-

2046 1845 2214 1907 bant;
2255 1844 2450 1897 deinde
2497 1842 2662 1894 etiam
2724 1841 2776 1894 in
2812 1839 3106 1894 Patrenscs
3142 1838 3290 1892 cives
3325 1839 3616 1898 irruentes,

2047 1935 2247 2007 praedia
2278 1950 2469 1990 eorum
2518 1934 2691 1988 muris
2725 1933 2974 2002 proxima
3009 1929 3349 1992 evertebant,
3399 1929 3619 1983 urbem-

2051 2045 2158 2097 que
2192 2027 2484 2083 obsidione
2535 2026 2848 2094 cingebant,
2891 2022 3062 2092 adjuti
3099 2022 3165 2074 ab
3201 2020 3348 2074 Afris
3376 2028 3428 2074 et
3457 2017 3622 2071 Sara-

2047 2116 2219 2170 cenis.
2287 2117 2454 2184 ldque
2516 2130 2642 2168 cum
2710 2113 3031 2182 aliquandiu
3083 2113 3357 2174 durasset,
3398 2109 3623 2179 jamque

2048 2221 2231 2260 rerum
2294 2206 2748 2268 necessariarum,
2789 2203 3024 2258 maxime
3083 2210 3311 2272 aqutect
3370 2202 3618 2256 ciborum

2049 2295 2274 2364 penuria
2331 2293 2638 2364 oppidanos
2685 2309 2936 2363 premere
2998 2295 3277 2364 cacpisset,
3331 2292 3620 2347 consilium

2048 2387 2240 2439 ineunt
2274 2385 2340 2439 de
2371 2384 2720 2454 paciscenda,
2761 2394 2815 2438 et
2851 2383 3206 2439 iudemnitate
3233 2394 3462 2454 accepta
3487 2386 3623 2438 urbe

2049 2477 2156 2530 illis
2188 2475 2554 2544 subjicienda.
2588 2474 2724 2530 Cum
2762 2485 2943 2529 autem
2972 2475 3089 2544 ejus
3117 2476 3380 2545 temporis
3422 2485 3625 2545 praetor

2046 2565 2268 2620 essetin
2300 2579 2426 2618 arce
2457 2563 2717 2618 thematis
2742 2565 2796 2616 in
2831 2564 2966 2617 urbe
2991 2561 3279 2628 Corintho,
3306 2571 3624 2632 spcrarcnt‘

2048 2673 2152 2728 que
2187 2672 2312 2711 eum
2339 2654 2682 2721 adfuturum,
2717 2662 2769 2709 et
2800 2653 3110 2710 Sclavinios
3157 2664 3622 2725 oppugnaturum,

2048 2750 2176 2818 quia
2200 2748 2409 2802 scilicet
2463 2747 2620 2816 prius
2677 2747 2794 2816 ipse
2845 2760 2874 2798 a
2927 2745 3268 2815 principibus
3312 2744 3624 2798 admonitus

2052 2840 2229 2894 fuerat
2263 2838 2332 2892 de
2359 2837 2603 2908 ipsorum
2638 2839 2990 2902 excursione,
3025 2837 3203 2891 visum
3247 2836 3350 2889 fuit
3397 2834 3625 2904 Oppida-

2052 2932 2137 2986 nis
2185 2929 2582 3000 speculatorem
2636 2929 2787 2998 prius
2843 2930 3058 2983 mittere
3113 2929 3178 2983 ad
3229 2928 3625 2983 Orientaliores

2054 3019 2320 3096 montium
2357 3027 2542 3089 partes
2595 3018 3013 3087 exploraturum
3050 3035 3118 3072 an
3147 3028 3345 3089 praetor
3383 3019 3624 3080 adesset,

371 3130 500 3178 των,
528 3113 917 3170 ἐϐουλεύσαντο
950 3119 1000 3168 ot
1021 3117 1117 3170 τοῦ
1156 3119 1391 3186 κάστρου
1415 3121 1720 3191 οἰκήτορες,
1746 3122 1943 3192 πρότε-

2055 3112 2386 3179 speculatori
2419 3112 2635 3181 signum
2670 3111 2902 3174 dantes;
2947 3117 3027 3173 ut,
3052 3112 3096 3170 si
3143 3112 3450 3166 venientem
3485 3123 3625 3179 pra?-

372 3220 465 3274 ρον
495 3204 870 3275 ἀποσταλῆναι
906 3207 1108 3260 σκοπὸν
1139 3209 1220 3271 είς
1265 3209 1333 3261 τὰ
1355 3209 1794 3282 ἁνατολικώτερα
1838 3213 1944 3264 τῶν

373 3298 568 3367 όρέων,
629 3300 720 3352 καὶ
749 3300 1162 3354 άποσκοπεῦσαι
1190 3302 1282 3355 καὶ
1304 3303 1506 3370 γνῶναι
1530 3305 1578 3356 εἰ
1620 3305 1728 3370 ἄρα
1762 3321 1944 3374 παρα-

372 3389 582 3453 γίνεται
628 3390 656 3440 ὀ
693 3390 1020 3460 στρατηγὸς,
1067 3393 1541 3462 παραγγείλαντες
1583 3393 1676 3447 καὶ
1723 3397 1946 3466 σημεῖον

371 3477 664 3543 δεδωκότες
703 3480 780 3550 τῷ
834 3483 1260 3554 ἀπεσταλμένῳ,
1297 3486 1386 3539 ἵνα
1421 3487 1595 3556 εἰμὲν
1639 3488 1737 3540 ίδοι
1785 3490 1945 3559 ἐρχό-

375 3585 536 3635 μενον
563 3569 656 3622 τὸν
692 3572 998 3642 στρατηγὸν
1027 3573 1086 3623 ἐν
1125 3575 1190 3642 τῇ
1235 3573 1554 3644 ὑποστροφῇ
1589 3575 1756 3629 αὑτοῦ
1787 3577 1944 3648 κλίνῃ

369 3660 428 3711 τὸ
468 3660 794 3730 φλάμουλον,
849 3663 994 3725 ὅπως
1023 3663 1192 3746 γνῷσι
1220 3664 1319 3733 τὴν
1365 3664 1576 3717 ἐλευσιν
1617 3665 1710 3718 τοῦ
1773 3683 1943 3736 στραο

371 3747 540 3815 τήγοῦ
580 3765 593 3779 ·
625 3750 675 3800 εί
707 3749 762 3802 δὲ
798 3752 870 3819 μή
903 3767 987 3817 γε,
1022 3752 1270 3820 κατέχειν
1323 3753 1481 3821 ὀρθὸν
1513 3754 1574 3806 τὸ
1603 3754 1942 3823 φλάμουλον,

369 3836 502 3906 πρὸς
535 3838 596 3891 τὸ
627 3839 702 3908 μὴ
753 3838 895 3908 ἔχειν
949 3833 1142 3902 αὐτοὺς
1203 3842 1528 3909 προσδοκίαν
1591 3843 1685 3895 τοῦ
1760 3843 1946 3895 λοιποῦ

371 3929 768 3997 παραγίνεσθαι
791 3930 882 3984 τὸν
914 3931 1216 4001 στρατηγόν
1247 3933 1377 3997 (li).
1435 3931 1541 3983 Τοῦ
1599 3929 1692 3985 οῦν
1744 3935 1946 3985 σκοποῦ

371 4021 723 4087 ἀπελθόντος,
799 4021 891 4074 καὶ⁸
951 4021 1218 4092 μαθόντος
1275 4021 1350 4090 μὴ
1397 4023 1796 4091 παραγίνεσθαι
1856 4024 1950 4076 τὸν

373 4110 703 4182 στρατηγὸν,
741 4112 1088 4184 ὑπέστρεφεν
1143 4111 1301 4182 όρθὸν
1332 4111 1583 4183 κατέχων
1610 4113 1670 4166 τὸ
1705 4114 1949 4185 φλάμου-

369 4201 487 4254 λον⁸
519 4203 612 4256 καὶ
635 4203 700 4276 δὴ
737 4203 831 4257 τοῦ
866 4203 1000 4257 Θεοῦ
1032 4204 1424 4274 εύδοκήσαντος
1477 4204 1567 4259 διὰ
1627 4224 1667 4258 π
1686 4207 1948 4277 ρεσ6ειῶν

369 4294 463 4347 τοῦ
501 4295 658 4362 ἁγίου
719 4295 1022 4350 ἀποστόλου
1066 4295 1340 4365 Ἀνδρέου,
1377 4295 1471 4348 τοῦ
1509 4297 1678 4350 ἵππου
1727 4297 1947 4368 ὀλισθή-

373 4401 582 4450 σαντος,
613 4386 706 4438 καὶ
739 4386 833 4440 τοῦ
891 4386 1157 4440 ἐπιϐἁτου
1219 4387 1698 4452 ὑποπεπτωκότος,
1769 4389 1946 4443 ἔκλινε

2050 3213 2222 3258 torem
2280 3205 2510 3270 videret,
2571 3206 2624 3257 in
2683 3203 2864 3257 reditu
2927 3202 3266 3257 ﬂammatum
3311 3203 3626 3266 inclinaret,

2048 3293 2192 3348 unde
2253 3293 2553 3347 adventum
2598 3293 2721 3364 ejus
2770 3301 3208 3365 cognoscerent:
3272 3294 3356 3348 sin
3422 3301 3625 3356 autem,

2047 3392 2256 3440 rectum
2290 3393 2524 3447 teneret.
2561 3401 2628 3440 ne.
2659 3387 2726 3441 de
2750 3395 2948 3440 caetero
2980 3383 3299 3438 adfuturum
3342 3400 3464 3439 eum
3501 3399 3625 3452 Spe-

2047 3485 2252 3531 rarent.
2273 3477 2407 3531 Cum
2425 3477 2608 3547 itaque
2623 3478 2850 3533 abiisset
2865 3478 3194 3547 speculator,
3221 3485 3273 3531 et
3293 3493 3399 3531 non
3434 3475 3630 3532 adesse

2046 3579 2333 3639 praetorem
2366 3570 2716 3639 intelligeret.
2748 3571 2908 3625 rediit
2939 3585 3063 3625 cum
3105 3567 3382 3624 ﬂauimulo
3411 3579 3620 3631 erecto,

2047 3662 2156 3714 Deo
2182 3676 2308 3714 vero
2342 3661 2414 3715 ita
2450 3663 2670 3716 volente
2698 3669 2918 3730 propter
2939 3661 3398 3716 intercessionem
3434 3659 3626 3716 Sancti

2046 3751 2273 3805 Andreae
2291 3753 2544 3820 apostoli,
2565 3752 2767 3805 accidit
2780 3760 2837 3803 ut
2859 3765 3002 3819 equo
3021 3749 3340 3819 ctespitante
3361 3765 3628 3804 excussus

2047 3851 2234 3893 vector
2253 3841 2588 3893 ﬂammulqu
2619 3841 2942 3905 inclinaret;
2961 3841 3109 3908 quod
3132 3839 3378 3893 videntes
3393 3839 3628 3907 Oppida-

2049 3931 2129 3993 ni,
2155 3929 2320 3982 veluti
2344 3929 2502 3996 signo
2519 3927 3083 3990 dato,exsistimantes
3101 3929 3324 3980 omnino
3341 3939 3627 3997 przctoretn

2049 4019 2288 4076 venisse.
2319 4019 2475 4089 132
2501 4016 2671 4088 portis
2699 4017 2852 4069 urbis
2876 4019 3078 4086 apertis
3103 4027 3294 4071 contra
3323 4018 3628 4074 Sclavinios

2052 4121 2276 4166 strenue
2315 4109 2525 4181 egressi
2543 4119 2689 4172 sunt,
2722 4107 3083 4178 vidernntque
3141 4108 3290 4162 clare
3314 4112 3626 4178 apostolqu

2050 4203 2227 4273 primo
2251 4211 2500 4257 vocatum
2522 4216 2664 4268 equo
2680 4200 3029 4267 insidentem,
3045 4211 3096 4255 et
3114 4201 3165 4254 in
3183 4200 3447 4256 Barbaros
3467 4217 3628 4257 ruen-

2051 4303 2180 4356 tem,
2213 4309 2352 4362 quos
2397 4301 2550 4363 terga
2583 4300 2800 4346 vertere
2832 4306 2895 4345 ac
2926 4293 3210 4362 dispersos
3243 4293 3297 4346 in
3347 4293 3526 4363 fugam
3568 4312 3629 4348 se

2055 4385 2186 4438 dare
2212 4385 2402 4455 procul
2442 4386 2669 4440 aburbe
2705 4384 2904 4452 coegit.
2930 4385 3064 4439 Nam
3107 4388 3629 4456 conspectoinvicto

371 4475 430 4527 τὸ
457 4447 784 4544 φλάμουλον,
815 4477 907 4531 καὶ
932 4477 980 4529 οἱ
1033 4477 1126 4529 τοῦ
1162 4477 1399 4546 κάστρου
1436 4447 1717 4549 οἰκήτορες
1748 4480 1943 4544 ἰδόντες

2059 4476 2327 4530 bellatore
2378 4484 2571 4531 contra
2594 4491 2654 4530 se
2687 4476 2957 4540 irruente,
2991 4477 3210 4531 barbari
3243 4479 3479 4546 perculsi
3520 4488 3626 4532 tam
3719 4495 3724 4508 ·

371 4565 431 4618 τὸ
478 4566 700 4633 γεγονὸς
739 4568 984 4636 σημεῖον,
1022 4567 1116 4618 καὶ
1134 4567 1459 4636 νομίσαντες
1482 4565 1543 4630 ἐξ
1569 4565 1812 4631 ἅπαντος
1842 4587 1947 4624 πα-

374 4655 694 4726 ραγίνεσθαι
723 4657 816 4709 τὸν
845 4657 1174 4727 στρατηγὸν,
1202 4657 1421 4727 ἤνοιξαν
1467 4657 1566 4720 τὰς
1623 4658 1800 4722 πύλας
1850 4660 1945 4713 τοῦ

373 4751 636 4819 κάστρου,
667 4749 758 4800 καὶ
809 4748 1031 4818 ἐξῆλθον
1059 4749 1352 4818 θαρσαλέοι
1421 4751 1562 4801 κατά
1614 4751 1721 4802 τῶν
1773 4751 1947 4804 Σκλα-

374 4837 571 4904 θητῶν,
607 4836 698 4890 καὶ
727 4832 866 4889 εἶδον
890 4836 981 4889 τὸν
1015 4837 1398 4908 πρωτόκλητον
1428 4840 1725 4892 ἀπόστολον
1745 4841 1944 4909 ὀφθαλ-

377 4928 632 4993 μοφανῶς
691 4927 844 4996 ἵππῳ
878 4927 1302 4998 ἐπικαθήμενον,
1341 4931 1433 4983 καὶ
1471 4931 1656 5000 δρόμῳ
1713 4933 1942 5002 ἐπερχόο

379 5032 538 5084 μενον
568 5017 708 5069 κατὰ
737 5017 844 5072 τῶν
878 5017 1178 5087 Βαρϐάρων
1202 5035 1214 5048 ·
1245 5023 1338 5072 καὶ
1375 5020 1437 5089 δὴ
1472 5019 1677 5088 τρέψας
1720 5021 1942 5084 τούτους

377 5104 514 5157 κατ).
537 5105 758 5175 κράτος,
792 5107 885 5159 xat
916 5106 1330 5175 διασκορπίσας,
1361 5106 1456 5158 καὶ
1492 5106 1772 5169 ἀπελάσας
1805 5108 1939 5179 πόῤ-

376 5198 454 5262 ρω
483 5195 577 5248 τοῦ
613 5197 847 5266 κάστρου
875 5197 1118 5264 φυγάδας
1153 5196 1427 5266 ἐποίησεν.
1458 5197 1520 5248 Οί
1563 5196 1620 5250 δὲ
1679 5197 1942 5268 βάρὸαροι

378 5288 580 5350 ἰδόντες
612 5289 705 5340 καὶ
737 5288 1179 5356 καταπλαγέντες
1228 5287 1490 5357 ἔκθαμϐοι
1536 5289 1817 5355 γεγονότες
1851 5290 1944 5342 ἐπὶ

2051 4571 2356 4624 vehementi
2382 4570 2582 4639 impetu
2601 4571 2992 4640 insuperabilis
3011 4572 3167 4626 ducis
3190 4587 3252 4624 ac
3273 4574 3500 4629 victoris
3521 4575 3630 4642 pri-

2052 4660 2124 4712 mi
2146 4661 2322 4714 vocati
2340 4661 2570 4730 apostoli
2604 4662 2850 4722 Andreae.
2877 4677 3087 4716 necnon
3121 4679 3284 4734 supra
3311 4665 3526 4719 modum
3561 4667 3630 4720 ab

2053 4749 2242 4805 eodem
2274 4751 2547 4820 perterriti
2605 4753 2942 4820 trepidantes
2986 4754 3051 4808 ad
3103 4757 3469 4812 venerandam
3507 4759 3628 4826 ejus

2051 4842 2221 4895 aedem
2257 4842 2652 4913 confugerunt.
2688 4844 2898 4899 Prtetor
2929 4859 3112 4901 autem
3136 4866 3259 4902 rum
3295 4850 3478 4902 triduo
3505 4861 3628 4918 post

2050 4935 2383 4999 advenisset,
2415 4943 2466 4989 et
2501 4937 2734 5005 apostoli
2763 4936 3060 4992 victoriam
3092 4940 3472 5005 intellexisset,
3535 4940 3628 4993 Ni-

2054 5025 2292 5093 cephoro
2319 5025 2635 5095 imperatori
2673 5027 3006 5098 signiﬁcavit
3051 5031 3419 5086 incursionem
3476 5033 3628 5086 Scla-

2055 5111 2501 5177 viniorum,item
2539 5113 2920 5184 direptionem,
2950 5119 3282 5188 captivorum
3321 5137 3625 5186 mimerum,

2053 5201 2762 5274 vastationem,'praedam,
2820 5217 2872 5262 et
2926 5223 3268 5278 quaecunque
3323 5211 3426 5264 alia
3489 5213 3631 5266 mala

2053 5291 2271 5348 Achaia:
2318 5293 2372 5348 in
2435 5295 2684 5365 partibus
2737 5299 3084 5368 intulissent;
3133 5302 3260 5358 item
3311 5303 3623 5357 diuturnam

1557 5429 1856 5483 ANSELMI
1892 5428 2214 5487 BANDURH
2249 5431 2480 5490 ΝΟΤᾸΞ.

448 5544 493 5616 (At
513 5545 558 5611 Ι)
593 5543 664 5598 De
689 5545 810 5616 igne
836 5545 1024 5616 Graeco
1052 5543 1294 5613 loquitur
1313 5547 1476 5600 etiam
1507 5562 1671 5616 supra
1695 5561 1818 5613 cap.
1877 5546 1942 5601 l3

374 5614 610 5682 scriptor
658 5613 883 5678 noster;
935 5613 1027 5668 sed
1076 5616 1194 5668 vide
1229 5632 1346 5682 quae
1391 5618 1461 5670 ibi
1527 5613 1933 5670 adnotavimus.

385 5681 512 5739 \ide
544 5683 670 5739 item
700 5685 1006 5740 Cedrenum
1037 5691 1089 5739 ct
1137 5683 1412 5740 Zouaram
1466 5686 1523 5740 in
1554 5686 1854 5754 l‘ogonato.

2123 5549 2234 5624 (l2)
2269 5549 2452 5624 Sicex
2481 5567 2582 5624 ms.
2629 5553 2681 5605 In
2715 5552 2894 5624 editis
2951 5553 3102 5608 locus
3138 5553 3224 5609 hic
3273 5555 3520 5624 mutilus,
3566 5570 3626 5612 ut

2048 5619 2251 5688 optime
2284 5621 2671 5676 animadvertit
2712 5621 3000 5678 Meursius.
