4050 6216
397 290 504 353 375

1383 280 1886 342 CONSTANTINI
1920 252 2587 342 PORPHYROGENITi

3544 270 3652 339 376

402 400 642 457 Crinites
675 408 731 457 et
772 404 974 470 praetor
1020 394 1222 449 tributa
1260 392 1370 447 illis
1402 391 1655 462 graviora
1686 390 1971 461 imposuit,

2099 391 2387 461 ιτρατεύσῃ
2419 388 2540 443 κατ’
2566 387 2767 451 αὐτῶν,
2803 385 2899 440 καὶ
2932 379 3369 454 καταπολεμήσῃ
3404 385 3496 436 καὶ
3523 384 3660 435 ὑποη

404 491 653 563 Milcngis
686 489 904 560 quidem
940 485 1005 539 ad
1026 484 1304 552 sexaginta
1338 484 1692 549 nomismata,
1725 498 1848 553 qua:
1876 497 1975 536 an-

405 592 493 638 tea
533 580 847 642 solvebant,
883 576 990 630 alia
1039 576 1342 647 quingenta
1394 584 1449 629 et
1477 575 1864 646 quadraginta,
1902 572 1975 626 ita

407 684 467 729 ut
492 673 811 727 universum
837 667 1081 737 ipsorum
1115 666 1382 721 tributum
1413 673 1558 721 esset
1582 666 1973 720 nomismatum

412 771 795 819 sexcentorum
832 777 845 813 :
883 758 1114 816 Ezeritis
1149 774 1278 813 vero
1312 772 1476 828 supra
1509 766 1749 813 trecenta
1772 755 1977 811 nomis-

405 864 550 910 mata
586 855 818 924 pristina
865 852 971 907 alia
1026 860 1293 916 trecenta,
1361 859 1420 904 ut
1449 848 1637 906 esse’nt
1685 856 1973 911 sexcenta;

403 962 526 1019 quae
560 948 740 1015 exegit
776 961 996 1017 quoque
1030 946 1170 999 idem
1202 941 1686 1011 Protospatharius
1712 940 1975 1006 Crinites,

403 1039 700 1110 intulitque
752 1039 805 1093 in
859 1052 1076 1092 sacrum
1131 1035 1468 1090 cubiculum.
1522 1031 1978 1103 Protospathario

404 1145 589 1192 autem
633 1135 844 1190 Crinite
875 1135 929 1189 in
958 1133 1184 1190 Graeciae
1219 1132 1404 1186 thema
1450 1128 1811 1198 transposito,
1849 1140 1977 1180 cum

407 1229 463 1283 in
498 1226 880 1297 Peloponneso
930 1226 1294 1280 successisset
1334 1210 1816 1291 Protospatharius
1844 1217 1978 1271 Bar-

405 1321 507 1376 das
539 1320 818 1391 Platypus,
853 1326 907 1373 et
933 1317 1106 1372 turbm
1150 1329 1215 1369 ac
1249 1313 1417 1391 factio
1443 1321 1646 1368 exortae
1679 1318 1865 1366 essent
1892 1309 1979 1364 in-

406 1420 491 1465 ter
540 1390 719 1480 ipsum
773 1405 1275 1478 pretospatharium
1335 1390 1566 1457 Bardam
1604 1399 1977 1471 Platypodem,

408 1500 654 1571 aliosque
715 1500 835 1569 ejus
872 1497 1047 1568 partis
1082 1493 1556 1565 protospatharios
1606 1499 1771 1558 atque
1830 1488 1981 1559 prin-

407 1592 579 1661 cipes,
634 1590 727 1659 qui
792 1585 1297 1658 protospatharium
1369 1582 1604 1636 Leonem
1660 1578 1978 1650 Agclastum

408 1685 649 1738 themate
686 1682 1038 1751 expulerant,
1060 1676 1312 1750 protinus
1343 1676 1398 1730 in
1422 1673 1628 1728 Thema
1659 1670 1790 1726 illud
1823 1668 1980 1724 Sela-

407 1772 654 1828 besianis
682 1748 1358 1831 irruentibus,ﬁmiserunt
1381 1764 1458 1817 illi
1512 1762 1613 1833 ipsi
1641 1759 1847 1824 Sclavi,
1879 1757 1982 1812 Mi-
2015 1748 2056 1807 Β

408 1860 550 1931 ἰοηεὶ
582 1866 636 1916 et
665 1858 898 1914 Ezeritte
922 1855 989 1910 ad
1018 1855 1299 1910 dominum
1335 1851 1645 1905 Romanum
1686 1848 1984 1916 imperato-

407 1965 544 2013 rem,
598 1946 1139 2004 commiseratiouem
1179 1950 1424 2013 petentes
1472 1953 1640 2009 super
1679 1936 1857 1991 auctis
1887 1935 1987 1989 tri-

410 2039 580 2103 bulis,
619 2038 1183 2110 permitterenturque
1216 2046 1279 2086 ea
1311 2028 1549 2101 pendere
1572 2026 1754 2097 qualia
1777 2022 1984 2095 pridem

408 2130 799 2204 pependerant.
832 2129 1135 2197 imperator
1163 2129 1345 2177 autem
1391 2119 1462 2174 ob
1507 2116 1986 2173 Sclabesiauorum

410 2222 707 2277 adventum
731 2217 944 2272 veritus
960 2229 1031 2269 ne
1065 2211 1278 2267 Sclavis
1312 2207 1590 2279 conjuncti
1620 2205 1846 2261 omnino
1862 2216 1988 2257 eum

411 2314 654 2369 themate
706 2305 1078 2380 Peloponnesi
1129 2307 1413 2362 exuerent,
1466 2311 1688 2353 auream
1724 2294 1834 2350 illis
1862 2292 1990 2348 bul-

413 2406 522 2461 lam
553 2403 725 2470 dedit,
764 2411 822 2457 nt
849 2400 1051 2456 tributa
1086 2403 1301 2452 tantum
1332 2392 1612 2447 solverent
1634 2384 1992 2458 quemadmo-

412 2495 543 2552 dum
570 2490 822 2564 primitus
850 2490 1118 2554 solebant,
1158 2484 1376 2552 Milengi
1411 2480 1619 2536 scilicet
1667 2476 1992 2531 nomismata

416 2586 722 2658 sexaginta,
743 2583 984 2651 Ezeritae:
1000 2594 1133 2635 vero
1152 2575 1483 2632 nomismata
1525 2575 1791 2625 trecenta.
1813 2566 1992 2634 Atque

418 2679 534 2734 haec
556 2653 778 2747 quidem
796 2687 964 2728 causa
982 2670 1083 2724 fuit
1105 2666 1250 2722 aucti
1276 2661 1659 2730 imminutique
1671 2655 1864 2712 rursus
1890 2653 1992 2709 Mi-

416 2769 704 2837 lengorum
741 2772 796 2821 et
823 2762 1166 2818 Ezeritarum
1197 2752 1410 2811 tributi.
1429 2749 1726 2807 Sciendum
1747 2759 1876 2801 vero
1899 2749 1985 2799 est

421 2834 756 2912 habitatores
786 2854 942 2909 urbis
974 2848 1183 2905 Maines
1214 2862 1243 2899 a
1266 2842 1541 2916 praedictis
1592 2838 1803 2893 Sclavis’
1828 2834 1996 2906 origi-

420 2964 546 3005 nem
590 2963 697 3003 non
726 2946 951 3009 ducere,
983 2940 1079 2999 sed
1121 2939 1189 2994 ab
1242 2932 1649 3006 antiquioribus
1693 2925 1994 2991 Romanis;

421 3042 514 3112 qui
533 3041 588 3095 in
616 3038 940 3095 hodiernum
970 3047 1150 3104 usque
1175 3029 1321 3085 diem
1363 3026 1434 3081 ab
1456 3023 1653 3080 incolis
1681 3019 1855 3078 Graeci
1900 3031 1998 3088 ap-

423 3090 893 3203 ;Ett;£tia'r:§uod
942 3090 1140 3197 priscis
1180 3117 1523 3190 temporibus
1549 3114 1853 3170 idololatrae
1876 3109 1984 3165 fue-
2019 3090 2064 3149 θ

420 3202 557 3288 rint,
578 3236 642 3277 ac
663 3221 933 3277 idolorum
951 3216 1216 3281 cultores,
1233 3223 1478 3268 veterum
1506 3207 1822 3263 Graecorum
1848 3202 1954 3257 ritu
1976 3219 1992 3269 ;

422 3316 516 3386 qui
548 3313 768 3379 quidem
796 3309 1191 3381 rempublicam
1243 3303 1546 3358 Romanam
1578 3290 1997 3353 administrante

422 3382 689 3475 prati-lare
703 3401 798 3456 illo
816 3401 1148 3470 imperatore
1165 3393 1392 3458 Basilio,
1410 3405 1536 3445 cum
1561 3389 1830 3459 baptismo
1846 3382 1999 3438 Chri-

423 3497 658 3549 stianam
701 3491 859 3547 (idem
889 3488 1123 3560 amplexi
1145 3493 1297 3542 sunt.
1321 3483 1499 3539 Locus
1530 3495 1679 3543 vero,
1715 3492 1875 3548 quem
1902 3475 2000 3529 ha-

426 3584 627 3647 bitant,
657 3594 924 3651 aquarum
956 3592 1155 3648 expers
1178 3585 1281 3641 est,
1304 3584 1356 3630 et
1390 3572 1732 3632 inaccessus,
1768 3567 1862 3622 sed
1893 3565 1999 3620 oli-

426 3674 587 3737 viter,
620 3687 731 3744 quo
767 3686 825 3726 se
847 3669 1223 3725 consolantur.
1249 3662 1578 3736 135Jacet
1602 3669 1781 3715 autem
1802 3659 1892 3713 hic
1919 3659 1998 3711 lo-

427 3767 595 3823 cusin
630 3764 800 3819 Malea
828 3758 1203 3833 promontorio
1222 3758 1364 3811 ultra
1386 3754 1614 3810 Ezerum
1630 3763 1828 3806 versus
1847 3759 2000 3801 oram

430 3856 789 3912 maritimam.
816 3845 1357 3920 thuaudoquidetu
1399 3843 1560 3913 plane
1596 3837 1827 3909 subjecti
1854 3842 2002 3899 sunt,

430 3946 847 4018 principemque
874 3958 904 3998 a
931 3950 1165 4012 praetore
1212 3936 1515 4007 accipiunt.
1546 3932 1706 4003 cujus
1732 3926 2006 3985 mandatis

432 4041 837 4108 obtemperant,
855 4050 920 4089 ex
944 4030 1333 4102 antiquissimo
1351 4036 1597 4095 tempore
1613 4022 1880 4078 tributum
1899 4018 2009 4074 sol-

434 4140 571 4187 vunt
594 4131 924 4186 nomismata
952 4123 1377 4191 quadringenta.
1398 4115 1756 4186 Cappadociae
1776 4120 2008 4182 praetura

436 4223 566 4278 olim
594 4230 772 4276 turma
792 4222 1174 4284 eratpraeturaa
1188 4208 1622 4271 Anatolicorum,
1645 4200 2012 4273 Cephalleniae

437 4310 831 4386 praetura,sive
856 4306 1059 4369 insula,
1082 4311 1264 4358 turma
1294 4300 1425 4357 olim
1455 4305 1574 4353 erat
1598 4291 2012 4366 praeturaeLon-

2076 480 2213 554 τάξῃ
2232 482 2325 534 καὶ
2347 478 2707 552 ὲξολοθρεύσῃ
2727 477 2944 535 αὐτούς.
2982 473 3317 545 ’Λρξάμενος
3371 473 3464 527 οὖν
3498 474 3660 526 πολε-

2079 576 2200 644 μεῖν
2228 573 2425 633 αὐτοὺς
2448 570 2558 642 (22)
2574 568 2683 623 ἀπὺ
2699 568 2870 639 μηνὸς
2897 566 3168 636 Μαρτίου,
3190 566 3284 619 καὶ
3303 565 3660 628 κατακαύσας

2076 664 2145 717 τὰ
2167 663 2299 734 θέρη
2319 664 2522 727 αὐτῶν,
2546 662 2643 716 καὶ
2666 659 2999 732 ληϊσάμενος
3021 660 3201 719 πᾶσαν
3218 657 3318 728 τὴν
3332 657 3435 727 γῆν
3455 655 3657 720 αὐτῶν,

2077 752 2233 824 ἔσχεν
2268 751 2465 815 αὐτοὺς
2510 750 2935 820 ἀνθισταμένους
2975 747 3068 801 καί¹
3102 746 3424 814 ἀντέχοντας
3496 744 3659 814 μέχρι

2082 848 2249 920 μηνὸς
2283 844 2591 916 Νοεμϐρίου
2611 859 2627 876 ο
2657 842 2765 897 ἀπὸ
2789 842 2911 895 τότε
2968 840 3025 894 δὲ
3079 838 3276 900 ἰδόντες
3305 837 3403 907 τὴν
3448 837 3657 890 ἑαυτῶν

2078 938 2475 1006 ἐξολόθρευσιν,
2499 935 2772 1007 ᾐτήσαντο
2796 934 2954 1003 λόγον
2972 930 3065 985 τοῦ
3085 931 3427 1000 ὑποταγῆναι
3450 929 3655 992 αὐτοῖς,

2080 1033 2175 1087 καὶ
2195 1033 2380 1102 τυχεῖν
2415 1028 2763 1100 συμπαθείας
2786 1026 2929 1098 ὑπὲρ
2955 1019 3030 1079 ὧν
3065 1023 3261 1094 πρώην
3299 1021 3659 1093 ἐπλημμέληο

2081 1142 2201 1179 σαν.
2242 1124 2303 1177 Ὀ
2328 1119 2420 1176 οὖν
2451 1119 2787 1194 προρρηθεὶς
2815 1115 3310 1189 πρωτοσπαθάριος
3347 1113 3439 1167 καὶ
3493 1129 3661 1181 στρα-

2078 1215 2246 1286 τηγὸς
2296 1217 2326 1268 ὁ
2378 1213 2643 1285 Κρινίτης
2686 1209 2900 1276 ἐξέθετο
2956 1209 3142 1272 αὐτοῖς
3196 1206 3378 1260 πάκτα
3441 1202 3662 1257 πλείονα

2081 1300 2155 1361 ὧν
2187 1306 2425 1369 ἐτέλουν,
2463 1307 2576 1367 τοῖς
2609 1303 2708 1373 μὲν
2741 1298 3048 1370 Μιληγγοῖς
3088 1296 3196 1352 ἀπὸ
3251 1297 3360 1349 τῶν
3418 1293 3461 1360 ξ’
3491 1311 3530 1347 ιι
3584 1288 3662 1346 ὧν

2081 1398 2348 1468 πρότερον
2375 1395 2592 1449 ἐτέλουν
2622 1411 2661 1448 ιι
2694 1392 2790 1462 φμ¹
2822 1410 2836 1425 ο
2871 1392 2948 1455 ὡς
2981 1386 3120 1443 εἶναι
3173 1389 3233 1441 τὸ
3285 1388 3394 1441 πᾶν
3452 1385 3663 1439 πάκτον

2082 1477 2263 1544 αὐτῶν
2288 1507 2326 1541 ιι
2350 1487 2417 1561 χ’.
2450 1487 2576 1550 Τοῖς
2634 1485 2692 1539 δὲ
2738 1484 3045 1554 Ἐζερίταις
3070 1480 3178 1535 ἀπὸ
3234 1480 3343 1534 τῶν
3371 1477 3417 1532 τ’
3457 1484 3564 1531 ν⁶ν⁰
3587 1469 3662 1548 ὧν

2084 1582 2352 1661 πρότερον
2375 1578 2611 1641 ἐτέλουν,
2667 1576 2832 1646 ἕτερα
2862 1583 2967 1628 ν⁶ν⁶
3015 1579 3059 1628 τ’
3088 1588 3102 1605 ·
3166 1570 3240 1635 ὡς
3300 1566 3520 1625 εἶναιτὸ
3552 1568 3660 1619 πᾶν
3758 1577 3777 1585 ‘

2085 1660 2291 1727 πάκτον
2318 1670 2499 1725 αὐτῶν
2527 1678 2631 1723 νθνο
2659 1675 2727 1739 χ’.
2754 1669 2947 1722 ’Ἀτινα
2974 1666 3068 1720 καὶ
3122 1662 3370 1734 ἀπῄτησε
3398 1660 3493 1716 καὶ
3515 1661 3659 1714 etas-

2085 1765 2308 1834 κόμισεν
2348 1764 2376 1815 ὁ
2410 1760 2570 1823 αὐτὸς
2633 1756 3126 1831 πρωτοσπαθάριος
3173 1752 3442 1823 Κρινίτης
3478 1752 3537 1805 ἐν
3585 1747 3663 1820 τῷ

2088 1853 2440 1923 θεοφυλάκτῳ
2465 1851 2702 1905 κοιτῶνι.
2739 1848 2846 1903 Τοῢ
2876 1848 2934 1902 δὲ
2959 1842 3455 1918 πρωτοσπαθαρίου
3473 1841 3665 1914 Κρινί-

2086 1961 2180 1999 του
2205 1946 2265 1998 ἐν
2292 1943 2370 2014 τῷ
2399 1943 2597 2014 θέματι
2632 1939 3021 2012 μετατεθέντος
3087 1936 3361 1999 Ἑλλάδος,
3425 1933 3521 1986 καὶ
3568 1929 3664 1984 τοῦ

2087 2034 2581 2106 πρωτοσπαθαρίου
2613 2033 2793 2104 Βάρόα
2823 2028 2916 2086 τοῦ
2962 2027 3280 2096 Πλατυπόδη
3324 2022 3668 2096 προϐληθέν-

2087 2141 2179 2188 τος
2208 2123 2513 2196 στρατηγοῦ
2568 2125 2625 2175 ἐν
2677 2121 3092 2189 Πελοποννήσῳ,
3140 2116 3237 2170 καὶ
3298 2114 3401 2185 τῆς
3442 2111 3665 2175 ἀταξίας

2089 2216 2387 2285 γενομένης
2415 2214 2508 2267 καὶ
2541 2212 2783 2275 στάσεως
2809 2210 2961 2281 παρὰ
3000 2208 3165 2262 αὐτοῦ
3213 2207 3305 2259 τοῦ
3341 2220 3668 2277 πρωτοσπαο

2092 2306 2282 2376 θαρίου
2314 2305 2496 2375 Βάρδα
2523 2303 2616 2358 τοῦ
2643 2303 2988 2371 Πλατυπόδη,
3033 2300 3129 2355 καὶ
3185 2298 3293 2353 τῶν
3349 2295 3664 2367 ὁμοφρόνων

2091 2399 2256 2453 αὐτοῦ
2291 2396 2796 2469 πρωτοσπαθαρίων
2821 2396 2918 2448 καὶ
2945 2393 3244 2465 ἀρχόντων,
3270 2388 3367 2443 καὶ
3394 2389 3484 2441 τὸν
3510 2402 3657 2450 πρω-

2092 2489 2458 2560 τοσπαθάριον
2490 2491 2696 2543 Λέοντα
2753 2487 2845 2542 τὸν
2889 2485 3214 2555 ’Δγέλαστον
3250 2479 3665 2543 ἀποδιωξάντων

2092 2583 2199 2636 ἀπ’,
2229 2580 2324 2635 τοῦ
2356 2581 2615 2651 θέματος,
2670 2580 2764 2633 καὶ
2823 2579 3025 2640 εὐθέως
3068 2575 3367 2644 γενομένης
3426 2571 3521 2624 καὶ
3566 2569 3666 2638 τῆς

2092 2675 2203 2727 τῶν
2229 2671 2649 2742 Σκλαὸησιανῶν
2672 2671 2973 2732 ἐπιθέσεως
3006 2667 3147 2722 κατά
3170 2664 3262 2718 τοῦ
3293 2660 3458 2718 αὐτοῦ
3497 2659 3666 2729 θέμα-

2094 2785 2207 2834 τος,
2235 2764 2563 2820 ἀπέστειλαν
2592 2766 2640 2816 οἱ
2706 2761 2861 2816 αὐτοὶ
2886 2759 3140 2821 Σκλάόοι,
3175 2757 3229 2809 οἵ
3279 2772 3337 2807 τε
3366 2750 3662 2821 Μιληγγοὶ,

2099 2860 2193 2915 καὶ
2222 2862 2272 2912 οί
2311 2857 2584 2927 Ἐζερίται
2624 2855 2761 2925 πρὸς
2790 2853 2880 2907 τὸν
2901 2852 3062 2922 κῦριν
3110 2846 3392 2919 Ῥωμανὸν
3438 2844 3527 2897 τὸν
3566 2842 3662 2912 βα-

2100 2951 2274 3016 σιλέα,
2311 2947 2682 3018 ἐξαιτούμενοι
2718 2946 2812 2999 καὶ
2865 2940 3309 3015 παρακαλοῦντες
3371 2936 3464 2990 τοῦ
3527 2950 3666 3002 συμ-

2101 3039 2410 3112 παθηθῆναι
2452 3038 2632 3099 αὐτοῖς
2656 3036 2755 3098 τὰς
2782 3032 3100 3106 προσθήκας
3125 3030 3235 3084 τῶν
3264 3029 3507 3089 πάκτων,
3572 3026 3666 3078 atati.

2095 3130 2268 3184 τελεῖν
2303 3129 2500 3191 αὐτοὺς
2539 3124 2721 3188 καθὼς
2751 3124 2847 3178 καὶ
2892 3123 3160 3193 πρότερον
3224 3120 3462 3172 ἐτέλουν.
3516 3115 3670 3167 Ἐπε-

2094 3222 2159 3291 δὴ
2223 3218 2407 3283 καθὼς
2466 3217 2810 3287 προείρηται,
2882 3213 3129 3283 εἰσῆλθον
3216 3211 3266 3261 οἱ
3329 3204 3671 3272 Σκλασησια-

2100 3315 2184 3367 vol.
2239 3314 2297 3366 ἐν
2342 3310 2421 3382 τῷ
2480 3308 2678 3378 θέματι
2704 3304 3132 3373 Πελοποννήσου,
3200 3296 3387 3360 δεδιὼς
3437 3299 3465 3348 ὁ
3518 3294 3675 3366 βασι-

2097 3403 2222 3466 λεὺς
2274 3403 2361 3455 ἵνα
2393 3378 2492 3469 *μὴ
2524 3398 2618 3451 καὶ
2656 3397 2811 3449 αὐτοὶ
2844 3392 3235 3465 προστεθέντες
3264 3389 3376 3450 τοῖς
3410 3378 3674 3447 Σκλάὅοις

2101 3492 2336 3562 παντελῆ
2366 3488 2738 3559 ἐξολόθρευσιν
2760 3485 2857 3539 τοῦ
2871 3483 3034 3538 αὐτοῦ
3065 3482 3301 3550 θέματος
3328 3477 3673 3548 ἐργάσονται,

2101 3587 2355 3656 ἐποίησεν
2378 3583 2559 3646 αὐτοῖς
2592 3577 3015 3651 χρυσοϐούλλιον
3050 3575 3137 3629 ἵνα
3157 3572 3353 3624 τελῶσι
3376 3568 3446 3622 τὰ
3492 3568 3678 3620 πάκτα

2105 3680 2182 3740 ὼς
2234 3654 2330 3731 καὶ
2393 3674 2682 3744 πρότερον,
2715 3671 2844 3730 τοὺς
2880 3668 2980 3739 μὲν
3008 3663 3329 3735 Μιληγγοὺς
3355 3654 3679 3725 ξἰι,τοὺςδὲ

2115 3768 2394 3838 Ἐζερίτας
2415 3774 2524 3820 νονο
2554 3771 2620 3819 τ’.
2645 3763 2794 3832 Αὕτη
2817 3757 2910 3815 οὖν
2936 3762 3085 3813 ἐστιν
3112 3757 3146 3826 ἡ
3181 3756 3327 3809 αίτία
3354 3747 3681 3821 τῆςπρσθή-

2108 3880 2208 3933 κης
2222 3862 2422 3931 καὶτῆς
2437 3856 2678 3926 ἐκκοπῆς
2710 3853 2818 3907 τῶν
2848 3852 3073 3904 πάκτων
3094 3847 3201 3900 τῶν
3236 3842 3540 3914 Μιληγγῶν
3571 3838 3669 3892 καὶ

2106 3931 2213 4010 τῶν
2254 3950 2560 4024 Ἐζεριτῶν.
2597 3945 2795 4001 ’ἰστέον
2824 3944 2907 3998 ὃτι
2942 3943 2992 3995 οἱ
3025 3939 3119 3993 τοῦ
3172 3939 3409 4006 κάστρου
3455 3931 3680 3997 Μαῖνης

2108 4020 2393 4118 οἰκήτορες
2426 4043 2526 4096 οὐκ
2547 4041 2686 4093 εἰσιν
2716 4038 2824 4091 ἀπὸ
2853 4032 2955 4105 τῆς
2976 4034 3170 4102 γενεᾶς
3194 4028 3303 4084 τῶν
3337 4020 3678 4095 προρρηθέν-

2110 4111 2521 4197 των-Σκλάϐων,
2545 4131 2661 4184 ἀλλ’
2693 4130 2758 4181 ἐκ
2795 4127 2904 4180 τῶν
2959 4121 3327 4191 παλαιοτέρων
3370 4111 3677 4182 Ῥωμαίων,

2111 4228 2160 4281 οἳ
2210 4226 2308 4279 καὶ
2341 4225 2503 4295 μέχρι
2556 4220 2651 4274 τοῦ
2688 4218 2785 4273 νῦν
2816 4216 2971 4288 παρὰ
2999 4214 3107 4268 τῶν
3132 4210 3391 4265 ἐντοπίων
3419 4203 3684 4273 ’Έλληνες

2116 4312 2640 4388 προσαγορεύονται,
2703 4310 2795 4362 διὰ
2858 4309 2920 4361 τὸ
3015 4309 3072 4359 ἐν
3127 4298 3242 4364 τοῖς
3326 4295 3686 4371 προπαλαιοῖς

438 4380 738 4475 ξςουανιίἰω.
773 4397 869 4455 sed
906 4398 960 4452 iu
988 4402 1281 4467 praeturam
1320 4398 1506 4453 erecta
1547 4386 1648 4440 fuit
1676 4384 1779 4440 sub
1805 4382 1997 4438 Christi

2124 4380 2335 4476 χρόνοις
2368 4380 2765 4471 γείδωλολάτρας
2815 4392 2955 4451 εἶναι
3005 4394 3100 4449 καὶ
3139 4387 3523 4465 προσκυνητάς
3579 4383 3687 4436 τῶν

439 4474 657 4550 amante
675 4494 1010 4563 imperatore
1033 4486 1235 4541 Leone.
1282 4480 1548 4537 Calabriae
1571 4485 1809 4549 praetura
1832 4474 2007 4530 duca-

438 4594 529 4639 tus
552 4584 680 4638 olitn
721 4588 838 4635 erat
877 4586 1127 4649 praeturae
1174 4571 1396 4629 Siciliae.
1428 4567 1718 4625 Charsiani
1774 4572 2010 4637 praetura

444 4684 622 4726 turma
640 4669 941 4738 antiquitus
966 4665 1555 4723 eratArmenlacorum
1589 4665 1861 4729 praeturae.
1900 4654 2013 4709 Sub

442 4761 626 4816 Leone
654 4767 837 4815 autem
860 4757 1063 4814 Christi
1083 4751 1650 4820 amanteimperatore
1701 4762 1731 4801 a
1776 4746 2014 4800 themate

408 4882 409 4885 η
441 4853 687 4908 Buccella
699 4852 904 4905 riorum
925 4850 979 4904 in
995 4848 1380 4919 Cappadocum
1407 4848 1587 4897 thema
1613 4839 1875 4894 translata
1892 4836 2013 4891 lue-

445 4956 576 4998 runt
629 4944 745 4998 haec
772 4941 972 5006 bauda,
1030 4939 1330 4994 vicariatus
1365 4935 1612 4995 Baretas,
1649 4931 2014 4991 Balbadonos,

442 5038 788 5105 Aspunas,|et
808 5033 1051 5087 Acarcus
1083 5048 1098 5088 :
1124 5045 1188 5085 ex
1205 5029 1445 5083 themate
1467 5038 1597 5079 vero
1611 5021 2017 5075 Anatolicorum

443 5127 500 5180 in
530 5125 713 5181 thema
736 5123 1121 5195 Cappadocum
1139 5119 1329 5175 isthaec
1349 5116 1569 5187 quidem
1590 5112 1763 5168 banda
1780 5109 2019 5165 transla-

447 5230 502 5274 ta
533 5226 682 5284 sunt,
716 5216 978 5271 nimirum
1002 5212 1299 5267 vicariatus
1315 5206 1665 5267 Eudociadis,
1686 5202 1858 5258 sancti
1872 5202 2018 5272 Aga-

448 5312 581 5380 peti,
609 5320 662 5366 et
681 5308 982 5380 Aphrazize.
1018 5302 1292 5372 Factaque
1319 5307 1448 5354 sunt
1476 5306 1680 5366 septem
1735 5294 1851 5348 haec
1876 5293 2015 5348 bau-

451 5404 544 5465 da,
564 5416 758 5470 uempe
775 5396 1237 5453 Buccellariorum
1258 5400 1519 5462 quatuor,
1539 5397 1592 5442 et
1606 5385 2021 5440 Anatolicorum

453 5491 580 5558 tria,
610 5499 790 5545 turma
825 5504 955 5555 una,
988 5500 1108 5561 qut?
1141 5500 1287 5540 nunc
1313 5481 1599 5540 Commata
1647 5485 2020 5548 nuncupatur.

2119 4473 2351 4549 είόὠλων
2396 4493 2539 4547 κατὰ
2570 4492 2696 4554 τοὺς
2738 4487 3002 4549 παλαιοὺς
3029 4483 3330 4552 Ἕλληνας*
3366 4477 3561 4538 οἵτινες
3596 4473 3689 4525 ἐπὶ

2116 4588 2219 4657 τῆς
2250 4582 2525 4657 βασιλείας
2562 4581 2656 4635 τοῦ
2674 4580 2918 4649 ἀοιδίμου
2966 4573 3246 4629 Βασιλείου
3295 4566 3689 4640 βαπτισθέντες

2118 4654 2432 4749 Χριστιανοὶ
2489 4672 2794 4742 γεγόνασιν.
2840 4669 2898 4722 '0
2926 4668 2983 4721 δὲ
3038 4666 3201 4727 τόπος
3234 4663 3293 4716 ἐν
3340 4654 3385 4728 ᾧ
3415 4657 3684 4715 οἰκοῦσιν,

2122 4747 2271 4822 ἐστὶν
2294 4766 2521 4837 ἄνυδρος
2567 4764 2662 4817 καὶ
2717 4760 3035 4831 ἀπρόσοδος,
3098 4754 3416 4823 ἐλαιοφόρος
3452 4751 3541 4802 δέ·
3568 4747 3691 4798 ὅθεν

2121 4860 2216 4913 καὶ
2243 4858 2345 4929 τὴν
2374 4853 2729 4925 παραμυθίαν
2755 4851 2958 4921 έχουσι.
2984 4849 3262 4902 Διάκειται
3307 4842 3375 4895 δὲ’
3393 4842 3421 4892 ὁ
3456 4835 3691 4896 τοιοῦτος

2120 4923 2405 5013 τόποςῇείς
2451 4923 2641 5015 ἄκραν.
2672 4943 2764 4998 τοῦ
2827 4941 3066 5005 Μαὶαία,
3127 4939 3296 5008 ἧγουν
3342 4929 3548 4985 ἐκεῖθεν
3597 4923 3691 4979 τοῦ

2133 5040 2353 5110 Ἐζεροῦ
2380 5039 2518 5109 πρὸς
2550 5036 2650 5105 τὴν
2683 5030 3158 5105 παραθαλασσίαν.
3189 5027 3289 5081 Διὰ
3313 5024 3371 5077 δὲ
3391 5023 3453 5075 τὸ
3472 5018 3693 5079 τελείως

2122 5106 2600 5199 ὑποτεταγμένους
2628 5122 2772 5180 εἶναι
2801 5124 3022 5187 αὐτοὺς,
3049 5121 3144 5174 καὶ
3167 5120 3407 5190 ἄρχοντα
3435 5106 3695 5183 ποιράτοῦ

2127 5219 2435 5293 στρατηγοῦ
2469 5217 2743 5289 δέχεσθαι,
2800 5216 2894 5268 καὶ
2955 5213 3273 5282 πειθαρχεῖν
3322 5209 3416 5262 καὶ
3452 5203 3699 5260 ὑπείκειν

2129 5315 2250 5376 ταῖς
2299 5311 2392 5364 τοῦ
2446 5307 2751 5381 στρατηγοῦ
2806 5306 3185 5376 προστάξεσιν,
3249 5301 3548 5371 παρείκουσι
3593 5294 3700 5345 πά-

2131 5420 2260 5457 κτον
2282 5404 2345 5454 ἐκ
2369 5401 2701 5455 παλαιτάτου
2740 5398 2933 5470 χρόνον
2989 5413 3028 5447 ιι
3079 5391 3147 5448 υ’.
3185 5391 3383 5445 ’ἰστέον
3416 5388 3499 5441 ὅτι
3534 5385 3569 5455 ἠ
3603 5382 3701 5450 τῆς

2131 5493 2528 5556 Καππαδοκίας
2560 5490 2856 5562 στρατηγὶς
2879 5489 2940 5542 τὸ
2964 5486 3195 5542 παλαιὸν
3227 5481 3440 5553 τοῦρμα
3483 5473 3550 5549 ἢν
3602 5472 3703 5544 τῆς

1595 5611 1897 5668 ANSELMI
1929 5606 2157 5664 BANDU
2170 5606 2257 5660 [ἰΙί
2304 5601 2509 5658 ΝΟΤΑ⁸
2522 5643 2535 5656 .

530 5712 643 5786 (‘22)
677 5714 751 5770 lta
779 5729 879 5770 ms.
918 5714 1107 5771 codex.
1145 5712 1286 5769 Editi
1313 5710 1533 5775 habent,
1580 5706 1879 5778 ἀρξάμενος
1919 5700 1997 5759 obl

2099 5699 2308 5771 ολεμεῖν
2340 5700 2520 5764 αὑτός.
