4046 6208
369 355 469 417 37"!

1404 351 1504 412 DE
1543 352 2181 414 ADMINISTRANDO
2204 353 2556 416 IMPERIO.

3511 361 3618 426 378

368 466 478 517 τῶν
517 461 880 516 Ἀνατολικῶν
912 458 1281 530 στρατηγίδος.
1325 460 1523 514 ’ἰστέον
1559 463 1641 514 ὅτι
1681 465 1714 532 ή
1761 465 1939 532 Κεφα-

2059 463 2229 518 Porro
2271 466 2374 520 sub
2415 466 2608 520 eodem
2647 463 2849 520 Christi
2885 467 3266 522 amantissimo
3297 464 3627 536 imperatore

371 556 564 624 ληνίας
628 555 948 623 στρατηγὶς,
1004 553 1171 620 ἤγουν
1209 553 1275 606 τὰ
1303 553 1487 621 νησία,
1525 555 1742 624 τοῦρμα
1792 553 1860 620 ἦν
1891 558 1939 610 τὶ

2057 555 2527 610 Leoneathemate
2554 554 3016 611 Buccellariorum
3045 558 3100 610 in
3121 559 3409 614 Charsiani
3439 561 3625 615 thema

376 648 606 702 παλαιὸν
628 649 726 714 τῆς
757 643 1105 717 στρατηγίδος
1132 643 1538 714 Λογουϐαρδίας
1557 661 1572 675 ο
1605 646 1696 698 ἐπὶ
1714 647 1770 699 δὲ
1789 647 1939 702 Λέον·

2057 646 2323 698 translata
2349 653 2480 699 sunt
2514 646 2627 698 hate
2656 646 2859 708 banda,
2888 647 3190 701 vicariatus
3220 647 3624 719 Myriocephali,

374 754 465 800 τος
503 738 596 790 τοῦ
657 735 997 806 φιλοχρίστου
1054 734 1318 788 δεσπότου
1390 737 1581 804 γέγονε
1632 739 1947 807 στρατηγίς.

389 827 586 880 Ἰστέον
619 827 748 896 ὁτιή
798 824 1116 895 Καλαὸρίας
1153 827 1451 896 στρατηγὶς
1481 826 1740 880 δουκάτον
1771 823 1840 897 ἦν
1888 829 1948 881 τὸ

378 917 604 971 παλαιὸν
633 917 728 986 τῆς
759 917 1116 986 στρατηγίδος
1154 916 1420 980 Σικελίας.
1450 917 1646 971 Ἰστέον
1678 920 1760 971 ὅτι
1788 920 1819 990 ή
1851 919 1947 972 τοῦ

379 1007 682 1080 Χαρσιανοῦ
715 1008 1012 1076 στρατηγὶς
1070 1006 1420 1076 (ἓωτοῦρμα
1478 1004 1547 1077 ἦν
1605 1008 1668 1060 τὸ
1715 1010 1946 1064 παλαιὸν

379 1101 476 1169 τῆς
497 1098 600 1151 τῶν
641 1098 1021 1168 Ἀρμενιακῶν
1046 1100 1426 1169 στρατηγίδος.
1476 1102 1675 1155 ’ἰστέον
1723 1104 1804 1156 ὅτι
1851 1105 1944 1158 ἐπὶ

376 1190 596 1253 Λέοντος
623 1189 722 1243 τοῦ
753 1191 1102 1262 φιλοχρίστου
1130 1192 1392 1245 δεσπότου
1427 1193 1536 1247 ἀπὸ
1581 1194 1677 1247 τοῦ
1708 1195 1943 1266 θέματος

371 1282 475 1335 τῶν
502 1282 882 1352 Βουκελαρίων
944 1285 1024 1346 εἰς
1053 1281 1113 1335 τὸ
1141 1285 1526 1338 Καππαδοκῶν
1550 1286 1695 1356 θέμα
1727 1289 1944 1357 μετετέ-

368 1371 534 1440 θησαν
566 1371 741 1424 ταῦτα
761 1371 831 1425 τὰ
868 1371 1033 1441 βάνδα
1063 1370 1175 1440 (‘24)
1197 1388 1208 1401 ·
1234 1375 1402 1443 ἡτοιή
1433 1376 1807 1444 τοποτηρησία
1829 1377 1941 1445 (25)

367 1463 634 1532 Βάρετας,
664 1465 698 1534 ἡ
726 1463 1101 1533 τοποτηρησὶα
1132 1463 1944 1534 Βαλδοιδῶνος,ήτοποτηρησία

379 1555 667 1619 Ἀσπόνας,
702 1556 795 1608 καὶ
829 1556 862 1623 ἡ
901 1553 1280 1622 τοποτηρησίοι
1336 1552 1680 1623 ³Δκαρκοῦς·
1714 1556 1806 1608 καὶ
1836 1555 1944 1606 ἀπὸ

365 1645 457 1697 τοῦ
483 1645 720 1714 θέματος
748 1643 858 1695 τῶν
896 1642 1258 1696 Ἀνατολικῶν
1317 1643 1399 1706 εἰς
1451 1644 1512 1696 τὸ
1556 1645 1942 1699 Καππαδοκῶν

367 1734 510 1804 θέμα
552 1733 922 1803 μετετέθησαν
959 1733 1133 1787 ταῦτα
1167 1734 1236 1787 τὰ
1259 1734 1423 1804 βάνδα
1453 1751 1468 1766 ⁸
1489 1736 1668 1806 ἧτοιή
1703 1752 1940 1807 τοποτη-
1973 1775 2016 1830 Β

368 1824 534 1892 ρησία
579 1823 681 1893 τῆς
747 1824 1089 1890 Εὐδοκιάδος,
1137 1826 1170 1894 ἡ
1219 1825 1594 1896 τοποτηρησία
1645 1825 1740 1879 τοῦ
1780 1825 1939 1893 ἁγίου

378 1913 716 1984 Ἀγαπητοῦ,
742 1917 776 1986 ἡ
805 1915 1181 1986 τοποτηρησία
1231 1909 1558 1986 ’Δφραζείας
1587 1933 1602 1949 ο
1655 1918 1751 1971 καὶ
1819 1917 1942 1984 ἐγέ-

364 2022 517 2058 νοντο
543 2004 718 2060 ταῦτα
746 2006 814 2059 τὰ
849 2006 996 2060 ἑπτὰ
1029 2007 1198 2076 βὰνδα
1226 2007 1347 2076 ἦτοι
1379 2008 1462 2079 τὰ.
1499 2007 1607 2059 τῶν
1639 2008 1942 2061 Βουκελλα·

371 2093 504 2160 ρίων
535 2095 799 2166 τέσσαρα,
839 2097 934 2148 καὶ
958 2097 1085 2165 τρία
1138 2096 1248 2148 τῶν
1291 2097 1674 2160 ’Λνατολικῶν,
1730 2097 1943 2167 τοῦρμα

372 2177 489 2242 μία,
517 2181 550 2249 ὴ
584 2180 678 2231 νῦν
703 2181 770 2233 τὰ
805 2182 1075 2250 Κόμματα
1107 2183 1396 2253 λεγομένη.
1451 2184 1648 2237 Ἰστέον
1708 2187 1789 2238 ὃτι
1852 2185 1945 2236 ἐπὶ

365 2269 592 2330 Λέοντος
621 2269 719 2324 τοῦ
751 2271 1091 2342 φιλοχρίστου
1116 2272 1374 2325 δεσπότου
1413 2273 1528 2328 ἀπὺ
1569 2271 1663 2325 τοῦ
1709 2273 1941 2342 θέματος

363 2359 472 2410 τῶν
503 2359 911 2431 Βουκελλαρίων
943 2367 1022 2426 εἰς
1045 2365 1104 2417 τὸ
1134 2363 1274 2432 θέμα
1298 2364 1616 2434 Χαρσιανοῦ
1647 2365 1942 2434 μετετέθη-

365 2465 464 2500 σαν
489 2448 661 2501 ταῦτα
687 2453 754 2502 τὰ
797 2451 993 2520 βάνδα-
1050 2454 1170 2522 ἦτοι
1206 2456 1236 2520 ή
1268 2454 1640 2524 τοποτηρησῑα
1682 2454 1776 2506 τοῦ
1825 2456 1943 2507 Μυ-

364 2539 714 2606 ριοκεφάλου,
767 2541 798 2609 ἡ
824 2540 1197 2610 τοποτηρησία
1222 2540 1316 2592 τοῦ
1343 2541 1525 2611 τιμίου
1552 2541 1814 2613 Σταυροῢ,
1847 2543 1941 2595 καὶ

363 2634 393 2698 ὴ
425 2631 796 2701 τοποτηρησία
825 2632 1260 2702 Βερινουπόλεως
1289 2648 1303 2664 ο
1332 2634 1426 2686 καὶ
1454 2633 1702 2700 ἐγένοντο
1725 2633 1939 2703 τοῦρμα

362 2725 396 2791 ἠ
422 2720 517 2774 νῦν
540 2722 774 2775 Σανιάνα
829 2723 1120 2794 λεγομένη.
1151 2725 1272 2776 Κα).
1290 2725 1399 2777 ἀπὸ
1425 2723 1518 2776 τοῦ
1545 2724 1781 2794 θέματος
1825 2725 1936 2777 τῶν

376 2811 756 2882 Ἀρμενιακῶν
791 2813 870 2873 εἰς
925 2811 986 2862 τὸ
1027 2810 1122 2862 τοῦ
1151 2809 1462 2879 Χαρσιανοῦ
1521 2811 1666 2879 θέμα.
1722 2811 1940 2879 μετετέ-

364 2903 532 2972 θησαν
559 2904 734 2957 ταῦτα
791 2902 858 2954 τὰ
910 2902 1117 2972 βάνδα’
1177 2904 1296 2972 ἦτοι
1344 2904 1378 2972 ἡ
1427 2901 1525 2955 τοῦ
1580 2901 1938 2971 Κομοδρόμου

363 2991 756 3062 τοποτηρησία,
783 2993 816 3061 ὴ
846 2991 1218 3062 τοποτηρησία
1249 2991 1451 3053 Ταϐιας
1485 3009 1499 3022 ο
1546 2993 1640 3043 καὶ
1697 2993 1779 3054 εἰς
1842 2991 1940 3061 τὴν

2054 736 2378 791 veneranda
2430 737 2636 800 crucis,
2691 746 2744 789 et
2781 737 3222 807 BcrinOpoleos;
3277 738 3527 807 factaque
3557 757 3624 794 ex

2052 826 2120 881 iis
2163 827 2263 880 t'uit
2299 837 2500 890 turma,
2532 843 2652 897 quae
2688 843 2835 883 nunc
2867 829 3129 897 temporis
3163 828 3404 882 Saniana
3435 833 3622 899 appel-

2053 919 2216 972 latur.
2243 918 2798 974 AbArmcniacorum
2823 936 2952 974 vero
2978 921 3220 974 themate
3247 922 3304 974 in
3334 922 3623 976 Charsiani

2052 1011 2234 1064 thema
2290 1007 2405 1065 haec
2442 1013 2621 1065 banda
2652 1013 2920 1065 translata
2952 1019 3116 1077 sunt;
3161 1023 3292 1081 puta
3325 1013 3624 1068 vicariatus

2050 1098 2422 1167 Comodromi,
2448 1109 2499 1154 et
2521 1101 2822 1156 vicariatus
2864 1101 3086 1166 Tabiaz;
3125 1102 3432 1171 adjectique
3473 1101 3624 1156 fuere

2047 1191 2324 1260 praedictae
2369 1192 2659 1245 Charsiani
2704 1201 2918 1246 turum.
2952 1192 2992 1246 E
3021 1193 3404 1262 Cappadocum
3440 1200 3620 1247 autem

2046 1284 2286 1336 themate
2318 1283 2370 1336 iu
2401 1284 2688 1339 Charsiani
2724 1284 2918 1338 itidem
2954 1286 3134 1339 thema
3178 1285 3442 1339 translata
3467 1285 3623 1338 fuere

2051 1373 2164 1428 haec
2192 1374 2405 1439 banda;
2437 1375 2690 1429 universa
2719 1390 2914 1444 nempe
2948 1387 3124 1430 turma
3155 1375 3344 1439 Cases,
3376 1385 3428 1429 et
3464 1375 3620 1428 Vica-

2049 1462 2220 1514 riatus
2273 1460 2462 1531 Nyssaa
2489 1479 2613 1518 cum
2668 1465 2936 1518 Czesarea.
2977 1464 3218 1519 Chozani
3266 1481 3396 1518 vero
3432 1466 3615 1516 thema

2046 1548 2176 1599 olim
2208 1558 2326 1600 erat
2351 1551 2453 1604 sub
2487 1552 2803 1615 Saracenis,
2839 1557 3292 1622 quemadmodum
3339 1563 3392 1608 et
3419 1553 3614 1608 Asmo-

2047 1639 2172 1693 sati.
2210 1639 2442 1693 Chauzit
2474 1658 2626 1705 vero,
2680 1651 2734 1696 et
2771 1645 3168 1713 Romanopolis
3201 1648 3433 1701 rlusura:
3458 1657 3616 1701 erant

2047 1730 2518 1785 Mcliliniatorum.
2556 1731 2619 1785 Et
2655 1749 2685 1785 a
2723 1743 2907 1788 monte
2962 1733 3271 1799 Phatilano,
3330 1754 3451 1806 quae
3481 1741 3616 1794 ulte-

2047 1823 2165 1878 rius
2205 1823 2414 1891 jar-ent,
2453 1823 2556 1878 sub
2594 1809 2885 1879 Saracenis
2913 1833 3104 1887 erant;
3161 1824 3331 1878 'l‘eces
3357 1842 3486 1880 vero
3519 1831 3620 1882 sub

2047 1913 2314 1977 Manuele,
2348 1915 2414 1968 At
2436 1914 2706 1969 Camacha
2740 1926 2913 1969 turma
2959 1915 3431 1986 propugnaculum
3458 1917 3621 1972 Colo-

2045 2007 2148 2059 nia!
2177 2013 2317 2071 erat,
2354 2006 2517 2059 sicuti
2550 2005 2825 2062 Celtzines
2866 2013 3048 2058 turma
3079 2005 3148 2060 ad
3183 2004 3468 2059 Chaldiam
3503 2022 3621 2075 per-

2045 2099 2297 2163 tinebat;
2355 2099 2451 2154 sed
2501 2098 2896 2168 MesOpotamia
2952 2107 3084 2152 tunc
3145 2098 3411 2167 temporis
3437 2099 3618 2153 thema

2047 2204 2153 2242 non
2202 2198 2321 2242 erat
2357 2206 2370 2242 :
2406 2198 2460 2242 at
2488 2188 2595 2244 Leo
2628 2190 2719 2244 ille
2762 2191 2968 2246 Christi
3007 2205 3199 2244 amans
3237 2198 3290 2244 et
3317 2189 3619 2259 praeclarus

2047 2277 2346 2348 imperator
2381 2277 2686 2333 Manuelem
2716 2279 2869 2333 illum
2903 2282 3200 2334 securitate
3227 2281 3397 2334 verho
3419 2281 3545 2334 data
3587 2297 3618 2336 e

2046 2368 2186 2424 Tece
2215 2370 2473 2425 eductum
2506 2371 2560 2424 in
2601 2371 2786 2426 urbem
2826 2370 3338 2441 Protospatharium
3386 2374 3615 2428 creavit.

2044 2457 2212 2509 Erant
2255 2465 2434 2511 autem
2484 2458 2609 2512 huic
2639 2458 2869 2512 Manucli
2924 2471 3162 2525 quatuor
3195 2461 3314 2523 lilii,
3354 2461 3615 2513 nimirunt

2041 2543 2440 2607 Pancratucas,
2489 2544 2822 2604 Jachnucas.
2856 2546 3178 2616 Mudaphar.
3215 2558 3267 2602 et
3312 2547 3554 2602 Joannes
3599 2562 3614 2601 :

2040 2640 2094 2686 et
2123 2630 2505 2686 Pancratucan
2533 2633 2754 2701 quidem
2782 2634 3085 2702 imperator
3112 2634 3442 2688 Hicanatum
3475 2649 3618 2688 crea-

2042 2721 2140 2784 vit,
2193 2727 2249 2774 et
2302 2719 2460 2790 136
2507 2721 2703 2776 deinde
2763 2730 3051 2791 praetorem
3113 2724 3616 2788 Buccellariorum;

2040 2809 2381 2866 Jachnucam
2434 2821 2674 2881 prmtura
2733 2813 3060 2883 Nicopoleos
3119 2815 3380 2882 donavit;
3433 2819 3619 2874 llluda-

2042 2905 2181 2974 phar
2212 2919 2342 2958 vero
2372 2911 2426 2957 et
2454 2902 2653 2957 Joanni
2679 2905 3019 2972 impcrialem
3057 2915 3263 2962 terram
3316 2910 3372 2963 in
3405 2908 3612 2976 Trape~

2043 3003 2209 3047 zunte
2235 2992 2406 3057 dedit,
2439 2991 2802 3061 dignitatibus
2826 3010 3020 3052 omnes
3046 3006 3100 3052 et
3128 2998 3408 3053 beneﬁciis
3432 3001 3618 3056 multis

363 3083 612 3153 τοῦρμαν
637 3083 731 3135 τοῦ
758 3081 1070 3152 Χαρσιανοῦ
1108 3081 1205 3150 τὴν
1253 3081 1550 3152 εἰρημένην
1612 3081 1939 3149 προσετέθηο

2046 3082 2435 3136 cohonestans.
2481 3081 2543 3136 Et
2597 3081 3045 3151 MesOpotamiam
3077 3088 3133 3141 in
3169 3089 3350 3144 thema
3384 3089 3615 3160 redegit,

353 3181 483 3230 now.
525 3170 662 3228 ’Λπὸ
683 3174 739 3227 δὲ
763 3174 856 3226 τοῦ
891 3173 1280 3226 Καππαδοκῶν
1309 3173 1388 3236 εἰς
1423 3173 1484 3226 τὸ
1518 3173 1611 3226 τοῦ
1630 3170 1940 3242 Χαρσιανοῢ

363 3267 508 3337 θέμα
535 3265 708 3319 ταῦτα
731 3268 798 3318 τὰ
831 3263 1000 3334 βὰνδα
1026 3265 1401 3334 μετετέθησαν
1431 3278 1445 3292 ⁶
1495 3264 1616 3333 ἦτοι
1650 3265 1682 3333 ἡ
1717 3262 1938 3333 τοῦρμα

364 3356 556 3425 Κασῆς
615 3355 674 3422 ἐξ
718 3355 1039 3424 ὁλοκλήρου,
1087 3357 1179 3408 καὶ
1230 3357 1261 3424 ἡ
1314 3355 1684 3425 τοποτηρησία
1717 3353 1939 3424 Νύσσης

366 3447 506 3514 μετὰ
528 3448 624 3516 τῆς
676 3449 1034 3517 Καισαρείας.
1069 3447 1262 3500 Ἰστέον
1307 3446 1390 3498 ὃτι
1437 3449 1555 3508 τοῖς
1607 3445 1938 3515 παρελθοῦσι

363 3541 574 3610 χρόνοις
605 3544 665 3592 τὸ
696 3541 791 3593 τοῦ
816 3541 1056 3605 Χοζάνου
1078 3540 1220 3607 θέμα
1248 3539 1360 3608 (26)
1395 3539 1500 3592 ὑπὸ
1526 3538 1634 3591 τῶν
1677 3539 1937 3607 Σαρακη-

362 3633 468 3685 νῶν
493 3628 582 3702 ἦν,
622 3632 823 3701 ὁμοίως
852 3633 943 3684 καὶ
992 3631 1052 3684 τδ
1111 3631 1204 3683 τοῦ
1264 3630 1603 3701 Ἀσμοσάτου
1658 3630 1798 3701 θέμα
1844 3631 1938 3684 καὶ

361 3725 505 3789 αὐτὸς
531 3723 637 3776 ὑπό
665 3723 771 3777 τῶν
811 3722 1144 3792 Σαρακηνῶν
1181 3717 1268 3791 ἦν.
1310 3722 1382 3774 Τὸ
1419 3723 1476 3774 δὲ
1511 3721 1738 3783 Χανζὶτ,
1771 3723 1863 3774 καὶ
1903 3724 1936 3791 ἡ

373 3815 798 3886 Ῥωμανόπολις,
861 3813 1154 3883 κλεισοῦρα
1200 3815 1307 3866 τῶν
1378 3813 1774 3866 Μελιτινιατῶν
1817 3814 1932 3881 (‘27)

361 3907 626 3977 ὑπῆρχον.
659 3905 765 3958 Καὶ
788 3904 896 3957 ἀπὸ
916 3903 1008 3956 τοῦ
1031 3906 1186 3974 ὅρους
1243 3904 1337 3956 τοῦ
1415 3905 1709 3957 Φατιλάνου
1761 3907 1939 3956 πάντα

359 4001 426 4052 τὰ
452 3998 656 4052 ἐκεῖθεν
686 3996 795 4050 τῶν
841 3996 1173 4067 Σαρακηνῶν
1228 3996 1494 4063 ὑπῆρχεν.
1549 3995 1623 4045 Th
1657 3994 1715 4045 δὲ
1758 3995 1939 4061 Τεκῆς

359 4088 427 4161 ἦν
452 4090 547 4144 τοῦ
582 4090 862 4159 Μανουήλ.
923 4091 986 4142 Ἠ
1037 4089 1093 4141 δὲ
1148 4089 1391 4158 Κάμαχα
1440 4091 1472 4157 ἡ
1525 4087 1740 4157 τοῠρμα
1791 4088 1937 4157 ἄκρα

361 4183 636 4245 Κολωνίας
691 4179 758 4255 ἦν
786 4200 799 4213 ·
822 4184 855 4251 ἡ
877 4182 934 4234 δὲ
961 4180 1060 4249 τῆς
1090 4179 1390 4248 Κελτζινῆς
1434 4179 1649 4248 τοῦρμα
1689 4181 1793 4232 ὑπὸ
1840 4181 1938 4247 τὴν

359 4274 596 4328 Χαλδεαν
656 4269 742 4344 ἦν.
793 4272 856 4325 Ἦ
909 4272 966 4324 δὲ
1005 4271 1404 4340 Μεσοποταμία
1442 4271 1520 4340 τῷ
1568 4271 1688 4323 τότε
1759 4271 1936 4341 καιρῷ

360 4367 502 4435 θέμα
529 4367 626 4418 οὐκ
666 4361 733 4435 ἦν
758 4382 773 4398 ο
811 4365 962 4417 Λέων
1001 4365 1057 4416 δὲ
1081 4363 1481 4432 ὁέριλόχριστος
1545 4363 1639 4415 καὶ
1690 4363 1938 4432 ἀοίδιμος

2046 3188 2107 3225 at:
2145 3170 2374 3226 Oresten
2411 3171 2564 3226 illum
2595 3172 2998 3230 Cltarsianitem
3041 3187 3328 3246 praetorem
3361 3182 3618 3252 designa-

2046 3264 2143 3325 vit,
2181 3269 2504 3331 turmasque
2532 3263 2823 3317 Camachae
2851 3273 2905 3318 et
2939 3265 3217 3322 Celtzincs
3250 3277 3380 3323 tunc
3405 3279 3618 3340 tempo-

2045 3351 2122 3405 ris
2163 3353 2265 3407 sub
2294 3351 2534 3408 themate
2565 3352 2973 3424 Mesopotamia:
3005 3358 3318 3412 constituit.
3349 3361 3476 3415 llaec
3501 3376 3619 3414 om-

2043 3445 2133 3499 nia
2161 3452 2342 3498 autem
2376 3459 2501 3498 cum
2561 3460 2740 3515 nuper
2772 3447 2875 3500 sub
2917 3448 3166 3502 dominio
3201 3450 3312 3504 sint
3349 3449 3621 3503 Romano-

2042 3551 2163 3590 rum
2193 3535 2441 3590 Romano
2460 3536 2764 3606 imperante
2783 3538 2846 3592 ad
2873 3537 3281 3609 Mesopotamia:
3307 3541 3488 3596 tltema
3519 3543 3619 3595 ad-

2042 3629 2170 3684 dita:
2225 3644 2448 3700 quoque
2502 3627 2726 3688 fuerunt
2788 3629 3209 3702 Romanopolis,
3257 3643 3312 3688 et
3367 3634 3620 3690 Chanzit.

2042 3721 2157 3774 Sub
2214 3720 2396 3775 Leone
2426 3732 2607 3776 autem
2641 3721 2850 3776 Christi
2880 3733 3103 3778 amante
3130 3725 3466 3795 imperatore
3516 3727 3621 3779 La-

2042 3812 2183 3864 rissa
2215 3809 2480 3864 Sebastiae
2512 3820 2692 3864 turma
2721 3821 2862 3875 crat,
2901 3825 2960 3867 ut
2986 3814 3330 3883 Cymbalaeus
3365 3816 3622 3870 Chai-sia-

2044 3901 2095 3953 ni
2135 3910 2230 3951 :at
2269 3899 2616 3968 Symposium
2651 3901 2931 3954 desertum
2951 3915 3071 3956 erat
3109 3905 3176 3956 ad
3207 3905 3451 3974 Lyeandi
3495 3922 3616 3972 par-

2044 3995 2127 4040 tes
2153 3987 2342 4040 situm.
2379 3985 2690 4053 lmperante
2717 3993 2898 4040 autem
2932 3988 3125 4041 eodem
3171 3988 3374 4042 Christi
3404 4003 3622 4045 atnante

2043 4076 2226 4130 Leone
2251 4075 2578 4129 Eustathius
2603 4074 2803 4145 Argyri
2845 4077 2914 4130 ab
2945 4078 3114 4132 exilio
3146 4088 3438 4133 revocatus
3462 4080 3625 4135 Char-

2045 4169 2188 4224 siaui
2219 4176 2420 4237 praetor
2457 4168 2636 4222 factus
2660 4178 2783 4230 est;
2819 4166 3006 4224 Mclias
3037 4185 3168 4225 vero
3215 4170 3397 4225 adhuc
3428 4172 3482 4226 in
3516 4173 3622 4227 Me-

2047 4262 2212 4316 litene
2239 4258 2548 4316 exsulabat.
2587 4259 2653 4312 Et
2694 4258 2997 4316 Baasacius
3037 4277 3161 4315 cum
3195 4263 3408 4317 duobus
3437 4264 3622 4318 fratri-

2046 4354 2148 4408 bus
2181 4351 2462 4407 Cricorice
2491 4366 2556 4405 ac
2603 4349 2844 4419 Pazune,
2881 4353 3010 4406 item
3051 4353 3247 4408 lsmael
3304 4354 3394 4410 ille
3427 4357 3619 4410 Arme-

361 4457 612 4529 βκσιλεὺς
643 4456 732 4508 τὸν
758 4453 1018 4525 Μανουὴλ
1041 4455 1249 4506 ἐκεῖνον
1271 4451 1377 4505 ἀπὸ
1408 4451 1503 4504 τοῦ
1554 4451 1734 4522 Τεκῆς
1799 4451 1938 4520 μετὰ

2045 4447 2194 4510 nius,
2219 4454 2273 4500 et
2301 4444 2366 4498 ad
2393 4444 2546 4498 illum
2581 4443 2746 4498 simul
2776 4452 2828 4498 et
2865 4444 2932 4498 ad
2963 4445 3260 4515 Argyrum,
3283 4463 3443 4516 quem
3483 4448 3625 4500 dixi-

358 4549 518 4616 λόγου
551 4546 840 4617 ἐξήγαγεν,
874 4547 968 4598 καὶ
996 4547 1053 4597 ὲν
1074 4549 1136 4616 τῇ
1162 4545 1313 4598 πόλει
1339 4545 1503 4596 αὐτὸν
1534 4546 1821 4613 εἰσήγαγε,
1839 4546 1935 4597 καὶ

362 4638 857 4708 πρωτοσπαθάριον
894 4637 1216 4706 πεποίηκεν.
1262 4637 1414 4707 Ἔχει
1445 4635 1500 4688 δὲ
1531 4638 1558 4688 ὁ
1591 4637 1753 4698 αὐτὸς
1783 4636 1936 4690 Μαύ-

359 4729 980 4798 νουὴλ³υἱοὺςτέσσαρας,
995 4727 1085 4780 τὸν
1101 4727 1554 4796 Παγκρατούκαν,
1574 4727 1665 4779 τὸν
1697 4726 1927 4794 Ίαχνού-

359 4839 483 4886 καν,
514 4820 604 4873 τὸν
643 4819 966 4889 Μουδάκραρ,
1001 4820 1094 4871 καὶ
1132 4819 1222 4872 τὸν
1259 4818 1531 4886 ’ῐωάννηψ
1559 4819 1652 4871 καὶ
1699 4819 1790 4870 τὸν
1835 4817 1934 4886 μὲν

363 4911 802 4978 Παγκρατούκαν
833 4910 946 4981 (28)
975 4913 1002 4963 ὁ
1030 4908 1288 4979 βασιλεὺς
1335 4909 1590 4962 ἱκανάτον
1639 4908 1929 4974 πεποίηκε,

361 5007 450 5054 καὶ
482 5005 618 5070 μετὰ
647 5001 804 5055 τοῦτο
833 5001 1135 5070 στρατηγὸν
1172 5001 1250 5063 εἰς
1289 5001 1417 5062 τοὺς
1453 4998 1878 5069 Βουκελλαρίους
1908 5014 1921 5027 ·

359 5090 527 5144 cevas
561 5087 1302 5161 ἸαχνούνιανείςΝικόπολιν
1326 5088 1636 5158 στρατηγὸν
1680 5089 1921 5156 ἐποίησε.

358 5185 448 5235 τὸν
485 5183 786 5254 Μουδάφαρ
818 5183 1026 5236 καὶτὸν
1061 5181 1313 5250 Ἰωάννην
1352 5181 1410 5232 ὲν
1450 5179 1822 5252 Τραπεζοῦντι
1846 5180 1933 5232 6:-

2045 4553 2188 4598 tnus,
2233 4535 2598 4605 scripserunt,
2637 4543 2693 4588 ut
2730 4550 2824 4604 per
2857 4535 3062 4589 bullam
3099 4551 3324 4590 auream
3359 4536 3486 4590 data
3513 4538 3618 4591 sibi

2043 4629 2346 4686 securitate
2371 4628 2610 4689 exirent,
2664 4634 2719 4681 et
2747 4627 3045 4684 Baasacius
3086 4630 3308 4698 quidem
3347 4645 3469 4684 cum
3507 4631 3622 4685 fra-

2039 4721 2220 4775 tribus
2254 4718 2493 4773 Larissze
2522 4718 2682 4773 sedes
2710 4728 2960 4788 poneret,
2987 4729 3390 4792 vocareturque
3423 4722 3625 4777 Baasa-

2039 4812 2158 4866 cius
2190 4809 2425 4864 Larissae
2447 4808 2858 4875 Clisuriarclta;
2911 4810 3058 4878 quod
3083 4811 3243 4864 etiam
3273 4811 3473 4866 factum
3503 4820 3618 4874 est;

2044 4901 2234 4957 lsmael
2265 4908 2447 4954 autem
2507 4898 2794 4969 Symposii
2821 4901 3235 4969 Clisuriarcha;
3269 4903 3456 4957 Melias
3491 4920 3622 4958 vero

2045 4991 2372 5061 Eupltratize,
2401 4990 2756 5060 Trypiorum,
2795 5000 2850 5046 et
2881 4993 3084 5049 deserti
3111 4997 3429 5048 turmarcha
3459 4995 3619 5060 foret;

2032 5087 2085 5140 id
2123 5084 2263 5154 quod
2297 5083 2498 5136 factum
2557 5091 2661 5139 est.
2707 5083 3043 5142 Mclitiniatis
3069 5103 3200 5141 vero
3232 5087 3619 5142 excursionem

2048 5173 2398 5232 facientibus.
2459 5175 2792 5246 lsmaeleque
2843 5178 3082 5245 sublato,
3137 5177 3489 5249 Symposium
3523 5179 3619 5234 de-

1553 5272 1857 5328 ANSELMI
1886 5268 2208 5328 BANDURII
2237 5267 2465 5322 ΝΟΤᾹΞ.

434 5369 548 5436 (2'5)
571 5368 662 5424 Sic
714 5385 778 5423 ex
805 5385 910 5422 ms.
937 5368 1148 5423 codice.
1183 5368 1362 5422 Locus
1388 5370 1444 5422 in
1476 5367 1640 5421 editis
1671 5366 1926 5420 mutilus.

433 5440 543 5508 (24)
577 5439 794 5505 navem,
847 5438 1048 5508 Cohors
1097 5439 1372 5504 militaris,
1427 5437 1736 5506 prwsidt'um
1780 5437 1926 5488 mili-

363 5507 496 5562 tare.
529 5507 664 5562 Vide
694 5508 955 5576 Ducangii
995 5507 1175 5562 Gloss.
1205 5510 1380 5562 Graec.

431 5578 544 5647 (‘25)
582 5575 1086 5648 TORO‘CnpﬂCitaJtic
1138 5577 1462 5631 Vicariatm.
1494 5575 1638 5629 Idem
1681 5575 1929 5648 Porphy-

362 5644 644 5718 rogenitus
673 5644 822 5702 libfi
860 5644 948 5701 'de
969 5645 1310 5718 Thetn._eap.
1343 5648 1430 5711 16,
1455 5648 1530 5701 ait
1563 5644 1930 5718 στρατηγίδας

363 5716 458 5772 seu
490 5719 859 5786 prwfecturas,
897 5718 1104 5788 divisas
1156 5716 1326 5770 fuisse
1373 5720 1452 5779 εις
1480 5716 1764 5788 τούρμας,
1813 5723 1929 5769 tur-

365 5802 483 5843 mas
516 5804 644 5843 vero
673 5789 750 5850 εἰς
785 5788 967 5858 eavea,
1007 5787 1122 5856 ἦτοι
1153 5787 1572 5858 τοποτηρησεας.

2113 5363 2226 5432 (‘26)
2260 5361 2430 5432 Quod
2464 5359 2551 5414 hic
2584 5360 2833 5432 Xogdtvov
2866 5369 2965 5423 est,
2994 5360 3391 5415 Constantinus
3426 5360 3622 5424 Γοιζά-

2039 5450 2126 5486 νον
2157 5431 2348 5486 sCrihEt
2382 5431 2472 5484 lib.
2507 5449 2520 5485 ι
2565 5431 2631 5485 de
2671 5431 2863 5483 'l‘hem.
2901 5445 3023 5495 cap.
3052 5432 3104 5483 8.

2112 5503 2222 5569 ('27)
2256 5503 2345 5556 Sic
2378 5518 2480 5554 ms.
2504 5499 2650 5570 _Editi
2681 5499 3024 5561 liabeut,'.t'€w
3041 5499 3615 5570 Μη).ητιανητῶν,θιο,

2113 5573 2224 5640 (:28)
2291 5571 2434 5625 Idem
2504 5568 3012 5638 Purpltergenitus
3067 5570 3159 5621 lib.
3205 5585 3242 5633 t,
3300 5568 3368 5625 de
3415 5573 3608 5630 Tltem.

2038 5639 2155 5712 cap.
2193 5644 2245 5704 υ,
2275 5653 2387 5712 tres
2417 5639 2614 5712 lratres
2644 5650 3040 5712 commemorat
3089 5648 3320 5712 tantum,
3351 5653 3404 5695 et
3437 5644 3618 5699 diver-

2039 5707 2123 5766 sis
2145 5711 2488 5773 nominibus,
2523 5707 2784 5764 nimirum
2822 5707 3247 5776 Pancratm'am,
3297 5711 3609 5780 Puct'icam,

2038 5793 2092 5836 et
2125 5780 2448 5836 Tautut-am.
