4084 6208
418 290 527 354 379

1416 267 1927 355 CONS’I‘ANTINI
1962 284 2638 352 PORPHYROGENITI

3579 281 3687 347 380

423 411 636 459 sertum
661 402 899 461 mansit,
944 407 998 454 et
1051 397 1315 454 Baasaclo
1364 399 1692 468 proditionis
1720 410 2000 466 accusato,

2127 404 2245 453 ῖωκε
2276 400 2381 470 γῆν
2411 397 2698 469 βασιλικὴν
2718 436 2733 461 ,
2768 394 3016 458 ἅπαντας
3051 392 3059 399 ’
3089 392 3368 465 ἀξιώμασι
3411 396 3685 469 τιμήσας,

426 496 659 564 ideoque
689 493 948 560 relegata,
994 490 1191 543 iterum
1225 489 1488 545 Sebastim
1518 499 1699 545 turma
1733 490 1872 545 facta
1923 500 2009 547 est

427 584 672 648 Larissa,
729 593 1039 652 praetorque
1085 580 1216 635 illuc
1262 581 1470 637 missus
1512 582 1612 637 fuit
1670 581 1780 636 Leo
1814 582 2006 653 Argyri

429 675 702 732 Eustathii
738 674 904 738 illius,
943 674 1034 738 qui
1074 674 1335 745 magister
1360 684 1573 745 postea,
1596 684 1647 730 et
1681 676 2006 730 Scholarum

430 766 778 823 Domesticus
802 774 1022 820 creatus
1044 765 1166 820 fuit.
1193 765 1261 818 At
1287 764 1501 830 Melias,
1525 765 1617 835 qui
1652 765 2006 836 Enphratiam

431 858 736 920 habitabat,
786 856 1153 912 Constantino
1185 857 1483 913 Charsiani
1517 858 1658 913 duce
1696 859 2008 930 designato,

432 953 561 1006 hinc
591 951 846 1005 discessit
882 958 936 1005 et
962 950 1276 1021 Lycandum
1310 952 1497 1007 urbem
1526 951 1810 1022 antiquam
1841 966 2009 1007 occu-

432 1038 602 1109 pavit,
634 1052 793 1106 quam
823 1053 945 1091 cum
993 1039 1410 1105 exmdillcasset,
1462 1041 1889 1110 muniissetque,
1919 1056 2009 1096 se-

432 1131 557 1186 dem
590 1129 709 1199 ipse
749 1128 822 1183 ibi
858 1131 1063 1198 posuit,
1097 1131 1302 1201 illaque
1338 1132 1407 1187 ab
1452 1133 1781 1203 imperatore
1807 1133 2009 1188 Christi

434 1228 654 1273 amante
684 1217 870 1273 Leone
897 1218 1145 1274 Clusuraa
1178 1234 1374 1274 nomen
1402 1223 1633 1290 accepit.
1662 1222 1868 1277 Deinde
1904 1221 2011 1291 Ly-

436 1310 617 1365 cando
652 1310 704 1364 in
736 1308 1037 1363 Tzamandi
1088 1318 1329 1364 montem
1382 1313 1789 1382 commigravit,
1825 1312 2012 1381 ibique

435 1404 647 1467 urbem,
672 1419 792 1473 quzr
820 1403 872 1456 in
898 1403 1223 1457 hodiernum
1259 1419 1433 1473 usque
1470 1404 1614 1459 diem
1649 1413 1852 1468 exstat,
1878 1419 2013 1458 con-

436 1494 596 1559 didit,
651 1505 705 1549 et
750 1494 1005 1549 similiter
1045 1493 1279 1549 Clusura
1318 1503 1633 1564 nuncupata
1677 1504 1781 1551 est.
1814 1494 2012 1549 Tenuit

436 1602 571 1643 vero
620 1589 783 1643 etiam
823 1585 1195 1658 Symposium,
1240 1587 1477 1657 fecitque
1527 1587 2009 1643 Turmarchatum.

437 1679 798 1735 Constantino
880 1690 1060 1733 autem
1154 1678 1363 1735 Christi
1455 1680 1840 1736 amantissimo
1914 1681 2016 1734 im-

2109 495 2206 548 καὶ
2257 494 2379 557 δοὺς
2410 493 2594 555 αὐτοῖς
2638 490 2961 561 εὐεργεσίας
3013 489 3234 553 πολλάς.
3287 490 3395 543 Καὶ
3461 492 3685 564 ἐποίησε

2110 585 2255 654 θέμα
2282 584 2382 654 τὴν
2409 582 2859 651 Μεσοποταμίαν,
2891 580 2985 633 καὶ
3026 579 3119 632 τὸν
3161 580 3426 651 Ὀρέστην
3477 583 3685 637 ἐκεῖνόν

2109 674 2200 727 τὸν
2224 672 2593 745 Χαρσιανίτην
2616 669 2922 741 στρατηγὸν
2951 668 3302 740 προεϐάλετο,
3337 669 3433 722 καὶ
3460 671 3583 724 τότε
3605 672 3690 725 δέ·

2110 767 2249 820 δωκε
2277 766 2375 834 τὴν
2408 765 2506 835 τῆς
2523 763 2797 833 Καμάχας
2816 762 3063 833 τοῦρμαν
3097 761 3202 815 ὑπὸ
3251 762 3311 816 τὸ
3343 763 3485 831 θέμα
3550 758 3689 817 εἶναι

2110 856 2211 925 τῆς
2252 855 2683 924 Μεσοποταμίας
2706 872 2719 885 ·
2765 849 2868 907 εἷθ’
2905 851 3078 916 οὕτως
3112 852 3208 906 καὶ
3243 851 3340 923 τὴν
3396 853 3691 923 Κελτζινῆς

2110 948 2357 1019 τοῦρμαν
2392 945 2499 1001 ὑπὸ
2531 946 2591 999 τὸ
2618 944 2761 1016 θέμα
2787 945 2883 998 καὶ
2944 944 3115 1015 αὐτὴν
3139 945 3239 1015 τῆς
3265 945 3691 1015 Μεσοποταμίας

2112 1039 2389 1108 εποίησεν.
2424 1036 2655 1107 Ἀρτίως
2678 1036 2734 1089 δὲ
2755 1035 2927 1090 ταῦτα
2959 1034 3140 1088 πάντα
3171 1034 3431 1104 γεγονότα
3460 1036 3565 1089 ὑπὸ
3591 1035 3690 1106 τὴν

2112 1130 2365 1199 ἐξουσίαν
2415 1129 2523 1183 τῶν
2558 1127 2851 1198 Ῥωμαίων
2886 1126 2967 1189 είς
3004 1126 3065 1179 τὸ
3093 1127 3519 1196 Μεσοποταμίας
3545 1127 3692 1197 θέμα

2113 1224 2209 1278 ἐπὶ
2258 1216 2541 1291 Ῥωμανοῦ
2564 1219 2827 1272 δεσπότου
2851 1218 3157 1289 προσετέθη
3187 1220 3222 1289 ἦ
3254 1234 3312 1272 τε
3337 1218 3691 1287 Ῥωμανόπο-

2113 1314 2196 1377 λις
2221 1313 2316 1367 καὶ
2343 1313 2403 1366 τὸ
2431 1312 2658 1376 Χανζίτ.
2706 1310 2903 1364 Ἰστέον
2930 1310 3013 1363 ὅτι
3047 1309 3141 1363 ἐπὶ
3165 1308 3393 1364 Λέοντος
3421 1307 3513 1361 τοῦ
3541 1308 3692 1376 φιλο-

2113 1408 2338 1478 χρίστου
2356 1406 2619 1461 δεσπότου
2650 1407 2683 1475 ὴ
2720 1403 2968 1473 Λάρισσα
2993 1401 3205 1471 τοῠρμα
3228 1400 3327 1470 τῆς
3358 1399 3688 1462 Σεδαστείας

2113 1495 2184 1571 ἢν
2208 1515 2223 1529 ο
2246 1499 2306 1551 τὸ
2339 1497 2396 1551 δὲ
2446 1496 2801 1567 Κυμϐαλαιὸς
2839 1490 2907 1566 ἦν
2957 1492 3172 1562 τοῦρμα
3198 1491 3292 1545 τοῦ
3324 1490 3640 1561 Χαρσιανοῦ
3671 1506 3687 1521 ο

2113 1590 2176 1644 τὸ
2199 1590 2253 1643 δὲ
2277 1588 2588 1659 Συμπόσιον
2617 1583 2685 1658 ἦν
2715 1587 2922 1657 ἐρημία
2952 1583 3088 1654 πρὸς
3119 1583 3187 1636 τὰ
3238 1584 3378 1653 μέρη
3425 1583 3525 1652 τῆς
3582 1583 3691 1636 Au-

2116 1683 2314 1736 κανδοῦ
2336 1681 2765 1752 παρακείμενον.
2797 1678 2909 1732 Kal
2939 1677 3031 1730 ἐπὶ
3087 1677 3190 1746 τῆς
3222 1674 3498 1745 βασιλείας
3527 1673 3690 1727 Λέον-

436 1782 661 1844 perante
729 1790 837 1829 una
902 1789 1025 1828 cum
1093 1782 1269 1829 matre
1332 1789 1431 1827 sua
1511 1772 1666 1839 Zoe,
1721 1781 1852 1827 tunc
1902 1771 2017 1841 pri-

2127 1788 2211 1835 τος
2236 1769 2331 1823 τοῦ
2359 1742 2705 1847 φιλοχρίστου
2730 1768 2992 1822 δεσπότου
3025 1742 3327 1831 Εὐστόιθιος
3366 1768 3394 1819 6
3445 1765 3540 1819 τοῦ
3574 1765 3696 1835 Ἀρ-

438 1882 585 1921 ιιιιιιη
656 1865 945 1938 Lycandus
1020 1875 1255 1936 praetura
1315 1865 1457 1919 facta
1510 1874 1633 1930 est,
1691 1864 2014 1935 primusque

2127 1862 2291 1934 γυροῦ
2322 1862 2430 1916 ἀπὸ
2467 1863 2565 1931 τῆς
2604 1860 2823 1931 ὲξορίας
2846 1860 3173 1928 ἀνακληθεὶς
3197 1861 3277 1922 είς
3303 1859 3364 1911 τὸ
3385 1857 3697 1926 Χαρσιανὸν

434 1959 557 2029 eius
630 1968 829 2029 praetor
902 1960 1209 2027 appellatus
1281 1966 1366 2012 est
1446 1957 1635 2012 Melias
1697 1957 2011 2027 patricius,

2127 1955 2428 2027 στρατηγὸς
2464 1952 2739 2025 ἐχωρίσθη
2768 1970 2782 1984 ο
2822 1950 2925 2005 όδὲ
2971 1950 3170 2015 Μελίας
3213 1953 3293 2014 είς
3319 1949 3419 2020 τὴν
3458 1948 3697 2018 Μελιτη-

436 2061 566 2104 tunc
600 2051 866 2119 temporis
894 2049 1007 2104 illic
1037 2049 1466 2104 Clisuriarcham
1493 2065 1681 2118 agens,
1702 2049 1794 2118 qui
1822 2060 2014 2119 postea

2127 2050 2214 2120 μὴν
2236 2048 2314 2102 ἔτι
2344 2048 2659 2119 πρόσφυγος
2682 2041 2769 2116 ἦν.
2798 2045 2909 2099 Kal
2956 2047 2984 2099 6
3020 2044 3332 2107 Βαασάκιος
3392 2040 3532 2112 μετά
3587 2040 3697 2093 τῶν

435 2158 657 2213 quoque
712 2150 937 2211 propter
998 2141 1263 2210 insignem
1312 2141 1365 2194 in
1406 2138 1779 2194 Romanorum
1842 2122 2015 2210 impe-

2127 2140 2215 2193 δύο
2243 2139 2487 2207 ἀδελφῶν
2516 2136 2682 2192 αὐτοῦ
2712 2136 2803 2190 τοῦ
2833 2153 2891 2189 τε
2916 2136 3222 2208 Κρικορίκη
3282 2134 3377 2188 καί⁵
3438 2131 3531 2186 τοῦ
3595 2132 3695 2186 Πα-

435 2237 674 2283 ratorem
726 2228 922 2291 (idem,
961 2235 1012 2282 et
1064 2228 1297 2297 plurima
1352 2242 1415 2283 ac
1462 2228 1726 2297 praeclara
1769 2226 1926 2297 137
1961 2227 2015 2282 in

2127 2230 2314 2299 ζουνῆ,
2347 2229 2479 2283 ἀλλὰ
2500 2228 2595 2281 καὶ
2626 2231 2654 2281 6
2692 2226 2915 2298 Ἰσμαὴλ
2943 2230 2971 2281 6
3004 2226 3292 2298 Ἀρμένιος
3305 2225 3530 2289 ἐκεῖνος,
3564 2222 3697 2276 οἵτι-

438 2318 745 2375 Saracenos
786 2319 932 2374 edita
965 2319 1209 2374 facinora
1230 2361 1245 2387 ,
1280 2319 1528 2391 magistri
1558 2319 1765 2374 honore
1787 2327 2018 2376 ornatus

2128 2339 2217 2385 νες
2249 2321 2344 2373 καὶ
2375 2321 2512 2391 πρὸς
2540 2318 2703 2371 αὑτὸν
2734 2318 2830 2371 καὶ
2871 2318 2972 2383 τὴν
3009 2315 3395 2389 προρρηθέντα
3430 2312 3698 2386 Ἀργυρὸν

435 2419 544 2464 est.
2129 2413 2379 2485 ἔγραψαν
2413 2411 2501 2466 διὰ
2543 2410 2639 2464 τοῦ
2683 2409 3081 2482 χρυσοόούλλου
3140 2410 3300 2479 λόγον
3351 2408 3534 2462 λαϐεῖν
3602 2406 3699 2460 καὶ

436 2500 709 2567 ἔξελθεῖψ
736 2501 948 2555 καὶτὸν
1006 2501 1105 2572 μὲν
1139 2502 1446 2557 Βαασάκιον
1474 2503 1569 2557 καὶ
1585 2505 1710 2567 τοὺς
1742 2503 2005 2572 ἀδελφοὺς
2057 2503 2221 2557 αύτοῦ
2283 2506 2362 2567 είς
2414 2504 2693 2575 Λάρισσαν
2743 2503 3118 2575 καθεσθῆναι,
3185 2504 3280 2558 καὶ
3332 2501 3701 2574 ὀνομασθῆναι

439 2597 539 2666 μὲν
566 2598 657 2650 τὶν
687 2597 996 2650 Βαασάκιον
1041 2598 1323 2668 Λαρίσσης
1345 2598 1825 2668 κλεισουριάρχην,
1878 2598 2014 2668 ὅπερ
2052 2598 2147 2652 καὶ
2176 2598 2368 2667 γέγονε
2396 2615 2410 2627 ο
2436 2598 2528 2652 τδν
2555 2598 2611 2652 δὲ
2652 2599 2878 2671 Ἰσμαὴλ
2966 2597 3421 2670 κλεισουριάρχην
3484 2598 3565 2662 είς
3633 2598 3697 2650 τὸ

438 2688 769 2757 Σλμπόσιον,
797 2688 823 2740 ὃ
850 2688 946 2741 καὶ
972 2688 1163 2756 γέγονε
1183 2705 1198 2720 ο
1232 2687 1322 2740 τὸν
1353 2687 1410 2740 δὲ
1436 2687 1643 2741 Μελίαν
1679 2688 1757 2750 είς
1788 2686 2133 2758 Εὐφράτειαν
2161 2687 2241 2750 είς
2266 2686 2332 2740 τά
2353 2686 2569 2759 Τρυπία
2594 2688 2673 2752 είς
2740 2688 2839 2759 τὴν
2902 2687 3142 2759 ἐρημίαν
3217 2687 3471 2756 γενέσθαι
3547 2702 3703 2757 τουρ-

441 2780 680 2851 μάρχην,
708 2783 844 2851 ὅπερ
885 2783 978 2835 καὶ
1006 2783 1242 2850 ἐγένετο.
1284 2781 1637 2846 Ἐξελθόντων
1705 2782 1762 2835 δὲ
1832 2783 1942 2835 τῶν
2010 2782 2424 2846 Μελιτινιατῶν,
2498 2784 2594 2836 καὶ
2648 2784 2740 2836 τὸν
2820 2782 3042 2855 Ἰσμαὴλ
3107 2785 3313 2838 ἐκεῖνον
3383 2766 3701 2851 ἀνελόντων,

440 2872 600 2941 ἔμενε
622 2873 684 2926 τὸ
708 2874 1016 2943 Συμπόσιον
1057 2875 1264 2944 ἔρημον
1292 2890 1306 2904 ο
1348 2873 1440 2926 τοῦ
1485 2873 1542 2926 δὲ
1590 2874 1898 2929 Βαασακίου
1933 2875 2013 2928 ὅτι
2053 2874 2342 2945 προδοσίαν
2383 2875 2585 2947 μελετᾷ
2609 2876 2721 2947 (‘29)
2745 2876 3124 2946 διαδληθέντος
3156 2877 3253 2929 καί
3312 2875 3699 2947 ἐξορισθέντος,

442 2967 606 3020 πάλιν
637 2968 867 3039 ὑπὸτῆς
898 2969 1290 3039 Σεϐαστείαςὴ
1342 2969 1592 3041 Λάρισσα
1617 2967 1834 3042 τοῦρμα
1923 2970 2164 3038 ἐγένετο,
2237 2971 2547 3043 στρατηγοῦ
2614 2972 3010 3045 προϐληθέντος
3062 2973 3239 3025 ἐκεῖσε
3297 2970 3392 3024 τοῦ
3510 2972 3707 3041 Ἀργυ-

444 3057 541 3127 ροῦ
576 3058 807 3122 Λέοντος
849 3061 942 3114 τοῦ
976 3061 1092 3114 υίοῦ
1124 3046 1452 3125 Εὐσταθίου,
1503 3062 1597 3115 τοῦ
1660 3063 1798 3133 μετὰ
1853 3063 2026 3118 ταῦτα
2067 3066 2371 3136 μαγίστρου
2418 3067 2706 3136 γεγονότος
2741 3068 2837 3120 καὶ⁵
2877 3065 3200 3135 δομεστίκου
3278 3065 3386 3119 τῶν
3473 3064 3701 3134 σχολῶν.

454 3148 515 3203 ’0
539 3150 595 3203 δὲ
635 3151 840 3214 Μελίας
898 3154 979 3216 είς
1028 3153 1373 3225 Εὑφράτειαν
1428 3152 1814 3225 καθεζόμενος,
1861 3155 2024 3208 ὁπότε
2062 3154 2377 3226 προεϐλήθη
2408 3157 2816 3221 Κωνσταντῑνος
2874 3156 2904 3209 6
2968 3156 3092 3221 δοῦξ
3135 3157 3215 3220 εἰς
3277 3156 3335 3210 τὸ
3398 3154 3707 3227 Χαρσιανὸν

442 3245 711 3315 κατῆλθεν
736 3240 889 3310 οὗτος
912 3247 939 3300 6
974 3245 1307 3317 προρῤηθεὶς
1336 3246 1561 3312 Μελίας,
1599 3247 1778 3301 καὶτὸ
1808 3247 2037 3301 παλαιὸν
2074 3247 2314 3319 κάστρον
2334 3248 2432 3318 τὴν
2457 3247 2732 3301 Λυκανδὸν
2785 3249 3079 3319 ἐκράτησε,
3112 3249 3207 3302 καὶ
3277 3247 3492 3301 ἔκτισεν
3576 3246 3707 3301 αὐτὸ

443 3341 539 3393 καὶ
566 3339 973 3410 ὠχυροποίησε,
1035 3341 1131 3393 καὶ
1178 3342 1358 3393 ὲκεῖσε
1404 3340 1699 3409 έκαθέσθη,
1754 3342 1848 3393 καὶ
1896 3340 2190 3412 ὠνομάσθη
2220 3342 2617 3414 παρὰΛέοντος
2677 3342 2772 3397 τοῦ
2801 3342 3150 3413 φιλοχρίστου
3219 3343 3484 3413 βασιλέως
3552 3344 3699 3397 κλει-

446 3431 636 3501 σοῦρα.
673 3434 785 3486 Καὶ
819 3434 956 3500 μετὰ
1013 3432 1172 3485 τοῦτο
1228 3432 1545 3502 διεπέρασεν
1589 3433 1701 3486 ἀπὸ
1748 3433 2029 3487 Λυκανδοῦ
2070 3435 2149 3500 είς
2200 3434 2259 3488 τὸ
2310 3435 2437 3505 ὅρος
2487 3438 2587 3508 τῆς
2652 3436 3000 3507 Τζαμανδοῦ,
3079 3437 3308 3489 κάκεῖσε
3377 3438 3439 3490 τὸ
3495 3438 3591 3491 νῦν
3638 3437 3702 3489 ὃν

445 3524 681 3589 κάστρον
722 3521 939 3573 ἔκτισε·
984 3522 1078 3574 καὶ
1128 3522 1392 3584 ὡσαύτως
1422 3524 1645 3577 κάκεῖνο
1669 3522 1966 3594 κλεισοῢρα
2004 3526 2275 3581 ἐκαλεῖτο.
2330 3527 2641 3599 Ἐκράτησε
2680 3527 2741 3581 δὲ
2763 3529 2857 3582 καὶ
2875 3528 2935 3581 τὸ
2962 3528 3275 3599 Συμπόσιον
3301 3530 3536 3600 ποιήσας
3582 3529 3714 3583 αὐτὸ

443 3615 880 3685 τουρμαρχάτον.
920 3615 1043 3668 Ἐπὶ
1071 3614 1128 3668 δὲ
1188 3616 1602 3670 Κωνσταντίνου
1651 3616 1746 3669 τοῦ
1794 3617 2142 3689 φιλοχρίστου
2174 3619 2457 3687 δεσπότου,
2525 3618 2687 3675 τοῦτο
2756 3620 2995 3693 πρῶτον,
3079 3620 3350 3691 συνούσης
3414 3621 3564 3691 αὐτῷ
3617 3622 3712 3675 καὶ

447 3711 605 3780 Ζωῆς
636 3712 735 3781 τῆς
761 3711 968 3781 μητρὸς
995 3711 1180 3778 αὑτοῦ,
1213 3712 1438 3781 γέγονεν
1464 3714 1498 3784 ἡ
1528 3713 1805 3777 Λυκανδδς
1868 3715 2198 3785 στρατηγὶς,
2232 3716 2329 3769 καὶ
2392 3717 2609 3787 πρῶτος
2671 3716 2949 3772 Λυκανδοῦ
3028 3715 3334 3785 στρατηγὸς
3378 3730 3379 3733 ‘
3420 3716 3717 3786 ὠνομάσθη

447 3803 475 3853 6
506 3801 793 3871 πατρίκιος
822 3801 1048 3865 Μελίας,
1090 3802 1331 3873 δηλονότι
1363 3802 1439 3873 τῷ
1470 3806 1589 3857 τότε
1621 3805 1799 3876 καιρῷ
1833 3805 1999 3859 αὐτοῦ
2042 3806 2493 3879 κλεισουριάρχου
2516 3809 2573 3861 ὲν
2612 3808 2875 3878 Λυκανδῷ
2938 3808 3295 3879 τυγχάνοντος
3358 3806 3416 3862 ’0
3478 3808 3536 3862 δὲ
3619 3808 3714 3860 αύ-

449 3895 540 3957 τὸς
570 3895 779 3959 Μελίας
807 3896 894 3950 διά
924 3914 982 3950 τε
1011 3897 1109 3967 τὴν
1144 3900 1411 3954 συνοῦσαν
1443 3900 1591 3969 αὐτῷ
1622 3901 1758 3972 πρὸς
1836 3902 1928 3954 τὸν
1991 3900 2216 3970 βασιλέα
2280 3903 2390 3957 τῶν
2444 3902 2729 3975 Ῥωμαίων
2778 3901 2983 3966 πίστιν,
3065 3901 3160 3955 καὶ
3211 3900 3311 3961 τὰέ
3361 3900 3563 3961 πολλάς
3619 3891 3716 3951 καὶ

451 3992 712 4063 ἀπείρους
740 3993 905 4047 αὑτοῦ
934 3996 1074 4048 κατὰ
1106 3996 1439 4068 Σαρακηνῶν
1494 3998 1884 4067 ἀνδραγαθίας,
1934 3998 2230 4068 μετέπειτα
2260 3999 2560 4070 μάγιστρος
2592 3998 2849 4069 ἐτιμήθη.

520 4085 675 4152 Quod
727 4087 794 4139 ab
828 4087 1064 4141 Abaram
1106 4098 1342 4143 turmam
1399 4091 1615 4156 attinet,
1652 4106 1715 4147 ea
1777 4094 1881 4148 sub
1915 4092 2009 4146 Se.

2201 4093 2397 4146 Ὶστέον
2450 4093 2604 4162 ὅτιὴ
2639 4090 2853 4161 Ἀὁαρα
2914 4088 3128 4160 τοῦρμα
3184 4083 3250 4158 ἦν
3303 4086 3408 4140 ὑπὸ
3441 4085 3501 4140 τὸ
3558 4087 3702 4156 θέμα

452 4183 644 4238 bastim
704 4184 943 4238 themate
1008 4192 1165 4250 erat;
1224 4186 1529 4255 imperante
1586 4203 1718 4243 vero
1777 4190 2024 4249 Romano

2140 4184 2468 4246 Σεϐαστείας
2488 4199 2501 4214 ο
2532 4184 2623 4235 ἐπὶ
2653 4184 2709 4236 δὲ
2738 4180 3021 4250 Ῥωμανοῦ
3047 4180 3302 4234 δεσπότου
3319 4179 3508 4248 γέγονε
3537 4178 3711 4233 κλεισ-

453 4272 687 4326 Clusura
746 4271 885 4324 facta
912 4284 1017 4326 est.
1042 4272 1319 4326 Statuttnn
1350 4282 1530 4328 autem
1567 4277 1872 4345 antiquitus
1905 4278 2024 4347 fuit,

2140 4276 2300 4345 οὖρα.
2378 4274 2571 4327 Ἰστέον
2633 4275 2715 4327 ὅτι
2768 4273 2936 4336 τύπος
2983 4273 3256 4343 ἐκράτησε
3313 4270 3566 4335 παλαιὸς,
3628 4273 3721 4324 τὸν

454 4372 513 4415 ιιι
541 4362 873 4431 Capitaneus
902 4361 1292 4417 Mardaitarum
1324 4363 1542 4419 Attalite
1593 4366 1662 4421 ab
1696 4367 2030 4436 imperatore

454 4451 859 4520 designaretur;
897 4452 1040 4506 unde
1088 4455 1250 4508 etiam
1284 4454 1315 4508 ξι
1341 4451 1522 4509 Leone
1568 4456 1885 4513 beatissimo
1927 4459 2032 4513 im-

452 4551 709 4621 peratore
756 4544 1078 4613 designatus
1158 4545 1258 4599 fuit
1302 4546 1624 4603 Stauracius
1672 4560 2038 4619 cognomento

450 4633 663 4703 Platys,
692 4636 786 4704 qui
825 4637 1141 4705 aliquandiu
1176 4638 1398 4705 quidem
1424 4640 1537 4694 illic
1569 4642 1700 4711 egit,
1734 4642 1829 4697 sed
1863 4644 2038 4698 tribu-

448 4734 511 4781 .ta
535 4740 643 4779 non
679 4736 825 4782 recte
878 4728 1174 4785 ordinavit.
1204 4729 1342 4784 Cum
1379 4732 1527 4785 enim
1565 4732 1888 4793 Eustathius
1920 4750 2039 4805 pro-

450 4820 835 4890 tospatharius
860 4828 916 4876 et
954 4824 1217 4879 asecretis
1250 4823 1821 4897 inCibyrrhaeotarum
1852 4827 2033 4883 thema

460 4911 716 4970 Vicarius
752 4916 958 4972 missus
1010 4925 1179 4983 esset,
1205 4918 1484 4972 azmulatio
1516 4920 1764 4987 quaedam
1805 4931 1858 4974 et
1906 4935 2037 4974 con-

456 5004 631 5061 tentio
663 5004 803 5060 inter
835 5006 984 5074 ipsos
1040 5015 1229 5062 exorta
1254 5016 1339 5063 cst
1390 5024 1405 5062 :
1466 5008 1672 5079 quippe
1709 5008 2032 5065 Stauracins

2140 4366 2432 4420 κατεπάνω
2454 4364 2789 4435 Μαρδαῐτῶν
2831 4363 3116 4426 Ἀτταλίας
3152 4362 3306 4433 παρὰ
3336 4360 3430 4415 τοῦ
3461 4361 3724 4432 βασιλέως

2138 4458 2385 4527 δηλονότι
2419 4456 2860 4528 προϐάλλεσθαν
2913 4456 2994 4508 διὸ
3029 4456 3124 4509 καὶ
3164 4454 3318 4524 παρὰ
3367 4455 3590 4515 Λέοντος
3627 4452 3722 4504 τοῦ

2143 4551 2566 4622 μακαριωτάτου
2594 4548 2863 4619 βασιλέως
2886 4549 3178 4602 κατεπάνω
3204 4545 3520 4617 προεόλήθη
3550 4545 3725 4596 Σταυ-

2142 4642 2327 4713 ράκιος
2372 4642 2399 4693 6
2430 4639 2644 4703 Πλατὺς
2704 4640 3179 4709 ἐπονομαζόμενος
3202 4654 3215 4667 ·
3269 4638 3330 4699 ὃς
3358 4636 3588 4706 χρόνους
3624 4634 3726 4705 μὲν

2137 4733 2414 4805 διέτριψεν
2440 4735 2681 4797 ἱκανοὺς,
2698 4734 2820 4803 οὐχὶ
2850 4732 3030 4793 καλῶς
3059 4730 3116 4783 δὲ
3141 4730 3235 4783 καὶ
3251 4728 3318 4782 τὰ
3336 4728 3465 4797 τέλη
3483 4726 3722 4794 διέθηκε.

2138 4825 2244 4877 Τοῦ
2270 4825 2381 4894 γὰρ
2412 4823 2909 4894 πρωτοσπαθαρίου
2943 4820 3246 4875 Εύσταθίου
3291 4819 3388 4873 καὶ
3417 4816 3728 4887 ἀσηκρῆτις

2145 4918 2204 4970 ὲν
2272 4916 2351 4986 τῷ
2411 4915 2521 4970 τῶν
2576 4914 3010 4988 Κιϐυρῤαιωτῶν
3057 4912 3254 4982 θέματι
3307 4914 3372 4964 ὲκ
3433 4908 3726 4978 προσώπου

2149 5007 2549 5070 ἀποσταλέντος
2582 5006 2696 5080 (50)
2721 5048 2736 5073 ,
2769 5006 2955 5076 φθόνοι
2996 5005 3143 5068 τινὲς
3177 5001 3493 5073 ἁναμεταξὺ
3523 5000 3729 5054 τούτων

1648 5096 1949 5151 ANSELMI
1990 5096 2311 5152 BANDURI]
2342 5094 2572 5153 ΝΟΤᾹΒ.

534 5190 645 5261 (29)
692 5190 837 5245 Editi
871 5207 1177 5262 perperam,
1216 5192 1441 5256 habent,
1479 5192 1561 5244 ὅτι
1618 5190 1910 5262 προσοδίαν
1943 5207 2040 5260 με·

453 5260 610 5332 λετᾷ,
632 5260 750 5317 etc.
781 5260 886 5317 sed
900 5264 1102 5331 optime
1134 5261 1405 5332 Meursius
1445 5260 1720 5332 emendat.

538 5330 651 5404 (30)
692 5330 983 5404 Perpernam
1019 5333 1130 5404 haec
1164 5330 1436 5404 Meursius
1471 5331 1549 5404 sic
1578 5331 2038 5404 interpretatur;

461 5397 601 5458 Cum
631 5397 771 5457 enim
801 5397 826 5424 ³
866 5400 1180 5455 Eustathius
1242 5401 1528 5467 Ecprosopi
1569 5397 1635 5452 F.
1675 5397 1939 5452 Asecrett’s
1984 5400 2041 5452 in

466 5474 959 5542 Cibyrrhwotarum
1022 5474 1196 5526 thema
1240 5473 1559 5525 mitteretur.
1602 5469 1697 5521 Ἐκ
1748 5468 2039 5542 προσῴπου

470 5537 675 5622 quippe
706 5559 814 5624 non
842 5554 929 5624 est
958 5558 1159 5624 nomen
1202 5542 1512 5624 proprium,
1538 5537 2041 5624 utiputavit'Menr-

474 5609 623 5675 sius,
672 5614 765 5666 sed
833 5615 997 5668 sicuti
1048 5609 1256 5669 Graecis
1307 5609 1705 5668 recentioribus
1751 5609 2045 5679 πρόσωπον

475 5697 662 5739 nomen
705 5693 757 5736 et
788 5699 1014 5750 persona
1068 5686 1288 5742 dicitur,
1347 5684 1420 5735 ita
1470 5683 1534 5735 ὲκ
1585 5678 1899 5749 προσώπου.
1943 5678 2047 5745 Qui

482 5768 617 5808 vaces
664 5752 884 5811 alterius
940 5753 1068 5819 obit,
1123 5753 1380 5821 Vicarius,
1429 5751 1676 5823 Legatus.
1711 5751 2048 5806 Scholiastcs

2139 5190 2432 5262 Theophili
2465 5192 2757 5262 Antecess.
2792 5187 2889 5262 lib.
2924 5204 2963 5251 ι,
2997 5186 3085 5262 tit.
3122 5185 3216 5249 26,
3263 5184 3521 5262 Amata),
3556 5182 3734 5262 ἧγουγ

2136 5262 2214 5331 τῷ
2247 5253 2313 5315 ἐπὶ
2334 5261 2646 5331 προσῴπου.
2678 5259 2965 5312 Matthqu
2995 5256 3274 5331 Blastares
3309 5258 3413 5307 litt-
3443 5253 3503 5331 ῌ.
3523 5266 3650 5321 cap.
3674 5253 3733 5331 :2,

2137 5322 2415 5397 Λὲγάτουῖς
2463 5327 2612 5401 εἶχεν
2666 5331 2693 5382 6
2726 5331 2939 5401 πάπας,
2977 5327 3142 5401 οἱονεί
3182 5327 3273 5401 *ἐκ*
3297 5322 3602 5401 προσώπου
3635 5322 3736 5401 αύ-

2137 5389 2265 5455 τοῦ·
2291 5389 2452 5455 τοῦτο
2499 5389 2609 5469 γάρ
2643 5398 2765 5453 καθ’
2799 5389 3068 5469 Ἕλληνας
3116 5398 3149 5468 ἡ
3182 5389 3526 5469 tegmenta}.
3563 5389 3626 5443 Et
3652 5392 3737 5443 sic

2139 5473 2347 5543 passim
2388 5472 2478 5525 alii
2506 5461 2827 5543 :sgc'riptores
2860 5461 3035 5543 Graeci
3060 5461 3438 5543 recentiores.
3460 5461 3738 5543 Caeterum

2152 5534 2474 5597 Eustathius
2506 5540 2592 5594 hic
2624 5534 2873 5609 Argyrus
2906 5538 3121 5609 Leonis,
3145 5546 3301 5606 pater
3342 5534 3469 5609 fuit,
3500 5539 3569 5609 ut
3591 5534 3737 5609 seri-

2157 5614 2238 5667 bit
2278 5613 2439 5682 paulo
2477 5598 2755 5682 superius.
2779 5609 2921 5682 idem
2964 5598 3494 5679 Porphyrogcnitus,
3524 5608 3580 5657 et
3623 5598 3739 5653 Ro-

2158 5680 2302 5737 mani
2333 5682 2529 5753 Argyri
2554 5680 2918 5752 imperatoris
2946 5693 3100 5733 avus.
