2042 3104
143 146 192 180 381

670 157 719 187 DE
735 158 1053 194 ADMINISTRANDO
1069 164 1242 197 IMPERIO.

1720 173 1773 203 882

145 204 190 232 καὶ
204 205 291 241 μάχαι
305 207 453 240 γεγόνασιν
465 216 472 224 ·
483 210 528 236 ὅτε
542 210 596 247 γὰρ
611 212 782 248 Σταυρὰκιος
797 216 812 242 6
824 217 930 248 Πλατὺς

146 251 183 263 -ι-
198 250 408 263 -1..___-!__sc
434 254 466 263 η.
495 256 502 263 ,
620 257 626 263 .
647 258 655 263 .
714 259 740 263 -.
844 261 855 263 _
876 262 881 263 ,

983 217 1076 254 Platys
1094 219 1222 248 iiemerio
1239 222 1361 250 Praticio
1382 227 1409 251 et
1430 223 1589 260 Logothette
1608 234 1709 255 cursus
1725 236 1773 263 pu-

145 251 183 282 εῑς
198 250 245 276 τὸν
262 251 409 287 πατρίκιον
434 254 563 290 Ἦμέριον
585 257 631 284 καὶ
647 258 793 296 λογοθέτην
810 261 857 288 τοῦ
872 262 933 298 δρό-

147 305 197 332 μου
211 297 331 333 θαρῤὦν,
348 299 386 329 ὡς
400 300 448 327 an
464 303 530 338 παρ’
542 303 624 330 αὐτοῦ
640 305 681 336 εἰς
694 306 740 332 τὸν
752 306 865 341 βασιλέα
882 297 933 343 με·

146 345 288 377 σιτευθεὶς,
317 346 355 380 τῷ
384 348 415 373 ὲκ
434 349 580 383 προσώπου
614 351 755 387 Εὑσταθίῳ
771 355 931 387 ἀντέπιπτε,

148 392 192 418 καὶ
210 392 328 426 μάλιστα
346 394 475 426 ἐναντίως
494 393 575 430 εἶχεν,
589 398 617 423 ἐν
634 396 675 429 οἷς
693 400 775 425 αὑτὸν
792 400 864 435 ἐώρα
881 401 932 433 ἔξω

146 438 189 465 τοῦ
208 439 316 471 δέοντος
333 449 359 466 τι
376 441 637 478 διαπραττόμενονῆ
657 445 703 471 καὶ
716 447 930 480 προστάττοντα.

148 485 206 510 "Ora
221 485 249 511 δὲ
269 486 349 512 πάλιν
363 487 376 512 6
392 488 424 512 ὲκ
447 488 593 522 προσώπου
621 491 769 523 Εὑστάθιος
801 492 869 526 πρὸς
887 493 932 519 τὸν

147 531 310 565 Σταυράκιον
326 532 442 559 διέκειτο
463 533 617 568 ἐχθρωδῶς,
634 536 680 562 καὶ
697 537 797 567 πολλὰς
810 538 870 563 κατ’
884 539 932 564 αὑ-

149 576 188 602 τοῦ
205 578 343 609 ἐπιθέσεις
360 579 405 605 καὶ
423 580 548 614 μηχανὰς
561 581 720 608 ἐπλάττετο.
740 583 822 609 Ὅθεν
841 584 931 615 αἰτίας

149 624 160 649 6
182 624 349 658 προρῥηοεὶς
365 625 515 657 Εὐστάθιος
532 627 602 653 κατὰ
627 627 674 654 τοῦ
695 629 866 663 Σταυρακίου
887 630 932 656 ἀν-

150 670 255 703 ήγαγεν,
271 670 308 701 ὡς
326 670 362 696 Τὸ
388 671 444 697 τῶν
466 671 683 707 Κιδυρῤαιωτῶν
701 673 772 708 θέμα
789 674 835 701 δύο
854 684 932 708 στρα-

150 714 241 747 τηγοὺς
270 714 343 749 ἔχειν
371 716 401 741 οὐ
429 716 549 749 δύναται,
577 718 697 752 δηλονότι
728 720 778 753 ἐμὲ
808 720 855 746 καὶ
886 720 932 746 τὸν

150 758 310 793 Σταυράκιον
339 760 384 787 καὶ
409 762 554 788 κατεποὶνω
578 764 761 797 Μαρδαιῖτῶν⁵
794 765 861 792 ἄλλα
878 765 931 800 γὰρ

150 804 211 838 ἐμοῦ
238 807 452 840 προστάττοντος
481 808 526 834 καὶ
546 809 657 835 διοικεῖν
690 810 838 842 ἐθέλοντος,
863 812 931 838 ἄλλα

151 851 230 876 ποιεῖν
256 851 270 876 6
299 852 444 878 κατεπάνω
470 854 634 888 Μαρδαῖτων
650 855 785 889 βούλεται,
804 857 851 883 καὶ
866 858 931 883 αὑτ-

152 895 268 927 εξούσιος
283 896 319 923 ὣν
332 897 364 923 τὰ
377 898 452 932 αὐτῷ
472 899 601 925 δοκοῦντα
630 901 751 934 μανικῶς
766 901 930 937 διαπράττε-

151 948 201 966 ται.
225 941 353 975 Ἀνήγαγε
364 942 392 968 δὲ
410 943 455 968 καὶ
480 943 563 975 ἄλλοις
589 944 765 978 ψευδολογίας
781 947 866 978 τινὰς,
883 948 930 974 καὶ

152 986 243 1018 πολλὰς
257 988 381 1022 μηχανὰς
396 989 455 1015 κατ’
471 990 553 1016 αὑτοῦ
572 992 762 1026 συνεῤῥάψατο
773 1015 779 1025 ,
802 993 851 1024 τὰς
882 994 930 1027 μὲν

154 1031 262 1063 πιθανῶς
274 1033 391 1066 συνθεὶς,
407 1034 455 1065 τὰς
471 1035 499 1061 δὲ
512 1038 718 1069 συκοφαντικῶς
734 1046 763 1063 τε
788 1039 833 1064 καὶ
850 1047 931 1073 μανι-

156 1076 204 1108 κῶς
224 1078 458 1114 ἀνα-πλασάμενος.
485 1081 538 1106 Καὶ
552 1079 628 1113 οὗτος
642 1082 763 1118 δηλονότι
779 1084 817 1118 τῷ
832 1094 930 1119 πατρι-

152 1124 196 1159 κίῳ
222 1126 344 1162 Ἦμερῐῳ
374 1129 420 1154 καὶ
445 1128 579 1164 λογοθέτῃ
615 1129 662 1156 τοῦ
689 1130 790 1165 δρόμου
822 1131 932 1166 Cappth

149 1170 226 1197 ταῦτα
237 1171 368 1207 ἔγραψεν.
390 1174 450 1200 Ἐπῖ
464 1175 492 1200 δὲ
505 1174 543 1209 τῷ
555 1175 615 1201 τότε
631 1175 719 1210 καιρῷ
737 1176 812 1209 φίλος
828 1177 929 1202 anm-

149 1215 202 1242 θίου
222 1217 322 1252 μᾶλλον
338 1216 372 1253 ἦν
390 1220 403 1245 ὁ
418 1220 563 1255 πατρίκιος
589 1221 736 1255 Ἡμέριος,
757 1221 829 1256 ἤπερ
845 1223 927 1248 Σταυ-

150 1262 260 1295 ραχίου,
295 1263 347 1290 κᾶν
379 1264 491 1299 ὕστερον
531 1265 631 1300 ἔχθραν
661 1265 754 1297 θέντες
781 1267 930 1302 ἀμφότεροι

146 1307 242 1343 ἔχθρας
272 1309 423 1344 ἀνάμεστοι
450 1312 497 1337 καὶ
526 1311 626 1346 μανίας
650 1312 763 1346 πλήρεις
791 1314 930 1346 γεγόνασι.

146 1353 199 1388 Τὴν
214 1352 261 1381 οὖν
275 1355 404 1391 τοιαύτην
428 1357 568 1391 ἀναφορὰν
592 1357 742 1383 Εὐσταθίου
759 1357 903 1391 δεξάμενος
918 1360 932 1384 6

147 1399 282 1434 βασιλεὺς,
307 1402 355 1428 καὶ
373 1404 406 1437 τῇ
432 1404 539 1437 αἰτήσει
559 1404 605 1430 τοῦ
632 1404 778 1439 πατρικίου
801 1405 931 1439 Ἣμερὶου

146 1448 278 1480 πεισθεὶς,
308 1449 410 1475 δέδωκε
426 1451 474 1484 τὴν
491 1450 537 1476 τοῦ
555 1451 677 1477 τοιούτου
695 1451 841 1477 κατεπάνω
858 1451 933 1483 ἐξου-

145 1492 204 1519 σίαν
220 1493 260 1529 τῷ
283 1495 524 1531 πρωτοσπαθαρίῳ
551 1497 694 1530 Εὑσταθίῳ
718 1497 757 1531 τῷ
786 1498 816 1523 ὲκ
846 1506 932 1531 προσ-

143 1538 228 1567 ώπου.
256 1540 301 1576 Τῷ
324 1540 353 1567 δὲ
383 1542 511 1576 μακαρίῳ
534 1542 639 1576 βασιλεί
659 1543 704 1568 τὸν
728 1542 784 1576 βίον
803 1543 856 1569 ἀπὸ
877 1543 931 1569 τῶν
945 1551 967 1579 α

143 1584 286 1620 κάτω(31)
302 1586 370 1619 πρὸς
397 1587 430 1613 τὰ
446 1587 502 1613 ἄνω
521 1588 733 1622 μετηλλαχότος,
758 1588 932 1623 Ἀλέξανδρος

141 1630 155 1655 6
173 1630 289 1665 ἁδελφὸς
309 1631 390 1658 αὑτοῦ
405 1631 452 1658 τοῦ
476 1633 676 1669 αὐτοκράτορος
690 1634 777 1669 ἀρχῆς
795 1635 933 1670 ἐγκρατὴς

142 1676 274 1709 γεγονὼς,
289 1677 326 1708 ὡς
343 1677 448 1709 πάντας
461 1679 524 1709 τοὺς
551 1679 604 1705 ὑπὸ
626 1679 672 1705 τοῦ
700 1680 835 1714 μακαρίου
855 1680 931 1715 βασι-

142 1720 208 1752 λέως
222 1722 272 1748 καὶ
288 1722 402 1756 ἀδελφοῦ
419 1724 501 1750 αὑτοῦ
520 1725 727 1759 προκληθέντας
748 1725 776 1752 ἐν
792 1735 863 1752 τισιν
880 1727 932 1761 ἀρ-

142 1769 200 1801 χαῖς
226 1767 378 1801 διεδέξατο,
408 1770 585 1805 χαιρεκάκοις
607 1772 654 1797 καὶ
684 1771 861 1803 κακοὸούλοις
884 1773 932 1798 ἀν-

140 1813 219 1847 δράσι
243 1814 382 1846 πεισθεὶς,
411 1814 483 1841 οὕτω
495 1816 526 1850 δὴ
541 1816 588 1842 καὶ
604 1816 648 1842 τὸν
666 1817 861 1852 προρρηθέντα
881 1818 932 1844 Εὐ-

141 1858 250 1887 στάθιον
264 1860 412 1892 διεδέξατο,
424 1862 471 1887 καὶ
487 1861 545 1887 ἀντ’
563 1861 646 1888 αὐτοῦ
664 1862 814 1897 πεποίηκεν
826 1863 930 1897 ἕτερον.

144 1903 173 1930 ’0
184 1905 239 1940 γὰρ
252 1906 331 1932 Χασὲ
352 1907 456 1937 ἐκεῖνος
471 1908 484 1933 6
503 1907 535 1933 ὲκ
559 1908 728 1942 Σαρακηνῶν
744 1908 782 1942 τῷ
796 1908 869 1942 γένει
884 1910 931 1943 ὁρ-

141 1950 282 1984 μώμενος,
300 1951 459 1986 Σαρακηνὸς
473 1951 502 1977 δὲ
516 1951 555 1986 τῷ
569 1952 624 1978 ὄντι
650 1954 683 1987 τῇ
704 1952 799 1987 γνώμῃ
827 1955 873 1979 καὶ
892 1953 931 1988 τῷ

138 1996 231 2031 τρόπῳ
260 1998 312 2023 καὶ
323 1999 356 2032 τῇ
369 1997 482 2032 λατρεία
504 1998 644 2030 διατελῶν,
673 2000 686 2024 6
714 1998 761 2025 τοῦ
786 1999 929 2033 πατρικίου

138 2042 282 2075 Δαμιανοῦ
303 2042 407 2074 δοῦλος,
435 2043 496 2068 ἐπεὶ
521 2043 621 2077 πολλὴν
639 2044 797 2078 παρρησίαν
821 2041 877 2077 εἶχε
892 2044 930 2077 τῷ

137 2088 194 2114 vita
211 2088 318 2124 καιρῷ,
329 2090 342 2115 6
358 2089 605 2124 πρωτοσπαθὰριος
621 2087 698 2121 οὗτος
714 2090 787 2115 Χατὲ
804 2089 870 2124 πρὶς
884 2090 929 2116 τὸν

137 2131 214 2167 κῦριν
239 2133 419 2169 Ἀλέξανδρον
447 2134 493 2160 τὸν
526 2134 649 2169 βασιλέα,
680 2135 812 2166 ὡσαύτως
839 2136 886 2161 καὶ
914 2137 927 2161 6

135 2178 386 2214 πρωτοσποιθάριος
400 2179 523 2214 Νικήτας
538 2180 552 2205 ὁ
567 2180 681 2213 ἀδελφὸς
697 2180 745 2206 τοῦ
760 2181 844 2213 Χασὲ,
858 2182 870 2206 6
883 2182 929 2207 καὶ

134 2224 186 2251 τῶν
212 2225 437 2260 Κισυρῤαιωτὼν
464 2226 619 2260 στρατηγὸς
637 2227 759 2260 γεγονὼς
779 2227 854 2261 παρὰ
883 2227 930 2253 τοῦ

135 2272 216 2298 αὑτοῦ
235 2271 326 2307 κυροῦ
343 2271 520 2306 Ἀλεξάνδρου
537 2275 584 2298 τοῦ
603 2272 745 2306 βασιλέως.
758 2273 786 2298 '0
804 2273 929 2307 Νικήτοις

134 2315 179 2343 οὖν
205 2315 290 2349 οὗτος
317 2320 331 2345 6
351 2318 467 2352 ἀδελφὸς
493 2318 541 2344 τοῦ
569 2319 771 2354 προρῤηθέντος
789 2319 863 2345 Χασὲ
882 2319 928 2344 τὸν

135 2362 250 2397 βασιλέα.
268 2365 403 2399 ᾐτήσατο,
420 2365 461 2391 ὅτι
478 2365 521 2396 Ὠς
537 2365 649 2400 ἀρχαῖόν
666 2374 712 2391 σου
729 2365 805 2399 φίλον
821 2366 932 2400 εὐεργε-

133 2410 186 2436 τεῖν
204 2419 239 2446 με
254 2410 363 2445 πρέπον
379 2411 469 2442 ἐστὶν,
487 2410 515 2436 ἓν
532 2411 561 2437 δὲ
577 2411 644 2444 πρὸς
659 2411 708 2446 τὴν
721 2411 862 2446 βασιλείαν
882 2420 928 2437 σου

133 2456 238 2490 αἴτημα
254 2456 323 2491 ἐχω,
337 2457 383 2482 καὶ
399 2457 501 2483 δίκαιόν
517 2458 590 2483 ὲττιν
604 2457 763 2483 εἰσακοῦσαι
791 2466 852 2491 μου.
869 2457 923 2482 Τοῦ

132 2502 159 2528 δὲ
175 2502 316 2537 βασιλέως
344 2503 559 2539 διαπορουμένου
587 2503 634 2529 καὶ
654 2503 874 2537 ἀντερωτῶντος,
901 2502 927 2528 τί

130 2546 163 2573 ἂν
177 2549 220 2584 εἴη
238 2548 323 2575 τοῦτο
339 2548 370 2574 τὸ
384 2550 500 2584 αἱτημα,
516 2549 562 2575 καὶ
580 2549 647 2581 ὅπερ
658 2549 704 2574 ἐὰν
717 2549 790 2574 ἐστὶν
805 2548 927 2574 ὑπακοῦο

133 2599 175 2618 σαι
191 2592 389 2628 ὑποσχομένου
404 2592 472 2629 (32),
496 2594 510 2619 6
527 2593 696 2628 προρὁθεὶς
723 2592 845 2627 Νικήτοις
859 2593 926 2627 ᾐτή-

984 264 1046 292 blici
1062 266 1215 299 conﬁdens,
1242 273 1336 302 utpote
1356 276 1410 303 quo
1443 270 1633 299 intercedente
1657 272 1773 307 impera-

984 311 1037 338 tori
1053 311 1217 339 conciliatus
1234 318 1303 346 erat,
1320 313 1462 343 Eustathio
1472 315 1580 343 Vicario
1591 325 1621 344 se
1632 319 1772 352 opposuit,

984 359 1065 390 atque
1084 357 1196 384 omnino
1208 358 1231 385 ei
1245 360 1418 387 contrarium
1432 368 1461 389 se
1474 362 1600 396 praebuit.
1614 364 1658 390 ubi
1675 369 1772 398 praeter

984 401 1115 429 decorum
1131 404 1352 432 committentem
1383 410 1429 433 aut
1447 408 1652 442 praecipientem
1668 410 1772 445 aliquid

984 448 1103 476 videbat.
1122 449 1249 476 Vicissim
1278 450 1438 480 Eustathius
1464 452 1592 483 Vicarius
1618 456 1687 483 male
1708 464 1773 491 erga

985 494 1159 521 Stauracium
1183 495 1299 524 atfectus
1324 498 1425 526 multas
1442 499 1574 528 adversus
1593 501 1681 535 ipsum
1699 503 1773 530 frau-

983 539 1031 566 des
1045 540 1268 578 machinabatur,
1287 547 1314 569 et
1329 543 1456 577 querelas
1472 550 1569 573 contra
1593 555 1654 574 eum
1672 549 1773 582 produ-

983 585 1073 618 cebat,
1091 586 1119 613 in
1139 587 1392 622 Cibyrrhteolarum
1409 589 1528 618 themate
1550 591 1619 619 duos
1642 598 1773 627 praetores

983 639 1044 659 esse
1057 639 1111 659 non
1127 640 1217 667 posse,
1234 642 1263 661 se
1278 635 1405 662 videlicet
1419 640 1446 663 et
1463 636 1637 664 Stauracium
1655 638 1772 667 Mardai-

983 681 1073 704 tarum
1087 678 1261 713 capitaneum
1280 688 1287 712 ;
1304 681 1407 715 quippe
1420 689 1483 708 cum
1508 683 1560 710 alia
1578 683 1637 717 ipse
1653 684 1772 719 juberet,

983 726 1183 758 statueretque,
1215 725 1267 752 alia
1285 725 1482 754 Mardaitarum
1506 729 1667 763 capitaneus
1682 729 1774 758 facere

982 767 1075 800 vellet,
1092 771 1118 795 et
1135 769 1215 803 quasi
1232 770 1274 796 sui
1289 769 1361 805 juris
1375 775 1448 797 esset
1461 778 1493 798 ea
1507 779 1568 806 quae
1581 773 1633 807 ipsi
1648 773 1775 800 videreu-

984 814 1027 836 tur
1042 816 1164 838 amenter
1175 819 1316 847 peragere.
1332 812 1466 841 Produxit
1492 816 1556 843 item
1574 817 1626 843 alia
1648 817 1774 852 quaedam

983 855 1134 889 mendacia,
1153 861 1179 884 et
1196 858 1297 885 multas
1315 864 1410 886 contra
1426 867 1488 887 eum
1506 861 1618 889 fraudes
1634 863 1774 898 excogita-

983 900 1037 932 vit;
1062 900 1187 934 quacdam
1214 902 1395 936 probabiliter
1419 904 1541 939 quidem,
1561 907 1684 940 quaedam
1709 915 1774 934 vero

983 953 1030 980 per
1053 946 1219 974 calumniam
1247 954 1371 976 amenter
1403 950 1575 985 confingens.
1606 953 1695 987 Atque
1716 953 1773 981 hate

982 989 1092 1025 quidem
1108 990 1234 1019 Hemerio
1248 993 1365 1027 patricio
1381 999 1409 1020 et
1436 995 1582 1029 logolhette
1605 1004 1704 1025 cursus
1721 1006 1772 1032 pu-

983 1035 1045 1062 blici
1062 1036 1185 1063 confisus
1203 1037 1351 1064 scribebat.
1369 1037 1402 1064 Et
1425 1038 1448 1065 is
1475 1046 1542 1066 sane
1560 1043 1624 1066 tuttc
1641 1042 1772 1075 temporis

983 1081 1127 1109 Eustatbio
1139 1083 1225 1117 magis
1238 1090 1319 1117 quam
1347 1083 1493 1111 Stauracio
1509 1084 1629 1118 favebat,
1646 1087 1697 1114 etsi
1711 1094 1772 1121 pos-

983 1131 1025 1154 tea
1053 1127 1159 1155 inimici
1176 1130 1257 1156 ambo
1287 1129 1460 1158 infestissimi
1487 1130 1602 1159 fuerint.
1630 1131 1772 1167 Ejusmodi

983 1173 1067 1207 igitur
1094 1172 1234 1201 Eustathii
1267 1175 1402 1203 relatione
1427 1180 1540 1211 accepta
1572 1177 1731 1211 imperator,
1746 1183 1774 1206 et

983 1218 1102 1246 llemerii
1133 1220 1240 1254 patricii
1278 1221 1410 1255 petitione
1435 1229 1607 1257 persuasus,
1633 1224 1772 1258 capitanei

983 1264 1062 1291 istius
1079 1264 1240 1298 dignitatem
1265 1266 1487 1300 protospathario
1505 1266 1652 1294 Eustathio
1668 1268 1772 1295 vicario

982 1309 1067 1337 dedit.
1084 1309 1137 1337 Sed
1149 1310 1182 1336 ad
1200 1318 1317 1345 superos
1335 1312 1408 1339 elato
1432 1312 1512 1339 beato
1530 1312 1577 1339 illo
1590 1313 1767 1347 imperatore,

982 1355 1136 1383 Alexander
1150 1356 1210 1391 ejus
1227 1356 1312 1384 frater
1323 1357 1439 1391 imperio
1451 1358 1555 1392 potitus
1573 1357 1658 1386 ferme
1671 1366 1771 1387 omnes

983 1406 998 1426 a
1013 1399 1097 1428 fratre
1120 1400 1285 1436 imperatore
1300 1401 1433 1429 defuncto
1455 1402 1609 1430 honoribus
1631 1407 1728 1431 auctos
1742 1404 1771 1431 in

984 1446 1107 1474 ordinem
1137 1447 1254 1482 redegit,
1280 1447 1424 1475 hominum
1461 1449 1644 1483 malignorum
1675 1450 1770 1484 pravis

984 1492 1106 1520 consiliis
1118 1500 1279 1527 persuasus;
1290 1498 1316 1521 et
1325 1494 1365 1521 sic
1381 1493 1536 1531 Eustathio,
1546 1503 1626 1530 quem
1638 1496 1770 1529 diximus,

984 1538 1114 1566 honorem
1132 1546 1186 1565 nou
1214 1538 1307 1566 itidem
1336 1541 1506 1574 prorogavit,
1537 1542 1585 1569 sed
1607 1542 1691 1569 alium
1718 1542 1772 1578 ipsi

984 1585 1137 1613 substituit.
1153 1584 1220 1612 Nam
1236 1587 1476 1621 protospatharius
1492 1586 1582 1615 Chase
1601 1588 1646 1615 ille
1661 1596 1675 1616 a
1690 1589 1772 1616 Sara-

984 1630 1059 1658 cenis
1084 1638 1171 1666 genus
1192 1631 1308 1662 ducens.
1335 1635 1363 1658 et
1389 1639 1429 1659 re'
1446 1632 1505 1668 ipsa
1534 1641 1631 1661 eorum
1660 1642 1771 1669 quoque

984 1677 1157 1709 sententiam,
1182 1683 1286 1710 mores,
1311 1684 1344 1704 ac
1361 1678 1467 1705 cultum
1493 1679 1629 1712 retinens,
1647 1680 1771 1708 Damiaui

983 1723 1091 1757 patricii
1109 1730 1217 1756 servus,
1229 1723 1379 1758 plurimum
1395 1729 1460 1752 tunc
1473 1725 1560 1761 gratia
1578 1727 1683 1754 valebat
1699 1728 1772 1762 apud

983 1768 1167 1795 Alexandrum
1188 1769 1395 1804 imperatorem,
1413 1771 1642 1805 quemadmodum
1665 1777 1691 1800 et
1708 1781 1772 1808 pro—

983 1814 1172 1847 tospatharius
1188 1812 1300 1841 Nieetas
1316 1815 1377 1849 ejus
1401 1815 1497 1849 frater,
1513 1817 1558 1851 qui
1576 1817 1659 1844 etiam
1675 1817 1772 1853 Cibyr-

984 1858 1147 1885 rltteotarum
1160 1864 1261 1894 praetor
1271 1861 1306 1887 ab
1318 1861 1413 1888 eodem
1424 1861 1590 1895 imperatore
1603 1863 1693 1891 factus
1709 1863 1769 1892 fuit.

983 1902 1033 1930 llic
1063 1904 1143 1938 138
1169 1905 1253 1938 igitur
1280 1904 1391 1933 Nieetas
1419 1906 1543 1941 praedicti
1569 1908 1658 1935 Cbase
1687 1909 1772 1936 frater

983 1949 1174 1983 imperatorem
1199 1950 1384 1984 compellavit,
1405 1955 1534 1985 oportere
1560 1953 1611 1980 sibi
1630 1958 1658 1980 ut
1683 1955 1772 1981 amico

983 1994 1067 2022 veteri
1082 1994 1244 2022 beneﬁcium
1255 1995 1385 2028 conferri,
1405 2004 1468 2024 csse
1493 2002 1584 2024 autem
1599 2006 1684 2025 unum
1698 1999 1771 2033 quod

984 2041 1017 2069 ab
1046 2041 1106 2075 ejus
1120 2041 1265 2073 majestate
1281 2045 1397 2076 peteret,
1426 2042 1454 2068 in
1473 2050 1528 2077 quo
1550 2044 1676 2071 exaudiri
1690 2044 1772 2072 debe-

983 2095 1023 2116 ret
1042 2097 1049 2115 :
1067 2088 1234 2123 imperatore
1260 2095 1326 2115 vero
1347 2088 1514 2123 ambigente,
1531 2090 1772 2125 interroganteque

982 2132 1113 2168 quidnam
1126 2132 1193 2159 illud
1216 2136 1301 2165 esset,
1315 2136 1342 2159 ct
1365 2132 1510 2167 pollicente
1529 2133 1618 2168 ipsum
1638 2135 1674 2164 id.
1693 2134 1771 2168 quid-

983 2177 1048 2212 quid
1060 2177 1170 2205 tandem
1184 2182 1268 2211 esset,
1285 2177 1496 2213 impctraturpm
1517 2186 1588 2209 esse,
1609 2179 1768 2214 respondit:

947 2220 1024 2252 DUt
1043 2224 1115 2251 filius
1145 2231 1223 2251 meus
1252 2223 1414 2259 capitaneus
1442 2223 1638 2251 Mardaitarum
1664 2225 1771 2251 Attaliae

981 2276 1087 2298 creetur
1105 2278 1113 2303 ;
1136 2269 1253 2304 ejusque
1270 2269 1395 2304 petitioni
1411 2269 1585 2297 satisfaciens
1610 2272 1779 2304 Imperator,

981 2315 1127 2343 Abercium
1149 2315 1464 2350 Spatharocaudidatum
1493 2314 1594 2343 Nicetae
1620 2316 1769 2350 Protospa~

984 2361 1065 2388 tharii
1079 2360 1178 2393 tilium,
1201 2361 1228 2387 iu
1247 2368 1379 2395 processu
1408 2361 1594 2388 introductum
1616 2361 1642 2388 iu
1673 2361 1772 2388 Tricli-

983 2407 1057 2434 niutn
1088 2413 1201 2433 aureum
1234 2405 1430 2434 Mardaitarum
1459 2408 1566 2434 Attalize
1594 2408 1769 2441 eapitaneutn

981 2453 1148 2487 designavit;
1161 2453 1392 2487 quemadmodum
1424 2457 1510 2481 antea
1531 2454 1627 2481 beatus
1646 2454 1701 2481 Leo
1717 2455 1770 2481 im~

982 2503 1089 2533 perator
1116 2497 1291 2525 Stauracium
1315 2499 1414 2534 Piatyu
1435 2499 1671 2533 cognominatum.
1691 2498 1722 2525 Et
1736 2507 1783 2526 eo.

981 2545 1090 2580 quidem
1112 2544 1178 2575 ritu,
1198 2548 1228 2571 ut
1243 2543 1322 2572 initio
1337 2545 1405 2578 dixi,
1422 2546 1577 2580 antiquitus
1599 2545 1632 2573 ab
1646 2545 1769 2580 impera-

982 2595 1040 2619 tore
1055 2590 1251 2618 Mardaitarum
1268 2592 1429 2626 capitaneus
1445 2591 1650 2626 designabatur.
1671 2591 1769 2618 Sciat.

732 2659 881 2688 ANSELMI
900 2660 965 2686 BAN
971 2659 1061 2687 DURII
1077 2659 1193 2687 ΝΟΤΛΕ.

162 2719 223 2754 (51)
243 2717 402 2759 Sic_ex_ms.
419 2720 526 2759 codice.
543 2720 576 2747 Et
589 2721 681 2759 paulo»
695 2719 765 2759 infra
783 2720 812 2759 ὃς
826 2727 875 2759 pro
887 2718 924 2750 ὣς

130 2755 400 2789 βοτρεηῐηνῙοιζὶιιιι·
424 2756 451 2782 in
469 2763 535 2783 mss.
548 2760 575 2782 et
589 2754 616 2782 in
639 2756 739 2787 editis;
755 2754 802 2782 sed
822 2755 923 2788 optime

129 2788 260 2825 etttendat
282 2788 437 2823 Meursius;
459 2791 504 2825 qui
523 2799 666 2825 perperam
687 2796 776 2817 tamen
795 2790 867 2825 hunc
882 2789 922 2815 lo-

128 2829 190 2864 eum
209 2823 475 2864 interpretatursie
482 2835 492 2864 Δς
507 2823 552 2860 qui
562 2823 655 2864 omnes
672 2834 699 2864 a_
705 2825 788 2859 fratre
799 2823 922 2864 defuncto

129 2857 283 2889 honoribus
301 2865 390 2888 auctor
417 2857 590 2893 continuavit,
617 2864 669 2889 etc.
691 2857 761 2895 Lege
779 2859 872 2896 potius
895 2859 922 2886 in

979 2719 1098 2746 ordinent
1116 2719 1233 2753 redegit;
1249 2718 1323 2752 quod
1345 2717 1457 2752 quidem
1479 2717 1561 2744 facile
1579 2721 1606 2744 et
1622 2715 1772 2752 sequentia.

979 2755 1189 2826 “gignit-arms,
1209 2788 1304 2826 codex.
1327 2787 1354 2814 ln
1373 2787 1625 2826 editis‘perperam
1649 2786 1760 2822 legitur.
1786 2770 1790 2773 Ἴ

978 2824 1024 2851 καὶ
1034 2825 1108 2860 ὅπερ
1124 2824 1171 2850 ἐὰν
1183 2824 1256 2851 ἐστὶν
1272 2823 1470 2858 ὑποσχομενόν,
1486 2828 1539 2852 etc.
