4084 6208
458 287 566 350 333

1461 285 1978 348 CONSTANTINI
2020 285 2693 351 PORPHYROGENITI

3588 286 3694 352 384

459 407 588 458 dum
620 411 801 458 autem
833 404 935 459 sub
953 400 1254 470 Thcophilo
1278 400 1604 469 imperatore
1633 403 2017 457 Accubitorem

2153 423 2279 470 rato,
2310 407 2391 458 ὅτι
2425 406 2529 458 Τὸν
2558 404 2673 457 υἱόν
2706 420 2807 474 μου
2839 401 3096 472 αἰτοῦμαι
3134 401 3220 454 ἵνα
3253 401 3452 472 ποιήσῃ
3483 404 3513 472 ἡ
3541 403 3700 472 βασι.-

464 497 635 551 t‘uisse
683 493 1102 549 Scholasticium
1133 491 1465 555 Ostiarium,
1495 506 1549 547 et
1601 495 1705 548 sub
1764 494 2025 548 Michaele

2127 498 2246 550 λεία
2279 513 2372 550 σου
2406 495 2699 550 κατεπάνω
2743 495 2851 547 τῶν
2886 493 3216 565 Μαρδαῖτῶν
3258 492 3576 555 Ἀτταλίαςο
3605 495 3702 547 οὖ-

461 587 580 654 ujus
634 585 743 638 lilio
780 583 1103 636 Damianum
1154 584 1467 651 patricium,
1513 593 1567 638 et
1600 594 1722 654 post
1741 601 1866 640 eum
1924 586 2027 639 sub

2153 606 2272 651 τινος
2305 590 2332 641 6
2365 587 2622 656 βασιλεὺς
2651 587 2719 656 τῇ
2751 586 2966 655 αἰτήσει
3014 585 3281 648 πεισθεὶς,
3315 585 3412 637 ἐπὶ
3440 585 3701 654 προελεύ-

459 677 648 730 eodem
691 674 950 728 Basilium
979 675 1071 741 qui
1102 683 1288 743 postea
1319 675 1524 731 Christi
1566 690 1761 731 amans
1785 677 2024 745 impera-

2132 695 2268 741 σεως
2304 677 2617 745 εἰσαγαγὼν
2677 675 2770 726 ἐπὶ
2817 673 2911 726 τοῦ
2957 673 3420 745 Χρυσοτρικλίνου
3464 674 3557 727 τδν
3586 675 3701 726 υἱὸν

460 777 546 818 tor
580 765 698 818 fuit.
731 764 834 818 Sed
859 764 960 818 sub
988 763 1190 820 Basilio
1215 764 1422 820 Christi
1449 775 1667 821 amante
1695 767 2031 837 imperatore

2153 767 2224 818 τοῦ
2253 764 2745 836 πρωτοσπαοαρίου
2767 764 2986 833 Νικὴτα
3011 765 3103 816 τὸν
3127 763 3702 832 Σπαθαροκανδιδᾶτον

458 856 638 923 quoad
667 870 839 924 usque
867 857 1124 925 regnavit
1153 857 1336 910 nullus
1359 857 1463 911 fuit
1484 860 1806 924 accubitor;
1846 875 2031 913 verum

2144 859 2450 928 Ἀϐέρκιον,
2488 856 2820 925 προεϐάλετο
2868 856 3030 908 αὐτὸν
3061 856 3356 909 κατεπὰνω
3409 856 3518 908 τῶν
3545 857 3702 924 Μαρ-

460 949 763 1016 imperante
795 947 976 1002 Leone
1008 949 1203 1003 iterum
1243 950 1344 1004 bac
1387 950 1650 1020 dignitate
1677 960 1906 1006 ornatus
1944 959 2034 1006 est

2153 951 2329 1003 Ξαῖτῶν
2366 949 2672 1012 Ἀτταλίας,
2729 946 2909 1010 καθὼς
2961 947 3054 1000 καὶ
3089 949 3117 1000 ό
3163 947 3434 1016 μακάριος
3483 948 3632 999 Λέων
3678 949 3706 999 6

464 1039 732 1094 Samonas
781 1041 1066 1109 patricius,
1102 1049 1300 1110 etpost
1347 1057 1470 1097 eum
1502 1043 1606 1096 sub
1635 1047 1826 1100 eodem
1863 1045 2030 1113 impe-

463 1139 645 1184 ratore
682 1130 1080 1186 Constantinus
1155 1133 1444 1200 patricius.
1498 1121 1808 1189 Alexandro
1854 1143 2034 1189 autem

464 1222 754 1290 imperium
794 1230 1017 1276 tenente
1049 1224 1334 1277 accubitor
1381 1237 1600 1280 creatus
1633 1226 1731 1280 fuit
1769 1225 2038 1280 Barbatus

466 1313 764 1381 patricius;
795 1321 850 1366 et
897 1314 998 1367 sub
1027 1312 1394 1369 Constantino
1425 1316 1633 1372 Christi
1683 1327 1904 1371 amante
1939 1318 2038 1370 im-

469 1412 718 1469 peratore
748 1417 965 1456 rursum
995 1401 1394 1459 Constantinus
1418 1405 1684 1473 patricius
1715 1405 1840 1471 fuit,
1879 1408 2040 1474 cujus

469 1501 627 1545 antea
686 1493 1017 1546 mentionem
1076 1494 1177 1548 feci
1239 1496 1342 1550 sub
1392 1495 1618 1550 Domino
1660 1495 1863 1550 Leone.
1928 1498 2042 1551 Sub

471 1581 716 1637 Romano
768 1579 1099 1653 imperatdre
1136 1587 1281 1639 hunc
1337 1587 1600 1640 honorem
1659 1589 1830 1642 tenuit
1866 1587 2043 1642 Then-

473 1675 678 1743 phaues
701 1677 1004 1742 patricius;
1047 1677 1148 1730 sub
1185 1676 1549 1732 Constantino
1604 1689 1783 1734 autem
1841 1681 2040 1735 iterum

2138 1043 2390 1113 βασιλεὺς
2447 1041 2712 1111 πρότερον
2747 1039 3084 1108 Σταυράκιον
3121 1039 3212 1093 τὸν
3258 1039 3472 1092 Πλατὺν
3517 1040 3708 1090 ἐπονοο

2141 1131 2470 1203 μαζόμενον.
2515 1132 2626 1184 Καὶ
2659 1132 2687 1183 6
2720 1131 2779 1197 ὲξ
2809 1129 3045 1200 ἀρχῆθεν
3093 1129 3322 1193 παλαιὸς
3349 1129 3487 1199 ἔχων
3513 1129 3706 1193 τύπος,

2141 1222 2321 1284 καθὼς
2373 1224 2432 1275 ἐν
2494 1223 2686 1292 ἀρχαῖς
2728 1206 3104 1291 εἴρηται,’ὐπὸ
3133 1219 3227 1273 τοῦ
3260 1219 3524 1288 βασιλέως
3569 1236 3707 1288 προ-

2141 1314 2430 1367 ϐάλλεσθαι
2486 1314 2577 1366 τὸν
2637 1314 2932 1366 κατεπάνω
2982 1313 3327 1384 Μαρδαῖτῶν.
3369 1312 3565 1365 Ἰστέον
3626 1314 3708 1365 ὅτι

2141 1407 2236 1458 ἐπὶ
2262 1405 2527 1476 βασιλέως
2553 1404 2647 1458 τοῦ
2670 1404 2929 1473 Θεοφίλου
2959 1404 3461 1474 παρακοιμώμενος
3516 1402 3709 1469 γέγονε

2145 1497 2517 1567 σχολαστίκιος
2574 1497 2852 1566 όστιάριος
2880 1512 2892 1526 ’
2945 1496 3041 1547 ἐπὶ
3073 1495 3130 1547 δὲ
3157 1495 3376 1564 Μιχαὴλ
3407 1493 3522 1546 υίοῦ
3576 1494 3708 1546 Θεο-

2147 1589 2302 1658 φίλου
2353 1588 2848 1658 παρακοιμώμενος
2912 1585 3178 1656 Δαμιανὺς
3241 1585 3563 1655 πατρίκιοςο
3624 1584 3715 1636 καὶ

2153 1681 2288 1751 μετὰ
2320 1679 2507 1733 τοῦτον
2535 1681 2626 1732 ἐπὶ
2651 1679 2746 1732 τοῦ
2781 1679 2946 1732 αὑτοῦ
2995 1679 3186 1746 γέγονε
3222 1677 3716 1746 παρακοιμώμενος

474 1766 705 1819 Basilius
767 1767 1052 1834 patricius.
1120 1767 1230 1821 Sub
1289 1770 1621 1838 imperatore
1683 1771 1778 1825 illo
1836 1771 2040 1825 Christi

2153 1739 2433 1836 intentato;
2457 1774 2486 1826 6
2516 1771 2862 1840 φιλόχριστος
2899 1739 3174 1838 βασίλεύς.
3219 1739 3345 1820 Ἐπὶ
3387 1767 3442 1820 δὲ
3469 1739 3579 1820 ’τοτδ
3616 1767 3718 1820 BJ-

472 1854 874 1919 amantissimo,
915 1865 969 1910 et
1018 1866 1278 1926 perpetua
1329 1861 1591 1914 memoria
1644 1861 1809 1932 digno
1863 1861 2045 1916 Leone

472 1945 672 2001 Cleuas
701 1947 789 2000 ille
816 1948 973 2010 vixit,
1004 1949 1243 2003 clericus
1287 1955 1448 2003 aetate
1495 1951 1700 2018 gravis,
1732 1959 1784 2005 et
1818 1951 2046 2005 omnino

475 2036 650 2100 dives,
693 2053 844 2092 novae
911 2038 1172 2092 Ecclesia:
1227 2039 1591 2108 domesticus,
1638 2041 1730 2110 qui
1799 2042 2047 2097 canendo

475 2140 666 2180 omnes
723 2127 806 2180 sui
860 2129 1128 2196 temporis
1191 2128 1577 2184 antecellebat.
1635 2130 1733 2187 Hic
1796 2133 2050 2189 Smnonze

478 2217 730 2285 patricio,
757 2218 849 2286 qui
889 2227 1019 2273 tunc
1042 2223 1308 2291 temporis
1347 2225 1631 2279 accubitor
1652 2236 1791 2286 erat.
1827 2242 2051 2296 persua-

479 2310 570 2371 sit,
600 2309 676 2361 uti
717 2325 816 2379 pro
855 2327 915 2365 se
971 2314 1114 2382 apud
1156 2315 1538 2385 imperatorem
1574 2319 1959 2384 intercederet,
1991 2329 2052 2375 ut

481 2403 960 2470 protospatharius
1027 2404 1200 2470 ﬁeret,
1253 2417 1308 2463 et
1341 2423 1620 2464 camasum
1657 2410 1844 2474 ferret,
1898 2425 1962 2464 ac
1998 2411 2052 2466 in

481 2491 807 2548 Lausiacum
849 2497 1289 2565 progrederetur,
1331 2501 1658 2570 sederetque
1713 2502 1877 2556 veluti
1927 2518 2055 2572 pro-

485 2586 885 2655 tospatharius,
927 2605 1228 2660 rogamque
1278 2592 1556 2662 acciperet
1618 2593 1812 2648 libram
1868 2612 2053 2660 unam,

485 2689 545 2728 se
604 2674 770 2745 hujus
839 2678 914 2731 rei
985 2693 1151 2734 causa
1210 2679 1523 2750 imperatori
1567 2681 1821 2737 daturum
1890 2685 2057 2740 libi-as

485 2766 871 2836 quadraginta.
905 2769 976 2821 At
1014 2770 1312 2840 imperator
1342 2771 1655 2840 recusabat,
1700 2772 1890 2828 dicens
1941 2775 2058 2828 ﬁeri

489 2872 599 2910 non
637 2873 819 2927 posse,
882 2867 936 2913 et
976 2861 1265 2932 majestate
1304 2879 1403 2919 sua
1457 2864 1765 2936 indignum,
1797 2865 2057 2921 clericum

489 2949 606 3004 ﬁeri
646 2956 1168 3024 protospatharium.
1232 2957 1389 3023 Quod
1429 2973 1555 3013 cum
1594 2975 1658 3015 ex
1705 2958 1943 3014 Samona
1970 2977 2063 3031 pa-

492 3043 654 3096 tricio
694 3045 833 3100 idem
861 3047 953 3102 ille
983 3047 1186 3105 Ctenas
1211 3051 1590 3115 intellexisset,
1617 3051 1683 3105 ad
1703 3052 2063 3124 quadraginta

2156 1867 2354 1919 σιλείου
2391 1864 2736 1934 φιλοχρίστου
2787 1863 3050 1917 δεσπότου
3110 1860 3610 1934 παρακοιμὼμενος
3656 1861 3716 1912 οὐ

2154 1959 2343 2026 γέγονε
2373 1959 2441 2009 δι’
2467 1957 2594 2026 ὅλης
2633 1953 2797 2008 αὑτοῦ
2825 1955 2924 2022 τῆς
2954 1952 3390 2023 βασιλείας.Ἐπ“ι
3414 1951 3469 2004 δὲ
3494 1951 3721 2012 Λέοντος

2155 2051 2249 2104 τοῦ
2286 2049 2634 2119 φιλοχρίστου
2687 2046 2949 2100 δεσπότου
2993 2044 3489 2115 παρακοιμώμενος
3533 2043 3722 2110 γέγονε

2157 2141 2422 2211 Σαμῶνας
2459 2141 2487 2191 ὁ
2523 2138 2837 2209 πατρίκιοςο
2876 2137 2968 2189 καὶ
3000 2137 3138 2205 μετὰ
3172 2135 3359 2188 τοῦτον
3382 2135 3472 2186 ἐπὶ
3501 2132 3593 2186 τοῦ
3627 2133 3724 2186 αὺ-

2157 2234 2252 2287 τοῦ
2312 2231 2572 2302 βασιλέως
2626 2229 2818 2298 γέγονε
2873 2229 3282 2288 Κωνσταντῖνος
3328 2227 3356 2278 6
3417 2225 3717 2296 πατρίκιος.

2171 2326 2296 2379 Ἐπὶ
2329 2324 2384 2376 δὲ
2429 2323 2778 2392 Ἀλεξάνδρου
2807 2319 2898 2373 τοῦ
2932 2319 3192 2389 βασιλέως
3221 2319 3413 2387 γέγονε
3461 2333 3722 2387 παρακοι-

2163 2414 2413 2484 μὼμενος
2442 2413 2733 2482 πατρίκιος
2778 2411 3082 2482 Βαρϐάτος.
3127 2410 3252 2464 Ἐπὶ
3281 2409 3337 2462 δὲ
3383 2407 3726 2463 Κωνσταντί-

2161 2524 2252 2560 νου
2283 2506 2375 2559 τοῦ
2415 2505 2764 2575 φιλοχρίστου
2805 2503 3064 2556 δεσπότου
3105 2502 3293 2571 γέγονε
3348 2501 3512 2555 πάλιν
3573 2500 3729 2552 Κων-

2164 2601 2439 2660 σταντῖνος
2490 2595 2776 2666 πατρίκιος
2824 2596 2852 2646 6
2894 2585 3228 2664 προρῤηθεὶς
3258 2591 3350 2644 ἐπὶ
3381 2591 3606 2652 Λέοντος
3637 2590 3728 2643 δε-

2165 2691 2388 2743 σπότου.
2455 2687 2578 2741 Ἐπὶ
2634 2687 2691 2740 δὲ
2754 2682 3040 2755 Ῥωμανοῦ
3109 2683 3371 2736 δεσπότου
3442 2680 3726 2750 Θεοφάνης

2167 2782 2453 2851 πατρίκιος
2475 2797 2488 2812 ·
2517 2780 2609 2833 ἐπί
2647 2779 2703 2831 δὲ
2743 2774 3157 2830 Κωνσταντίνου
3181 2774 3242 2828 τὸ
3264 2773 3516 2843 δεύτερον
3539 2772 3728 2842 γέγονε

2167 2871 2442 2933 Βασίλειος
2503 2878 2807 2940 πατρίκιος.
2851 2867 3047 2922 ’ἰστέον
3099 2869 3182 2921 ὅτι
3235 2867 3326 2918 ἐπὶ
3367 2865 3588 2926 Λέοντος
3633 2862 3727 2916 τοῦ

2168 2962 2514 3034 φιλοχρίστου
2546 2963 2641 3014 καὶ
2678 2959 3006 3031 ἀειμνήστου
3057 2957 3319 3029 βασιλέως
3347 2952 3416 3027 ἦν
3469 2959 3496 3009 6
3521 2955 3727 3017 Κτενᾶς

2171 3056 2374 3114 ἐκεῖνος
2401 3052 2577 3122 γέρων
2603 3050 2860 3121 κληρικὸς
2897 3047 3038 3101 πάνυ
3071 3047 3348 3110 πλούσιος,
3384 3045 3532 3108 ὅστις
3555 3039 3621 3115 ἦν
3640 3043 3735 3097 καὶ

495 3135 663 3191 libras
703 3137 977 3193 inaurium
1021 3158 1119 3210 par
1189 3159 1358 3197 unum
1417 3143 1622 3213 adjecit
1682 3145 1836 3200 libris
1881 3146 2046 3202 decen

2167 3146 2488 3214 ὣμέστικος
2513 3145 2592 3205 είς
2617 3141 2714 3212 τὴν
2742 3141 2889 3194 Νέαν
2927 3139 3281 3208 Ἐκκλησίαν·
3321 3137 3530 3207 ὑπῆρχε
3556 3135 3614 3188 δὲ
3649 3151 3742 3188 τε·-

495 3227 868 3296 aestimatum;
898 3240 951 3284 et
986 3232 1291 3287 mensulam
1337 3234 1580 3289 caalatam
1606 3220 1926 3306 ex'argento
1957 3252 2046 3290 nor

2168 3235 2353 3306 χνίτης
2385 3235 2463 3294 εἰς
2491 3233 2553 3286 τὸ
2586 3229 2774 3303 ᾆσμα,
2808 3225 2918 3293 οἷος
2949 3229 3028 3300 τῷ
3065 3229 3188 3282 τότε
3216 3227 3392 3299 καιρῷ
3421 3227 3601 3296 ἕτερος
3640 3225 3740 3278 οὐκ

496 3319 712 3389 signato
752 3321 1082 3384 inauratam,
1139 3333 1194 3378 et
1245 3326 1536 3395 sculptam,
1581 3326 1741 3394 cujus
1782 3327 1911 3381 item
1949 3341 2046 3396 pre

2168 3323 2256 3397 ἦν.
2299 3326 2355 3379 Ὀ
2389 3324 2445 3378 δὲ
2472 3324 2634 3386 αὐτὸς
2662 3323 2873 3385 Κτενᾶς
2900 3322 2992 3375 τὸν
3024 3321 3313 3390 πατρίκιον
3337 3319 3600 3388 Σαμωνᾶν
3628 3315 3742 3387 (55)

497 3411 635 3463 tium
671 3422 788 3465 erat
821 3414 1008 3468 decem
1045 3415 1336 3470 librarum.
1366 3415 1670 3471 Persuasus
1698 3418 1858 3487 139
1902 3417 2046 3488 impe

2171 3416 2488 3485 ὲδυσὼπησε
2551 3413 2625 3484 τῷ
2653 3414 2774 3466 τότε
2821 3412 2994 3485 καιρῷ
3045 3410 3540 3482 παρακοιμωμὲνου
3577 3409 3746 3461 αὐτοῦ

2173 3509 2325 3572 ὄντος
2358 3509 2679 3578 μεσιτεῦσαι
2711 3505 2874 3559 αὑτὸν
2899 3508 2980 3568 είς
3003 3505 3092 3558 τὸν
3125 3504 3349 3574 βασιλέα
3375 3501 3469 3555 τοῦ
3493 3500 3747 3569 γενέσθαι

502 3593 670 3648 libras
719 3595 839 3649 illas
893 3597 1013 3650 auri
1073 3598 1467 3668 quadraginta,
1543 3609 1598 3656 et
1651 3601 1925 3656 inaurium
1977 3617 2042 3672 pa

2179 3597 2694 3671 πρωτοσπαθάριον,
2746 3597 2840 3650 καλ
2893 3597 3080 3665 φορεῖν
3137 3591 3746 3662 ἑπικούτζουλον.(5ι),

503 3686 731 3755 accepit,
754 3691 1135 3755 et_mensulam
1166 3693 1416 3747 caalatam
1468 3709 1531 3749 ex
1585 3703 1812 3766 argento
1846 3711 1954 3751 non
1998 3696 2045 3750 si

2179 3693 2270 3744 καὶ
2299 3689 2666 3760 προέρχεσθαι
2699 3690 2777 3750 εἰς
2804 3688 2895 3740 τὸν
2920 3686 3245 3750 Λαυσιακὲν,
3299 3687 3391 3737 καὶ
3421 3683 3746 3748 καθέζεσθαι

501 3790 667 3846 gnato
690 3779 993 3836 inauratam
1026 3800 1040 3848 ;
1071 3785 1213 3854 quod
1243 3793 1415 3839 totum
1452 3784 1640 3840 (Stena:
1670 3787 1878 3841 donum
1914 3801 2046 3842 sexa

2179 3782 2253 3844 ὡς
2284 3780 2807 3852 πρωτοσπαθάριον,
2841 3779 2935 3832 καὶ
2971 3777 3291 3850 ρογεύεσθαι
3347 3777 3510 3830 αὑτὸν
3560 3777 3752 3846 λίτραν
3833 3792 3838 3798 ‘

501 3869 650 3938 ginta
683 3869 943 3926 librarum
967 3883 1105 3939 erat,
1133 3875 1373 3946 fecitque
1404 3891 1526 3931 eum
1545 3872 2046 3947 prmnspatharium

2187 3872 2335 3943 μίαν,
2367 3871 2459 3924 καὶ
2485 3870 2625 3940 ὑπὲρ
2657 3872 2756 3939 τῆς
2796 3867 3053 3935 τοιαύτης
3091 3867 3427 3938 ἀντιλήψεως
3457 3866 3640 3919 δοῦναι
3673 3866 3754 3933 τῷ

503 3970 557 4014 et
593 3977 778 4033 rogant
847 3966 997 4020 dedit
1053 3967 1208 4023 libra:
1294 3969 1478 4023 unius.
1534 3969 1682 4025 Vixit
1745 3977 1926 4023 autem
1991 3968 2043 4021 lii

2191 3962 2400 4032 βασιλεῖ
2454 3961 2643 4030 λίτρας
2676 3959 3106 4029 τεσσαράκοντα.
3151 3957 3210 4009 Ὀ
3240 3956 3297 4008 δὲ
3352 3955 3600 4025 βασιλεὺς
3649 3955 3753 4006 οὐκ

503 4053 704 4110 Ctenas
726 4064 850 4126 post
899 4071 1182 4128 acceptum
1230 4061 1658 4132 protospatharii
1690 4061 1952 4114 honorem
1983 4074 2046 4113 an

2189 4053 2449 4125 ἠνέσχετο
2485 4050 2644 4102 τοῦτο
2699 4049 2944 4119 ποιῆσαι,
2975 4047 3148 4116 λέγων
3181 4046 3292 4114 (55)
3322 4046 3429 4097 τῶν
3471 4043 3753 4098 ἀδυνάτων

507 4162 611 4202 nos
635 4148 794 4214 duos,
827 4159 881 4206 et
913 4161 1042 4206 tunc
1073 4130 1236 4217 obiit,
1281 4168 1403 4206 cum
1459 4130 1690 4222 singulis
1717 4154 1878 4208 annis
1915 4153 2046 4206 uniu

2189 4140 2500 4210 τυγχάνειν,
2554 4139 2647 4191 καὶ
2670 4139 2762 4200 Ei;
2805 4136 3047 4206 μεγάλην
3079 4135 3292 4201 ἀδοξίαν
3340 4133 3436 4202 τῆς
3475 4130 3754 4201 βασιλείας

508 4235 661 4292 libra:
684 4256 869 4308 rogam
911 4243 1234 4311 accepisset.

2193 4250 2294 4302 μου
2325 4229 2586 4300 κληρικδν
2631 4230 2882 4297 γενέσθαι
2936 4226 3445 4298 πρωτοσπαθάριον.
3486 4224 3753 4286 Ἀκούσας

507 4329 564 4381 δὲ
598 4330 626 4381 6
684 4332 848 4394 αὐτὸς
912 4334 1122 4396 Κτενᾶς
1181 4333 1329 4403 παρὰ
1360 4333 1451 4384 τοῦ
1508 4332 1796 4402 πατρικίου
1832 4331 2070 4402 Σαμωνᾶ
2104 4327 2298 4390 ταῦτα,
2327 4323 2669 4394 προσέθηκεν
2696 4323 2776 4384 εἰς
2808 4321 2906 4385 τάς
2933 4322 3344 4390 τεσσαράκοντα
3413 4319 3600 4386 λίτρας
3661 4323 3757 4374 καὶ

513 4423 834 4492 οχολαρίκια
893 4425 1001 4496 (36)
1053 4425 1221 4494 ζυγὴν
1268 4423 1396 4493 μίαν
1444 4425 1829 4494 ὲκτιμηοεῑσαν
1919 4422 2110 4492 λίτρας
2149 4419 2281 4472 δέκα
2309 4458 2325 4476 .
2365 4417 2461 4471 καὶ
2509 4413 2806 4485 τραπεζίου
2842 4413 3045 4483 ἀσῆμιν
3079 4412 3305 4474 ἔνζωδον
3331 4409 3443 4483 (57)
3472 4411 3760 4480 διάχρυσον

502 3509 652 3554 rator
715 3503 967 3556 Samonae
1019 3506 1236 3574 patricii
1294 3514 1350 3561 et
1408 3507 1745 3564 accubitoris
1796 3509 2073 3578 precibus,

515 4517 828 4586 ἁνάγλυφον
891 4519 1190 4589 ὲκτιμηθὲν
1243 4521 1335 4572 καὶ
1379 4518 1509 4572 αὐτὸ
1553 4519 1742 4589 λίτρας
1787 4520 1940 4583 δέκα,
1987 4519 2082 4570 καὶ
2117 4514 2461 4585 δυσωπηθε“ις
2508 4515 2536 4565 6
2573 4509 2825 4580 βασιλεὺς
2856 4512 2920 4579 τῇ
2957 4507 3302 4578 παρακλήσει
3389 4506 3485 4558 τοῦ
3560 4523 3754 4576 πατρι-

514 4607 632 4660 κίου
676 4611 911 4678 Σαμωνᾶ
941 4612 1036 4664 καὶ
1091 4614 1612 4684 παρακοιμωμένου,
1662 4613 1955 4666 ἀνελάϐετο
2019 4610 2118 4674 τὰς
2153 4609 2565 4678 τεσσαράκοντα
2585 4604 2679 4657 τοῦ
2712 4603 2934 4674 χρυσίου
2963 4602 3173 4670 λίτρας,
3207 4599 3302 4653 καὶ
3334 4603 3432 4668 τὴν
3459 4599 3627 4668 ζυγὴν
3691 4597 3764 4650 τὰ

517 4701 858 4772 σχολαρίκια,
916 4705 1008 4757 καὶ
1075 4704 1169 4758 τοῦ
1216 4705 1512 4776 τραπεζίου
1557 4703 1618 4756 τὸ
1655 4704 1962 4774 ἁνάγλυφον
1991 4705 2083 4758 καὶ
2120 4703 2410 4772 διάχρυσον
2465 4698 2693 4768 ἁσῆμιν,
2761 4695 2836 4758 ὡς
2865 4691 3120 4762 γενέσθαι
3173 4689 3232 4744 τὸ
3277 4691 3386 4742 πᾶν
3452 4689 3590 4757 δόμα
3666 4707 3762 4758 τοῦ

515 4792 679 4846 αὐτοῦ
717 4796 896 4849 Κτενᾶ
924 4795 1108 4866 λίτρας
1151 4795 1434 4868 ἑξήκοντα.
1467 4795 1602 4848 Τότε
1631 4796 1889 4865 ἐποίησεν
1953 4795 2115 4848 αὑτὸν
2189 4796 2216 4847 ὁ
2277 4789 2531 4861 βασιλεὺς
2601 4784 3133 4859 πρωτοσπαθάριον,
3205 4785 3304 4836 καὶ
3362 4781 3629 4854 ὲρογεύθη
3682 4777 3764 4845 τῷ

1706 4988 2003 5044 ANSELMI
2033 4985 2364 5041 BANDURII
2385 4982 2618 5040 ΝΟΤᾺΕ.

590 5133 703 5202 (55)
737 5131 1004 5186 Samouas
1036 5129 1124 5202 hic
1157 5142 1274 5202 erat
1303 5133 1611 5202 Agarcnus
1633 5130 1800 5202 spado
1830 5138 1883 5202 et
1911 5127 2080 5202 Leoni
2114 5131 2157 5185 D
2186 5126 2398 5202 egimus
2421 5123 2520 5202 ξεί).
2561 5139 2597 5178 ι.
2629 5121 2946 5202 Comment;
2972 5120 3026 5173 in
3051 5116 3550 5202 Alitiquitates‘Cl".
3577 5195 3589 5202 _
3642 5201 3662 5202 ἡ
3715 5184 3726 5194 _

521 5186 838 5274 imperatori
875 5214 1036 5274 carus
1070 5201 1140 5252 ob
1167 5186 1678 5274 lletectamBasilii
1745 5199 2083 5268 conjuratio-
2429 5190 2521 5272 Sic
2568 5207 2633 5245 ex
2677 5206 2781 5272 ms.
2829 5191 3035 5274 codice.
3078 5186 3376 5274 Perperam
3433 5186 3769 5274 habeturdn

522 5255 682 5338 ἰίὲέὶὴξ
715 5288 746 5326 a
770 5255 910 5340 “quo
964 5269 1127 5340 ctiam
1164 5268 1598 5340 Protospatharii
1653 5255 1868 5340 honore
1894 5279 2046 5322 auctu

2190 5255 2385 5340 editis,
2411 5262 2599 5315 τοῦτον
2627 5260 2853 5331 ποιῆσαι
2878 5261 3090 5328 λέγειν·
3132 5256 3229 5312 sed
3263 5257 3470 5326 optimc
3495 5255 3770 5310 Meursius

524 5346 626 5399 fuit
651 5333 677 5406 ς’
706 5345 733 5395 6
769 5333 832 5393 δὲ’
856 5339 1118 5407 Σαμωνᾶς
1152 5333 1383 5407 ἐτιμήθη
1433 5337 1946 5408 πρῳτοσπαθάριος,
1989 5355 2046 5408 κε

2192 5333 2527 5408 emenda}._
2626 5401 2638 5408 _
2833 5401 2844 5408 _
2992 5400 3003 5408 _
3094 5397 3195 5408 -...
3264 5397 3300 5408 _
3498 5396 3528 5408 ..

522 5393 771 5483 eligitqu
824 5410 901 5480 τῷ
935 5393 1258 5483 βασριεῖ,ᾃυὶ
1285 5393 1495 5483 scribit
1518 5407 1759 5483 Zonaras
1795 5393 1875 5483 in“
1901 5393 2046 5461 ei)ch

2202 5475 2234 5483 Α
2265 5403 2378 5470 (56)
2410 5401 2778 5472 Σχολαρίκιον,
2825 5400 3052 5454 inauris.
3094 5397 3230 5454 Vide
3264 5396 3530 5466 Ducangii
3587 5393 3775 5450 Gloss.

527 5471 774 5551 Augusto
822 5471 1100 5551 pag-J77.
1142 5476 1588 5551 Meminitetiain
1618 5476 1796 5551 _hu_jus
1845 5476 2096 5551 Samona:
2196 5475 2371 5551 Grai.
2418 5544 2470 5551 ω
2769 5541 2787 5551 -
2977 5539 2988 5550 ο
3365 5538 3398 5551 _.

526 5531 1751 5626 CREori‘us'Vi—dwita__sanctj__liasiliLJuniori§
1778 5557 1832 5598 n°
1870 5547 1989 5626 -l
2269 5545 2382 5614 (57)
2416 5544 2508 5599 Sic
2531 5556 2730 5626 .cx’ms.
2769 5541 2948 5626 Lo‘cus
2977 5539 3028 5626 in
3077 5539 3240 5594 editis
3267 5537 3513 5626 mutilus.
3552 5531 3782 5626 :Ac‘giﬁr

607 5601 1018 5683 (ἑξὶῖὲὼὶίάῂά
1051 5601 1638 5673 νίάο-ῧιοδε..ϐι·ωο.
1701 5614 1960 5685 Ducaugii
2028 5631 2078 5669 v.
2191 5601 2377 5667 autem
2422 5623 2480 5685 et
2519 5613 2746 5685 domum
2818 5611 3105 5685 Argentum
3159 5625 3259 5663 non
3297 5607 3585 5675 signatum.
3645 5601 3782 5656 \‘idc

530 5688 882 5752 Κοῦτςουλον.
933 5691 1003 5744 De
1049 5689 1314 5744 Lausiato
1363 5696 1541 5744 autem
1576 5685 1777 5758 palatio
1836 5682 2085 5755 pluribus
2193 5686 2370 5739 Gloss.
2409 5683 2580 5738 Graec.
2620 5682 2904 5752 Ducangii.
