4084 6208
341 277 446 337 3S5

1400 280 1496 338 DE
1523 281 2154 345 ADMINISTRANDO
2198 286 2539 349 IMPERIO.

3481 289 3584 351 396

343 385 520 456 καιρῷ
551 385 746 457 ἐκείνῳ
774 387 960 456 λίτραν
998 387 1147 455 μίαν.
1187 388 1389 467 Ἕζησε
1421 390 1476 442 δὲ
1510 392 1537 442 6
1569 391 1730 455 αὐτὸς
1761 393 1973 454 Κτενᾶς
2011 394 2148 462 μετὰ
2202 400 2259 448 τὶ)
2333 395 2626 467 τιμηθῆναι
2695 395 2855 448 αὑτὸν
2941 397 3423 467 πρωτοσπαθὰριον
3491 401 3587 465 ἐτη

342 481 454 544 δύο,
489 481 584 532 καὶ
614 478 967 549 ἐτελεύτησεν
992 494 1004 509 ’
1054 465 1318 550 ἐρογεύθη
1373 483 1428 534 δὲ
1464 484 1530 536 τὰ
1562 484 1655 536 δύο
1687 484 1782 552 ἔτη
1811 483 1914 537 ἀνὰ
1951 484 2139 553 λίτραν
2173 488 2300 556 μίαν
2335 465 2468 556 (58),

917 576 1164 630 ΚΕΦΑΛ.
1208 577 1334 630 NA'.

348 668 489 738 Περί
534 666 639 720 τοῦ
670 668 785 719 τίνι
811 737 816 738 ί
842 667 1040 738 τρόπῳ
1078 668 1286 738 γέγονε
1316 669 1380 721 τὸ
1416 670 1756 738 ,βασλιίικὸν
1785 672 1918 738 δρο-

412 735 673 806 μώνιον·
727 737 824 789 καί
883 737 1014 802 περὶ
1064 735 1184 788 τῶν
1232 737 1549 803 ἁκαράϐων
1593 740 1699 792 τοῦ
1733 735 1918 794 αὑτοῦ

416 808 748 880 δρομωῂίου
767 823 780 835 ο
819 807 918 858 καὶ
947 807 1063 859 ὅσα
1090 807 1222 874 περὶ
1250 809 1354 861 τοῦ
1385 812 1918 880 πρωτοσπαθαρίου

416 877 524 943 τῆς
552 877 796 944 φιάλης.

428 969 628 1020 ’ἰστέον
662 968 742 1020 ὅτι
777 968 938 1037 μέχρι
969 965 1070 1036 τῆς
1111 966 1387 1036 βασιλείας
1420 970 1646 1034 Λέοντος
1677 971 1768 1024 τοῦ
1805 974 1920 1024 ἀοι-

349 1062 504 1128 δίμου
569 1061 664 1112 καί
725 1058 1042 1128 σοφωτάτου
1077 1059 1341 1129 βασιλέως
1383 1062 1482 1114 οὐκ
1527 1057 1595 1130 ἦν
1641 1063 1918 1131 βασιλικὸν

351 1154 649 1223 δρομὼνιον
682 1154 738 1204 ἐν
768 1150 812 1220 ᾦ
857 1152 1194 1222 εἰσήρχετοὸ
1226 1147 1497 1222 βασιλεὺς,
1534 1153 1649 1206 ἀλλ’
1679 1157 1758 1217 εἰς
1791 1155 1917 1223 ρού-

354 1261 460 1296 σιον
496 1245 765 1313 ἀγράριον
797 1241 909 1311 (59)
929 1245 1215 1322 εἰσήρχετο
1246 1245 1382 1315 πλὴν
1405 1247 1496 1297 ἐπὶ
1519 1246 1801 1299 Βασιλείω
1824 1247 1916 1300 τοῦ

355 1337 698 1405 φιλοχρίστου
735 1337 1016 1400 δεσπότου,
1039 1337 1126 1388 ὅτε
1157 1337 1389 1406 ἐπῆλθεν
1419 1339 1447 1391 ό
1476 1338 1639 1400 αὐτὸς
1665 1339 1918 1409 βασιλεὺς

356 1429 429 1491 εἰς
481 1430 546 1480 τὰ
601 1428 779 1498 θέρμοι
836 1429 936 1497 τῆς
968 1430 1236 1499 [Ιρούσης,
1270 1430 1364 1483 καί⁸
1396 1433 1556 1485 πάλιν
1591 1434 1677 1485 ὅτε
1708 1432 1916 1501 ἀπῆλθε

359 1517 649 1571 θεάσασθαι
677 1519 737 1570 τὸ
761 1517 1018 1588 γεφύριον
1048 1517 1142 1571 τοῦ
1179 1519 1421 1588 Ῥηγίου,
1455 1521 1696 1589 δηλονότι
1725 1523 1787 1590 τῇ
1823 1539 1916 1572 κε-

355 1609 532 1661 λεύσει
560 1609 725 1662 αὑτοῦ
753 1610 846 1662 καὶ
871 1609 1102 1680 προνοίᾳ
1127 1608 1473 1679 κτιζόμενον,
1510 1612 1590 1673 εἰς
1618 1609 1918 1680 δρομώνιον

363 1701 596 1766 εἰσῆλθε,
653 1700 743 1752 καὶ
776 1700 964 1769 ἕτερον
993 1699 1292 1769 δρομάονιον
1333 1700 1616 1763 ἠκολούθει
1670 1701 1915 1753 ὄπισθεν.

365 1794 428 1844 Οἱ
455 1792 508 1844 δὲ
542 1793 600 1844 ὲν
626 1792 768 1861 αύτῷ
796 1791 1130 1853 εἰσελθόντες
1165 1791 1354 1844 ἐλάται
1389 1793 1630 1862 ὑπῆρχον
1681 1793 1788 1846 ἀπὸ
1824 1792 1916 1844 τοῦ

363 1883 634 1954 βασιλικοῦ
694 1883 982 1954 ἀγραρίου,
1033 1885 1126 1936 καὶ
1179 1883 1287 1936 ἀπὸ
1314 1883 1424 1937 τῶν
1455 1885 1719 1936 Στενιτῶν
1755 1885 1919 1936 πλωῖ·

365 1993 489 2045 μων.
523 1975 595 2027 Τὸ
627 1975 733 2044 γὰρ
767 1975 992 2027 παλαιδν
1042 1969 1153 2041 εἶχε
1199 1975 1258 2027 τὸ
1283 1975 1474 2027 Στενὸν
1503 1974 1614 2042 (40)
1663 1974 1916 2044 χελάνδια

371 2067 607 2135 βασιλικὰ
640 2066 859 2136 πλώῖμα
896 2066 1058 2135 μέχρι
1087 2066 1194 2120 τῶν
1221 2067 1373 2118 δέκα.
1418 2066 1568 2118 Ἐπεὶ
1595 2067 1650 2118 δὲ
1682 2069 1708 2118 6
1743 2068 1920 2136 μακα-

369 2179 468 2231 ριος
525 2161 778 2230 βασιλεὺς
821 2161 915 2213 ὅλα
970 2160 1037 2213 τὰ
1090 2161 1309 2213 πλείονα
1358 2159 1522 2212 αὐτοῦ
1593 2161 1918 2229 μεταστασί-

363 2268 497 2319 ματα
529 2250 640 2322 (Μ)
670 2253 749 2313 εἰς
797 2251 897 2313 τὰς
924 2251 1112 2319 Πηγὰς
1144 2251 1335 2314 ἐποίει,
1363 2251 1450 2304 διὰ
1475 2251 1536 2302 τὸ
1572 2253 1662 2304 καὶ
1700 2252 1790 2305 ὑπ’
1823 2254 1920 2305 αύ-

357 2341 442 2394 τοῧ
471 2341 757 2410 κτισθῆναι
780 2343 848 2393 τὰ
885 2342 1114 2394 τοιαῦτα
1143 2342 1401 2405 παλάτια,
1454 2343 1656 2412 ὁμοίως
1693 2343 1788 2397 καὶ
1839 2344 1919 2406 εἰς

357 2433 412 2486 τὸ
442 2433 710 2503 Ἕϐδομον
737 2432 828 2486 καὶ
857 2435 934 2495 εἰς
963 2433 1062 2503 τὴν
1094 2433 1336 2503 Ἱέρειαν,
1375 2435 1469 2487 καὶ
1503 2437 1581 2496 εἰς
1602 2434 1700 2504 τήν
1718 2434 1917 2505 Βρύαν,

357 2526 637 2598 εἰσήρχετο
663 2526 741 2588 εἰς
773 2525 833 2577 τὸ
878 2526 1140 2596 ἀγράριον
1176 2527 1317 2578 κατὰ
1350 2526 1440 2578 τὸν
1467 2527 1693 2579 παλαιὸν
1727 2528 1915 2579 τύπον.

356 2617 479 2670 Ὅτε
507 2617 563 2669 δὲ
588 2619 666 2680 εἰς
693 2616 1028 2686 μακρότερον
1062 2617 1227 2686 ἀπῄει
1255 2618 1579 2687 πρόκενσον,
1608 2615 1719 2670 οἷον
1747 2621 1825 2680 εἰς
1852 2618 1920 2671 τὰ

355 2710 533 2780 θέρμα
558 2710 656 2779 τῆς
688 2709 958 2781 Προύσης,
992 2712 1084 2762 καὶ
1115 2713 1191 2773 εἰς
1231 2712 1556 2782 ὲπιτήρησιν
1584 2711 1678 2765 τοῦ
1697 2713 1920 2780 Ῥηγίου

353 2798 451 2867 τῆς
480 2798 742 2868 γεφύρας,
776 2799 970 2869 εἰσῄει,
1032 2800 1220 2862 καθὼς
1245 2801 1587 2871 προείρηται,
1616 2803 1695 2864 εἰς
1718 2802 1940 2872 δρομάνκ

355 2908 484 2954 νιον,
545 2892 639 2943 καὶ
691 2891 973 2962 ἠκολούθει
1027 2891 1213 2960 ἕτερον
1267 2891 1590 2962 δρομώνιον,
1640 2893 1774 2945 διότι
1826 2893 1921 2946 καὶ

355 2982 608 3044 πλείονας
638 2981 906 3053 ἄρχοντας
934 2982 1275 3052 εἰσέρχεσθαι
1313 2983 1450 3053 μετὰ
1489 2984 1579 3036 τοῦ
1638 2984 1919 3054 βασιλέως,

354 3076 598 3138 καὶτοὺς
627 3075 950 3138 ὑπολοίπους
997 3076 1074 3138 εἰς
1109 3075 1168 3127 τὸ
1197 3074 1447 3146 δεύτερον
1493 3075 1812 3146 δρομὼνιον.
1863 3077 1922 3130 '0

350 3166 405 3220 δὲ
444 3168 694 3237 ἀοίδιμος
743 3167 837 3220 καὶ
873 3165 1184 3234 σοφώτατος
1223 3167 1374 3219 Λέων
1421 3167 1450 3218 6
1481 3167 1734 3236 βασιλεὺς
1768 3168 1918 3236 φιλο-

2003 2329 2092 2384 ~de
2117 2346 2261 2385 more
2289 2331 2472 2400 prisco
2513 2331 2925 2400 ingrediebalur
2971 2347 2983 2384 :

2628 581 2855 637 CAPUT
2897 581 2982 636 LI.

2021 671 2099 726 De
2149 674 2413 740 imperiali
2443 673 2741 744 dromonio.
2773 675 3030 744 quomodo
3072 676 3271 743 factum
3296 677 3386 738 sit,
3431 686 3477 730 et
3522 677 3588 731 de
3647 721 3650 727 .

2089 744 2454 864 ppotpcurabis
2542 743 2697 811 ejus;
2787 743 2912 795 itaut
3009 745 3074 796 de
3157 749 3587 815 protospat/mrio

2089 829 2300 864 nnaw.

2086 829 2300 880 pmam‘.

2092 967 2384 1022 Sciendum
2439 979 2523 1023 est
2559 967 2702 1037 quod
2760 982 2935 1036 usque
2993 969 3059 1020 ad
3119 979 3357 1040 tempora
3389 972 3587 1028 Leonis

2022 1061 2267 1130 prieclari
2324 1061 2830 1129 sapientissimique
2858 1062 3207 1130 imperatoris
3238 1061 3586 1118 dromonittnt

2019 1151 2321 1220 imperiale,
2352 1168 2460 1220 quo
2501 1153 2792 1207 veheretur
2833 1153 3150 1222 imperator,
3184 1156 3390 1208 nullum
3428 1165 3584 1221 erat;

2019 1244 2112 1296 sed
2168 1244 2440 1312 agrarium
2484 1251 2693 1296 tantum
2735 1260 3044 1310 russaeum;
3097 1254 3454 1314 praeterquam
3487 1249 3589 1302 sub

2018 1334 2218 1389 Basilio
2254 1336 2454 1390 Christi
2505 1345 2722 1390 amante
2757 1338 3092 1407 imperatore
3142 1356 3154 1391 ε
3199 1340 3400 1408 quippe
3445 1339 3585 1393 idem

2019 1427 2316 1494 imperator
2346 1441 2468 1480 cum
2516 1430 2581 1480 ad
2624 1429 2809 1482 Prusa:
2848 1429 3111 1491 thermas,
3159 1445 3220 1483 ac
3251 1421 3479 1484 ‘rursum
3522 1432 3588 1483 ad

2021 1515 2213 1587 Rhegii
2252 1527 2470 1586 pontem
2499 1519 2788 1573 videndum
2813 1521 3008 1583 abiret,
3035 1536 3195 1588 quem
3225 1523 3437 1576 exstrui
3474 1521 3589 1588 ipse
3625 1569 3632 1571 μ

2014 1607 2278 1676 jusscrat,
2345 1611 2692 1663 dromoniuut
2741 1613 3109 1674 conscendit,
3165 1612 3308 1680 quod
3357 1613 3588 1668 alterum

2019 1699 2363 1754 dromonium
2417 1703 2744 1770 sequebatur
2783 1719 2794 1755 :
2849 1705 3080 1772 remiges
3122 1719 3251 1758 vero
3281 1705 3371 1773 qui
3409 1705 3461 1758 in
3501 1721 3588 1768 eo,

2020 1805 2084 1844 ex
2132 1789 2400 1859 imperiali
2451 1793 2668 1861 agrario
2719 1801 2899 1856 erant,
2939 1803 2992 1847 et
3026 1808 3089 1847 ex
3120 1795 3303 1848 nautis
3339 1793 3586 1850 Steuitis.

1952 1915 1992 1972 Β
2022 1881 2102 1934 Ah
2159 1881 2390 1946 antiquo
2431 1882 2575 1935 enim
2627 1883 2678 1935 in
2725 1882 2893 1936 Steuo
2943 1884 3227 1938 chelaudia
3287 1885 3590 1953 imperialia

2025 1973 2358 2042 navigationi
2389 1973 2659 2026 instructa
2685 1973 2871 2028 decem
2896 1987 3069 2028 erant.
3101 1977 3236 2028 Cum
3272 1993 3397 2029 vero
3421 1978 3592 2031 beata:

2026 2060 2305 2113 memoriae
2336 2061 2634 2128 imperator
2661 2060 3056 2131 plerumquead
3075 2067 3282 2131 Pegana
3312 2064 3590 2133 migraret,

2025 2151 2171 2220 quod
2203 2166 2264 2204 ea
2305 2152 2501 2220 palatia
2533 2151 2600 2204 ab
2630 2167 2695 2205 eo
2721 2153 2984 2207 aadilicata
3015 2163 3220 2216 essent,
3254 2156 3508 2210 similiter
3537 2158 3591 2210 in

2029 2241 2393 2307 llebdomum,
2422 2244 2475 2296 iu
2499 2243 2764 2307 Hieriam,
2803 2253 2855 2298 et
2889 2245 2941 2297 in
2972 2245 3283 2315 Bryautem,
3318 2247 3590 2314 agrarium

3035 2341 3090 2386 at
3125 2349 3249 2387 cum
3290 2335 3590 2404 longiorem

2027 2423 2265 2490 aliquam
2309 2420 2701 2490 profectionem
2736 2423 3066 2491 susciperet,
3104 2423 3269 2476 veluti
3314 2426 3378 2476 ad
3408 2422 3595 2478 Prusae

2028 2513 2288 2576 thermas,
2323 2522 2378 2568 et
2407 2513 2472 2566 ad
2509 2511 2699 2583 Rhegii
2759 2526 2976 2583 pontem
3031 2515 3342 2577 videndum,
3375 2515 3597 2570 dromo-

2027 2606 2198 2669 nium,
2223 2612 2448 2658 utantea
2472 2603 2677 2658 dictum
2707 2616 2810 2668 est,
2833 2606 3236 2661 conscendebat
3269 2623 3282 2672 ;
3323 2607 3594 2676 sequeba-

2030 2706 2225 2764 turque
2257 2696 2486 2748 alterum
2505 2694 2877 2757 dromonium,
2910 2696 2962 2748 in
3006 2711 3115 2765 quo
3147 2696 3387 2764 reliquus
3423 2697 3598 2748 comi-

2029 2794 2176 2841 tatus
2237 2796 2401 2852 esset,
2452 2803 2576 2842 cum
2619 2789 2670 2841 in
2727 2787 2892 2855 priori
2948 2804 3051 2841 una
3105 2803 3228 2842 cum
3271 2791 3599 2858 imperatore

2029 2888 2213 2934 essent
2268 2879 2515 2948 plerique
2541 2879 2836 2948 principes.
2869 2879 2972 2934 Sed
3005 2879 3114 2933 Leo
3171 2879 3262 2932 ille
3285 2879 3594 2951 praeclarus

2030 2987 2094 3025 ac
2134 2971 2577 3041 sapientissimus
2628 2971 2925 3041 imperator
2960 2971 3251 3041 benignius
3299 2987 3424 3041 erga
3479 2987 3593 3024 tua-

2031 3066 2254 3132 gistros,
2309 3065 2595 3132 patricios,
2658 3074 2712 3118 et
2777 3065 3126 3120 consiliarios
3160 3079 3292 3121 suos
3345 3045 3597 3130 allectus,

2031 3157 2436 3225 gratificarique
2463 3154 2544 3210 eis
2569 3155 2670 3208 hac
2695 3154 2748 3208 in
2787 3171 2842 3208 re
2862 3155 3109 3223 cupiens,
3134 3170 3258 3210 cum
3289 3154 3357 3208 ad
3387 3156 3599 3224 pleros-

351 3260 657 3330 τιμὼτερόν
692 3276 809 3323 πως
861 3262 998 3329 πρὸς
1047 3261 1175 3321 τοὺς
1228 3259 1565 3328 μαγίστρους
1595 3260 1688 3312 καὶ
1735 3277 1920 3332 πατρι-

2037 3263 2140 3316 que
2177 3248 2450 3317 principes
2502 3245 2854 3314 excipiendos
2896 3259 3003 3298 non
3038 3245 3295 3300 suflicere
3323 3245 3599 3313 agrarium

351 3354 503 3413 κίευς
544 3352 640 3404 καὶ
687 3351 922 3413 οἰκείους
981 3350 1377 3420 συγκλητικοὺς
1425 3350 1791 3420 διακείμενος,
1841 3353 1936 3406 καὶ

351 3442 523 3494 θέλων
556 3442 644 3492 ἀεὶ
674 3441 831 3493 τοῦτο
862 3441 1281 3512 συγχαίρεσθαι,
1330 3441 1687 3511 λογισάμενος
1717 3442 1790 3513 μὴ
1830 3443 1931 3496 ὲπ-

351 3535 544 3602 αρκεῖν
568 3533 647 3595 εἰς
679 3532 942 3602 ὑποδοχὴν
969 3532 1230 3585 πλειόνων
1247 3533 1522 3603 ἀρχόντων
1553 3533 1612 3585 τὸ
1635 3533 1920 3604 ἀγράριον,

351 3625 578 3692 ἐποίησε
609 3623 930 3693 δρομώνιον,
981 3625 1075 3676 καὶ
1107 3623 1171 3692 δὴ
1219 3624 1513 3686 ἀπαύστως
1547 3626 1832 3695 εἰσήρχετο
1864 3627 1920 3678 ὲν

351 3717 498 3787 αὑτῷ
546 3717 779 3768 όπουδὰν
840 3717 1091 3769 ἐϐούλετο
1146 3716 1420 3770 ἀπελθεῖν.
1475 3718 1813 3788 Συνήρχοντο
1867 3717 1924 3770 δὲ

354 3811 494 3878 μετὰ
522 3809 690 3862 αὑτοῦ
719 3811 863 3872 οἴους
901 3809 966 3863 ἂν
997 3809 1248 3862 ἐϐούλετο
1268 3809 1377 3862 τῶν
1400 3809 1698 3878 ἀρχόντων,
1728 3810 1835 3862 ἀπό
1863 3826 1922 3861 τε

353 3900 670 3968 μαγίστρων
701 3900 793 3952 καὶ
835 3899 1172 3967 πατρικίων·
1209 3899 1351 3952 κατὰ
1397 3899 1567 3951 τύπον
1592 3898 1701 3967 γὰρ
1743 3900 1801 3950 ἐν
1848 3897 1926 3968 τῷ

350 3992 608 4063 ἁγραρὶιρ
658 3991 830 4053 οὐδεὶς
893 3992 1079 4060 ἕτερος
1124 3993 1407 4061 εἰσήρχετο
1462 3990 1601 4060 μετὰ
1643 3990 1736 4042 τοῦ
1777 3990 1928 4058 βασι-

349 4082 507 4146 λέως,
552 4084 599 4134 εἰ
633 4082 706 4152 μὴ
737 4085 763 4135 6
797 4084 1152 4151 δρουγγάριος
1178 4083 1276 4151 τῆς
1302 4081 1493 4150 βίγλης
1515 4121 1528 4145 ,
1562 4081 1654 4134 καὶ
1684 4083 1712 4133 6
1734 4081 1926 4152 δρουγ-

347 4174 542 4245 γάριος
575 4172 668 4226 τοῦ
703 4175 972 4245 πλιυῒμου,
1019 4177 1111 4228 καὶ
1156 4176 1184 4226 6
1227 4173 1521 4243 λογοθέτης
1565 4173 1662 4225 τοῦ
1693 4174 1918 4243 δρόμου,

351 4266 440 4317 καὶ
471 4267 499 4316 6
525 4266 934 4337 ἐταιρειάρχης,
972 4268 1064 4320 καὶ
1096 4267 1123 4318 6
1156 4265 1436 4336 μυστικὸς,
1466 4267 1558 4318 καὶ
1595 4269 1624 4319 6
1655 4267 1765 4319 τῶν
1795 4268 1925 4338 δεή-

2010 3339 2273 3404 ,videret,
2327 3337 2674 3392 dromonium
2726 3335 2838 3390 ﬁeri
2895 3337 3127 3398 curavit,
3163 3351 3336 3405 eoque
3387 3350 3602 3404 semper

2041 3446 2172 3486 usus
2217 3434 2302 3483 est
2355 3440 2682 3496 quocunque
2711 3426 2926 3479 demum
2979 3422 3248 3493 proﬁcisci
3284 3423 3441 3476 vellet
3487 3437 3502 3475 ζ
3547 3429 3603 3474 et
3692 3413 3698 3422 “

2034 3521 2441 3577 comitabantur
2498 3533 2552 3586 θ,
2593 3517 2951 3586 principibus,
2983 3515 3281 3584 magistris,
3336 3514 3598 3582 patriciis,

2031 3627 2393 3684 quoscunque
2447 3579 2630 3664 veliet.
2694 3607 2751 3662 In
2806 3608 3022 3676 agrario
3079 3607 3223 3658 enim
3275 3608 3378 3658 ritu
3441 3605 3602 3658 solito

2031 3704 2236 3758 nemini
2267 3717 2390 3756 cum
2443 3715 2508 3754 eo
2555 3714 2676 3754 esse
2707 3699 2922 3760 licebat,
2959 3698 3059 3751 uisi
3098 3695 3404 3766 Druugario
3436 3712 3602 3748 exi-u-

2031 3795 2268 3856 biarum,
2301 3792 2610 3859 Druugario
2662 3791 2738 3843 rei
2766 3791 2998 3854 navalis,
3043 3788 3355 3863 Logothetm
3404 3801 3602 3841 cursus

2032 3884 2260 3957 publici,
2299 3881 2681 3936 lletaeriarcha:
2726 3881 2976 3948 mystico,
3006 3884 3266 3948 magistro
3294 3878 3600 3933 libellorum

2032 3976 2365 4045 supplicum,
2399 3971 2700 4026 domestico
2733 3969 3067 4033 Scholarum,
3103 3971 3147 4023 si
3179 3970 3230 4022 in
3267 3970 3401 4023 urbe
3444 3969 3603 4039 140

2031 4079 2202 4133 esset,
2254 4064 2582 4129 accubitori,
2615 4061 3058 4131 protovestiario,
3095 4071 3148 4116 et
3188 4077 3218 4116 e
3245 4063 3602 4116 cubiculariis

2024 4182 2165 4236 quos
2196 4165 2494 4232 imperator
2515 4158 2792 4228 iussisset.
2829 4156 2940 4210 Hac
2972 4157 3155 4222 itaque
3185 4155 3253 4210 de
3291 4171 3459 4209 causa
3493 4155 3603 4209 Leo

2027 4261 2117 4315 ille
2145 4255 2442 4326 praeclarus
2479 4266 2542 4305 ac
2581 4249 3026 4320 sapientissimus
3057 4251 3355 4318 imperator
3384 4248 3604 4302 dromo.

1536 4401 1836 4456 ANSELMI
1877 4400 2006 4457 BAN
2017 4394 2199 4454 DURTI
2227 4389 2456 4447 NOT/E.

419 4493 536 4560 (58)
571 4491 757 4564 Sieex
784 4508 886 4546 ms.
920 4492 1207 4564 Perperam
1250 4495 1446 4564 legitur
1500 4495 1554 4550 in
1584 4497 1766 4563 editis,
1819 4497 1922 4550 ἀνὰ
1955 4503 1998 4556 D
2028 4495 2235 4564 dictum
2266 4489 2388 4564 luit.
2426 4487 2490 4538 Et
2522 4485 2869 4564 mequidem
2923 4487 3335 4564 nomenclatura
3363 4486 3599 4564 donatur

350 4561 540 4627 λίτρας
573 4561 769 4652 χιλίας.

423 4633 534 4652 :wn\
623 4635 639 4652 Δ
658 4648 690 4652 --
707 4649 724 4652 -
740 4631 763 4652 Ι.

419 4633 538 4701 (39)
593 4631 884 4702 ’Λγράριον
920 4633 1264 4701 imperatoris
1317 4649 1422 4687 non
1485 4636 1664 4689 solum
1718 4644 1922 4689 tectum

349 4713 488 4764 erat,
548 4702 628 4754 uti
686 4701 1020 4757 describitur
1051 4704 1120 4758 ab
1173 4706 1330 4757 Anna
1365 4706 1671 4769 Comuena,
1725 4706 1818 4759 sed
1871 4713 1925 4760 et

353 4786 712 4844 pitrpureum,
746 4774 827 4826 vel
884 4773 1134 4837 rubcum,
1165 4789 1229 4826 ac
1263 4775 1397 4828 velis
1443 4784 1496 4830 et
1540 4777 1730 4828 aula-is
1778 4777 1926 4844 ejus-

354 4843 475 4913 deut
510 4842 729 4913 coloris,
770 4844 972 4910 pariter
1017 4844 1369 4904 instructum,
1407 4846 1550 4898 unde
1586 4842 1924 4913 ρούσιονορ-

355 4911 655 4976 pellatum;
719 4912 773 4980 in
840 4927 950 4979 quo
1009 4913 1226 4980 quidem
1285 4915 1489 4967 nemini
1547 4911 1668 4968 eese
1705 4911 1922 4977 licebat,

355 4986 719 5052 praeterquam
747 4979 1067 5052 Druugariis
1097 4982 1476 5052 excubiarum.
1500 4993 1552 5036 et
1583 4982 1660 5052 I‘t‘i
1690 4984 1922 5045 navalis,

351 5057 404 5100 et
443 5050 656 5118 aliquot
713 5052 835 5105 aliis
869 5050 934 5105 ei
978 5053 1256 5121 primariis
1304 5051 1498 5106 Palatii
1567 5051 1921 5116 ol‘ticialibus,

350 5134 496 5192 quos
530 5123 827 5192 imperator
853 5121 1144 5192 deligebat.

421 5190 537 5261 (i0)
571 5188 798 5261 Stenum
839 5188 1222 5261 nuncuparunt
1271 5192 1507 5260 primum
1539 5189 1712 5244 Graeci
1747 5200 1920 5261 totum

350 5256 684 5332 illud‘iuaris
723 5259 926 5313 fretum
959 5256 1104 5330 quod
1152 5256 1472 5332 Byzantium
1498 5331 1502 5332 ί
1529 5263 1670 5332 inter
1691 5271 1742 5312 et
1779 5260 1920 5332 Pon-

350 5328 823 5401 tum__interjacet;
853 5328 997 5399 quod
1031 5328 1248 5401 quidem
1280 5331 1541 5385 trecentis
1583 5331 1705 5398 plus
1739 5331 1920 5385 minus

353 5397 554 5453 stadiis
585 5398 637 5450 in
665 5397 1061 5470 longitudinem
1093 5409 1260 5470 patet.
1303 5402 1505 5470 Deinde
1536 5397 1664 5451 vero
1686 5401 1921 5466 scripto-

350 5481 443 5540 res
487 5469 826 5522 recentiores
863 5469 1215 5539 Stenum’pro
1255 5473 1372 5540 ipso
1403 5469 1555 5523 Steni
1592 5470 1772 5540 littore
1794 5484 1916 5536 pas-

351 5535 458 5588 sim
491 5547 826 5609 usurparunt
848 5535 1132 5609 ;proinde
1159 5535 1552 5609 Europzeauum
1575 5538 1707 5592 illud
1743 5535 1914 5609 littus,

351 5619 384 5673 α
416 5608 602 5673 capite
630 5609 824 5662 l’ortus
858 5608 1121 5672 Ceratiui,
1154 5611 1245 5664 ubi
1277 5608 1487 5663 exstitit
1516 5608 1910 5663 monasterium

358 5671 551 5729 Sancti
578 5677 908 5746 .Mamantis,
951 5679 1018 5735 ad
1051 5671 1193 5735 ostia
1235 5679 1394 5734 Ponti
1439 5678 1659 5743 Euxini,
1695 5676 1910 5730 Stenum

2029 4565 2076 4618 is
2102 4561 2448 4630 potissimum
2497 4555 2805 4630 maritimus
2835 4568 3065 4630 tractus,
3098 4559 3188 4630 qui
3237 4571 3400 4626 supra
3440 4557 3604 4630 Cala-

2027 4627 2162 4692 tam,
2201 4631 2266 4682 ad
2293 4627 2437 4681 Freti
2469 4634 2633 4694 caput
2665 4628 2784 4680 ttrbi
2817 4628 3054 4695 objacet.
3083 4629 3349 4681 Caeterum
3376 4642 3404 4678 a
3435 4629 3603 4680 Steuo

2029 4702 2268 4757 Stcuitas
2299 4699 2476 4750 dictos
2515 4705 2734 4766 nautas,
2772 4700 2864 4766 qui
2899 4713 3064 4766 supra
3103 4697 3328 4751 Stenqu
3382 4699 3605 4753 chelan-

2030 4773 2140 4833 dia,
2171 4786 2267 4823 seu
2294 4769 2398 4820 alia
2429 4765 2644 4834 navigia
2675 4765 2948 4821 ducebant
2971 4765 3146 4822 tradit
3183 4769 3322 4823 idem
3357 4767 3605 4838 Porphy-

2029 4841 2336 4909 rogenitus.

2103 4904 2212 4979 (Μ)
2252 4910 2324 4960 Ita
2383 4919 2487 4958 ms.
2522 4904 2720 4979 codex._
2746 4904 2884 4960 Editi
2921 4907 3146 4972 habent,
3183 4909 3595 4979 μεταστήματα.

2031 4975 2452 5046 Μεταστάσιμα,
2489 4975 2910 5046 μεταστάσιμον,
2943 4989 2997 5030 et
3057 4975 3419 5046 μεταστάσεις
3445 4977 3603 5030 dict-.1:

2033 5052 2308 5104 solemnes
2359 5048 2751 5112 imperatorum
2790 5047 3178 5109 Processiones,
3222 5061 3346 5098 cum
3392 5047 3603 5101 scilicet

2031 5135 2061 5174 e
2085 5133 2283 5188 magno
2337 5113 2555 5188 palatio
2582 5114 2634 5165 iu
2667 5114 2782 5188 alia
2808 5117 3009 5184 palatia
3069 5117 3415 5180 secedebaut,
3453 5131 3599 5188 _cum

2032 5182 2202 5243 omui'
2243 5182 2596 5255 imperatorio
2646 5182 2933 5255 coittitVatu,
2982 5196 3041 5239 ut
3091 5193 3284 5238 auctor
3328 5197 3408 5239 est
3452 5186 3600 5238 Luit-

2072 5259 2275 5311 randus
2313 5251 2380 5326 fin
2418 5253 2604 5326 Legat.
2658 5251 2756 5307 His
2805 5273 2928 5326 ergo
2963 5257 3147 5326 tribus
3184 5255 3596 5326 hebdomadibus

2072 5274 2275 5311 ranuus
2327 5274 2380 5308 tn
2418 5274 2604 5321 Legal.
2658 5274 2756 5307 ms
2805 5274 2928 5326 ergo
2963 5274 3132 5309 trwus
3184 5274 3596 5308 ueoaomaawus

2024 5274 2215 5381 rubuit
2274 5323 2612 5390 Nicephorus
2671 5335 2825 5379 extra
2867 5325 3380 5392 Constantinopolim
3434 5325 3600 5393 μετά-

2031 5415 2243 5460 στασιν,
2387 5405 2484 5456 est,
2535 5393 2841 5472 stationem,
2895 5399 2947 5449 in
2979 5398 3098 5472 loco
3141 5397 3233 5464 qui
3279 5395 3476 5472 dicitur
3520 5396 3600 5472 ei;

2027 5459 2241 5536 Πηγήν,
2276 5465 2464 5536 idest,
2499 5459 2943 5536 nd_l"outes,’etc,
2979 5466 3112 5520 Vide
3147 5459 3598 5536 QuasdePalatio

2019 5531 2256 5606 l’eg'auo,
2311 5535 2378 5589 de
2427 5531 2731 5606 Hebdomo,
2782 5537 2856 5606 de
2894 5535 3100 5597 Hieria,
3156 5531 3212 5606 et
3247 5535 3316 5606 de
3363 5533 3598 5604 Byraute

2019 5603 2351 5661 adnotauitts
2420 5615 2588 5671 supra
2658 5603 2712 5657 iu
2769 5604 3077 5660 Comment.
3154 5604 3210 5659 in
3275 5603 3594 5676 Antiquita-

2018 5687 2098 5732 tcs
2130 5675 2237 5730 CP.
