4084 6208
442 302 546 368 337

443 612 661 668 semper
696 607 894 648 nomen
929 588 1176 644 retinnit.
1225 585 1379 656 Saepe
1407 585 1552 640 enim
1603 583 1908 652 imperator
1936 580 2025 634 hic

445 690 693 759 longiora
738 685 934 738 itinera
993 680 1338 740 instituebat,
1397 675 1564 733 veluti
1622 673 2023 736 Nicomediam,

443 791 535 834 aut
565 779 853 847 Olympum
888 788 1104 837 versus,
1134 779 1187 826 et
1208 771 1436 842 Pythia;
1477 767 1840 838 quamobrem
1858 764 2024 819 etiam

446 873 559 926 haec
585 867 875 922 dromonia
922 869 1136 936 paravit
1168 865 1221 917 in
1265 877 1425 918 suum
1459 875 1523 914 ac
1555 859 1865 930 principum
1895 869 2025 910 suo-

446 977 564 1015 rum
605 975 789 1022 nsum,
841 973 906 1012 ac
937 955 1312 1011 commodum.
1365 951 1706 1022 Frequenter
1741 963 1872 1005 vero
1901 962 2025 1002 cum

441 1066 551 1106 non
585 1055 655 1104 ita
688 1051 846 1120 longe
881 1047 1232 1119 profecturus
1267 1051 1436 1110 esset,
1493 1051 1703 1111 partem
1758 1054 1920 1093 unam
1970 1038 2025 1091 in

436 1144 810 1214 hippodromo
842 1139 1187 1210 relinquebat
1237 1137 1304 1191 ad
1332 1136 1518 1207 palatii
1539 1133 1866 1194 custodiam,
1897 1130 2026 1201 quia

439 1239 516 1292 Ibi
546 1237 657 1306 jam
687 1251 755 1290 ex
777 1236 1003 1304 antiquo
1037 1246 1188 1286 more
1219 1230 1436 1284 numeri
1465 1229 1674 1284 Cohors
1714 1241 1840 1281 cum
1863 1224 2026 1281 scho-

439 1331 622 1384 zlarnm
681 1329 987 1383 domestico
1041 1326 1096 1380 in
1171 1323 1426 1394 praesidio
1505 1336 1668 1392 agere
1731 1319 2024 1384 solebant;

442 1437 682 1490 cumque
740 1421 793 1474 in
847 1420 1207 1490 hippodromo
1253 1424 1536 1470 manerent
1571 1415 1679 1469 ritu
1704 1414 1886 1472 solito,
1921 1426 2028 1465 una

446 1529 572 1568 cum
622 1512 1050 1580 imperatoribus
1080 1510 1132 1562 in
1176 1522 1498 1576 processum
1552 1505 1871 1575 pergebant.
1910 1503 2028 1557 Pri-

443 1604 610 1658 mitus
675 1615 806 1656 vero
890 1598 1058 1653 etiam
1150 1597 1432 1665 imperiale
1502 1594 1746 1648 officium
1803 1592 2029 1663 gerebat

443 1696 640 1764 phialae
675 1689 1177 1762 protospatharius,
1215 1687 1558 1756 habebatque
1589 1686 1694 1741 sub
1720 1699 1819 1739 sua
1877 1691 2029 1754 pote—

1467 283 1973 351 CONSTANTINI
2010 281 2686 348 PORPHYROGENITI

446 417 596 470 nium
629 411 755 468 fecit
786 428 801 477 ;
830 417 885 466 et
916 407 1198 477 aliquanto
1226 411 1347 472 post
1377 401 1612 456 alterum
1645 411 1864 468 quoque
1896 395 2032 448 dro-

2137 411 2296 453 σεων,
2331 397 2425 448 καὶ
2455 397 2542 448 ὅτε
2580 395 2759 466 παρῆν
2791 397 2849 449 ἐν
2903 399 2969 468 τῇ
3013 397 3165 452 πόλει
3199 400 3294 454 καὶ
3334 403 3362 454 6
3392 398 3714 478 δομέστικος
3809 389 3812 391 Δ

447 507 692 561 monium
720 503 836 558 ﬁeri
862 499 1096 559 curavit,
1150 496 1296 563 quod
1346 491 1652 548 secundum
1687 488 2022 559 appellatum
2071 495 2074 505 '

3603 288 3711 353 ass
3751 253 3764 258 ’

2129 487 2239 540 τῶν
2278 487 2506 557 σχολῶν,
2535 489 2628 542 καὶ
2671 491 2698 542 6
2737 489 3262 563 παρακοιμώμενος,
3295 499 3392 552 καὶ
3426 501 3454 553 6
3497 519 3716 571 πρωτο-

2130 575 2463 648 δεστιάριος,
2496 579 2590 630 καὶ
2639 580 2706 631 ἐκ
2754 579 2864 632 τῶν
2894 584 3228 637 κοιτωνιτῶν
3260 585 3353 652 οὓς
3386 588 3453 642 ἂν
3489 593 3714 648 ἐκέλευ-

2131 686 2225 722 σεν
2255 671 2282 722 6
2315 669 2589 737 βασιλεύς.
2639 672 2716 722 Δι’
2749 669 2842 725 οὖν
2880 672 2973 725 τὸν
3030 676 3234 746 τρόπον
3266 679 3458 736 τοῦτον
3488 685 3712 758 ἐποίησε

2131 759 2284 812 Λέων
2312 761 2340 812 6
2377 759 2622 828 ἀοίδιμος
2646 763 2742 814 καὶ
2779 763 3094 831 σοφώτατος
3123 767 3379 837 βασιλεὺς
3407 773 3470 827 τὸ
3495 775 3711 848 δρομὼ-

2130 866 2262 916 νιον,
2293 851 2388 904 καὶ
2416 851 2552 922 μετά
2581 872 2702 907 τινα
2741 857 2936 926 καιρὸν
2967 860 3190 932 ἐποίησε
3223 865 3319 918 καὶ
3362 866 3550 938 ἕτερον
3586 871 3712 939 δρο-

2133 944 2354 1013 μὼνιον,
2392 940 2421 995 6
2451 944 2544 997 καὶ
2568 944 2821 1016 δεύτερον
2847 953 3294 1024 προσηγορεύθη,
3345 961 3441 1014 καὶ
3483 963 3712 1020 ἀκολού.

2131 1032 2240 1098 θως
2271 1034 2587 1128 ὠνομάσθη.
2621 1038 2731 1092 Καὶ
2755 1038 2866 1111 γὰρ
2899 1043 2978 1105 είς
3030 1047 3381 1116 μακρόκενσα
3409 1052 3520 1124 (42)
3545 1055 3714 1128 ἀπῄει

2130 1127 2159 1177 6
2191 1126 2466 1197 μακάριος
2504 1122 2660 1193 οὗτος
2713 1131 2998 1201 βασιλεύς·
3045 1131 3158 1190 οἷον
3197 1141 3276 1203 είς
3319 1122 3710 1216 Νικομήδειαν,

2131 1219 2212 1282 είς
2371 1220 2675 1290 Ὄλυμπον,
2707 1224 2786 1287 είς
2825 1225 3100 1321 τὰΙΠύθια
3121 1242 3135 1258 ⁸
3172 1232 3267 1284 καὶ
3294 1233 3380 1288 διὰ
3414 1237 3575 1290 τοῦτο
3609 1242 3710 1293 ἐπα

2123 1311 2460 1380 ετηδεύσατο
2480 1315 2549 1366 τὰ
2577 1314 2670 1368 δύο
2696 1311 2975 1386 δρομὼἷιια
3005 1322 3088 1383 εἰς
3116 1323 3421 1393 ὑπηρεσίαν
3453 1330 3548 1384 καὶ
3577 1334 3708 1388 ἀνά-

2133 1421 2336 1458 παυσιν
2365 1406 2530 1459 αὑτοῦ
2571 1424 2631 1460 τε
2655 1408 2750 1462 καὶ
2775 1409 2885 1462 τῶν
2911 1412 3186 1482 ἀρχόντων
3215 1419 3404 1476 αὐτοῦ.
3434 1423 3706 1491 Πολλάκις

2131 1495 2239 1564 γὰρ
2297 1494 2659 1566 ἐξερχομένου
2694 1499 2862 1552 αὑτοῦ
2891 1503 2974 1564 είς
3014 1505 3082 1558 τά
3131 1507 3356 1577 πλησίον
3408 1514 3709 1583 πρόκενσα,

2131 1585 2230 1657 τὴν
2279 1587 2408 1657 μίαν
2463 1589 2652 1642 οὐσίαν
2687 1592 3090 1664 κατελίμπανεν
3129 1598 3211 1660 είς
3235 1600 3326 1652 τὸν
3373 1603 3708 1677 ἱππόδρομον

2135 1677 2272 1770 πρὸς
2299 1677 2528 1770 φύλαξιν
2567 1681 2660 1735 τοῦ
2711 1683 2998 1748 παλατίου,
3033 1687 3121 1741 διὰ
3151 1690 3212 1743 τὸ
3239 1693 3428 1763 τάγμα
3455 1697 3548 1748 τοῦ
3589 1700 3710 1770 ἁρι·

443 1793 586 1840 state
625 1784 861 1853 remiges
905 1797 1098 1836 omnes
1132 1780 1474 1848 agrariorum
1517 1777 1866 1848 imperatoris
1913 1784 2024 1829 tam

2137 1767 2271 1837 θμοῦ
2302 1768 2413 1841 (45)
2447 1771 2588 1826 κατὰ
2629 1773 2720 1826 τὸν
2769 1775 3212 1850 ἐπικρατήσαντα
3258 1784 3490 1838 παλαιὸν
3539 1767 3709 1842 τύπον

440 1888 775 1929 τυεεωοιυιιι
833 1886 998 1940 quam
1041 1870 1347 1938 nigrorum,
1407 1867 1655 1936 exceptis
1695 1866 1765 1920 iis
1794 1879 1916 1934 quae
1956 1863 2026 1918 ad

441 1968 746 2034 Augustam
785 1964 1173 2033 pertinebant;
1238 1961 1345 2015 ista
1403 1960 1550 2014 enim
1615 1959 1731 2014 sive
1795 1971 2024 2023 russaea,

441 2059 561 2112 sive
611 2060 788 2125 nigra.
827 2056 928 2109 sub
985 2054 1159 2124 ipsius
1227 2067 1433 2106 mensa:
1497 2050 1806 2105 domestico
1847 2057 2026 2104 erant.

446 2146 553 2201 Sed
583 2163 704 2200 cum
738 2145 842 2200 sub
873 2145 1056 2198 Leone
1099 2143 1367 2213 praeclaro
1408 2142 1504 2196 illo
1532 2157 1595 2195 ac
1617 2141 2030 2211 sapientissimo

390 2255 392 2257 '
444 2240 778 2309 imperatore
821 2238 1110 2291 dromonia
1157 2237 1392 2306 primum
1437 2235 1867 2298 conficerentur,
1928 2233 2031 2288 im-

443 2331 635 2399 periali
673 2330 860 2400 jussu,
898 2344 1089 2384 eorum
1133 2329 1298 2382 etiam
1339 2328 1576 2397 remiges
1603 2323 2029 2395 protospatharii

444 2424 644 2495 phiala:
695 2423 926 2477 arbitrio
975 2421 1210 2492 subjecti
1242 2419 1395 2476 fuere
1431 2437 1444 2474 :
1476 2421 1633 2489 isque
1671 2418 1918 2488 quotidie
1963 2432 2028 2470 ex

441 2517 614 2572 veteri
669 2515 1066 2572 consuetudine
1127 2515 1232 2572 sub
1305 2528 1589 2584 vesperam
1651 2510 2030 2577 descendens,

444 2609 771 2663 consldebat
795 2609 848 2662 in
884 2608 1084 2678 phiala,
1113 2606 1260 2661 unde
1292 2615 1346 2660 et
1383 2604 1814 2675 protospatharii
1839 2603 2032 2672 phiala:

445 2715 643 2755 nomen
675 2701 908 2768 accepit,
935 2714 1000 2752 ac
1031 2700 1173 2753 inter
1212 2698 1560 2766 agrariorum
1591 2695 2034 2750 dromoniorum-

445 2807 552 2860 que
587 2793 820 2862 remiges
857 2791 961 2845 sibi
1026 2789 1312 2858 subjectos
1347 2787 1470 2843 lites
1529 2786 1836 2858 judicabat,
1869 2792 2034 2855 atque

437 2885 536 2952 jus
572 2885 791 2938 dicebat
841 2882 1378 2951 administrabatque
1415 2898 1428 2934 :
1479 2889 1534 2935 et
1593 2880 1640 2935 si
1674 2879 1807 2948 quid
1839 2885 2035 2947 praater

445 2978 709 3032 decorum
747 2975 1094 3031 commisisse
1115 2975 1355 3044 aliquem
1391 2973 1780 3043 comperisset,
1827 2981 1920 3026 aut
1956 2971 2034 3024 in-

443 3069 650 3138 iuriam
701 3068 942 3138 cuipiam
999 3065 1216 3132 fecisse,
1252 3067 1337 3121 vel
1371 3065 1613 3120 ofﬁcium
1675 3079 1834 3120 suum
1875 3062 2035 3118 dese-

2135 1867 2271 1930 μετά
2309 1861 2403 1916 τοῦ
2451 1863 2774 1934 δομεστίκου
2819 1868 2927 1922 τῶν
2978 1873 3185 1940 σχολῶν
3231 1875 3556 1944 ταξιδεύειν,
3619 1882 3713 1936 καὶ

2129 1954 2559 2025 ἐναπομένοντες
2609 1958 2722 2030 (44)
2783 1962 2863 2025 είς
2891 1963 2982 2015 τὸν
3024 1966 3358 2038 ἱππόδρομον
3405 1971 3712 2037 συνεξιοῦσι

2130 2043 2274 2097 κατὰ
2303 2043 2474 2098 τύπον
2496 2049 2608 2111 τοῖς
2635 2047 2948 2117 βασιλεῦσιν
2968 2055 3050 2117 εἰς
3077 2055 3145 2110 τὰ
3182 2058 3477 2127 πρόκενσα.
3497 2063 3621 2117 Ὀτι
3657 2067 3713 2131 ἐξ

2129 2135 2306 2206 ἀρχῆς
2329 2135 2427 2189 καὶ
2455 2137 2664 2193 ἄνωθεν
2692 2140 2969 2210 βασιλικὸν
2999 2145 3252 2215 ὸφφίκιον
3287 2145 3357 2220 ἦν
3388 2151 3467 2222 τῷ
3498 2171 3707 2224 πρωτο-

2135 2226 2428 2300 σπαθαρίῳ
2459 2231 2558 2295 τῆς
2589 2233 2789 2304 φιάλης
2808 2253 2823 2267 ο
2853 2229 3005 2301 οὗτος
3033 2237 3089 2290 δὲ
3135 2241 3164 2293 6
3216 2245 3707 2315 πρωτοσπαθάριος

2132 2317 2230 2386 τῆς
2262 2320 2464 2390 φιάλης
2494 2322 2791 2393 ἐπεκράτει
2848 2329 2942 2378 καὶ
2985 2321 3134 2397 εἶχεν
3183 2329 3276 2381 ὑπ’
3305 2331 3468 2383 αὐτὸν
3498 2335 3707 2398 πάντας

2131 2409 2258 2472 τοὺς
2287 2411 2482 2475 ἐλάτας
2517 2413 2626 2467 τῶν
2652 2415 2946 2485 βασιλικῶν
2973 2418 3258 2490 άγραρίων
3283 2423 3512 2492 ῥουσίων
3535 2441 3594 2478 τε
3613 2427 3708 2478 καὶ

2136 2499 2385 2571 μαύρων,
2453 2503 2581 2558 ἄνευ
2621 2504 2730 2558 τῶν
2767 2507 3050 2580 ἀγραρίων
3095 2510 3195 2580 τῆς
3243 2513 3594 2586 Αύγούστηςο
3640 2519 3710 2571 τὰ

2133 2594 2241 2665 γὰρ
2271 2596 2518 2666 άγράρια
2547 2597 2647 2667 τῆς
2677 2599 2994 2670 Αὐγούστης
3024 2603 3093 2656 τά
3109 2621 3166 2656 τε
3193 2605 3386 2675 ρούσια
3412 2607 3506 2660 καὶ
3526 2607 3712 2680 μαῦρα

2135 2686 2431 2758 ἐπεκράτει
2457 2689 2549 2741 καὶ
2579 2689 2894 2756 ἐξουσίαζεν
2935 2694 2963 2744 ὁ
3009 2694 3108 2764 τῆς
3171 2696 3451 2768 τραπέζης
3482 2698 3580 2770 τῆς
3607 2699 3714 2753 Αὐ-

2138 2777 2399 2848 γούστης.
2454 2779 2578 2833 Ἐπὶ
2617 2780 2674 2834 δὲ
2717 2783 2817 2853 τῆς
2850 2782 3128 2852 βασιλείας
3164 2787 3393 2849 Λέοντος
3421 2790 3516 2843 τοῦ
3547 2791 3715 2844 ἀοιδί-

2139 2884 2241 2938 μου
2295 2869 2389 2922 καὶ
2441 2872 2755 2938 σοφωτάτου
2806 2873 3088 2943 βασιλέως,
3143 2879 3610 2948 καινουργηθέντα
3645 2882 3714 2934 τὰ

2136 2956 2414 3028 δρομώνια
2467 2960 2714 3016 κελεύσει
2751 2963 3004 3034 βασιλικῇ
3057 2962 3205 3037 εἶχεν
3240 2969 3269 3020 6
3306 2969 3469 3034 αὐτὸς
3501 2987 3712 3042 πρωτο-

2139 3049 2443 3120 σπαθάριος
2471 3052 2570 3122 τῆς
2594 3054 2816 3124 φιάλης,
2851 3057 2946 3108 καὶ
2970 3057 3077 3110 τῶν
3114 3061 3372 3113 τοιούτων
3395 3061 3713 3131 δρομωνίων

440 3130 648 3225 ruisse,
675 3130 814 3214 eum.
840 3159 1026 3228 ﬂagris
1075 3130 1276 3212 acriter
1331 3158 1662 3228 excipiebat.
1695 3155 1781 3222 Et,
1817 3166 1880 3210 ut
1918 3153 2033 3208 dic-

2138 3143 2265 3206 τοὺς
2301 3142 2497 3207 ἐλάτας
2521 3145 2626 3198 ὑπὸ
2665 3147 2766 3217 τὴν
2790 3148 2990 3202 ἐαυτοῦ
3027 3149 3296 3214 ἐξουσίαν.
3342 3151 3399 3204 '0
3424 3130 3519 3206 οὖν
3541 3156 3714 3226 προρς

390 3258 400 3268 ‘
438 3254 563 3299 sum
597 3254 701 3311 est,
723 3260 916 3301 omnes
952 3246 1188 3316 remiges
1212 3245 1628 3300 dromoniorum
1665 3245 2038 3316 agrariorum-

438 3351 556 3406 .que
584 3337 974 3407 imperialium,
997 3346 1106 3391 tam
1146 3352 1480 3391 russarorum
1521 3351 1688 3405 quam
1724 3338 2034 3405 nigrorum,

439 3429 554 3484 sub
594 3438 868 3499 potestate
897 3437 1057 3484 erant
1078 3443 1142 3482 ae
1181 3443 1312 3482 cura
1347 3427 1776 3497 protospatharii
1815 3425 2034 3496 phiala;

440 3521 544 3574 sed
585 3521 845 3588 Augustae
884 3521 1100 3590 agraria
1133 3520 1249 3574 sive
1306 3532 1534 3581 russam,
1579 3517 1697 3572 sive
1757 3517 1917 3584 nigra
1968 3517 2036 3570 ad

441 3625 652 3666 mensa
684 3612 856 3681 ipsius
897 3611 1259 3666 domesticum
1307 3609 1677 3680 pertinebant,
1733 3609 1808 3664 ita
1853 3616 2037 3663 tamen

442 3708 513 3753 ίιιι
552 3699 643 3752 ille
679 3700 925 3754 muneris
950 3699 1033 3754 sui
1069 3699 1336 3753 rationem
1386 3714 1496 3754 non
1537 3699 1798 3770 Augustae
1831 3698 2030 3753 redde-

444 3799 558 3855 ret,
589 3789 684 3844 sed
737 3789 1081 3860 imperatori.
1141 3787 1257 3844 Sub
1307 3787 1490 3844 Leone
1538 3798 1720 3843 autem
1774 3791 2038 3858 praeclaro

445 3882 547 3935 illo
579 3895 644 3936 ac
678 3880 1094 3951 sapientissimo
1127 3882 1461 3950 imperatore
1503 3880 1704 3950 phialae
1750 3888 2042 3951 protospa-

448 3973 668 4028 tharius
719 3983 835 4028 erat
861 3972 1104 4030 Joannes
1137 3981 1508 4044 cognomento
1551 3972 1883 4036 Thalasson,
1918 3980 2043 4040 post

451 4082 616 4134 quem
655 4065 932 4132 Podaron,
964 4066 1052 4121 cui
1086 4067 1361 4122 successit
1389 4065 1498 4120 Leo
1526 4063 1848 4131 Armenius,
1871 4064 2042 4121 Arse-

379 4175 387 4184 '
453 4160 528 4213 nii
565 4159 997 4230 protospatharii
1049 4169 1103 4214 et
1163 4157 1512 4212 manclabitae
1562 4167 1733 4226 pater.
1793 4156 1857 4211 Hi
1887 4171 2040 4222 vero,

454 4265 652 4319 nempe
701 4247 1183 4319 protospatharius
1242 4245 1535 4311 Podaron,
1589 4253 1644 4299 et
1697 4243 1805 4299 Leo
1847 4245 2040 4298 Arme-

453 4341 578 4397 nius
629 4341 912 4410 protelatae
969 4338 1192 4392 fuerunt
1257 4335 1432 4390 Nasar
1500 4333 1789 4403 pratricii,
1848 4342 1902 4387 et
1963 4333 2042 4386 rci

457 4432 670 4488 navalis
695 4430 1018 4501 tirungarii;
1068 4439 1123 4484 et
1153 4427 1255 4481 sub
1295 4425 1501 4479 Basilio
1532 4423 1740 4480 Christi
1780 4425 2046 4479 amantis-

2141 3235 2327 3306 ῥηθεὶς
2376 3239 2869 3310 πρωτοσπαθάριος
2913 3242 3009 3311 τῆς
3057 3243 3253 3313 φιάλης
3305 3245 3427 3298 καθ’
3477 3247 3714 3318 ἑκάστην

2138 3326 2352 3396 ἡμέραν
2381 3327 2475 3380 καὶ
2507 3328 2629 3380 καθ’
2670 3330 2910 3400 ἑκάστην
2941 3332 3124 3403 δείλην
3145 3333 3254 3387 ἀπὸ
3281 3335 3514 3390 παλαιοῦ
3543 3338 3716 3392 τύπου

2143 3417 2448 3486 κατήρχετο
2471 3419 2564 3471 καὶ
2589 3420 2879 3486 ἐκαθέζετο
2911 3424 2969 3475 ἐν
2991 3427 3058 3495 τῇ
3086 3424 3256 3496 φιάλῃ
3277 3441 3291 3455 ·
3308 3427 3397 3480 διὰ
3427 3428 3586 3480 τοῦτο
3607 3429 3715 3500 γὰρ

2142 3508 2239 3560 καὶ
2260 3509 2478 3577 ἐλέγετο
2513 3515 3004 3586 πρωτοσπαθάριος
3042 3520 3144 3587 τῆς
3185 3519 3384 3591 φιάλης
3406 3537 3421 3552 ο
3466 3522 3564 3574 καὶ
3616 3524 3715 3586 τὰς

2141 3601 2240 3652 ἀνα
2252 3601 2458 3670 μεταξὺ
2492 3604 2648 3668 δίκας
2673 3606 2781 3659 τῶν
2806 3607 3016 3662 ἐλατῶν
3041 3610 3151 3664 τῶν
3193 3628 3253 3664 τε
3303 3614 3591 3685 ἁγραρίων
3623 3618 3717 3668 καὶ

2141 3691 2254 3744 τῶν
2307 3693 2624 3765 δρομωνίων
2676 3698 2783 3751 τῶν
2835 3703 2970 3771 παρ’
3022 3701 3189 3757 αὑτοῦ
3247 3704 3719 3774 ἐξουσιαζομένων

2145 3780 2350 3852 ἔκρινε,
2375 3785 2471 3839 καὶ
2501 3785 2643 3839 κατὰ
2672 3787 2733 3840 τὸ
2765 3788 2976 3843 δίκαιον
3014 3791 3229 3864 ἐδίκαζέ
3255 3810 3313 3846 τε
3346 3795 3442 3846 καὶ
3467 3795 3717 3850 ἐδιοίκειο

2145 3874 2242 3926 καὶ
2275 3875 2440 3945 ἡνίκα
2467 3879 2619 3950 παρὰ
2654 3879 2717 3932 τὺ
2743 3879 2863 3934 δέον
2891 3881 3114 3953 εὕρισκέ
3141 3901 3260 3937 τινα
3289 3885 3322 3956 ῆ
3349 3885 3718 3956 ἐργαζόμενον

2145 3967 2180 4036 ῆ
2238 3985 2360 4021 τινα
2404 3969 2713 4037 ἀδικοῦντα,
2758 3974 2791 4045 ἢ
2841 3975 2922 4038 είς
2965 3976 3066 4046 τὴν
3127 3977 3262 4030 ίδίαν
3311 3977 3554 4031 δουλείαν
3617 3979 3717 4048 βα-

2145 4059 2377 4128 γεύοντα
2411 4062 2543 4135 (45),
2605 4065 2792 4119 τοῦτον
2821 4067 2910 4120 διὰ
2937 4069 3312 4143 μαγκλαὸίωνί
3335 4069 3578 4140 σφοδρῶν
3608 4073 3713 4124 ὐπ-

2145 4149 2432 4221 εξήρχετο.
2460 4155 2566 4206 Καὶ
2601 4155 2722 4209 καθ’
2748 4155 2806 4208 ὃν
2834 4157 3044 4228 εἴρηται
3073 4158 3272 4228 τρόπον
3301 4157 3499 4220 πάντες
3528 4159 3576 4210 οἱ
3605 4157 3716 4210 τῶν

2144 4237 2466 4310 δρομωνίων
2497 4241 2706 4306 ἐλάται,
2750 4246 2842 4298 καὶ
2884 4247 2932 4298 oi
2966 4245 3078 4298 τῶν
3110 4246 3203 4301 τοῦ
3237 4247 3495 4317 βασιλέως
3536 4247 3716 4316 ἀγρα-

2150 4333 2301 4402 ρίων,
2328 4333 2438 4386 τῶν
2467 4336 2697 4405 ρουσίων
2739 4337 2968 4391 καὶτῶν
3000 4339 3244 4411 μαύρων,
3286 4340 3390 4392 ὑπὸ
3419 4339 3518 4410 τὴν
3559 4341 3718 4409 χεῖρα

2148 4425 2243 4478 καὶ
2269 4426 2372 4495 τὴν
2400 4426 2634 4497 θεωρίαν
2673 4428 2914 4500 ὑπῆρχον
2962 4430 3055 4482 τοῦ
3086 4429 3581 4501 πρωτοσπαθαρίου
3618 4431 3717 4500 τῆς

451 4511 596 4581 ἐἰιηο
653 4525 984 4593 imperatore
1035 4536 1066 4575 a
1104 4536 1162 4575 re
1215 4518 1393 4575 navali
1442 4517 1720 4583 translati,
1757 4515 2033 4586 protelatre

2152 4517 2376 4586 φιάλης.
2411 4518 2493 4571 Τὰ
2519 4519 2576 4573 δὲ
2603 4521 2704 4589 τῆς
2727 4521 3044 4592 Αύγούστης
3071 4523 3312 4594 ἁγράρια
3341 4521 3410 4576 τά
3441 4539 3500 4575 τε
3528 4521 3721 4593 ῥούσια

454 4615 658 4685 agrarii
713 4613 1052 4683 imperatorii
1117 4611 1297 4666 elIecti
1345 4618 1506 4676 sunt;
1547 4609 1653 4665 sub
1687 4608 1870 4664 Leone
1907 4623 2037 4663 vero

459 4703 613 4776 141
645 4705 908 4774 praeclaro
935 4703 1457 4774 sapientissitnoque
1509 4703 1859 4772 imperatore,
1907 4716 2032 4755 cum

454 4794 749 4850 dromonia
783 4794 831 4850 is
869 4793 1110 4861 iecisset,
1148 4803 1372 4866 prOpter
1403 4809 1595 4850 eorum
1630 4792 2036 4860 fortitudinem,

455 4888 643 4958 reique
667 4887 954 4942 maritima:
994 4888 1266 4958 peritiam,
1296 4886 1644 4957 protocarabi
1690 4883 1820 4939 facti
1856 4892 1989 4940 sunt
2018 4899 2034 4950 ;

2150 4606 2245 4659 καὶ
2269 4605 2462 4678 μαῦρα
2485 4607 2590 4661 ὑπὸ
2615 4610 2714 4679 τὴν
2743 4614 2901 4682 χεῖρα
2949 4612 3042 4666 καὶ
3071 4612 3170 4682 τὴν
3197 4613 3422 4684 ἐφορίαν
3475 4612 3722 4685 ὑπῆρχον

2146 4697 2256 4750 τῶν
2288 4697 2388 4767 τῆς
2419 4697 2705 4768 τραπέζης
2731 4700 2830 4769 τῆς
2865 4701 3204 4770 Αὐγούστης,
3234 4702 3478 4771 δηλονότι
3507 4702 3598 4754 τὸν
3632 4701 3721 4754 λό-

2149 4806 2245 4857 γον
2270 4789 2379 4843 τῶν
2404 4791 2686 4865 ἀγραρίων
2716 4794 2919 4846 τούτων
2954 4793 3234 4858 ποιοῦντος
3266 4793 3360 4847 τοῦ
3390 4793 3490 4864 τῆς
3518 4791 3724 4861 τραπέ-

2150 4881 2272 4954 ξης,
2321 4883 2445 4952 οὐχὶ
2483 4883 2619 4954 πρὸς
2647 4885 2746 4954 τὴν
2777 4883 3115 4953 Αὑγοῦσταν,
3162 4884 3299 4938 ἀλλὰ
3333 4885 3470 4956 πρὸς
3500 4887 3592 4937 τὸν
3624 4883 3721 4953 βα·-

1643 5047 1942 5107 ANSELMI
1978 5046 2302 5104 BANDURII
2338 5048 2570 5106 NOTAE.

530 5170 642 5239 (ιῖ)
679 5169 1090 5240 Μακρόκενσον,
1108 5165 1341 5240 Longior
1361 5184 1626 5240 secessus,
1639 5167 1796 5236 quasi
1818 5165 2029 5240 μακρὸν

2137 5167 2227 5240 tis,
2265 5168 2409 5240 κατὰ
2450 5167 2542 5220 τὸν
2564 5237 2585 5240 _
2600 5167 2851 5240 παλαιδνμ
2865 5166 3036 5240 τύπον
3055 5167 3429 5240 ἐπικρατῆσαν
3464 5166 3603 5240 μετὰ
3627 5165 3722 5240 τοῦ

460 5235 780 5312 πρόκενσον,
817 5235 964 5292 ὀιιιιι
1017 5235 1239 5312 scilicet
1279 5237 1574 5312 imperator
1617 5235 1673 5312 in
1729 5235 2028 5312 remotiora

2137 5235 2469 5305 δομεστίκου
2519 5237 2628 5290 τῶν
2689 5237 2894 5308 σχολῶν
2937 5235 3260 5306 ταξιδεύειν,
3307 5235 3404 5292 καὶ
3456 5235 3728 5306 ἐναπομά-

462 5305 662 5379 palatia
711 5323 836 5363 cum
887 5314 1003 5360 toto
1025 5306 1310 5379 _comitatu
1355 5307 1835 5379 proﬁciscebatur,
1869 5313 1926 5358 nt
1976 5305 2030 5379 i_n

459 5373 528 5436 iis
556 5394 761 5436 moram
787 5392 989 5448 ageret.
1023 5375 1193 5430 Paulo
1226 5373 1391 5448 supra
1423 5377 1546 5448 aliis
1570 5375 1785 5448 verbis,
1817 5373 2033 5448 μακρόο

460 5467 618 5515 τερον
660 5444 997 5520 πρόκενσον,
1038 5448 1128 5501 cui
1195 5445 1422 5517 opponit
1481 5446 1544 5499 τὸ
1620 5445 1850 5515 πλησίον
1899 5444 2039 5515 πρό-

461 5534 676 5572 κενσον.

536 5587 649 5656 (45)
694 5589 991 5659 Ἀριθμός,
1027 5603 1297 5655 numerus,
1332 5586 1519 5641 cohors
1574 5584 1852 5640 militaris.
1898 5583 2036 5639 Vide

465 5654 728 5724 Du'cangii
756 5654 936 5713 Gloss.
965 5657 1140 5712 Graec.

537 5724 649 5795 (ll)
689 5726 762 5779 Ita
794 5743 858 5782 ex
887 5741 989 5781 ms.
1016 5727 1226 5784 codice.
1256 5727 1546 5799 Perperam
1583 5727 1782 5798 legitur
1815 5727 1870 5780 in
1909 5725 2029 5782 edi-

2139 5315 2646 5449 Nigidianis).
2684 5377 2892 5449 vagari.
2948 5374 3180 5449 Suidas:
3244 5376 3532 5449 Βαγεύειν,
3582 5374 3726 5428 πλα-

2145 5445 2416 5516 νητεύειν.
2466 5445 2824 5516 Μαγκλάὸἱον
2869 5456 3052 5501 autem
3096 5447 3271 5510 clava.
3323 5445 3568 5509 baculus.
3616 5460 3730 5515 quo

2146 5521 2273 5584 quis
2302 5519 2644 5586 percutitur;
2674 5518 2819 5572 unde
2841 5525 2895 5571 et
2940 5517 3214 5574 interdum
3247 5534 3345 5586 pto
3370 5517 3582 5586 ﬂagello
3614 5531 3728 5585 quo

2143 5587 2424 5711 fatigantur
2481 5589 2559 5642 rei
2640 5589 2930 5659 accipitur.
3001 5586 3131 5646 Vide
3203 5585 3473 5657 Ducangii
3541 5585 3728 5642 Gloss.

2269 5672 2319 5711 c.

2269 5672 2319 5711 ἰ).
