2042 3104
165 147 217 181 389

696 143 746 174 DE
765 143 1083 176 ADMINISTRANDO
1101 143 1276 177 IMPERIO.

1740 147 1794 182 390

168 204 254 232 σιλέα.
273 201 336 228 Ἐπὶ
349 200 377 227 δὲ
390 199 504 230 Λέοντος
521 197 569 226 τοῦ
589 199 712 235 ἀοιδίμου
732 200 779 226 καὶ
797 200 954 235 σοφωτάτου

1007 206 1067 226 cum
1081 205 1171 227 autem
1188 201 1251 228 belli
1268 201 1419 230 necessitas
1434 205 1555 238 urgeret,
1568 202 1711 239 utriusque
1728 204 1794 234 dro-

168 248 303 286 βασιλέως
324 244 359 282 ἦν
373 244 623 280 πρωτοσπαθάριος
644 245 693 280 τῆς
719 245 819 280 φιάλης
833 245 847 270 6
865 245 955 271 Ἰωάν-

167 305 226 331 νης,
239 291 270 321 οὗ
286 293 318 320 τὸ
337 287 479 326 ἑπίκληνδ
493 290 654 323 Θαλάσσων,
672 292 719 317 καὶ
737 292 797 326 μετ’
812 291 894 318 αὐτὸν
909 291 956 325 γὲ-

168 350 245 376 γονεν
261 341 275 367 6
292 337 540 375 πρωτοσπαθάριος
556 337 569 362 ὁ
583 337 722 371 Ποδάρων,
750 338 795 363 καὶ
811 339 868 372 μετ’
885 338 956 363 ὲκεῐ-

170 397 211 415 νον
225 388 239 413 6
252 385 500 421 πρωτοσπαθάριος
516 383 592 409 Λέων
606 384 620 409 6
639 384 783 418 Ἁρμένης,
794 384 807 409 6
822 383 868 409 τοῦ
885 391 957 418 πρω-

168 431 352 465 τοσπαθαρίου
375 428 512 463 Ἀρσενίου
528 428 574 453 καὶ
587 426 771 461 μαγκλαὸίτου
788 426 955 461 πατήρμϐ).

170 476 248 505 Οὗτοι
264 477 292 503 δὲ
310 477 323 502 ὃ
345 484 374 501 τε
399 476 412 500 6
438 473 686 508 πρωτοσπαθάριος
702 472 840 507 Ποδάρων,
870 474 915 498 καὶ
943 473 956 498 6

171 524 244 552 Λέων
263 523 277 548 6
297 521 432 557 Ἀρμένης
452 519 625 555 πρωτελάται
648 519 776 552 γεγόνασι
791 517 838 544 τοῦ
856 525 955 553 πατρι-

171 570 226 596 κίου
243 569 341 603 Νάσαρ
359 567 404 593 καὶ
419 565 602 601 δρουγγαρίου
615 565 662 590 τοῦ
686 564 827 599 πλωϊμου·
846 565 892 590 καὶ
908 564 955 590 ἐπὶ

173 615 309 642 Βασιλείου
324 613 370 640 τοῦ
392 612 567 647 φιλοχρίστου
580 610 711 637 δεσπότου
727 609 828 645 ἀνῆξαν
844 610 897 636 ἀπὸ
910 609 956 635 τοῦ

173 663 292 696 πλωϊμου
310 661 357 686 καὶ
370 660 500 693 γεγόνασι
515 657 687 692 πρωτελάται
702 656 748 682 τοῦ
761 656 894 691 ἀγρσρίου
911 655 956 681 τοῦ

174 707 302 742 βασιλέως
314 714 320 721 '
333 705 379 731 ἐπὶ
394 705 421 730 δὲ
434 705 483 738 τῆς
497 703 635 738 βασιλείας
648 702 760 732 Λέοντος
775 702 822 727 τοῦ
833 702 956 735 ἀοιδίμου

174 753 219 779 καὶ
247 751 403 786 σοφωτάτου
430 749 572 785 βασιλέως,
599 749 680 782 ἡνίκα
699 749 745 774 καὶ
767 748 799 774 τὰ
819 747 957 782 δρομώνια

174 798 293 832 ἐποίησε,
309 797 351 823 διὰ
364 797 411 830 τὴν
426 796 554 830 ἀνδρείαν
571 795 670 825 αὐτῶν,
686 795 731 820 καὶ
745 794 794 828 τὴν
811 794 958 828 ἐμπειρίαν

174 844 220 877 τῆς
242 844 391 876 θαλάσσης,
416 842 544 875 ἐποίησεν
579 841 678 870 αὐτοὺς
713 840 955 874 πρωτοκαράεους·

174 890 220 916 καὶ
234 888 421 923 περιστάσεως
434 888 584 921 γενομένης
597 908 603 919 ,
627 887 775 920 εισήγαγεν
798 886 812 911 6
829 885 956 920 βασιλεὺς

173 935 226 961 τῶν
251 935 298 961 δύο
308 934 462 969 δρομωνίων
478 934 540 964 τοὺς
554 933 651 963 ἐλάτας
667 932 736 966 μετὰ
752 932 805 958 τῶν
821 931 867 958 δύο
883 941 956 966 πρω-

173 981 330 1016 τοκαράὸων
361 979 407 1006 τοῦ
438 979 546 1014 πρώτου
578 978 728 1013 δρομωνίου
764 979 803 1008 είς
832 978 955 1011 χελάνδια

176 1026 290 1060 πλώῖμα,
301 1026 360 1055 δοὺς
375 1026 466 1056 αὐτοῖς
477 1024 614 1056 ἐξόπλισιν
624 1023 724 1057 πολλὴν
738 1024 782 1049 καὶ
793 1023 953 1056 ἀναγκαίαν,

179 1069 229 1099 οἷον
244 1072 400 1106 σκουτάρια,
419 1072 517 1106 δόρκας
536 1070 604 1105 (47),
616 1069 744 1095 κλιϐάνια
756 1069 898 1101 κάλλιστα,
909 1069 955 1094 καὶ

175 1118 237 1144 ἄλλα
258 1118 307 1144 ὅσα
330 1117 484 1143 ἐπιδέονται
510 1116 625 1150 πλώϊμοι
646 1114 812 1150 στρατιῶται
828 1114 956 1149 ἐπιφέρε-

175 1163 248 1190 σθαι·
265 1163 314 1190 καὶ
329 1163 476 1190 ἀνελάϐετο
493 1162 592 1192 αὐτοὺς
613 1163 626 1187 6
644 1161 789 1196 πατρίκιος
805 1160 955 1191 Εὐστάϐιος

172 1206 217 1232 καὶ
235 1207 416 1242 δρουγγάριος
441 1206 485 1232 τοῦ
503 1205 626 1240 πλωΐμου
644 1205 713 1240 μετὰ
737 1205 783 1231 τοῦ
815 1205 954 1240 βασιλικοῦ

173 1253 274 1285 στόλου,
304 1254 349 1280 καὶ
382 1254 465 1289 ἀπῄει
482 1254 553 1280 κατὰ
575 1253 629 1279 τῶν
653 1253 791 1279 ἐναντίων.
816 1254 901 1279 Τοῦτο
928 1254 955 1280 δὲ

170 1299 227 1326 ὅλον
241 1300 298 1335 (48)
313 1300 441 1335 ἐποίησεν
458 1301 471 1326 6
488 1299 615 1334 βασιλεὺς
629 1300 673 1325 διὰ
685 1299 715 1325 τὸ
729 1299 895 1325 ἀποῦλέπειν
910 1299 955 1326 τὸν

170 1346 314 1381 πατρίκιον
329 1346 474 1372 Εὑστάθιον
500 1346 546 1371 καὶ
572 1345 753 1380 δρουγγάριον
764 1345 811 1371 τοῦ
831 1345 955 1379 πλωΐμου

169 1391 238 1426 πρὸς
253 1391 369 1425 πόλεμον
383 1391 435 1417 τῶν
456 1392 594 1423 ἐναντίων,
611 1391 659 1417 καὶ
678 1391 735 1417 ἀντ’
758 1391 869 1418 ἐκείνων
890 1392 953 1417 ἐκυ-

168 1436 252 1470 ϐέρνα
268 1437 297 1462 τὸ
325 1436 463 1470 βασιλικὸν
478 1436 629 1471 δρομώνιον
653 1436 762 1471 Μιχαὴλ
776 1437 789 1462 6
803 1437 891 1471 γέρων
909 1438 955 1463 καὶ

168 1483 280 1514 συνετὸς
302 1484 405 1514 ἐκεῖνος
429 1484 515 1509 ὅντων
534 1483 625 1509 αὐτῶν
651 1483 690 1517 τῷ
714 1483 774 1509 τότε
791 1483 846 1518 (49)
868 1483 955 1518 καιρῷ

1006 246 1091 272 monii
1111 246 1239 282 remiges,
1265 254 1328 275 cum
1352 248 1461 276 duobns
1481 249 1562 284 primi
1577 250 1796 287 drontonii.pro-

1007 291 1143 319 tocarabis
1164 292 1191 319 in
1210 293 1353 321 chelandia
1374 295 1523 329 imperator
1549 295 1712 327 introduxit.
1731 296 1796 324 data

1007 337 1041 364 iis
1056 342 1196 364 armatura
1212 338 1357 374 multiplici
1368 344 1396 367 et
1411 343 1575 374 necessaria,
1586 346 1616 368 nt
1631 347 1694 369 sunt
1707 347 1796 374 scuta.

1007 383 1092 417 pelles
1106 384 1233 416 cervinzc,
1251 384 1360 412 clibana
1375 385 1571 421 pulcherrima,
1585 392 1612 416 et
1629 388 1681 416 alia
1695 389 1796 423 quibus

1008 428 1125 457 adscitis
1143 429 1304 458 Eustathius
1322 431 1466 466 patricius.
1483 433 1577 468 reique
1591 435 1695 462 navalis
1711 436 1796 463 drun-

1007 474 1100 507 garius
1117 481 1179 501 cum
1192 475 1282 502 classe
1308 475 1484 510 imperatoria
1500 483 1596 505 contra
1615 480 1707 508 hostes
1732 489 1796 516 pro-

1007 518 1094 546 fectus
1113 523 1165 546 est.
1194 519 1324 555 Fecitque
1352 525 1440 549 totum
1460 523 1511 550 hoc
1543 524 1704 559 imperator,
1729 527 1794 561 quia

1008 562 1170 591 Eustathius
1202 566 1346 600 patricius,
1371 568 1466 602 reique
1488 570 1595 598 navalis
1628 571 1796 607 drttngarins

1008 609 1108 637 bellum
1132 618 1193 637 cum
1210 612 1335 639 hostibus
1356 620 1452 648 gerere
1477 615 1631 650 cogitabat;
1648 621 1674 644 et
1690 618 1795 646 interea

1008 656 1067 682 vice
1083 656 1193 683 illorum
1208 657 1382 685 drnmonium
1400 659 1544 694 imperiale
1558 662 1729 696 gubernabat
1745 663 1794 691 Mi-

1009 701 1086 728 chael
1101 702 1144 730 ille
1164 710 1249 730 senex
1271 711 1303 731 ac
1322 705 1507 739 peritissimus
1523 708 1645 735 omnium
1661 708 1735 736 illius
1746 711 1796 737 aevi

1009 748 1215 782 protelatarum.
1239 749 1290 783 Qui
1308 755 1397 778 autem
1414 751 1555 779 dromonia
1572 753 1724 788 agitabant,
1750 764 1798 783 us-

1009 801 1062 828 que
1087 794 1152 821 dutn
1180 795 1354 830 imperatoris
1378 797 1498 832 remiges
1523 799 1659 833 venirent,
1685 800 1796 830 Stenitte

1009 845 1087 868 erant
1105 841 1179 868 Steni
1203 842 1311 871 incolae.
1332 842 1400 869 Cum
1422 850 1487 870 vero
1505 852 1538 871 ex
1563 845 1659 873 bellica
1684 848 1796 882 expedi-

1010 887 1083 914 tione
1101 887 1235 920 redirent,
1255 888 1372 923 pristina
1391 889 1490 916 iterum
1506 889 1596 917 oflicia
1617 893 1795 926 praestabant.

1008 932 1041 959 Et
1060 936 1127 960 tunc
1155 933 1266 961 honoris
1297 941 1363 968 ergo
1390 934 1542 969 imperator
1571 938 1796 972 protospathario

1007 977 1155 1009 Podaroni.
1173 982 1285 1013 propter
1301 986 1357 1005 rem
1378 979 1589 1013 praeclarissime
1610 986 1714 1016 gestam
1741 991 1796 1018 pra:

1007 1024 1136 1051 omnibus
1153 1024 1180 1051 in
1199 1024 1281 1057 bello,
1297 1028 1323 1052 et
1336 1025 1401 1059 quia
1417 1025 1578 1054 Eustathius
1595 1028 1726 1062 patricius
1740 1030 1794 1057 rei-

1008 1076 1061 1104 que
1074 1070 1182 1097 naralis
1197 1070 1364 1105 drnngarius
1381 1071 1433 1098 hoc
1447 1071 1484 1098 illi
1499 1072 1686 1101 testimonium
1704 1076 1796 1109 perhi-

1009 1114 1118 1147 buerat.
1146 1123 1200 1142 non
1223 1122 1284 1144 esse
1299 1116 1383 1143 alium
1400 1117 1426 1144 in
1445 1121 1501 1145 tota
1516 1119 1605 1147 classe
1620 1120 1723 1155 majore
1738 1120 1795 1149 for-

1009 1161 1138 1194 titudine,
1166 1161 1323 1196 vigilantia,
1351 1166 1379 1189 et
1403 1163 1465 1190 aliis
1494 1164 1652 1199 virtutibus,
1679 1168 1796 1194 maxime

1007 1213 1072 1233 vero
1095 1213 1189 1233 amore
1211 1214 1244 1235 ac
1267 1207 1319 1235 ﬁde
1343 1208 1371 1235 in
1398 1208 1608 1244 imperatorem,
1631 1215 1794 1246 potestatem

1007 1251 1221 1286 protospatharii
1247 1252 1344 1287 phialae
1358 1255 1485 1282 contulit.
1512 1255 1635 1291 Cumque
1650 1257 1795 1285 illiteratus

1007 1297 1092 1327 esset,
1107 1296 1189 1331 jussu
1208 1297 1382 1332 imperatoris
1402 1307 1435 1327 ex
1453 1300 1635 1335 hippodromo
1652 1302 1735 1338 judcx
1749 1311 1796 1331 ve-

1007 1342 1110 1375 niebat,
1124 1343 1172 1377 qui
1187 1350 1249 1370 cum
1273 1350 1307 1371 eo
1330 1344 1356 1371 in
1380 1345 1470 1379 phiala
1488 1347 1612 1381 sedebat,
1631 1354 1657 1377 et
1679 1350 1796 1386 remiges

1006 1387 1156 1422 judicabat.
1189 1389 1223 1416 At
1250 1391 1380 1426 Auguste
1400 1393 1519 1427 agraria,
1548 1398 1578 1421 ut
1605 1395 1708 1423 dictum
1733 1403 1794 1430 est,

1008 1441 1108 1462 mensa:
1120 1435 1250 1470 Augustae
1264 1437 1433 1466 domesticus
1446 1440 1572 1467 curabat.
1596 1440 1692 1469 Postea
1703 1447 1793 1470 autem

1007 1479 1156 1514 imperator
1171 1479 1340 1508 Podaronem
1356 1487 1382 1509 et
1396 1482 1512 1510 Leonem
1526 1485 1684 1512 Armenium
1696 1487 1794 1514 classis

168 1529 366 1564 πρωτελατῶν.
385 1530 415 1555 Οἱ
430 1530 458 1555 δὲ
474 1529 632 1560 ἐλαύνοντες
648 1530 687 1560 είς
703 1529 736 1554 τὰ
750 1529 886 1563 δρομώνια
903 1530 955 1560 ἕως

1008 1532 1065 1552 sua?
1091 1525 1209 1553 vicarios
1232 1526 1405 1562 designavit;
1428 1532 1626 1563 protocarabos
1651 1539 1715 1559 vero
1731 1531 1796 1559 dro-

165 1574 217 1608 τῆς
234 1574 371 1606 ἐλεύσεως
390 1574 444 1600 τῶν
465 1574 613 1609 βασιλικῶν
633 1574 736 1599 ἐλατῶν
752 1574 873 1609 ὑπῆρχον
889 1575 955 1600 Στε-

165 1621 238 1646 νῖται
256 1621 288 1646 ὲκ
301 1619 354 1645 τῶν
370 1619 471 1645 οὐσιῶν
488 1618 535 1644 τοῦ
551 1618 728 1645 Στενοῦ,”οτε
739 1618 766 1644 δὲ
782 1619 955 1653 ὑπέστρεψαν

165 1665 197 1690 ἑκ
215 1664 266 1691 τοῦ
286 1664 416 1696 ταξιδίου,
435 1664 516 1691 πάλιν
539 1662 609 1699 ἦσαν
628 1665 668 1695 είς
684 1664 733 1699 τὴν
750 1664 817 1691 ίδίαν
833 1665 955 1691 δουλείαν

164 1710 261 1742 καθὼς
277 1710 326 1737 καὶ
347 1710 537 1745 προῦπῆρχον.
554 1711 621 1736 Τότε
636 1711 716 1736 οἱονεὶ
732 1710 955 1745 φιλοτιμούμενος

164 1757 178 1783 6
195 1756 329 1792 βασιλεὺς
352 1757 398 1783 τὸν
413 1756 660 1791 πρωτοσπαθάριον
681 1756 725 1782 τὸν
746 1756 892 1791 Ποδάρωνα
911 1757 956 1783 διὰ

162 1803 193 1830 τὸ
207 1803 419 1838 ἀνδραγαθῆσαι
435 1802 514 1828 αὐτὸν
533 1802 579 1828 καὶ
593 1802 772 1836 εὐδοκιμῆσαι
790 1803 860 1837 ὑπὲρ
884 1803 955 1840 πάν-

163 1858 212 1880 τας
240 1850 285 1879 εἰς
308 1849 353 1875 τὸν
372 1848 489 1882 πόλεμον
514 1847 562 1874 καὶ
586 1847 792 1883 μαρτυρηθῆναι
810 1849 857 1875 καὶ
882 1849 956 1883 παρὰ

160 1895 210 1922 τοῦ
247 1895 398 1929 πατρικίου
433 1893 584 1921 Εὑσταθίου
620 1894 667 1920 καὶ
696 1894 875 1929 δρουγγαρίου
907 1895 954 1921 τοῦ

162 1942 294 1977 πλωΐμου
309 1941 365 1976 (50)
384 1941 478 1976 ἕτερον
492 1939 613 1966 τοιοῦτον
630 1940 667 1975 μὴ
689 1938 758 1965 εἶναι
773 1941 812 1971 είς
825 1940 854 1966 τὸ
873 1940 955 1966 πλώϊ-

163 1995 214 2021 μον
245 1986 296 2013 ἐπί
317 1994 347 2012 τε
370 1985 481 2020 ἀνδρεία
497 1985 544 2012 καὶ
561 1986 695 2019 διεγὲρςει
713 1985 760 2011 καὶ
773 1986 833 2016 ταῖς
847 1985 955 2017 λοιπαῖς

161 2033 294 2067 ἀρεταῖς,
321 2031 369 2057 καὶ
390 2031 508 2066 μάλιστα
526 2032 559 2066 τῇ
576 2031 643 2065 πρὸς
666 2030 711 2055 τὸν
730 2030 842 2064 βασιλέα
864 2031 955 2066 εὐνοίᾳ

159 2080 208 2105 καὶ
225 2078 300 2113 ὀρθῇ
313 2078 413 2109 πίστει,
425 2078 541 2104 δέδωκεν
559 2076 633 2111 αὑτῷ
649 2076 697 2102 καὶ
712 2075 760 2110 τὴν
776 2075 898 2108 ἐξουσίαν
908 2076 954 2102 τοῦ

160 2123 420 2160 πρωτοσπαθαρίου
439 2124 488 2158 τῆς
503 2123 613 2157 φιάλης.
633 2122 683 2148 Διά
702 2131 730 2148 τε
745 2122 774 2148 τδ
788 2119 858 2147 εἶναι
875 2121 956 2148 αὑτὸν

159 2170 367 2205 ἀγράμματον,
391 2168 538 2203 προστάξει
567 2167 615 2193 τοῦ
645 2167 778 2202 βασιλέως
802 2168 955 2202 κατήρχετο

160 2215 262 2251 κριτὴς
283 2215 338 2241 ἀπὸ
355 2214 401 2240 τοῦ
418 2214 599 2249 ἱπποδρόμου,
615 2213 664 2239 καὶ
682 2212 875 2244 συνεκαθέζετο
887 2212 956 2247 μετὰ

158 2261 246 2288 αὐτοῦ
266 2262 299 2287 ὲν
310 2262 343 2295 τῇ
370 2259 452 2295 φιάλῃ
473 2260 519 2286 καὶ
544 2260 634 2293 ἔκρινε
656 2259 718 2289 τοὺς
740 2258 849 2289 ἐλάτας.
874 2258 914 2284 Τὰ
928 2258 956 2284 δὲ

159 2306 364 2341 Δῦγουθτιακὰ
381 2306 515 2340 ἀγράρια.
526 2303 617 2334 καθὼς
628 2303 799 2338 προείρηται,
810 2303 956 2337 ἐπεκράτει

159 2353 174 2378 6
189 2354 243 2388 τῆς
261 2351 405 2387 τραπέζης
421 2351 469 2385 τῆς
483 2349 650 2383 Αὑγούστης.
667 2349 743 2375 Μετὰ
759 2348 837 2375 τοῦτο
851 2349 878 2375 δὲ
892 2357 957 2383 προ-

163 2398 287 2425 εὸάλετο
297 2397 312 2423 6
328 2396 453 2431 βασιλεὺς
469 2396 513 2422 τόν
530 2404 559 2422 τε
577 2395 723 2430 Ποδάρωνα
735 2395 781 2420 καὶ
795 2394 841 2420 τὸν
855 2394 958 2420 Λέοντα

161 2443 211 2471 τὸν
229 2443 374 2479 Ἁρμένην
389 2442 578 2477 τοποτηρητὰς
591 2441 637 2468 τοῦ
654 2440 795 2476 βασιλικοῦ
813 2440 937 2475 πλωΐμου
949 2449 956 2455 ·

163 2489 408 2526 πρωτοκαράὸους
421 2488 450 2515 δὲ
467 2487 514 2515 τοῦ
527 2487 678 2523 δρομωνίου
695 2486 777 2513 αὑτοῦ
794 2486 959 2521 προεϐάλετο

1008 1570 1092 1597 monii
1111 1570 1152 1598 sui
1176 1570 1242 1597 fecit
1257 1570 1414 1599 Michaelem
1428 1573 1505 1600 illum
1528 1582 1632 1607 senem,
1655 1576 1702 1611 qui
1729 1580 1795 1605 tunc

1008 1616 1141 1651 temperis
1160 1617 1308 1651 protelates
1320 1617 1455 1646 dromonii
1472 1623 1542 1652 erat,
1557 1625 1585 1648 et
1599 1626 1662 1649 ante
1676 1623 1703 1650 in
1716 1631 1794 1658 agra-

1007 1662 1049 1689 rio
1065 1662 1168 1689 Christi
1187 1663 1371 1691 amantissimi
1395 1665 1570 1700 imperatoris
1591 1666 1684 1694 Basilii
1700 1668 1795 1696 deute-

1008 1709 1137 1741 roclates,
1163 1713 1191 1736 et
1214 1708 1373 1737 Michaelem
1394 1711 1523 1743 alterum,
1548 1711 1678 1740 Barcalan
1695 1721 1796 1749 cogno-

1007 1756 1153 1788 minatum,
1177 1756 1224 1791 qui
1251 1761 1314 1784 ante
1341 1757 1489 1791 protelates
1512 1758 1540 1785 in
1557 1759 1647 1787 classe
1670 1763 1729 1787 erat
1743 1761 1795 1788 sub

1007 1801 1153 1829 Eustatbio
1170 1802 1287 1835 patricio
1297 1806 1324 1830 et
1335 1802 1496 1839 drungario,
1509 1812 1570 1832 cum
1583 1810 1680 1833 contra
1690 1799 1796 1835 Turcas

1007 1847 1241 1881 proﬁcisceretur,
1259 1853 1286 1874 et
1310 1847 1473 1883 Symeonem
1489 1849 1621 1884 Bulgaria:
1643 1851 1796 1886 principem

1006 1891 1166 1918 debellarct.
1184 1890 1236 1924 Qui
1252 1890 1369 1926 Symeon
1385 1892 1519 1926 Bulgaria:
1535 1894 1663 1929 princeps
1682 1896 1796 1930 cognito

1007 1937 1035 1965 in
1051 1937 1152 1964 ﬂumen
1168 1936 1312 1964 deductam
1326 1944 1388 1964 esse
1401 1938 1529 1970 classem,
1546 1945 1572 1966 et
1583 1940 1687 1969 Turcas
1699 1948 1794 1969 conlra

1007 1991 1036 2012 se
1051 1982 1292 2014 transmissuram,
1312 1981 1391 2009 futiles
1410 1981 1486 2015 fecit,
1502 1983 1559 2010 sive
1572 1989 1683 2012 catenas
1699 1985 1795 2013 ﬁrmas

1007 2036 1039 2056 ac
1052 2028 1136 2055 duras
1149 2026 1307 2057 admodum,
1320 2026 1421 2060 quibus
1435 2026 1589 2061 impediret,
1604 2030 1753 2063 quominus
1766 2031 1794 2057 in

1008 2074 1166 2102 ulteriorem
1181 2073 1269 2107 ripam
1279 2071 1376 2099 Turcae
1387 2072 1556 2101 exscenderc
1567 2078 1695 2108 possent;
1711 2081 1796 2111 atque

1007 2121 1044 2148 ita
1062 2120 1182 2155 primum
1208 2118 1307 2146 ancae
1329 2126 1464 2147 exscensu
1484 2120 1599 2148 cohibiti
1618 2125 1694 2149 sunt.
1716 2122 1794 2155 Quod

1008 2174 1070 2194 cum
1082 2167 1119 2194 ita
1130 2171 1212 2197 esset.
1229 2164 1354 2198 Michael,
1369 2173 1449 2200 quem
1463 2165 1530 2199 dixi,
1546 2167 1682 2201 Barcalas,
1694 2172 1721 2195 et
1731 2176 1793 2195 cum

973 2200 994 2227 ί)
1009 2220 1042 2240 eo
1068 2212 1123 2240 dno
1144 2212 1189 2240 alii
1211 2217 1303 2238 nautas
1325 2211 1458 2239 classiarii
1484 2219 1634 2248 assumptis
1649 2215 1744 2242 scutis
1768 2220 1795 2242 et

1010 2257 1110 2292 gladiis
1130 2257 1246 2285 viriliter
1271 2257 1352 2292 plane
1371 2265 1404 2285 ac
1421 2257 1528 2286 fortiter
1550 2259 1694 2288 chelandio
1715 2261 1795 2288 exsi-

1012 2304 1122 2337 lientes,
1150 2303 1229 2339 1&2
1254 2303 1334 2331 l'ttnes
1358 2304 1417 2331 sive
1437 2308 1549 2332 catenas
1571 2305 1751 2339 disciderunt,
1768 2310 1796 2334 ct

1012 2350 1157 2377 transitum
1183 2348 1282 2376 Turcis
1305 2354 1482 2384 aperuerunt.
1512 2349 1609 2378 Tun-te
1632 2351 1723 2386 itaque
1750 2352 1794 2379 uhi

1012 2395 1112 2423 factum
1130 2396 1182 2422 hoc
1200 2395 1340 2429 egregium
1360 2394 1479 2423 Barcalaz
1503 2397 1645 2429 vidissent,
1667 2398 1795 2425 nimirum

1012 2450 1073 2470 eum
1099 2441 1188 2468 solum
1214 2440 1322 2468 duobus
1347 2441 1440 2469 nautis
1464 2442 1616 2470 classiariis
1631 2447 1796 2478 praeeuntem

1013 2487 1132 2523 primum
1151 2489 1264 2514 catenas
1279 2485 1441 2519 discidisse,
1465 2494 1528 2514 cum
1549 2495 1655 2515 summa
1674 2488 1795 2516 admira-

755 2564 907 2593 ANSELMI
921 2564 1072 2593 BANDURI
1099 2563 1217 2591 NOTAE.

215 2670 265 2706 47)
285 2672 433 2705 Nimirum,
449 2672 528 2706 pelles
551 2674 682 2699 ceruinas.
706 2670 752 2698 Sic
773 2670 855 2697 etiam
876 2677 960 2705 supra

214 2639 265 2667 ιο)
282 2637 328 2665 Sic
341 2645 374 2665 ex
389 2644 440 2664 Ius.
457 2637 562 2665 codice.
576 2636 666 2665 Locus
678 2635 791 2663 mutilus
805 2635 831 2662 in
850 2635 941 2662 editis.

249 2640 254 2664 ι
282 2640 328 2665 Sic
341 2645 374 2665 ex
389 2644 440 2664 rus.
457 2640 562 2665 codice.
576 2640 666 2665 Locus
678 2644 723 2663 mn

249 2674 253 2694 ί
285 2672 433 2705 Nimirum,
449 2672 528 2706 pelles
551 2674 682 2699 ceruinas.
706 2670 723 2698 S

271 2708 300 2741 6.,
315 2707 362 2735 ubi
374 2708 434 2735 vide
439 2714 506 2769 [quae
522 2707 723 2734 adnotavimus.

249 2744 266 2769 ll
280 2741 426 2769 Nimirum.
463 2743 562 2769 ecitaue
572 2746 655 2769 totum
670 2743 718 2767 hoc

162 2715 229 2737 CII).

200 2718 229 2745 ρ.
249 2718 362 2749 ιο,,,ιιιξι
374 2718 506 2769 νιυεὶίυίἰῖ
522 2718 723 2734 δυίιυιίινιιιιιιυ-
734 2740 740 2746 .
936 2739 943 2746 .

202 2744 266 2779 (48)
280 2741 442 2779 Ntmtrum,
463 2747 562 2778 ecttque
572 2746 655 2769 totum
670 2743 718 2779 hoc
731 2743 884 2779 imperator,
897 2747 960 2779 quia

163 2774 336 2806 Eu'ua'thitu
346 2778 486 2812 patricius,
500 2774 588 2812 reique
601 2775 705 2803 navalis
727 2775 891 2812 qrungariut
904 2774 960 2801 bel-

162 2815 222 2843 lum
243 2820 309 2839 cum
326 2809 446 2839 hostibus
468 2809 555 2850 gerere
581 2811 732 2850 cogitqbat._
741 2809 878 2850 Meursius
892 2817 959 2850 vero

163 2852 207 2878 sic
221 2850 445 2881 interpretatur:
468 2845 542 2875 Fecit
559 2845 644 2874 totum
659 2845 707 2873 hoc
723 2846 878 2879 imperator,
895 2845 958 2879 quia

1011 2635 1033 2662 is
1052 2634 1149 2661 bellum
1163 2632 1311 2668 spectabat.

1047 2670 1104 2705 (i9)
1122 2669 1150 2696 In
1167 2667 1249 2705 editis
1260 2668 1373 2703 legitur,
1395 2667 1469 2705 αυτῷ
1482 2675 1532 2705 pro
1555 2668 1655 2699 αὐτῶν,
1683 2672 1710 2705 et
1736 2667 1797 2695 ideo

1012 2703 1147 2733 Meursius
1160 2704 1201 2731 sic
1213 2704 1411 2737 interpretatur
1422 2703 1495 2730 hunc
1505 2704 1610 2730 locum:
1624 2711 1682 2729 cum
1697 2704 1796 2730 interea

1010 2739 1118 2766 illorum
1135 2739 1216 2766 vicem
1228 2746 1287 2764 cum
1312 2739 1442 2773 remigum
1466 2739 1559 2772 primis
1574 2738 1711 2772 imperiale
1733 2737 1789 2765 dm

1011 2775 1129 2801 monium
1144 2774 1302 2809 gubernaret
1315 2772 1394 2809 senex
1403 2772 1453 2809 ille
1472 2773 1636 2807 prudensque
1654 2772 1778 2801 Michael.

1045 2807 1164 2850 βυ)κῆἱέ
1174 2816 1207 2835 ex
1221 2816 1276 2850 ηις..
1285 2808 1390 2850 codice.
1403 2807 1547 2850 lierperam
1565 2809 1664 2850 legitur
1676 2809 1703 2850 in
1714 2809 1797 2837 editis

1010 2841 1059 2871 τοῦ
1076 2841 1195 2879 πολέμου
1207 2851 1214 2858 ·
1230 2842 1278 2871 sed
1293 2842 1396 2878 optime
1411 2841 1546 2871 Meursius
1561 2841 1699 2872 mnendat.
