4084 6208
435 258 543 323 391

1467 255 1973 318 CONSTANTINI
2011 253 2690 317 PORPHYROGENITI

3585 260 3695 323 332

437 377 584 429 tione
609 371 887 438 dixerunt,
937 371 1086 425 hunc
1130 367 1354 438 dignum
1404 380 1546 430 esse,
1596 368 1689 436 qui
1740 366 2006 436 patricius

2126 362 2195 417 :bv
2225 364 2443 435 Μιχαὴλ
2466 367 2675 418 ἐκεῖνον
2707 368 2797 417 τὸν
2830 362 3057 433 γέροντα
3085 365 3441 435 πρωτελάτην
3464 366 3541 437 τῷ
3569 369 3695 422 τότε

439 468 633 528 tieret,
687 472 743 516 et
803 462 880 516 rei
938 459 1118 513 navali
1177 458 1588 526 prasticeretur;
1659 458 2017 527 quamobrem

437 557 601 611 etiam
660 557 980 622 imperator,
1040 550 1281 604 Barcalaz
1341 548 1666 606 fortitudine
1726 550 1791 605 ad
1844 552 2017 620 ipsius

442 661 605 701 aures
635 646 839 707 delata,
876 642 1151 697 dromonii
1184 643 1267 697 sui
1316 642 1741 698 deuteroelatem
1787 643 2016 697 creavit.

437 737 555 790 Mox
587 749 735 799 vero,
775 732 1063 788 Podarone
1109 742 1162 788 et
1193 732 1377 788 Leone
1409 734 1635 789 vicariis
1675 734 2015 799 constitutis,

445 825 672 881 Michael
700 825 789 879 ille
818 840 1009 891 senex,
1032 833 1086 879 et
1109 825 1197 879 hic
1221 823 1479 880 Barcalas
1511 826 1861 895 protocarabi
1886 826 2019 880 dro-

441 918 609 971 monii
645 916 774 971 facti
811 926 962 973 sunt.
996 914 1062 970 Et
1096 916 1390 986 praedictus
1417 916 1636 986 quidem
1673 915 1783 970 Leo
1822 916 2017 972 Arme-

437 1010 565 1067 nius
600 1009 1027 1080 protospalharii
1061 1018 1113 1063 et
1138 1008 1487 1063 manclabitae
1518 1008 1736 1063 Arsenii
1772 1008 2018 1063 defuncti

438 1112 613 1171 pater,
651 1102 794 1157 diem
835 1101 970 1155 obiit
1000 1115 1127 1155 cum
1169 1102 1249 1156 rei
1297 1101 1511 1155 navalis
1560 1101 1802 1157 vicarius
1828 1112 2014 1156 esset:

444 1195 697 1249 Podaron
729 1208 859 1251 vero
883 1192 1362 1263 prolospatharius
1392 1193 1627 1262 quodam
1663 1192 1852 1262 elapso
1879 1200 2018 1246 tem-

442 1302 574 1355 pore
597 1295 799 1356 praetor
822 1292 1044 1340 creatus
1069 1292 1155 1339 est
1186 1284 1449 1339 thematis
1469 1284 1970 1353 Cibyrrhaaotarum
1999 1300 2014 1349 ;

438 1381 533 1447 qui
567 1393 689 1432 cum
717 1376 959 1431 vicarius
990 1375 1173 1431 factus
1203 1383 1371 1455 ess-pi,
1404 1374 1600 1444 phialae
1632 1374 2019 1444 protospatha-

438 1472 559 1526 rius
614 1477 833 1524 creatus
882 1479 964 1523 est
1021 1467 1500 1537 protospatharius
1576 1465 2020 1535 Theophylactus

440 1560 808 1626 Bimbilides,
867 1559 1237 1614 consobrinus
1297 1557 1726 1627 protospatharii
1788 1555 2018 1613 Joannis

442 1654 803 1710 Thalassonis
840 1653 1235 1722 cognominati,
1276 1653 1757 1722 perseveravitque
1809 1652 2018 1722 aliquot

2130 455 2307 525 καιρῷ
2338 455 2641 526 δρομωνίου
2672 456 3027 523 τυγχάνοντα,
3059 454 3484 527 δευτεροελάτην
3513 457 3571 510 δὲ
3598 474 3695 525 γε-

2121 548 2316 613 γονότα
2341 547 2435 600 τοῦ
2482 547 2751 617 ἀγραρίου
2778 546 3056 599 Βασιλείου
3095 546 3192 599 τοῦ
3222 546 3574 618 φιλοχρίστου
3608 548 3696 600 δε-

2124 633 2346 697 σπότου,
2372 634 2469 688 καὶ
2494 634 2586 687 τὸν
2615 634 2801 705 ἕτερον
2830 632 3071 704 Μιχαὴλ,
3106 626 3168 687 οὗ
3201 635 3264 689 τὸ
3292 637 3527 706 ἐπίκλην
3551 637 3696 707 Βαρ-

2124 726 2317 789 καλᾶς,
2344 726 2495 790 ὅστις
2524 720 2592 795 ἦν
2638 728 2903 796 πρότερον
2932 728 3011 787 είς
3049 727 3112 779 τὸ
3141 725 3386 797 πλώϊμον
3425 728 3693 799 προτελάο

2118 833 2218 884 της
2241 816 2336 870 τοῦ
2386 816 2747 889 δρουγγαρίου
2782 815 3084 871 Εὐσταθίου
3124 821 3221 872 xa‘i
3258 821 3570 890 πατρικίου,
3606 821 3694 873 ὅτε

2121 909 2359 978 ἐπέρασε
2401 909 2526 972 τοὺς
2551 909 2850 978 Τούρκους,
2888 909 2985 962 καὶ
3013 909 3432 979 κατεπολέμησε
3467 911 3558 963 τὸν
3592 912 3694 963 Συ-

2123 1000 2269 1072 μεὼν
2295 999 2388 1054 τὸν
2410 1000 2647 1071 ἄρχοντα
2685 1000 3038 1072 Βουλγαρίας.
3083 994 3251 1064 Οὗτος
3290 998 3383 1055 οὖν
3409 1006 3438 1056 6
3468 1003 3695 1073 Συμεὼν

2120 1095 2149 1146 6
2188 1094 2372 1163 ἄρχων
2414 1091 2750 1163 Βουλγαρίας
2797 1090 2985 1161 μαθὼν
3017 1091 3116 1162 τὴν
3155 1090 3250 1144 τοῦ
3284 1093 3529 1164 πλωϊμου
3558 1095 3696 1165 πρὸς

2119 1186 2210 1239 τὸν
2240 1186 2483 1257 ποταμὸν
2505 1186 2710 1251 ἄφιξιν,
2744 1186 2839 1238 καὶ
2867 1187 2949 1240 ὅτι
2993 1185 3175 1256 μέλλει
3202 1187 3264 1240 τὸ
3292 1186 3535 1258 πλώϊμον
3567 1190 3695 1251 τοὺς

2120 1277 2397 1346 Τούρκους
2425 1276 2547 1330 κατ’
2596 1276 2760 1330 αὑτοῦ
2803 1278 3061 1348 περάσαι,
3103 1278 3324 1348 εποίησε
3366 1279 3526 1342 λέσας
3570 1281 3693 1350 ἦτοι

2120 1367 2327 1430 πλοκὰς
2386 1368 2611 1438 ίσχυράς
2675 1369 2814 1423 πάνυ
2866 1369 2962 1423 καὶ
3015 1370 3391 1441 στερεμνίους,
3428 1369 3567 1424 ὥστε
3616 1371 3693 1442 μὴ

2120 1459 2380 1511 δύνασθαι
2410 1460 2535 1521 τοὺς
2570 1458 2847 1528 Τούρκους
2878 1460 3175 1533 ἁντιπερᾷν
3200 1501 3216 1527 ,
3249 1461 3318 1515 δι’
3346 1463 3413 1532 ἢν
3444 1462 3693 1515 ἐπίνοιαν

2121 1552 2216 1605 καὶ
2242 1550 2591 1621 ἐκωλύθησαν
2620 1553 2670 1605 οί
2708 1552 2940 1622 Τοῦρκοι
2984 1554 3046 1606 τὸ
3080 1555 3295 1624 πρῶτον
3324 1555 3579 1626 περάσαι.
3631 1555 3690 1608 Ὁ

2121 1641 2215 1698 οὖν
2246 1643 2578 1716 προρῤηθεὶς
2609 1642 2830 1714 Μιχαὴλ
2855 1647 2883 1697 6
2911 1645 3364 1716 Βαρκαλᾶςημετὰ
3397 1648 3492 1700 καὶ
3511 1648 3600 1702 dif;
3613 1664 3689 1699 ων

440 1746 602 1799 annis
642 1743 889 1799 ineuntis
922 1744 1138 1811 imperii
1173 1742 1380 1799 Christi
1410 1744 1780 1798 amantissimi
1807 1743 2015 1798 domini

2126 1737 2212 1790 δύο
2529 1710 2925 1806 ἀναλαϐόμενοι
2952 1710 3022 1790 τά
3049 1710 3350 1810 σκουτάρια
3373 1739 3467 1792 καὶ
3488 1739 3693 1794 σπαθία

439 1836 793 1893 Constantini
839 1836 1319 1907 Porphyrogeniti.
1372 1836 1489 1889 Hoc
1543 1835 1711 1905 igitur
1762 1844 2015 1901 mortuo,

441 1930 569 1997 quia
598 1929 711 1997 jam
744 1937 909 1984 aetate
939 1926 1231 1984 confectus
1262 1934 1411 1981 esset
1442 1926 1671 1980 Michael
1707 1926 1797 1981 ille
1825 1941 2016 1991 senex,

442 2036 602 2090 quem
639 2019 775 2085 dixi,
813 2028 867 2075 et
899 2017 1248 2089 protocarabi
1294 2032 1496 2072 munus
1531 2018 1800 2087 plurimos
1843 2033 2020 2075 annos

447 2109 824 2175 sustinuisset,
863 2107 1127 2178 dignitate
1166 2107 1598 2176 protospatharii
1654 2116 1882 2164 ornatus
1910 2115 2020 2173 est,

443 2198 727 2269 iactusque
756 2199 949 2269 phialae
979 2200 1494 2268 protospatharius;
1530 2210 1585 2253 et
1618 2213 1743 2253 cum
1778 2199 2020 2268 impera-

445 2300 530 2345 tor
559 2290 831 2345 dromonii
863 2290 1099 2360 phialam
1151 2290 1552 2359 ingrederetur,
1604 2300 1767 2360 atque
1812 2289 1867 2344 in
1896 2305 2023 2360 pros

442 2397 605 2436 cessu
637 2382 753 2436 sive
785 2381 894 2435 alio
932 2382 1061 2445 iret,
1099 2380 1354 2452 egregius
1390 2381 1481 2436 ille
1520 2396 1708 2447 senex,
1743 2389 1798 2436 et
1830 2380 1905 2436 ob
1942 2382 2022 2437 rei

444 2473 657 2529 navalis
709 2475 962 2545 peritiam
1020 2489 1240 2546 semper
1294 2475 1700 2537 memorandus,
1748 2476 1926 2530 stabat
1965 2475 2023 2531 in

445 2564 630 2622 medio
663 2564 960 2632 dromonii,
1011 2566 1249 2635 remiges
1296 2566 1615 2633 exhortans,
1654 2568 1734 2622 uti
1786 2548 2023 2626 alacriu’s

445 2656 612 2712 remis
652 2656 1053 2721 incumberent,
1088 2657 1255 2713 simul
1288 2656 1454 2712 etiam
1495 2661 1891 2728 protocarabos
1919 2662 2023 2718 do-

448 2761 603 2808 cens,
639 2747 921 2815 quomodo
953 2763 1053 2817 pro
1092 2748 1303 2804 ratione
1325 2764 1390 2804 ac
1414 2750 1464 2803 vi
1502 2759 1790 2806 ventorum
1826 2768 2022 2810 navem

448 2832 797 2902 imperatoris
830 2834 1153 2905 dirigerent.
1194 2837 1275 2891 Eo
1305 2837 1566 2894 defuncto
1591 2849 1815 2912 propter
1837 2844 2026 2913 pueri-

448 2922 582 2978 tiam
611 2922 981 2993 imperatoris,
1012 2934 1067 2981 et
1096 2925 1406 2984 fatuitatem
1433 2928 1784 2987 Constantini
1811 2934 2023 3003 patricii

448 3026 502 3070 et
532 3016 891 3082 accubitoris,
931 3020 1329 3088 protocarabus
1379 3021 1558 3079 factus
1608 3032 1692 3080 est
1740 3024 2024 3083 Michaelis
2051 3051 2094 3110 ο

449 3106 599 3161 illius
640 3108 926 3163 memorati
955 3110 1107 3167 senis
1139 3125 1327 3181 gener,
1354 3111 1698 3181 Theodotus,
1729 3125 1858 3172 tunc
1887 3127 2024 3174 tem-

447 3197 602 3268 poris
635 3200 950 3268 protelates,
981 3203 1217 3259 diversis
1248 3206 1592 3274 temporibus
1627 3216 1849 3265 creatus
1891 3225 2024 3265 can-

447 3287 687 3356 didatus,
736 3301 965 3357 strator,
1002 3295 1361 3363 spatharius,
1412 3298 2022 3367 Spatharocandidatus,

446 3389 503 3435 et
534 3390 723 3451 postea
758 3386 1259 3454 protospatharius,
1293 3396 1456 3456 atque
1506 3390 1702 3456 phiala:
1734 3401 2026 3461 protospa-

451 3471 683 3526 tharins.
707 3473 891 3543 Neque
916 3475 1060 3527 enim
1094 3475 1163 3529 ab
1195 3477 1427 3547 antiqua
1461 3482 1865 3539 consuetudine
1896 3499 2026 3554 pro-

449 3562 751 3616 tocarabus
803 3563 1154 3632 imperatoris
1205 3565 1369 3621 ﬁebat
1421 3571 1903 3641 protospatharius
1932 3584 2028 3631 aut

449 3649 1079 3722 spatharocandidatus;
1120 3655 1215 3710 sed
1254 3658 1338 3713 vel
1375 3660 1722 3728 candidatus,
1769 3664 1851 3719 vel
1885 3674 2029 3720 stra-

448 3748 558 3806 t'or,
592 3742 674 3796 vel
706 3758 848 3812 smpe
887 3746 1054 3799 etiam
1088 3748 1423 3816 spatharius.
1460 3752 1574 3807 Sub
1617 3751 1800 3810 Leone
1842 3764 2025 3812 autem

451 3830 717 3900 praeclaro
742 3833 839 3887 illo
867 3848 932 3888 ac
962 3836 1375 3905 sapientissimo
1402 3840 1731 3910 imperatore
1760 3842 1910 3898 solus
1939 3844 2028 3901 hic

451 3923 681 3980 Michael
715 3928 1036 3996 spatharius
1062 3929 1261 3998 primo,
1299 3946 1422 3987 mox
1468 3935 1596 3988 item
1629 3936 2027 4005 spatharocan-

449 4016 674 4071 didatus
705 4014 884 4072 factus
913 4026 1018 4074 est.
1054 4018 1250 4091 Igitur,
1286 4032 1343 4077 ut
1377 4023 1512 4088 dixi,
1548 4037 1769 4096 propter
1792 4029 2024 4099 impera-

451 4109 587 4163 toris
614 4110 932 4178 pueritiam,
960 4119 1015 4165 et
1048 4111 1396 4168 Constantini
1422 4119 1640 4185 patricii
1666 4119 2025 4175 accubitoris-

450 4214 557 4267 que
586 4196 918 4267 fatuitatem,
945 4202 1299 4271 protocarabi
1333 4207 1872 4274 spatharocandidati
1898 4209 2025 4265 facti

453 4297 602 4355 sunt,
639 4297 696 4345 et
727 4289 818 4345 hic
852 4289 1087 4347 Michael
1133 4296 1639 4365 protospatharins.
1674 4298 1809 4353 Cum
1843 4308 2022 4354 autem

2120 1827 2320 1892 αὐτῶν,
2382 1827 2611 1899 ἀνδρείῳ
2661 1827 2754 1881 καὶ
2787 1828 3055 1900 ῥωμαλέῳ
3107 1831 3391 1901 ὁρμήματι
3445 1832 3692 1901 ἐκπηδή-

2122 1937 2316 1984 σαντες
2367 1920 2462 1974 τοῦ
2514 1921 2819 1990 χελανδίου,
2877 1922 3188 1992 κατέκοψαν
3242 1922 3342 1985 τὰς
3382 1924 3543 1984 λέσας
3571 1925 3694 1994 ἢτοι

2119 2012 2247 2072 τοὺς
2305 2012 2559 2080 πλοκοὺς,
2609 2015 2703 2067 καὶ
2748 2014 2968 2085 ἦνοιξαν
3033 2017 3123 2070 τὸν
3176 2017 3342 2087 πόρον
3398 2018 3690 2089 Τούρκοις.

2123 2100 2326 2154 Τοῦτον
2353 2102 2445 2155 οὖν
2467 2103 2558 2157 τὸν
2581 2104 2873 2175 Βαρκαλᾶν
2908 2107 2958 2159 υἱ
2983 2107 3219 2177 Τοῦρκοι
3261 2108 3479 2173 ἰδόντες,
3516 2109 3609 2162 καὶ
3633 2108 3694 2160 τὸ

2124 2191 2369 2263 ἀνδρεῖον
2400 2193 2565 2248 αὐτοῦ
2593 2195 3141 2267 ὑπερθαυμάσαντες.
3176 2200 3257 2252 ὃτι
3290 2198 3451 2269 μόνος
3471 2199 3580 2252 τῶν
3599 2199 3694 2252 δύο

2124 2270 2600 2354 προπορευόμενος
2621 2286 2882 2357 πλωῖμων
2907 2289 3124 2360 πρῶτος
3152 2292 3421 2362 κατέκοψε
3453 2293 3540 2346 τὸν
3560 2293 3694 2346 πλοα

2126 2376 2240 2441 κον,
2272 2378 2652 2447 θαυμάσαντες
2681 2373 2857 2445 εἷπον,
2885 2381 2968 2434 δτι
3000 2381 3188 2436 τοῦτον
3223 2382 3462 2455 ἔπρεπεν
3495 2385 3694 2454 όνομά-

2126 2468 2315 2533 ζεσθαι
2349 2470 2654 2540 πατρίκιον,
2708 2473 2804 2525 καὶ
2858 2468 3000 2527 εἶναι
3027 2475 3271 2546 κεφαλὴν
3297 2476 3393 2529 τοῦ
3422 2476 3691 2547 πλωΐμου.

2126 2558 2239 2629 Τὴν
2271 2558 2365 2613 οὖν
2398 2559 2491 2613 τοῦ
2520 2561 2803 2631 Βαρκαλοῦ
2838 2564 3193 2637 ἀνδρειότητα
3218 2567 3457 2632 ἀκούσας
3489 2570 3518 2622 ό
3539 2568 3695 2639 βασις

2124 2650 2272 2717 λεὺς,
2311 2652 2569 2722 ἐποίησεν
2618 2654 2781 2708 αὑτὸν
2816 2656 3241 2729 δευτεροελάτην
3275 2660 3352 2724 είς
3387 2659 3448 2713 τὸ
3475 2661 3695 2732 δρομιῦ-

2126 2758 2238 2794 νιον
2286 2741 2585 2811 βασιλικόν.
2638 2740 2752 2799 Εἶθ’
2781 2745 2955 2811 οὕτως
2975 2746 3072 2802 τοῦ
3113 2749 3429 2822 Ποδάρωνος
3478 2753 3573 2805 καὶ
3596 2753 3692 2804 τοῦ

2125 2833 2354 2897 Λέοντος
2385 2834 2697 2906 γενομένων
2738 2840 3162 2911 τοποτηρητῶν,
3199 2842 3508 2913 προεϐλήθη
3540 2845 3568 2896 6
3595 2844 3694 2895 Μι-

2127 2926 2267 2998 χαὴλ
2297 2929 2325 2980 ό
2353 2929 2670 2996 γέρων,“καὶ
2713 2923 2868 2995 οὗτος
2896 2933 2925 2985 6
2959 2933 3247 3004 Βαρκαλᾶς
3274 2935 3694 3005 πρωτοκάραὸοι

2127 3017 2222 3071 τοῦ
2252 3018 2582 3091 δρομωνίου.
2619 3021 2740 3075 Ὅτι
2773 3024 2803 3075 6
2826 3019 3160 3095 προρρηθεὶς
3191 3025 3343 3078 Λέων
3366 3026 3395 3078 ό
3425 3025 3693 3096 ’Δρμένης

2125 3111 2155 3163 6
2207 3110 2390 3180 πατὴρ
2431 3111 2526 3165 τοῦ
2579 3116 3073 3188 πρωτοσπαθαρίου
3118 3117 3395 3188 Ἀρσενίου
3427 3118 3691 3187 καὶκμαγ-

2124 3201 2384 3270 γλαὸίτου
2433 3203 2527 3257 τοῦ
2570 3204 3000 3277 τελευτήσαντος
3041 3207 3272 3280 τελευτᾷ
3313 3209 3691 3279 τοποτηρητὴς

2125 3290 2200 3346 ὣν
2221 3293 2301 3355 είς
2330 3291 2390 3344 τὸ
2424 3292 2668 3364 πλώϊμον
2690 3312 2702 3326 ο
2737 3297 2765 3348 6
2785 3295 2844 3349 δὲ
2868 3299 3354 3369 πρωτοσπαθάριος
3375 3301 3404 3352 6
3434 3299 3691 3368 Ποδάρων

2130 3382 2272 3453 μετά
2325 3401 2477 3448 τινας
2524 3386 2755 3454 χρόνους
2790 3389 3102 3461 προεόλήθη
3161 3392 3465 3462 στρατηγὸς
3512 3393 3571 3444 ἐν
3612 3391 3693 3462 τῷ

2127 3472 2324 3542 θέματι
2344 3474 2454 3528 τῶν
2498 3475 2947 3548 Κισυρῤαιωτῶν.
2982 3479 3106 3533 Ὅτι
3131 3479 3226 3533 τοῦ
3257 3480 3570 3553 Ποδάρωνος
3602 3496 3699 3549 γε-

2125 3562 2345 3630 γονότος
2395 3566 2775 3637 τοποτηρητοῦ
2831 3567 3141 3640 προεϐλήθη
3202 3571 3696 3644 πρωτοσπαθάριος

2126 3653 2225 3722 τῆς
2250 3655 2448 3725 φιάλης
2472 3658 2501 3710 6
2523 3657 3016 3729 πρωτοσπαθάριος
3037 3660 3415 3731 Θεοφύλακτος
3445 3665 3475 3717 6
3500 3662 3694 3734 Βιμϐι-

2127 3744 2278 3817 λίδης
2308 3747 2526 3818 ἀνεψιὸς
2559 3750 2837 3820 τυγχάνων
2865 3749 2960 3803 τοῦ
2984 3754 3476 3824 πρωτοσπαθαρίου
3510 3754 3695 3808 Ἰωάν-

2129 3855 2244 3905 νου,
2294 3835 2357 3895 ob
2412 3840 2473 3894 τὸ
2527 3842 2755 3911 ἐπίκλην
2807 3842 3125 3910 Θαλάσσων,
3174 3847 3269 3899 καὶ
3299 3846 3584 3918 διήρκεσεν
3631 3849 3693 3899 ὲν

2130 3930 2276 3984 ἔτεσί
2300 3949 2412 3985 τισι
2443 3933 2539 4003 τῆς
2570 3933 2796 4003 πρώτης
2821 3935 3250 4008 αὐτοκρατορίας
3282 3938 3690 3991 Κωνσταντίνου

2128 4020 2224 4074 τοῦ
2281 4023 2797 4095 Πορφυρογεννήτου
2861 4027 2955 4077 καὶ
3011 4026 3354 4097 φιλοχρίστου
3404 4028 3688 4082 δεσπότου.

2132 4112 2339 4167 Τούτου
2382 4110 2474 4167 οὖν
2514 4112 2937 4186 τελευτήσαντος
2979 4118 3068 4171 διὰ
3092 4119 3155 4171 τὸ
3191 4119 3567 4190 ὑπεργηρᾶσαι
3596 4118 3691 4171 τὸν

2132 4202 2513 4273 προρρηθέντα
2543 4204 2761 4274 Μιχαὴλ
2789 4205 2880 4258 τὸν
2925 4208 3190 4277 γέροντα,
3232 4219 3326 4262 καὶ
3366 4219 3445 4270 εις
3479 4209 3691 4263 πολλῶν

2131 4292 2269 4345 ἐτῶν
2306 4293 2589 4364 περιόδους
2626 4294 2904 4365 διατρίψαι
2935 4301 2992 4352 ὲν
3024 4303 3087 4369 τῇ
3122 4299 3216 4352 τοῦ
3261 4300 3692 4371 πρωτοκαράὸου

452 4380 508 4435 in
547 4381 816 4451 palatium
846 4384 1090 4439 venisset
1123 4384 1388 4443 Dominus
1418 4389 1695 4446 Romanus
1728 4390 1883 4463 153
1918 4391 2021 4446 im-

2132 4385 2429 4456 ὐπουργίᾳ,
2457 4386 2692 4456 ἐτιμήθη
2720 4392 2787 4460 τῇ
2814 4390 2907 4443 τοῦ
2939 4393 3428 4463 πρωτοσπαθαρίου
3452 4395 3579 4467 ἀξίᾳ
3600 4398 3697 4449 καὶ

456 4481 698 4540 perator,
726 4483 773 4528 et
809 4474 1043 4548 imperio
1078 4480 1265 4534 nescio
1292 4495 1404 4549 quo
1433 4488 1593 4550 pacto
1620 4482 1823 4552 potitus
1855 4492 2022 4547 esset,

456 4560 801 4621 Theodotum
848 4576 1073 4638 propter
1120 4571 1551 4626 benevolentiam
1585 4587 1711 4643 erga
1743 4573 2024 4629 dominum

457 4652 879 4713 Constantinum
911 4658 1113 4716 Christi
1151 4662 1593 4719 amantissimum
1617 4664 2023 4734 imperatorem,

459 4761 569 4801 non
609 4748 786 4802 solum
812 4749 866 4804 in
891 4752 1138 4808 ordinem
1165 4756 1397 4824 redegit,
1430 4755 1523 4811 sed
1553 4754 1752 4811 caesum
1775 4764 2026 4813 tonsum-

457 4854 565 4909 que
598 4850 863 4911 perpetuo
891 4830 1090 4899 exsilio
1123 4845 1406 4900 damnavit
1447 4846 1648 4916 inquo
1677 4848 1842 4902 etiam
1878 4864 2028 4904 mor-

459 4939 589 4986 tuus
620 4944 727 4997 est,
781 4933 976 4989 relicto
1026 4937 1372 5005 protocarabi
1408 4952 1634 4992 munere
1664 4937 2027 4997 Constantino

460 5023 537 5077 illi
577 5022 837 5079 Loricato
867 5027 960 5096 qui
996 5042 1121 5081 cum
1156 5027 1278 5096 ipso
1317 5038 1457 5091 erat,
1511 5031 1637 5098 quia
1687 5046 1783 5100 per
1821 5042 2025 5088 metum

460 5113 599 5170 bene
650 5131 778 5188 erga
834 5116 1013 5187 ipsum
1069 5118 1312 5170 adfectus
1364 5120 1534 5182 esset;
1579 5132 1632 5174 et
1679 5121 2026 5177 Constantini

460 5201 809 5277 imperatoris
843 5208 1144 5262 amicitiam
1176 5207 1483 5278 ejurasset,
1529 5213 1837 5281 syngrapha
1871 5214 1935 5267 ad
1970 5215 2023 5269 id

461 5298 609 5364 data,
647 5314 812 5369 quam
845 5315 945 5354 sua
982 5314 1145 5353 manu
1189 5298 1605 5371 shbsignaverat
1643 5318 1844 5373 :quem
1866 5304 2024 5360 initio

461 5390 681 5458 quidem
734 5390 1353 5462 spatharocandidatum
1390 5385 1619 5458 creavit,
1668 5408 1795 5449 mox
1842 5405 2022 5453 autem

464 5481 769 5550 principem
803 5482 1252 5553 protocarabum,
1289 5483 1486 5539 deinde
1527 5488 2023 5555 protospatharium

464 5566 679 5637 phialae,
715 5578 770 5623 et
798 5572 958 5638 paulo
986 5582 1108 5643 post
1137 5573 1562 5644 protospatharii
1603 5575 1814 5632 honore
1850 5579 2021 5635 auxit.

463 5659 529 5714 Et
561 5659 649 5712 hic
675 5663 892 5729 quidem
916 5680 1011 5736 per
1036 5665 1300 5723 Joannem
1329 5666 1613 5736 clericum,
1642 5668 1734 5739 qui
1772 5671 1878 5725 Deo
1901 5686 2025 5741 per-

2132 4473 2444 4544 προεό).ήθη
2492 4476 2583 4527 καὶ
2633 4479 3122 4549 πρωτοσπαθάριος
3168 4482 3267 4552 τῆς
3311 4482 3531 4553 φιάλης.
3583 4484 3697 4538 Καὶ

2131 4565 2519 4636 εἰσερχομένου
2567 4567 2662 4620 τοῦ
2697 4569 2959 4638 βασιλέως
2995 4573 3052 4623 ὲν
3080 4576 3145 4643 τῇ
3180 4574 3344 4646 φιάλῃ
3379 4575 3438 4628 ἐν
3466 4572 3544 4645 τῷ
3572 4575 3696 4645 δρο·

2134 4655 2342 4724 μωνίῳ,
2384 4657 2478 4708 καὶ
2526 4658 2781 4722 ἀπιόντος
2814 4661 2926 4713 εἴτε
2970 4664 3027 4715 ἐν
3054 4664 3360 4735 προκένσῳ,
3393 4667 3503 4719 εἴτε
3534 4666 3698 4719 ἀλλα-

2131 4747 2251 4818 χοῦ,
2289 4747 2477 4801 ἵστατο
2514 4750 2542 4801 ό
2581 4749 2745 4814 καλὸς
2783 4754 2989 4816 ἐκεῖνος
3031 4756 3207 4825 γέρων
3231 4757 3325 4808 καὶ
3367 4758 3696 4827 ἀείμνηστος

2131 4838 2273 4892 κατὰ
2326 4838 2424 4910 τὴν
2464 4840 2562 4910 τῆς
2602 4842 2877 4914 θαλάσσης
2921 4845 3214 4917 ἐμπειρίαν
3247 4847 3411 4916 μέσον
3442 4848 3535 4901 τοῦ
3568 4848 3694 4920 δρο-

2132 4932 2360 5001 μωνίου,
2394 4931 2815 5002 προθυμοποιῶν
2854 4936 2946 4988 καὶ
2972 4937 3410 5006 προτρεπόμενος
3447 4936 3571 4999 τοὺς
3599 4937 3696 4989 τοῦ

2130 5027 2434 5096 δρομωνίου
2489 5027 2684 5089 ἐλάτας
2738 5027 3113 5097 γενναιότερον
3168 5028 3262 5082 καὶ
3323 5028 3695 5099 ἀνδρειότερον

2130 5117 2379 5172 ἐλαύνειν
2404 5135 2462 5170 τε
2493 5119 2588 5170 καὶ
2620 5113 2984 5186 κωπηλατεῖν,
3026 5118 3138 5187 ἅμα
3183 5119 3240 5172 δὲ
3289 5121 3385 5175 καὶ
3417 5122 3530 5185 τοῖς
3572 5121 3695 5192 τότε

2132 5208 2591 5281 πρωτοκαράόοις
2618 5208 3004 5278 ὑποτιθέμενος
3021 5248 3036 5273 ,
3076 5209 3216 5263 κατὰ
3240 5211 3336 5281 τὴν
3358 5211 3695 5283 δυσκρασίαν

2132 5302 2231 5356 καὶ
2256 5300 2482 5354 πνεῦσιν
2512 5300 2622 5352 τῶν
2661 5300 2880 5370 ἀνέμων
2906 5299 3004 5369 τὴν
3038 5300 3307 5370 βασίλειον
3347 5301 3485 5358 ναῦν
3520 5302 3693 5370 πηδαο

2130 5394 2365 5461 λιουχεῖν
2404 5407 2461 5444 τε
2489 5391 2599 5465 καὶ
2653 5390 2945 5461 κυϐερνᾷν.
2983 5392 3183 5445 Τούτου
3212 5391 3306 5446 οὖν
3329 5391 3695 5462 τελευτήσαν-

2128 5500 2242 5549 τος,
2289 5484 2376 5535 διά
2426 5481 2487 5534 τὸ
2515 5480 2708 5551 νήπιον
2759 5483 3045 5552 τυγχάνειν
3088 5484 3178 5536 τὶν
3225 5482 3468 5553 βασιλέα,
3511 5481 3697 5535 καὶτὸ

2129 5573 2446 5643 ἀδιάκριτον
2474 5570 2569 5624 τοῦ
2602 5571 2892 5639 πατρικίου
2931 5573 3344 5626 Κωνσταντίνου
3386 5572 3481 5625 καὶ
3512 5587 3696 5639 παρα-

2129 5664 2502 5737 κοιμωμένου,
2550 5663 2774 5733 γέγονεν
2823 5668 2851 5717 ό
2886 5666 3135 5730 Θεόδοτος
3172 5668 3377 5729 ἐκεῖνος
3403 5665 3695 5736 πρωτοκα-
