  <div class='ocr_page' id='page_1' title='image "/cluster/home/n/w/nwhite01/storage/ocr_20150623/113/hvd.32044073502270/201.png"; bbox 0 0 4084 6208; ppageno 0'>
   <div class='ocr_carea' id='block_1_1' title="bbox 501 271 3751 360">
    <p class='ocr_par' dir='ltr' id='par_1_1' title="bbox 501 271 3751 360">
     <span class='ocr_line' id='line_1_1' title="bbox 501 271 3751 360; baseline -0.008 -1"><span class='ocrx_word' id='word_1_1' title='bbox 501 298 612 360; x_wconf 81' lang='lat'>395</span> <span class='ocrx_word' id='word_1_2' title='bbox 1523 281 2024 344; x_wconf 78' lang='lat' dir='ltr'>CONSTANTINI</span> <span class='ocrx_word' id='word_1_3' title='bbox 2057 276 2723 340; x_wconf 85' lang='lat' dir='ltr'>PORPHYROGENITI</span> <span class='ocrx_word' id='word_1_4' title='bbox 3641 271 3751 334; x_wconf 76' lang='lat'>396</span> 
     </span>
    </p>
   </div>
   <div class='ocr_carea' id='block_1_2' title="bbox 511 378 3750 478">
    <p class='ocr_par' dir='ltr' id='par_1_2' title="bbox 511 378 3750 478">
     <span class='ocr_line' id='line_1_2' title="bbox 511 378 3750 478; baseline -0.01 -17"><span class='ocrx_word' id='word_1_5' title='bbox 511 405 823 478; x_wconf 84' lang='grc' dir='ltr'>δρομωνίων</span> <span class='ocrx_word' id='word_1_6' title='bbox 859 399 1150 471; x_wconf 81' lang='grc' dir='ltr'>βασιλικῶν</span> <span class='ocrx_word' id='word_1_7' title='bbox 1182 413 1241 449; x_wconf 86' lang='grc' dir='ltr'>τε</span> <span class='ocrx_word' id='word_1_8' title='bbox 1279 393 1374 447; x_wconf 73' lang='grc' dir='ltr'>καὶ</span> <span class='ocrx_word' id='word_1_9' title='bbox 1398 391 1876 460; x_wconf 79' lang='grc' dir='ltr'>Αύγουστιατικῶν</span> <span class='ocrx_word' id='word_1_10' title='bbox 1937 387 2242 478; x_wconf 75' lang='grc' dir='ltr'>ἀγραρίων,</span> <span class='ocrx_word' id='word_1_11' title='bbox 2296 385 2389 478; x_wconf 73' lang='grc' dir='ltr'>καὶ</span> <span class='ocrx_word' id='word_1_12' title='bbox 2418 380 2603 478; x_wconf 31' lang='grc' dir='ltr'>,εῖναι-</span> <span class='ocrx_word' id='word_1_13' title='bbox 2626 384 2722 478; x_wconf 70' lang='grc' dir='ltr'>καὶ</span> <span class='ocrx_word' id='word_1_14' title='bbox 2804 378 3292 478; x_wconf 50' lang='grc' dir='ltr'>πρωτοσπαθὰριον</span> <span class='ocrx_word' id='word_1_15' title='bbox 3364 378 3464 478; x_wconf 71' lang='grc' dir='ltr'>τῆς</span> <span class='ocrx_word' id='word_1_16' title='bbox 3532 379 3750 478; x_wconf 53' lang='grc' dir='ltr'>φιάλης,</span> 
     </span>
    </p>
   </div>
   <div class='ocr_carea' id='block_1_3' title="bbox 522 469 3747 552">
    <p class='ocr_par' dir='ltr' id='par_1_3' title="bbox 522 469 3747 552">
     <span class='ocr_line' id='line_1_3' title="bbox 522 469 3747 552; baseline -0.012 -1"><span class='ocrx_word' id='word_1_17' title='bbox 522 469 722 552; x_wconf 54' lang='grc' dir='ltr'>’ἰστέον</span> <span class='ocrx_word' id='word_1_18' title='bbox 757 469 969 544; x_wconf 12' lang='grc' dir='ltr'>ὅτιήέπὶ</span> <span class='ocrx_word' id='word_1_19' title='bbox 1003 485 1229 544; x_wconf 85' lang='grc' dir='ltr'>Λέοντος</span> <span class='ocrx_word' id='word_1_20' title='bbox 1273 481 1368 534; x_wconf 78' lang='grc' dir='ltr'>τοῦ</span> <span class='ocrx_word' id='word_1_21' title='bbox 1406 481 1736 550; x_wconf 75' lang='grc' dir='ltr'>ἀειμνήστου</span> <span class='ocrx_word' id='word_1_22' title='bbox 1778 478 1872 530; x_wconf 68' lang='grc' dir='ltr'>καὶ</span> <span class='ocrx_word' id='word_1_23' title='bbox 1916 477 2261 546; x_wconf 78' lang='grc' dir='ltr'>φιλοχρίστου</span> <span class='ocrx_word' id='word_1_24' title='bbox 2293 472 2556 544; x_wconf 80' lang='grc' dir='ltr'>βασιλέως</span> <span class='ocrx_word' id='word_1_25' title='bbox 2588 471 2805 539; x_wconf 80' lang='grc' dir='ltr'>ἐγένετο</span> <span class='ocrx_word' id='word_1_26' title='bbox 2846 472 2955 525; x_wconf 85' lang='grc' dir='ltr'>ἀπὸ</span> <span class='ocrx_word' id='word_1_27' title='bbox 3019 470 3127 523; x_wconf 87' lang='grc' dir='ltr'>τῶν</span> <span class='ocrx_word' id='word_1_28' title='bbox 3197 470 3298 538; x_wconf 80' lang='grc' dir='ltr'>τῆς</span> <span class='ocrx_word' id='word_1_29' title='bbox 3373 469 3587 533; x_wconf 80' lang='grc' dir='ltr'>Δύσεως</span> <span class='ocrx_word' id='word_1_30' title='bbox 3653 470 3747 522; x_wconf 42' lang='grc' dir='ltr'>θεν..</span> 
     </span>
    </p>
   </div>
   <div class='ocr_carea' id='block_1_4' title="bbox 517 558 3747 656">
    <p class='ocr_par' dir='ltr' id='par_1_4' title="bbox 517 558 3747 656">
     <span class='ocr_line' id='line_1_4' title="bbox 517 558 3747 656; baseline -0.009 -18"><span class='ocrx_word' id='word_1_31' title='bbox 517 587 700 656; x_wconf 78' lang='grc' dir='ltr'>μάτων</span> <span class='ocrx_word' id='word_1_32' title='bbox 725 577 974 646; x_wconf 85' lang='grc' dir='ltr'>λογαρίου</span> <span class='ocrx_word' id='word_1_33' title='bbox 1008 572 1301 642; x_wconf 80' lang='grc' dir='ltr'>ἀπαίτησις</span> <span class='ocrx_word' id='word_1_34' title='bbox 1328 569 1415 623; x_wconf 81' lang='grc' dir='ltr'>διὰ</span> <span class='ocrx_word' id='word_1_35' title='bbox 1452 569 1544 622; x_wconf 76' lang='grc' dir='ltr'>τοῦ</span> <span class='ocrx_word' id='word_1_36' title='bbox 1573 566 2070 638; x_wconf 74' lang='grc' dir='ltr'>πρωτοσπαοαρίου</span> <span class='ocrx_word' id='word_1_37' title='bbox 2112 565 2340 624; x_wconf 82' lang='grc' dir='ltr'>Λέοντος</span> <span class='ocrx_word' id='word_1_38' title='bbox 2379 561 2474 614; x_wconf 71' lang='grc' dir='ltr'>καὶ</span> <span class='ocrx_word' id='word_1_39' title='bbox 2523 561 2812 630; x_wconf 77' lang='grc' dir='ltr'>γεγονότος</span> <span class='ocrx_word' id='word_1_40' title='bbox 2863 558 3170 632; x_wconf 82' lang='grc' dir='ltr'>στρατηγοῦ</span> <span class='ocrx_word' id='word_1_41' title='bbox 3219 559 3313 612; x_wconf 77' lang='grc' dir='ltr'>τοῦ</span> <span class='ocrx_word' id='word_1_42' title='bbox 3383 561 3621 630; x_wconf 75' lang='grc' dir='ltr'>Τξικάνη</span> <span class='ocrx_word' id='word_1_43' title='bbox 3684 562 3747 614; x_wconf 82' lang='grc' dir='ltr'>ὲκ</span> 
     </span>
    </p>
   </div>
   <div class='ocr_carea' id='block_1_5' title="bbox 512 655 3746 742">
    <p class='ocr_par' dir='ltr' id='par_1_5' title="bbox 512 655 3746 742">
     <span class='ocr_line' id='line_1_5' title="bbox 512 655 3746 742; baseline -0.006 -14"><span class='ocrx_word' id='word_1_44' title='bbox 512 679 619 727; x_wconf 87' lang='grc' dir='ltr'>τῶν</span> <span class='ocrx_word' id='word_1_45' title='bbox 646 671 949 742; x_wconf 74' lang='grc' dir='ltr'>αἰρομένων</span> <span class='ocrx_word' id='word_1_46' title='bbox 991 667 1065 737; x_wconf 75' lang='grc' dir='ltr'>μὴ</span> <span class='ocrx_word' id='word_1_47' title='bbox 1095 665 1412 732; x_wconf 79' lang='grc' dir='ltr'>ταξιδεύειν.</span> <span class='ocrx_word' id='word_1_48' title='bbox 1452 663 1646 718; x_wconf 83' lang='grc' dir='ltr'>Ἰστέον</span> <span class='ocrx_word' id='word_1_49' title='bbox 1677 663 1759 714; x_wconf 83' lang='grc' dir='ltr'>ὅτι</span> <span class='ocrx_word' id='word_1_50' title='bbox 1832 661 1926 714; x_wconf 77' lang='grc' dir='ltr'>καὶ</span> <span class='ocrx_word' id='word_1_51' title='bbox 1987 658 2147 712; x_wconf 83' lang='grc' dir='ltr'>πάλιν</span> <span class='ocrx_word' id='word_1_52' title='bbox 2189 659 2280 710; x_wconf 70' lang='grc' dir='ltr'>ἐπὶ</span> <span class='ocrx_word' id='word_1_53' title='bbox 2309 657 2400 711; x_wconf 79' lang='grc' dir='ltr'>τοῦ</span> <span class='ocrx_word' id='word_1_54' title='bbox 2433 657 2597 711; x_wconf 80' lang='grc' dir='ltr'>αὐτοῦ</span> <span class='ocrx_word' id='word_1_55' title='bbox 2643 656 2985 726; x_wconf 81' lang='grc' dir='ltr'>φιλοχρίστου</span> <span class='ocrx_word' id='word_1_56' title='bbox 3016 657 3112 709; x_wconf 76' lang='grc' dir='ltr'>καὶ</span> <span class='ocrx_word' id='word_1_57' title='bbox 3161 655 3495 725; x_wconf 80' lang='grc' dir='ltr'>ἀειμνήστου</span> <span class='ocrx_word' id='word_1_58' title='bbox 3523 656 3746 717; x_wconf 85' lang='grc' dir='ltr'>Λέοντος</span> 
     </span>
    </p>
   </div>
   <div class='ocr_carea' id='block_1_6' title="bbox 513 746 3747 834">
    <p class='ocr_par' dir='ltr' id='par_1_6' title="bbox 513 746 3747 834">
     <span class='ocr_line' id='line_1_6' title="bbox 513 746 3747 834; baseline -0.005 -17"><span class='ocrx_word' id='word_1_59' title='bbox 513 766 727 834; x_wconf 82' lang='grc' dir='ltr'>ἐγένετο</span> <span class='ocrx_word' id='word_1_60' title='bbox 782 760 890 814; x_wconf 80' lang='grc' dir='ltr'>ἀπὸ</span> <span class='ocrx_word' id='word_1_61' title='bbox 935 760 1044 811; x_wconf 86' lang='grc' dir='ltr'>τῶν</span> <span class='ocrx_word' id='word_1_62' title='bbox 1122 757 1223 826; x_wconf 73' lang='grc' dir='ltr'>τῆς</span> <span class='ocrx_word' id='word_1_63' title='bbox 1310 756 1524 816; x_wconf 85' lang='grc' dir='ltr'>Δύσεως</span> <span class='ocrx_word' id='word_1_64' title='bbox 1573 753 1822 824; x_wconf 86' lang='grc' dir='ltr'>Θεμάτων</span> <span class='ocrx_word' id='word_1_65' title='bbox 1870 750 2127 820; x_wconf 87' lang='grc' dir='ltr'>λογαρίου</span> <span class='ocrx_word' id='word_1_66' title='bbox 2199 749 2497 818; x_wconf 82' lang='grc' dir='ltr'>ἀπαίτησις</span> <span class='ocrx_word' id='word_1_67' title='bbox 2549 749 2636 801; x_wconf 85' lang='grc' dir='ltr'>διὰ</span> <span class='ocrx_word' id='word_1_68' title='bbox 2685 748 2780 802; x_wconf 85' lang='grc' dir='ltr'>τοῦ</span> <span class='ocrx_word' id='word_1_69' title='bbox 2845 749 3148 817; x_wconf 86' lang='grc' dir='ltr'>μαγίστρου</span> <span class='ocrx_word' id='word_1_70' title='bbox 3189 746 3436 800; x_wconf 83' lang='grc' dir='ltr'>Ἰωάννου</span> <span class='ocrx_word' id='word_1_71' title='bbox 3658 749 3747 801; x_wconf 81' lang='grc' dir='ltr'>τοῦ</span> 
     </span>
    </p>
   </div>
   <div class='ocr_carea' id='block_1_7' title="bbox 525 839 3749 922">
    <p class='ocr_par' dir='ltr' id='par_1_7' title="bbox 525 839 3749 922">
     <span class='ocr_line' id='line_1_7' title="bbox 525 839 3749 922; baseline -0.005 -14"><span class='ocrx_word' id='word_1_72' title='bbox 525 855 737 916; x_wconf 85' lang='grc' dir='ltr'>Ἐλαδᾶ,</span> <span class='ocrx_word' id='word_1_73' title='bbox 775 852 852 922; x_wconf 78' lang='grc' dir='ltr'>τῷ</span> <span class='ocrx_word' id='word_1_74' title='bbox 880 852 1002 904; x_wconf 86' lang='grc' dir='ltr'>τότε</span> <span class='ocrx_word' id='word_1_75' title='bbox 1043 849 1330 920; x_wconf 81' lang='grc' dir='ltr'>πατρικίου</span> <span class='ocrx_word' id='word_1_76' title='bbox 1360 846 1524 901; x_wconf 81' lang='grc' dir='ltr'>αὑτοῦ</span> <span class='ocrx_word' id='word_1_77' title='bbox 1557 845 1730 907; x_wconf 75' lang='grc' dir='ltr'>ὄντος.</span> <span class='ocrx_word' id='word_1_78' title='bbox 1777 843 1972 896; x_wconf 80' lang='grc' dir='ltr'>’ἰστέον</span> <span class='ocrx_word' id='word_1_79' title='bbox 1998 845 2081 896; x_wconf 74' lang='grc' dir='ltr'>ὅτι</span> <span class='ocrx_word' id='word_1_80' title='bbox 2120 843 2214 896; x_wconf 73' lang='grc' dir='ltr'>καὶ</span> <span class='ocrx_word' id='word_1_81' title='bbox 2254 840 2416 894; x_wconf 78' lang='grc' dir='ltr'>πάλιν</span> <span class='ocrx_word' id='word_1_82' title='bbox 2455 841 2548 894; x_wconf 69' lang='grc' dir='ltr'>ἐπὶ</span> <span class='ocrx_word' id='word_1_83' title='bbox 2582 840 2862 910; x_wconf 84' lang='grc' dir='ltr'>Ῥωμανοῦ</span> <span class='ocrx_word' id='word_1_84' title='bbox 2891 840 3174 902; x_wconf 72' lang='grc' dir='ltr'>δεσπότου,</span> <span class='ocrx_word' id='word_1_85' title='bbox 3241 839 3592 909; x_wconf 77' lang='grc' dir='ltr'>βουληθέντος</span> <span class='ocrx_word' id='word_1_86' title='bbox 3653 858 3749 894; x_wconf 83' lang='grc' dir='ltr'>τα-</span> 
     </span>
    </p>
   </div>
   <div class='ocr_carea' id='block_1_8' title="bbox 515 932 3750 1013">
    <p class='ocr_par' dir='ltr' id='par_1_8' title="bbox 515 932 3750 1013">
     <span class='ocr_line' id='line_1_8' title="bbox 515 932 3750 1013; baseline -0.005 -12"><span class='ocrx_word' id='word_1_87' title='bbox 515 947 752 1013; x_wconf 81' lang='grc' dir='ltr'>ξιδεῦσαι</span> <span class='ocrx_word' id='word_1_88' title='bbox 775 946 899 1006; x_wconf 79' lang='grc' dir='ltr'>τοὺς</span> <span class='ocrx_word' id='word_1_89' title='bbox 931 939 1393 1009; x_wconf 79' lang='grc' dir='ltr'>Πελοποννησίους</span> <span class='ocrx_word' id='word_1_90' title='bbox 1445 939 1502 990; x_wconf 84' lang='grc' dir='ltr'>ἐν</span> <span class='ocrx_word' id='word_1_91' title='bbox 1549 935 1947 1006; x_wconf 80' lang='grc' dir='ltr'>Λογουϐαρδίᾳ,</span> <span class='ocrx_word' id='word_1_92' title='bbox 2025 933 2116 988; x_wconf 80' lang='grc' dir='ltr'>τοῦ</span> <span class='ocrx_word' id='word_1_93' title='bbox 2193 932 2686 1004; x_wconf 78' lang='grc' dir='ltr'>πρωτοσπαθαρίου</span> <span class='ocrx_word' id='word_1_94' title='bbox 2761 933 2855 986; x_wconf 73' lang='grc' dir='ltr'>τοῦ</span> <span class='ocrx_word' id='word_1_95' title='bbox 2935 933 3167 987; x_wconf 82' lang='grc' dir='ltr'>Ῑωάννου</span> <span class='ocrx_word' id='word_1_96' title='bbox 3237 934 3611 1002; x_wconf 79' lang='grc' dir='ltr'>πρωτεύοντος</span> <span class='ocrx_word' id='word_1_97' title='bbox 3695 936 3750 986; x_wconf 82' lang='grc' dir='ltr'>ἐν</span> 
     </span>
    </p>
   </div>
   <div class='ocr_carea' id='block_1_9' title="bbox 515 1024 3750 1108">
    <p class='ocr_par' dir='ltr' id='par_1_9' title="bbox 515 1024 3750 1108">
     <span class='ocr_line' id='line_1_9' title="bbox 515 1024 3750 1108; baseline -0.006 -15"><span class='ocrx_word' id='word_1_98' title='bbox 515 1039 905 1108; x_wconf 80' lang='grc' dir='ltr'>Πελοποννήσῳ</span> <span class='ocrx_word' id='word_1_99' title='bbox 928 1035 1048 1087; x_wconf 85' lang='grc' dir='ltr'>τότε</span> <span class='ocrx_word' id='word_1_100' title='bbox 1077 1031 1532 1104; x_wconf 78' lang='grc' dir='ltr'>στρατηγοῦντος,</span> <span class='ocrx_word' id='word_1_101' title='bbox 1566 1029 1888 1099; x_wconf 76' lang='grc' dir='ltr'>ᾑρετίσαντο</span> <span class='ocrx_word' id='word_1_102' title='bbox 1911 1031 1960 1082; x_wconf 83' lang='grc' dir='ltr'>οί</span> <span class='ocrx_word' id='word_1_103' title='bbox 2021 1027 2174 1080; x_wconf 78' lang='grc' dir='ltr'>αὐτοὶ</span> <span class='ocrx_word' id='word_1_104' title='bbox 2225 1026 2646 1095; x_wconf 87' lang='grc' dir='ltr'>Πελοποννήσιοι</span> <span class='ocrx_word' id='word_1_105' title='bbox 2696 1025 2770 1095; x_wconf 83' lang='grc' dir='ltr'>μὴ</span> <span class='ocrx_word' id='word_1_106' title='bbox 2836 1025 3166 1091; x_wconf 81' lang='grc' dir='ltr'>ταξιδεῦσαι,</span> <span class='ocrx_word' id='word_1_107' title='bbox 3220 1025 3352 1077; x_wconf 73' lang='grc' dir='ltr'>ἀλλὰ</span> <span class='ocrx_word' id='word_1_108' title='bbox 3414 1024 3593 1078; x_wconf 83' lang='grc' dir='ltr'>δοῦναι</span> <span class='ocrx_word' id='word_1_109' title='bbox 3661 1027 3750 1076; x_wconf 77' lang='grc' dir='ltr'>ιπ-</span> 
     </span>
    </p>
   </div>
   <div class='ocr_carea' id='block_1_10' title="bbox 516 1115 3754 1201">
    <p class='ocr_par' dir='ltr' id='par_1_10' title="bbox 516 1115 3754 1201">
     <span class='ocr_line' id='line_1_10' title="bbox 516 1115 3754 1201; baseline -0.005 -17"><span class='ocrx_word' id='word_1_110' title='bbox 516 1133 689 1201; x_wconf 76' lang='grc' dir='ltr'>πᾶρια</span> <span class='ocrx_word' id='word_1_111' title='bbox 722 1129 866 1197; x_wconf 84' lang='grc' dir='ltr'>χίλια</span> <span class='ocrx_word' id='word_1_112' title='bbox 896 1123 1214 1196; x_wconf 71' lang='grc' dir='ltr'>ἐστρωμένα</span> <span class='ocrx_word' id='word_1_113' title='bbox 1247 1125 1341 1175; x_wconf 75' lang='grc' dir='ltr'>καὶ</span> <span class='ocrx_word' id='word_1_114' title='bbox 1400 1118 1766 1190; x_wconf 82' lang='grc' dir='ltr'>χαλινωμένα,</span> <span class='ocrx_word' id='word_1_115' title='bbox 1795 1120 1888 1171; x_wconf 65' lang='grc' dir='ltr'>καὶ</span> <span class='ocrx_word' id='word_1_116' title='bbox 1922 1119 2176 1189; x_wconf 75' lang='grc' dir='ltr'>λογάριον</span> <span class='ocrx_word' id='word_1_117' title='bbox 2220 1119 2571 1188; x_wconf 82' lang='grc' dir='ltr'>κεντηνάριον</span> <span class='ocrx_word' id='word_1_118' title='bbox 2601 1115 2660 1168; x_wconf 76' lang='grc' dir='ltr'>ἓν</span> <span class='ocrx_word' id='word_1_119' title='bbox 2683 1132 2697 1147; x_wconf 80' lang='grc' dir='ltr'><strong>ο</strong></span> <span class='ocrx_word' id='word_1_120' title='bbox 2765 1117 2907 1186; x_wconf 78' lang='grc' dir='ltr'>ειπερ</span> <span class='ocrx_word' id='word_1_121' title='bbox 2977 1116 3116 1186; x_wconf 83' lang='grc' dir='ltr'>μετὰ</span> <span class='ocrx_word' id='word_1_122' title='bbox 3179 1115 3381 1185; x_wconf 84' lang='grc' dir='ltr'>πολλῆς</span> <span class='ocrx_word' id='word_1_123' title='bbox 3446 1115 3754 1185; x_wconf 62' lang='grc' dir='ltr'>προθυμίας</span> 
     </span>
    </p>
   </div>
   <div class='ocr_carea' id='block_1_11' title="bbox 523 1223 812 1295">
    <p class='ocr_par' dir='ltr' id='par_1_11' title="bbox 523 1223 812 1295">
     <span class='ocr_line' id='line_1_11' title="bbox 523 1223 812 1295; baseline -0.017 -18"><span class='ocrx_word' id='word_1_124' title='bbox 523 1223 660 1295; x_wconf 83' lang='grc' dir='ltr'>παρέ</span> <span class='ocrx_word' id='word_1_125' title='bbox 670 1238 812 1291; x_wconf 88' lang='grc' dir='ltr'>σχον.</span> 
     </span>
    </p>
   </div>
   <div class='ocr_carea' id='block_1_12' title="bbox 1112 1301 1488 1362">
    <p class='ocr_par' dir='ltr' id='par_1_12' title="bbox 1112 1301 1488 1362">
     <span class='ocr_line' id='line_1_12' title="bbox 1112 1301 1488 1362; baseline -0.019 0"><span class='ocrx_word' id='word_1_126' title='bbox 1112 1302 1339 1362; x_wconf 81' lang='lat' dir='ltr'><strong>CAPUT</strong></span> <span class='ocrx_word' id='word_1_127' title='bbox 1381 1301 1488 1356; x_wconf 80' lang='lat' dir='ltr'>LII.</span> 
     </span>
    </p>
   </div>
   <div class='ocr_carea' id='block_1_13' title="bbox 516 1412 2084 1491">
    <p class='ocr_par' dir='ltr' id='par_1_13' title="bbox 516 1412 2084 1491">
     <span class='ocr_line' id='line_1_13' title="bbox 516 1412 2084 1491; baseline -0.008 -14"><span class='ocrx_word' id='word_1_128' title='bbox 516 1424 749 1478; x_wconf 63' lang='lat' dir='ltr'><strong>Erectio</strong></span> <span class='ocrx_word' id='word_1_129' title='bbox 780 1435 1048 1491; x_wconf 67' lang='lat' dir='ltr'><strong>equorum,</strong></span> <span class='ocrx_word' id='word_1_130' title='bbox 1079 1432 1194 1491; x_wconf 70' lang='lat' dir='ltr'><strong>qua:</strong></span> <span class='ocrx_word' id='word_1_131' title='bbox 1226 1415 1371 1483; x_wconf 76' lang='lat' dir='ltr'><strong>facta</strong></span> <span class='ocrx_word' id='word_1_132' title='bbox 1403 1415 1455 1467; x_wconf 84' lang='lat' dir='ltr'>in</span> <span class='ocrx_word' id='word_1_133' title='bbox 1486 1413 1706 1491; x_wconf 56' lang='lat' dir='ltr'><strong>themate</strong></span> <span class='ocrx_word' id='word_1_134' title='bbox 1737 1412 2084 1479; x_wconf 76' lang='lat' dir='ltr'>Peloponnesi</span> 
     </span>
    </p>
   </div>
   <div class='ocr_carea' id='block_1_14' title="bbox 715 1483 1899 1553">
    <p class='ocr_par' dir='ltr' id='par_1_14' title="bbox 715 1483 1899 1553">
     <span class='ocr_line' id='line_1_14' title="bbox 715 1483 1899 1553; baseline -0.008 -7"><span class='ocrx_word' id='word_1_135' title='bbox 715 1483 1444 1553; x_wconf 48' lang='lat' dir='ltr'><strong>sub&#39;Romano&#39;imperatore,</strong></span> <span class='ocrx_word' id='word_1_136' title='bbox 1475 1485 1551 1537; x_wconf 79' lang='lat' dir='ltr'>tui</span> <span class='ocrx_word' id='word_1_137' title='bbox 1575 1483 1773 1536; x_wconf 79' lang='lat' dir='ltr'><strong>dictant</strong></span> <span class='ocrx_word' id='word_1_138' title='bbox 1802 1493 1899 1536; x_wconf 83' lang='lat' dir='ltr'><strong>est.</strong></span> 
     </span>
    </p>
   </div>
   <div class='ocr_carea' id='block_1_15' title="bbox 586 1635 2084 1709">
    <p class='ocr_par' dir='ltr' id='par_1_15' title="bbox 586 1635 2084 1709">
     <span class='ocr_line' id='line_1_15' title="bbox 586 1635 2084 1709; baseline -0.01 -9"><span class='ocrx_word' id='word_1_139' title='bbox 586 1645 840 1700; x_wconf 74' lang='lat' dir='ltr'>Corinthi</span> <span class='ocrx_word' id='word_1_140' title='bbox 893 1638 1345 1709; x_wconf 85' lang='lat' dir='ltr'><strong>metropolitanus</strong></span> <span class='ocrx_word' id='word_1_141' title='bbox 1397 1635 1689 1690; x_wconf 82' lang='lat' dir='ltr'><strong>exhibebat</strong></span> <span class='ocrx_word' id='word_1_142' title='bbox 1732 1650 1904 1706; x_wconf 91' lang='lat' dir='ltr'><strong>equos</strong></span> <span class='ocrx_word' id='word_1_143' title='bbox 1947 1650 2084 1704; x_wconf 87' lang='lat' dir='ltr'><strong>qua-</strong></span> 
     </span>
    </p>
   </div>
   <div class='ocr_carea' id='block_1_16' title="bbox 522 1724 2084 1796">
    <p class='ocr_par' dir='ltr' id='par_1_16' title="bbox 522 1724 2084 1796">
     <span class='ocr_line' id='line_1_16' title="bbox 522 1724 2084 1796; baseline -0.012 -4"><span class='ocrx_word' id='word_1_144' title='bbox 522 1749 646 1792; x_wconf 93' lang='lat' dir='ltr'><strong>tuor</strong></span> <span class='ocrx_word' id='word_1_145' title='bbox 690 1753 704 1789; x_wconf 90' lang='lat'><strong>:</strong></span> <span class='ocrx_word' id='word_1_146' title='bbox 754 1732 1040 1786; x_wconf 86' lang='lat' dir='ltr'><strong>Patrarum</strong></span> <span class='ocrx_word' id='word_1_147' title='bbox 1093 1726 1548 1796; x_wconf 83' lang='lat' dir='ltr'><strong>metrOpolitanus</strong></span> <span class='ocrx_word' id='word_1_148' title='bbox 1595 1739 1766 1794; x_wconf 90' lang='lat' dir='ltr'><strong>equos</strong></span> <span class='ocrx_word' id='word_1_149' title='bbox 1817 1724 2084 1778; x_wconf 86' lang='lat' dir='ltr'><strong>totidem:</strong></span> 
     </span>
    </p>
   </div>
   <div class='ocr_carea' id='block_1_17' title="bbox 518 1815 2090 1896">
    <p class='ocr_par' dir='ltr' id='par_1_17' title="bbox 518 1815 2090 1896">
     <span class='ocr_line' id='line_1_17' title="bbox 518 1815 2090 1896; baseline -0.01 -16"><span class='ocrx_word' id='word_1_150' title='bbox 518 1823 766 1896; x_wconf 85' lang='lat' dir='ltr'><strong>episcopi</strong></span> <span class='ocrx_word' id='word_1_151' title='bbox 807 1819 1006 1889; x_wconf 83' lang='lat' dir='ltr'><strong>singuli</strong></span> <span class='ocrx_word' id='word_1_152' title='bbox 1051 1817 1306 1872; x_wconf 73' lang='lat' dir='ltr'>thematis</span> <span class='ocrx_word' id='word_1_153' title='bbox 1349 1830 1522 1884; x_wconf 88' lang='lat' dir='ltr'><strong>equos</strong></span> <span class='ocrx_word' id='word_1_154' title='bbox 1557 1815 1695 1869; x_wconf 90' lang='lat' dir='ltr'><strong>duos</strong></span> <span class='ocrx_word' id='word_1_155' title='bbox 1732 1831 1746 1866; x_wconf 88' lang='lat'><strong>:</strong></span> <span class='ocrx_word' id='word_1_156' title='bbox 1795 1821 2090 1882; x_wconf 83' lang='lat' dir='ltr'><strong>protospa-</strong></span> 
     </span>
    </p>
   </div>
   <div class='ocr_carea' id='block_1_18' title="bbox 523 1902 2088 1981">
    <p class='ocr_par' dir='ltr' id='par_1_18' title="bbox 523 1902 2088 1981">
     <span class='ocr_line' id='line_1_18' title="bbox 523 1902 2088 1981; baseline -0.01 -10"><span class='ocrx_word' id='word_1_157' title='bbox 523 1916 684 1971; x_wconf 89' lang='lat' dir='ltr'><strong>tharii</strong></span> <span class='ocrx_word' id='word_1_158' title='bbox 731 1926 903 1981; x_wconf 87' lang='lat' dir='ltr'><strong>equos</strong></span> <span class='ocrx_word' id='word_1_159' title='bbox 937 1921 1050 1963; x_wconf 90' lang='lat' dir='ltr'><strong>tres</strong></span> <span class='ocrx_word' id='word_1_160' title='bbox 1097 1924 1111 1960; x_wconf 89' lang='lat'><strong>:</strong></span> <span class='ocrx_word' id='word_1_161' title='bbox 1153 1902 1689 1975; x_wconf 87' lang='lat' dir='ltr'><strong>spatharocandidati</strong></span> <span class='ocrx_word' id='word_1_162' title='bbox 1741 1903 1924 1956; x_wconf 91' lang='lat' dir='ltr'><strong>duos:</strong></span> <span class='ocrx_word' id='word_1_163' title='bbox 1959 1917 2088 1972; x_wconf 88' lang='lat' dir='ltr'><strong>spa-</strong></span> 
     </span>
    </p>
   </div>
   <div class='ocr_carea' id='block_1_19' title="bbox 524 1992 2088 2067">
    <p class='ocr_par' dir='ltr' id='par_1_19' title="bbox 524 1992 2088 2067">
     <span class='ocr_line' id='line_1_19' title="bbox 524 1992 2088 2067; baseline -0.009 -7"><span class='ocrx_word' id='word_1_164' title='bbox 524 2005 686 2061; x_wconf 89' lang='lat' dir='ltr'><strong>tharii</strong></span> <span class='ocrx_word' id='word_1_165' title='bbox 723 2011 1096 2067; x_wconf 86' lang='lat' dir='ltr'><strong>stratoresque</strong></span> <span class='ocrx_word' id='word_1_166' title='bbox 1129 2010 1329 2065; x_wconf 88' lang='lat' dir='ltr'><strong>equum</strong></span> <span class='ocrx_word' id='word_1_167' title='bbox 1370 2009 1560 2048; x_wconf 91' lang='lat' dir='ltr'><strong>unum.</strong></span> <span class='ocrx_word' id='word_1_168' title='bbox 1613 1992 1939 2048; x_wconf 73' lang='lat' dir='ltr'><strong>Monasteria</strong></span> <span class='ocrx_word' id='word_1_169' title='bbox 1983 1996 2088 2047; x_wconf 82' lang='lat' dir='ltr'><strong>im-</strong></span> 
     </span>
    </p>
   </div>
   <div class='ocr_carea' id='block_1_20' title="bbox 526 2084 2089 2166">
    <p class='ocr_par' dir='ltr' id='par_1_20' title="bbox 526 2084 2089 2166">
     <span class='ocr_line' id='line_1_20' title="bbox 526 2084 2089 2166; baseline -0.009 -15"><span class='ocrx_word' id='word_1_170' title='bbox 526 2094 753 2166; x_wconf 86' lang='lat' dir='ltr'><strong>perialia</strong></span> <span class='ocrx_word' id='word_1_171' title='bbox 782 2099 835 2146; x_wconf 90' lang='lat' dir='ltr'>et</span> <span class='ocrx_word' id='word_1_172' title='bbox 867 2085 1256 2158; x_wconf 81' lang='lat' dir='ltr'><strong>patriarchalia</strong></span> <span class='ocrx_word' id='word_1_173' title='bbox 1299 2100 1472 2154; x_wconf 86' lang='lat' dir='ltr'><strong>equos</strong></span> <span class='ocrx_word' id='word_1_174' title='bbox 1503 2084 1642 2138; x_wconf 87' lang='lat' dir='ltr'><strong>duos</strong></span> <span class='ocrx_word' id='word_1_175' title='bbox 1669 2098 1686 2136; x_wconf 88' lang='lat'><strong>:</strong></span> <span class='ocrx_word' id='word_1_176' title='bbox 1719 2084 2089 2153; x_wconf 85' lang='lat' dir='ltr'><strong>archiepisco-</strong></span> 
     </span>
    </p>
   </div>
   <div class='ocr_carea' id='block_1_21' title="bbox 531 2176 2091 2256">
    <p class='ocr_par' dir='ltr' id='par_1_21' title="bbox 531 2176 2091 2256">
     <span class='ocr_line' id='line_1_21' title="bbox 531 2176 2091 2256; baseline -0.008 -15"><span class='ocrx_word' id='word_1_177' title='bbox 531 2201 722 2256; x_wconf 85' lang='lat' dir='ltr'><strong>porum</strong></span> <span class='ocrx_word' id='word_1_178' title='bbox 780 2184 911 2238; x_wconf 91' lang='lat' dir='ltr'><strong>item</strong></span> <span class='ocrx_word' id='word_1_179' title='bbox 968 2177 1340 2238; x_wconf 88' lang='lat' dir='ltr'><strong>monasteria,</strong></span> <span class='ocrx_word' id='word_1_180' title='bbox 1403 2176 1982 2246; x_wconf 87' lang='lat' dir='ltr'><strong>metropolitanorum,</strong></span> <span class='ocrx_word' id='word_1_181' title='bbox 2036 2183 2091 2229; x_wconf 88' lang='lat' dir='ltr'>et</span> 
     </span>
    </p>
   </div>
   <div class='ocr_carea' id='block_1_22' title="bbox 529 2265 2089 2347">
    <p class='ocr_par' dir='ltr' id='par_1_22' title="bbox 529 2265 2089 2347">
     <span class='ocr_line' id='line_1_22' title="bbox 529 2265 2089 2347; baseline -0.009 -15"><span class='ocrx_word' id='word_1_182' title='bbox 529 2277 912 2347; x_wconf 87' lang='lat' dir='ltr'><strong>episcoporum</strong></span> <span class='ocrx_word' id='word_1_183' title='bbox 944 2284 1116 2342; x_wconf 85' lang='lat' dir='ltr'><strong>equos</strong></span> <span class='ocrx_word' id='word_1_184' title='bbox 1149 2269 1288 2324; x_wconf 92' lang='lat' dir='ltr'><strong>duos</strong></span> <span class='ocrx_word' id='word_1_185' title='bbox 1321 2284 1334 2322; x_wconf 86' lang='lat'><strong>:</strong></span> <span class='ocrx_word' id='word_1_186' title='bbox 1368 2266 1732 2338; x_wconf 78' lang='lat' dir='ltr'><strong>indigentiora</strong></span> <span class='ocrx_word' id='word_1_187' title='bbox 1759 2265 2089 2321; x_wconf 88' lang='lat' dir='ltr'><strong>monasteria</strong></span> 
     </span>
    </p>
   </div>
   <div class='ocr_carea' id='block_1_23' title="bbox 529 2355 2090 2437">
    <p class='ocr_par' dir='ltr' id='par_1_23' title="bbox 529 2355 2090 2437">
     <span class='ocr_line' id='line_1_23' title="bbox 529 2355 2090 2437; baseline -0.006 -16"><span class='ocrx_word' id='word_1_188' title='bbox 529 2381 651 2437; x_wconf 72' lang='lat' dir='ltr'><strong>quae</strong></span> <span class='ocrx_word' id='word_1_189' title='bbox 692 2370 913 2426; x_wconf 89' lang='lat' dir='ltr'><strong>essent,</strong></span> <span class='ocrx_word' id='word_1_190' title='bbox 965 2361 1092 2416; x_wconf 85' lang='lat' dir='ltr'><strong>bina</strong></span> <span class='ocrx_word' id='word_1_191' title='bbox 1142 2372 1342 2428; x_wconf 89' lang='lat' dir='ltr'><strong>equum</strong></span> <span class='ocrx_word' id='word_1_192' title='bbox 1389 2372 1578 2413; x_wconf 91' lang='lat' dir='ltr'><strong>unum.</strong></span> <span class='ocrx_word' id='word_1_193' title='bbox 1625 2355 1729 2423; x_wconf 82' lang='lat' dir='ltr'><strong>Qui</strong></span> <span class='ocrx_word' id='word_1_194' title='bbox 1773 2356 2090 2412; x_wconf 83' lang='lat' dir='ltr'><strong>muneribus</strong></span> 
     </span>
    </p>
   </div>
   <div class='ocr_carea' id='block_1_24' title="bbox 529 2443 2089 2525">
    <p class='ocr_par' dir='ltr' id='par_1_24' title="bbox 529 2443 2089 2525">
     <span class='ocr_line' id='line_1_24' title="bbox 529 2443 2089 2525; baseline -0.008 -15"><span class='ocrx_word' id='word_1_195' title='bbox 529 2452 910 2525; x_wconf 84' lang='lat' dir='ltr'><strong>imperialibus</strong></span> <span class='ocrx_word' id='word_1_196' title='bbox 959 2449 1350 2518; x_wconf 75' lang='lat' dir='ltr'><strong>fungebantur,</strong></span> <span class='ocrx_word' id='word_1_197' title='bbox 1398 2454 1580 2499; x_wconf 69' lang='lat' dir='ltr'><strong>nauta:</strong></span> <span class='ocrx_word' id='word_1_198' title='bbox 1621 2443 1914 2509; x_wconf 84' lang='lat' dir='ltr'><strong>classiarii,</strong></span> <span class='ocrx_word' id='word_1_199' title='bbox 1955 2457 2089 2498; x_wconf 87' lang='lat' dir='ltr'><strong>con-</strong></span> 
     </span>
    </p>
   </div>
   <div class='ocr_carea' id='block_1_25' title="bbox 526 2537 2090 2617">
    <p class='ocr_par' dir='ltr' id='par_1_25' title="bbox 526 2537 2090 2617">
     <span class='ocr_line' id='line_1_25' title="bbox 526 2537 2090 2617; baseline -0.006 -17"><span class='ocrx_word' id='word_1_200' title='bbox 526 2545 798 2617; x_wconf 86' lang='lat' dir='ltr'><strong>chyliarii,</strong></span> <span class='ocrx_word' id='word_1_201' title='bbox 822 2550 876 2598; x_wconf 90' lang='lat' dir='ltr'>et</span> <span class='ocrx_word' id='word_1_202' title='bbox 903 2542 1217 2596; x_wconf 81' lang='lat' dir='ltr'><strong>chartarum</strong></span> <span class='ocrx_word' id='word_1_203' title='bbox 1244 2537 1590 2592; x_wconf 77' lang='lat' dir='ltr'><strong>confectores</strong></span> <span class='ocrx_word' id='word_1_204' title='bbox 1618 2537 1889 2591; x_wconf 87' lang='lat' dir='ltr'><strong>immunes</strong></span> <span class='ocrx_word' id='word_1_205' title='bbox 1912 2545 2090 2591; x_wconf 86' lang='lat' dir='ltr'><strong>erant.</strong></span> 
     </span>
    </p>
   </div>
   <div class='ocr_carea' id='block_1_26' title="bbox 2761 1296 3171 1351">
    <p class='ocr_par' dir='ltr' id='par_1_26' title="bbox 2761 1296 3171 1351">
     <span class='ocr_line' id='line_1_26' title="bbox 2761 1296 3171 1351; baseline 0 -1"><span class='ocrx_word' id='word_1_206' title='bbox 2761 1297 3008 1351; x_wconf 82' lang='grc' dir='ltr'>ΚΕΦΑΛ.</span> <span class='ocrx_word' id='word_1_207' title='bbox 3047 1296 3171 1350; x_wconf 84' lang='grc' dir='ltr'>ΝΒ’.</span> 
     </span>
    </p>
   </div>
   <div class='ocr_carea' id='block_1_27' title="bbox 2197 1407 3746 1480">
    <p class='ocr_par' dir='ltr' id='par_1_27' title="bbox 2197 1407 3746 1480">
     <span class='ocr_line' id='line_1_27' title="bbox 2197 1407 3746 1480; baseline -0.004 -13"><span class='ocrx_word' id='word_1_208' title='bbox 2197 1411 2258 1467; x_wconf 81' lang='grc' dir='ltr'>Ἡ</span> <span class='ocrx_word' id='word_1_209' title='bbox 2292 1411 2579 1480; x_wconf 76' lang='grc' dir='ltr'>γενομένη</span> <span class='ocrx_word' id='word_1_210' title='bbox 2611 1412 2938 1479; x_wconf 81' lang='grc' dir='ltr'>ἀπαίτησις</span> <span class='ocrx_word' id='word_1_211' title='bbox 2970 1409 3086 1464; x_wconf 76' lang='grc' dir='ltr'>τῶν</span> <span class='ocrx_word' id='word_1_212' title='bbox 3114 1409 3408 1480; x_wconf 75' lang='grc' dir='ltr'>Ιππαρίων</span> <span class='ocrx_word' id='word_1_213' title='bbox 3436 1407 3515 1480; x_wconf 55' lang='grc' dir='ltr'>ἐν</span> <span class='ocrx_word' id='word_1_214' title='bbox 3537 1407 3615 1480; x_wconf 82' lang='grc' dir='ltr'>τῷ</span> <span class='ocrx_word' id='word_1_215' title='bbox 3652 1407 3746 1461; x_wconf 77' lang='grc' dir='ltr'>θέ-</span> 
     </span>
    </p>
   </div>
   <div class='ocr_carea' id='block_1_28' title="bbox 2251 1477 3748 1549">
    <p class='ocr_par' dir='ltr' id='par_1_28' title="bbox 2251 1477 3748 1549">
     <span class='ocr_line' id='line_1_28' title="bbox 2251 1477 3748 1549; baseline -0.001 -15"><span class='ocrx_word' id='word_1_216' title='bbox 2251 1477 2392 1549; x_wconf 74' lang='grc' dir='ltr'>μὰτι</span> <span class='ocrx_word' id='word_1_217' title='bbox 2434 1477 2911 1546; x_wconf 69' lang='grc' dir='ltr'>Πελοποννήσου</span> <span class='ocrx_word' id='word_1_218' title='bbox 2943 1480 3041 1533; x_wconf 80' lang='grc' dir='ltr'>ἐπὶ</span> <span class='ocrx_word' id='word_1_219' title='bbox 3084 1477 3383 1549; x_wconf 83' lang='grc' dir='ltr'>Ῥωμανοῦ</span> <span class='ocrx_word' id='word_1_220' title='bbox 3424 1477 3748 1542; x_wconf 76' lang='grc' dir='ltr'>δεσπότου,</span> 
     </span>
    </p>
   </div>
   <div class='ocr_carea' id='block_1_29' title="bbox 2257 1550 2855 1618">
    <p class='ocr_par' dir='ltr' id='par_1_29' title="bbox 2257 1550 2855 1618">
     <span class='ocr_line' id='line_1_29' title="bbox 2257 1550 2855 1618; baseline 0.003 -16"><span class='ocrx_word' id='word_1_221' title='bbox 2257 1550 2451 1616; x_wconf 70' lang='grc' dir='ltr'>γαθὼς</span> <span class='ocrx_word' id='word_1_222' title='bbox 2488 1551 2855 1618; x_wconf 80' lang='grc' dir='ltr'>προείρηται.</span> 
     </span>
    </p>
   </div>
   <div class='ocr_carea' id='block_1_30' title="bbox 2265 1639 3748 1712">
    <p class='ocr_par' dir='ltr' id='par_1_30' title="bbox 2265 1639 3748 1712">
     <span class='ocr_line' id='line_1_30' title="bbox 2265 1639 3748 1712; baseline -0.001 -19"><span class='ocrx_word' id='word_1_223' title='bbox 2265 1642 2323 1693; x_wconf 86' lang='lat'>&#39;0</span> <span class='ocrx_word' id='word_1_224' title='bbox 2360 1641 2759 1712; x_wconf 80' lang='grc' dir='ltr'>μητροπολίτης</span> <span class='ocrx_word' id='word_1_225' title='bbox 2805 1639 3069 1711; x_wconf 82' lang='grc' dir='ltr'>Κορίνθου</span> <span class='ocrx_word' id='word_1_226' title='bbox 3123 1640 3364 1710; x_wconf 78' lang='grc' dir='ltr'>ίππάρια</span> <span class='ocrx_word' id='word_1_227' title='bbox 3407 1641 3676 1709; x_wconf 80' lang='grc' dir='ltr'>τέσσαρα·</span> <span class='ocrx_word' id='word_1_228' title='bbox 3721 1640 3748 1692; x_wconf 91' lang='lat'>6</span> 
     </span>
    </p>
   </div>
   <div class='ocr_carea' id='block_1_31' title="bbox 2192 1729 3751 1801">
    <p class='ocr_par' dir='ltr' id='par_1_31' title="bbox 2192 1729 3751 1801">
     <span class='ocr_line' id='line_1_31' title="bbox 2192 1729 3751 1801; baseline 0 -19"><span class='ocrx_word' id='word_1_229' title='bbox 2192 1730 2592 1801; x_wconf 85' lang='grc' dir='ltr'>μητροπολὶτης</span> <span class='ocrx_word' id='word_1_230' title='bbox 2633 1731 2863 1798; x_wconf 80' lang='grc' dir='ltr'>Πατρῶν</span> <span class='ocrx_word' id='word_1_231' title='bbox 2894 1731 3130 1801; x_wconf 73' lang='grc' dir='ltr'>ίππάρια</span> <span class='ocrx_word' id='word_1_232' title='bbox 3162 1731 3404 1800; x_wconf 84' lang='grc' dir='ltr'>τέσσαρα</span> <span class='ocrx_word' id='word_1_233' title='bbox 3423 1747 3436 1761; x_wconf 75' lang='lat'><strong>&#39;</strong></span> <span class='ocrx_word' id='word_1_234' title='bbox 3460 1730 3509 1784; x_wconf 83' lang='grc' dir='ltr'>οἱ</span> <span class='ocrx_word' id='word_1_235' title='bbox 3539 1729 3751 1782; x_wconf 75' lang='grc' dir='ltr'>ἐπίσκοο</span> 
     </span>
    </p>
   </div>
   <div class='ocr_carea' id='block_1_32' title="bbox 2190 1820 3750 1892">
    <p class='ocr_par' dir='ltr' id='par_1_32' title="bbox 2190 1820 3750 1892">
     <span class='ocr_line' id='line_1_32' title="bbox 2190 1820 3750 1892; baseline -0.001 -19"><span class='ocrx_word' id='word_1_236' title='bbox 2190 1839 2279 1874; x_wconf 89' lang='grc' dir='ltr'>ποι</span> <span class='ocrx_word' id='word_1_237' title='bbox 2304 1822 2502 1883; x_wconf 73' lang='grc' dir='ltr'>πάντες</span> <span class='ocrx_word' id='word_1_238' title='bbox 2525 1820 2616 1873; x_wconf 80' lang='grc' dir='ltr'>τοῦ</span> <span class='ocrx_word' id='word_1_239' title='bbox 2644 1822 2873 1891; x_wconf 83' lang='grc' dir='ltr'>θέματος</span> <span class='ocrx_word' id='word_1_240' title='bbox 2903 1821 3005 1874; x_wconf 76' lang='grc' dir='ltr'>ἀνὰ</span> <span class='ocrx_word' id='word_1_241' title='bbox 3038 1821 3274 1892; x_wconf 84' lang='grc' dir='ltr'>ίππάρια</span> <span class='ocrx_word' id='word_1_242' title='bbox 3307 1821 3430 1874; x_wconf 87' lang='grc' dir='ltr'>δύο·</span> <span class='ocrx_word' id='word_1_243' title='bbox 3457 1823 3506 1873; x_wconf 88' lang='grc' dir='ltr'>οί</span> <span class='ocrx_word' id='word_1_244' title='bbox 3535 1837 3750 1890; x_wconf 85' lang='grc' dir='ltr'>πρωτο-</span> 
     </span>
    </p>
   </div>
   <div class='ocr_carea' id='block_1_33' title="bbox 2191 1912 3746 1984">
    <p class='ocr_par' dir='ltr' id='par_1_33' title="bbox 2191 1912 3746 1984">
     <span class='ocr_line' id='line_1_33' title="bbox 2191 1912 3746 1984; baseline -0.001 -19"><span class='ocrx_word' id='word_1_245' title='bbox 2191 1913 2480 1982; x_wconf 84' lang='grc' dir='ltr'>σπαθὰριοι</span> <span class='ocrx_word' id='word_1_246' title='bbox 2510 1913 2610 1966; x_wconf 71' lang='grc' dir='ltr'>ἀνὰ</span> <span class='ocrx_word' id='word_1_247' title='bbox 2649 1914 2886 1982; x_wconf 81' lang='grc' dir='ltr'>ἱππάρια</span> <span class='ocrx_word' id='word_1_248' title='bbox 2919 1913 3044 1982; x_wconf 83' lang='grc' dir='ltr'>τρία</span> <span class='ocrx_word' id='word_1_249' title='bbox 3065 1928 3078 1941; x_wconf 81' lang='lat'><strong><em>°</em></strong></span> <span class='ocrx_word' id='word_1_250' title='bbox 3109 1913 3159 1966; x_wconf 88' lang='grc' dir='ltr'>οί</span> <span class='ocrx_word' id='word_1_251' title='bbox 3190 1912 3746 1984; x_wconf 82' lang='grc' dir='ltr'>σπαθαροκανδιδᾶτοι</span> 
     </span>
    </p>
   </div>
   <div class='ocr_carea' id='block_1_34' title="bbox 2189 2002 3752 2073">
    <p class='ocr_par' dir='ltr' id='par_1_34' title="bbox 2189 2002 3752 2073">
     <span class='ocr_line' id='line_1_34' title="bbox 2189 2002 3752 2073; baseline -0.001 -17"><span class='ocrx_word' id='word_1_252' title='bbox 2189 2004 2291 2056; x_wconf 81' lang='grc' dir='ltr'>ἀνᾶ</span> <span class='ocrx_word' id='word_1_253' title='bbox 2325 2003 2561 2071; x_wconf 83' lang='grc' dir='ltr'>ίππάρια</span> <span class='ocrx_word' id='word_1_254' title='bbox 2609 2003 2736 2055; x_wconf 81' lang='grc' dir='ltr'>δύο⁸</span> <span class='ocrx_word' id='word_1_255' title='bbox 2770 2004 2818 2055; x_wconf 85' lang='grc' dir='ltr'>οἱ</span> <span class='ocrx_word' id='word_1_256' title='bbox 2851 2002 3164 2073; x_wconf 84' lang='grc' dir='ltr'>σπαθάριοι,</span> <span class='ocrx_word' id='word_1_257' title='bbox 3215 2004 3261 2055; x_wconf 80' lang='grc' dir='ltr'>οἱ</span> <span class='ocrx_word' id='word_1_258' title='bbox 3303 2002 3596 2072; x_wconf 80' lang='grc' dir='ltr'>στράτορες</span> <span class='ocrx_word' id='word_1_259' title='bbox 3649 2002 3752 2055; x_wconf 70' lang='grc' dir='ltr'>ἀνὰ</span> 
     </span>
    </p>
   </div>
   <div class='ocr_carea' id='block_1_35' title="bbox 2193 2092 3753 2164">
    <p class='ocr_par' dir='ltr' id='par_1_35' title="bbox 2193 2092 3753 2164">
     <span class='ocr_line' id='line_1_35' title="bbox 2193 2092 3753 2164; baseline 0.002 -20"><span class='ocrx_word' id='word_1_260' title='bbox 2193 2093 2452 2164; x_wconf 83' lang='grc' dir='ltr'>ἱππαρίου</span> <span class='ocrx_word' id='word_1_261' title='bbox 2512 2093 2629 2156; x_wconf 80' lang='grc' dir='ltr'>ὲνύς</span> <span class='ocrx_word' id='word_1_262' title='bbox 2651 2109 2664 2124; x_wconf 90' lang='grc'><strong>·</strong></span> <span class='ocrx_word' id='word_1_263' title='bbox 2695 2093 2762 2146; x_wconf 81' lang='grc' dir='ltr'>τὰ</span> <span class='ocrx_word' id='word_1_264' title='bbox 2788 2093 3040 2162; x_wconf 75' lang='grc' dir='ltr'>βασιλικὰ</span> <span class='ocrx_word' id='word_1_265' title='bbox 3069 2093 3162 2146; x_wconf 77' lang='grc' dir='ltr'>καὶ</span> <span class='ocrx_word' id='word_1_266' title='bbox 3188 2092 3565 2164; x_wconf 75' lang='grc' dir='ltr'>πατριαρχικὰ</span> <span class='ocrx_word' id='word_1_267' title='bbox 3592 2109 3753 2161; x_wconf 85' lang='grc' dir='ltr'>μονα-</span> 
     </span>
    </p>
   </div>
   <div class='ocr_carea' id='block_1_36' title="bbox 2193 2183 3750 2254">
    <p class='ocr_par' dir='ltr' id='par_1_36' title="bbox 2193 2183 3750 2254">
     <span class='ocr_line' id='line_1_36' title="bbox 2193 2183 3750 2254; baseline -0.001 -18"><span class='ocrx_word' id='word_1_268' title='bbox 2193 2184 2392 2254; x_wconf 84' lang='grc' dir='ltr'>στήρια</span> <span class='ocrx_word' id='word_1_269' title='bbox 2441 2184 2544 2236; x_wconf 80' lang='grc' dir='ltr'>ἀνὰ</span> <span class='ocrx_word' id='word_1_270' title='bbox 2594 2185 2830 2253; x_wconf 82' lang='grc' dir='ltr'>ἱππάρια</span> <span class='ocrx_word' id='word_1_271' title='bbox 2858 2183 2982 2237; x_wconf 76' lang='grc' dir='ltr'>δύοο</span> <span class='ocrx_word' id='word_1_272' title='bbox 3031 2183 3103 2237; x_wconf 83' lang='grc' dir='ltr'>τὰ</span> <span class='ocrx_word' id='word_1_273' title='bbox 3148 2184 3258 2237; x_wconf 92' lang='grc' dir='ltr'>τῶν</span> <span class='ocrx_word' id='word_1_274' title='bbox 3289 2184 3750 2254; x_wconf 75' lang='grc' dir='ltr'>ἀρχιεπισκόπων,</span> 
     </span>
    </p>
   </div>
   <div class='ocr_carea' id='block_1_37' title="bbox 2195 2274 3751 2346">
    <p class='ocr_par' dir='ltr' id='par_1_37' title="bbox 2195 2274 3751 2346">
     <span class='ocr_line' id='line_1_37' title="bbox 2195 2274 3751 2346; baseline 0.003 -21"><span class='ocrx_word' id='word_1_275' title='bbox 2195 2274 2576 2344; x_wconf 74' lang='grc' dir='ltr'>μητροπόλεων</span> <span class='ocrx_word' id='word_1_276' title='bbox 2601 2275 2694 2327; x_wconf 68' lang='grc' dir='ltr'>καὶ</span> <span class='ocrx_word' id='word_1_277' title='bbox 2725 2275 3038 2327; x_wconf 69' lang='grc' dir='ltr'>ἐπισκόπων</span> <span class='ocrx_word' id='word_1_278' title='bbox 3079 2276 3417 2346; x_wconf 78' lang='grc' dir='ltr'>μοναστὴρια</span> <span class='ocrx_word' id='word_1_279' title='bbox 3446 2275 3546 2328; x_wconf 81' lang='grc' dir='ltr'>ἀνὰ</span> <span class='ocrx_word' id='word_1_280' title='bbox 3578 2276 3751 2330; x_wconf 74' lang='grc' dir='ltr'>ἱππά-</span> 
     </span>
    </p>
   </div>
   <div class='ocr_carea' id='block_1_38' title="bbox 2196 2363 3748 2438">
    <p class='ocr_par' dir='ltr' id='par_1_38' title="bbox 2196 2363 3748 2438">
     <span class='ocr_line' id='line_1_38' title="bbox 2196 2363 3748 2438; baseline 0.004 -22"><span class='ocrx_word' id='word_1_281' title='bbox 2196 2382 2286 2433; x_wconf 91' lang='grc' dir='ltr'>ρια</span> <span class='ocrx_word' id='word_1_282' title='bbox 2313 2363 2436 2418; x_wconf 74' lang='grc' dir='ltr'>δύοο</span> <span class='ocrx_word' id='word_1_283' title='bbox 2461 2366 2528 2418; x_wconf 74' lang='grc' dir='ltr'>τὰ</span> <span class='ocrx_word' id='word_1_284' title='bbox 2552 2365 2732 2435; x_wconf 84' lang='grc' dir='ltr'>ἄπορα</span> <span class='ocrx_word' id='word_1_285' title='bbox 2764 2366 3105 2434; x_wconf 82' lang='grc' dir='ltr'>μοναστήρια</span> <span class='ocrx_word' id='word_1_286' title='bbox 3137 2369 3232 2419; x_wconf 84' lang='grc' dir='ltr'>σὺν</span> <span class='ocrx_word' id='word_1_287' title='bbox 3262 2366 3355 2420; x_wconf 90' lang='grc' dir='ltr'>δύο</span> <span class='ocrx_word' id='word_1_288' title='bbox 3383 2367 3636 2438; x_wconf 82' lang='grc' dir='ltr'>ίππάριον</span> <span class='ocrx_word' id='word_1_289' title='bbox 3666 2367 3748 2422; x_wconf 67' lang='grc' dir='ltr'>ἓν.</span> 
     </span>
    </p>
   </div>
   <div class='ocr_carea' id='block_1_39' title="bbox 2194 2455 3754 2528">
    <p class='ocr_par' dir='ltr' id='par_1_39' title="bbox 2194 2455 3754 2528">
     <span class='ocr_line' id='line_1_39' title="bbox 2194 2455 3754 2528; baseline 0.002 -19"><span class='ocrx_word' id='word_1_290' title='bbox 2194 2457 2255 2509; x_wconf 82' lang='lat' dir='ltr'><strong>Ol</strong></span> <span class='ocrx_word' id='word_1_291' title='bbox 2287 2456 2342 2508; x_wconf 84' lang='grc' dir='ltr'>δὲ</span> <span class='ocrx_word' id='word_1_292' title='bbox 2377 2455 2589 2526; x_wconf 73' lang='grc' dir='ltr'>ἔχοντες</span> <span class='ocrx_word' id='word_1_293' title='bbox 2623 2455 2876 2525; x_wconf 63' lang='grc' dir='ltr'>βασιλικὰ</span> <span class='ocrx_word' id='word_1_294' title='bbox 2927 2456 3234 2528; x_wconf 80' lang='grc' dir='ltr'>ἀξιώματα,</span> <span class='ocrx_word' id='word_1_295' title='bbox 3263 2457 3517 2526; x_wconf 85' lang='grc' dir='ltr'>πλώϊμοι,</span> <span class='ocrx_word' id='word_1_296' title='bbox 3557 2475 3754 2528; x_wconf 87' lang='grc' dir='ltr'>κογχυ-</span> 
     </span>
    </p>
   </div>
   <div class='ocr_carea' id='block_1_40' title="bbox 2194 2547 3752 2621">
    <p class='ocr_par' dir='ltr' id='par_1_40' title="bbox 2194 2547 3752 2621">
     <span class='ocr_line' id='line_1_40' title="bbox 2194 2547 3752 2621; baseline 0.003 -22"><span class='ocrx_word' id='word_1_297' title='bbox 2194 2547 2378 2600; x_wconf 72' lang='grc' dir='ltr'>λευταὶ</span> <span class='ocrx_word' id='word_1_298' title='bbox 2429 2548 2566 2618; x_wconf 82' lang='grc'>(55),</span> <span class='ocrx_word' id='word_1_299' title='bbox 2620 2549 2972 2617; x_wconf 73' lang='grc' dir='ltr'>χαρτοποιοὶ,</span> <span class='ocrx_word' id='word_1_300' title='bbox 3035 2549 3270 2621; x_wconf 81' lang='grc' dir='ltr'>ίππὰρια</span> <span class='ocrx_word' id='word_1_301' title='bbox 3328 2550 3389 2602; x_wconf 82' lang='grc' dir='ltr'>ού</span> <span class='ocrx_word' id='word_1_302' title='bbox 3439 2549 3752 2604; x_wconf 83' lang='grc' dir='ltr'>δεδώκασιν.</span> 
     </span>
    </p>
   </div>
   <div class='ocr_carea' id='block_1_41' title="bbox 528 2628 2096 2710">
    <p class='ocr_par' dir='ltr' id='par_1_41' title="bbox 528 2628 2090 2699">
     <span class='ocr_line' id='line_1_41' title="bbox 528 2628 2090 2699; baseline -0.009 -7"><span class='ocrx_word' id='word_1_303' title='bbox 528 2637 798 2692; x_wconf 83' lang='lat' dir='ltr'><strong>Praeterea</strong></span> <span class='ocrx_word' id='word_1_304' title='bbox 854 2647 1045 2688; x_wconf 86' lang='lat' dir='ltr'><strong>omnes</strong></span> <span class='ocrx_word' id='word_1_305' title='bbox 1101 2629 1460 2699; x_wconf 83' lang='lat' dir='ltr'><strong>PeIOponnesi</strong></span> <span class='ocrx_word' id='word_1_306' title='bbox 1515 2628 1716 2682; x_wconf 83' lang='lat' dir='ltr'><strong>milites</strong></span> <span class='ocrx_word' id='word_1_307' title='bbox 1765 2628 2090 2681; x_wconf 85' lang='lat' dir='ltr'><strong>nomismata</strong></span> 
     </span>
    </p>
   </div>
   <div class='ocr_carea' id='block_1_42' title="bbox 2198 2628 3753 2710">
    <p class='ocr_par' dir='ltr' id='par_1_42' title="bbox 2207 2639 3753 2710">
     <span class='ocr_line' id='line_1_42' title="bbox 2207 2639 3753 2710; baseline 0.001 -20"><span class='ocrx_word' id='word_1_308' title='bbox 2207 2639 2400 2690; x_wconf 81' lang='grc' dir='ltr'>’ἰστέον</span> <span class='ocrx_word' id='word_1_309' title='bbox 2429 2639 2508 2691; x_wconf 83' lang='grc' dir='ltr'>ὅτι</span> <span class='ocrx_word' id='word_1_310' title='bbox 2536 2639 2625 2692; x_wconf 65' lang='grc' dir='ltr'>καὶ</span> <span class='ocrx_word' id='word_1_311' title='bbox 2656 2640 2762 2702; x_wconf 79' lang='grc' dir='ltr'>πᾶς</span> <span class='ocrx_word' id='word_1_312' title='bbox 2789 2641 2816 2692; x_wconf 84' lang='lat'>6</span> <span class='ocrx_word' id='word_1_313' title='bbox 2842 2640 3071 2708; x_wconf 83' lang='grc' dir='ltr'>στρατὸς</span> <span class='ocrx_word' id='word_1_314' title='bbox 3110 2640 3515 2710; x_wconf 83' lang='grc' dir='ltr'>Πελοποννήσου</span> <span class='ocrx_word' id='word_1_315' title='bbox 3540 2641 3753 2710; x_wconf 73' lang='grc' dir='ltr'>ἀπῃτη-</span> 
     </span>
    </p>
   </div>
   <div class='ocr_carea' id='block_1_43' title="bbox 533 2717 2092 2797">
    <p class='ocr_par' dir='ltr' id='par_1_43' title="bbox 533 2717 2092 2797">
     <span class='ocr_line' id='line_1_43' title="bbox 533 2717 2092 2797; baseline -0.008 -15"><span class='ocrx_word' id='word_1_316' title='bbox 533 2729 774 2797; x_wconf 85' lang='lat' dir='ltr'><strong>quinque</strong></span> <span class='ocrx_word' id='word_1_317' title='bbox 811 2738 907 2795; x_wconf 91' lang='lat' dir='ltr'>pro</span> <span class='ocrx_word' id='word_1_318' title='bbox 962 2721 1307 2777; x_wconf 88' lang='lat' dir='ltr'><strong>immunitate</strong></span> <span class='ocrx_word' id='word_1_319' title='bbox 1340 2735 1369 2774; x_wconf 88' lang='lat' dir='ltr'>a</span> <span class='ocrx_word' id='word_1_320' title='bbox 1417 2719 1610 2773; x_wconf 87' lang='lat' dir='ltr'><strong>militia</strong></span> <span class='ocrx_word' id='word_1_321' title='bbox 1662 2717 1982 2784; x_wconf 82' lang='lat' dir='ltr'><strong>solvebant;</strong></span> <span class='ocrx_word' id='word_1_322' title='bbox 2037 2725 2092 2769; x_wconf 90' lang='lat' dir='ltr'>at</span> 
     </span>
    </p>
   </div>
   <div class='ocr_carea' id='block_1_44' title="bbox 534 2809 2092 2889">
    <p class='ocr_par' dir='ltr' id='par_1_44' title="bbox 534 2809 2092 2889">
     <span class='ocr_line' id='line_1_44' title="bbox 534 2809 2092 2889; baseline -0.008 -15"><span class='ocrx_word' id='word_1_323' title='bbox 534 2820 626 2888; x_wconf 89' lang='lat' dir='ltr'>qui</span> <span class='ocrx_word' id='word_1_324' title='bbox 659 2817 1012 2889; x_wconf 85' lang='lat' dir='ltr'><strong>pauperiores</strong></span> <span class='ocrx_word' id='word_1_325' title='bbox 1047 2813 1293 2876; x_wconf 88' lang='lat' dir='ltr'><strong>omnino,</strong></span> <span class='ocrx_word' id='word_1_326' title='bbox 1331 2811 1442 2866; x_wconf 91' lang='lat' dir='ltr'><strong>bini</strong></span> <span class='ocrx_word' id='word_1_327' title='bbox 1491 2811 1822 2865; x_wconf 71' lang='lat' dir='ltr'><strong>nomismata</strong></span> <span class='ocrx_word' id='word_1_328' title='bbox 1855 2809 2092 2877; x_wconf 88' lang='lat' dir='ltr'><strong>quinque</strong></span> 
     </span>
    </p>
   </div>
   <div class='ocr_carea' id='block_1_45' title="bbox 532 2899 2093 2980">
    <p class='ocr_par' dir='ltr' id='par_1_45' title="bbox 532 2899 2093 2980">
     <span class='ocr_line' id='line_1_45' title="bbox 532 2899 2093 2980; baseline -0.008 -16"><span class='ocrx_word' id='word_1_329' title='bbox 532 2909 862 2980; x_wconf 81' lang='lat' dir='ltr'><strong>pendebant.</strong></span> <span class='ocrx_word' id='word_1_330' title='bbox 899 2905 1053 2961; x_wconf 78' lang='lat' dir='ltr'><strong>Unde</strong></span> <span class='ocrx_word' id='word_1_331' title='bbox 1081 2902 1329 2960; x_wconf 85' lang='lat' dir='ltr'><strong>constitit</strong></span> <span class='ocrx_word' id='word_1_332' title='bbox 1367 2901 1520 2968; x_wconf 87' lang='lat' dir='ltr'><strong>illud,</strong></span> <span class='ocrx_word' id='word_1_333' title='bbox 1569 2900 1636 2956; x_wconf 91' lang='lat' dir='ltr'>de</span> <span class='ocrx_word' id='word_1_334' title='bbox 1666 2915 1775 2971; x_wconf 91' lang='lat' dir='ltr'>quo</span> <span class='ocrx_word' id='word_1_335' title='bbox 1812 2899 1945 2966; x_wconf 83' lang='lat' dir='ltr'><strong>dixi,</strong></span> <span class='ocrx_word' id='word_1_336' title='bbox 1979 2913 2093 2952; x_wconf 83' lang='lat' dir='ltr'><strong>mo-</strong></span> 
     </span>
    </p>
   </div>
   <div class='ocr_carea' id='block_1_46' title="bbox 534 2997 1508 3077">
    <p class='ocr_par' dir='ltr' id='par_1_46' title="bbox 534 2997 1508 3077">
     <span class='ocr_line' id='line_1_46' title="bbox 534 2997 1508 3077; baseline -0.01 -21"><span class='ocrx_word' id='word_1_337' title='bbox 534 3011 673 3056; x_wconf 74' lang='lat' dir='ltr'><strong>neue</strong></span> <span class='ocrx_word' id='word_1_338' title='bbox 705 2997 1081 3055; x_wconf 85' lang='lat' dir='ltr'><strong>centenarium</strong></span> <span class='ocrx_word' id='word_1_339' title='bbox 1117 3011 1306 3050; x_wconf 90' lang='lat' dir='ltr'><strong>unum.</strong></span> <span class='ocrx_word' id='word_1_340' title='bbox 1506 3074 1508 3077; x_wconf 15' lang='grc' dir='ltr'><strong>λ</strong></span> 
     </span>
    </p>
   </div>
   <div class='ocr_carea' id='block_1_47' title="bbox 1115 3083 1512 3141">
    <p class='ocr_par' dir='ltr' id='par_1_47' title="bbox 1115 3083 1512 3141">
     <span class='ocr_line' id='line_1_47' title="bbox 1115 3083 1512 3141; baseline -0.008 0"><span class='ocrx_word' id='word_1_341' title='bbox 1115 3083 1341 3141; x_wconf 79' lang='lat' dir='ltr'>CAPUT</span> <span class='ocrx_word' id='word_1_342' title='bbox 1381 3084 1512 3138; x_wconf 86' lang='lat' dir='ltr'><strong>Llll.</strong></span> 
     </span>
    </p>
   </div>
   <div class='ocr_carea' id='block_1_48' title="bbox 884 3195 1742 3253">
    <p class='ocr_par' dir='ltr' id='par_1_48' title="bbox 884 3195 1742 3253">
     <span class='ocr_line' id='line_1_48' title="bbox 884 3195 1742 3253; baseline -0.003 -1"><span class='ocrx_word' id='word_1_343' title='bbox 884 3199 960 3253; x_wconf 86' lang='lat' dir='ltr'><strong>De</strong></span> <span class='ocrx_word' id='word_1_344' title='bbox 986 3206 1160 3252; x_wconf 80' lang='lat' dir='ltr'><strong>castra</strong></span> <span class='ocrx_word' id='word_1_345' title='bbox 1183 3195 1472 3250; x_wconf 76' lang='lat' dir='ltr'><strong>Chersonis</strong></span> <span class='ocrx_word' id='word_1_346' title='bbox 1499 3195 1742 3250; x_wconf 75' lang='lat' dir='ltr'><strong>historia.</strong></span> 
     </span>
    </p>
   </div>
   <div class='ocr_carea' id='block_1_49' title="bbox 604 3285 2096 3364">
    <p class='ocr_par' dir='ltr' id='par_1_49' title="bbox 604 3285 2096 3364">
     <span class='ocr_line' id='line_1_49' title="bbox 604 3285 2096 3364; baseline -0.006 -15"><span class='ocrx_word' id='word_1_347' title='bbox 604 3297 912 3364; x_wconf 76' lang='lat' dir='ltr'><strong>imperante</strong></span> <span class='ocrx_word' id='word_1_348' title='bbox 941 3290 1126 3344; x_wconf 66' lang='lat' dir='ltr'><strong>Romae</strong></span> <span class='ocrx_word' id='word_1_349' title='bbox 1157 3287 1518 3350; x_wconf 82' lang='lat' dir='ltr'><strong>Diocletiano,</strong></span> <span class='ocrx_word' id='word_1_350' title='bbox 1548 3287 1690 3357; x_wconf 87' lang='lat' dir='ltr'><strong>apud</strong></span> <span class='ocrx_word' id='word_1_351' title='bbox 1739 3285 2096 3341; x_wconf 83' lang='lat' dir='ltr'><strong>Chersonitas</strong></span> 
     </span>
    </p>
   </div>
   <div class='ocr_carea' id='block_1_50' title="bbox 533 3375 2095 3455">
    <p class='ocr_par' dir='ltr' id='par_1_50' title="bbox 533 3375 2095 3455">
     <span class='ocr_line' id='line_1_50' title="bbox 533 3375 2095 3455; baseline -0.006 -17"><span class='ocrx_word' id='word_1_352' title='bbox 533 3401 662 3442; x_wconf 73' lang='lat' dir='ltr'><strong>vero</strong></span> <span class='ocrx_word' id='word_1_353' title='bbox 706 3384 954 3455; x_wconf 83' lang='lat' dir='ltr'><strong>principe</strong></span> <span class='ocrx_word' id='word_1_354' title='bbox 1004 3395 1068 3435; x_wconf 84' lang='lat' dir='ltr'>ac</span> <span class='ocrx_word' id='word_1_355' title='bbox 1115 3387 1436 3448; x_wconf 82' lang='lat' dir='ltr'><strong>proteuonte</strong></span> <span class='ocrx_word' id='word_1_356' title='bbox 1483 3377 1786 3440; x_wconf 89' lang='lat' dir='ltr'><strong>Themisto,</strong></span> <span class='ocrx_word' id='word_1_357' title='bbox 1832 3375 2095 3431; x_wconf 84' lang='lat' dir='ltr'><strong>Themisti</strong></span> 
     </span>
    </p>
   </div>
   <div class='ocr_carea' id='block_1_51' title="bbox 533 3465 2094 3535">
    <p class='ocr_par' dir='ltr' id='par_1_51' title="bbox 533 3465 2094 3535">
     <span class='ocr_line' id='line_1_51' title="bbox 533 3465 2094 3535; baseline -0.005 -5"><span class='ocrx_word' id='word_1_358' title='bbox 533 3482 870 3530; x_wconf 67' lang='lat' dir='ltr'><strong>Sauromatae</strong></span> <span class='ocrx_word' id='word_1_359' title='bbox 915 3472 1051 3535; x_wconf 83' lang='lat' dir='ltr'><strong>ﬁlio,</strong></span> <span class='ocrx_word' id='word_1_360' title='bbox 1103 3470 1329 3524; x_wconf 87' lang='lat' dir='ltr'><strong>Criscon</strong></span> <span class='ocrx_word' id='word_1_361' title='bbox 1380 3468 1750 3533; x_wconf 85' lang='lat' dir='ltr'><strong>Bosporianus</strong></span> <span class='ocrx_word' id='word_1_362' title='bbox 1799 3465 1888 3521; x_wconf 92' lang='lat' dir='ltr'><strong>Ori</strong></span> <span class='ocrx_word' id='word_1_363' title='bbox 1930 3466 2094 3534; x_wconf 80' lang='lat' dir='ltr'><strong>ﬁlius,</strong></span> 
     </span>
    </p>
   </div>
   <div class='ocr_carea' id='block_1_52' title="bbox 535 3557 2095 3627">
    <p class='ocr_par' dir='ltr' id='par_1_52' title="bbox 535 3557 2095 3627">
     <span class='ocr_line' id='line_1_52' title="bbox 535 3557 2095 3627; baseline -0.005 -7"><span class='ocrx_word' id='word_1_364' title='bbox 535 3567 761 3621; x_wconf 74' lang='lat' dir='ltr'><strong>collecta</strong></span> <span class='ocrx_word' id='word_1_365' title='bbox 794 3563 1170 3617; x_wconf 84' lang='lat' dir='ltr'><strong>Sarmatarum</strong></span> <span class='ocrx_word' id='word_1_366' title='bbox 1207 3560 1274 3613; x_wconf 85' lang='lat' dir='ltr'>ad</span> <span class='ocrx_word' id='word_1_367' title='bbox 1315 3559 1611 3619; x_wconf 56' lang='lat' dir='ltr'><strong>Maoticam</strong></span> <span class='ocrx_word' id='word_1_368' title='bbox 1659 3558 1908 3627; x_wconf 89' lang='lat' dir='ltr'><strong>paludem</strong></span> <span class='ocrx_word' id='word_1_369' title='bbox 1939 3557 2095 3615; x_wconf 82' lang='lat' dir='ltr'><strong>habi-</strong></span> 
     </span>
    </p>
   </div>
   <div class='ocr_carea' id='block_1_53' title="bbox 537 3648 2094 3718">
    <p class='ocr_par' dir='ltr' id='par_1_53' title="bbox 537 3648 2094 3718">
     <span class='ocr_line' id='line_1_53' title="bbox 537 3648 2094 3718; baseline -0.006 -6"><span class='ocrx_word' id='word_1_370' title='bbox 537 3658 770 3712; x_wconf 90' lang='lat' dir='ltr'><strong>tantium</strong></span> <span class='ocrx_word' id='word_1_371' title='bbox 823 3668 1009 3718; x_wconf 88' lang='lat' dir='ltr'><strong>manu,</strong></span> <span class='ocrx_word' id='word_1_372' title='bbox 1040 3650 1304 3704; x_wconf 85' lang='lat' dir='ltr'><strong>adversus</strong></span> <span class='ocrx_word' id='word_1_373' title='bbox 1363 3648 1638 3703; x_wconf 79' lang='lat' dir='ltr'><strong>Romanos</strong></span> <span class='ocrx_word' id='word_1_374' title='bbox 1692 3662 1842 3702; x_wconf 87' lang='lat' dir='ltr'><strong>arma</strong></span> <span class='ocrx_word' id='word_1_375' title='bbox 1892 3649 2094 3714; x_wconf 86' lang='lat' dir='ltr'><strong>movit,</strong></span> 
     </span>
    </p>
   </div>
   <div class='ocr_carea' id='block_1_54' title="bbox 538 3741 2094 3819">
    <p class='ocr_par' dir='ltr' id='par_1_54' title="bbox 538 3741 2094 3819">
     <span class='ocr_line' id='line_1_54' title="bbox 538 3741 2094 3819; baseline -0.006 -15"><span class='ocrx_word' id='word_1_376' title='bbox 538 3763 772 3819; x_wconf 87' lang='lat' dir='ltr'><strong>eumque</strong></span> <span class='ocrx_word' id='word_1_377' title='bbox 803 3746 869 3800; x_wconf 93' lang='lat' dir='ltr'>ad</span> <span class='ocrx_word' id='word_1_378' title='bbox 911 3745 1175 3796; x_wconf 84' lang='lat' dir='ltr'><strong>Lazorum</strong></span> <span class='ocrx_word' id='word_1_379' title='bbox 1217 3750 1416 3796; x_wconf 88' lang='lat' dir='ltr'><strong>terram</strong></span> <span class='ocrx_word' id='word_1_380' title='bbox 1445 3741 1807 3810; x_wconf 78' lang='lat' dir='ltr'><strong>pervenisset,</strong></span> <span class='ocrx_word' id='word_1_381' title='bbox 1837 3741 1980 3795; x_wconf 87' lang='lat' dir='ltr'><strong>bello</strong></span> <span class='ocrx_word' id='word_1_382' title='bbox 2007 3742 2094 3796; x_wconf 86' lang='lat' dir='ltr'><strong>in-</strong></span> 
     </span>
    </p>
   </div>
   <div class='ocr_carea' id='block_1_55' title="bbox 539 3829 2095 3900">
    <p class='ocr_par' dir='ltr' id='par_1_55' title="bbox 539 3829 2095 3900">
     <span class='ocr_line' id='line_1_55' title="bbox 539 3829 2095 3900; baseline -0.004 -8"><span class='ocrx_word' id='word_1_383' title='bbox 539 3839 750 3894; x_wconf 81' lang='lat' dir='ltr'><strong>festatis</strong></span> <span class='ocrx_word' id='word_1_384' title='bbox 783 3833 978 3890; x_wconf 80' lang='lat' dir='ltr'><strong>incolis</strong></span> <span class='ocrx_word' id='word_1_385' title='bbox 1012 3831 1080 3885; x_wconf 89' lang='lat' dir='ltr'>ad</span> <span class='ocrx_word' id='word_1_386' title='bbox 1121 3829 1291 3900; x_wconf 81' lang='lat' dir='ltr'><strong>llalyn</strong></span> <span class='ocrx_word' id='word_1_387' title='bbox 1325 3846 1496 3899; x_wconf 87' lang='lat' dir='ltr'><strong>usque</strong></span> <span class='ocrx_word' id='word_1_388' title='bbox 1538 3829 1732 3884; x_wconf 83' lang='lat' dir='ltr'><strong>ﬂumen</strong></span> <span class='ocrx_word' id='word_1_389' title='bbox 1773 3846 2095 3900; x_wconf 78' lang='lat' dir='ltr'><strong>prOgressus</strong></span> 
     </span>
    </p>
   </div>
   <div class='ocr_carea' id='block_1_56' title="bbox 2193 2728 3757 2800">
    <p class='ocr_par' dir='ltr' id='par_1_56' title="bbox 2193 2728 3757 2800">
     <span class='ocr_line' id='line_1_56' title="bbox 2193 2728 3757 2800; baseline 0.001 -20"><span class='ocrx_word' id='word_1_390' title='bbox 2193 2729 2362 2798; x_wconf 83' lang='grc' dir='ltr'>θησαν</span> <span class='ocrx_word' id='word_1_391' title='bbox 2394 2729 2532 2800; x_wconf 78' lang='grc' dir='ltr'>ὑπὲρ</span> <span class='ocrx_word' id='word_1_392' title='bbox 2557 2729 2710 2782; x_wconf 80' lang='grc' dir='ltr'>τοῦδε</span> <span class='ocrx_word' id='word_1_393' title='bbox 2735 2728 2826 2782; x_wconf 83' lang='grc' dir='ltr'>τοῦ</span> <span class='ocrx_word' id='word_1_394' title='bbox 2857 2730 3093 2794; x_wconf 82' lang='grc' dir='ltr'>ταξιδίου</span> <span class='ocrx_word' id='word_1_395' title='bbox 3119 2731 3221 2784; x_wconf 75' lang='grc' dir='ltr'>ἀνὰ</span> <span class='ocrx_word' id='word_1_396' title='bbox 3258 2749 3295 2784; x_wconf 89' lang='grc' dir='ltr'>ιι</span> <span class='ocrx_word' id='word_1_397' title='bbox 3327 2738 3366 2782; x_wconf 85' lang='grc' dir='ltr'>ε’</span> <span class='ocrx_word' id='word_1_398' title='bbox 3391 2747 3404 2761; x_wconf 77' lang='grc' dir='ltr'><strong>ο</strong></span> <span class='ocrx_word' id='word_1_399' title='bbox 3458 2733 3506 2782; x_wconf 84' lang='grc' dir='ltr'>οἱ</span> <span class='ocrx_word' id='word_1_400' title='bbox 3539 2730 3594 2783; x_wconf 82' lang='grc' dir='ltr'>δὲ</span> <span class='ocrx_word' id='word_1_401' title='bbox 3622 2747 3757 2782; x_wconf 74' lang='grc' dir='ltr'>παν-</span> 
     </span>
    </p>
   </div>
   <div class='ocr_carea' id='block_1_57' title="bbox 2191 2811 3751 2892">
    <p class='ocr_par' dir='ltr' id='par_1_57' title="bbox 2191 2811 3751 2892">
     <span class='ocr_line' id='line_1_57' title="bbox 2191 2811 3751 2892; baseline 0.003 -22"><span class='ocrx_word' id='word_1_402' title='bbox 2191 2819 2360 2882; x_wconf 82' lang='grc' dir='ltr'>τελῶς</span> <span class='ocrx_word' id='word_1_403' title='bbox 2394 2820 2608 2890; x_wconf 85' lang='grc' dir='ltr'>ἄποροι,</span> <span class='ocrx_word' id='word_1_404' title='bbox 2663 2823 2757 2875; x_wconf 75' lang='grc' dir='ltr'>σὺν</span> <span class='ocrx_word' id='word_1_405' title='bbox 2791 2822 2887 2875; x_wconf 82' lang='grc' dir='ltr'>δύο</span> <span class='ocrx_word' id='word_1_406' title='bbox 2941 2841 2978 2875; x_wconf 88' lang='grc' dir='ltr'>ιι</span> <span class='ocrx_word' id='word_1_407' title='bbox 3024 2822 3089 2876; x_wconf 87' lang='grc' dir='ltr'>ε’.</span> <span class='ocrx_word' id='word_1_408' title='bbox 3137 2811 3228 2886; x_wconf 75' lang='grc' dir='ltr'>Ἐξ</span> <span class='ocrx_word' id='word_1_409' title='bbox 3255 2816 3330 2876; x_wconf 85' lang='grc' dir='ltr'>ὧν</span> <span class='ocrx_word' id='word_1_410' title='bbox 3374 2823 3605 2892; x_wconf 81' lang='grc' dir='ltr'>συνέστη</span> <span class='ocrx_word' id='word_1_411' title='bbox 3658 2825 3751 2876; x_wconf 75' lang='grc' dir='ltr'>καὶ</span> 
     </span>
    </p>
   </div>
   <div class='ocr_carea' id='block_1_58' title="bbox 2193 2911 3748 2984">
    <p class='ocr_par' dir='ltr' id='par_1_58' title="bbox 2193 2911 3748 2984">
     <span class='ocr_line' id='line_1_58' title="bbox 2193 2911 3748 2984; baseline 0.002 -22"><span class='ocrx_word' id='word_1_412' title='bbox 2193 2911 2253 2962; x_wconf 76' lang='grc' dir='ltr'>τὸ</span> <span class='ocrx_word' id='word_1_413' title='bbox 2283 2911 2594 2982; x_wconf 70' lang='grc' dir='ltr'>προρρηθὲν</span> <span class='ocrx_word' id='word_1_414' title='bbox 2631 2913 2720 2966; x_wconf 78' lang='grc' dir='ltr'>διὰ</span> <span class='ocrx_word' id='word_1_415' title='bbox 2750 2913 3105 2984; x_wconf 83' lang='grc' dir='ltr'>χαράγματος</span> <span class='ocrx_word' id='word_1_416' title='bbox 3142 2912 3252 2984; x_wconf 86' lang='grc'>(56)</span> <span class='ocrx_word' id='word_1_417' title='bbox 3285 2914 3635 2982; x_wconf 85' lang='grc' dir='ltr'>κεντηνάριον</span> <span class='ocrx_word' id='word_1_418' title='bbox 3668 2913 3748 2965; x_wconf 79' lang='grc' dir='ltr'>ἓν.</span> 
     </span>
    </p>
   </div>
   <div class='ocr_carea' id='block_1_59' title="bbox 2760 3100 3172 3155">
    <p class='ocr_par' dir='ltr' id='par_1_59' title="bbox 2760 3100 3172 3155">
     <span class='ocr_line' id='line_1_59' title="bbox 2760 3100 3172 3155; baseline -0.007 0"><span class='ocrx_word' id='word_1_419' title='bbox 2760 3102 3004 3155; x_wconf 78' lang='grc' dir='ltr'>ΚΕΦΑΛ.</span> <span class='ocrx_word' id='word_1_420' title='bbox 3047 3101 3094 3154; x_wconf 88' lang='grc' dir='ltr'>Ν</span> <span class='ocrx_word' id='word_1_421' title='bbox 3100 3100 3172 3153; x_wconf 75' lang='grc' dir='ltr'>Γ.</span> 
     </span>
    </p>
   </div>
   <div class='ocr_carea' id='block_1_60' title="bbox 2373 3208 3572 3281">
    <p class='ocr_par' dir='ltr' id='par_1_60' title="bbox 2373 3208 3572 3281">
     <span class='ocr_line' id='line_1_60' title="bbox 2373 3208 3572 3281; baseline -0.004 -15"><span class='ocrx_word' id='word_1_422' title='bbox 2373 3212 2630 3281; x_wconf 81' lang='grc' dir='ltr'>Ἱστορία</span> <span class='ocrx_word' id='word_1_423' title='bbox 2656 3212 2785 3278; x_wconf 73' lang='grc' dir='ltr'>περὶ</span> <span class='ocrx_word' id='word_1_424' title='bbox 2815 3210 2920 3264; x_wconf 78' lang='grc' dir='ltr'>τοῦ</span> <span class='ocrx_word' id='word_1_425' title='bbox 2946 3209 3209 3277; x_wconf 82' lang='grc' dir='ltr'>κάστρου</span> <span class='ocrx_word' id='word_1_426' title='bbox 3245 3208 3572 3276; x_wconf 74' lang='grc' dir='ltr'>Χερσῶνος.</span> 
     </span>
    </p>
   </div>
   <div class='ocr_carea' id='block_1_61' title="bbox 2268 3299 3748 3372">
    <p class='ocr_par' dir='ltr' id='par_1_61' title="bbox 2268 3299 3748 3372">
     <span class='ocr_line' id='line_1_61' title="bbox 2268 3299 3748 3372; baseline -0.001 -18"><span class='ocrx_word' id='word_1_427' title='bbox 2268 3301 2644 3364; x_wconf 74' lang='grc' dir='ltr'>Βασιλεύοντος</span> <span class='ocrx_word' id='word_1_428' title='bbox 2697 3299 3076 3368; x_wconf 77' lang='grc' dir='ltr'>Διοκλητιανοῦ</span> <span class='ocrx_word' id='word_1_429' title='bbox 3139 3301 3196 3352; x_wconf 83' lang='grc' dir='ltr'>ὲν</span> <span class='ocrx_word' id='word_1_430' title='bbox 3235 3299 3460 3372; x_wconf 79' lang='grc' dir='ltr'>Ῥώμῃ,</span> <span class='ocrx_word' id='word_1_431' title='bbox 3489 3301 3546 3351; x_wconf 87' lang='grc' dir='ltr'>ἐν</span> <span class='ocrx_word' id='word_1_432' title='bbox 3579 3299 3634 3352; x_wconf 78' lang='grc' dir='ltr'>δὲ</span> <span class='ocrx_word' id='word_1_433' title='bbox 3679 3302 3748 3370; x_wconf 77' lang='grc' dir='ltr'>τῇ</span> 
     </span>
    </p>
   </div>
   <div class='ocr_carea' id='block_1_62' title="bbox 2197 3393 3761 3466">
    <p class='ocr_par' dir='ltr' id='par_1_62' title="bbox 2197 3393 3761 3466">
     <span class='ocr_line' id='line_1_62' title="bbox 2197 3393 3761 3466; baseline -0.001 -19"><span class='ocrx_word' id='word_1_434' title='bbox 2197 3395 2553 3466; x_wconf 86' lang='grc' dir='ltr'>Χερσωνιτῶν</span> <span class='ocrx_word' id='word_1_435' title='bbox 2621 3394 3152 3464; x_wconf 72' lang='grc' dir='ltr'>στεφανηφοροῦντος</span> <span class='ocrx_word' id='word_1_436' title='bbox 3219 3395 3313 3448; x_wconf 71' lang='grc' dir='ltr'>καὶ</span> <span class='ocrx_word' id='word_1_437' title='bbox 3389 3393 3761 3466; x_wconf 81' lang='grc' dir='ltr'>πρωτεύοντος</span> 
     </span>
    </p>
   </div>
   <div class='ocr_carea' id='block_1_63' title="bbox 2199 3483 3760 3554">
    <p class='ocr_par' dir='ltr' id='par_1_63' title="bbox 2199 3483 3760 3554">
     <span class='ocr_line' id='line_1_63' title="bbox 2199 3483 3760 3554; baseline -0.002 -17"><span class='ocrx_word' id='word_1_438' title='bbox 2199 3483 2488 3554; x_wconf 78' lang='grc' dir='ltr'>Θεμιστοῦ,</span> <span class='ocrx_word' id='word_1_439' title='bbox 2521 3483 2613 3536; x_wconf 81' lang='grc' dir='ltr'>τοῦ</span> <span class='ocrx_word' id='word_1_440' title='bbox 2643 3484 2906 3552; x_wconf 77' lang='grc' dir='ltr'>Θεμιστού</span> <span class='ocrx_word' id='word_1_441' title='bbox 2945 3483 3312 3553; x_wconf 82' lang='grc' dir='ltr'>Σαυρόματος,</span> <span class='ocrx_word' id='word_1_442' title='bbox 3335 3485 3363 3536; x_wconf 96' lang='lat'>6</span> <span class='ocrx_word' id='word_1_443' title='bbox 3391 3485 3456 3538; x_wconf 80' lang='grc' dir='ltr'>ἐκ</span> <span class='ocrx_word' id='word_1_444' title='bbox 3483 3484 3591 3536; x_wconf 81' lang='grc' dir='ltr'>τῶν</span> <span class='ocrx_word' id='word_1_445' title='bbox 3623 3485 3760 3535; x_wconf 53' lang='lat' dir='ltr'><strong>Bos.</strong></span> 
     </span>
    </p>
   </div>
   <div class='ocr_carea' id='block_1_64' title="bbox 2199 3575 3756 3646">
    <p class='ocr_par' dir='ltr' id='par_1_64' title="bbox 2199 3575 3756 3646">
     <span class='ocr_line' id='line_1_64' title="bbox 2199 3575 3756 3646; baseline -0.002 -18"><span class='ocrx_word' id='word_1_446' title='bbox 2199 3575 2471 3646; x_wconf 84' lang='grc' dir='ltr'>ποριανῶν</span> <span class='ocrx_word' id='word_1_447' title='bbox 2507 3576 2784 3646; x_wconf 85' lang='grc' dir='ltr'>Κρίσκων,</span> <span class='ocrx_word' id='word_1_448' title='bbox 2815 3577 2980 3645; x_wconf 80' lang='grc' dir='ltr'>Ὅρου</span> <span class='ocrx_word' id='word_1_449' title='bbox 3035 3575 3090 3628; x_wconf 79' lang='grc' dir='ltr'>δὲ</span> <span class='ocrx_word' id='word_1_450' title='bbox 3135 3578 3263 3637; x_wconf 83' lang='grc' dir='ltr'>παῖς</span> <span class='ocrx_word' id='word_1_451' title='bbox 3311 3576 3602 3644; x_wconf 85' lang='grc' dir='ltr'>γενόμενος</span> <span class='ocrx_word' id='word_1_452' title='bbox 3637 3591 3756 3626; x_wconf 77' lang='grc' dir='ltr'>συνο</span> 
     </span>
    </p>
   </div>
   <div class='ocr_carea' id='block_1_65' title="bbox 2200 3666 3756 3738">
    <p class='ocr_par' dir='ltr' id='par_1_65' title="bbox 2200 3666 3756 3738">
     <span class='ocr_line' id='line_1_65' title="bbox 2200 3666 3756 3738; baseline 0 -18"><span class='ocrx_word' id='word_1_453' title='bbox 2200 3666 2456 3738; x_wconf 85' lang='grc' dir='ltr'>αθροίσας</span> <span class='ocrx_word' id='word_1_454' title='bbox 2478 3667 2770 3736; x_wconf 56' lang='grc' dir='ltr'>Σαρμάταις</span> <span class='ocrx_word' id='word_1_455' title='bbox 2805 3669 2902 3738; x_wconf 80' lang='grc' dir='ltr'>τὴν</span> <span class='ocrx_word' id='word_1_456' title='bbox 2930 3666 3207 3719; x_wconf 85' lang='grc' dir='ltr'>Μαιώτιδα</span> <span class='ocrx_word' id='word_1_457' title='bbox 3234 3667 3430 3737; x_wconf 86' lang='grc' dir='ltr'>λίμνην</span> <span class='ocrx_word' id='word_1_458' title='bbox 3453 3667 3756 3729; x_wconf 78' lang='grc' dir='ltr'>οἰκοῦντας,</span> 
     </span>
    </p>
   </div>
   <div class='ocr_carea' id='block_1_66' title="bbox 2201 3755 3764 3828">
    <p class='ocr_par' dir='ltr' id='par_1_66' title="bbox 2201 3755 3764 3828">
     <span class='ocr_line' id='line_1_66' title="bbox 2201 3755 3764 3828; baseline 0.001 -20"><span class='ocrx_word' id='word_1_459' title='bbox 2201 3755 2787 3828; x_wconf 84' lang='grc' dir='ltr'>ἐστρατ[οπεδ]εύσατο</span> <span class='ocrx_word' id='word_1_460' title='bbox 2813 3759 2954 3813; x_wconf 85' lang='grc' dir='ltr'>κατὰ</span> <span class='ocrx_word' id='word_1_461' title='bbox 2996 3759 3302 3828; x_wconf 85' lang='grc' dir='ltr'>Ῥωμαίων,</span> <span class='ocrx_word' id='word_1_462' title='bbox 3327 3759 3423 3812; x_wconf 79' lang='grc' dir='ltr'>καὶ</span> <span class='ocrx_word' id='word_1_463' title='bbox 3443 3757 3764 3812; x_wconf 76' lang='grc' dir='ltr'>καταλαϐὼν</span> 
     </span>
    </p>
   </div>
   <div class='ocr_carea' id='block_1_67' title="bbox 2199 3847 3760 3919">
    <p class='ocr_par' dir='ltr' id='par_1_67' title="bbox 2199 3847 3760 3919">
     <span class='ocr_line' id='line_1_67' title="bbox 2199 3847 3760 3919; baseline -0.001 -20"><span class='ocrx_word' id='word_1_464' title='bbox 2199 3848 2308 3899; x_wconf 88' lang='grc' dir='ltr'>τῶν</span> <span class='ocrx_word' id='word_1_465' title='bbox 2360 3847 2550 3912; x_wconf 78' lang='grc' dir='ltr'>Λαζῶν</span> <span class='ocrx_word' id='word_1_466' title='bbox 2605 3849 2811 3918; x_wconf 79' lang='grc' dir='ltr'>χώραν,</span> <span class='ocrx_word' id='word_1_467' title='bbox 2867 3851 2961 3901; x_wconf 72' lang='grc' dir='ltr'>καὶ</span> <span class='ocrx_word' id='word_1_468' title='bbox 3011 3850 3331 3919; x_wconf 77' lang='grc' dir='ltr'>πολεμήσας</span> <span class='ocrx_word' id='word_1_469' title='bbox 3376 3850 3504 3911; x_wconf 83' lang='grc' dir='ltr'>τοὺς</span> <span class='ocrx_word' id='word_1_470' title='bbox 3555 3850 3760 3910; x_wconf 81' lang='grc' dir='ltr'>ἐκεῖσε,</span> 
     </span>
    </p>
   </div>
   <div class='ocr_carea' id='block_1_68' title="bbox 539 3921 2096 4021">
    <p class='ocr_par' dir='ltr' id='par_1_68' title="bbox 539 3921 2096 3986">
     <span class='ocr_line' id='line_1_68' title="bbox 539 3921 2096 3986; baseline -0.006 -1"><span class='ocrx_word' id='word_1_471' title='bbox 539 3940 645 3986; x_wconf 89' lang='lat' dir='ltr'><strong>cst.</strong></span> <span class='ocrx_word' id='word_1_472' title='bbox 677 3927 1048 3982; x_wconf 83' lang='lat' dir='ltr'><strong>Diocletianus</strong></span> <span class='ocrx_word' id='word_1_473' title='bbox 1080 3939 1210 3978; x_wconf 87' lang='lat' dir='ltr'><strong>vero</strong></span> <span class='ocrx_word' id='word_1_474' title='bbox 1245 3922 1334 3976; x_wconf 91' lang='lat' dir='ltr'>ubi</span> <span class='ocrx_word' id='word_1_475' title='bbox 1389 3922 1608 3976; x_wconf 83' lang='lat' dir='ltr'><strong>rescivit</strong></span> <span class='ocrx_word' id='word_1_476' title='bbox 1656 3921 1875 3977; x_wconf 82' lang='lat' dir='ltr'><strong>Laziam</strong></span> <span class='ocrx_word' id='word_1_477' title='bbox 1909 3922 2096 3976; x_wconf 89' lang='lat' dir='ltr'><strong>Ponti-</strong></span> 
     </span>
    </p>
   </div>
   <div class='ocr_carea' id='block_1_69' title="bbox 2198 3921 3760 4021">
    <p class='ocr_par' dir='ltr' id='par_1_69' title="bbox 2205 3939 3760 4007">
     <span class='ocr_line' id='line_1_69' title="bbox 2205 3939 3760 4007; baseline -0.001 -16"><span class='ocrx_word' id='word_1_478' title='bbox 2205 3939 2397 4007; x_wconf 81' lang='grc' dir='ltr'>φθάζει</span> <span class='ocrx_word' id='word_1_479' title='bbox 2453 3941 2546 3992; x_wconf 72' lang='grc' dir='ltr'>καὶ</span> <span class='ocrx_word' id='word_1_480' title='bbox 2595 3940 2700 4003; x_wconf 73' lang='grc' dir='ltr'>ἕως</span> <span class='ocrx_word' id='word_1_481' title='bbox 2765 3940 2860 3993; x_wconf 79' lang='grc' dir='ltr'>τοῦ</span> <span class='ocrx_word' id='word_1_482' title='bbox 2885 3940 3080 4003; x_wconf 80' lang='grc' dir='ltr'>’Ἀλυος</span> <span class='ocrx_word' id='word_1_483' title='bbox 3139 3940 3402 4006; x_wconf 82' lang='grc' dir='ltr'>ποταμοῦ.</span> <span class='ocrx_word' id='word_1_484' title='bbox 3460 3939 3662 3993; x_wconf 75' lang='grc' dir='ltr'>Μαθὼν</span> <span class='ocrx_word' id='word_1_485' title='bbox 3701 3939 3760 3991; x_wconf 85' lang='grc' dir='ltr'>δὲ</span> 
     </span>
    </p>
   </div>
   <div class='ocr_carea' id='block_1_70' title="bbox 534 4012 2096 4101">
    <p class='ocr_par' dir='ltr' id='par_1_70' title="bbox 534 4012 2096 4091">
     <span class='ocr_line' id='line_1_70' title="bbox 534 4012 2096 4091; baseline -0.008 -12"><span class='ocrx_word' id='word_1_486' title='bbox 534 4037 770 4091; x_wconf 81' lang='lat' dir='ltr'><strong>eamque</strong></span> <span class='ocrx_word' id='word_1_487' title='bbox 802 4018 1025 4084; x_wconf 86' lang='lat' dir='ltr'><strong>vastari,</strong></span> <span class='ocrx_word' id='word_1_488' title='bbox 1054 4016 1357 4072; x_wconf 82' lang='lat' dir='ltr'><strong>exercitum</strong></span> <span class='ocrx_word' id='word_1_489' title='bbox 1391 4022 1581 4067; x_wconf 90' lang='lat' dir='ltr'><strong>contra</strong></span> <span class='ocrx_word' id='word_1_490' title='bbox 1631 4012 1908 4067; x_wconf 87' lang='lat' dir='ltr'><strong>Sarmatas</strong></span> <span class='ocrx_word' id='word_1_491' title='bbox 1953 4014 2096 4068; x_wconf 88' lang='lat' dir='ltr'><strong>misit</strong></span> 
     </span>
    </p>
   </div>
   <div class='ocr_carea' id='block_1_71' title="bbox 2198 4012 3761 4101">
    <p class='ocr_par' dir='ltr' id='par_1_71' title="bbox 2199 4029 3761 4101">
     <span class='ocr_line' id='line_1_71' title="bbox 2199 4029 3761 4101; baseline 0 -19"><span class='ocrx_word' id='word_1_492' title='bbox 2199 4029 2357 4083; x_wconf 84' lang='grc' dir='ltr'>τοῦτο</span> <span class='ocrx_word' id='word_1_493' title='bbox 2395 4033 2422 4084; x_wconf 89' lang='lat'>6</span> <span class='ocrx_word' id='word_1_494' title='bbox 2469 4030 2722 4100; x_wconf 80' lang='grc' dir='ltr'>βασιλεὺς</span> <span class='ocrx_word' id='word_1_495' title='bbox 2764 4031 3144 4100; x_wconf 79' lang='grc' dir='ltr'>Διοκλητιανὸς</span> <span class='ocrx_word' id='word_1_496' title='bbox 3183 4030 3494 4101; x_wconf 83' lang='grc' dir='ltr'>πορθεῖσθαι</span> <span class='ocrx_word' id='word_1_497' title='bbox 3521 4031 3621 4100; x_wconf 84' lang='grc' dir='ltr'>τὴν</span> <span class='ocrx_word' id='word_1_498' title='bbox 3648 4030 3761 4082; x_wconf 84' lang='grc' dir='ltr'>τῶν</span> 
     </span>
    </p>
   </div>
   <div class='ocr_carea' id='block_1_72' title="bbox 541 4102 2099 4173">
    <p class='ocr_par' dir='ltr' id='par_1_72' title="bbox 541 4102 2099 4173">
     <span class='ocr_line' id='line_1_72' title="bbox 541 4102 2099 4173; baseline -0.009 -3"><span class='ocrx_word' id='word_1_499' title='bbox 541 4115 644 4170; x_wconf 88' lang='lat' dir='ltr'>sub</span> <span class='ocrx_word' id='word_1_500' title='bbox 687 4113 825 4166; x_wconf 89' lang='lat' dir='ltr'><strong>duce</strong></span> <span class='ocrx_word' id='word_1_501' title='bbox 873 4111 1172 4164; x_wconf 80' lang='lat' dir='ltr'><strong>Constante</strong></span> <span class='ocrx_word' id='word_1_502' title='bbox 1221 4105 1463 4167; x_wconf 86' lang='lat' dir='ltr'><strong>tribuno,</strong></span> <span class='ocrx_word' id='word_1_503' title='bbox 1505 4104 1598 4173; x_wconf 91' lang='lat' dir='ltr'>qui</span> <span class='ocrx_word' id='word_1_504' title='bbox 1647 4118 1771 4157; x_wconf 90' lang='lat' dir='ltr'>cum</span> <span class='ocrx_word' id='word_1_505' title='bbox 1809 4104 1875 4156; x_wconf 89' lang='lat' dir='ltr'>ad</span> <span class='ocrx_word' id='word_1_506' title='bbox 1929 4102 2099 4173; x_wconf 81' lang='lat' dir='ltr'><strong>Halyn</strong></span> 
     </span>
    </p>
   </div>
   <div class='ocr_carea' id='block_1_73' title="bbox 541 4192 2100 4271">
    <p class='ocr_par' dir='ltr' id='par_1_73' title="bbox 541 4192 2100 4271">
     <span class='ocr_line' id='line_1_73' title="bbox 541 4192 2100 4271; baseline -0.007 -13"><span class='ocrx_word' id='word_1_507' title='bbox 541 4205 742 4258; x_wconf 78' lang='lat' dir='ltr'><strong>ﬂumen</strong></span> <span class='ocrx_word' id='word_1_508' title='bbox 771 4200 1114 4271; x_wconf 77' lang='lat' dir='ltr'><strong>pervenisset</strong></span> <span class='ocrx_word' id='word_1_509' title='bbox 1137 4210 1244 4249; x_wconf 89' lang='lat' dir='ltr'>una</span> <span class='ocrx_word' id='word_1_510' title='bbox 1266 4210 1390 4249; x_wconf 92' lang='lat' dir='ltr'>cum</span> <span class='ocrx_word' id='word_1_511' title='bbox 1409 4194 1674 4256; x_wconf 81' lang='lat' dir='ltr'><strong>exercitu,</strong></span> <span class='ocrx_word' id='word_1_512' title='bbox 1703 4194 1813 4246; x_wconf 92' lang='lat' dir='ltr'><strong>illic</strong></span> <span class='ocrx_word' id='word_1_513' title='bbox 1835 4192 2100 4257; x_wconf 90' lang='lat' dir='ltr'><strong>substitit,</strong></span> 
     </span>
    </p>
   </div>
   <div class='ocr_carea' id='block_1_74' title="bbox 541 4282 2103 4358">
    <p class='ocr_par' dir='ltr' id='par_1_74' title="bbox 541 4282 2103 4358">
     <span class='ocr_line' id='line_1_74' title="bbox 541 4282 2103 4358; baseline -0.01 -6"><span class='ocrx_word' id='word_1_514' title='bbox 541 4308 596 4352; x_wconf 80' lang='lat' dir='ltr'>et</span> <span class='ocrx_word' id='word_1_515' title='bbox 626 4295 910 4350; x_wconf 88' lang='lat' dir='ltr'><strong>Sarmatas</strong></span> <span class='ocrx_word' id='word_1_516' title='bbox 940 4290 1196 4358; x_wconf 85' lang='lat' dir='ltr'><strong>trajicere</strong></span> <span class='ocrx_word' id='word_1_517' title='bbox 1225 4284 1522 4356; x_wconf 86' lang='lat' dir='ltr'><strong>prohibuit.</strong></span> <span class='ocrx_word' id='word_1_518' title='bbox 1559 4282 1695 4339; x_wconf 89' lang='lat' dir='ltr'><strong>Cum</strong></span> <span class='ocrx_word' id='word_1_519' title='bbox 1723 4294 1902 4338; x_wconf 85' lang='lat' dir='ltr'><strong>autem</strong></span> <span class='ocrx_word' id='word_1_520' title='bbox 1933 4297 2103 4353; x_wconf 80' lang='lat' dir='ltr'><strong>oppo-</strong></span> 
     </span>
    </p>
   </div>
   <div class='ocr_carea' id='block_1_75' title="bbox 544 4376 2104 4449">
    <p class='ocr_par' dir='ltr' id='par_1_75' title="bbox 544 4376 2104 4449">
     <span class='ocr_line' id='line_1_75' title="bbox 544 4376 2104 4449; baseline -0.007 -8"><span class='ocrx_word' id='word_1_521' title='bbox 544 4403 673 4441; x_wconf 87' lang='lat' dir='ltr'><strong>nere</strong></span> <span class='ocrx_word' id='word_1_522' title='bbox 709 4399 766 4439; x_wconf 86' lang='lat' dir='ltr'>se</span> <span class='ocrx_word' id='word_1_523' title='bbox 798 4383 908 4436; x_wconf 87' lang='lat' dir='ltr'><strong>illis</strong></span> <span class='ocrx_word' id='word_1_524' title='bbox 937 4396 1045 4435; x_wconf 91' lang='lat' dir='ltr'>non</span> <span class='ocrx_word' id='word_1_525' title='bbox 1091 4388 1279 4449; x_wconf 90' lang='lat' dir='ltr'><strong>posset</strong></span> <span class='ocrx_word' id='word_1_526' title='bbox 1315 4376 1604 4442; x_wconf 89' lang='lat' dir='ltr'><strong>Constans,</strong></span> <span class='ocrx_word' id='word_1_527' title='bbox 1638 4376 1966 4445; x_wconf 78' lang='lat' dir='ltr'><strong>excogitavit</strong></span> <span class='ocrx_word' id='word_1_528' title='bbox 1998 4377 2104 4430; x_wconf 89' lang='lat' dir='ltr'><strong>alio</strong></span> 
     </span>
    </p>
   </div>
   <div class='ocr_carea' id='block_1_76' title="bbox 544 4466 2103 4547">
    <p class='ocr_par' dir='ltr' id='par_1_76' title="bbox 544 4466 2103 4547">
     <span class='ocr_line' id='line_1_76' title="bbox 544 4466 2103 4547; baseline -0.008 -14"><span class='ocrx_word' id='word_1_529' title='bbox 544 4474 948 4547; x_wconf 81' lang='lat' dir='ltr'><strong>quodammodo</strong></span> <span class='ocrx_word' id='word_1_530' title='bbox 995 4471 1275 4543; x_wconf 88' lang='lat' dir='ltr'><strong>pellendos</strong></span> <span class='ocrx_word' id='word_1_531' title='bbox 1322 4483 1444 4523; x_wconf 89' lang='lat' dir='ltr'><strong>esse</strong></span> <span class='ocrx_word' id='word_1_532' title='bbox 1486 4466 1798 4532; x_wconf 89' lang='lat' dir='ltr'><strong>Sarmatas;</strong></span> <span class='ocrx_word' id='word_1_533' title='bbox 1849 4467 2103 4522; x_wconf 88' lang='lat' dir='ltr'><strong>nimirum</strong></span> 
     </span>
    </p>
   </div>
   <div class='ocr_carea' id='block_1_77' title="bbox 544 4556 2094 4634">
    <p class='ocr_par' dir='ltr' id='par_1_77' title="bbox 544 4556 2094 4634">
     <span class='ocr_line' id='line_1_77' title="bbox 544 4556 2094 4634; baseline -0.004 -16"><span class='ocrx_word' id='word_1_534' title='bbox 544 4566 929 4634; x_wconf 73' lang='lat' dir='ltr'><strong>ltosporianos,</strong></span> <span class='ocrx_word' id='word_1_535' title='bbox 983 4576 1047 4616; x_wconf 91' lang='lat' dir='ltr'>ac</span> <span class='ocrx_word' id='word_1_536' title='bbox 1112 4558 1370 4613; x_wconf 69' lang='lat' dir='ltr'><strong>Maeotica:</strong></span> <span class='ocrx_word' id='word_1_537' title='bbox 1418 4556 1637 4628; x_wconf 87' lang='lat' dir='ltr'><strong>paludis</strong></span> <span class='ocrx_word' id='word_1_538' title='bbox 1701 4557 1958 4613; x_wconf 73' lang='lat' dir='ltr'><strong>finitimos</strong></span> <span class='ocrx_word' id='word_1_539' title='bbox 1999 4573 2094 4613; x_wconf 83' lang='lat' dir='ltr'><strong>ac-</strong></span> 
     </span>
    </p>
   </div>
   <div class='ocr_carea' id='block_1_78' title="bbox 545 4647 2106 4720">
    <p class='ocr_par' dir='ltr' id='par_1_78' title="bbox 545 4647 2106 4720">
     <span class='ocr_line' id='line_1_78' title="bbox 545 4647 2106 4720; baseline -0.004 -10"><span class='ocrx_word' id='word_1_540' title='bbox 545 4657 695 4710; x_wconf 84' lang='lat' dir='ltr'><strong>colas</strong></span> <span class='ocrx_word' id='word_1_541' title='bbox 755 4654 1018 4708; x_wconf 79' lang='lat' dir='ltr'><strong>adversus</strong></span> <span class='ocrx_word' id='word_1_542' title='bbox 1065 4653 1218 4720; x_wconf 89' lang='lat' dir='ltr'><strong>ipsos</strong></span> <span class='ocrx_word' id='word_1_543' title='bbox 1273 4647 1670 4715; x_wconf 88' lang='lat' dir='ltr'><strong>concitandos,</strong></span> <span class='ocrx_word' id='word_1_544' title='bbox 1729 4649 1822 4719; x_wconf 90' lang='lat' dir='ltr'>qui</span> <span class='ocrx_word' id='word_1_545' title='bbox 1875 4647 2106 4703; x_wconf 84' lang='lat' dir='ltr'><strong>familias</strong></span> 
     </span>
    </p>
   </div>
   <div class='ocr_carea' id='block_1_79' title="bbox 545 4739 2104 4809">
    <p class='ocr_par' dir='ltr' id='par_1_79' title="bbox 545 4739 2104 4809">
     <span class='ocr_line' id='line_1_79' title="bbox 545 4739 2104 4809; baseline -0.005 -10"><span class='ocrx_word' id='word_1_546' title='bbox 545 4760 731 4800; x_wconf 88' lang='lat' dir='ltr'><strong>eorum</strong></span> <span class='ocrx_word' id='word_1_547' title='bbox 759 4749 1087 4809; x_wconf 89' lang='lat' dir='ltr'><strong>everterent,</strong></span> <span class='ocrx_word' id='word_1_548' title='bbox 1115 4751 1172 4796; x_wconf 92' lang='lat' dir='ltr'>ut</span> <span class='ocrx_word' id='word_1_549' title='bbox 1198 4740 1284 4797; x_wconf 88' lang='lat' dir='ltr'>his</span> <span class='ocrx_word' id='word_1_550' title='bbox 1307 4740 1508 4795; x_wconf 88' lang='lat' dir='ltr'><strong>auditis</strong></span> <span class='ocrx_word' id='word_1_551' title='bbox 1528 4739 1865 4794; x_wconf 68' lang='lat' dir='ltr'><strong>Sauromata:</strong></span> <span class='ocrx_word' id='word_1_552' title='bbox 1885 4739 2104 4794; x_wconf 91' lang='lat' dir='ltr'><strong>domum</strong></span> 
     </span>
    </p>
   </div>
   <div class='ocr_carea' id='block_1_80' title="bbox 549 4827 2106 4905">
    <p class='ocr_par' dir='ltr' id='par_1_80' title="bbox 549 4827 2106 4905">
     <span class='ocr_line' id='line_1_80' title="bbox 549 4827 2106 4905; baseline -0.003 -15"><span class='ocrx_word' id='word_1_553' title='bbox 549 4837 745 4891; x_wconf 78' lang='lat' dir='ltr'><strong>reverti</strong></span> <span class='ocrx_word' id='word_1_554' title='bbox 795 4843 1140 4905; x_wconf 80' lang='lat' dir='ltr'><strong>cogerentur.</strong></span> <span class='ocrx_word' id='word_1_555' title='bbox 1209 4832 1276 4886; x_wconf 88' lang='lat' dir='ltr'><strong>Et</strong></span> <span class='ocrx_word' id='word_1_556' title='bbox 1337 4833 1451 4888; x_wconf 63' lang='lat' dir='ltr'><strong>haec</strong></span> <span class='ocrx_word' id='word_1_557' title='bbox 1509 4827 1728 4903; x_wconf 85' lang='lat' dir='ltr'><strong>quidem</strong></span> <span class='ocrx_word' id='word_1_558' title='bbox 1793 4834 2106 4902; x_wconf 85' lang='lat' dir='ltr'><strong>imperatori</strong></span> 
     </span>
    </p>
   </div>
   <div class='ocr_carea' id='block_1_81' title="bbox 549 4924 2112 4999">
    <p class='ocr_par' dir='ltr' id='par_1_81' title="bbox 549 4924 2112 4999">
     <span class='ocr_line' id='line_1_81' title="bbox 549 4924 2112 4999; baseline -0.004 -16"><span class='ocrx_word' id='word_1_559' title='bbox 549 4929 846 4999; x_wconf 75' lang='lat' dir='ltr'><strong>significat,</strong></span> <span class='ocrx_word' id='word_1_560' title='bbox 892 4935 952 4981; x_wconf 91' lang='lat' dir='ltr'>ut</span> <span class='ocrx_word' id='word_1_561' title='bbox 983 4928 1226 4980; x_wconf 88' lang='lat' dir='ltr'><strong>mitteret</strong></span> <span class='ocrx_word' id='word_1_562' title='bbox 1256 4924 1321 4979; x_wconf 87' lang='lat' dir='ltr'>ad</span> <span class='ocrx_word' id='word_1_563' title='bbox 1350 4924 1728 4989; x_wconf 84' lang='lat' dir='ltr'><strong>Chersonitas,</strong></span> <span class='ocrx_word' id='word_1_564' title='bbox 1755 4939 1958 4994; x_wconf 90' lang='lat' dir='ltr'><strong>eosque</strong></span> <span class='ocrx_word' id='word_1_565' title='bbox 1987 4933 2112 4978; x_wconf 84' lang='lat' dir='ltr'><strong>tan-</strong></span> 
     </span>
    </p>
   </div>
   <div class='ocr_carea' id='block_1_82' title="bbox 548 5015 2110 5089">
    <p class='ocr_par' dir='ltr' id='par_1_82' title="bbox 548 5015 2110 5089">
     <span class='ocr_line' id='line_1_82' title="bbox 548 5015 2110 5089; baseline -0.003 -17"><span class='ocrx_word' id='word_1_566' title='bbox 548 5020 938 5089; x_wconf 79' lang='lat' dir='ltr'><strong>quam-vicinos</strong></span> <span class='ocrx_word' id='word_1_567' title='bbox 960 5017 1026 5072; x_wconf 87' lang='lat' dir='ltr'>ad</span> <span class='ocrx_word' id='word_1_568' title='bbox 1048 5017 1247 5072; x_wconf 85' lang='lat' dir='ltr'><strong>bellum</strong></span> <span class='ocrx_word' id='word_1_569' title='bbox 1275 5024 1466 5070; x_wconf 88' lang='lat' dir='ltr'><strong>contra</strong></span> <span class='ocrx_word' id='word_1_570' title='bbox 1505 5015 1781 5070; x_wconf 83' lang='lat' dir='ltr'><strong>Sarmatas</strong></span> <span class='ocrx_word' id='word_1_571' title='bbox 1818 5030 2110 5085; x_wconf 85' lang='lat' dir='ltr'><strong>capessen-</strong></span> 
     </span>
    </p>
   </div>
   <div class='ocr_carea' id='block_1_83' title="bbox 2196 4118 3758 4190">
    <p class='ocr_par' dir='ltr' id='par_1_83' title="bbox 2196 4118 3758 4190">
     <span class='ocr_line' id='line_1_83' title="bbox 2196 4118 3758 4190; baseline -0.001 -18"><span class='ocrx_word' id='word_1_572' title='bbox 2196 4119 2388 4182; x_wconf 78' lang='grc' dir='ltr'>Λαζῶν</span> <span class='ocrx_word' id='word_1_573' title='bbox 2409 4119 2590 4189; x_wconf 85' lang='grc' dir='ltr'>χώραν</span> <span class='ocrx_word' id='word_1_574' title='bbox 2641 4120 2732 4172; x_wconf 79' lang='grc' dir='ltr'>καὶ</span> <span class='ocrx_word' id='word_1_575' title='bbox 2758 4119 2854 4189; x_wconf 78' lang='grc' dir='ltr'>τὴν</span> <span class='ocrx_word' id='word_1_576' title='bbox 2891 4119 3178 4190; x_wconf 78' lang='grc' dir='ltr'>Ποντικὴν,</span> <span class='ocrx_word' id='word_1_577' title='bbox 3221 4118 3537 4171; x_wconf 78' lang='grc' dir='ltr'>ἀπέστειλεν</span> <span class='ocrx_word' id='word_1_578' title='bbox 3574 4119 3758 4171; x_wconf 76' lang='grc' dir='ltr'>ἐκεῖσε</span> 
     </span>
    </p>
   </div>
   <div class='ocr_carea' id='block_1_84' title="bbox 2200 4209 3757 4281">
    <p class='ocr_par' dir='ltr' id='par_1_84' title="bbox 2200 4209 3757 4281">
     <span class='ocr_line' id='line_1_84' title="bbox 2200 4209 3757 4281; baseline 0 -19"><span class='ocrx_word' id='word_1_579' title='bbox 2200 4210 2428 4280; x_wconf 82' lang='grc' dir='ltr'>στρατὸν</span> <span class='ocrx_word' id='word_1_580' title='bbox 2465 4209 3009 4278; x_wconf 79' lang='grc' dir='ltr'>ἀντιπαρατάξασθαι</span> <span class='ocrx_word' id='word_1_581' title='bbox 3040 4211 3354 4281; x_wconf 81' lang='grc' dir='ltr'>Σαρμάταις</span> <span class='ocrx_word' id='word_1_582' title='bbox 3403 4209 3722 4279; x_wconf 78' lang='grc' dir='ltr'>βουλόμενος</span> <span class='ocrx_word' id='word_1_583' title='bbox 3744 4227 3757 4240; x_wconf 92' lang='grc'><strong>·</strong></span> 
     </span>
    </p>
   </div>
   <div class='ocr_carea' id='block_1_85' title="bbox 2197 4296 3766 4372">
    <p class='ocr_par' dir='ltr' id='par_1_85' title="bbox 2197 4296 3766 4372">
     <span class='ocr_line' id='line_1_85' title="bbox 2197 4296 3766 4372; baseline 0 -20"><span class='ocrx_word' id='word_1_584' title='bbox 2197 4296 2265 4370; x_wconf 77' lang='grc' dir='ltr'>ἦν</span> <span class='ocrx_word' id='word_1_585' title='bbox 2298 4300 2354 4352; x_wconf 83' lang='grc' dir='ltr'>δὲ</span> <span class='ocrx_word' id='word_1_586' title='bbox 2387 4300 2611 4369; x_wconf 78' lang='grc' dir='ltr'>ἔξαρχος</span> <span class='ocrx_word' id='word_1_587' title='bbox 2635 4300 2729 4352; x_wconf 81' lang='grc' dir='ltr'>τοῦ</span> <span class='ocrx_word' id='word_1_588' title='bbox 2772 4301 3004 4372; x_wconf 86' lang='grc' dir='ltr'>στρατοῦ</span> <span class='ocrx_word' id='word_1_589' title='bbox 3037 4299 3298 4365; x_wconf 80' lang='grc' dir='ltr'>Κώνστας</span> <span class='ocrx_word' id='word_1_590' title='bbox 3323 4300 3635 4369; x_wconf 74' lang='grc' dir='ltr'>τριϐούνοςο</span> <span class='ocrx_word' id='word_1_591' title='bbox 3669 4303 3766 4353; x_wconf 75' lang='grc' dir='ltr'>καὶ</span> 
     </span>
    </p>
   </div>
   <div class='ocr_carea' id='block_1_86' title="bbox 2203 4391 3761 4463">
    <p class='ocr_par' dir='ltr' id='par_1_86' title="bbox 2203 4391 3761 4463">
     <span class='ocr_line' id='line_1_86' title="bbox 2203 4391 3761 4463; baseline 0 -19"><span class='ocrx_word' id='word_1_592' title='bbox 2203 4391 2524 4446; x_wconf 75' lang='grc' dir='ltr'>καταλαϐὼν</span> <span class='ocrx_word' id='word_1_593' title='bbox 2555 4391 2646 4444; x_wconf 84' lang='grc' dir='ltr'>τὸν</span> <span class='ocrx_word' id='word_1_594' title='bbox 2678 4393 2846 4445; x_wconf 69' lang='grc' dir='ltr'>’Ἅλυν</span> <span class='ocrx_word' id='word_1_595' title='bbox 2893 4394 2921 4445; x_wconf 91' lang='lat'>6</span> <span class='ocrx_word' id='word_1_596' title='bbox 2969 4392 3231 4456; x_wconf 80' lang='grc' dir='ltr'>Κώνστας</span> <span class='ocrx_word' id='word_1_597' title='bbox 3274 4394 3370 4445; x_wconf 79' lang='grc' dir='ltr'>σὺν</span> <span class='ocrx_word' id='word_1_598' title='bbox 3399 4392 3477 4461; x_wconf 85' lang='grc' dir='ltr'>τῷ</span> <span class='ocrx_word' id='word_1_599' title='bbox 3522 4392 3761 4463; x_wconf 81' lang='grc' dir='ltr'>στρατῷ,</span> 
     </span>
    </p>
   </div>
   <div class='ocr_carea' id='block_1_87' title="bbox 2204 4469 3767 4554">
    <p class='ocr_par' dir='ltr' id='par_1_87' title="bbox 2204 4469 3767 4554">
     <span class='ocr_line' id='line_1_87' title="bbox 2204 4469 3767 4554; baseline 0.001 -20"><span class='ocrx_word' id='word_1_600' title='bbox 2204 4481 2442 4552; x_wconf 83' lang='grc' dir='ltr'>καθέσθη</span> <span class='ocrx_word' id='word_1_601' title='bbox 2475 4484 2651 4535; x_wconf 84' lang='grc' dir='ltr'>ἐκεῖσε</span> <span class='ocrx_word' id='word_1_602' title='bbox 2683 4483 2906 4536; x_wconf 82' lang='grc' dir='ltr'>κωλύων</span> <span class='ocrx_word' id='word_1_603' title='bbox 2948 4484 3242 4554; x_wconf 79' lang='grc' dir='ltr'>Σαρμάτας</span> <span class='ocrx_word' id='word_1_604' title='bbox 3286 4469 3644 4552; x_wconf 73' lang='grc' dir='ltr'>ἀντιπερέισᾶι</span> <span class='ocrx_word' id='word_1_605' title='bbox 3674 4482 3767 4536; x_wconf 79' lang='grc' dir='ltr'>τὸν</span> 
     </span>
    </p>
   </div>
   <div class='ocr_carea' id='block_1_88' title="bbox 2205 4572 3768 4644">
    <p class='ocr_par' dir='ltr' id='par_1_88' title="bbox 2205 4572 3768 4644">
     <span class='ocr_line' id='line_1_88' title="bbox 2205 4572 3768 4644; baseline -0.001 -19"><span class='ocrx_word' id='word_1_606' title='bbox 2205 4572 2397 4626; x_wconf 66' lang='grc' dir='ltr'>Ἅλυν.</span> <span class='ocrx_word' id='word_1_607' title='bbox 2422 4575 2532 4626; x_wconf 75' lang='grc' dir='ltr'>Καὶ</span> <span class='ocrx_word' id='word_1_608' title='bbox 2577 4575 2652 4643; x_wconf 84' lang='grc' dir='ltr'>μὴ</span> <span class='ocrx_word' id='word_1_609' title='bbox 2679 4573 2981 4644; x_wconf 83' lang='grc' dir='ltr'>δυναμένου</span> <span class='ocrx_word' id='word_1_610' title='bbox 3026 4574 3193 4627; x_wconf 76' lang='grc' dir='ltr'>αὐτοῦ</span> <span class='ocrx_word' id='word_1_611' title='bbox 3223 4572 3768 4643; x_wconf 79' lang='grc' dir='ltr'>ἀντιπαρατάξασθαι</span> 
     </span>
    </p>
   </div>
   <div class='ocr_carea' id='block_1_89' title="bbox 2204 4663 3768 4733">
    <p class='ocr_par' dir='ltr' id='par_1_89' title="bbox 2204 4663 3768 4733">
     <span class='ocr_line' id='line_1_89' title="bbox 2204 4663 3768 4733; baseline -0.001 -17"><span class='ocrx_word' id='word_1_612' title='bbox 2204 4664 2409 4727; x_wconf 83' lang='grc' dir='ltr'>αὐτοῖς,</span> <span class='ocrx_word' id='word_1_613' title='bbox 2438 4663 2751 4718; x_wconf 80' lang='grc' dir='ltr'>ἐδουλεύετο</span> <span class='ocrx_word' id='word_1_614' title='bbox 2777 4665 2899 4718; x_wconf 86' lang='grc' dir='ltr'>καθ’</span> <span class='ocrx_word' id='word_1_615' title='bbox 2933 4663 3127 4716; x_wconf 81' lang='grc' dir='ltr'>ἑαυτὸν</span> <span class='ocrx_word' id='word_1_616' title='bbox 3147 4666 3175 4717; x_wconf 84' lang='grc' dir='ltr'>ὁ</span> <span class='ocrx_word' id='word_1_617' title='bbox 3195 4664 3476 4725; x_wconf 80' lang='grc' dir='ltr'>Κώνστας,</span> <span class='ocrx_word' id='word_1_618' title='bbox 3505 4663 3768 4733; x_wconf 83' lang='grc' dir='ltr'>μηδαμῶς</span> 
     </span>
    </p>
   </div>
   <div class='ocr_carea' id='block_1_90' title="bbox 2207 4754 3771 4825">
    <p class='ocr_par' dir='ltr' id='par_1_90' title="bbox 2207 4754 3771 4825">
     <span class='ocr_line' id='line_1_90' title="bbox 2207 4754 3771 4825; baseline -0.001 -17"><span class='ocrx_word' id='word_1_619' title='bbox 2207 4754 2382 4817; x_wconf 73' lang='grc' dir='ltr'>ἄλλως</span> <span class='ocrx_word' id='word_1_620' title='bbox 2407 4755 2665 4808; x_wconf 87' lang='grc' dir='ltr'>δύνασθαι</span> <span class='ocrx_word' id='word_1_621' title='bbox 2693 4758 2816 4820; x_wconf 80' lang='grc' dir='ltr'>τοὺς</span> <span class='ocrx_word' id='word_1_622' title='bbox 2861 4757 3156 4825; x_wconf 88' lang='grc' dir='ltr'>Σαρμάτας</span> <span class='ocrx_word' id='word_1_623' title='bbox 3185 4755 3461 4820; x_wconf 79' lang='grc' dir='ltr'>ἐκδιῶξαι,</span> <span class='ocrx_word' id='word_1_624' title='bbox 3512 4759 3557 4806; x_wconf 81' lang='grc' dir='ltr'>εί</span> <span class='ocrx_word' id='word_1_625' title='bbox 3604 4756 3676 4825; x_wconf 80' lang='grc' dir='ltr'>μή</span> <span class='ocrx_word' id='word_1_626' title='bbox 3717 4773 3771 4808; x_wconf 86' lang='grc' dir='ltr'>τι</span> 
     </span>
    </p>
   </div>
   <div class='ocr_carea' id='block_1_91' title="bbox 2211 4843 3771 4916">
    <p class='ocr_par' dir='ltr' id='par_1_91' title="bbox 2211 4843 3771 4916">
     <span class='ocr_line' id='line_1_91' title="bbox 2211 4843 3771 4916; baseline 0.006 -20"><span class='ocrx_word' id='word_1_627' title='bbox 2211 4859 2274 4911; x_wconf 84' lang='grc' dir='ltr'>γε</span> <span class='ocrx_word' id='word_1_628' title='bbox 2302 4845 2364 4896; x_wconf 84' lang='grc' dir='ltr'>ἐκ</span> <span class='ocrx_word' id='word_1_629' title='bbox 2394 4843 2501 4898; x_wconf 88' lang='grc' dir='ltr'>τῶν</span> <span class='ocrx_word' id='word_1_630' title='bbox 2541 4844 2930 4916; x_wconf 83' lang='grc' dir='ltr'>πλησιοχώρων</span> <span class='ocrx_word' id='word_1_631' title='bbox 2975 4848 3072 4915; x_wconf 85' lang='grc' dir='ltr'>τῆς</span> <span class='ocrx_word' id='word_1_632' title='bbox 3114 4846 3500 4915; x_wconf 81' lang='grc' dir='ltr'>Βοσποριανών</span> <span class='ocrx_word' id='word_1_633' title='bbox 3533 4848 3626 4897; x_wconf 73' lang='grc' dir='ltr'>καὶ</span> <span class='ocrx_word' id='word_1_634' title='bbox 3671 4843 3771 4914; x_wconf 82' lang='grc' dir='ltr'>τῆς</span> 
     </span>
    </p>
   </div>
   <div class='ocr_carea' id='block_1_92' title="bbox 2210 4933 3771 5006">
    <p class='ocr_par' dir='ltr' id='par_1_92' title="bbox 2210 4933 3771 5006">
     <span class='ocr_line' id='line_1_92' title="bbox 2210 4933 3771 5006; baseline 0 -18"><span class='ocrx_word' id='word_1_635' title='bbox 2210 4933 2515 4998; x_wconf 85' lang='grc' dir='ltr'>Μαιώτιδος</span> <span class='ocrx_word' id='word_1_636' title='bbox 2562 4935 2756 5006; x_wconf 80' lang='grc' dir='ltr'>λίμνης</span> <span class='ocrx_word' id='word_1_637' title='bbox 2798 4936 2947 4998; x_wconf 82' lang='grc' dir='ltr'>τινὰς</span> <span class='ocrx_word' id='word_1_638' title='bbox 2993 4937 3116 4990; x_wconf 84' lang='grc' dir='ltr'>κατ’</span> <span class='ocrx_word' id='word_1_639' title='bbox 3161 4937 3342 4990; x_wconf 84' lang='grc' dir='ltr'>αὐτῶν</span> <span class='ocrx_word' id='word_1_640' title='bbox 3388 4936 3771 5006; x_wconf 74' lang='grc' dir='ltr'>ἐκπεμφθῆναι</span> 
     </span>
    </p>
   </div>
   <div class='ocr_carea' id='block_1_93' title="bbox 2210 5022 3772 5094">
    <p class='ocr_par' dir='ltr' id='par_1_93' title="bbox 2210 5022 3772 5094">
     <span class='ocr_line' id='line_1_93' title="bbox 2210 5022 3772 5094; baseline 0.001 -21"><span class='ocrx_word' id='word_1_641' title='bbox 2210 5022 2289 5085; x_wconf 80' lang='grc' dir='ltr'>εἰς</span> <span class='ocrx_word' id='word_1_642' title='bbox 2337 5022 2595 5092; x_wconf 80' lang='grc' dir='ltr'>πόλεμον,</span> <span class='ocrx_word' id='word_1_643' title='bbox 2639 5023 2732 5074; x_wconf 73' lang='grc' dir='ltr'>καὶ</span> <span class='ocrx_word' id='word_1_644' title='bbox 2775 5025 2873 5085; x_wconf 75' lang='grc' dir='ltr'>τὰς</span> <span class='ocrx_word' id='word_1_645' title='bbox 2915 5023 3122 5078; x_wconf 81' lang='grc' dir='ltr'>τούτων</span> <span class='ocrx_word' id='word_1_646' title='bbox 3169 5026 3432 5094; x_wconf 64' lang='grc' dir='ltr'>φαμιλίας</span> <span class='ocrx_word' id='word_1_647' title='bbox 3481 5024 3772 5093; x_wconf 84' lang='grc' dir='ltr'>ἐκπορθεῖ-</span> 
     </span>
    </p>
   </div>
   <div class='ocr_carea' id='block_1_94' title="bbox 1683 5191 2612 5258">
    <p class='ocr_par' dir='ltr' id='par_1_94' title="bbox 1683 5191 2612 5258">
     <span class='ocr_line' id='line_1_94' title="bbox 1683 5191 2612 5258; baseline 0.011 -10"><span class='ocrx_word' id='word_1_648' title='bbox 1683 5191 1985 5250; x_wconf 67' lang='grc' dir='ltr'>ΑΝΞΕΙΔΗ</span> <span class='ocrx_word' id='word_1_649' title='bbox 2022 5197 2349 5254; x_wconf 75' lang='lat' dir='ltr'>BANDURI‘I</span> <span class='ocrx_word' id='word_1_650' title='bbox 2383 5199 2612 5258; x_wconf 77' lang='grc' dir='ltr'>ΝΟΤΑΞ.</span> 
     </span>
    </p>
   </div>
   <div class='ocr_carea' id='block_1_95' title="bbox 620 5308 3770 5397">
    <p class='ocr_par' dir='ltr' id='par_1_95' title="bbox 620 5308 3770 5397">
     <span class='ocr_line' id='line_1_95' title="bbox 620 5308 3770 5397; baseline 0.004 -33"><span class='ocrx_word' id='word_1_651' title='bbox 620 5313 733 5397; x_wconf 60' lang='grc'><strong>(54)</strong></span> <span class='ocrx_word' id='word_1_652' title='bbox 761 5310 858 5391; x_wconf 66' lang='grc' dir='ltr'>Ἰια</span> <span class='ocrx_word' id='word_1_653' title='bbox 894 5325 958 5364; x_wconf 83' lang='lat' dir='ltr'><strong>cx</strong></span> <span class='ocrx_word' id='word_1_654' title='bbox 1005 5325 1106 5397; x_wconf 51' lang='lat' dir='ltr'><strong>uis.</strong></span> <span class='ocrx_word' id='word_1_655' title='bbox 1129 5308 1356 5397; x_wconf 47' lang='lat' dir='ltr'><strong>codice.</strong></span> <span class='ocrx_word' id='word_1_656' title='bbox 1399 5308 1676 5397; x_wconf 26' lang='lat' dir='ltr'><strong>“Deditis</strong></span> <span class='ocrx_word' id='word_1_657' title='bbox 1708 5325 1838 5397; x_wconf 75' lang='lat' dir='ltr'><strong>vero</strong></span> <span class='ocrx_word' id='word_1_658' title='bbox 1892 5311 2097 5397; x_wconf 73' lang='lat' dir='ltr'><strong>legitur</strong></span> <span class='ocrx_word' id='word_1_659' title='bbox 2133 5329 2186 5387; x_wconf 82' lang='lat' dir='ltr'><strong>D</strong></span> <span class='ocrx_word' id='word_1_660' title='bbox 2214 5317 2512 5397; x_wconf 28' lang='lat' dir='ltr'><strong>utracujus</strong></span> <span class='ocrx_word' id='word_1_661' title='bbox 2535 5319 2862 5397; x_wconf 69' lang='lat' dir='ltr'><strong>piscationis</strong></span> <span class='ocrx_word' id='word_1_662' title='bbox 2896 5322 3126 5397; x_wconf 81' lang='lat' dir='ltr'><strong>primam</strong></span> <span class='ocrx_word' id='word_1_663' title='bbox 3163 5321 3770 5397; x_wconf 67' lang='lat' dir='ltr'><strong>inventionerniieracli</strong></span> 
     </span>
    </p>
   </div>
   <div class='ocr_carea' id='block_1_96' title="bbox 548 5377 2106 5451">
    <p class='ocr_par' dir='ltr' id='par_1_96' title="bbox 548 5377 2106 5451">
     <span class='ocr_line' id='line_1_96' title="bbox 548 5377 2106 5451; baseline -0.001 -15"><span class='ocrx_word' id='word_1_664' title='bbox 548 5377 638 5437; x_wconf 71' lang='grc' dir='ltr'>διὰ</span> <span class='ocrx_word' id='word_1_665' title='bbox 694 5377 788 5435; x_wconf 80' lang='grc' dir='ltr'>τοῦ</span> <span class='ocrx_word' id='word_1_666' title='bbox 847 5377 1333 5451; x_wconf 71' lang='grc' dir='ltr'>πρωτοσπαθαρίου</span> <span class='ocrx_word' id='word_1_667' title='bbox 1386 5378 1610 5451; x_wconf 71' lang='grc' dir='ltr'>ᾼέοντος</span> <span class='ocrx_word' id='word_1_668' title='bbox 1673 5380 1764 5451; x_wconf 72' lang='grc' dir='ltr'>καὶ</span> <span class='ocrx_word' id='word_1_669' title='bbox 1827 5377 2106 5447; x_wconf 56' lang='grc' dir='ltr'>γεγονότος</span> 
     </span>
    </p>
   </div>
   <div class='ocr_carea' id='block_1_97' title="bbox 551 5448 2107 5537">
    <p class='ocr_par' dir='ltr' id='par_1_97' title="bbox 551 5448 2107 5537">
     <span class='ocr_line' id='line_1_97' title="bbox 551 5448 2107 5537; baseline 0.001 -33"><span class='ocrx_word' id='word_1_670' title='bbox 551 5451 857 5537; x_wconf 46' lang='grc' dir='ltr'>στρατηγοῦ</span> <span class='ocrx_word' id='word_1_671' title='bbox 877 5448 969 5537; x_wconf 66' lang='grc' dir='ltr'>τοῦ</span> <span class='ocrx_word' id='word_1_672' title='bbox 990 5448 1230 5537; x_wconf 64' lang='grc' dir='ltr'>Τςικάνη</span> <span class='ocrx_word' id='word_1_673' title='bbox 1260 5449 1321 5500; x_wconf 89' lang='grc' dir='ltr'>ἐκ</span> <span class='ocrx_word' id='word_1_674' title='bbox 1345 5448 1454 5500; x_wconf 89' lang='grc' dir='ltr'>τῶν</span> <span class='ocrx_word' id='word_1_675' title='bbox 1479 5448 1815 5517; x_wconf 82' lang='grc' dir='ltr'>αἱρουμένων</span> <span class='ocrx_word' id='word_1_676' title='bbox 1853 5451 1926 5519; x_wconf 81' lang='grc' dir='ltr'>μὴ</span> <span class='ocrx_word' id='word_1_677' title='bbox 1959 5452 2107 5516; x_wconf 85' lang='grc' dir='ltr'>ταξι-</span> 
     </span>
    </p>
   </div>
   <div class='ocr_carea' id='block_1_98' title="bbox 549 5523 2102 5659">
    <p class='ocr_par' dir='ltr' id='par_1_98' title="bbox 549 5523 2102 5659">
     <span class='ocr_line' id='line_1_98' title="bbox 549 5523 1131 5584; baseline 0 -12"><span class='ocrx_word' id='word_1_678' title='bbox 549 5523 739 5572; x_wconf 86' lang='grc' dir='ltr'>δεύειν.</span> <span class='ocrx_word' id='word_1_679' title='bbox 783 5523 996 5584; x_wconf 87' lang='grc' dir='ltr'>Ίστέον,</span> <span class='ocrx_word' id='word_1_680' title='bbox 1027 5531 1131 5574; x_wconf 84' lang='lat' dir='ltr'><strong>etc.</strong></span> 
     </span>
     <span class='ocr_line' id='line_1_99' title="bbox 614 5585 2102 5659; baseline 0.003 -21"><span class='ocrx_word' id='word_1_681' title='bbox 614 5589 734 5656; x_wconf 61' lang='lat'>(55)</span> <span class='ocrx_word' id='word_1_682' title='bbox 786 5588 1164 5659; x_wconf 73' lang='lat' dir='ltr'><strong>Concltyliart&#39;t&#39;,</strong></span> <span class='ocrx_word' id='word_1_683' title='bbox 1235 5585 1711 5656; x_wconf 76' lang='lat' dir='ltr'><strong>Concltylt&#39;oleguli,</strong></span> <span class='ocrx_word' id='word_1_684' title='bbox 1769 5585 2102 5658; x_wconf 76' lang='lat' dir='ltr'><strong>Murileguli,</strong></span> 
     </span>
    </p>
   </div>
   <div class='ocr_carea' id='block_1_99' title="bbox 546 5659 2102 5728">
    <p class='ocr_par' dir='ltr' id='par_1_99' title="bbox 546 5659 2102 5728">
     <span class='ocr_line' id='line_1_100' title="bbox 546 5659 2102 5728; baseline 0.005 -22"><span class='ocrx_word' id='word_1_685' title='bbox 546 5659 647 5721; x_wconf 73' lang='lat' dir='ltr'>qui</span> <span class='ocrx_word' id='word_1_686' title='bbox 677 5659 914 5711; x_wconf 82' lang='lat' dir='ltr'><strong>conchas</strong></span> <span class='ocrx_word' id='word_1_687' title='bbox 963 5675 1057 5712; x_wconf 80' lang='lat' dir='ltr'>seu</span> <span class='ocrx_word' id='word_1_688' title='bbox 1094 5673 1388 5728; x_wconf 84' lang='lat' dir='ltr'><strong>purpuram</strong></span> <span class='ocrx_word' id='word_1_689' title='bbox 1423 5659 1755 5728; x_wconf 82' lang='lat' dir='ltr'><strong>conquirunt</strong></span> <span class='ocrx_word' id='word_1_690' title='bbox 1785 5667 1840 5716; x_wconf 81' lang='lat' dir='ltr'>et</span> <span class='ocrx_word' id='word_1_691' title='bbox 1883 5659 2102 5728; x_wconf 85' lang='lat' dir='ltr'><strong>piscan-</strong></span> 
     </span>
    </p>
   </div>
   <div class='ocr_carea' id='block_1_100' title="bbox 2214 5385 3771 5460">
    <p class='ocr_par' dir='ltr' id='par_1_100' title="bbox 2214 5385 3771 5460">
     <span class='ocr_line' id='line_1_101' title="bbox 2214 5385 3771 5460; baseline 0.004 -22"><span class='ocrx_word' id='word_1_692' title='bbox 2214 5385 2384 5460; x_wconf 70' lang='lat' dir='ltr'><strong>Tyrio</strong></span> <span class='ocrx_word' id='word_1_693' title='bbox 2406 5385 2632 5442; x_wconf 84' lang='lat' dir='ltr'><strong>ascribit</strong></span> <span class='ocrx_word' id='word_1_694' title='bbox 2659 5385 2969 5444; x_wconf 76' lang='lat' dir='ltr'><strong>Chronicbn</strong></span> <span class='ocrx_word' id='word_1_695' title='bbox 3003 5391 3453 5460; x_wconf 60' lang='lat' dir='ltr'><strong>Alexandrjnwu,</strong></span> <span class='ocrx_word' id='word_1_696' title='bbox 3483 5393 3613 5447; x_wconf 83' lang='lat' dir='ltr'><strong>Vide</strong></span> <span class='ocrx_word' id='word_1_697' title='bbox 3655 5393 3771 5444; x_wconf 87' lang='lat' dir='ltr'>Du-</span> 
     </span>
    </p>
   </div>
   <div class='ocr_carea' id='block_1_101' title="bbox 2208 5456 2926 5528">
    <p class='ocr_par' dir='ltr' id='par_1_101' title="bbox 2208 5456 2926 5528">
     <span class='ocr_line' id='line_1_102' title="bbox 2208 5456 2926 5528; baseline 0.007 -19"><span class='ocrx_word' id='word_1_698' title='bbox 2208 5456 2387 5528; x_wconf 80' lang='lat' dir='ltr'><strong>cangii</strong></span> <span class='ocrx_word' id='word_1_699' title='bbox 2428 5467 2718 5528; x_wconf 81' lang='lat' dir='ltr'><strong>utrumque</strong></span> <span class='ocrx_word' id='word_1_700' title='bbox 2743 5459 2926 5514; x_wconf 84' lang='lat' dir='ltr'><strong>Gloss.</strong></span> 
     </span>
    </p>
   </div>
   <div class='ocr_carea' id='block_1_102' title="bbox 2277 5525 3778 5597">
    <p class='ocr_par' dir='ltr' id='par_1_102' title="bbox 2277 5525 3778 5597">
     <span class='ocr_line' id='line_1_103' title="bbox 2277 5525 3778 5597; baseline 0.004 -17"><span class='ocrx_word' id='word_1_701' title='bbox 2277 5525 2389 5594; x_wconf 82' lang='lat'>(56)</span> <span class='ocrx_word' id='word_1_702' title='bbox 2444 5525 2732 5597; x_wconf 15' lang='grc' dir='ltr'>Χάραῇμαί</span> <span class='ocrx_word' id='word_1_703' title='bbox 2790 5528 2992 5584; x_wconf 63' lang='lat' dir='ltr'><strong>Graecis</strong></span> <span class='ocrx_word' id='word_1_704' title='bbox 3047 5530 3468 5587; x_wconf 83' lang='lat' dir='ltr'><strong>recentiori-bus.</strong></span> <span class='ocrx_word' id='word_1_705' title='bbox 3534 5532 3778 5586; x_wconf 73' lang='lat' dir='ltr'><strong>Pecunia</strong></span> 
     </span>
    </p>
   </div>
   <div class='ocr_carea' id='block_1_103' title="bbox 2205 5596 3545 5672">
    <p class='ocr_par' dir='ltr' id='par_1_103' title="bbox 2205 5596 3545 5672">
     <span class='ocr_line' id='line_1_104' title="bbox 2205 5596 3545 5672; baseline 0.006 -26"><span class='ocrx_word' id='word_1_706' title='bbox 2205 5605 2411 5650; x_wconf 82' lang='lat' dir='ltr'><strong>moneta</strong></span> <span class='ocrx_word' id='word_1_707' title='bbox 2434 5596 2662 5665; x_wconf 81' lang='lat' dir='ltr'><strong>signata.</strong></span> <span class='ocrx_word' id='word_1_708' title='bbox 2695 5596 2827 5653; x_wconf 87' lang='lat' dir='ltr'><strong>Vide</strong></span> <span class='ocrx_word' id='word_1_709' title='bbox 2854 5597 3119 5672; x_wconf 72' lang='lat' dir='ltr'><strong>Ducangii</strong></span> <span class='ocrx_word' id='word_1_710' title='bbox 3153 5600 3336 5656; x_wconf 83' lang='lat' dir='ltr'><strong>Gloss.</strong></span> <span class='ocrx_word' id='word_1_711' title='bbox 3366 5600 3545 5656; x_wconf 74' lang='lat' dir='ltr'>Grznc.</span> 
     </span>
    </p>
   </div>
  </div>
