4084 6208
329 324 431 390 401

1409 341 1504 398 DE
1529 343 2158 408 ADMINISTRANDO
2203 329 2541 413 l'Mi‘ElllO.

3477 365 3581 428 402

327 443 607 513 Βόσπορον
642 445 734 497 καὶ
777 445 876 507 τὰς
926 448 1187 516 φαμιλίας
1223 450 1424 503 αὐτῶν
1472 453 1634 516 αὐτὸς
1669 455 1726 508 δὲ
1771 457 2122 528 Σαυρόματος
2153 462 2251 530 τὴν
2276 447 2516 532 πορείαν
2547 467 2682 537 μετὰ
2719 469 2812 522 τοῦ
2844 470 3029 536 ἔθνους
3108 476 3274 530 αὑτοῦ
3341 481 3399 534 ἐν
3471 500 3569 536 κα-

326 535 588 589 ταστάσει
613 538 868 601 ἐποιεῖτο,
897 538 1032 602 πρὸς
1061 539 1121 592 τὸ
1146 540 1429 612 ἀθροίλους
1454 544 1579 606 τοὺς
1613 545 1961 615 Χερσωνίτας
1999 541 2328 620 παραδοῦναι
2351 552 2449 616 τὰς
2474 535 2733 626 φαμιλίας
2767 561 2859 612 καὶ
2896 563 3268 634 ἀναχωρῆσαι.

405 671 467 720 Οῑ
504 668 561 722 δὲ
595 669 939 739 Χερσωνῐτδαι
971 673 1098 736 τοὺς
1141 673 1378 740 οἰκείους
1423 677 1683 749 πρέσϐεις
1715 679 1900 734 ὑποδε-

2083 683 2419 740 (Ζίιρτθοιιίιω
2451 703 2578 742 vero
2618 691 2809 761 legalis
2861 695 2976 749 suis
3032 697 3084 751 in
3149 700 3284 754 urbe
3340 701 3586 774 Bosporo

334 759 560 829 ξάμενοι
589 761 648 812 ἐν
687 763 753 830 τῇ
794 761 1077 834 Βοσπόρῳ,
1125 766 1219 819 καὶ
1251 768 1630 839 μεμαθηκότες
1659 771 1728 826 τά
1761 775 1916 841 γενό-

337 865 476 913 μενα
514 851 729 903 ἅπαντα
769 850 875 904 ὑπὸ
909 853 1264 920 Κώνσταντος
1291 857 1384 911 καὶ
1409 858 1504 912 τοῦ
1540 861 1912 933 Σαυρομάτου,

334 940 660 1007 παρέδωκαν
704 939 800 993 τοῦ
839 943 1192 1012 Σαυρομάτου
1235 945 1508 1017 ἀνθρώπῳ
1546 951 1647 1020 τήν
1689 968 1747 1004 τε
1780 953 1915 1006 Βόσ-

337 1047 504 1099 πορον
551 1031 663 1101 (67)
713 1033 806 1086 καὶ
848 1032 919 1086 τὰ
947 1034 1048 1103 τῆς
1078 1036 1385 1101 Μαιώτιδος
1443 1041 1756 1108 καστέλλια,
1816 1045 1916 1099 καὶ⁵

339 1121 434 1182 τὰς
460 1117 734 1191 φαμιλίαξ
763 1130 943 1188 πασας
976 1125 1252 1193 ἀϐλαϐεῖς,
1285 1129 1381 1183 καὶ
1403 1131 1704 1187 κατέλαϐον
1742 1137 1800 1189 ὲν
1828 1138 1906 1189 εί-

345 1216 477 1284 ρήνῃ
507 1216 608 1288 τὴν
656 1217 1036 1289 Χερσωνιτῶν.
1073 1219 1132 1275 '0
1158 1222 1419 1288 Κώνστας
1461 1226 1914 1300 ἀναχωρήσαντος

343 1306 430 1358 τοῦ
461 1307 821 1376 Σαυρομάτου
867 1309 934 1362 ἐκ
962 1311 1072 1364 τῶν
1108 1310 1433 1384 Ῥωμαϊκῶν
1459 1317 1662 1382 τόπων,
1693 1321 1787 1374 καὶ
1812 1322 1914 1377 αὑ-

340 1392 426 1456 τὸς
455 1394 741 1462 ἀνέζευξεν
775 1398 871 1451 ἐπὶ
903 1397 1000 1469 τὴν
1036 1399 1279 1471 Ῥώμην,
1304 1405 1395 1458 καὶ
1417 1405 1703 1476 ἀνήγγειλε
1735 1411 1913 1465 πάντα

340 1484 418 1554 τῷ
468 1484 680 1553 βασιλεῖ
748 1488 816 1542 τὰ
875 1490 979 1542 ὑπὸ
1040 1492 1150 1546 τῶν
1203 1494 1563 1565 Χερσωνιτῶν
1623 1500 1911 1570 γενόμενα,

308 1631 322 1648 ι
343 1577 706 1648 προσαγαγὼν
732 1582 825 1634 καὶ
851 1583 981 1645 τούς
1009 1582 1104 1636 δύο
1129 1585 1310 1641 αὐτῶν
1347 1589 1625 1660 πρέσϐεις,
1661 1592 1910 1658 οὕστινας

297 1684 308 1694 ·
345 1667 467 1720 ἰδὼν
507 1671 535 1722 ό
583 1667 836 1740 βασιλεὺς
879 1674 973 1728 καὶ
999 1675 1337 1747 φιλοφρόνως
1362 1680 1782 1752 ἀποδεξάμενος,
1818 1689 1911 1739 καὶ

342 1758 414 1812 τά
465 1760 703 1830 μέγιστα
763 1765 1164 1838 εὐχαριστήσας
1199 1763 1354 1824 εἶπεν
1394 1773 1597 1836 αὐτοῖς·
1634 1777 1698 1828 Τί
1726 1776 1910 1832 θέλετε

343 1850 616 1920 παράσχω
646 1853 772 1924 ὑμῖν
821 1871 878 1908 τε
935 1857 1030 1909 καὶ
1085 1861 1151 1928 τῇ
1215 1859 1370 1913 πόλει
1422 1862 1765 1937 ὑμῶνιὺπὲρ
1810 1871 1876 1939 τῆ

337 1939 598 2010 τοιαύτης
629 1943 842 2008 εὐνοίας
867 1963 926 1999 τε
951 1949 1045 2001 καὶ
1070 1953 1424 2022 συμμαχίας;
1459 1956 1524 2008 Oi
1560 1956 1617 2009 δὲ
1648 1957 1802 2014 εἷπον
1831 1962 1911 2033 τῷ

343 2029 564 2096 βασιλεῖ,
602 2033 684 2085 δτι
730 2035 944 2106 Ἡμεῖς,
979 2037 1215 2095 δέσποτα
1257 2043 1392 2115 (68),
1423 2046 1572 2102 οὐδὲν
1601 2048 1786 2121 ἓτερον
1821 2029 1902 2107 θέζ

345 2121 525 2190 λομεν,
549 2126 596 2177 εί
627 2126 701 2196 μή
762 2128 816 2181 τί
847 2145 912 2198 γε
943 2131 1100 2186 τοῦτο
1131 2135 1289 2204 μόνον
1334 2138 1616 2210 αἰτοῦμεν,
1663 2143 1747 2212 ἐφ’
1774 2139 1819 2214 ᾧ
1845 2162 1906 2201 τε

343 2212 516 2276 δεξιὰς
542 2215 854 2291 ἐλευθερίας
915 2223 1010 2276 καὶ
1063 2226 1314 2292 ἀτελείας
1344 2233 1721 2303 παρασχέσθαι
1775 2212 1906 2308 ημῖν

340 2303 443 2355 ὑπὸ
492 2304 587 2359 τοῦ
643 2312 880 2380 κράτους
938 2315 1112 2384 ὑμῶν.
1183 2318 1239 2372 '0
1266 2319 1323 2373 δὲ
1369 2321 1625 2392 βασιλεὺς
1653 2303 1908 2399 ἀσμένως

336 2393 626 2466 ὑποκύψας
652 2404 719 2470 τῇ
758 2405 970 2473 αἰτήσει
1001 2408 1198 2474 αὐτῶν,
1226 2413 1478 2479 ἀφθόνως
1507 2393 1781 2490 παρέσχεν
1807 2393 1906 2476 ab;

335 2486 447 2547 τοῖς
469 2487 570 2547 τὰς
590 2491 844 2556 τοιαύτας
867 2497 965 2565 τῆς
991 2498 1304 2570 ἐλευθερίας
1322 2506 1416 2558 καὶ
1441 2486 1902 2581 ἀτελείαςνδεξιάς,

333 2575 661 2645 ἀποστείλας
730 2585 928 2650 αὐτοὺς
999 2590 1138 2658 μετὰ
1204 2594 1299 2647 καὶ
1371 2596 1560 2669 δώρων
1632 2575 1900 2660 πλείστων

334 2670 476 2722 κατὰ
514 2671 615 2743 τὴν
648 2675 1030 2744 Χερσωνιτῶν,
1087 2681 1160 2746 ὡς
1208 2685 1463 2755 γνησίους
1495 2688 1656 2755 ὄντας
1705 2695 1905 2761 αὑτοὺς

337 2758 616 2827 ὑπηκόους
660 2764 759 2833 τῆς
797 2766 1085 2834 Ῥωμαίων
1129 2771 1424 2842 βασιλείας.
1465 2779 1524 2834 '0
1555 2781 1609 2835 δὲ
1646 2758 1905 2852 Κώνστας

341 2851 599 2918 μεγάλως
644 2858 738 2910 καὶ
784 2860 946 2924 αὐτὸς
989 2862 1302 2935 ὑποδεχθεὶς
1335 2871 1482 2940 παρὰ
1513 2873 1608 2926 τοῦ
1639 2851 1904 2944 βασιλέως

334 2943 722 3014 Διοκλητιανοῢ
759 2950 834 3014 ὡς
861 2953 1122 3023 ἀνδρείως
1153 2958 1605 3030 παραταξάμενος
1636 2943 1778 3020 κατά
1814 2969 1903 3022 τὸν

329 3032 443 3087 τῶν
480 3037 847 3108 Σαυροματῶν
887 3045 1140 3115 πόλεμον,
1172 3048 1264 3102 καὶ
1294 3053 1596 3126 περιφανὴς
1625 3061 1717 3110 καὶ
1753 3060 1900 3114 ἐνδο-

329 3124 425 3188 ξος
454 3128 766 3198 γενόμενος,
798 3133 916 3202 μετ’
935 3134 1114 3204 ὀλίγον
1143 3140 1262 3194 τινὰ
1281 3145 1470 3212 χρόνον
1489 3124 1585 3215 τῆς
1615 3149 1900 3220 Ῥωμαίων

327 3214 594 3288 ἀνεδέχθη
644 3222 938 3291 βασιλείας,
965 3228 1364 3310 ,Διοκλητιανοῠ
1398 3237 1489 3288 ἐπὶ
1523 3214 1622 3308 τὴν
1651 3214 1899 3313 Νικομή-

324 3303 388 3356 δε
399 3323 482 3359 ιαν
512 3305 976 3381 ὲπαναγαγόντοςξ
1002 3318 1231 3374 Κώνστα
1252 3322 1309 3375 δὲ
1345 3303 1764 3397 τελευτήσαντος

323 3397 392 3449 ἐν
426 3397 610 3472 Ῥώμῃ
660 3403 976 3461 ἐϐασίλευσε
1032 3412 1444 3480 Κωνσταντῖνος
1471 3420 1499 3471 ὁ
1536 3421 1652 3482 υίὸς
1703 3397 1892 3477 aii-r05;

328 3492 427 3539 καὶ
457 3491 754 3561 ἐρχομένου
778 3497 942 3551 αὐτοῦ
978 3500 1070 3552 ἐπὶ
1100 3501 1161 3554 τὸ
1185 3503 1498 3574 Βυζάντιον,
1531 3510 1899 3578 ἀντιστάσεως

326 3578 481 3649 αὐτῷ
521 3581 627 3636 ὑπό
651 3602 812 3640 τινων
839 3589 898 3642 ὲν
937 3592 1003 3661 τῇ
1055 3592 1258 3665 Σκυθίᾳ
1296 3599 1614 3672 γενομένης,
1648 3603 1897 3676 ὑπεμνή-

329 3670 435 3741 σθη
461 3673 520 3725 τὸ
548 3675 653 3728 ὑπὸ
699 3679 794 3732 τοῦ
854 3684 1060 3753 πατρὸς
1089 3686 1256 3740 αὐτοῦ
1291 3689 1521 3745 Κώνστα
1547 3670 1736 3763 λεχθὲν
1760 3670 1899 3768 ’περὶ

323 3761 429 3830 τῆς
479 3765 590 3818 τῶν
629 3767 986 3839 Χερσωνιτῶν
1030 3777 1244 3841 εὐνοίας
1311 3797 1370 3833 τε
1416 3783 1512 3835 καὶ
1555 3788 1894 3856 συμμαχίας,

320 3854 425 3907 καὶ
457 3857 742 3913 ἀπέστειλε
781 3864 919 3917 κατά
964 3867 1062 3937 τὴν
1089 3870 1198 3922 τῶν
1229 3869 1584 3943 Χερσωνιτῶν
1615 3854 1894 3947 πρέσϐεις,

323 3946 414 4014 ἐφ’
443 3941 487 4015 ᾦ
524 3966 586 4001 τε
625 3950 798 4006 ἐλθεῖν
839 3957 978 4010 κατά
1007 3959 1104 4029 τὴν
1161 3962 1272 4016 τῶν
1312 3941 1540 4019 *Σκυθῶν
1575 3941 1778 4038 χώραν,
1804 3941 1899 4025 καί.

324 4039 681 4109 μαχήσασθαι
735 4047 847 4108 τοῖς
901 4048 1289 4120 ἀνθεστηκόσιν
1335 4053 1503 4124 αὐτῷ.
1553 4057 1900 4128 Στεφανηφο-

325 4128 556 4197 ροῦντος
607 4134 665 4190 δὲ
702 4137 822 4190 τότε
859 4139 953 4192 καὶ
1007 4142 1382 4214 πρωτεύοντος
1405 4146 1506 4215 τῆς
1538 4149 1896 4220 Χερσωνιτῶν

320 4223 612 4289 Διογένους
642 4225 738 4279 τοῦ
765 4229 1070 4298 Διογένους,
1097 4233 1147 4286 oi
1187 4236 1532 4306 Χερσωνῖται
1565 4241 1666 4311 τὴν
1699 4242 1892 4297 κέλευ-

322 4331 415 4366 σιν
467 4315 719 4386 ἀσμένως
783 4321 1285 4394 πειθαρχήσαντες,
1331 4329 1478 4400 πάσῃ
1530 4332 1734 4404 σπουδῇ
1794 4352 1895 4389 κα-

318 4407 767 4472 τασκευάσαντες
811 4413 880 4466 τά
937 4430 997 4467 τε
1056 4415 1326 4488 πολεμικά
1378 4419 1621 4491 ἅρματα,
1661 4425 1754 4477 καὶ
1798 4427 1897 4491 τὰς

320 4497 790 4572 χειροϐολίστρας,
823 4506 1302 4577 καταλαμϐάνουσι
1342 4511 1432 4566 τὸν
1473 4515 1684 4586 Ἴστρον
1729 4533 1896 4572 ποτα-

321 4589 449 4657 μὸν,
514 4593 607 4646 καὶ
638 4593 828 4650 τοῦτον
861 4598 1201 4669 περάσαντες
1244 4604 1746 4678 ἀντιπαρετάξαντο
1785 4613 1898 4676 τοῖς

2018 777 2275 844 receptis,
2329 779 2718 851 intellectoqoc
2766 785 3075 855 quid'inter
3128 791 3480 850 Constantem
3530 809 3586 852 ct

2017 864 2401 924 Sauromatum
2435 879 2617 926 actum
2649 883 2815 940 esset,
2862 874 3181 947 Bosporum,
3225 891 3278 937 et
3326 883 3588 943 Maeotidis

2015 958 2230 1028 paludis
2260 961 2479 1030 oppida,
2542 962 2884 1036 familiasquc
2929 983 3119 1025 omnes
3164 971 3360 1030 illaesos
3410 977 3585 1032 tradi-

2015 1050 2215 1106 derunt
2243 1053 2377 1109 viris
2412 1069 2439 1108 a
2466 1055 2810 1112 Sauromato-
2839 1059 3043 1116 missis.
3072 1061 3344 1120 Constans
3372 1077 3578 1134 autem,

2015 1142 2106 1197 ubi
2121 1157 2184 1197 ex
2202 1145 2427 1200 Romani
2448 1147 2657 1218 imperii
2683 1149 3169 1208 loeisdiscessisset
3197 1155 3580 1224 Sauromatus,

2014 1234 2133 1303 ipse
2172 1250 2390 1306 quoque
2422 1236 2650 1294 Romam
2697 1241 2998 1310 contendit,
3041 1246 3330 1318 omniaque
3357 1268 3386 1306 a
3412 1253 3585 1307 Chcr-
3673 1294 3683 1313 κ

2013 1326 2210 1383 sonitis
2235 1335 2356 1384 acta
2399 1329 2715 1400 imperatori
2764 1334 3047 1398 indicavit.
3122 1340 3374 1398 adductis
3453 1345 3589 1400 item

2013 1416 2229 1473 duobus
2267 1419 2478 1490 legatis,
2525 1436 2667 1491 quos
2697 1438 2820 1478 cum
2863 1425 3093 1482 vidisset
3120 1428 3437 1499 imperator,
3488 1435 3583 1488 he-

2012 1507 2176 1577 nigne
2201 1510 2442 1578 exceptis
2537 1513 2742 1581 gratias
2812 1515 3077 1571 maximas
3125 1519 3257 1587 egit,
3333 1522 3584 1592 inquiens

2013 1597 2184 1667 ipsis:
2216 1598 2360 1664 Quid
2404 1601 2584 1656 vultis
2633 1603 2794 1658 vobis
2843 1613 2898 1659 et
2946 1605 3156 1661 civitati
3206 1619 3402 1666 vestrm
3459 1613 3582 1668 deut

2007 1703 2108 1757 pro
2135 1690 2224 1742 tali
2275 1691 2649 1747 benevolentia
2701 1701 2755 1747 et
2789 1696 3034 1750 auxilio?
3079 1699 3158 1753 illi
3229 1718 3359 1756 vero
3408 1707 3583 1774 impe-

2009 1780 2175 1833 ratori
2198 1783 2626 1850 responderunt:
2658 1785 2803 1840 Nihil
2833 1785 3002 1853 aliud,
3023 1789 3267 1855 domine,
3316 1797 3570 1862 petimus,

2010 1870 2196 1925 nisiut
2243 1871 2397 1926 liberi
2421 1887 2484 1928 ac
2514 1874 2787 1932 immunes
2846 1877 3020 1935 simus
3054 1894 3084 1934 a
3110 1882 3338 1938 tributo.
3410 1885 3582 1955 impe-

2010 1967 2162 2015 rator
2199 1970 2374 2017 autem
2420 1979 2584 2033 quam
2629 1965 2868 2021 libenter
2892 1983 3080 2024 eorum
3119 1973 3365 2041 petitioni
3422 1977 3582 2031 obsc-

2015 2051 2262 2107 cundans
2315 2052 2518 2110 liberos
2596 2069 2660 2109 ac
2702 2055 2973 2114 immunes
3033 2072 3063 2113 a
3131 2061 3342 2117 tributo
3429 2065 3580 2126 fecit.

2015 2142 2310 2214 multisque
2351 2151 2609 2212 prteterea
2672 2147 2994 2204 muneribus
3065 2151 3456 2210 cohonestatos
3510 2157 3579 2210 ad

2013 2233 2364 2290 Chersouitas
2412 2235 2643 2302 remisit,
2709 2237 2874 2293 veluti
2920 2256 3078 2296 veros
3106 2257 3170 2298 ac
3233 2244 3419 2301 ﬁdeles
3475 2248 3582 2301 im-

2015 2323 2150 2392 perii
2184 2321 2412 2379 Romani
2447 2326 2716 2382 subditos.
2757 2329 2826 2383 At
2855 2329 3128 2387 Constans
3159 2335 3443 2404 magniﬁce
3466 2336 3582 2405 ipse

2013 2428 2230 2484 quoque
2258 2415 2326 2469 ab
2351 2415 2677 2485 imperatore
2710 2417 3045 2476 Diocletiano
3074 2433 3358 2493 exceptus,
3415 2427 3578 2482 veluti

2014 2518 2074 2557 re
2107 2513 2297 2559 contra
2336 2505 2693 2564 Sauromatas
2724 2511 2984 2579 praeclare
3034 2524 3208 2581 gesta,
3252 2525 3305 2570 ct
3348 2517 3580 2573 illustris

2011 2594 2305 2666 clarusque
2362 2595 2558 2663 factus,
2590 2600 2752 2667 paulo
2791 2609 2915 2670 post
2945 2603 3000 2657 iu
3023 2603 3308 2674 imperium
3373 2606 3575 2663 Roma-

2011 2702 2141 2742 num
2174 2689 2464 2752 successit,
2499 2688 2834 2747 Diocletiano
2862 2691 3233 2750 Nicomediam
3265 2699 3574 2757 secedente.

2010 2778 2310 2833 Constante
2337 2792 2516 2834 autem
2547 2789 2765 2836 mortuo
2809 2783 3105 2852 imperator
3133 2786 3233 2842 fuit
3279 2788 3423 2844 illius
3446 2789 3570 2858 ejus

2009 2869 2420 2927 Constantinus.
2475 2870 2579 2937 Qui
2637 2887 2765 2927 cum
2839 2874 3199 2946 Byzantinum
3301 2879 3570 2948 venisset,

2012 2958 2445 3030 Scytharumque
2497 2961 2745 3015 nonnulli
2794 2963 3140 3030 rebellarent,
3193 2971 3466 3026 revocatis
3517 2972 3573 3026 in

2009 3051 2324 3105 memoriam
2377 3067 2516 3125 qua;
2551 3065 2581 3106 a
2629 3061 2782 3121 patre
2829 3053 3130 3113 Constante
3167 3059 3463 3116 audivisset
3507 3066 3576 3115 de

2009 3141 2380 3197 benevolentia
2401 3150 2453 3197 et
2487 3143 2690 3199 auxilio
2714 3143 3187 3214 Cbersonitarum,
3220 3151 3430 3220 legatos
3463 3152 3574 3208 illis

2009 3229 2175 3298 misit,
2221 3233 2504 3302 postulans
2538 3243 2593 3287 ut
2624 3245 2812 3289 contra
2847 3235 3080 3307 Scythas
3120 3253 3269 3292 arma
3317 3253 3574 3311 caperent

2006 3339 2070 3380 ac
2101 3325 2448 3382 rebellatores
2463 3325 2837 3396 subjugarent.
2860 3327 3119 3398 Princeps
3144 3339 3324 3385 autem
3357 3346 3422 3385 ac
3450 3349 3575 3401 pro-

2005 3425 2179 3472 tector
2204 3417 2653 3473 Chersonitarum
2690 3427 2826 3474 tunc
2868 3420 3126 3490 temporis
3141 3429 3259 3476 erat
3307 3423 3575 3494 Diogenes

2001 3509 2254 3577 Diogenis
2305 3509 2472 3575 illius,
2523 3521 2578 3566 et
2603 3510 2835 3567 libenter
2893 3512 3148 3566 mandato
3236 3511 3579 3573 Chersonitm

2001 3600 2316 3656 obedientes
2374 3601 2525 3655 omni
2603 3602 2789 3657 studio
2869 3602 3124 3658 curribus
3179 3603 3390 3662 bellicis
3449 3623 3571 3661 cum

2000 3690 2407 3746 chirobolistris
2441 3691 2728 3748 instructis
2785 3691 2853 3746 ad
2913 3691 3111 3749 lstrum
3159 3693 3358 3752 ﬂumen
3390 3699 3575 3768 profe-

2003 3782 2076 3837 cti
2130 3783 2484 3851 trajecerunt,
2513 3796 2578 3837 ac
2615 3791 2809 3839 contra
2841 3785 3050 3840 hostem
3112 3787 3400 3843 tendentes
3449 3805 3596 3843 eum,

2002 3881 2318 3940 superatum
2349 3870 2406 3924 in
2458 3869 2641 3940 fugam
2690 3880 3098 3927 converterunt.
3134 3874 3345 3940 Quibus
3391 3879 3600 3946 cogni-v

2003 3963 2074 4016 tis
2127 3961 2421 4030 imperator
2449 3959 2669 4014 domum
2696 3975 2792 4015 eos
2821 3963 2995 4017 redire
3023 3961 3213 4031 jussit,
3236 3970 3574 4035 proteuonli-

2001 4052 2104 4108 bus
2126 4059 2304 4106 autem
2336 4047 2653 4122 Byzantium
2683 4050 2888 4106 vocatis
2917 4052 3123 4121 gratias
3153 4057 3418 4112 maximas
3440 4061 3572 4127 egit,

1999 4143 2242 4214 dixitque
2266 4143 2429 4212 ipsis:
2462 4139 2906 4209 Quandoquidem
2964 4144 3124 4198 etiam
3172 4160 3315 4200 nunc
3349 4147 3575 4217 benigne

2003 4251 2102 4308 pro
2132 4233 2288 4291 nobis
2315 4233 2630 4300 laborastis,
2693 4233 3152 4302 quemadmodum
3209 4247 3262 4293 et
3320 4255 3417 4308 pro
3470 4243 3572 4310 piis

2002 4327 2301 4397 majoribus
2331 4324 2636 4379 divinitatis
2663 4333 2888 4390 nostrm,
2927 4341 3054 4380 ecce
3089 4329 3250 4383 etiam
3313 4347 3412 4384 nos
3469 4333 3566 4384 da-

2001 4429 2107 4474 tam
2137 4419 2291 4474 vobis
2322 4418 2627 4473 libertatem
2685 4426 2738 4472 et
2803 4433 2833 4472 a
2887 4418 3096 4473 tributo
3148 4420 3570 4486 immunitatem,

1997 4527 2097 4584 per
2128 4512 2380 4582 regiones
2428 4509 2660 4564 Romani
2700 4511 2913 4582 imperii
2945 4511 3372 4580 conﬁrmamus;
3434 4531 3570 4584 prac-

2005 4611 2153 4657 tcrca
2220 4603 2412 4655 damus
2443 4615 2662 4670 quoque
2692 4609 2927 4655 statuam
2976 4597 3195 4656 auream
3240 4620 3364 4690 cu’m
3415 4608 3569 4662 chla-

317 4679 706 4750 ἀνθεστηκόσι,
736 4687 830 4738 καὶ
865 4688 1246 4755 ὲτροπώσαντο
1276 4693 1494 4759 αὐτούς.
1543 4697 1747 4751 Μαθὼν
1776 4699 1833 4753 δὲ
1871 4703 1899 4754 ὁ

2006 4693 2162 4763 tnyde
2197 4692 2564 4759 imperatoria,
2607 4690 2913 4755 ﬁbulatura,
2953 4700 3008 4747 ct
3041 4708 3245 4749 corona
3286 4679 3468 4764 aurea,
3500 4698 3567 4752 ad

318 4771 580 4840 βασιλεὺς
614 4771 713 4842 τὴν
739 4775 828 4828 ὑπ’
861 4778 1041 4832 αὐτῶν
1083 4784 1380 4853 γενομένην
1414 4788 1646 4860 τροπὴν,
1676 4787 1895 4845 ἐκέλευ-

317 4876 416 4912 σεν
451 4863 649 4927 αὐτοὺς
681 4865 822 4918 κατὰ
861 4867 958 4938 τὴν
995 4870 1372 4946 ,ἐνεγκαμένην
1395 4877 1648 4932 ἀπιέναι·
1681 4883 1806 4945 τοὺς
1835 4883 1892 4936 δὲ

316 4950 526 5005 τούτων
581 4954 964 5024 πρωτεύοντας
1020 4965 1535 5036 προσκαλεσάμενος
1595 4971 1736 5023 κατά
1791 4973 1886 5024 τοῦ

315 5041 638 5108 Βυζαντίου,
677 5047 767 5099 καὶ
806 5048 1210 5121 εὐχαριστήσας
1247 5057 1317 5109 τὰ
1352 5058 1606 5126 μέγιστα,
1645 5060 1750 5131 ἔφη
1784 5063 1885 5114 αὑο

315 5136 452 5196 τοῖςθ
498 5133 715 5208 Ἐπειδὴ
766 5139 862 5192 καὶ
911 5140 1008 5193 νῦν
1061 5144 1322 5209 εὐνοϊκῶς
1378 5147 1520 5220 ὑπὲρ
1549 5150 1709 5220 ἡμῶν
1747 5152 1881 5206 ὲκά-

316 5242 472 5294 μετε,
514 5227 697 5293 καθὼς
750 5232 846 5285 καὶ
888 5233 982 5286 ἐπὶ
1034 5233 1143 5289 τῶν
1176 5237 1416 5292 εὐσεϐῶν
1450 5241 1734 5309 προγόνων
1773 5244 1875 5312 τῆς

2002 4793 2252 4838 ornatum
2287 4783 2446 4854 148
2475 4792 2672 4838 vestra:
2738 4785 2922 4850 urbis;
2986 4783 3113 4838 item
3202 4789 3568 4858 syngrapham

1999 4885 2239 4930 nostram
2273 4889 2438 4942 super
2462 4874 2713 4928 libertate
2759 4883 2814 4928 ct
2845 4875 3189 4931 immunitate
3221 4885 3330 4929 tam
3361 4887 3564 4938 vestra,

1995 4983 2155 5038 quam
2187 4973 2477 5019 nautarum
2509 4974 2817 5019 vestrorum
2853 4981 2865 5016 :
2903 4968 3121 5035 insuper
3154 4975 3374 5036 propter
3406 4969 3570 5023 bene-

1989 5059 2236 5114 volentiae
2262 5063 2451 5111 vestra:
2483 5056 2848 5110 sinceritatem
2879 5058 3107 5110 annulos
3130 5072 3344 5126 quoque
3374 5058 3568 5113 damus

1993 5166 2206 5214 aureos,
2292 5147 2345 5200 in
2443 5146 2642 5216 quibus
2686 5161 2942 5217 expressa.
3005 5148 3305 5218 majestatis
3367 5158 3568 5202 nostra:

1999 5243 2260 5313 intago,ut
2285 5240 2350 5294 iis
2367 5237 2724 5294 relationibus
2743 5238 2940 5294 vestris
2963 5238 3564 5308 supplicationibusque

1441 5394 1739 5451 ANSELMI
1764 5396 2088 5453 BANDURll
2120 5397 2350 5453 NOTAE.

385 5519 498 5588 (67)
529 5519 603 5574 Ita
639 5539 745 5608 ms.
778 5525 968 5582 codex.
1004 5528 1146 5586 Editi
1169 5531 1392 5600 habent,
1427 5534 1680 5589 ἁνέλιπον
1703 5537 1800 5608 τήν
1824 5553 1881 5588 τε

313 5590 610 5660 Ιιᾶσπορον,
641 5602 748 5648 etc.

383 5659 500 5742 (6‘8)
532 5660 605 5742 Ita
661 5661 716 5716 in
771 5681 874 5722 ms.
925 5667 1219 5741 Perperaut
1267 5687 1394 5727 vero
1455 5675 1510 5730 in
1562 5675 1744 5742 editis,
1802 5676 1881 5729 ὅτι

313 5731 510 5798 οὐδεὶς,
543 5730 798 5802 δέσποτα,
831 5745 937 5793 etc.

2066 5535 2179 5603 (69)
2219 5534 2591 5604 Κώνσταντος.
2645 5533 3005 5604 Constantem
3033 5547 3171 5604 vero
3195 5534 3283 5588 hic
3323 5536 3558 5604 appellat

1993 5602 2230 5673 scriptor
2270 5613 2458 5658 noster
2515 5603 2896 5673 Constantium
2945 5602 3235 5667 Chiorum,
3291 5602 3560 5662 utne,qu

1996 5672 2316 5727 nnn’videt:
2369 5685 2422 5726 ct
2478 5675 2550 5728 ita
2599 5675 2761 5729 etiam
2794 5688 2820 5726 a
2853 5672 3063 5727 Zouat'a
3110 5682 3356 5740 vocatur,
3410 5685 3462 5732 et
3510 5679 3562 5732 in

1994 5743 2211 5802 Mcuwis
2243 5744 2306 5798 ‘21
2335 5742 2479 5799 Maii.
