4046 6208
436 343 546 411 tea
1471 298 1975 407 CONsTAN'fINI
2015 346 2689 410 PORPHYROGENITI
3574 351 3683 417 tot

435 462 690 532 s'gnatis,
736 476 873 531 quas
928 473 1023 528 per
1098 455 1445 511 occasionem
1529 457 1755 512 missuri
1796 516 1808 528 ,
1848 459 1990 513 estis

2108 461 2383 531 ἡμετέρας
2430 461 2726 533 θειότητος,
2784 459 2893 513 ἰδοὺ
2944 460 3038 514 καὶ
3084 461 3246 531 ἡμεῖς
3298 462 3689 535 ἑπικυροῦντες

436 562 653 611 vestros
678 552 904 607 nuntios
937 550 1261 619 dignoscere
1313 547 1441 604 inde
1464 549 1760 619 possimus.

2117 552 2216 614 τὰς
2249 552 2349 622 ἥδη
2391 553 2478 605 ἐπ’
2504 551 2788 623 ἐλευθερίᾳ
2819 551 2913 604 καὶ
2941 551 3160 624 ἀτελείᾳ
3181 552 3430 620 δοθείσας
3469 557 3598 628 ὑμῖν
3631 562 3689 612 ἐν

431 650 496 718 τῇ
566 644 845 714 Ῥωμαίων
893 643 957 696 ἐκ
998 643 1095 711 τῆς
1130 642 1407 713 ἡμετέρας
1464 642 1741 713 βασιλείας
1795 645 1999 712 δεξιὰς,
2039 644 2353 714 παρέχομεν
2388 644 2635 716 ύμῖνκαὶ
2672 645 2836 714 ἡμεῖς
2869 643 3162 715 ἀνδριάντα
3237 647 3472 716 χρυσοῦν
3548 650 3687 718 μετὰ

431 736 526 788 καὶ
565 732 833 804 χλαμύδος
859 732 1162 803 βασιλικῆς,
1194 732 1291 787 καὶ
1338 732 1705 802 φιϐλατούρας
1737 734 1871 805 (70),
1907 736 2002 789 καὶ
2043 734 2306 802 στέφανον
2389 734 2643 804 χρυσοῦν,
2691 733 2827 805 πρὸς
2879 734 3215 806 εὐπρέπειαν
3256 737 3358 806 τῆς
3416 739 3686 808 ὑμετέρας

432 830 658 891 πόλεως,
691 828 830 898 μετὰ
896 829 990 881 καὶ
1033 828 1310 896 ἐγγράφου
1342 827 1499 898 ἡμῶν
1537 828 1851 900 ἐλευθερίας
1902 829 1996 882 καὶ
2034 827 2283 891 ἀτελείας
2310 827 2464 898 ὑμῶν
2490 844 2551 879 τε
2580 827 2675 880 καὶ
2708 826 2816 880 τῶν
2839 826 3103 896 πλωῖμων
3157 828 3333 899 ὑμῶν’
3408 833 3503 884 καὶ
3541 832 3679 902 πρὸς

427 922 527 989 τὴν
558 920 890 990 γνησιότητα
939 918 1040 989 τῆς
1082 918 1237 989 ὑμῶν
1267 919 1480 983 εὐνοίας
1506 919 1721 989 δίδομεν
1754 921 1882 990 ὑμῖν
1908 920 2003 973 καὶ
2040 918 2360 981 δακτυλίους
2396 917 2632 989 χρυσοῦς
2674 917 3045 980 ἐκτυποῦντας
3071 922 3171 983 τὰς
3239 919 3511 991 ἡμετέρας
3588 924 3677 975 εύ-

430 1013 608 1076 σεὸεϊς
658 1014 891 1077 εἰκόνας,
941 1012 1009 1066 δι’
1049 1005 1124 1065 ὧν
1173 1010 1274 1073 τὰς
1306 1011 1448 1065 κατὰ
1478 1012 1665 1083 καιρὸν
1691 1012 1991 1082 μελλούσας
2048 1009 2475 1065 ἀποστέλλεσθαι
2514 1011 2644 1080 ήμίν
2705 1011 2833 1080 παρ’
2903 1010 3056 1081 ὑμῶν
3137 1011 3419 1083 ἀναφορᾶς
3464 1030 3523 1067 τε
3589 1008 3681 1069 καὶ

425 1105 641 1177 δεήσεις
667 1102 1061 1176 σφραγίζοντες
1103 1102 1322 1169 ταύτας,
1353 1102 1665 1171 γνωρίμους
1695 1104 1828 1172 ἡμῖν
1860 1102 2217 1156 ἀποδείκνυτε
2249 1101 2375 1164 τοὺς
2403 1099 2612 1153 έαυτῶν
2644 1099 2922 1169 πρέσϐεις.

498 1200 769 1255 Praeterea
803 1199 1000 1254 damus
1045 1212 1269 1268 quoque
1292 1198 1525 1268 singulis
1571 1198 1729 1254 annis
1755 1214 1983 1253 nervum

2183 1195 2639 1268 Προσεπιτούτοις
2695 1197 2752 1250 δὲ
2799 1197 3110 1268 παρέχομεν
3144 1199 3272 1268 ὑμῖν
3300 1199 3420 1253 καθ’
3448 1200 3679 1256 ἕκαστον

429 1300 485 1347 et
513 1292 721 1361 lignum
736 1297 921 1355 tenue,
961 1288 1188 1357 ferrum,
1220 1298 1275 1345 et
1306 1290 1508 1354 oleum,
1541 1290 1608 1343 ad
1671 1290 1990 1345 balistarum

2107 1287 2226 1351 ἔτος
2257 1287 2445 1355 νεῦρόν
2491 1304 2552 1339 τε
2581 1288 2675 1339 καὶ
2722 1287 2977 1353 κάναϐον,
3010 1289 3228 1360 σίδηρόν
3254 1306 3313 1342 τε
3344 1290 3439 1343 καὶ
3472 1290 3673 1355 ἔλαιον,

426 1391 735 1438 vestrarum
777 1380 1173 1436 coniectionem
1210 1398 1225 1434 :
1260 1380 1386 1435 item
1423 1380 1478 1434 in
1509 1380 1764 1435 alimenta
1820 1394 1990 1435 anno-

2106 1378 2244 1449 ὑπὲρ
2277 1377 2628 1447 κατασκευῆς
2650 1376 2760 1430 τῶν
2794 1377 3099 1449 βαλιστρῶν
3126 1378 3301 1446 ὑμῶν·
3331 1379 3426 1432 καὶ
3454 1379 3672 1450 δίδομεν

435 1489 536 1528 nas
573 1474 739 1538 mille,
785 1481 842 1526 ut
867 1473 991 1527 silis
1048 1471 1355 1538 balistarii;
1437 1486 1577 1539 quas
1637 1485 1884 1525 annonas
1945 1478 1990 1523 el

2104 1470 2234 1539 ὑμῖν
2259 1468 2395 1539 πρὸς
2446 1466 2758 1539 ἀποτροφην
2814 1468 2969 1538 ὑμῶν
3015 1469 3193 1539 χιλίας
3230 1471 3478 1536 ἀννόνας,
3512 1472 3595 1539 ἐφ’
3629 1466 3675 1541 ᾧ

428 1572 623 1618 caetera
648 1571 910 1619 consueta
936 1562 1227 1631 quotannis
1272 1562 1426 1616 vobis
1451 1562 1729 1618 mittemus
1752 1563 1805 1615 in
1831 1562 1990 1617 Clter-

2101 1577 2162 1612 τε
2188 1554 2326 1612 εἶναι
2347 1559 2492 1628 ὑμᾶς
2519 1557 2902 1628 βαλισταρίους
2924 1558 3244 1630 λεγόμενον,
3263 1559 3338 1624 ὡς
3361 1560 3462 1624 τὰς
3490 1562 3675 1616 τοιαύο

430 1667 643 1707 sonem.
719 1652 1054 1706 Cbersonitm
1155 1664 1287 1705 vero
1371 1650 1606 1705 annonis
1685 1649 1990 1720 bnjusmodi

2100 1667 2199 1715 τας
2245 1652 2485 1721 σιτήσεις
2518 1667 2578 1703 τε
2626 1652 2720 1704 καὶ
2747 1649 3035 1722 συνηθείας
3072 1651 3255 1716 πάσας
3293 1653 3415 1706 καθ’
3444 1654 3674 1707 ’ἑκαστον

429 1739 687 1808 acceptis,
720 1738 860 1792 inter
887 1752 947 1793 se
996 1737 1305 1809 liberosque
1364 1752 1494 1792 suos
1519 1738 1791 1794 divisione
1831 1737 1990 1804 facta,

2101 1739 2220 1803 ἔτος
2246 1740 2352 1792 τῶν
2378 1739 2626 1793 ἐντεῦθεν
2668 1739 2932 1810 μέλλομεν
2979 1740 3109 1809 ὑμῖν
3143 1741 3494 1795 ἀποστέλλειν
3533 1743 3675 1797 κατά

427 1842 718 1885 numerum
750 1829 1202 1895 constituerunt;
1255 1840 1541 1899 pr0pterea
1580 1844 1758 1899 usque
1787 1829 1856 1882 ad
1894 1830 1990 1883 lto-

2097 1830 2197 1899 τὴν
2250 1829 2632 1900 Χερσωνιτῶν.
2678 1830 2742 1882 Ol
2788 1829 2845 1882 δέ
2889 1830 3230 1899 Χερσωνίται
3282 1830 3384 1894 τὰς
3418 1830 3673 1894 τοιαύτας

426 1921 674 1977 diernam
697 1922 841 1976 diem
898 1922 1144 1992 ipsorum
1180 1922 1276 1977 lilii
1311 1923 1379 1977 ad
1414 1931 1631 1992 patrum
1686 1937 1911 1977 suorum
1943 1922 1990 1976 in

2101 1920 2383 1991 εἰληφότες
2440 1920 2688 1986 ἀννόνας,
2719 1922 2799 1984 είς
2846 1920 3072 1984 ἑαυτούς
3126 1937 3185 1974 τε
3238 1921 3330 1975 καὶ
3359 1921 3429 1975 τὰ
3460 1922 3668 1976 τούτων

425 2013 669 2070 exercitu
712 2014 1172 2084 complementum
1253 2012 1308 2067 in
1351 2029 1581 2069 numero
1632 2013 1859 2068 militum
1909 2028 1990 2068 re-

2103 2012 2273 2065 τέκνα
2317 2011 2733 2083 διαμερίσαντες
2755 2011 2846 2065 τδν
2871 2011 3106 2083 ἀριθμὸν
3138 2014 3553 2083 συνεστήσαντο·
3582 2013 3672 2068 διὰ

425 2111 741 2158 censentur.
791 2101 968 2171 Atque
989 2101 1095 2156 hoc
1114 2109 1275 2171 pacto
1292 2110 1422 2157 tunc
1445 2088 1707 2172 tetnporis
1732 2100 1997 2171 Diogenes

424 2201 481 2248 et
506 2193 598 2261 qui
629 2206 752 2248 cum
791 2193 913 2263 ipso
968 2203 1275 2248 commeatu
1325 2207 1389 2248 ac
1425 2193 1749 2249 muneribus
1781 2207 1811 2246 a
1853 2191 1995 2249 Con-

425 2284 667 2339 stantino
696 2281 789 2338 Dei
823 2283 1200 2340 amantissimo
1262 2284 1595 2355 imperatore
1636 2283 1913 2350 instructi,
1939 2284 1991 2337 in

426 2383 628 2428 terram
657 2388 811 2429 suam
839 2375 1044 2430 reversi
1083 2383 1234 2438 sunt,
1291 2375 1509 2432 divinos
1538 2374 1774 2430 honores
1806 2387 1992 2429 secum

424 2466 686 2523 ferentes.
716 2466 891 2521 Annis
962 2483 1092 2523 vero
1154 2467 1365 2537 aliquot
1433 2474 1579 2535 post,
1628 2465 1991 2520 Sauromatus

425 2558 735 2613 Sauromati
790 2557 1127 2623 Criscoroni,
1199 2557 1292 2627 qui
1338 2554 1590 2610 Lazicam
1664 2554 1806 2609 bello
1857 2552 1993 2608 infe-

423 2660 684 2715 staverat,
746 2665 942 2719 nepos,
997 2649 1229 2704 collecto
1265 2650 1334 2701 ad
1385 2645 1686 2701 Maaotidem
1736 2644 1991 2716 paludem

424 2740 596 2794 milite
623 2750 815 2794 contra
862 2738 1217 2795 Cbcrsonitas
1265 2738 1457 2804 movit,
1486 2736 1764 2806 injuriam,
1806 2742 1865 2791 ut
1910 2736 1993 2789 in-

423 2828 663 2899 quiebat,
699 2828 1038 2898 captivitatis
1086 2828 1173 2882 avi
1230 2829 1339 2895 sui,
1366 2842 1485 2899 quae
1511 2827 1850 2883 Diocletiano
1876 2826 1983 2880 im-

424 2928 649 2989 perante
672 2920 888 2985 accidit,
979 2918 1193 2974 ulturus
1222 2937 1236 2973 :
1280 2934 1387 2990 qna
1410 2934 1469 2974 re
1524 2919 1803 2973 intellecta
1823 2916 1993 2973 Cher-

422 3011 636 3075 sonitm,

422 3101 684 3172 temporis
711 3101 986 3157 habebant
1023 3099 1259 3171 Byscum
1293 3100 1575 3172 Supolicbi
1603 3100 1794 3167 lilium,
1821 3099 1989 3155 armis

422 3192 789 3263 quoqueipsi
854 3193 1091 3262 sumptis
1154 3192 1373 3248 obviam
1453 3192 1502 3247 ei
1563 3191 1690 3247 facti
1754 3198 1884 3246 sunt
1937 3190 1992 3245 in

422 3279 556 3334 locis
637 3278 819 3351 Capita
896 3280 1248 3351 nuncupatis,
1322 3280 1569 3351 iuitoque
1629 3282 1846 3350 proelio,
1885 3277 1993 3335 Deo

420 3372 750 3442 opitulante,
787 3371 1127 3428 Chersonitte
1157 3370 1470 3439 superiores
1528 3371 1657 3424 facti
1693 3372 1993 3424 Sauromao

423 3472 537 3516 tum
571 3463 622 3515 in
653 3462 832 3530 lugatn
867 3469 1279 3520 converterunt.
1332 3461 1671 3530 limitemque
1710 3459 1766 3514 in
1801 3459 1992 3515 eodem

423 3551 547 3604 loco
613 3549 801 3615 Capita
866 3549 1145 3604 nominato
1205 3549 1297 3603 ubi
1369 3550 1602 3605 victoria
1643 3549 1804 3620 potiti
1864 3558 1993 3604 sunt

422 3644 612 3691 contra
685 3634 1091 3703 Sauromatum,
1150 3645 1469 3708 posuerunt.
1539 3639 1594 3694 in
1659 3654 1769 3710 quo
1827 3639 1991 3694 etiam

422 3730 800 3796 Sauromatns,
827 3739 880 3784 et
929 3732 1166 3801 quicum
1192 3733 1311 3803 ipso
1341 3746 1371 3786 a
1414 3733 1611 3804 prmlio
1670 3732 1992 3803 superstites

421 3828 596 3884 erant,
663 3836 941 3891 nunquam
982 3837 1042 3878 se
1093 3838 1216 3877 eum
1279 3839 1404 3878 cum
1454 3826 1622 3881 armis
1685 3836 1993 3896 transgres-

420 3928 582 3967 suros
604 3927 727 3967 esse
753 3912 1050 3983 jurarnnt;
1103 3913 1200 3969 sed
1226 3916 1448 3986 propria
1514 3924 1777 3987 utrosque
1848 3917 1991 3972 assi-

421 4011 691 4073 gnataqne
781 4004 883 4059 sibi
969 4005 1268 4061 secundum
1333 4008 1668 4077 praestitutos
1731 4008 1991 4062 terminus

421 4107 538 4152 tuca
566 4098 905 4154 ltabitatnros
940 4114 1080 4154 esse.
1117 4101 1293 4169 Atque
1316 4101 1388 4153 ita
1435 4099 1734 4171 Bosporum
1790 4100 1993 4156 Sauro-

424 4200 631 4255 ntatus,
668 4192 1003 4248 Chersonitze
1033 4200 1233 4245 terram
1258 4206 1410 4245 suam
1461 4193 1817 4261 repetierunt.
1869 4194 1993 4248 llis-

421 4298 528 4353 que
557 4283 630 4337 ita
657 4282 847 4351 gestis,
884 4297 1079 4338 rursus
1136 4290 1259 4352 post
1332 4285 1542 4353 aliquot
1614 4300 1787 4338 annos
1849 4286 1991 4340 alius

422 4373 779 4429 Sauromatus
821 4387 944 4427 cum
1015 4372 1245 4427 militum
1313 4389 1478 4428 manu
1554 4374 1620 4427 ad
1679 4373 1987 4430 Mmotidcm

2098 2104 2159 2155 τὸ
2182 2101 2278 2156 καὶ⁵
2312 2102 2417 2165 ἕως
2454 2101 2550 2155 τοῦ
2599 2101 2693 2155 νῦν
2726 2101 2797 2155 τά
2827 2101 3036 2156 τούτων
3063 2105 3231 2157 τέκνα
3270 2105 3412 2157 κατὰ
3443 2102 3551 2156 τῶν
3580 2121 3673 2173 γοο

2098 2194 2233 2248 νέων
2261 2197 2360 2265 τῆς
2383 2194 2669 2266 στρατείας
2703 2194 3094 2265 συμπλήρωσιν
3124 2196 3181 2249 ἐν
3209 2193 3286 2265 τῷ
3322 2194 3542 2266 ἀριθμῷ
3577 2213 3674 2250 κα-

2096 2286 2480 2340 τατάσσονται.
2522 2285 2785 2356 Ἐφοδίοις
2822 2286 2878 2339 δέ
2905 2287 3000 2340 καὶ⁸
3020 2286 3214 2358 δώροις
3246 2286 3517 2352 πλείστοις
3546 2289 3665 2341 τότε

2095 2376 2438 2447 τιμηθέντων
2472 2376 2575 2430 ὑπὸ
2624 2376 2718 2430 τοῦ
2769 2376 3050 2447 θεοφιλοῦς
3083 2376 3348 2447 βασιλέως
3377 2378 3665 2432 Κώνσταν-

2093 2468 2240 2521 τίνου
2267 2467 2361 2521 τοῦ
2392 2484 2451 2521 τε
2473 2469 2757 2537 Διογένους
2803 2468 2898 2522 καὶ
2955 2468 3063 2524 τῶν
3103 2468 3200 2522 σὺν
3230 2469 3396 2538 αὐτῷ,
3437 2469 3667 2522 κατέλα-

2094 2558 2187 2615 ϐον
2214 2559 2314 2631 τὴν
2342 2559 2699 2629 Χερσωνιτῶν
2744 2559 3182 2630 ἀποκομίσαντες
3225 2560 3320 2613 καὶ
3371 2560 3469 2623 τὰς
3516 2560 3668 2623 θείας

2094 2649 2431 2718 φιλοτιμίας.
2459 2648 2615 2703 Μετά
2645 2650 2701 2703 δὲ
2724 2650 2951 2721 χρόνους
2993 2650 3148 2712 τινάς
3192 2648 3288 2703 τοῦ
3319 2648 3489 2702 ταῦτα
3517 2666 3668 2715 γεγοο

2094 2741 2261 2805 νέναι,
2284 2740 2631 2812 Σαυρόματος
2657 2740 2686 2793 ό
2728 2740 2949 2808 ἔγγονος
2984 2739 3335 2810 Σαυρομάτου
3384 2738 3478 2792 τοῦ
3520 2741 3663 2810 Κριο

2096 2830 2351 2902 σκορόνου
2386 2831 2501 2903 (Ἠ)
2533 2830 2628 2884 τοῦ
2662 2830 3075 2900 πολεμήσαντος
3107 2830 3207 2899 τὴν
3244 2829 3509 2897 Λαζικὴν,
3540 2845 3663 2881 συνο

2091 2921 2348 2993 αθροίσας
2372 2922 2606 2992 πόλεμον
2625 2922 2688 2975 ἐκ
2710 2921 2809 2991 τῆς
2832 2919 3139 2983 Μαιώτιδος
3168 2919 3365 2990 λίμνης
3394 2921 3664 2987 ἐπανέστη

721 3011 813 3081 ιιιιί
898 3009 1197 3080 principem
1267 3024 1332 3063 ac
1404 3017 1782 3080 prmeuontem
1858 3015 1990 3062 tunc

2094 3018 2203 3078 τοῖς
2237 3015 2628 3086 Χερσωνίταις,
2653 3013 2994 3083 βουλόμενος,
3028 3011 3181 3083 φησὶ,
3233 3010 3332 3081 τὴν
3377 3013 3477 3080 τῆς
3498 3011 3666 3079 αίχμ-

2094 3104 2335 3167 αλωσίας
2372 3103 2531 3175 ὖὸριν
2586 3104 2679 3158 τοῦ
2711 3102 2911 3155 οἰκείου
2960 3102 3185 3156 πάππου
3228 3100 3510 3169 ἐκδικῆσαι
3564 3100 3666 3168 τὴν

2096 3196 2227 3267 παρ’
2254 3195 2433 3249 αὐτῶν
2477 3196 2571 3249 ἐπὶ
2595 3192 2978 3265 Διοκλητιανοῦ
3009 3192 3103 3247 τοῦ
3151 3192 3411 3262 βασιλέως
3442 3190 3665 3261 γενομέ-

2094 3306 2212 3358 νην.
2244 3288 2521 3351 Μαθόντες
2565 3287 2620 3340 δὲ
2647 3286 2805 3340 τοῦτο
2837 3287 2886 3339 οἱ
2927 3287 3286 3355 Χερσωνῖται,
3320 3300 3663 3352 στεφανηφο-

2096 3378 2315 3449 ροῦντος
2342 3380 2463 3431 τότε
2490 3378 2584 3430 καὶ
2604 3377 2971 3447 πρωτεύοντος
3003 3378 3101 3445 τῆς
3134 3374 3418 3445 Χερσῶνος
3449 3372 3660 3426 Βύσκου

2092 3472 2186 3526 τοῦ
2218 3473 2568 3543 Σουπολίχου,
2592 3470 3161 3542 ἀντιπαραταξάμενοι
3188 3468 3281 3523 καὶ
3304 3469 3457 3522 αὐτοὶ
3488 3468 3662 3538 ὑπήν-

2093 3578 2267 3633 τησαν
2297 3561 2374 3632 τῷ
2395 3562 2729 3633 Σαυρομάτῳ
2745 3561 2850 3626 ἔξω
2867 3562 2922 3613 ὲν
2937 3563 3046 3623 τοῖς
3064 3559 3154 3613 τοῦ
3178 3559 3470 3629 λεγομένου
3496 3559 3665 3626 Knud

2093 3652 2302 3716 τόποις,
2323 3652 2416 3705 καὶ
2448 3652 2858 3722 πολεμήσαντες
2887 3649 3026 3720 μετὰ
3060 3648 3246 3712 αὑτοῦ,
3274 3647 3362 3700 τοῦ
3386 3647 3523 3699 Θεοῦ
3550 3648 3663 3708 τοῖς

2093 3743 2467 3815 Χερσωνίταις
2506 3742 2846 3813 βοηθοῦντος,
2896 3742 3156 3811 ἐνίκησαν
3186 3740 3277 3794 τὸν
3310 3740 3664 3810 Σαυρόματον

2095 3837 2190 3891 καὶ
2229 3834 2479 3902 ἐδίωξαν,
2517 3835 2787 3905 θήσαντες
2816 3833 2911 3887 καὶ
2952 3832 3240 3905 ὁροθεσίας
3303 3834 3363 3884 ὲν
3409 3830 3486 3901 τῷ
3515 3830 3665 3898 αὐτῷ

2092 3927 2372 3999 λεγομένῳ
2406 3928 2573 3998 Καφᾷ
2604 3927 2661 3978 ἐν
2688 3920 2732 3993 ᾧ
2775 3926 2924 3996 τόπῳ
2955 3925 3367 3995 πολεμήσαντες
3395 3923 3486 3974 τὸν
3520 3923 3664 3973 Σαυ-

2095 4022 2331 4091 ρόματον
2364 4019 2623 4089 ἐνίκησαν
2658 4017 2793 4088 ι’ἵΞγ
2819 4019 2877 4071 ἐν
2911 4012 2955 4086 ᾦ
2979 4017 3075 4070 καὶ
3118 4018 3313 4086 ὅρκους
3344 4014 3662 4068 ἐπετέλεσεν

2092 4114 2120 4164 ὁ
2167 4110 2327 4173 αὐτὸς
2372 4109 2723 4179 Σαυρόματος
2758 4108 2849 4161 καὶ
2908 4109 2958 4160 οἱ
2993 4108 3089 4161 σὺν
3125 4106 3271 4176 αὐτῷ
3309 4104 3661 4170 ὑπολειφθένο

2092 4216 2206 4262 τες,
2237 4198 2332 4250 τοῦ
2368 4200 2565 4266 μηκέτι
2598 4198 2794 4261 αὐτοὺς
2846 4198 3005 4269 χάριν
3035 4198 3270 4267 πολέμου
3311 4191 3660 4263 ὑπερϐαίνειν

2093 4290 2191 4353 τάς
2228 4290 2429 4360 μεταξὺ
2463 4289 2641 4342 αὐτῶν
2669 4289 2917 4353 τεθείσας
2955 4289 3256 4361 ὁροθεσίας,
3287 4286 3399 4341 ἀλλ’
3431 4286 3661 4339 ’ἑκαστον
3712 4274 3723 4289 ’

2094 4380 2274 4434 αὐτῶν
2327 4382 2457 4445 τοὺς
2509 4381 2670 4443 ίδίους
2709 4381 2853 4452 ἔχειν
2893 4382 3091 4445 τόπους
3120 4380 3255 4451 πρὸς
3285 4380 3382 4441 τὰς
3412 4376 3661 4440 τεθείσας

422 4464 674 4536 paludem
708 4464 930 4520 collecta
983 4479 1214 4534 surgens
1246 4464 1446 4519 bellum
1502 4473 1695 4520 contra
1752 4465 1988 4520 Cltersoo

2097 4472 2398 4544 ὁροθεσίας.
2425 4472 2534 4526 Καὶ
2564 4472 2735 4537 οὕτως
2769 4473 3117 4544 ἀνεχώρησεν
3145 4472 3236 4525 ἐπὶ
3259 4470 3356 4542 τὴν
3388 4471 3665 4539 Βόσπορον

428 4557 572 4611 nitas
633 4558 819 4625 cmpit,
878 4558 1187 4626 limitesque
1215 4555 1724 4627 cumjurcjurando
1773 4558 1827 4611 in
1889 4556 1993 4612 Ca-

423 4648 534 4721 pita
564 4665 595 4702 a
649 4650 824 4717 primo
864 4649 1189 4706 Sauromato
1230 4650 1476 4725 ‘positos,
1529 4658 1586 4704 ut
1613 4666 1770 4705 nemo
1800 4660 1987 4706 contra

422 4739 778 4796 Cbersonitas
831 4740 959 4796 belli
1020 4741 1194 4812 gratia
1262 4742 1383 4797 illos
1450 4743 1986 4812 praetergrederetur,

424 4842 798 4903 transgressus
827 4840 934 4897 est,
971 4844 1231 4904 tanquam
1285 4835 1519 4889 ablatam
1569 4835 1671 4890 sibi
1727 4851 1821 4904 per
1874 4837 1983 4891 vim

422 4934 625 4980 terram
690 4924 1069 4981 vindicaturus
1162 4933 1619 4996 recepturusque.
1705 4925 1991 4982 Habebant

424 5026 606 5073 autem
643 5018 944 5089 principem
971 5033 1032 5072 ac
1064 5024 1447 5086 proteuontcm
1477 5026 1606 5071 tunc
1653 5017 1813 5089 149
1853 5026 1990 5073 tem-

424 5109 576 5181 poris
597 5110 934 5167 Chersonitm
965 5110 1306 5165 Pltarnacum
1337 5110 1610 5164 Pharnaci
1656 5110 1847 5173 (ilium,
1900 5124 1992 5165 ar-

424 5200 530 5255 mis
589 5215 809 5272 quoqne
869 5201 969 5270 ipsi
1034 5209 1225 5255 contra
1292 5198 1672 5255 Sauromatum
1730 5202 1987 5270 sumptis,

423 5304 476 5348 et
505 5293 719 5348 obviam
750 5292 854 5348 sibi
917 5301 1106 5347 mutuo
1160 5291 1289 5347 facti
1358 5293 1412 5345 in
1462 5291 1736 5362 praedictis
1798 5291 1985 5363 Caplla

2095 4567 2124 4617 ὁ
2153 4563 2523 4635 Σαυρόματος,
2577 4564 2671 4619 καὶ
2701 4565 2752 4618 οι
2783 4566 3122 4636 Χερσωνίται
3174 4564 3255 4627 είς
3290 4564 3355 4615 τὰ
3396 4561 3524 4614 ἴδια.
3554 4560 3664 4612 Καὶ

2095 4654 2158 4725 δὴ
2193 4655 2394 4709 τούτων
2449 4654 2590 4709 οὕτω
2641 4656 2968 4726 γενομένων,
3025 4654 3189 4708 πάλιν
3239 4652 3379 4724 μετὰ
3436 4650 3663 4722 χρόνους

2094 4748 2244 4810 τινὰς
2299 4747 2486 4816 ἕτερος
2536 4747 2882 4817 Σαυρόματος
2941 4746 3179 4809 ἀναστὰς
3221 4742 3316 4797 καὶ
3363 4742 3461 4795 σὺν
3512 4739 3663 4810 αὐτῷ

2093 4837 2295 4908 πλῆθος
2334 4835 2541 4908 ἀνδρῶν
2586 4838 2651 4890 ἐκ
2705 4836 2801 4904 τῆς
2847 4834 3150 4897 Μαιώτιδος
3195 4832 3391 4902 λίμνης
3423 4828 3663 4897 παρετά-

2094 4928 2219 4994 ξατο
2254 4929 2491 4999 πόλεμον
2520 4929 2663 4982 κατά
2695 4928 2803 4980 τῶν
2833 4926 3211 4998 Χερσωνιτῶν,
3249 4926 3343 4978 καὶ
3373 4918 3662 4994 παρελθὼν

2095 5018 2193 5082 τὰς
2233 5020 2352 5089 μεθ’
2375 5018 2540 5089 ὅρκου
2573 5016 2822 5079 τεθείσας
2852 5017 3133 5086 ὁροθεσίας
3163 5019 3221 5068 ἐν
3246 5015 3325 5087 τῷ
3359 5012 3526 5083 Κατρᾷ
3557 5010 3662 5063 ὑπὸ

2095 5108 2189 5162 τοῦ
2213 5107 2429 5178 πρώτου
2450 5109 2740 5178 γενομένου
2770 5108 3146 5178 Σαυρομάτου,
3169 5106 3263 5160 τοῦ
3293 5105 3497 5176 μηδένα
3532 5102 3660 5156 ποτὲ

2093 5200 2443 5271 ἐπιχειρῆσαι
2480 5200 2588 5253 τῶν
2634 5199 3015 5269 Βοσποριανῶν
3056 5198 3293 5269 πολέμου
3337 5196 3494 5267 χάριν
3536 5193 3639 5248 ταύ

2091 5308 2189 5353 τας
2222 5290 2545 5361 ὑπερϐῆναι,
2566 5281 2720 5353 οὗτος
2748 5293 2777 5345 ό
2799 5290 3146 5362 Σαυρόματος
3184 5288 3447 5363 ὑπερέϐη,
3475 5287 3551 5350 ὡς
3572 5281 3660 5339 οἷα

1586 5425 1884 5482 ANSELMI
1903 5426 2227 5485 BANDURII
2258 5425 2489 5483 ΝΟΤιΕ.

498 5543 607 5614 (7οδ
653 5542 1027 5614 φιδ).ατρύραν
1090 5542 1239 5614 dixit
1278 5542 1797 5614 Porpltyrugmjtus.
1849 5545 1992 5612 qnnd

427 5612 811 5731 ﬁtﬂaroétiptov
840 5611 1062 5679 Stti'tlas,
1102 5614 1196 5683 qui
1232 5611 1611 5683 interpretatur
1672 5611 1994 5683 κριϐόλαισν

480 5697 635 5731 εοσικ
669 5698 717 5731 ν.

426 5682 717 5748 Περσικόν.
1126 5682 1129 5683 ⁷
1380 5682 1383 5683 ⁷
1726 5682 1732 5683 ⁷

491 5749 606 5821 (71)
640 5748 735 5804 llic
768 5752 1017 5822 princeps
1062 5752 1434 5821 Busporianus
1482 5751 1634 5808 initio
1688 5753 1851 5822 hujus
1894 5769 1981 5807 ca-

2101 5545 2231 5620 pitis
2268 5545 2640 5620 appellaltttia.
2668 5544 2936 5620 scriptore
2964 5554 3154 5620 nostro
3190 5542 3458 5620 Κρίσκων·
3491 5542 3659 5620 "Oesn

2100 5610 2248 5677 παῖς,
2281 5610 2501 5668 ϐιῖίεεοη
2547 5615 2641 5670 Ori
2688 5610 2872 5682 ﬁlius;
2938 5615 3083 5669 unde
3127 5610 3257 5682 puto
3292 5614 3380 5666 ttic
3425 5611 3537 5667 duo
3568 5610 3660 5666 illa

2098 5687 2260 5738 verba
2285 5688 2339 5738 in
2369 5700 2535 5738 unum
2561 5686 2629 5737 ab
2653 5686 2873 5737 imloctu
2907 5685 3086 5739 scriba
3114 5682 3371 5736 tonﬂnla.

2162 5755 2276 5823 (7:!)
2311 5754 2409 5810 Ms.
2440 5772 2506 5808 co
2528 5755 2609 5809 lex
2646 5755 2740 5810 sic.
2772 5753 2947 5809 Lm-us
2977 5755 3029 5807 in
3055 5752 3216 5809 editis
3243 5752 3490 5807 mutilus.
