  <div class='ocr_page' id='page_1' title='image "/cluster/home/n/w/nwhite01/storage/ocr_20150623/113/hvd.32044073502270/208.png"; bbox 0 0 4046 6208; ppageno 0'>
   <div class='ocr_carea' id='block_1_1' title="bbox 339 303 443 369">
    <p class='ocr_par' dir='ltr' id='par_1_1' title="bbox 339 303 443 369">
     <span class='ocr_line' id='line_1_1' title="bbox 339 303 443 369; baseline 0.01 -2"><span class='ocrx_word' id='word_1_1' title='bbox 339 303 443 369; x_wconf 65' lang='grc'><strong>609</strong></span> 
     </span>
    </p>
   </div>
   <div class='ocr_carea' id='block_1_2' title="bbox 1428 300 2584 372">
    <p class='ocr_par' dir='ltr' id='par_1_2' title="bbox 1428 300 2584 372">
     <span class='ocr_line' id='line_1_2' title="bbox 1428 300 2584 372; baseline 0.004 -6"><span class='ocrx_word' id='word_1_2' title='bbox 1428 300 1527 367; x_wconf 83' lang='lat' dir='ltr'><strong>DE</strong></span> <span class='ocrx_word' id='word_1_3' title='bbox 1565 302 2202 372; x_wconf 79' lang='lat' dir='ltr'><strong>ADMINISTRANDO</strong></span> <span class='ocrx_word' id='word_1_4' title='bbox 2240 306 2584 372; x_wconf 82' lang='lat' dir='ltr'><strong>IMPERIO.</strong></span> 
     </span>
    </p>
   </div>
   <div class='ocr_carea' id='block_1_3' title="bbox 3478 307 3583 379">
    <p class='ocr_par' dir='ltr' id='par_1_3' title="bbox 3478 307 3583 379">
     <span class='ocr_line' id='line_1_3' title="bbox 3478 307 3583 379; baseline 0.01 -1"><span class='ocrx_word' id='word_1_5' title='bbox 3478 307 3583 379; x_wconf 72' lang='lat' dir='ltr'><strong>UO</strong></span> 
     </span>
    </p>
   </div>
   <div class='ocr_carea' id='block_1_4' title="bbox 340 415 3565 496">
    <p class='ocr_par' dir='ltr' id='par_1_4' title="bbox 340 415 3565 496">
     <span class='ocr_line' id='line_1_4' title="bbox 340 415 3565 496; baseline 0.004 -27"><span class='ocrx_word' id='word_1_6' title='bbox 340 419 417 479; x_wconf 90' lang='grc' dir='ltr'><strong>εἰς</strong></span> <span class='ocrx_word' id='word_1_7' title='bbox 444 416 541 487; x_wconf 84' lang='grc' dir='ltr'>τὴν</span> <span class='ocrx_word' id='word_1_8' title='bbox 572 416 774 471; x_wconf 82' lang='grc' dir='ltr'>εῐσοδον</span> <span class='ocrx_word' id='word_1_9' title='bbox 822 415 920 471; x_wconf 80' lang='grc' dir='ltr'>καὶ</span> <span class='ocrx_word' id='word_1_10' title='bbox 963 415 1062 485; x_wconf 75' lang='grc' dir='ltr'>τὴν</span> <span class='ocrx_word' id='word_1_11' title='bbox 1093 415 1412 481; x_wconf 81' lang='grc' dir='ltr'>ἔξοδον,σὺν</span> <span class='ocrx_word' id='word_1_12' title='bbox 1461 418 1670 486; x_wconf 80' lang='grc' dir='ltr'>ἑτέροις</span> <span class='ocrx_word' id='word_1_13' title='bbox 1711 421 1823 490; x_wconf 68' lang='grc'><strong>(74)</strong></span> <span class='ocrx_word' id='word_1_14' title='bbox 1859 421 1917 474; x_wconf 76' lang='grc' dir='ltr'>δὲ</span> <span class='ocrx_word' id='word_1_15' title='bbox 1957 422 2317 492; x_wconf 86' lang='grc' dir='ltr'>παραπυλίοις</span> <span class='ocrx_word' id='word_1_16' title='bbox 2350 426 2587 492; x_wconf 82' lang='grc' dir='ltr'><strong>σεμνοῖς·</strong></span> <span class='ocrx_word' id='word_1_17' title='bbox 2637 420 2776 475; x_wconf 78' lang='grc' dir='ltr'>ὥστε</span> <span class='ocrx_word' id='word_1_18' title='bbox 2816 424 3214 496; x_wconf 86' lang='grc' dir='ltr'>εισερχομένων</span> <span class='ocrx_word' id='word_1_19' title='bbox 3278 426 3389 483; x_wconf 83' lang='grc' dir='ltr'><strong>τῶν</strong></span> <span class='ocrx_word' id='word_1_20' title='bbox 3454 428 3565 481; x_wconf 74' lang='grc' dir='ltr'>ἁλόο</span> 
     </span>
    </p>
   </div>
   <div class='ocr_carea' id='block_1_5' title="bbox 340 507 1935 581">
    <p class='ocr_par' dir='ltr' id='par_1_5' title="bbox 340 507 1935 581">
     <span class='ocr_line' id='line_1_5' title="bbox 340 507 1935 581; baseline 0.003 -19"><span class='ocrx_word' id='word_1_21' title='bbox 340 522 451 579; x_wconf 89' lang='grc' dir='ltr'><strong>γων</strong></span> <span class='ocrx_word' id='word_1_22' title='bbox 493 510 657 564; x_wconf 79' lang='grc' dir='ltr'>αὐτοῦ</span> <span class='ocrx_word' id='word_1_23' title='bbox 694 512 751 564; x_wconf 90' lang='grc' dir='ltr'><strong>ἐν</strong></span> <span class='ocrx_word' id='word_1_24' title='bbox 775 511 839 580; x_wconf 79' lang='grc' dir='ltr'>τῇ</span> <span class='ocrx_word' id='word_1_25' title='bbox 900 509 1052 561; x_wconf 82' lang='grc' dir='ltr'>πόλει</span> <span class='ocrx_word' id='word_1_26' title='bbox 1078 507 1315 577; x_wconf 79' lang='grc' dir='ltr'>ἑκάστην</span> <span class='ocrx_word' id='word_1_27' title='bbox 1359 508 1563 580; x_wconf 83' lang='grc' dir='ltr'><strong>ἀγέλην</strong></span> <span class='ocrx_word' id='word_1_28' title='bbox 1585 510 1739 574; x_wconf 79' lang='grc' dir='ltr'>ζώων</span> <span class='ocrx_word' id='word_1_29' title='bbox 1800 513 1935 581; x_wconf 81' lang='lat'><strong>(75),</strong></span> 
     </span>
    </p>
   </div>
   <div class='ocr_carea' id='block_1_6' title="bbox 2010 514 3577 590">
    <p class='ocr_par' dir='ltr' id='par_1_6' title="bbox 2010 514 3577 590">
     <span class='ocr_line' id='line_1_6' title="bbox 2010 514 3577 590; baseline 0.005 -25"><span class='ocrx_word' id='word_1_30' title='bbox 2010 514 2194 567; x_wconf 82' lang='grc' dir='ltr'>ἵππων</span> <span class='ocrx_word' id='word_1_31' title='bbox 2234 529 2293 567; x_wconf 85' lang='grc' dir='ltr'><strong>τε</strong></span> <span class='ocrx_word' id='word_1_32' title='bbox 2344 514 2439 567; x_wconf 80' lang='grc' dir='ltr'>καὶ</span> <span class='ocrx_word' id='word_1_33' title='bbox 2492 514 2797 583; x_wconf 80' lang='grc' dir='ltr'>φορὸἀδων,</span> <span class='ocrx_word' id='word_1_34' title='bbox 2862 514 3001 584; x_wconf 82' lang='grc' dir='ltr'>βοῶν</span> <span class='ocrx_word' id='word_1_35' title='bbox 3051 533 3110 569; x_wconf 86' lang='grc' dir='ltr'><strong>τε</strong></span> <span class='ocrx_word' id='word_1_36' title='bbox 3133 519 3227 572; x_wconf 80' lang='grc' dir='ltr'><strong>καὶ</strong></span> <span class='ocrx_word' id='word_1_37' title='bbox 3274 519 3577 590; x_wconf 76' lang='grc' dir='ltr'>δαμάλεωνο</span> 
     </span>
    </p>
   </div>
   <div class='ocr_carea' id='block_1_7' title="bbox 343 598 2796 672">
    <p class='ocr_par' dir='ltr' id='par_1_7' title="bbox 343 598 2796 672">
     <span class='ocr_line' id='line_1_7' title="bbox 343 598 2796 672; baseline 0.001 -18"><span class='ocrx_word' id='word_1_38' title='bbox 343 602 636 672; x_wconf 79' lang='grc' dir='ltr'>προϐάτων</span> <span class='ocrx_word' id='word_1_39' title='bbox 664 619 723 653; x_wconf 90' lang='grc' dir='ltr'><strong>τε</strong></span> <span class='ocrx_word' id='word_1_40' title='bbox 760 603 851 653; x_wconf 78' lang='grc' dir='ltr'>καὶ</span> <span class='ocrx_word' id='word_1_41' title='bbox 891 601 1047 661; x_wconf 87' lang='grc' dir='ltr'>ὅνων,</span> <span class='ocrx_word' id='word_1_42' title='bbox 1074 598 1169 651; x_wconf 77' lang='grc' dir='ltr'>καὶ</span> <span class='ocrx_word' id='word_1_43' title='bbox 1204 598 1272 651; x_wconf 86' lang='grc' dir='ltr'><strong>δι’</strong></span> <span class='ocrx_word' id='word_1_44' title='bbox 1298 600 1433 663; x_wconf 85' lang='grc' dir='ltr'>ἰδίας</span> <span class='ocrx_word' id='word_1_45' title='bbox 1463 599 1637 664; x_wconf 89' lang='grc' dir='ltr'>πύλας</span> <span class='ocrx_word' id='word_1_46' title='bbox 1664 602 1911 663; x_wconf 81' lang='grc' dir='ltr'>εἰσιέναι,</span> <span class='ocrx_word' id='word_1_47' title='bbox 1941 603 2037 655; x_wconf 75' lang='grc' dir='ltr'>καὶ</span> <span class='ocrx_word' id='word_1_48' title='bbox 2070 605 2148 665; x_wconf 85' lang='grc' dir='ltr'><strong>εἰς</strong></span> <span class='ocrx_word' id='word_1_49' title='bbox 2180 602 2313 655; x_wconf 83' lang='grc' dir='ltr'>ἰδίαν</span> <span class='ocrx_word' id='word_1_50' title='bbox 2344 598 2531 655; x_wconf 81' lang='grc' dir='ltr'><strong>στάσιν</strong></span> <span class='ocrx_word' id='word_1_51' title='bbox 2558 602 2796 657; x_wconf 81' lang='grc' dir='ltr'>ἀπιέναι.</span> 
     </span>
    </p>
   </div>
   <div class='ocr_carea' id='block_1_8' title="bbox 416 690 1929 764">
    <p class='ocr_par' dir='ltr' id='par_1_8' title="bbox 416 690 1907 763">
     <span class='ocr_line' id='line_1_8' title="bbox 416 690 1907 763; baseline -0.001 -17"><span class='ocrx_word' id='word_1_52' title='bbox 416 693 807 763; x_wconf 79' lang='grc' dir='ltr'>Παρεκάλεσαν</span> <span class='ocrx_word' id='word_1_53' title='bbox 830 690 920 743; x_wconf 80' lang='grc' dir='ltr'>οὖν</span> <span class='ocrx_word' id='word_1_54' title='bbox 956 692 1006 743; x_wconf 86' lang='grc' dir='ltr'><strong>οἰ</strong></span> <span class='ocrx_word' id='word_1_55' title='bbox 1034 690 1370 757; x_wconf 77' lang='grc' dir='ltr'>Χερσωνῖται</span> <span class='ocrx_word' id='word_1_56' title='bbox 1395 690 1489 744; x_wconf 83' lang='grc' dir='ltr'>τὸν</span> <span class='ocrx_word' id='word_1_57' title='bbox 1519 691 1798 763; x_wconf 79' lang='grc' dir='ltr'><strong>Λάμαχον,</strong></span> <span class='ocrx_word' id='word_1_58' title='bbox 1822 694 1907 761; x_wconf 80' lang='grc' dir='ltr'>ἐφ’</span> 
     </span>
    </p>
   </div>
   <div class='ocr_carea' id='block_1_9' title="bbox 2028 690 3579 764">
    <p class='ocr_par' dir='ltr' id='par_1_9' title="bbox 2087 692 3579 764">
     <span class='ocr_line' id='line_1_9' title="bbox 2087 692 3579 764; baseline 0.003 -17"><span class='ocrx_word' id='word_1_59' title='bbox 2087 693 2238 764; x_wconf 77' lang='lat'><strong>151</strong></span> <span class='ocrx_word' id='word_1_60' title='bbox 2257 693 2539 748; x_wconf 86' lang='lat' dir='ltr'><strong>Adbortati</strong></span> <span class='ocrx_word' id='word_1_61' title='bbox 2560 693 2722 764; x_wconf 88' lang='lat' dir='ltr'><strong>igitur</strong></span> <span class='ocrx_word' id='word_1_62' title='bbox 2735 692 3065 748; x_wconf 83' lang='lat' dir='ltr'><strong>Lamachum</strong></span> <span class='ocrx_word' id='word_1_63' title='bbox 3080 700 3207 750; x_wconf 88' lang='lat' dir='ltr'><strong>sunt</strong></span> <span class='ocrx_word' id='word_1_64' title='bbox 3223 694 3579 764; x_wconf 76' lang='lat' dir='ltr'><strong>Chersonitae,</strong></span> 
     </span>
    </p>
   </div>
   <div class='ocr_carea' id='block_1_10' title="bbox 280 778 1913 856">
    <p class='ocr_par' dir='ltr' id='par_1_10' title="bbox 280 778 1913 856">
     <span class='ocr_line' id='line_1_10' title="bbox 280 778 1913 856; baseline 0.001 -21"><span class='ocrx_word' id='word_1_65' title='bbox 280 821 287 826; x_wconf 82' lang='lat'>-</span> <span class='ocrx_word' id='word_1_66' title='bbox 346 779 391 853; x_wconf 79' lang='grc' dir='ltr'><strong>ᾧ</strong></span> <span class='ocrx_word' id='word_1_67' title='bbox 426 802 485 837; x_wconf 82' lang='grc' dir='ltr'><strong>τε</strong></span> <span class='ocrx_word' id='word_1_68' title='bbox 518 781 1054 852; x_wconf 78' lang='grc' dir='ltr'>ἐπιγαμϐρεύσεσθαι</span> <span class='ocrx_word' id='word_1_69' title='bbox 1104 778 1268 834; x_wconf 79' lang='grc' dir='ltr'>αὑτὸν</span> <span class='ocrx_word' id='word_1_70' title='bbox 1324 782 1418 835; x_wconf 75' lang='grc' dir='ltr'><strong>τὸν</strong></span> <span class='ocrx_word' id='word_1_71' title='bbox 1471 784 1566 837; x_wconf 83' lang='grc' dir='ltr'>τοῦ</span> <span class='ocrx_word' id='word_1_72' title='bbox 1621 785 1913 856; x_wconf 80' lang='grc' dir='ltr'>Ἀσάνδρου</span> 
     </span>
    </p>
   </div>
   <div class='ocr_carea' id='block_1_11' title="bbox 351 872 1915 946">
    <p class='ocr_par' dir='ltr' id='par_1_11' title="bbox 351 872 1915 946">
     <span class='ocr_line' id='line_1_11' title="bbox 351 872 1915 946; baseline 0 -16"><span class='ocrx_word' id='word_1_73' title='bbox 351 879 488 931; x_wconf 87' lang='grc' dir='ltr'>υἰόν.</span> <span class='ocrx_word' id='word_1_74' title='bbox 518 875 623 928; x_wconf 79' lang='grc' dir='ltr'><strong>Τοῦ</strong></span> <span class='ocrx_word' id='word_1_75' title='bbox 653 875 709 927; x_wconf 84' lang='grc' dir='ltr'>δὲ</span> <span class='ocrx_word' id='word_1_76' title='bbox 738 873 994 943; x_wconf 81' lang='grc' dir='ltr'><strong>Λαμάχου</strong></span> <span class='ocrx_word' id='word_1_77' title='bbox 1044 872 1431 937; x_wconf 77' lang='grc' dir='ltr'><strong>ἐπινεύσαντος</strong></span> <span class='ocrx_word' id='word_1_78' title='bbox 1476 877 1540 945; x_wconf 76' lang='grc' dir='ltr'><strong>τῇ</strong></span> <span class='ocrx_word' id='word_1_79' title='bbox 1570 876 1915 946; x_wconf 77' lang='grc' dir='ltr'><strong>παρακλήσει</strong></span> 
     </span>
    </p>
   </div>
   <div class='ocr_carea' id='block_1_12' title="bbox 353 964 1913 1041">
    <p class='ocr_par' dir='ltr' id='par_1_12' title="bbox 353 964 1913 1041">
     <span class='ocr_line' id='line_1_12' title="bbox 353 964 1913 1041; baseline 0.001 -19"><span class='ocrx_word' id='word_1_80' title='bbox 353 967 553 1032; x_wconf 72' lang='grc' dir='ltr'>αὐτῶν,</span> <span class='ocrx_word' id='word_1_81' title='bbox 588 964 747 1039; x_wconf 79' lang='grc' dir='ltr'>ἦλθεν</span> <span class='ocrx_word' id='word_1_82' title='bbox 772 970 799 1021; x_wconf 87' lang='grc' dir='ltr'>ὁ</span> <span class='ocrx_word' id='word_1_83' title='bbox 827 966 918 1019; x_wconf 79' lang='grc' dir='ltr'><strong>τοῦ</strong></span> <span class='ocrx_word' id='word_1_84' title='bbox 967 966 1260 1034; x_wconf 84' lang='grc' dir='ltr'>Ἀσάνδρου</span> <span class='ocrx_word' id='word_1_85' title='bbox 1290 968 1404 1031; x_wconf 81' lang='grc' dir='ltr'>υίὸς</span> <span class='ocrx_word' id='word_1_86' title='bbox 1447 969 1505 1021; x_wconf 82' lang='grc' dir='ltr'><strong>ἐν</strong></span> <span class='ocrx_word' id='word_1_87' title='bbox 1548 971 1612 1039; x_wconf 83' lang='grc' dir='ltr'>τῇ</span> <span class='ocrx_word' id='word_1_88' title='bbox 1645 969 1913 1041; x_wconf 83' lang='grc' dir='ltr'>Χερσῶνι,</span> 
     </span>
    </p>
   </div>
   <div class='ocr_carea' id='block_1_13' title="bbox 356 1058 1914 1133">
    <p class='ocr_par' dir='ltr' id='par_1_13' title="bbox 356 1058 1914 1133">
     <span class='ocr_line' id='line_1_13' title="bbox 356 1058 1914 1133; baseline 0.001 -20"><span class='ocrx_word' id='word_1_89' title='bbox 356 1061 451 1113; x_wconf 78' lang='grc' dir='ltr'>καὶ</span> <span class='ocrx_word' id='word_1_90' title='bbox 491 1060 659 1128; x_wconf 83' lang='grc' dir='ltr'>ἔγημε</span> <span class='ocrx_word' id='word_1_91' title='bbox 714 1060 812 1128; x_wconf 84' lang='grc' dir='ltr'>τὴν</span> <span class='ocrx_word' id='word_1_92' title='bbox 842 1061 1095 1126; x_wconf 84' lang='grc' dir='ltr'>γυναῖκα,</span> <span class='ocrx_word' id='word_1_93' title='bbox 1128 1060 1221 1112; x_wconf 77' lang='grc' dir='ltr'>καὶ</span> <span class='ocrx_word' id='word_1_94' title='bbox 1250 1058 1460 1124; x_wconf 80' lang='grc' dir='ltr'>διετοῦς</span> <span class='ocrx_word' id='word_1_95' title='bbox 1497 1060 1694 1132; x_wconf 88' lang='grc' dir='ltr'>μικροῦ</span> <span class='ocrx_word' id='word_1_96' title='bbox 1721 1062 1914 1133; x_wconf 88' lang='grc' dir='ltr'>χρόνου</span> 
     </span>
    </p>
   </div>
   <div class='ocr_carea' id='block_1_14' title="bbox 355 1149 1915 1225">
    <p class='ocr_par' dir='ltr' id='par_1_14' title="bbox 355 1149 1915 1225">
     <span class='ocr_line' id='line_1_14' title="bbox 355 1149 1915 1225; baseline 0.004 -23"><span class='ocrx_word' id='word_1_97' title='bbox 355 1150 748 1218; x_wconf 85' lang='grc' dir='ltr'>διαγενομένου,</span> <span class='ocrx_word' id='word_1_98' title='bbox 785 1149 1135 1220; x_wconf 73' lang='grc' dir='ltr'><strong>ἐτελεύτησεν</strong></span> <span class='ocrx_word' id='word_1_99' title='bbox 1162 1150 1189 1202; x_wconf 81' lang='grc' dir='ltr'><strong>ὁ</strong></span> <span class='ocrx_word' id='word_1_100' title='bbox 1225 1150 1502 1221; x_wconf 82' lang='grc' dir='ltr'>Λάμαχος·</span> <span class='ocrx_word' id='word_1_101' title='bbox 1532 1153 1565 1223; x_wconf 81' lang='grc' dir='ltr'><strong>ἡ</strong></span> <span class='ocrx_word' id='word_1_102' title='bbox 1599 1154 1707 1223; x_wconf 78' lang='grc' dir='ltr'><strong>γὰρ</strong></span> <span class='ocrx_word' id='word_1_103' title='bbox 1735 1154 1915 1225; x_wconf 72' lang='grc' dir='ltr'>μήτηρ</span> 
     </span>
    </p>
   </div>
   <div class='ocr_carea' id='block_1_15' title="bbox 352 1234 1914 1315">
    <p class='ocr_par' dir='ltr' id='par_1_15' title="bbox 352 1234 1914 1315">
     <span class='ocr_line' id='line_1_15' title="bbox 352 1234 1914 1315; baseline 0.005 -23"><span class='ocrx_word' id='word_1_104' title='bbox 352 1239 448 1309; x_wconf 84' lang='grc' dir='ltr'>τῆς</span> <span class='ocrx_word' id='word_1_105' title='bbox 489 1238 687 1303; x_wconf 79' lang='grc' dir='ltr'>Γυκίας</span> <span class='ocrx_word' id='word_1_106' title='bbox 716 1241 1196 1312; x_wconf 83' lang='grc' dir='ltr'>προτελευτήσασα</span> <span class='ocrx_word' id='word_1_107' title='bbox 1221 1234 1308 1312; x_wconf 80' lang='grc' dir='ltr'><strong>ἦν.</strong></span> <span class='ocrx_word' id='word_1_108' title='bbox 1354 1243 1416 1295; x_wconf 81' lang='grc' dir='ltr'><strong>Ἥ</strong></span> <span class='ocrx_word' id='word_1_109' title='bbox 1444 1240 1539 1297; x_wconf 75' lang='grc' dir='ltr'>οὖν</span> <span class='ocrx_word' id='word_1_110' title='bbox 1571 1244 1740 1298; x_wconf 86' lang='grc' dir='ltr'>Γυκία</span> <span class='ocrx_word' id='word_1_111' title='bbox 1777 1246 1914 1315; x_wconf 82' lang='grc' dir='ltr'>μετὰ</span> 
     </span>
    </p>
   </div>
   <div class='ocr_carea' id='block_1_16' title="bbox 348 1329 1911 1406">
    <p class='ocr_par' dir='ltr' id='par_1_16' title="bbox 348 1329 1911 1406">
     <span class='ocr_line' id='line_1_16' title="bbox 348 1329 1911 1406; baseline 0.001 -21"><span class='ocrx_word' id='word_1_112' title='bbox 348 1333 446 1401; x_wconf 85' lang='grc' dir='ltr'>τὴν</span> <span class='ocrx_word' id='word_1_113' title='bbox 488 1333 582 1385; x_wconf 82' lang='grc' dir='ltr'>τοῦ</span> <span class='ocrx_word' id='word_1_114' title='bbox 615 1333 862 1386; x_wconf 76' lang='grc' dir='ltr'>ἐνιαυτοῦ</span> <span class='ocrx_word' id='word_1_115' title='bbox 889 1329 1190 1403; x_wconf 76' lang='grc' dir='ltr'>περαίωσιν</span> <span class='ocrx_word' id='word_1_116' title='bbox 1222 1330 1321 1402; x_wconf 81' lang='grc' dir='ltr'>τῆς</span> <span class='ocrx_word' id='word_1_117' title='bbox 1346 1329 1437 1386; x_wconf 81' lang='grc' dir='ltr'>τοῦ</span> <span class='ocrx_word' id='word_1_118' title='bbox 1478 1335 1685 1405; x_wconf 77' lang='grc' dir='ltr'>πατρὸς</span> <span class='ocrx_word' id='word_1_119' title='bbox 1714 1338 1911 1406; x_wconf 80' lang='grc' dir='ltr'>ταφῆς,</span> 
     </span>
    </p>
   </div>
   <div class='ocr_carea' id='block_1_17' title="bbox 347 1421 1916 1493">
    <p class='ocr_par' dir='ltr' id='par_1_17' title="bbox 347 1421 1916 1493">
     <span class='ocr_line' id='line_1_17' title="bbox 347 1421 1916 1493; baseline 0.003 -21"><span class='ocrx_word' id='word_1_120' title='bbox 347 1421 445 1489; x_wconf 76' lang='grc' dir='ltr'>τῆς</span> <span class='ocrx_word' id='word_1_121' title='bbox 473 1422 809 1484; x_wconf 74' lang='grc' dir='ltr'>ἐνιαυσιαίας</span> <span class='ocrx_word' id='word_1_122' title='bbox 849 1422 1061 1491; x_wconf 76' lang='grc' dir='ltr'>ἡμέρας</span> <span class='ocrx_word' id='word_1_123' title='bbox 1107 1422 1389 1491; x_wconf 81' lang='grc' dir='ltr'>ἐνστάσης,</span> <span class='ocrx_word' id='word_1_124' title='bbox 1430 1422 1528 1491; x_wconf 79' lang='grc' dir='ltr'>τὴν</span> <span class='ocrx_word' id='word_1_125' title='bbox 1580 1426 1799 1493; x_wconf 81' lang='grc' dir='ltr'><strong>μνήμην</strong></span> <span class='ocrx_word' id='word_1_126' title='bbox 1826 1424 1916 1477; x_wconf 78' lang='grc' dir='ltr'>θέ-</span> 
     </span>
    </p>
   </div>
   <div class='ocr_carea' id='block_1_18' title="bbox 347 1510 1919 1586">
    <p class='ocr_par' dir='ltr' id='par_1_18' title="bbox 347 1510 1919 1586">
     <span class='ocr_line' id='line_1_18' title="bbox 347 1510 1919 1586; baseline 0.004 -23"><span class='ocrx_word' id='word_1_127' title='bbox 347 1511 513 1564; x_wconf 76' lang='grc' dir='ltr'>λουσι</span> <span class='ocrx_word' id='word_1_128' title='bbox 537 1512 821 1583; x_wconf 78' lang='grc' dir='ltr'>φαιδρῦναι</span> <span class='ocrx_word' id='word_1_129' title='bbox 849 1513 942 1564; x_wconf 78' lang='grc' dir='ltr'>τοῦ</span> <span class='ocrx_word' id='word_1_130' title='bbox 978 1510 1106 1564; x_wconf 82' lang='grc' dir='ltr'>ἰδίου</span> <span class='ocrx_word' id='word_1_131' title='bbox 1131 1510 1354 1583; x_wconf 71' lang='grc' dir='ltr'>πατρὸς,</span> <span class='ocrx_word' id='word_1_132' title='bbox 1387 1516 1919 1586; x_wconf 80' lang='grc' dir='ltr'>στεφανηφοροῦντος</span> 
     </span>
    </p>
   </div>
   <div class='ocr_carea' id='block_1_19' title="bbox 349 1602 1919 1679">
    <p class='ocr_par' dir='ltr' id='par_1_19' title="bbox 349 1602 1919 1679">
     <span class='ocr_line' id='line_1_19' title="bbox 349 1602 1919 1679; baseline 0.003 -22"><span class='ocrx_word' id='word_1_133' title='bbox 349 1604 470 1657; x_wconf 86' lang='grc' dir='ltr'>τότε</span> <span class='ocrx_word' id='word_1_134' title='bbox 522 1606 617 1657; x_wconf 81' lang='grc' dir='ltr'>καὶ</span> <span class='ocrx_word' id='word_1_135' title='bbox 648 1602 1021 1674; x_wconf 83' lang='grc' dir='ltr'>πρωτεύοντος</span> <span class='ocrx_word' id='word_1_136' title='bbox 1048 1602 1149 1673; x_wconf 82' lang='grc' dir='ltr'>τῆς</span> <span class='ocrx_word' id='word_1_137' title='bbox 1179 1604 1467 1675; x_wconf 84' lang='grc' dir='ltr'>Χερσῶνος</span> <span class='ocrx_word' id='word_1_138' title='bbox 1492 1605 1669 1676; x_wconf 82' lang='grc' dir='ltr'>Ζήθου</span> <span class='ocrx_word' id='word_1_139' title='bbox 1691 1604 1782 1660; x_wconf 81' lang='grc' dir='ltr'><strong>τοῦ</strong></span> <span class='ocrx_word' id='word_1_140' title='bbox 1810 1606 1919 1679; x_wconf 82' lang='grc' dir='ltr'><strong>Ζή-</strong></span> 
     </span>
    </p>
   </div>
   <div class='ocr_carea' id='block_1_20' title="bbox 353 1692 1919 1769">
    <p class='ocr_par' dir='ltr' id='par_1_20' title="bbox 353 1692 1919 1769">
     <span class='ocr_line' id='line_1_20' title="bbox 353 1692 1919 1769; baseline 0.004 -23"><span class='ocrx_word' id='word_1_141' title='bbox 353 1693 533 1759; x_wconf 87' lang='grc' dir='ltr'>θονος,</span> <span class='ocrx_word' id='word_1_142' title='bbox 584 1695 922 1762; x_wconf 80' lang='grc' dir='ltr'>παρεκάλεσε</span> <span class='ocrx_word' id='word_1_143' title='bbox 961 1692 1074 1757; x_wconf 83' lang='grc' dir='ltr'>τοῖς</span> <span class='ocrx_word' id='word_1_144' title='bbox 1105 1694 1401 1766; x_wconf 78' lang='grc' dir='ltr'>προῦχουσι</span> <span class='ocrx_word' id='word_1_145' title='bbox 1459 1697 1558 1767; x_wconf 87' lang='grc' dir='ltr'>τῆς</span> <span class='ocrx_word' id='word_1_146' title='bbox 1588 1698 1798 1763; x_wconf 85' lang='grc' dir='ltr'>πόλεως</span> <span class='ocrx_word' id='word_1_147' title='bbox 1830 1701 1919 1769; x_wconf 82' lang='grc' dir='ltr'>ἐφ’</span> 
     </span>
    </p>
   </div>
   <div class='ocr_carea' id='block_1_21' title="bbox 352 1778 1917 1862">
    <p class='ocr_par' dir='ltr' id='par_1_21' title="bbox 352 1778 1917 1862">
     <span class='ocr_line' id='line_1_21' title="bbox 352 1778 1917 1862; baseline 0.005 -26"><span class='ocrx_word' id='word_1_148' title='bbox 352 1778 459 1851; x_wconf 82' lang='grc' dir='ltr'>ᾧτε</span> <span class='ocrx_word' id='word_1_149' title='bbox 511 1786 642 1839; x_wconf 77' lang='grc' dir='ltr'>ἄνευ</span> <span class='ocrx_word' id='word_1_150' title='bbox 670 1784 882 1853; x_wconf 78' lang='grc' dir='ltr'>ὕϐρεως</span> <span class='ocrx_word' id='word_1_151' title='bbox 917 1785 1215 1856; x_wconf 80' lang='grc' dir='ltr'>ἀναχθῆναι</span> <span class='ocrx_word' id='word_1_152' title='bbox 1238 1786 1432 1851; x_wconf 75' lang='grc' dir='ltr'>αὐτοὺς</span> <span class='ocrx_word' id='word_1_153' title='bbox 1456 1788 1550 1842; x_wconf 83' lang='grc' dir='ltr'><strong>τοῦ</strong></span> <span class='ocrx_word' id='word_1_154' title='bbox 1578 1789 1762 1843; x_wconf 77' lang='grc' dir='ltr'>λαϐεῖν</span> <span class='ocrx_word' id='word_1_155' title='bbox 1788 1786 1917 1862; x_wconf 85' lang='grc' dir='ltr'>παρ’</span> 
     </span>
    </p>
   </div>
   <div class='ocr_carea' id='block_1_22' title="bbox 353 1872 1919 1951">
    <p class='ocr_par' dir='ltr' id='par_1_22' title="bbox 353 1872 1919 1951">
     <span class='ocr_line' id='line_1_22' title="bbox 353 1872 1919 1951; baseline 0.006 -25"><span class='ocrx_word' id='word_1_156' title='bbox 353 1875 525 1943; x_wconf 77' lang='grc' dir='ltr'>αὐτῆς</span> <span class='ocrx_word' id='word_1_157' title='bbox 578 1875 674 1927; x_wconf 74' lang='grc' dir='ltr'>σὺν</span> <span class='ocrx_word' id='word_1_158' title='bbox 722 1876 883 1928; x_wconf 79' lang='grc' dir='ltr'>παντὶ</span> <span class='ocrx_word' id='word_1_159' title='bbox 909 1875 985 1945; x_wconf 82' lang='grc' dir='ltr'>τῷ</span> <span class='ocrx_word' id='word_1_160' title='bbox 1025 1877 1181 1947; x_wconf 85' lang='grc' dir='ltr'>δήμῳ</span> <span class='ocrx_word' id='word_1_161' title='bbox 1209 1872 1354 1931; x_wconf 80' lang='grc' dir='ltr'>οἰνόν</span> <span class='ocrx_word' id='word_1_162' title='bbox 1381 1895 1441 1932; x_wconf 85' lang='grc' dir='ltr'><strong>τε</strong></span> <span class='ocrx_word' id='word_1_163' title='bbox 1470 1880 1563 1932; x_wconf 82' lang='grc' dir='ltr'><strong>καὶ</strong></span> <span class='ocrx_word' id='word_1_164' title='bbox 1596 1880 1793 1951; x_wconf 81' lang='grc' dir='ltr'>ἄρτους</span> <span class='ocrx_word' id='word_1_165' title='bbox 1822 1882 1919 1936; x_wconf 80' lang='grc' dir='ltr'>καὶ</span> 
     </span>
    </p>
   </div>
   <div class='ocr_carea' id='block_1_23' title="bbox 356 1961 1918 2045">
    <p class='ocr_par' dir='ltr' id='par_1_23' title="bbox 356 1961 1918 2045">
     <span class='ocr_line' id='line_1_23' title="bbox 356 1961 1918 2045; baseline 0.006 -27"><span class='ocrx_word' id='word_1_166' title='bbox 356 1961 553 2034; x_wconf 76' lang='grc' dir='ltr'>ἔλαιον,</span> <span class='ocrx_word' id='word_1_167' title='bbox 582 1967 718 2038; x_wconf 83' lang='grc' dir='ltr'>κρέα</span> <span class='ocrx_word' id='word_1_168' title='bbox 765 1984 823 2019; x_wconf 86' lang='grc' dir='ltr'><strong>τε</strong></span> <span class='ocrx_word' id='word_1_169' title='bbox 860 1968 953 2021; x_wconf 77' lang='grc' dir='ltr'>καὶ</span> <span class='ocrx_word' id='word_1_170' title='bbox 974 1967 1138 2037; x_wconf 74' lang='grc' dir='ltr'>ὅρναα</span> <span class='ocrx_word' id='word_1_171' title='bbox 1170 1969 1266 2021; x_wconf 77' lang='grc' dir='ltr'>καὶ</span> <span class='ocrx_word' id='word_1_172' title='bbox 1302 1969 1428 2038; x_wconf 68' lang='grc' dir='ltr'>ὄψα,</span> <span class='ocrx_word' id='word_1_173' title='bbox 1462 1970 1558 2023; x_wconf 67' lang='grc' dir='ltr'>καὶ</span> <span class='ocrx_word' id='word_1_174' title='bbox 1585 1972 1708 2025; x_wconf 80' lang='grc' dir='ltr'>εἴτι</span> <span class='ocrx_word' id='word_1_175' title='bbox 1734 1972 1918 2045; x_wconf 73' lang='grc' dir='ltr'>ἔτερόν</span> 
     </span>
    </p>
   </div>
   <div class='ocr_carea' id='block_1_24' title="bbox 2020 783 3579 855">
    <p class='ocr_par' dir='ltr' id='par_1_24' title="bbox 2020 783 3579 855">
     <span class='ocr_line' id='line_1_24' title="bbox 2020 783 3579 855; baseline 0.002 -17"><span class='ocrx_word' id='word_1_176' title='bbox 2020 794 2080 838; x_wconf 80' lang='grc' dir='ltr'><strong>ιιι</strong></span> <span class='ocrx_word' id='word_1_177' title='bbox 2117 783 2349 839; x_wconf 83' lang='lat' dir='ltr'><strong>Asandri</strong></span> <span class='ocrx_word' id='word_1_178' title='bbox 2386 784 2553 839; x_wconf 83' lang='lat' dir='ltr'><strong>ﬁlium</strong></span> <span class='ocrx_word' id='word_1_179' title='bbox 2587 798 2845 854; x_wconf 86' lang='lat' dir='ltr'><strong>generum</strong></span> <span class='ocrx_word' id='word_1_180' title='bbox 2875 784 3169 839; x_wconf 87' lang='lat' dir='ltr'><strong>aseiseeret</strong></span> <span class='ocrx_word' id='word_1_181' title='bbox 3193 803 3207 839; x_wconf 90' lang='lat'><strong>:</strong></span> <span class='ocrx_word' id='word_1_182' title='bbox 3233 785 3433 855; x_wconf 82' lang='lat' dir='ltr'><strong>quibus</strong></span> <span class='ocrx_word' id='word_1_183' title='bbox 3458 803 3579 841; x_wconf 89' lang='lat' dir='ltr'><strong>cum</strong></span> 
     </span>
    </p>
   </div>
   <div class='ocr_carea' id='block_1_25' title="bbox 2017 875 3568 942">
    <p class='ocr_par' dir='ltr' id='par_1_25' title="bbox 2017 875 3568 942">
     <span class='ocr_line' id='line_1_25' title="bbox 2017 875 3568 942; baseline 0.001 -13"><span class='ocrx_word' id='word_1_184' title='bbox 2017 875 2108 930; x_wconf 86' lang='lat' dir='ltr'><strong>ille</strong></span> <span class='ocrx_word' id='word_1_185' title='bbox 2167 877 2467 942; x_wconf 87' lang='lat' dir='ltr'><strong>annuisset,</strong></span> <span class='ocrx_word' id='word_1_186' title='bbox 2518 876 2752 931; x_wconf 81' lang='lat' dir='ltr'><strong>Asandri</strong></span> <span class='ocrx_word' id='word_1_187' title='bbox 2795 877 2937 931; x_wconf 76' lang='lat' dir='ltr'><strong>filius</strong></span> <span class='ocrx_word' id='word_1_188' title='bbox 2994 875 3327 933; x_wconf 89' lang='lat' dir='ltr'><strong>Chersoncm</strong></span> <span class='ocrx_word' id='word_1_189' title='bbox 3401 880 3568 933; x_wconf 84' lang='lat' dir='ltr'><strong>venit.</strong></span> 
     </span>
    </p>
   </div>
   <div class='ocr_carea' id='block_1_26' title="bbox 2016 965 3582 1039">
    <p class='ocr_par' dir='ltr' id='par_1_26' title="bbox 2016 965 3582 1039">
     <span class='ocr_line' id='line_1_26' title="bbox 2016 965 3582 1039; baseline 0.001 -18"><span class='ocrx_word' id='word_1_190' title='bbox 2016 965 2347 1037; x_wconf 85' lang='lat' dir='ltr'><strong>Gysiamque</strong></span> <span class='ocrx_word' id='word_1_191' title='bbox 2371 967 2548 1024; x_wconf 73' lang='lat' dir='ltr'><strong>duxit.</strong></span> <span class='ocrx_word' id='word_1_192' title='bbox 2574 966 2639 1021; x_wconf 89' lang='lat' dir='ltr'><strong>Et</strong></span> <span class='ocrx_word' id='word_1_193' title='bbox 2676 968 2873 1037; x_wconf 80' lang='lat' dir='ltr'><strong>exiguo</strong></span> <span class='ocrx_word' id='word_1_194' title='bbox 2894 967 3098 1023; x_wconf 88' lang='lat' dir='ltr'><strong>biennii</strong></span> <span class='ocrx_word' id='word_1_195' title='bbox 3134 976 3374 1039; x_wconf 85' lang='lat' dir='ltr'><strong>tempore</strong></span> <span class='ocrx_word' id='word_1_196' title='bbox 3397 969 3582 1038; x_wconf 88' lang='lat' dir='ltr'><strong>elapso</strong></span> 
     </span>
    </p>
   </div>
   <div class='ocr_carea' id='block_1_27' title="bbox 2017 1057 3582 1131">
    <p class='ocr_par' dir='ltr' id='par_1_27' title="bbox 2017 1057 3582 1131">
     <span class='ocr_line' id='line_1_27' title="bbox 2017 1057 3582 1131; baseline 0.002 -19"><span class='ocrx_word' id='word_1_197' title='bbox 2017 1057 2324 1114; x_wconf 79' lang='lat' dir='ltr'><strong>Lamachus</strong></span> <span class='ocrx_word' id='word_1_198' title='bbox 2351 1058 2494 1114; x_wconf 89' lang='lat' dir='ltr'><strong>diem</strong></span> <span class='ocrx_word' id='word_1_199' title='bbox 2519 1060 2673 1125; x_wconf 90' lang='lat' dir='ltr'><strong>obiit,</strong></span> <span class='ocrx_word' id='word_1_200' title='bbox 2707 1075 2830 1114; x_wconf 91' lang='lat' dir='ltr'><strong>cum</strong></span> <span class='ocrx_word' id='word_1_201' title='bbox 2855 1060 2967 1129; x_wconf 88' lang='lat' dir='ltr'><strong>jam</strong></span> <span class='ocrx_word' id='word_1_202' title='bbox 3002 1060 3184 1131; x_wconf 77' lang='lat' dir='ltr'><strong>Gycia:</strong></span> <span class='ocrx_word' id='word_1_203' title='bbox 3234 1069 3407 1117; x_wconf 91' lang='lat' dir='ltr'><strong>mater</strong></span> <span class='ocrx_word' id='word_1_204' title='bbox 3426 1072 3582 1117; x_wconf 83' lang='lat' dir='ltr'><strong>antea</strong></span> 
     </span>
    </p>
   </div>
   <div class='ocr_carea' id='block_1_28' title="bbox 2018 1150 3584 1222">
    <p class='ocr_par' dir='ltr' id='par_1_28' title="bbox 2018 1150 3584 1222">
     <span class='ocr_line' id='line_1_28' title="bbox 2018 1150 3584 1222; baseline 0.003 -20"><span class='ocrx_word' id='word_1_205' title='bbox 2018 1157 2232 1204; x_wconf 88' lang='lat' dir='ltr'><strong>mortua</strong></span> <span class='ocrx_word' id='word_1_206' title='bbox 2257 1157 2422 1206; x_wconf 88' lang='lat' dir='ltr'><strong>esset.</strong></span> <span class='ocrx_word' id='word_1_207' title='bbox 2455 1150 2625 1220; x_wconf 82' lang='lat' dir='ltr'><strong>Gyeia</strong></span> <span class='ocrx_word' id='word_1_208' title='bbox 2674 1159 2853 1207; x_wconf 87' lang='lat' dir='ltr'><strong>autem</strong></span> <span class='ocrx_word' id='word_1_209' title='bbox 2917 1151 3072 1205; x_wconf 81' lang='lat' dir='ltr'><strong>ﬁnito</strong></span> <span class='ocrx_word' id='word_1_210' title='bbox 3118 1166 3312 1207; x_wconf 90' lang='lat' dir='ltr'><strong>annoa</strong></span> <span class='ocrx_word' id='word_1_211' title='bbox 3374 1155 3584 1222; x_wconf 87' lang='lat' dir='ltr'><strong>sepulto</strong></span> 
     </span>
    </p>
   </div>
   <div class='ocr_carea' id='block_1_29' title="bbox 2018 1240 3583 1313">
    <p class='ocr_par' dir='ltr' id='par_1_29' title="bbox 2018 1240 3583 1313">
     <span class='ocr_line' id='line_1_29' title="bbox 2018 1240 3583 1313; baseline 0.003 -20"><span class='ocrx_word' id='word_1_212' title='bbox 2018 1248 2191 1310; x_wconf 92' lang='lat' dir='ltr'><strong>patre,</strong></span> <span class='ocrx_word' id='word_1_213' title='bbox 2247 1253 2431 1295; x_wconf 89' lang='lat' dir='ltr'><strong>annuo</strong></span> <span class='ocrx_word' id='word_1_214' title='bbox 2492 1240 2581 1295; x_wconf 89' lang='lat' dir='ltr'><strong>die</strong></span> <span class='ocrx_word' id='word_1_215' title='bbox 2632 1241 2888 1307; x_wconf 85' lang='lat' dir='ltr'><strong>instante,</strong></span> <span class='ocrx_word' id='word_1_216' title='bbox 2928 1244 3357 1312; x_wconf 90' lang='lat' dir='ltr'><strong>memoriamque</strong></span> <span class='ocrx_word' id='word_1_217' title='bbox 3412 1245 3583 1313; x_wconf 83' lang='lat' dir='ltr'><strong>patris</strong></span> 
     </span>
    </p>
   </div>
   <div class='ocr_carea' id='block_1_30' title="bbox 2018 1333 3585 1404">
    <p class='ocr_par' dir='ltr' id='par_1_30' title="bbox 2018 1333 3585 1404">
     <span class='ocr_line' id='line_1_30' title="bbox 2018 1333 3585 1404; baseline 0.001 -17"><span class='ocrx_word' id='word_1_218' title='bbox 2018 1334 2101 1387; x_wconf 88' lang='lat' dir='ltr'><strong>sui</strong></span> <span class='ocrx_word' id='word_1_219' title='bbox 2133 1333 2410 1389; x_wconf 80' lang='lat' dir='ltr'><strong>celebrare</strong></span> <span class='ocrx_word' id='word_1_220' title='bbox 2431 1334 2679 1403; x_wconf 85' lang='lat' dir='ltr'><strong>cupiens,</strong></span> <span class='ocrx_word' id='word_1_221' title='bbox 2706 1334 3071 1404; x_wconf 86' lang='lat' dir='ltr'><strong>principatum</strong></span> <span class='ocrx_word' id='word_1_222' title='bbox 3108 1340 3322 1389; x_wconf 90' lang='lat' dir='ltr'><strong>tenente</strong></span> <span class='ocrx_word' id='word_1_223' title='bbox 3356 1350 3418 1389; x_wconf 90' lang='lat' dir='ltr'><strong>ac</strong></span> <span class='ocrx_word' id='word_1_224' title='bbox 3458 1346 3585 1404; x_wconf 83' lang='lat' dir='ltr'><strong>pro-</strong></span> 
     </span>
    </p>
   </div>
   <div class='ocr_carea' id='block_1_31' title="bbox 2018 1422 3585 1493">
    <p class='ocr_par' dir='ltr' id='par_1_31' title="bbox 2018 1422 3585 1493">
     <span class='ocr_line' id='line_1_31' title="bbox 2018 1422 3585 1493; baseline 0.004 -20"><span class='ocrx_word' id='word_1_225' title='bbox 2018 1427 2242 1477; x_wconf 91' lang='lat' dir='ltr'><strong>teuonte</strong></span> <span class='ocrx_word' id='word_1_226' title='bbox 2262 1431 2395 1477; x_wconf 89' lang='lat' dir='ltr'><strong>tunc</strong></span> <span class='ocrx_word' id='word_1_227' title='bbox 2423 1424 2685 1493; x_wconf 90' lang='lat' dir='ltr'><strong>temporis</strong></span> <span class='ocrx_word' id='word_1_228' title='bbox 2720 1424 2772 1478; x_wconf 89' lang='lat' dir='ltr'><strong>in</strong></span> <span class='ocrx_word' id='word_1_229' title='bbox 2813 1423 3090 1481; x_wconf 88' lang='lat' dir='ltr'><strong>Chersone</strong></span> <span class='ocrx_word' id='word_1_230' title='bbox 3112 1422 3281 1479; x_wconf 80' lang='lat' dir='ltr'><strong>Zetho</strong></span> <span class='ocrx_word' id='word_1_231' title='bbox 3328 1422 3585 1479; x_wconf 76' lang='lat' dir='ltr'><strong>Zetlionis</strong></span> 
     </span>
    </p>
   </div>
   <div class='ocr_carea' id='block_1_32' title="bbox 2018 1510 3582 1586">
    <p class='ocr_par' dir='ltr' id='par_1_32' title="bbox 2018 1510 3582 1586">
     <span class='ocr_line' id='line_1_32' title="bbox 2018 1510 3582 1586; baseline 0.003 -23"><span class='ocrx_word' id='word_1_232' title='bbox 2018 1510 2151 1574; x_wconf 84' lang='lat' dir='ltr'><strong>tilio,</strong></span> <span class='ocrx_word' id='word_1_233' title='bbox 2193 1512 2458 1580; x_wconf 90' lang='lat' dir='ltr'><strong>primores</strong></span> <span class='ocrx_word' id='word_1_234' title='bbox 2486 1514 2636 1567; x_wconf 88' lang='lat' dir='ltr'><strong>urbis</strong></span> <span class='ocrx_word' id='word_1_235' title='bbox 2674 1514 2883 1568; x_wconf 88' lang='lat' dir='ltr'><strong>bortata</strong></span> <span class='ocrx_word' id='word_1_236' title='bbox 2910 1523 2993 1570; x_wconf 91' lang='lat' dir='ltr'><strong>est</strong></span> <span class='ocrx_word' id='word_1_237' title='bbox 3031 1529 3098 1569; x_wconf 92' lang='lat' dir='ltr'><strong>ne</strong></span> <span class='ocrx_word' id='word_1_238' title='bbox 3144 1515 3396 1586; x_wconf 79' lang='lat' dir='ltr'><strong>iniuriam</strong></span> <span class='ocrx_word' id='word_1_239' title='bbox 3429 1530 3582 1569; x_wconf 85' lang='lat' dir='ltr'><strong>suam</strong></span> 
     </span>
    </p>
   </div>
   <div class='ocr_carea' id='block_1_33' title="bbox 2021 1603 3584 1674">
    <p class='ocr_par' dir='ltr' id='par_1_33' title="bbox 2021 1603 3584 1674">
     <span class='ocr_line' id='line_1_33' title="bbox 2021 1603 3584 1674; baseline 0.003 -20"><span class='ocrx_word' id='word_1_240' title='bbox 2021 1610 2297 1671; x_wconf 84' lang='lat' dir='ltr'><strong>putarent,</strong></span> <span class='ocrx_word' id='word_1_241' title='bbox 2358 1603 2403 1656; x_wconf 87' lang='lat' dir='ltr'><strong>si</strong></span> <span class='ocrx_word' id='word_1_242' title='bbox 2452 1610 2505 1657; x_wconf 90' lang='lat' dir='ltr'><strong>et</strong></span> <span class='ocrx_word' id='word_1_243' title='bbox 2553 1604 2654 1671; x_wconf 86' lang='lat' dir='ltr'><strong>ipsi</strong></span> <span class='ocrx_word' id='word_1_244' title='bbox 2718 1613 2771 1658; x_wconf 89' lang='lat' dir='ltr'><strong>et</strong></span> <span class='ocrx_word' id='word_1_245' title='bbox 2824 1605 3057 1674; x_wconf 89' lang='lat' dir='ltr'><strong>populus</strong></span> <span class='ocrx_word' id='word_1_246' title='bbox 3102 1606 3388 1661; x_wconf 80' lang='lat' dir='ltr'><strong>universus</strong></span> <span class='ocrx_word' id='word_1_247' title='bbox 3427 1605 3496 1661; x_wconf 88' lang='lat' dir='ltr'><strong>ab</strong></span> <span class='ocrx_word' id='word_1_248' title='bbox 3523 1621 3584 1660; x_wconf 81' lang='lat' dir='ltr'><strong>ea</strong></span> 
     </span>
    </p>
   </div>
   <div class='ocr_carea' id='block_1_34' title="bbox 2020 1688 3587 1761">
    <p class='ocr_par' dir='ltr' id='par_1_34' title="bbox 2020 1688 3587 1761">
     <span class='ocr_line' id='line_1_34' title="bbox 2020 1688 3587 1761; baseline -0.002 -13"><span class='ocrx_word' id='word_1_249' title='bbox 2020 1688 2330 1760; x_wconf 81' lang='lat' dir='ltr'><strong>acciperent</strong></span> <span class='ocrx_word' id='word_1_250' title='bbox 2357 1688 2565 1751; x_wconf 89' lang='lat' dir='ltr'><strong>vinum,</strong></span> <span class='ocrx_word' id='word_1_251' title='bbox 2586 1702 2773 1757; x_wconf 84' lang='lat' dir='ltr'><strong>panes,</strong></span> <span class='ocrx_word' id='word_1_252' title='bbox 2805 1691 3004 1754; x_wconf 91' lang='lat' dir='ltr'><strong>oleum,</strong></span> <span class='ocrx_word' id='word_1_253' title='bbox 3030 1705 3247 1754; x_wconf 82' lang='lat' dir='ltr'><strong>carnes,</strong></span> <span class='ocrx_word' id='word_1_254' title='bbox 3279 1705 3424 1757; x_wconf 86' lang='lat' dir='ltr'><strong>aves,</strong></span> <span class='ocrx_word' id='word_1_255' title='bbox 3474 1693 3587 1761; x_wconf 87' lang='lat' dir='ltr'><strong>pis-</strong></span> 
     </span>
    </p>
   </div>
   <div class='ocr_carea' id='block_1_35' title="bbox 2020 1777 3583 1848">
    <p class='ocr_par' dir='ltr' id='par_1_35' title="bbox 2020 1777 3583 1848">
     <span class='ocr_line' id='line_1_35' title="bbox 2020 1777 3583 1848; baseline -0.004 -10"><span class='ocrx_word' id='word_1_256' title='bbox 2020 1798 2134 1847; x_wconf 85' lang='lat' dir='ltr'><strong>ces,</strong></span> <span class='ocrx_word' id='word_1_257' title='bbox 2166 1786 2221 1835; x_wconf 89' lang='lat' dir='ltr'><strong>et</strong></span> <span class='ocrx_word' id='word_1_258' title='bbox 2251 1779 2296 1834; x_wconf 88' lang='lat' dir='ltr'><strong>si</strong></span> <span class='ocrx_word' id='word_1_259' title='bbox 2332 1793 2452 1848; x_wconf 73' lang='lat' dir='ltr'><strong>qua:</strong></span> <span class='ocrx_word' id='word_1_260' title='bbox 2475 1778 2580 1832; x_wconf 88' lang='lat' dir='ltr'><strong>alia</strong></span> <span class='ocrx_word' id='word_1_261' title='bbox 2615 1777 2680 1831; x_wconf 87' lang='lat' dir='ltr'><strong>ad</strong></span> <span class='ocrx_word' id='word_1_262' title='bbox 2713 1777 2932 1846; x_wconf 85' lang='lat' dir='ltr'><strong>epulum</strong></span> <span class='ocrx_word' id='word_1_263' title='bbox 2975 1779 3300 1843; x_wconf 86' lang='lat' dir='ltr'><strong>necessaria,</strong></span> <span class='ocrx_word' id='word_1_264' title='bbox 3364 1779 3583 1832; x_wconf 90' lang='lat' dir='ltr'><strong>utdiem</strong></span> 
     </span>
    </p>
   </div>
   <div class='ocr_carea' id='block_1_36' title="bbox 2020 1866 3582 1928">
    <p class='ocr_par' dir='ltr' id='par_1_36' title="bbox 2020 1866 3582 1928">
     <span class='ocr_line' id='line_1_36' title="bbox 2020 1866 3582 1928; baseline -0.006 1"><span class='ocrx_word' id='word_1_265' title='bbox 2020 1870 2297 1928; x_wconf 77' lang='lat' dir='ltr'><strong>memoria:</strong></span> <span class='ocrx_word' id='word_1_266' title='bbox 2345 1867 2603 1923; x_wconf 83' lang='lat' dir='ltr'><strong>Lamachi</strong></span> <span class='ocrx_word' id='word_1_267' title='bbox 2663 1880 2881 1922; x_wconf 88' lang='lat' dir='ltr'><strong>sacrum</strong></span> <span class='ocrx_word' id='word_1_268' title='bbox 2923 1867 3071 1923; x_wconf 80' lang='lat' dir='ltr'><strong>cives</strong></span> <span class='ocrx_word' id='word_1_269' title='bbox 3133 1866 3368 1922; x_wconf 85' lang='lat' dir='ltr'><strong>universi</strong></span> <span class='ocrx_word' id='word_1_270' title='bbox 3461 1883 3582 1920; x_wconf 90' lang='lat' dir='ltr'><strong>cum</strong></span> 
     </span>
    </p>
   </div>
   <div class='ocr_carea' id='block_1_37' title="bbox 2021 1956 3585 2026">
    <p class='ocr_par' dir='ltr' id='par_1_37' title="bbox 2021 1956 3585 2026">
     <span class='ocr_line' id='line_1_37' title="bbox 2021 1956 3585 2026; baseline -0.004 -9"><span class='ocrx_word' id='word_1_271' title='bbox 2021 1962 2305 2024; x_wconf 77' lang='lat' dir='ltr'><strong>uxoribus,</strong></span> <span class='ocrx_word' id='word_1_272' title='bbox 2358 1974 2422 2013; x_wconf 91' lang='lat' dir='ltr'><strong>ae</strong></span> <span class='ocrx_word' id='word_1_273' title='bbox 2495 1958 2703 2023; x_wconf 86' lang='lat' dir='ltr'><strong>liberis,</strong></span> <span class='ocrx_word' id='word_1_274' title='bbox 2775 1956 3034 2026; x_wconf 85' lang='lat' dir='ltr'><strong>omnique</strong></span> <span class='ocrx_word' id='word_1_275' title='bbox 3094 1956 3298 2011; x_wconf 80' lang='lat' dir='ltr'><strong>familia</strong></span> <span class='ocrx_word' id='word_1_276' title='bbox 3371 1956 3585 2026; x_wconf 87' lang='lat' dir='ltr'><strong>publica</strong></span> 
     </span>
    </p>
   </div>
   <div class='ocr_carea' id='block_1_38' title="bbox 359 2046 1929 2135">
    <p class='ocr_par' dir='ltr' id='par_1_38' title="bbox 359 2055 1913 2135">
     <span class='ocr_line' id='line_1_38' title="bbox 359 2055 1913 2135; baseline 0.006 -29"><span class='ocrx_word' id='word_1_277' title='bbox 359 2057 494 2127; x_wconf 79' lang='grc' dir='ltr'>πρὸς</span> <span class='ocrx_word' id='word_1_278' title='bbox 518 2055 613 2126; x_wconf 78' lang='grc' dir='ltr'><strong>τὴν</strong></span> <span class='ocrx_word' id='word_1_279' title='bbox 630 2058 726 2125; x_wconf 80' lang='grc' dir='ltr'>τῆς</span> <span class='ocrx_word' id='word_1_280' title='bbox 749 2059 1051 2127; x_wconf 80' lang='grc' dir='ltr'>εὐφρασίας</span> <span class='ocrx_word' id='word_1_281' title='bbox 1075 2058 1285 2128; x_wconf 78' lang='grc' dir='ltr'>χρείαν,</span> <span class='ocrx_word' id='word_1_282' title='bbox 1317 2060 1454 2129; x_wconf 80' lang='grc' dir='ltr'>πρὸς</span> <span class='ocrx_word' id='word_1_283' title='bbox 1489 2062 1550 2115; x_wconf 79' lang='grc' dir='ltr'>τὸ</span> <span class='ocrx_word' id='word_1_284' title='bbox 1566 2062 1664 2131; x_wconf 75' lang='grc' dir='ltr'>τὴν</span> <span class='ocrx_word' id='word_1_285' title='bbox 1702 2064 1913 2135; x_wconf 82' lang='grc' dir='ltr'>ἡμέραν</span> 
     </span>
    </p>
   </div>
   <div class='ocr_carea' id='block_1_39' title="bbox 2028 2046 3585 2135">
    <p class='ocr_par' dir='ltr' id='par_1_39' title="bbox 2028 2046 3585 2120">
     <span class='ocr_line' id='line_1_39' title="bbox 2028 2046 3585 2120; baseline -0.006 -11"><span class='ocrx_word' id='word_1_286' title='bbox 2028 2054 2200 2109; x_wconf 70' lang='lat' dir='ltr'><strong>laetitia</strong></span> <span class='ocrx_word' id='word_1_287' title='bbox 2240 2052 2506 2107; x_wconf 88' lang='lat' dir='ltr'><strong>celebrem</strong></span> <span class='ocrx_word' id='word_1_288' title='bbox 2536 2049 2918 2120; x_wconf 57' lang='lat' dir='ltr'><strong>agerenticum</strong></span> <span class='ocrx_word' id='word_1_289' title='bbox 2981 2047 3195 2103; x_wconf 86' lang='lat' dir='ltr'><strong>choreis</strong></span> <span class='ocrx_word' id='word_1_290' title='bbox 3232 2047 3287 2101; x_wconf 90' lang='lat' dir='ltr'><strong>in</strong></span> <span class='ocrx_word' id='word_1_291' title='bbox 3365 2046 3585 2118; x_wconf 87' lang='lat' dir='ltr'><strong>propria</strong></span> 
     </span>
    </p>
   </div>
   <div class='ocr_carea' id='block_1_40' title="bbox 358 2148 1919 2221">
    <p class='ocr_par' dir='ltr' id='par_1_40' title="bbox 358 2148 1919 2221">
     <span class='ocr_line' id='line_1_40' title="bbox 358 2148 1919 2221; baseline 0.004 -22"><span class='ocrx_word' id='word_1_292' title='bbox 358 2150 458 2217; x_wconf 71' lang='grc' dir='ltr'>τῆς</span> <span class='ocrx_word' id='word_1_293' title='bbox 502 2151 720 2217; x_wconf 82' lang='grc' dir='ltr'><strong>μνήμης</strong></span> <span class='ocrx_word' id='word_1_294' title='bbox 739 2148 830 2201; x_wconf 79' lang='grc' dir='ltr'><strong>τοῦ</strong></span> <span class='ocrx_word' id='word_1_295' title='bbox 858 2148 1113 2219; x_wconf 78' lang='grc' dir='ltr'>Λαμάχου</span> <span class='ocrx_word' id='word_1_296' title='bbox 1145 2149 1391 2212; x_wconf 71' lang='grc' dir='ltr'>ἅπαντας</span> <span class='ocrx_word' id='word_1_297' title='bbox 1418 2151 1542 2214; x_wconf 72' lang='grc' dir='ltr'>τοὺς</span> <span class='ocrx_word' id='word_1_298' title='bbox 1574 2152 1796 2215; x_wconf 84' lang='grc' dir='ltr'>πολίτας</span> <span class='ocrx_word' id='word_1_299' title='bbox 1824 2154 1919 2221; x_wconf 74' lang='grc' dir='ltr'>σὺν</span> 
     </span>
    </p>
   </div>
   <div class='ocr_carea' id='block_1_41' title="bbox 358 2240 1918 2312">
    <p class='ocr_par' dir='ltr' id='par_1_41' title="bbox 358 2240 1918 2312">
     <span class='ocr_line' id='line_1_41' title="bbox 358 2240 1918 2312; baseline 0.004 -22"><span class='ocrx_word' id='word_1_300' title='bbox 358 2240 576 2305; x_wconf 81' lang='grc' dir='ltr'>γυναιξὶ</span> <span class='ocrx_word' id='word_1_301' title='bbox 609 2241 702 2293; x_wconf 78' lang='grc' dir='ltr'>καὶ</span> <span class='ocrx_word' id='word_1_302' title='bbox 730 2241 941 2303; x_wconf 81' lang='grc' dir='ltr'>τέκνοις</span> <span class='ocrx_word' id='word_1_303' title='bbox 972 2241 1065 2293; x_wconf 76' lang='grc' dir='ltr'>καὶ</span> <span class='ocrx_word' id='word_1_304' title='bbox 1101 2240 1251 2310; x_wconf 82' lang='grc' dir='ltr'>πάσῃ</span> <span class='ocrx_word' id='word_1_305' title='bbox 1279 2240 1345 2311; x_wconf 84' lang='grc' dir='ltr'>τῇ</span> <span class='ocrx_word' id='word_1_306' title='bbox 1370 2240 1600 2312; x_wconf 79' lang='grc' dir='ltr'>φαμιλίᾳ</span> <span class='ocrx_word' id='word_1_307' title='bbox 1628 2240 1801 2296; x_wconf 79' lang='grc' dir='ltr'>αὐτῶν</span> <span class='ocrx_word' id='word_1_308' title='bbox 1832 2242 1918 2296; x_wconf 66' lang='grc' dir='ltr'><strong>εὖτ</strong></span> 
     </span>
    </p>
   </div>
   <div class='ocr_carea' id='block_1_42' title="bbox 358 2330 1917 2405">
    <p class='ocr_par' dir='ltr' id='par_1_42' title="bbox 358 2330 1917 2405">
     <span class='ocr_line' id='line_1_42' title="bbox 358 2330 1917 2405; baseline 0.004 -23"><span class='ocrx_word' id='word_1_309' title='bbox 358 2330 661 2398; x_wconf 70' lang='grc' dir='ltr'>φρανθῆναι</span> <span class='ocrx_word' id='word_1_310' title='bbox 699 2332 793 2384; x_wconf 76' lang='grc' dir='ltr'>καὶ</span> <span class='ocrx_word' id='word_1_311' title='bbox 837 2330 1164 2398; x_wconf 78' lang='grc' dir='ltr'>ἀγάλλεσθαι</span> <span class='ocrx_word' id='word_1_312' title='bbox 1194 2334 1424 2385; x_wconf 70' lang='grc' dir='ltr'>ἕκαστον</span> <span class='ocrx_word' id='word_1_313' title='bbox 1473 2335 1531 2386; x_wconf 87' lang='grc' dir='ltr'><strong>ἐν</strong></span> <span class='ocrx_word' id='word_1_314' title='bbox 1561 2332 1637 2402; x_wconf 85' lang='grc' dir='ltr'>τῷ</span> <span class='ocrx_word' id='word_1_315' title='bbox 1674 2333 1785 2404; x_wconf 90' lang='grc' dir='ltr'>ἰδίῳ</span> <span class='ocrx_word' id='word_1_316' title='bbox 1829 2335 1917 2405; x_wconf 81' lang='grc' dir='ltr'>ρε-</span> 
     </span>
    </p>
   </div>
   <div class='ocr_carea' id='block_1_43' title="bbox 354 2418 1921 2494">
    <p class='ocr_par' dir='ltr' id='par_1_43' title="bbox 354 2418 1921 2494">
     <span class='ocr_line' id='line_1_43' title="bbox 354 2418 1921 2494; baseline 0.005 -23"><span class='ocrx_word' id='word_1_317' title='bbox 354 2420 540 2489; x_wconf 85' lang='grc' dir='ltr'>γεῶνι,</span> <span class='ocrx_word' id='word_1_318' title='bbox 597 2421 690 2473; x_wconf 78' lang='grc' dir='ltr'>καὶ</span> <span class='ocrx_word' id='word_1_319' title='bbox 734 2418 968 2491; x_wconf 78' lang='grc' dir='ltr'>δημοσίᾳ</span> <span class='ocrx_word' id='word_1_320' title='bbox 1013 2423 1278 2492; x_wconf 87' lang='grc' dir='ltr'>χορεύειν,</span> <span class='ocrx_word' id='word_1_321' title='bbox 1332 2425 1425 2476; x_wconf 75' lang='grc' dir='ltr'>καὶ</span> <span class='ocrx_word' id='word_1_322' title='bbox 1476 2423 1637 2494; x_wconf 78' lang='grc' dir='ltr'>ἔργου</span> <span class='ocrx_word' id='word_1_323' title='bbox 1668 2424 1812 2488; x_wconf 77' lang='grc' dir='ltr'>τινὸς</span> <span class='ocrx_word' id='word_1_324' title='bbox 1861 2427 1921 2479; x_wconf 81' lang='grc' dir='ltr'>τὸ</span> 
     </span>
    </p>
   </div>
   <div class='ocr_carea' id='block_1_44' title="bbox 359 2506 1920 2580">
    <p class='ocr_par' dir='ltr' id='par_1_44' title="bbox 359 2506 1920 2580">
     <span class='ocr_line' id='line_1_44' title="bbox 359 2506 1920 2580; baseline 0.004 -22"><span class='ocrx_word' id='word_1_325' title='bbox 359 2506 578 2558; x_wconf 84' lang='grc' dir='ltr'>σύνολον</span> <span class='ocrx_word' id='word_1_326' title='bbox 618 2507 691 2576; x_wconf 82' lang='grc' dir='ltr'>μὴ</span> <span class='ocrx_word' id='word_1_327' title='bbox 734 2506 996 2576; x_wconf 72' lang='grc' dir='ltr'>ἅψασθαι·</span> <span class='ocrx_word' id='word_1_328' title='bbox 1039 2509 1417 2580; x_wconf 72' lang='grc' dir='ltr'>συνταξαμένη</span> <span class='ocrx_word' id='word_1_329' title='bbox 1444 2514 1557 2573; x_wconf 77' lang='grc' dir='ltr'>τοῖς</span> <span class='ocrx_word' id='word_1_330' title='bbox 1587 2510 1831 2574; x_wconf 78' lang='grc' dir='ltr'>πολίταις</span> <span class='ocrx_word' id='word_1_331' title='bbox 1862 2512 1920 2565; x_wconf 89' lang='grc' dir='ltr'><strong>ἐν</strong></span> 
     </span>
    </p>
   </div>
   <div class='ocr_carea' id='block_1_45' title="bbox 354 2589 1920 2668">
    <p class='ocr_par' dir='ltr' id='par_1_45' title="bbox 354 2589 1920 2668">
     <span class='ocr_line' id='line_1_45' title="bbox 354 2589 1920 2668; baseline 0.003 -21"><span class='ocrx_word' id='word_1_332' title='bbox 354 2596 522 2666; x_wconf 85' lang='grc' dir='ltr'>ὅρκῳ,</span> <span class='ocrx_word' id='word_1_333' title='bbox 547 2594 633 2663; x_wconf 82' lang='grc' dir='ltr'>ἐφ’</span> <span class='ocrx_word' id='word_1_334' title='bbox 661 2589 764 2663; x_wconf 67' lang='grc' dir='ltr'><strong>ᾧτε</strong></span> <span class='ocrx_word' id='word_1_335' title='bbox 812 2594 1029 2649; x_wconf 76' lang='grc' dir='ltr'>ἅπαντα</span> <span class='ocrx_word' id='word_1_336' title='bbox 1064 2596 1155 2649; x_wconf 85' lang='grc' dir='ltr'>τὸν</span> <span class='ocrx_word' id='word_1_337' title='bbox 1208 2594 1399 2668; x_wconf 84' lang='grc' dir='ltr'>χρόνον</span> <span class='ocrx_word' id='word_1_338' title='bbox 1426 2597 1525 2667; x_wconf 81' lang='grc' dir='ltr'>τῆς</span> <span class='ocrx_word' id='word_1_339' title='bbox 1571 2594 1716 2667; x_wconf 77' lang='grc' dir='ltr'>ζωῆς</span> <span class='ocrx_word' id='word_1_340' title='bbox 1749 2598 1920 2668; x_wconf 79' lang='grc' dir='ltr'>αὐτῆς</span> 
     </span>
    </p>
   </div>
   <div class='ocr_carea' id='block_1_46' title="bbox 356 2684 1919 2761">
    <p class='ocr_par' dir='ltr' id='par_1_46' title="bbox 356 2684 1919 2761">
     <span class='ocr_line' id='line_1_46' title="bbox 356 2684 1919 2761; baseline 0.004 -24"><span class='ocrx_word' id='word_1_341' title='bbox 356 2685 498 2737; x_wconf 74' lang='grc' dir='ltr'>οὕτω</span> <span class='ocrx_word' id='word_1_342' title='bbox 525 2684 594 2738; x_wconf 87' lang='grc' dir='ltr'><strong>τὰ</strong></span> <span class='ocrx_word' id='word_1_343' title='bbox 620 2686 719 2755; x_wconf 78' lang='grc' dir='ltr'>τῆς</span> <span class='ocrx_word' id='word_1_344' title='bbox 746 2686 1047 2755; x_wconf 64' lang='grc' dir='ltr'>εύφρασίας</span> <span class='ocrx_word' id='word_1_345' title='bbox 1101 2685 1224 2740; x_wconf 85' lang='grc' dir='ltr'>καθ’</span> <span class='ocrx_word' id='word_1_346' title='bbox 1253 2688 1481 2742; x_wconf 77' lang='grc' dir='ltr'>ἕκαστον</span> <span class='ocrx_word' id='word_1_347' title='bbox 1509 2691 1697 2761; x_wconf 81' lang='grc' dir='ltr'>χρόνον</span> <span class='ocrx_word' id='word_1_348' title='bbox 1721 2690 1919 2745; x_wconf 79' lang='grc' dir='ltr'>διδόναι</span> 
     </span>
    </p>
   </div>
   <div class='ocr_carea' id='block_1_47' title="bbox 357 2775 1921 2852">
    <p class='ocr_par' dir='ltr' id='par_1_47' title="bbox 357 2775 1921 2852">
     <span class='ocr_line' id='line_1_47' title="bbox 357 2775 1921 2852; baseline 0.006 -25"><span class='ocrx_word' id='word_1_349' title='bbox 357 2776 539 2836; x_wconf 81' lang='grc' dir='ltr'>αὐτοῖς</span> <span class='ocrx_word' id='word_1_350' title='bbox 572 2778 629 2826; x_wconf 82' lang='grc' dir='ltr'>ἔν</span> <span class='ocrx_word' id='word_1_351' title='bbox 666 2778 731 2845; x_wconf 79' lang='grc' dir='ltr'><strong>τῇ</strong></span> <span class='ocrx_word' id='word_1_352' title='bbox 775 2776 909 2847; x_wconf 76' lang='grc' dir='ltr'>αὐτῇ</span> <span class='ocrx_word' id='word_1_353' title='bbox 940 2775 1034 2828; x_wconf 82' lang='grc' dir='ltr'>τοῦ</span> <span class='ocrx_word' id='word_1_354' title='bbox 1087 2778 1350 2848; x_wconf 79' lang='grc' dir='ltr'>Λαμάχου</span> <span class='ocrx_word' id='word_1_355' title='bbox 1378 2777 1589 2852; x_wconf 82' lang='grc' dir='ltr'>μνήμῃ.</span> <span class='ocrx_word' id='word_1_356' title='bbox 1626 2780 1841 2835; x_wconf 87' lang='grc' dir='ltr'>Τούτων</span> <span class='ocrx_word' id='word_1_357' title='bbox 1862 2780 1921 2836; x_wconf 80' lang='grc' dir='ltr'>δὲ</span> 
     </span>
    </p>
   </div>
   <div class='ocr_carea' id='block_1_48' title="bbox 359 2863 1922 2940">
    <p class='ocr_par' dir='ltr' id='par_1_48' title="bbox 359 2863 1922 2940">
     <span class='ocr_line' id='line_1_48' title="bbox 359 2863 1922 2940; baseline 0.008 -24"><span class='ocrx_word' id='word_1_358' title='bbox 359 2863 500 2917; x_wconf 74' lang='grc' dir='ltr'>οὕτω</span> <span class='ocrx_word' id='word_1_359' title='bbox 538 2865 845 2934; x_wconf 83' lang='grc' dir='ltr'>γενομένων</span> <span class='ocrx_word' id='word_1_360' title='bbox 868 2867 927 2918; x_wconf 82' lang='grc' dir='ltr'><strong>ἐν</strong></span> <span class='ocrx_word' id='word_1_361' title='bbox 968 2867 1117 2937; x_wconf 84' lang='grc' dir='ltr'><strong>ὅρκῳ</strong></span> <span class='ocrx_word' id='word_1_362' title='bbox 1149 2868 1240 2920; x_wconf 82' lang='grc' dir='ltr'>ὑπ’</span> <span class='ocrx_word' id='word_1_363' title='bbox 1261 2868 1431 2938; x_wconf 76' lang='grc' dir='ltr'>αὐτῆς</span> <span class='ocrx_word' id='word_1_364' title='bbox 1456 2871 1861 2940; x_wconf 83' lang='grc' dir='ltr'>παγιωθέντων,</span> <span class='ocrx_word' id='word_1_365' title='bbox 1894 2874 1922 2928; x_wconf 85' lang='grc' dir='ltr'>ὁ</span> 
     </span>
    </p>
   </div>
   <div class='ocr_carea' id='block_1_49' title="bbox 360 2953 1923 3033">
    <p class='ocr_par' dir='ltr' id='par_1_49' title="bbox 360 2953 1923 3033">
     <span class='ocr_line' id='line_1_49' title="bbox 360 2953 1923 3033; baseline 0.005 -26"><span class='ocrx_word' id='word_1_366' title='bbox 360 2955 558 3023; x_wconf 80' lang='grc' dir='ltr'>ταύτης</span> <span class='ocrx_word' id='word_1_367' title='bbox 597 2954 735 3025; x_wconf 74' lang='grc' dir='ltr'>ἀνὴρ</span> <span class='ocrx_word' id='word_1_368' title='bbox 782 2956 811 3006; x_wconf 81' lang='grc' dir='ltr'>ὁ</span> <span class='ocrx_word' id='word_1_369' title='bbox 837 2953 932 3007; x_wconf 82' lang='grc' dir='ltr'><strong>τοῦ</strong></span> <span class='ocrx_word' id='word_1_370' title='bbox 967 2955 1258 3027; x_wconf 82' lang='grc' dir='ltr'>Ἀσάνδρου</span> <span class='ocrx_word' id='word_1_371' title='bbox 1290 2958 1402 3021; x_wconf 69' lang='lat' dir='ltr'><strong>uio;</strong></span> <span class='ocrx_word' id='word_1_372' title='bbox 1443 2959 1583 3031; x_wconf 71' lang='grc' dir='ltr'>ἔχων</span> <span class='ocrx_word' id='word_1_373' title='bbox 1613 2962 1669 3013; x_wconf 89' lang='grc' dir='ltr'><strong>ἐν</strong></span> <span class='ocrx_word' id='word_1_374' title='bbox 1697 2962 1923 3033; x_wconf 82' lang='grc' dir='ltr'>κρυπτῷ</span> 
     </span>
    </p>
   </div>
   <div class='ocr_carea' id='block_1_50' title="bbox 363 3046 1924 3120">
    <p class='ocr_par' dir='ltr' id='par_1_50' title="bbox 363 3046 1924 3120">
     <span class='ocr_line' id='line_1_50' title="bbox 363 3046 1924 3120; baseline 0.004 -21"><span class='ocrx_word' id='word_1_375' title='bbox 363 3046 450 3099; x_wconf 81' lang='grc' dir='ltr'>τὸν</span> <span class='ocrx_word' id='word_1_376' title='bbox 484 3046 654 3111; x_wconf 82' lang='grc' dir='ltr'>δόλον,</span> <span class='ocrx_word' id='word_1_377' title='bbox 681 3048 777 3100; x_wconf 68' lang='grc' dir='ltr'><strong>καὶ</strong></span> <span class='ocrx_word' id='word_1_378' title='bbox 820 3046 1098 3116; x_wconf 78' lang='grc' dir='ltr'>ἐπιζητῶν</span> <span class='ocrx_word' id='word_1_379' title='bbox 1121 3049 1312 3118; x_wconf 81' lang='grc' dir='ltr'>καιρὸν</span> <span class='ocrx_word' id='word_1_380' title='bbox 1350 3050 1661 3120; x_wconf 85' lang='grc' dir='ltr'>προδοσίας,</span> <span class='ocrx_word' id='word_1_381' title='bbox 1686 3051 1924 3115; x_wconf 81' lang='grc' dir='ltr'>ἀκούσας</span> 
     </span>
    </p>
   </div>
   <div class='ocr_carea' id='block_1_51' title="bbox 360 3134 1924 3213">
    <p class='ocr_par' dir='ltr' id='par_1_51' title="bbox 360 3134 1924 3213">
     <span class='ocr_line' id='line_1_51' title="bbox 360 3134 1924 3213; baseline 0.006 -26"><span class='ocrx_word' id='word_1_382' title='bbox 360 3136 533 3189; x_wconf 76' lang='grc' dir='ltr'>ταῦτα</span> <span class='ocrx_word' id='word_1_383' title='bbox 575 3136 642 3189; x_wconf 82' lang='grc' dir='ltr'>τὰ</span> <span class='ocrx_word' id='word_1_384' title='bbox 675 3134 826 3206; x_wconf 80' lang='grc' dir='ltr'>παρὰ</span> <span class='ocrx_word' id='word_1_385' title='bbox 865 3136 965 3206; x_wconf 83' lang='grc' dir='ltr'>τῆς</span> <span class='ocrx_word' id='word_1_386' title='bbox 1012 3137 1215 3201; x_wconf 85' lang='grc' dir='ltr'>Γυκίας</span> <span class='ocrx_word' id='word_1_387' title='bbox 1240 3138 1521 3209; x_wconf 80' lang='grc' dir='ltr'>λεχθέντα,</span> <span class='ocrx_word' id='word_1_388' title='bbox 1557 3139 1652 3194; x_wconf 76' lang='grc' dir='ltr'>καὶ</span> <span class='ocrx_word' id='word_1_389' title='bbox 1682 3142 1739 3194; x_wconf 88' lang='grc' dir='ltr'><strong>ἐν</strong></span> <span class='ocrx_word' id='word_1_390' title='bbox 1775 3144 1924 3213; x_wconf 88' lang='grc' dir='ltr'>ὅρκῳ</span> 
     </span>
    </p>
   </div>
   <div class='ocr_carea' id='block_1_52' title="bbox 365 3223 1925 3301">
    <p class='ocr_par' dir='ltr' id='par_1_52' title="bbox 365 3223 1925 3301">
     <span class='ocr_line' id='line_1_52' title="bbox 365 3223 1925 3301; baseline 0.004 -22"><span class='ocrx_word' id='word_1_391' title='bbox 365 3227 734 3294; x_wconf 84' lang='grc' dir='ltr'>παγιωθέντα,</span> <span class='ocrx_word' id='word_1_392' title='bbox 766 3228 1045 3296; x_wconf 81' lang='grc' dir='ltr'>ἐθαύμασε</span> <span class='ocrx_word' id='word_1_393' title='bbox 1079 3230 1171 3281; x_wconf 73' lang='grc' dir='ltr'>καὶ</span> <span class='ocrx_word' id='word_1_394' title='bbox 1209 3223 1439 3300; x_wconf 77' lang='grc' dir='ltr'>ἐπῄνεσε</span> <span class='ocrx_word' id='word_1_395' title='bbox 1482 3231 1578 3301; x_wconf 82' lang='grc' dir='ltr'>τὴν</span> <span class='ocrx_word' id='word_1_396' title='bbox 1604 3231 1807 3286; x_wconf 83' lang='grc' dir='ltr'>Γυκίαν</span> <span class='ocrx_word' id='word_1_397' title='bbox 1833 3233 1925 3286; x_wconf 75' lang='grc' dir='ltr'>ἐπὶ</span> 
     </span>
    </p>
   </div>
   <div class='ocr_carea' id='block_1_53' title="bbox 361 3320 1926 3393">
    <p class='ocr_par' dir='ltr' id='par_1_53' title="bbox 361 3320 1926 3393">
     <span class='ocr_line' id='line_1_53' title="bbox 361 3320 1926 3393; baseline 0.004 -23"><span class='ocrx_word' id='word_1_398' title='bbox 361 3321 427 3389; x_wconf 82' lang='grc' dir='ltr'><strong>τῇ</strong></span> <span class='ocrx_word' id='word_1_399' title='bbox 486 3320 689 3389; x_wconf 80' lang='grc' dir='ltr'>ἐνόρκῳ</span> <span class='ocrx_word' id='word_1_400' title='bbox 711 3321 978 3386; x_wconf 79' lang='grc' dir='ltr'>συντάξει,</span> <span class='ocrx_word' id='word_1_401' title='bbox 1009 3321 1083 3383; x_wconf 82' lang='grc' dir='ltr'><strong>ὡς</strong></span> <span class='ocrx_word' id='word_1_402' title='bbox 1106 3323 1346 3391; x_wconf 84' lang='grc' dir='ltr'>γνησίως</span> <span class='ocrx_word' id='word_1_403' title='bbox 1398 3322 1525 3393; x_wconf 80' lang='grc' dir='ltr'>περὶ</span> <span class='ocrx_word' id='word_1_404' title='bbox 1574 3326 1700 3386; x_wconf 82' lang='grc' dir='ltr'>τοὺς</span> <span class='ocrx_word' id='word_1_405' title='bbox 1751 3326 1926 3393; x_wconf 81' lang='grc' dir='ltr'>γονεῖς</span> 
     </span>
    </p>
   </div>
   <div class='ocr_carea' id='block_1_54' title="bbox 364 3375 1994 3484">
    <p class='ocr_par' dir='ltr' id='par_1_54' title="bbox 364 3375 1994 3484">
     <span class='ocr_line' id='line_1_54' title="bbox 364 3375 1994 3484; baseline 0.005 -23"><span class='ocrx_word' id='word_1_406' title='bbox 364 3375 611 3480; x_wconf 55' lang='grc' dir='ltr'>ἔχουσαίν</span> <span class='ocrx_word' id='word_1_407' title='bbox 646 3375 977 3480; x_wconf 44' lang='grc' dir='ltr'>συνθέμενος,</span> <span class='ocrx_word' id='word_1_408' title='bbox 1005 3375 1183 3465; x_wconf 51' lang='grc' dir='ltr'>δὲκαὶ</span> <span class='ocrx_word' id='word_1_409' title='bbox 1198 3375 1380 3477; x_wconf 68' lang='grc' dir='ltr'>αὐτὸς,</span> <span class='ocrx_word' id='word_1_410' title='bbox 1410 3375 1561 3483; x_wconf 75' lang='grc' dir='ltr'>φησί,</span> <span class='ocrx_word' id='word_1_411' title='bbox 1595 3375 1808 3484; x_wconf 73' lang='grc' dir='ltr'>χαίρείν</span> <span class='ocrx_word' id='word_1_412' title='bbox 1949 3375 1994 3438; x_wconf 79' lang='lat' dir='ltr'>C</span> 
     </span>
    </p>
   </div>
   <div class='ocr_carea' id='block_1_55' title="bbox 368 3503 1928 3576">
    <p class='ocr_par' dir='ltr' id='par_1_55' title="bbox 368 3503 1928 3576">
     <span class='ocr_line' id='line_1_55' title="bbox 368 3503 1928 3576; baseline 0.004 -22"><span class='ocrx_word' id='word_1_413' title='bbox 368 3503 610 3556; x_wconf 73' lang='grc' dir='ltr'>σπένδειν</span> <span class='ocrx_word' id='word_1_414' title='bbox 655 3504 744 3554; x_wconf 77' lang='grc' dir='ltr'>ἐπὶ</span> <span class='ocrx_word' id='word_1_415' title='bbox 773 3506 839 3572; x_wconf 79' lang='grc' dir='ltr'>τῇ</span> <span class='ocrx_word' id='word_1_416' title='bbox 874 3503 1100 3575; x_wconf 85' lang='grc' dir='ltr'>τοιαύτῃ</span> <span class='ocrx_word' id='word_1_417' title='bbox 1132 3504 1402 3568; x_wconf 73' lang='grc' dir='ltr'>συντάξει.</span> <span class='ocrx_word' id='word_1_418' title='bbox 1442 3506 1549 3559; x_wconf 80' lang='lat' dir='ltr'><strong>Kal</strong></span> <span class='ocrx_word' id='word_1_419' title='bbox 1590 3508 1727 3576; x_wconf 84' lang='grc' dir='ltr'>μετὰ</span> <span class='ocrx_word' id='word_1_420' title='bbox 1772 3507 1928 3560; x_wconf 78' lang='grc' dir='ltr'>τοῦτο</span> 
     </span>
    </p>
   </div>
   <div class='ocr_carea' id='block_1_56' title="bbox 366 3591 1929 3667">
    <p class='ocr_par' dir='ltr' id='par_1_56' title="bbox 366 3591 1929 3667">
     <span class='ocr_line' id='line_1_56' title="bbox 366 3591 1929 3667; baseline 0.003 -21"><span class='ocrx_word' id='word_1_421' title='bbox 366 3592 739 3661; x_wconf 84' lang='grc' dir='ltr'>παρελθούσης</span> <span class='ocrx_word' id='word_1_422' title='bbox 773 3593 873 3661; x_wconf 80' lang='grc' dir='ltr'>τῆς</span> <span class='ocrx_word' id='word_1_423' title='bbox 902 3593 1122 3663; x_wconf 83' lang='grc' dir='ltr'>μνήμης</span> <span class='ocrx_word' id='word_1_424' title='bbox 1167 3594 1263 3647; x_wconf 74' lang='grc' dir='ltr'>καὶ</span> <span class='ocrx_word' id='word_1_425' title='bbox 1290 3591 1391 3663; x_wconf 85' lang='grc' dir='ltr'>τῆς</span> <span class='ocrx_word' id='word_1_426' title='bbox 1432 3596 1752 3665; x_wconf 76' lang='grc' dir='ltr'>εὐφρασίας,</span> <span class='ocrx_word' id='word_1_427' title='bbox 1783 3596 1929 3667; x_wconf 86' lang='grc' dir='ltr'><strong>δηλοί</strong></span> 
     </span>
    </p>
   </div>
   <div class='ocr_carea' id='block_1_57' title="bbox 364 3684 1923 3755">
    <p class='ocr_par' dir='ltr' id='par_1_57' title="bbox 364 3684 1923 3755">
     <span class='ocr_line' id='line_1_57' title="bbox 364 3684 1923 3755; baseline 0.004 -20"><span class='ocrx_word' id='word_1_428' title='bbox 364 3686 475 3746; x_wconf 83' lang='grc' dir='ltr'>τοῖς</span> <span class='ocrx_word' id='word_1_429' title='bbox 508 3685 564 3735; x_wconf 85' lang='grc' dir='ltr'><strong>ἐν</strong></span> <span class='ocrx_word' id='word_1_430' title='bbox 594 3684 851 3753; x_wconf 85' lang='grc' dir='ltr'>Βοσπόρῳ</span> <span class='ocrx_word' id='word_1_431' title='bbox 904 3684 968 3735; x_wconf 87' lang='grc' dir='ltr'><strong>δι’</strong></span> <span class='ocrx_word' id='word_1_432' title='bbox 1026 3686 1229 3738; x_wconf 77' lang='grc' dir='ltr'>οἰκείου</span> <span class='ocrx_word' id='word_1_433' title='bbox 1267 3686 1455 3749; x_wconf 81' lang='grc' dir='ltr'>παιδὸς</span> <span class='ocrx_word' id='word_1_434' title='bbox 1484 3686 1661 3755; x_wconf 77' lang='grc' dir='ltr'>λέγων</span> <span class='ocrx_word' id='word_1_435' title='bbox 1713 3690 1923 3752; x_wconf 83' lang='grc' dir='ltr'>αὐτοῖς,</span> 
     </span>
    </p>
   </div>
   <div class='ocr_carea' id='block_1_58' title="bbox 366 3770 1930 3850">
    <p class='ocr_par' dir='ltr' id='par_1_58' title="bbox 366 3770 1930 3850">
     <span class='ocr_line' id='line_1_58' title="bbox 366 3770 1930 3850; baseline 0.003 -23"><span class='ocrx_word' id='word_1_436' title='bbox 366 3772 448 3827; x_wconf 80' lang='grc' dir='ltr'><strong>ὅτι</strong></span> <span class='ocrx_word' id='word_1_437' title='bbox 509 3770 681 3844; x_wconf 76' lang='grc' dir='ltr'>Εὗρον</span> <span class='ocrx_word' id='word_1_438' title='bbox 742 3774 964 3843; x_wconf 82' lang='grc' dir='ltr'>μέθοδον</span> <span class='ocrx_word' id='word_1_439' title='bbox 1023 3776 1090 3828; x_wconf 86' lang='grc' dir='ltr'><strong>δι’</strong></span> <span class='ocrx_word' id='word_1_440' title='bbox 1154 3771 1223 3847; x_wconf 79' lang='grc' dir='ltr'>ἦς</span> <span class='ocrx_word' id='word_1_441' title='bbox 1261 3778 1479 3841; x_wconf 83' lang='grc' dir='ltr'>ἁκόπως</span> <span class='ocrx_word' id='word_1_442' title='bbox 1512 3779 1611 3849; x_wconf 77' lang='grc' dir='ltr'>τὴν</span> <span class='ocrx_word' id='word_1_443' title='bbox 1668 3780 1930 3850; x_wconf 85' lang='grc' dir='ltr'>Χερσῶνα</span> 
     </span>
    </p>
   </div>
   <div class='ocr_carea' id='block_1_59' title="bbox 370 3864 1933 3936">
    <p class='ocr_par' dir='ltr' id='par_1_59' title="bbox 370 3864 1933 3936">
     <span class='ocr_line' id='line_1_59' title="bbox 370 3864 1933 3936; baseline 0.003 -20"><span class='ocrx_word' id='word_1_444' title='bbox 370 3864 638 3936; x_wconf 83' lang='grc' dir='ltr'>μέλλομεν</span> <span class='ocrx_word' id='word_1_445' title='bbox 692 3864 1045 3933; x_wconf 78' lang='grc' dir='ltr'>παραλαϐεῖν·</span> <span class='ocrx_word' id='word_1_446' title='bbox 1072 3864 1229 3934; x_wconf 83' lang='grc' dir='ltr'>ὑμεῖς</span> <span class='ocrx_word' id='word_1_447' title='bbox 1274 3864 1366 3918; x_wconf 81' lang='grc' dir='ltr'>οὖν</span> <span class='ocrx_word' id='word_1_448' title='bbox 1409 3869 1474 3919; x_wconf 85' lang='grc' dir='ltr'><strong>ἐκ</strong></span> <span class='ocrx_word' id='word_1_449' title='bbox 1528 3866 1933 3936; x_wconf 81' lang='grc' dir='ltr'>διαλειμμάτων</span> 
     </span>
    </p>
   </div>
   <div class='ocr_carea' id='block_1_60' title="bbox 367 3952 1935 4027">
    <p class='ocr_par' dir='ltr' id='par_1_60' title="bbox 367 3952 1935 4027">
     <span class='ocr_line' id='line_1_60' title="bbox 367 3952 1935 4027; baseline -0.001 -17"><span class='ocrx_word' id='word_1_450' title='bbox 367 3955 728 4010; x_wconf 72' lang='grc' dir='ltr'>ἁποστέλλετέ</span> <span class='ocrx_word' id='word_1_451' title='bbox 787 3970 878 4023; x_wconf 87' lang='grc' dir='ltr'><strong>μοι</strong></span> <span class='ocrx_word' id='word_1_452' title='bbox 914 3952 1111 4023; x_wconf 78' lang='grc' dir='ltr'>δέκαῆ</span> <span class='ocrx_word' id='word_1_453' title='bbox 1149 3954 1355 4007; x_wconf 82' lang='grc' dir='ltr'>δώδεκα</span> <span class='ocrx_word' id='word_1_454' title='bbox 1397 3956 1693 4026; x_wconf 78' lang='grc' dir='ltr'>νεωτέρους</span> <span class='ocrx_word' id='word_1_455' title='bbox 1743 3958 1935 4027; x_wconf 76' lang='grc' dir='ltr'><strong>χρησί⁴</strong></span> 
     </span>
    </p>
   </div>
   <div class='ocr_carea' id='block_1_61' title="bbox 373 4044 1936 4118">
    <p class='ocr_par' dir='ltr' id='par_1_61' title="bbox 373 4044 1936 4118">
     <span class='ocr_line' id='line_1_61' title="bbox 373 4044 1936 4118; baseline -0.001 -17"><span class='ocrx_word' id='word_1_456' title='bbox 373 4065 505 4118; x_wconf 88' lang='grc' dir='ltr'>μους</span> <span class='ocrx_word' id='word_1_457' title='bbox 547 4048 703 4110; x_wconf 80' lang='grc' dir='ltr'>ἐκτὸς</span> <span class='ocrx_word' id='word_1_458' title='bbox 736 4047 845 4099; x_wconf 84' lang='grc' dir='ltr'>τῶν</span> <span class='ocrx_word' id='word_1_459' title='bbox 882 4050 941 4100; x_wconf 81' lang='grc' dir='ltr'><strong>ἐν</strong></span> <span class='ocrx_word' id='word_1_460' title='bbox 971 4046 1050 4116; x_wconf 84' lang='grc' dir='ltr'>τῷ</span> <span class='ocrx_word' id='word_1_461' title='bbox 1092 4044 1318 4117; x_wconf 79' lang='grc' dir='ltr'>καράόῳ</span> <span class='ocrx_word' id='word_1_462' title='bbox 1342 4046 1699 4111; x_wconf 74' lang='grc' dir='ltr'>ἐλαυνόντων,</span> <span class='ocrx_word' id='word_1_463' title='bbox 1734 4048 1809 4110; x_wconf 84' lang='grc' dir='ltr'>ὡς</span> <span class='ocrx_word' id='word_1_464' title='bbox 1840 4046 1936 4117; x_wconf 86' lang='grc' dir='ltr'><strong>δῆ-</strong></span> 
     </span>
    </p>
   </div>
   <div class='ocr_carea' id='block_1_62' title="bbox 372 4135 1937 4208">
    <p class='ocr_par' dir='ltr' id='par_1_62' title="bbox 372 4135 1937 4208">
     <span class='ocr_line' id='line_1_62' title="bbox 372 4135 1937 4208; baseline -0.001 -17"><span class='ocrx_word' id='word_1_465' title='bbox 372 4138 465 4191; x_wconf 83' lang='grc' dir='ltr'><strong>θεν</strong></span> <span class='ocrx_word' id='word_1_466' title='bbox 494 4137 643 4202; x_wconf 79' lang='grc' dir='ltr'>ξένιά</span> <span class='ocrx_word' id='word_1_467' title='bbox 668 4155 760 4208; x_wconf 88' lang='grc' dir='ltr'><strong>μοι</strong></span> <span class='ocrx_word' id='word_1_468' title='bbox 792 4137 1126 4206; x_wconf 59' lang='grc' dir='ltr'>πέμποντες</span> <span class='ocrx_word' id='word_1_469' title='bbox 1167 4138 1223 4189; x_wconf 91' lang='grc' dir='ltr'><strong>ἐν</strong></span> <span class='ocrx_word' id='word_1_470' title='bbox 1253 4135 1505 4206; x_wconf 81' lang='grc' dir='ltr'>συμϐόλῳ</span> <span class='ocrx_word' id='word_1_471' title='bbox 1555 4136 1612 4189; x_wconf 79' lang='grc' dir='ltr'>δὲ</span> <span class='ocrx_word' id='word_1_472' title='bbox 1656 4136 1937 4206; x_wconf 77' lang='grc' dir='ltr'>παραϐαλ-</span> 
     </span>
    </p>
   </div>
   <div class='ocr_carea' id='block_1_63' title="bbox 370 4224 1937 4300">
    <p class='ocr_par' dir='ltr' id='par_1_63' title="bbox 370 4224 1937 4300">
     <span class='ocr_line' id='line_1_63' title="bbox 370 4224 1937 4300; baseline 0 -19"><span class='ocrx_word' id='word_1_473' title='bbox 370 4229 571 4282; x_wconf 88' lang='grc' dir='ltr'>λόντων</span> <span class='ocrx_word' id='word_1_474' title='bbox 594 4228 701 4281; x_wconf 84' lang='grc' dir='ltr'>τῶν</span> <span class='ocrx_word' id='word_1_475' title='bbox 749 4229 1061 4299; x_wconf 86' lang='grc' dir='ltr'>ἐρχομένων</span> <span class='ocrx_word' id='word_1_476' title='bbox 1113 4228 1371 4300; x_wconf 79' lang='grc' dir='ltr'>καράϐων</span> <span class='ocrx_word' id='word_1_477' title='bbox 1401 4224 1554 4297; x_wconf 75' lang='grc' dir='ltr'>ὑμῶν</span> <span class='ocrx_word' id='word_1_478' title='bbox 1580 4229 1674 4281; x_wconf 74' lang='grc' dir='ltr'>καὶ</span> <span class='ocrx_word' id='word_1_479' title='bbox 1699 4226 1816 4281; x_wconf 77' lang='grc' dir='ltr'>ἐκεῖ</span> <span class='ocrx_word' id='word_1_480' title='bbox 1839 4245 1937 4298; x_wconf 84' lang='grc' dir='ltr'>με-</span> 
     </span>
    </p>
   </div>
   <div class='ocr_carea' id='block_1_64' title="bbox 374 4317 1939 4390">
    <p class='ocr_par' dir='ltr' id='par_1_64' title="bbox 374 4317 1939 4390">
     <span class='ocr_line' id='line_1_64' title="bbox 374 4317 1939 4390; baseline 0.003 -22"><span class='ocrx_word' id='word_1_481' title='bbox 374 4318 591 4371; x_wconf 64' lang='grc' dir='ltr'>νόντων</span> <span class='ocrx_word' id='word_1_482' title='bbox 627 4317 761 4388; x_wconf 83' lang='grc' dir='ltr'>ἐμοῦ</span> <span class='ocrx_word' id='word_1_483' title='bbox 796 4319 851 4371; x_wconf 85' lang='grc' dir='ltr'>δὲ</span> <span class='ocrx_word' id='word_1_484' title='bbox 885 4319 1192 4389; x_wconf 88' lang='grc' dir='ltr'>πέμποντος</span> <span class='ocrx_word' id='word_1_485' title='bbox 1226 4319 1320 4372; x_wconf 75' lang='grc' dir='ltr'>καὶ</span> <span class='ocrx_word' id='word_1_486' title='bbox 1370 4319 1437 4372; x_wconf 87' lang='grc' dir='ltr'><strong>δι’</strong></span> <span class='ocrx_word' id='word_1_487' title='bbox 1467 4319 1649 4373; x_wconf 75' lang='grc' dir='ltr'>ἵππων</span> <span class='ocrx_word' id='word_1_488' title='bbox 1682 4319 1939 4390; x_wconf 79' lang='grc' dir='ltr'>φέροντος</span> 
     </span>
    </p>
   </div>
   <div class='ocr_carea' id='block_1_65' title="bbox 332 4411 1939 4482">
    <p class='ocr_par' dir='ltr' id='par_1_65' title="bbox 332 4411 1939 4482">
     <span class='ocr_line' id='line_1_65' title="bbox 332 4411 1939 4482; baseline 0.002 -21"><span class='ocrx_word' id='word_1_489' title='bbox 332 4448 355 4461; x_wconf 83' lang='lat'><strong>.</strong></span> <span class='ocrx_word' id='word_1_490' title='bbox 376 4411 500 4473; x_wconf 81' lang='grc' dir='ltr'>τοὺς</span> <span class='ocrx_word' id='word_1_491' title='bbox 524 4412 847 4481; x_wconf 82' lang='grc' dir='ltr'>ἐρχομένους</span> <span class='ocrx_word' id='word_1_492' title='bbox 868 4412 1161 4480; x_wconf 80' lang='grc' dir='ltr'>νεωτέρους</span> <span class='ocrx_word' id='word_1_493' title='bbox 1190 4412 1247 4463; x_wconf 88' lang='grc' dir='ltr'><strong>ἐν</strong></span> <span class='ocrx_word' id='word_1_494' title='bbox 1280 4412 1343 4482; x_wconf 77' lang='grc' dir='ltr'>τῇ</span> <span class='ocrx_word' id='word_1_495' title='bbox 1388 4411 1560 4477; x_wconf 83' lang='grc' dir='ltr'>πόλει,</span> <span class='ocrx_word' id='word_1_496' title='bbox 1578 4413 1679 4467; x_wconf 75' lang='grc' dir='ltr'>,καὶ</span> <span class='ocrx_word' id='word_1_497' title='bbox 1703 4411 1773 4464; x_wconf 80' lang='grc' dir='ltr'><strong>τὰ</strong></span> <span class='ocrx_word' id='word_1_498' title='bbox 1795 4427 1939 4480; x_wconf 90' lang='grc' dir='ltr'>πεμ-</span> 
     </span>
    </p>
   </div>
   <div class='ocr_carea' id='block_1_66' title="bbox 381 4501 1942 4575">
    <p class='ocr_par' dir='ltr' id='par_1_66' title="bbox 381 4501 1942 4575">
     <span class='ocr_line' id='line_1_66' title="bbox 381 4501 1942 4575; baseline 0.002 -22"><span class='ocrx_word' id='word_1_499' title='bbox 381 4504 591 4571; x_wconf 81' lang='grc' dir='ltr'>πόμενα</span> <span class='ocrx_word' id='word_1_500' title='bbox 616 4501 747 4572; x_wconf 84' lang='lat'><strong>(76).</strong></span> <span class='ocrx_word' id='word_1_501' title='bbox 783 4503 895 4555; x_wconf 78' lang='lat' dir='ltr'><strong>Kal</strong></span> <span class='ocrx_word' id='word_1_502' title='bbox 914 4502 978 4573; x_wconf 77' lang='grc' dir='ltr'>δὴ</span> <span class='ocrx_word' id='word_1_503' title='bbox 1006 4503 1085 4574; x_wconf 77' lang='grc' dir='ltr'>τῷ</span> <span class='ocrx_word' id='word_1_504' title='bbox 1118 4503 1305 4575; x_wconf 88' lang='grc' dir='ltr'>τρόπῳ</span> <span class='ocrx_word' id='word_1_505' title='bbox 1329 4502 1498 4573; x_wconf 85' lang='grc' dir='ltr'>τούτῳ</span> <span class='ocrx_word' id='word_1_506' title='bbox 1522 4505 1613 4556; x_wconf 82' lang='grc' dir='ltr'>ἐπὶ</span> <span class='ocrx_word' id='word_1_507' title='bbox 1644 4503 1790 4573; x_wconf 85' lang='grc' dir='ltr'>διετῆ</span> <span class='ocrx_word' id='word_1_508' title='bbox 1814 4504 1942 4573; x_wconf 90' lang='grc' dir='ltr'>χρό-</span> 
     </span>
    </p>
   </div>
   <div class='ocr_carea' id='block_1_67' title="bbox 379 4592 1943 4664">
    <p class='ocr_par' dir='ltr' id='par_1_67' title="bbox 379 4592 1943 4664">
     <span class='ocr_line' id='line_1_67' title="bbox 379 4592 1943 4664; baseline 0 -19"><span class='ocrx_word' id='word_1_509' title='bbox 379 4610 468 4646; x_wconf 91' lang='grc' dir='ltr'><strong>νον</strong></span> <span class='ocrx_word' id='word_1_510' title='bbox 492 4596 555 4646; x_wconf 87' lang='grc' dir='ltr'><strong>ἐκ</strong></span> <span class='ocrx_word' id='word_1_511' title='bbox 588 4592 682 4646; x_wconf 80' lang='grc' dir='ltr'>τοῦ</span> <span class='ocrx_word' id='word_1_512' title='bbox 715 4593 857 4646; x_wconf 81' lang='grc' dir='ltr'>κατὰ</span> <span class='ocrx_word' id='word_1_513' title='bbox 889 4594 1053 4664; x_wconf 85' lang='grc' dir='ltr'>μέρος</span> <span class='ocrx_word' id='word_1_514' title='bbox 1092 4592 1401 4664; x_wconf 82' lang='grc' dir='ltr'>ἐρχομένων</span> <span class='ocrx_word' id='word_1_515' title='bbox 1429 4594 1537 4646; x_wconf 86' lang='grc' dir='ltr'><strong>τῶν</strong></span> <span class='ocrx_word' id='word_1_516' title='bbox 1566 4594 1943 4662; x_wconf 88' lang='grc' dir='ltr'>Βοσποριανῶν</span> 
     </span>
    </p>
   </div>
   <div class='ocr_carea' id='block_1_68' title="bbox 2019 2139 3587 2212">
    <p class='ocr_par' dir='ltr' id='par_1_68' title="bbox 2019 2139 3587 2212">
     <span class='ocr_line' id='line_1_68' title="bbox 2019 2139 3587 2212; baseline -0.003 -15"><span class='ocrx_word' id='word_1_517' title='bbox 2019 2145 2238 2212; x_wconf 75' lang='lat' dir='ltr'><strong>regione</strong></span> <span class='ocrx_word' id='word_1_518' title='bbox 2276 2141 2499 2210; x_wconf 76' lang='lat' dir='ltr'><strong>singuli,</strong></span> <span class='ocrx_word' id='word_1_519' title='bbox 2530 2156 2593 2193; x_wconf 90' lang='lat' dir='ltr'><strong>ae</strong></span> <span class='ocrx_word' id='word_1_520' title='bbox 2620 2142 2869 2195; x_wconf 83' lang='lat' dir='ltr'><strong>feriatum</strong></span> <span class='ocrx_word' id='word_1_521' title='bbox 2924 2141 3185 2195; x_wconf 87' lang='lat' dir='ltr'><strong>baberent</strong></span> <span class='ocrx_word' id='word_1_522' title='bbox 3239 2158 3253 2194; x_wconf 88' lang='lat'><strong>:</strong></span> <span class='ocrx_word' id='word_1_523' title='bbox 3308 2139 3587 2209; x_wconf 85' lang='lat' dir='ltr'><strong>promisit-</strong></span> 
     </span>
    </p>
   </div>
   <div class='ocr_carea' id='block_1_69' title="bbox 2020 2231 3583 2304">
    <p class='ocr_par' dir='ltr' id='par_1_69' title="bbox 2020 2231 3583 2304">
     <span class='ocr_line' id='line_1_69' title="bbox 2020 2231 3583 2304; baseline -0.001 -17"><span class='ocrx_word' id='word_1_524' title='bbox 2020 2249 2127 2304; x_wconf 85' lang='lat' dir='ltr'><strong>que</strong></span> <span class='ocrx_word' id='word_1_525' title='bbox 2157 2232 2369 2288; x_wconf 79' lang='lat' dir='ltr'><strong>civibus</strong></span> <span class='ocrx_word' id='word_1_526' title='bbox 2398 2246 2521 2286; x_wconf 90' lang='lat' dir='ltr'><strong>eum</strong></span> <span class='ocrx_word' id='word_1_527' title='bbox 2548 2231 2857 2300; x_wconf 72' lang='lat' dir='ltr'><strong>iuramento</strong></span> <span class='ocrx_word' id='word_1_528' title='bbox 2886 2233 3179 2302; x_wconf 87' lang='lat' dir='ltr'><strong>quotannis</strong></span> <span class='ocrx_word' id='word_1_529' title='bbox 3199 2234 3325 2287; x_wconf 89' lang='lat' dir='ltr'><strong>dum</strong></span> <span class='ocrx_word' id='word_1_530' title='bbox 3351 2232 3583 2295; x_wconf 88' lang='lat' dir='ltr'><strong>viveret,</strong></span> 
     </span>
    </p>
   </div>
   <div class='ocr_carea' id='block_1_70' title="bbox 2022 2318 3587 2381">
    <p class='ocr_par' dir='ltr' id='par_1_70' title="bbox 2022 2318 3587 2381">
     <span class='ocr_line' id='line_1_70' title="bbox 2022 2318 3587 2381; baseline -0.004 -1"><span class='ocrx_word' id='word_1_531' title='bbox 2022 2327 2136 2381; x_wconf 66' lang='lat' dir='ltr'><strong>haec</strong></span> <span class='ocrx_word' id='word_1_532' title='bbox 2165 2340 2224 2380; x_wconf 87' lang='lat' dir='ltr'><strong>se</strong></span> <span class='ocrx_word' id='word_1_533' title='bbox 2250 2324 2430 2379; x_wconf 83' lang='lat' dir='ltr'><strong>omnia</strong></span> <span class='ocrx_word' id='word_1_534' title='bbox 2460 2322 2527 2377; x_wconf 94' lang='lat' dir='ltr'><strong>ad</strong></span> <span class='ocrx_word' id='word_1_535' title='bbox 2563 2322 2943 2378; x_wconf 83' lang='lat' dir='ltr'><strong>celebrandam</strong></span> <span class='ocrx_word' id='word_1_536' title='bbox 3007 2323 3150 2377; x_wconf 90' lang='lat' dir='ltr'><strong>diem</strong></span> <span class='ocrx_word' id='word_1_537' title='bbox 3204 2323 3258 2376; x_wconf 93' lang='lat' dir='ltr'><strong>in</strong></span> <span class='ocrx_word' id='word_1_538' title='bbox 3326 2318 3587 2375; x_wconf 76' lang='lat' dir='ltr'><strong>Lamaelti</strong></span> 
     </span>
    </p>
   </div>
   <div class='ocr_carea' id='block_1_71' title="bbox 2021 2412 3590 2483">
    <p class='ocr_par' dir='ltr' id='par_1_71' title="bbox 2021 2412 3590 2483">
     <span class='ocr_line' id='line_1_71' title="bbox 2021 2412 3590 2483; baseline -0.002 -14"><span class='ocrx_word' id='word_1_539' title='bbox 2021 2416 2336 2470; x_wconf 83' lang='lat' dir='ltr'><strong>memoriam</strong></span> <span class='ocrx_word' id='word_1_540' title='bbox 2366 2412 2953 2483; x_wconf 84' lang='lat' dir='ltr'><strong>iis’suppeditaturam.</strong></span> <span class='ocrx_word' id='word_1_541' title='bbox 2997 2412 3121 2468; x_wconf 78' lang='lat' dir='ltr'><strong>Haec</strong></span> <span class='ocrx_word' id='word_1_542' title='bbox 3150 2429 3272 2467; x_wconf 90' lang='lat' dir='ltr'><strong>cum</strong></span> <span class='ocrx_word' id='word_1_543' title='bbox 3313 2413 3386 2467; x_wconf 90' lang='lat' dir='ltr'><strong>ita</strong></span> <span class='ocrx_word' id='word_1_544' title='bbox 3437 2413 3590 2481; x_wconf 43' lang='lat' dir='ltr'><strong>jure.</strong></span> 
     </span>
    </p>
   </div>
   <div class='ocr_carea' id='block_1_72' title="bbox 2016 2504 3591 2575">
    <p class='ocr_par' dir='ltr' id='par_1_72' title="bbox 2016 2504 3591 2575">
     <span class='ocr_line' id='line_1_72' title="bbox 2016 2504 3591 2575; baseline -0.002 -17"><span class='ocrx_word' id='word_1_545' title='bbox 2016 2504 2255 2575; x_wconf 83' lang='lat' dir='ltr'><strong>jurando</strong></span> <span class='ocrx_word' id='word_1_546' title='bbox 2282 2504 2350 2557; x_wconf 92' lang='lat' dir='ltr'><strong>ab</strong></span> <span class='ocrx_word' id='word_1_547' title='bbox 2376 2505 2491 2573; x_wconf 86' lang='lat' dir='ltr'><strong>ipsa</strong></span> <span class='ocrx_word' id='word_1_548' title='bbox 2523 2505 2732 2558; x_wconf 73' lang='lat' dir='ltr'><strong>firmata</strong></span> <span class='ocrx_word' id='word_1_549' title='bbox 2763 2513 2967 2567; x_wconf 84' lang='lat' dir='ltr'><strong>essent,</strong></span> <span class='ocrx_word' id='word_1_550' title='bbox 3006 2506 3237 2559; x_wconf 87' lang='lat' dir='ltr'><strong>maritus</strong></span> <span class='ocrx_word' id='word_1_551' title='bbox 3264 2504 3385 2573; x_wconf 84' lang='lat' dir='ltr'><strong>ejus</strong></span> <span class='ocrx_word' id='word_1_552' title='bbox 3410 2506 3591 2556; x_wconf 81' lang='lat' dir='ltr'><strong>Asan-</strong></span> 
     </span>
    </p>
   </div>
   <div class='ocr_carea' id='block_1_73' title="bbox 2020 2591 3588 2661">
    <p class='ocr_par' dir='ltr' id='par_1_73' title="bbox 2020 2591 3588 2661">
     <span class='ocr_line' id='line_1_73' title="bbox 2020 2591 3588 2661; baseline -0.004 -11"><span class='ocrx_word' id='word_1_553' title='bbox 2020 2596 2103 2650; x_wconf 90' lang='lat' dir='ltr'><strong>dri</strong></span> <span class='ocrx_word' id='word_1_554' title='bbox 2139 2594 2280 2649; x_wconf 83' lang='lat' dir='ltr'><strong>lilius</strong></span> <span class='ocrx_word' id='word_1_555' title='bbox 2321 2594 2504 2648; x_wconf 88' lang='lat' dir='ltr'><strong>dolum</strong></span> <span class='ocrx_word' id='word_1_556' title='bbox 2534 2591 2716 2646; x_wconf 86' lang='lat' dir='ltr'><strong>animo</strong></span> <span class='ocrx_word' id='word_1_557' title='bbox 2738 2591 3012 2647; x_wconf 89' lang='lat' dir='ltr'><strong>occultum</strong></span> <span class='ocrx_word' id='word_1_558' title='bbox 3050 2605 3296 2655; x_wconf 82' lang='lat' dir='ltr'><strong>versans,</strong></span> <span class='ocrx_word' id='word_1_559' title='bbox 3348 2600 3401 2645; x_wconf 91' lang='lat' dir='ltr'><strong>et</strong></span> <span class='ocrx_word' id='word_1_560' title='bbox 3460 2605 3588 2661; x_wconf 84' lang='lat' dir='ltr'><strong>pro-</strong></span> 
     </span>
    </p>
   </div>
   <div class='ocr_carea' id='block_1_74' title="bbox 2022 2681 3593 2754">
    <p class='ocr_par' dir='ltr' id='par_1_74' title="bbox 2022 2681 3593 2754">
     <span class='ocr_line' id='line_1_74' title="bbox 2022 2681 3593 2754; baseline -0.003 -15"><span class='ocrx_word' id='word_1_561' title='bbox 2022 2685 2244 2740; x_wconf 81' lang='lat' dir='ltr'><strong>ditionis</strong></span> <span class='ocrx_word' id='word_1_562' title='bbox 2267 2695 2478 2754; x_wconf 80' lang='lat' dir='ltr'><strong>tempus</strong></span> <span class='ocrx_word' id='word_1_563' title='bbox 2503 2696 2776 2753; x_wconf 85' lang='lat' dir='ltr'><strong>quaerens,</strong></span> <span class='ocrx_word' id='word_1_564' title='bbox 2818 2696 2942 2752; x_wconf 56' lang='lat' dir='ltr'><strong>qua’</strong></span> <span class='ocrx_word' id='word_1_565' title='bbox 2968 2697 2998 2737; x_wconf 88' lang='lat' dir='ltr'><strong>a</strong></span> <span class='ocrx_word' id='word_1_566' title='bbox 3048 2682 3217 2753; x_wconf 86' lang='lat' dir='ltr'><strong>Gycia</strong></span> <span class='ocrx_word' id='word_1_567' title='bbox 3251 2682 3397 2736; x_wconf 83' lang='lat' dir='ltr'><strong>dicta</strong></span> <span class='ocrx_word' id='word_1_568' title='bbox 3438 2681 3593 2751; x_wconf 86' lang='lat' dir='ltr'><strong>jura-</strong></span> 
     </span>
    </p>
   </div>
   <div class='ocr_carea' id='block_1_75' title="bbox 2021 2773 3587 2846">
    <p class='ocr_par' dir='ltr' id='par_1_75' title="bbox 2021 2773 3587 2846">
     <span class='ocr_line' id='line_1_75' title="bbox 2021 2773 3587 2846; baseline -0.004 -14"><span class='ocrx_word' id='word_1_569' title='bbox 2021 2785 2313 2846; x_wconf 86' lang='lat' dir='ltr'><strong>mentoque</strong></span> <span class='ocrx_word' id='word_1_570' title='bbox 2386 2776 2595 2829; x_wconf 81' lang='lat' dir='ltr'><strong>ﬁrmata</strong></span> <span class='ocrx_word' id='word_1_571' title='bbox 2662 2782 2847 2829; x_wconf 85' lang='lat' dir='ltr'><strong>essent</strong></span> <span class='ocrx_word' id='word_1_572' title='bbox 2948 2773 3197 2837; x_wconf 87' lang='lat' dir='ltr'><strong>audiens,</strong></span> <span class='ocrx_word' id='word_1_573' title='bbox 3284 2773 3587 2827; x_wconf 88' lang='lat' dir='ltr'><strong>admiratus</strong></span> 
     </span>
    </p>
   </div>
   <div class='ocr_carea' id='block_1_76' title="bbox 2023 2864 3592 2937">
    <p class='ocr_par' dir='ltr' id='par_1_76' title="bbox 2023 2864 3592 2937">
     <span class='ocr_line' id='line_1_76' title="bbox 2023 2864 3592 2937; baseline -0.005 -13"><span class='ocrx_word' id='word_1_574' title='bbox 2023 2869 2263 2924; x_wconf 81' lang='lat' dir='ltr'><strong>laudavit</strong></span> <span class='ocrx_word' id='word_1_575' title='bbox 2283 2882 2423 2933; x_wconf 89' lang='lat' dir='ltr'><strong>eam,</strong></span> <span class='ocrx_word' id='word_1_576' title='bbox 2457 2866 2603 2937; x_wconf 90' lang='lat' dir='ltr'><strong>quod</strong></span> <span class='ocrx_word' id='word_1_577' title='bbox 2664 2867 2975 2936; x_wconf 72' lang='lat' dir='ltr'><strong>iuramento</strong></span> <span class='ocrx_word' id='word_1_578' title='bbox 3015 2866 3391 2930; x_wconf 82' lang='lat' dir='ltr'><strong>stabilivisset,</strong></span> <span class='ocrx_word' id='word_1_579' title='bbox 3420 2864 3592 2919; x_wconf 79' lang='lat' dir='ltr'><strong>veluti</strong></span> 
     </span>
    </p>
   </div>
   <div class='ocr_carea' id='block_1_77' title="bbox 2024 2956 3592 3031">
    <p class='ocr_par' dir='ltr' id='par_1_77' title="bbox 2024 2956 3592 3031">
     <span class='ocr_line' id='line_1_77' title="bbox 2024 2956 3592 3031; baseline -0.005 -18"><span class='ocrx_word' id='word_1_580' title='bbox 2024 2960 2282 3031; x_wconf 57' lang='lat' dir='ltr'><strong>praeclare</strong></span> <span class='ocrx_word' id='word_1_581' title='bbox 2330 2973 2458 3028; x_wconf 83' lang='lat' dir='ltr'><strong>erga</strong></span> <span class='ocrx_word' id='word_1_582' title='bbox 2515 2966 2766 3026; x_wconf 84' lang='lat' dir='ltr'><strong>parentes</strong></span> <span class='ocrx_word' id='word_1_583' title='bbox 2819 2956 3108 3024; x_wconf 72' lang='lat' dir='ltr'><strong>affectam,</strong></span> <span class='ocrx_word' id='word_1_584' title='bbox 3142 2956 3407 3025; x_wconf 80' lang='lat' dir='ltr'><strong>adjiciens</strong></span> <span class='ocrx_word' id='word_1_585' title='bbox 3458 2968 3592 3024; x_wconf 83' lang='lat' dir='ltr'><strong>gau-</strong></span> 
     </span>
    </p>
   </div>
   <div class='ocr_carea' id='block_1_78' title="bbox 2023 3044 3596 3118">
    <p class='ocr_par' dir='ltr' id='par_1_78' title="bbox 2023 3044 3596 3118">
     <span class='ocr_line' id='line_1_78' title="bbox 2023 3044 3596 3118; baseline -0.007 -13"><span class='ocrx_word' id='word_1_586' title='bbox 2023 3050 2152 3105; x_wconf 89' lang='lat' dir='ltr'><strong>dere</strong></span> <span class='ocrx_word' id='word_1_587' title='bbox 2234 3065 2293 3105; x_wconf 88' lang='lat' dir='ltr'><strong>se</strong></span> <span class='ocrx_word' id='word_1_588' title='bbox 2347 3062 2585 3118; x_wconf 89' lang='lat' dir='ltr'><strong>quoque.</strong></span> <span class='ocrx_word' id='word_1_589' title='bbox 2647 3054 2701 3100; x_wconf 90' lang='lat' dir='ltr'><strong>et</strong></span> <span class='ocrx_word' id='word_1_590' title='bbox 2776 3047 2948 3101; x_wconf 87' lang='lat' dir='ltr'><strong>libare</strong></span> <span class='ocrx_word' id='word_1_591' title='bbox 3003 3047 3188 3102; x_wconf 83' lang='lat' dir='ltr'><strong>itidem</strong></span> <span class='ocrx_word' id='word_1_592' title='bbox 3237 3046 3394 3100; x_wconf 76' lang='lat' dir='ltr'><strong>velle.</strong></span> <span class='ocrx_word' id='word_1_593' title='bbox 3432 3044 3596 3098; x_wconf 87' lang='lat' dir='ltr'><strong>Cum-</strong></span> 
     </span>
    </p>
   </div>
   <div class='ocr_carea' id='block_1_79' title="bbox 2025 3134 3595 3209">
    <p class='ocr_par' dir='ltr' id='par_1_79' title="bbox 2025 3134 3595 3209">
     <span class='ocr_line' id='line_1_79' title="bbox 2025 3134 3595 3209; baseline -0.003 -16"><span class='ocrx_word' id='word_1_594' title='bbox 2025 3155 2130 3209; x_wconf 90' lang='lat' dir='ltr'><strong>que</strong></span> <span class='ocrx_word' id='word_1_595' title='bbox 2187 3139 2464 3195; x_wconf 61' lang='lat' dir='ltr'><strong>memoriat</strong></span> <span class='ocrx_word' id='word_1_596' title='bbox 2517 3137 2634 3192; x_wconf 89' lang='lat' dir='ltr'><strong>dies</strong></span> <span class='ocrx_word' id='word_1_597' title='bbox 2685 3146 2739 3192; x_wconf 91' lang='lat' dir='ltr'><strong>et</strong></span> <span class='ocrx_word' id='word_1_598' title='bbox 2799 3137 3018 3205; x_wconf 89' lang='lat' dir='ltr'><strong>epulum</strong></span> <span class='ocrx_word' id='word_1_599' title='bbox 3062 3137 3411 3206; x_wconf 83' lang='lat' dir='ltr'><strong>praeteriisset</strong></span> <span class='ocrx_word' id='word_1_600' title='bbox 3457 3134 3595 3188; x_wconf 89' lang='lat' dir='ltr'><strong>Bos-</strong></span> 
     </span>
    </p>
   </div>
   <div class='ocr_carea' id='block_1_80' title="bbox 2026 3225 3596 3302">
    <p class='ocr_par' dir='ltr' id='par_1_80' title="bbox 2026 3225 3596 3302">
     <span class='ocr_line' id='line_1_80' title="bbox 2026 3225 3596 3302; baseline -0.004 -19"><span class='ocrx_word' id='word_1_601' title='bbox 2026 3230 2273 3302; x_wconf 87' lang='lat' dir='ltr'><strong>porianis</strong></span> <span class='ocrx_word' id='word_1_602' title='bbox 2322 3244 2416 3298; x_wconf 89' lang='lat' dir='ltr'><strong>per</strong></span> <span class='ocrx_word' id='word_1_603' title='bbox 2450 3228 2709 3282; x_wconf 81' lang='lat' dir='ltr'><strong>famulum</strong></span> <span class='ocrx_word' id='word_1_604' title='bbox 2733 3241 2890 3282; x_wconf 89' lang='lat' dir='ltr'><strong>suum</strong></span> <span class='ocrx_word' id='word_1_605' title='bbox 2922 3226 3197 3290; x_wconf 86' lang='lat' dir='ltr'><strong>indicavit,</strong></span> <span class='ocrx_word' id='word_1_606' title='bbox 3241 3225 3515 3279; x_wconf 85' lang='lat' dir='ltr'><strong>invenisse</strong></span> <span class='ocrx_word' id='word_1_607' title='bbox 3537 3238 3596 3277; x_wconf 80' lang='lat' dir='ltr'><strong>se</strong></span> 
     </span>
    </p>
   </div>
   <div class='ocr_carea' id='block_1_81' title="bbox 2028 3313 3594 3388">
    <p class='ocr_par' dir='ltr' id='par_1_81' title="bbox 2028 3313 3594 3388">
     <span class='ocr_line' id='line_1_81' title="bbox 2028 3313 3594 3388; baseline -0.01 -15"><span class='ocrx_word' id='word_1_608' title='bbox 2028 3333 2134 3388; x_wconf 86' lang='lat' dir='ltr'><strong>quo</strong></span> <span class='ocrx_word' id='word_1_609' title='bbox 2156 3326 2313 3387; x_wconf 90' lang='lat' dir='ltr'><strong>pacto</strong></span> <span class='ocrx_word' id='word_1_610' title='bbox 2355 3315 2475 3370; x_wconf 88' lang='lat' dir='ltr'><strong>sine</strong></span> <span class='ocrx_word' id='word_1_611' title='bbox 2513 3314 2695 3367; x_wconf 90' lang='lat' dir='ltr'><strong>labore</strong></span> <span class='ocrx_word' id='word_1_612' title='bbox 2725 3313 3061 3367; x_wconf 86' lang='lat' dir='ltr'><strong>Cbersonem</strong></span> <span class='ocrx_word' id='word_1_613' title='bbox 3106 3326 3303 3383; x_wconf 88' lang='lat' dir='ltr'><strong>capere</strong></span> <span class='ocrx_word' id='word_1_614' title='bbox 3331 3315 3594 3381; x_wconf 88' lang='lat' dir='ltr'><strong>possent;</strong></span> 
     </span>
    </p>
   </div>
   <div class='ocr_carea' id='block_1_82' title="bbox 2027 3403 3601 3476">
    <p class='ocr_par' dir='ltr' id='par_1_82' title="bbox 2027 3403 3601 3476">
     <span class='ocr_line' id='line_1_82' title="bbox 2027 3403 3601 3476; baseline -0.001 -13"><span class='ocrx_word' id='word_1_615' title='bbox 2027 3411 2308 3465; x_wconf 89' lang='lat' dir='ltr'><strong>mitterent</strong></span> <span class='ocrx_word' id='word_1_616' title='bbox 2334 3408 2517 3476; x_wconf 89' lang='lat' dir='ltr'><strong>itaque</strong></span> <span class='ocrx_word' id='word_1_617' title='bbox 2555 3404 2976 3475; x_wconf 82' lang='lat' dir='ltr'><strong>per&#39;intervalla</strong></span> <span class='ocrx_word' id='word_1_618' title='bbox 3028 3403 3215 3459; x_wconf 90' lang='lat' dir='ltr'><strong>decem</strong></span> <span class='ocrx_word' id='word_1_619' title='bbox 3272 3412 3365 3458; x_wconf 91' lang='lat' dir='ltr'><strong>aut</strong></span> <span class='ocrx_word' id='word_1_620' title='bbox 3393 3403 3601 3461; x_wconf 88' lang='lat' dir='ltr'><strong>duode-</strong></span> 
     </span>
    </p>
   </div>
   <div class='ocr_carea' id='block_1_83' title="bbox 2027 3496 3594 3571">
    <p class='ocr_par' dir='ltr' id='par_1_83' title="bbox 2027 3496 3594 3571">
     <span class='ocr_line' id='line_1_83' title="bbox 2027 3496 3594 3571; baseline -0.002 -16"><span class='ocrx_word' id='word_1_621' title='bbox 2027 3500 2133 3555; x_wconf 90' lang='lat' dir='ltr'><strong>cim</strong></span> <span class='ocrx_word' id='word_1_622' title='bbox 2157 3498 2387 3571; x_wconf 78' lang='lat' dir='ltr'><strong>juvenes</strong></span> <span class='ocrx_word' id='word_1_623' title='bbox 2418 3503 2742 3568; x_wconf 83' lang='lat' dir='ltr'><strong>praestantes</strong></span> <span class='ocrx_word' id='word_1_624' title='bbox 2776 3504 2971 3566; x_wconf 68' lang='lat' dir='ltr'><strong>praater</strong></span> <span class='ocrx_word' id='word_1_625' title='bbox 2993 3496 3317 3551; x_wconf 88' lang='lat' dir='ltr'><strong>caraborum</strong></span> <span class='ocrx_word' id='word_1_626' title='bbox 3359 3498 3594 3567; x_wconf 83' lang='lat' dir='ltr'><strong>remiges</strong></span> 
     </span>
    </p>
   </div>
   <div class='ocr_carea' id='block_1_84' title="bbox 2028 3585 3589 3661">
    <p class='ocr_par' dir='ltr' id='par_1_84' title="bbox 2028 3585 3589 3661">
     <span class='ocr_line' id='line_1_84' title="bbox 2028 3585 3589 3661; baseline -0.003 -16"><span class='ocrx_word' id='word_1_627' title='bbox 2028 3592 2120 3661; x_wconf 91' lang='lat' dir='ltr'><strong>qui</strong></span> <span class='ocrx_word' id='word_1_628' title='bbox 2151 3591 2317 3647; x_wconf 91' lang='lat' dir='ltr'><strong>veluti</strong></span> <span class='ocrx_word' id='word_1_629' title='bbox 2350 3590 2507 3645; x_wconf 65' lang='lat' dir='ltr'><strong>ienia</strong></span> <span class='ocrx_word' id='word_1_630' title='bbox 2544 3588 2646 3659; x_wconf 88' lang='lat' dir='ltr'><strong>ipsi</strong></span> <span class='ocrx_word' id='word_1_631' title='bbox 2691 3585 2895 3642; x_wconf 78' lang='lat' dir='ltr'><strong>ferrent</strong></span> <span class='ocrx_word' id='word_1_632' title='bbox 2929 3600 2943 3641; x_wconf 86' lang='lat'><strong>:</strong></span> <span class='ocrx_word' id='word_1_633' title='bbox 2986 3586 3078 3656; x_wconf 88' lang='lat' dir='ltr'><strong>qui</strong></span> <span class='ocrx_word' id='word_1_634' title='bbox 3108 3596 3289 3642; x_wconf 86' lang='lat' dir='ltr'><strong>autem</strong></span> <span class='ocrx_word' id='word_1_635' title='bbox 3316 3590 3589 3657; x_wconf 87' lang='lat' dir='ltr'><strong>appellent</strong></span> 
     </span>
    </p>
   </div>
   <div class='ocr_carea' id='block_1_85' title="bbox 2030 3679 3604 3749">
    <p class='ocr_par' dir='ltr' id='par_1_85' title="bbox 2030 3679 3604 3749">
     <span class='ocr_line' id='line_1_85' title="bbox 2030 3679 3604 3749; baseline -0.004 -11"><span class='ocrx_word' id='word_1_636' title='bbox 2030 3684 2215 3738; x_wconf 89' lang='lat' dir='ltr'><strong>carabi</strong></span> <span class='ocrx_word' id='word_1_637' title='bbox 2236 3683 2293 3736; x_wconf 90' lang='lat' dir='ltr'><strong>in</strong></span> <span class='ocrx_word' id='word_1_638' title='bbox 2326 3681 2421 3734; x_wconf 86' lang='lat' dir='ltr'><strong>tali</strong></span> <span class='ocrx_word' id='word_1_639' title='bbox 2459 3680 2578 3735; x_wconf 87' lang='lat' dir='ltr'><strong>loco</strong></span> <span class='ocrx_word' id='word_1_640' title='bbox 2609 3679 2925 3744; x_wconf 88' lang='lat' dir='ltr'><strong>manebunt,</strong></span> <span class='ocrx_word' id='word_1_641' title='bbox 2959 3689 3058 3748; x_wconf 89' lang='lat' dir='ltr'><strong>ego</strong></span> <span class='ocrx_word' id='word_1_642' title='bbox 3088 3692 3218 3733; x_wconf 87' lang='lat' dir='ltr'><strong>vero</strong></span> <span class='ocrx_word' id='word_1_643' title='bbox 3271 3694 3441 3749; x_wconf 90' lang='lat' dir='ltr'><strong>equos</strong></span> <span class='ocrx_word' id='word_1_644' title='bbox 3477 3679 3604 3733; x_wconf 90' lang='lat' dir='ltr'><strong>mit-</strong></span> 
     </span>
    </p>
   </div>
   <div class='ocr_carea' id='block_1_86' title="bbox 2030 3770 3602 3840">
    <p class='ocr_par' dir='ltr' id='par_1_86' title="bbox 2030 3770 3602 3840">
     <span class='ocr_line' id='line_1_86' title="bbox 2030 3770 3602 3840; baseline -0.003 -14"><span class='ocrx_word' id='word_1_645' title='bbox 2030 3784 2162 3835; x_wconf 89' lang='lat' dir='ltr'><strong>tam,</strong></span> <span class='ocrx_word' id='word_1_646' title='bbox 2195 3773 2394 3840; x_wconf 89' lang='lat' dir='ltr'><strong>quibus</strong></span> <span class='ocrx_word' id='word_1_647' title='bbox 2414 3771 2641 3839; x_wconf 80' lang='lat' dir='ltr'><strong>juvenes</strong></span> <span class='ocrx_word' id='word_1_648' title='bbox 2673 3784 2736 3826; x_wconf 87' lang='lat' dir='ltr'><strong>ac</strong></span> <span class='ocrx_word' id='word_1_649' title='bbox 2776 3785 2999 3826; x_wconf 88' lang='lat' dir='ltr'><strong>munera</strong></span> <span class='ocrx_word' id='word_1_650' title='bbox 3053 3771 3218 3826; x_wconf 88' lang='lat' dir='ltr'><strong>missa</strong></span> <span class='ocrx_word' id='word_1_651' title='bbox 3285 3771 3340 3824; x_wconf 89' lang='lat' dir='ltr'><strong>in</strong></span> <span class='ocrx_word' id='word_1_652' title='bbox 3411 3770 3602 3823; x_wconf 88' lang='lat' dir='ltr'><strong>urbem</strong></span> 
     </span>
    </p>
   </div>
   <div class='ocr_carea' id='block_1_87' title="bbox 2030 3858 3602 3926">
    <p class='ocr_par' dir='ltr' id='par_1_87' title="bbox 2030 3858 3602 3926">
     <span class='ocr_line' id='line_1_87' title="bbox 2030 3858 3602 3926; baseline -0.001 -12"><span class='ocrx_word' id='word_1_653' title='bbox 2030 3861 2319 3914; x_wconf 82' lang='lat' dir='ltr'><strong>vehantur.</strong></span> <span class='ocrx_word' id='word_1_654' title='bbox 2350 3858 2592 3926; x_wconf 85' lang='lat' dir='ltr'><strong>Cumque</strong></span> <span class='ocrx_word' id='word_1_655' title='bbox 2648 3872 2743 3926; x_wconf 89' lang='lat' dir='ltr'><strong>per</strong></span> <span class='ocrx_word' id='word_1_656' title='bbox 2768 3858 3008 3913; x_wconf 89' lang='lat' dir='ltr'><strong>biennim</strong></span> <span class='ocrx_word' id='word_1_657' title='bbox 3044 3858 3146 3911; x_wconf 90' lang='lat' dir='ltr'><strong>boe</strong></span> <span class='ocrx_word' id='word_1_658' title='bbox 3176 3859 3335 3911; x_wconf 85' lang='lat' dir='ltr'><strong>modo</strong></span> <span class='ocrx_word' id='word_1_659' title='bbox 3366 3859 3602 3912; x_wconf 87' lang='lat' dir='ltr'><strong>diversis</strong></span> 
     </span>
    </p>
   </div>
   <div class='ocr_carea' id='block_1_88' title="bbox 2034 3946 3605 4020">
    <p class='ocr_par' dir='ltr' id='par_1_88' title="bbox 2034 3946 3605 4020">
     <span class='ocr_line' id='line_1_88' title="bbox 2034 3946 3605 4020; baseline -0.002 -15"><span class='ocrx_word' id='word_1_660' title='bbox 2034 3950 2370 4020; x_wconf 90' lang='lat' dir='ltr'><strong>temporibus</strong></span> <span class='ocrx_word' id='word_1_661' title='bbox 2446 3950 2500 4001; x_wconf 92' lang='lat' dir='ltr'><strong>in</strong></span> <span class='ocrx_word' id='word_1_662' title='bbox 2574 3948 2763 4001; x_wconf 92' lang='lat' dir='ltr'><strong>urbem</strong></span> <span class='ocrx_word' id='word_1_663' title='bbox 2849 3946 3166 4015; x_wconf 88' lang='lat' dir='ltr'><strong>Bosporiani</strong></span> <span class='ocrx_word' id='word_1_664' title='bbox 3232 3962 3353 4000; x_wconf 91' lang='lat' dir='ltr'><strong>eum</strong></span> <span class='ocrx_word' id='word_1_665' title='bbox 3432 3949 3605 4002; x_wconf 80' lang='lat' dir='ltr'><strong>xeniis</strong></span> 
     </span>
    </p>
   </div>
   <div class='ocr_carea' id='block_1_89' title="bbox 2035 4035 3607 4105">
    <p class='ocr_par' dir='ltr' id='par_1_89' title="bbox 2035 4035 3607 4105">
     <span class='ocr_line' id='line_1_89' title="bbox 2035 4035 3607 4105; baseline -0.004 -8"><span class='ocrx_word' id='word_1_666' title='bbox 2035 4044 2332 4105; x_wconf 87' lang='lat' dir='ltr'><strong>venissent,</strong></span> <span class='ocrx_word' id='word_1_667' title='bbox 2382 4054 2449 4093; x_wconf 91' lang='lat' dir='ltr'><strong>ne</strong></span> <span class='ocrx_word' id='word_1_668' title='bbox 2482 4038 2631 4092; x_wconf 80' lang='lat' dir='ltr'><strong>fraus</strong></span> <span class='ocrx_word' id='word_1_669' title='bbox 2665 4050 2693 4090; x_wconf 87' lang='lat' dir='ltr'><strong>a</strong></span> <span class='ocrx_word' id='word_1_670' title='bbox 2716 4035 2924 4090; x_wconf 85' lang='lat' dir='ltr'><strong>civibus</strong></span> <span class='ocrx_word' id='word_1_671' title='bbox 2965 4044 3388 4104; x_wconf 83' lang='lat' dir='ltr'><strong>agnosceretur,</strong></span> <span class='ocrx_word' id='word_1_672' title='bbox 3436 4036 3607 4091; x_wconf 81' lang='lat' dir='ltr'><strong>addu-</strong></span> 
     </span>
    </p>
   </div>
   <div class='ocr_carea' id='block_1_90' title="bbox 2037 4125 3603 4199">
    <p class='ocr_par' dir='ltr' id='par_1_90' title="bbox 2037 4125 3603 4199">
     <span class='ocr_line' id='line_1_90' title="bbox 2037 4125 3603 4199; baseline -0.004 -9"><span class='ocrx_word' id='word_1_673' title='bbox 2037 4136 2195 4190; x_wconf 87' lang='lat' dir='ltr'><strong>eebat</strong></span> <span class='ocrx_word' id='word_1_674' title='bbox 2234 4147 2330 4188; x_wconf 92' lang='lat' dir='ltr'><strong>eos</strong></span> <span class='ocrx_word' id='word_1_675' title='bbox 2358 4130 2593 4186; x_wconf 84' lang='lat' dir='ltr'><strong>Asandri</strong></span> <span class='ocrx_word' id='word_1_676' title='bbox 2642 4129 2787 4183; x_wconf 91' lang='lat' dir='ltr'><strong>lilius</strong></span> <span class='ocrx_word' id='word_1_677' title='bbox 2839 4125 3079 4199; x_wconf 81' lang='lat' dir='ltr'><strong>pedestri</strong></span> <span class='ocrx_word' id='word_1_678' title='bbox 3130 4128 3324 4182; x_wconf 88' lang='lat' dir='ltr'><strong>itinere</strong></span> <span class='ocrx_word' id='word_1_679' title='bbox 3347 4145 3412 4183; x_wconf 79' lang='lat' dir='ltr'><strong>ex</strong></span> <span class='ocrx_word' id='word_1_680' title='bbox 3482 4130 3603 4184; x_wconf 87' lang='lat' dir='ltr'><strong>loco</strong></span> 
     </span>
    </p>
   </div>
   <div class='ocr_carea' id='block_1_91' title="bbox 2038 4219 3605 4291">
    <p class='ocr_par' dir='ltr' id='par_1_91' title="bbox 2038 4219 3605 4291">
     <span class='ocr_line' id='line_1_91' title="bbox 2038 4219 3605 4291; baseline -0.004 -10"><span class='ocrx_word' id='word_1_681' title='bbox 2038 4228 2357 4291; x_wconf 89' lang='lat' dir='ltr'><strong>constituto,</strong></span> <span class='ocrx_word' id='word_1_682' title='bbox 2417 4232 2471 4279; x_wconf 89' lang='lat' dir='ltr'><strong>et</strong></span> <span class='ocrx_word' id='word_1_683' title='bbox 2529 4236 2721 4277; x_wconf 88' lang='lat' dir='ltr'><strong>rursus</strong></span> <span class='ocrx_word' id='word_1_684' title='bbox 2783 4226 2907 4290; x_wconf 91' lang='lat' dir='ltr'><strong>post</strong></span> <span class='ocrx_word' id='word_1_685' title='bbox 2970 4221 3183 4289; x_wconf 85' lang='lat' dir='ltr'><strong>aliquot</strong></span> <span class='ocrx_word' id='word_1_686' title='bbox 3252 4219 3370 4275; x_wconf 90' lang='lat' dir='ltr'><strong>dies</strong></span> <span class='ocrx_word' id='word_1_687' title='bbox 3421 4235 3605 4275; x_wconf 87' lang='lat' dir='ltr'><strong>coram</strong></span> 
     </span>
    </p>
   </div>
   <div class='ocr_carea' id='block_1_92' title="bbox 2040 4304 3609 4383">
    <p class='ocr_par' dir='ltr' id='par_1_92' title="bbox 2040 4304 3609 4383">
     <span class='ocr_line' id='line_1_92' title="bbox 2040 4304 3609 4383; baseline -0.006 -9"><span class='ocrx_word' id='word_1_688' title='bbox 2040 4304 2294 4374; x_wconf 86' lang='lat' dir='ltr'><strong>omnibus</strong></span> <span class='ocrx_word' id='word_1_689' title='bbox 2318 4331 2413 4372; x_wconf 91' lang='lat' dir='ltr'><strong>eos</strong></span> <span class='ocrx_word' id='word_1_690' title='bbox 2460 4315 2562 4371; x_wconf 88' lang='lat' dir='ltr'><strong>sub</strong></span> <span class='ocrx_word' id='word_1_691' title='bbox 2627 4326 2907 4383; x_wconf 84' lang='lat' dir='ltr'><strong>vesperam</strong></span> <span class='ocrx_word' id='word_1_692' title='bbox 2979 4311 3289 4366; x_wconf 86' lang='lat' dir='ltr'><strong>dimittebat</strong></span> <span class='ocrx_word' id='word_1_693' title='bbox 3339 4313 3407 4366; x_wconf 90' lang='lat' dir='ltr'><strong>ad</strong></span> <span class='ocrx_word' id='word_1_694' title='bbox 3461 4328 3609 4367; x_wconf 88' lang='lat' dir='ltr'><strong>cam-</strong></span> 
     </span>
    </p>
   </div>
   <div class='ocr_carea' id='block_1_93' title="bbox 2043 4403 3609 4482">
    <p class='ocr_par' dir='ltr' id='par_1_93' title="bbox 2043 4403 3609 4482">
     <span class='ocr_line' id='line_1_93' title="bbox 2043 4403 3609 4482; baseline -0.006 -16"><span class='ocrx_word' id='word_1_695' title='bbox 2043 4411 2263 4482; x_wconf 89' lang='lat' dir='ltr'><strong>pestria,</strong></span> <span class='ocrx_word' id='word_1_696' title='bbox 2294 4407 2448 4479; x_wconf 88' lang='lat' dir='ltr'><strong>quasi</strong></span> <span class='ocrx_word' id='word_1_697' title='bbox 2500 4407 2611 4476; x_wconf 84' lang='lat' dir='ltr'><strong>jam</strong></span> <span class='ocrx_word' id='word_1_698' title='bbox 2650 4405 2859 4460; x_wconf 88' lang='lat' dir='ltr'><strong>tardius</strong></span> <span class='ocrx_word' id='word_1_699' title='bbox 2884 4412 3065 4470; x_wconf 87' lang='lat' dir='ltr'><strong>esset;</strong></span> <span class='ocrx_word' id='word_1_700' title='bbox 3136 4406 3227 4474; x_wconf 87' lang='lat' dir='ltr'><strong>qui</strong></span> <span class='ocrx_word' id='word_1_701' title='bbox 3270 4405 3477 4477; x_wconf 86' lang='lat' dir='ltr'><strong>egressi</strong></span> <span class='ocrx_word' id='word_1_702' title='bbox 3539 4403 3609 4458; x_wconf 90' lang='lat' dir='ltr'><strong>ad</strong></span> 
     </span>
    </p>
   </div>
   <div class='ocr_carea' id='block_1_94' title="bbox 2042 4495 3609 4570">
    <p class='ocr_par' dir='ltr' id='par_1_94' title="bbox 2042 4495 3609 4570">
     <span class='ocr_line' id='line_1_94' title="bbox 2042 4495 3609 4570; baseline -0.006 -13"><span class='ocrx_word' id='word_1_703' title='bbox 2042 4504 2146 4557; x_wconf 91' lang='lat' dir='ltr'><strong>tria</strong></span> <span class='ocrx_word' id='word_1_704' title='bbox 2181 4516 2355 4570; x_wconf 88' lang='lat' dir='ltr'><strong>usque</strong></span> <span class='ocrx_word' id='word_1_705' title='bbox 2384 4499 2636 4553; x_wconf 83' lang='lat' dir='ltr'><strong>milliaria</strong></span> <span class='ocrx_word' id='word_1_706' title='bbox 2673 4498 2906 4553; x_wconf 90' lang='lat' dir='ltr'><strong>tenebris</strong></span> <span class='ocrx_word' id='word_1_707' title='bbox 2962 4497 3076 4567; x_wconf 88' lang='lat' dir='ltr'><strong>jam</strong></span> <span class='ocrx_word' id='word_1_708' title='bbox 3110 4495 3297 4552; x_wconf 89' lang='lat' dir='ltr'><strong>densis</strong></span> <span class='ocrx_word' id='word_1_709' title='bbox 3352 4496 3609 4551; x_wconf 85' lang='lat' dir='ltr'><strong>redibant</strong></span> 
     </span>
    </p>
   </div>
   <div class='ocr_carea' id='block_1_95' title="bbox 2044 4587 3610 4655">
    <p class='ocr_par' dir='ltr' id='par_1_95' title="bbox 2044 4587 3610 4655">
     <span class='ocr_line' id='line_1_95' title="bbox 2044 4587 3610 4655; baseline -0.004 -7"><span class='ocrx_word' id='word_1_710' title='bbox 2044 4602 2096 4648; x_wconf 91' lang='lat' dir='ltr'><strong>et</strong></span> <span class='ocrx_word' id='word_1_711' title='bbox 2119 4593 2393 4646; x_wconf 74' lang='lat' dir='ltr'><strong>Liinonean</strong></span> <span class='ocrx_word' id='word_1_712' title='bbox 2425 4591 2721 4655; x_wconf 86' lang='lat' dir='ltr'><strong>intrabant,</strong></span> <span class='ocrx_word' id='word_1_713' title='bbox 2745 4588 2888 4643; x_wconf 90' lang='lat' dir='ltr'><strong>unde</strong></span> <span class='ocrx_word' id='word_1_714' title='bbox 2937 4588 3135 4642; x_wconf 88' lang='lat' dir='ltr'><strong>carabo</strong></span> <span class='ocrx_word' id='word_1_715' title='bbox 3179 4588 3317 4641; x_wconf 88' lang='lat' dir='ltr'><strong>Susa</strong></span> <span class='ocrx_word' id='word_1_716' title='bbox 3378 4587 3610 4642; x_wconf 84' lang='lat' dir='ltr'><strong>devehe-</strong></span> 
     </span>
    </p>
   </div>
   <div class='ocr_carea' id='block_1_96' title="bbox 385 4677 1929 4768">
    <p class='ocr_par' dir='ltr' id='par_1_96' title="bbox 385 4684 1929 4754">
     <span class='ocr_line' id='line_1_96' title="bbox 385 4684 1929 4754; baseline 0.001 -20"><span class='ocrx_word' id='word_1_717' title='bbox 385 4685 521 4753; x_wconf 87' lang='grc' dir='ltr'>μετὰ</span> <span class='ocrx_word' id='word_1_718' title='bbox 554 4685 662 4736; x_wconf 80' lang='grc' dir='ltr'><strong>τῶν</strong></span> <span class='ocrx_word' id='word_1_719' title='bbox 706 4684 921 4751; x_wconf 82' lang='grc' dir='ltr'>ξενίων,</span> <span class='ocrx_word' id='word_1_720' title='bbox 952 4684 1092 4754; x_wconf 81' lang='grc' dir='ltr'>πρὸς</span> <span class='ocrx_word' id='word_1_721' title='bbox 1132 4685 1193 4737; x_wconf 80' lang='grc' dir='ltr'>τὸ</span> <span class='ocrx_word' id='word_1_722' title='bbox 1231 4684 1305 4754; x_wconf 83' lang='grc' dir='ltr'>μὴ</span> <span class='ocrx_word' id='word_1_723' title='bbox 1338 4684 1645 4753; x_wconf 82' lang='grc' dir='ltr'>γνωσθῆναι</span> <span class='ocrx_word' id='word_1_724' title='bbox 1690 4688 1756 4754; x_wconf 75' lang='grc' dir='ltr'>τῇ</span> <span class='ocrx_word' id='word_1_725' title='bbox 1790 4684 1929 4737; x_wconf 59' lang='grc' dir='ltr'>πόλει</span> 
     </span>
    </p>
   </div>
   <div class='ocr_carea' id='block_1_97' title="bbox 2028 4677 3610 4768">
    <p class='ocr_par' dir='ltr' id='par_1_97' title="bbox 2047 4677 3610 4751">
     <span class='ocr_line' id='line_1_97' title="bbox 2047 4677 3610 4751; baseline -0.004 -13"><span class='ocrx_word' id='word_1_726' title='bbox 2047 4684 2268 4746; x_wconf 87' lang='lat' dir='ltr'><strong>bantur,</strong></span> <span class='ocrx_word' id='word_1_727' title='bbox 2303 4682 2389 4736; x_wconf 89' lang='lat' dir='ltr'><strong>ubi</strong></span> <span class='ocrx_word' id='word_1_728' title='bbox 2419 4697 2514 4751; x_wconf 90' lang='lat' dir='ltr'><strong>per</strong></span> <span class='ocrx_word' id='word_1_729' title='bbox 2560 4688 2771 4750; x_wconf 84' lang='lat' dir='ltr'><strong>portam</strong></span> <span class='ocrx_word' id='word_1_730' title='bbox 2824 4680 3113 4739; x_wconf 89' lang='lat' dir='ltr'><strong>minorem.</strong></span> <span class='ocrx_word' id='word_1_731' title='bbox 3146 4693 3309 4748; x_wconf 88' lang='lat' dir='ltr'><strong>quam</strong></span> <span class='ocrx_word' id='word_1_732' title='bbox 3340 4677 3397 4731; x_wconf 91' lang='lat' dir='ltr'><strong>in</strong></span> <span class='ocrx_word' id='word_1_733' title='bbox 3451 4693 3610 4732; x_wconf 89' lang='lat' dir='ltr'><strong>muro</strong></span> 
     </span>
    </p>
   </div>
   <div class='ocr_carea' id='block_1_98' title="bbox 383 4773 1942 4846">
    <p class='ocr_par' dir='ltr' id='par_1_98' title="bbox 383 4773 1942 4846">
     <span class='ocr_line' id='line_1_98' title="bbox 383 4773 1942 4846; baseline 0.001 -20"><span class='ocrx_word' id='word_1_734' title='bbox 383 4776 473 4827; x_wconf 76' lang='grc' dir='ltr'><strong>τὸν</strong></span> <span class='ocrx_word' id='word_1_735' title='bbox 501 4775 671 4837; x_wconf 87' lang='grc' dir='ltr'>δόλον,</span> <span class='ocrx_word' id='word_1_736' title='bbox 703 4775 865 4846; x_wconf 77' lang='grc' dir='ltr'>ἔφερε</span> <span class='ocrx_word' id='word_1_737' title='bbox 903 4776 1003 4845; x_wconf 90' lang='grc' dir='ltr'><strong>μέν</strong></span> <span class='ocrx_word' id='word_1_738' title='bbox 1036 4776 1232 4837; x_wconf 73' lang='grc' dir='ltr'>αὐτοὺς</span> <span class='ocrx_word' id='word_1_739' title='bbox 1255 4773 1493 4839; x_wconf 76' lang='grc' dir='ltr'>πεξικῶς</span> <span class='ocrx_word' id='word_1_740' title='bbox 1521 4776 1587 4826; x_wconf 79' lang='grc' dir='ltr'><strong>ἐκ</strong></span> <span class='ocrx_word' id='word_1_741' title='bbox 1616 4773 1709 4827; x_wconf 83' lang='grc' dir='ltr'>τοῦ</span> <span class='ocrx_word' id='word_1_742' title='bbox 1739 4774 1942 4843; x_wconf 79' lang='grc' dir='ltr'>συμϐό·</span> 
     </span>
    </p>
   </div>
   <div class='ocr_carea' id='block_1_99' title="bbox 384 4860 1951 4936">
    <p class='ocr_par' dir='ltr' id='par_1_99' title="bbox 384 4860 1951 4936">
     <span class='ocr_line' id='line_1_99' title="bbox 384 4860 1951 4936; baseline 0.002 -21"><span class='ocrx_word' id='word_1_743' title='bbox 384 4860 475 4916; x_wconf 88' lang='grc' dir='ltr'><strong>λου</strong></span> <span class='ocrx_word' id='word_1_744' title='bbox 522 4867 550 4918; x_wconf 86' lang='grc' dir='ltr'><strong>ὁ</strong></span> <span class='ocrx_word' id='word_1_745' title='bbox 594 4864 687 4918; x_wconf 80' lang='grc' dir='ltr'>τοῦ</span> <span class='ocrx_word' id='word_1_746' title='bbox 733 4866 1024 4936; x_wconf 76' lang='grc' dir='ltr'>’Δσάνδρου</span> <span class='ocrx_word' id='word_1_747' title='bbox 1068 4864 1201 4930; x_wconf 83' lang='grc' dir='ltr'>υίὸς,</span> <span class='ocrx_word' id='word_1_748' title='bbox 1258 4866 1353 4919; x_wconf 76' lang='grc' dir='ltr'>καὶ</span> <span class='ocrx_word' id='word_1_749' title='bbox 1395 4866 1533 4935; x_wconf 85' lang='grc' dir='ltr'>μετά</span> <span class='ocrx_word' id='word_1_750' title='bbox 1562 4866 1771 4936; x_wconf 82' lang='grc' dir='ltr'>ἡμέρας</span> <span class='ocrx_word' id='word_1_751' title='bbox 1797 4865 1951 4929; x_wconf 82' lang='grc' dir='ltr'>τινὰς</span> 
     </span>
    </p>
   </div>
   <div class='ocr_carea' id='block_1_100' title="bbox 386 4954 1946 5027">
    <p class='ocr_par' dir='ltr' id='par_1_100' title="bbox 386 4954 1946 5027">
     <span class='ocr_line' id='line_1_100' title="bbox 386 4954 1946 5027; baseline 0 -21"><span class='ocrx_word' id='word_1_752' title='bbox 386 4954 549 5007; x_wconf 78' lang='grc' dir='ltr'>πάλιν</span> <span class='ocrx_word' id='word_1_753' title='bbox 584 4957 675 5008; x_wconf 75' lang='grc' dir='ltr'><strong>ἐπὶ</strong></span> <span class='ocrx_word' id='word_1_754' title='bbox 726 4957 945 5010; x_wconf 82' lang='grc' dir='ltr'>πάντων</span> <span class='ocrx_word' id='word_1_755' title='bbox 981 4956 1117 5027; x_wconf 81' lang='grc' dir='ltr'>πρὸς</span> <span class='ocrx_word' id='word_1_756' title='bbox 1174 4954 1413 5025; x_wconf 84' lang='grc' dir='ltr'>ἐσπέραν</span> <span class='ocrx_word' id='word_1_757' title='bbox 1452 4954 1686 5007; x_wconf 87' lang='grc' dir='ltr'>ἀπέλυεν</span> <span class='ocrx_word' id='word_1_758' title='bbox 1729 4954 1946 5016; x_wconf 83' lang='grc' dir='ltr'>αὐτοὺς,</span> 
     </span>
    </p>
   </div>
   <div class='ocr_carea' id='block_1_101' title="bbox 387 5044 1951 5116">
    <p class='ocr_par' dir='ltr' id='par_1_101' title="bbox 387 5044 1951 5116">
     <span class='ocr_line' id='line_1_101' title="bbox 387 5044 1951 5116; baseline -0.001 -20"><span class='ocrx_word' id='word_1_759' title='bbox 387 5044 571 5113; x_wconf 81' lang='grc' dir='ltr'>φησὶν,</span> <span class='ocrx_word' id='word_1_760' title='bbox 618 5046 711 5098; x_wconf 73' lang='grc' dir='ltr'>ἐπὶ</span> <span class='ocrx_word' id='word_1_761' title='bbox 755 5047 824 5100; x_wconf 80' lang='grc' dir='ltr'>τὰ</span> <span class='ocrx_word' id='word_1_762' title='bbox 869 5046 992 5111; x_wconf 76' lang='grc' dir='ltr'>ἔξω,</span> <span class='ocrx_word' id='word_1_763' title='bbox 1029 5046 1104 5109; x_wconf 85' lang='grc' dir='ltr'><strong>ὡς</strong></span> <span class='ocrx_word' id='word_1_764' title='bbox 1155 5045 1314 5116; x_wconf 83' lang='grc' dir='ltr'>δῆθεν</span> <span class='ocrx_word' id='word_1_765' title='bbox 1350 5044 1707 5114; x_wconf 86' lang='grc' dir='ltr'>βραδέστερον</span> <span class='ocrx_word' id='word_1_766' title='bbox 1731 5044 1820 5097; x_wconf 82' lang='grc' dir='ltr'><strong>διὰ</strong></span> <span class='ocrx_word' id='word_1_767' title='bbox 1854 5044 1951 5112; x_wconf 82' lang='grc' dir='ltr'>τὴν</span> 
     </span>
    </p>
   </div>
   <div class='ocr_carea' id='block_1_102' title="bbox 386 5130 1951 5209">
    <p class='ocr_par' dir='ltr' id='par_1_102' title="bbox 386 5130 1951 5209">
     <span class='ocr_line' id='line_1_102' title="bbox 386 5130 1951 5209; baseline 0.001 -23"><span class='ocrx_word' id='word_1_768' title='bbox 386 5130 551 5204; x_wconf 81' lang='grc' dir='ltr'>ὥραν.</span> <span class='ocrx_word' id='word_1_769' title='bbox 594 5138 656 5189; x_wconf 78' lang='lat' dir='ltr'><strong>Oi</strong></span> <span class='ocrx_word' id='word_1_770' title='bbox 704 5137 759 5190; x_wconf 78' lang='grc' dir='ltr'>δὲ</span> <span class='ocrx_word' id='word_1_771' title='bbox 791 5138 1133 5209; x_wconf 78' lang='grc' dir='ltr'>ἐξερχόμενοι</span> <span class='ocrx_word' id='word_1_772' title='bbox 1164 5138 1227 5189; x_wconf 86' lang='grc' dir='ltr'><strong>ἐκ</strong></span> <span class='ocrx_word' id='word_1_773' title='bbox 1267 5137 1367 5206; x_wconf 83' lang='grc' dir='ltr'>τῆς</span> <span class='ocrx_word' id='word_1_774' title='bbox 1416 5132 1595 5206; x_wconf 76' lang='grc' dir='ltr'>χώρας</span> <span class='ocrx_word' id='word_1_775' title='bbox 1624 5134 1750 5204; x_wconf 86' lang='grc' dir='ltr'>ἄχρι</span> <span class='ocrx_word' id='word_1_776' title='bbox 1785 5136 1951 5203; x_wconf 85' lang='grc' dir='ltr'>τριῶν</span> 
     </span>
    </p>
   </div>
   <div class='ocr_carea' id='block_1_103' title="bbox 392 5225 1941 5297">
    <p class='ocr_par' dir='ltr' id='par_1_103' title="bbox 392 5225 1941 5297">
     <span class='ocr_line' id='line_1_103' title="bbox 392 5225 1941 5297; baseline -0.001 -20"><span class='ocrx_word' id='word_1_777' title='bbox 392 5225 582 5292; x_wconf 87' lang='grc' dir='ltr'>μιλίων</span> <span class='ocrx_word' id='word_1_778' title='bbox 621 5266 637 5292; x_wconf 92' lang='grc'><strong>,</strong></span> <span class='ocrx_word' id='word_1_779' title='bbox 685 5229 902 5292; x_wconf 81' lang='grc' dir='ltr'>σκοτίας</span> <span class='ocrx_word' id='word_1_780' title='bbox 958 5228 1177 5297; x_wconf 84' lang='grc' dir='ltr'>βαθείας</span> <span class='ocrx_word' id='word_1_781' title='bbox 1226 5226 1522 5296; x_wconf 80' lang='grc' dir='ltr'>γενομένης</span> <span class='ocrx_word' id='word_1_782' title='bbox 1605 5226 1941 5295; x_wconf 80' lang='grc' dir='ltr'>ὑπέστρεφον</span> 
     </span>
    </p>
   </div>
   <div class='ocr_carea' id='block_1_104' title="bbox 389 5315 1949 5391">
    <p class='ocr_par' dir='ltr' id='par_1_104' title="bbox 389 5315 1949 5391">
     <span class='ocr_line' id='line_1_104' title="bbox 389 5315 1949 5391; baseline -0.001 -22"><span class='ocrx_word' id='word_1_783' title='bbox 389 5316 482 5369; x_wconf 77' lang='grc' dir='ltr'>καὶ</span> <span class='ocrx_word' id='word_1_784' title='bbox 522 5320 751 5389; x_wconf 73' lang='grc' dir='ltr'>ἧρχοντο</span> <span class='ocrx_word' id='word_1_785' title='bbox 807 5322 865 5374; x_wconf 87' lang='grc' dir='ltr'><strong>ἐν</strong></span> <span class='ocrx_word' id='word_1_786' title='bbox 928 5320 1007 5391; x_wconf 82' lang='grc' dir='ltr'><strong>τῷ</strong></span> <span class='ocrx_word' id='word_1_787' title='bbox 1058 5319 1335 5390; x_wconf 86' lang='grc' dir='ltr'>λεγομένῳ</span> <span class='ocrx_word' id='word_1_788' title='bbox 1375 5318 1550 5388; x_wconf 87' lang='grc' dir='ltr'>λίμνῳ</span> <span class='ocrx_word' id='word_1_789' title='bbox 1586 5318 1678 5369; x_wconf 70' lang='grc' dir='ltr'><strong>καί⁸</strong></span> <span class='ocrx_word' id='word_1_790' title='bbox 1742 5315 1949 5369; x_wconf 79' lang='grc' dir='ltr'>ἐκεῖθεν</span> 
     </span>
    </p>
   </div>
   <div class='ocr_carea' id='block_1_105' title="bbox 2048 4770 3612 4839">
    <p class='ocr_par' dir='ltr' id='par_1_105' title="bbox 2048 4770 3612 4839">
     <span class='ocr_line' id='line_1_105' title="bbox 2048 4770 3612 4839; baseline -0.004 -10"><span class='ocrx_word' id='word_1_791' title='bbox 2048 4775 2300 4837; x_wconf 85' lang='lat' dir='ltr'><strong>habebat,</strong></span> <span class='ocrx_word' id='word_1_792' title='bbox 2352 4774 2407 4826; x_wconf 90' lang='lat' dir='ltr'><strong>in</strong></span> <span class='ocrx_word' id='word_1_793' title='bbox 2431 4774 2649 4827; x_wconf 86' lang='lat' dir='ltr'><strong>domum</strong></span> <span class='ocrx_word' id='word_1_794' title='bbox 2680 4772 2750 4825; x_wconf 91' lang='lat' dir='ltr'><strong>ab</strong></span> <span class='ocrx_word' id='word_1_795' title='bbox 2781 4784 2846 4826; x_wconf 88' lang='lat' dir='ltr'><strong>eo</strong></span> <span class='ocrx_word' id='word_1_796' title='bbox 2907 4770 3334 4839; x_wconf 89' lang='lat' dir='ltr'><strong>recipiebantur,</strong></span> <span class='ocrx_word' id='word_1_797' title='bbox 3394 4770 3612 4825; x_wconf 89' lang='lat' dir='ltr'><strong>nemine</strong></span> 
     </span>
    </p>
   </div>
   <div class='ocr_carea' id='block_1_106' title="bbox 2048 4861 3614 4933">
    <p class='ocr_par' dir='ltr' id='par_1_106' title="bbox 2048 4861 3614 4933">
     <span class='ocr_line' id='line_1_106' title="bbox 2048 4861 3614 4933; baseline -0.004 -11"><span class='ocrx_word' id='word_1_798' title='bbox 2048 4866 2288 4931; x_wconf 87' lang='lat' dir='ltr'><strong>conscio,</strong></span> <span class='ocrx_word' id='word_1_799' title='bbox 2331 4874 2525 4933; x_wconf 66' lang='lat' dir='ltr'><strong>praeter</strong></span> <span class='ocrx_word' id='word_1_800' title='bbox 2558 4875 2666 4919; x_wconf 88' lang='lat' dir='ltr'><strong>tres</strong></span> <span class='ocrx_word' id='word_1_801' title='bbox 2713 4873 2919 4918; x_wconf 88' lang='lat' dir='ltr'><strong>tantum</strong></span> <span class='ocrx_word' id='word_1_802' title='bbox 2972 4862 3205 4918; x_wconf 81' lang='lat' dir='ltr'><strong>famulos</strong></span> <span class='ocrx_word' id='word_1_803' title='bbox 3252 4861 3614 4930; x_wconf 86' lang='lat' dir='ltr'><strong>Bosporianos</strong></span> 
     </span>
    </p>
   </div>
   <div class='ocr_carea' id='block_1_107' title="bbox 2050 4950 3617 5023">
    <p class='ocr_par' dir='ltr' id='par_1_107' title="bbox 2050 4950 3617 5023">
     <span class='ocr_line' id='line_1_107' title="bbox 2050 4950 3617 5023; baseline -0.006 -13"><span class='ocrx_word' id='word_1_804' title='bbox 2050 4957 2221 5021; x_wconf 81' lang='lat' dir='ltr'><strong>ﬁdos;</strong></span> <span class='ocrx_word' id='word_1_805' title='bbox 2257 4969 2490 5023; x_wconf 90' lang='lat' dir='ltr'><strong>quorum</strong></span> <span class='ocrx_word' id='word_1_806' title='bbox 2522 4967 2664 5006; x_wconf 90' lang='lat' dir='ltr'><strong>unus</strong></span> <span class='ocrx_word' id='word_1_807' title='bbox 2695 4952 2762 5005; x_wconf 90' lang='lat' dir='ltr'><strong>ab</strong></span> <span class='ocrx_word' id='word_1_808' title='bbox 2789 4952 2968 5006; x_wconf 91' lang='lat' dir='ltr'><strong>locum</strong></span> <span class='ocrx_word' id='word_1_809' title='bbox 3019 4959 3283 5006; x_wconf 88' lang='lat' dir='ltr'><strong>statutum</strong></span> <span class='ocrx_word' id='word_1_810' title='bbox 3334 4950 3617 5017; x_wconf 86' lang='lat' dir='ltr'><strong>pergebat,</strong></span> 
     </span>
    </p>
   </div>
   <div class='ocr_carea' id='block_1_108' title="bbox 2048 5036 3620 5110">
    <p class='ocr_par' dir='ltr' id='par_1_108' title="bbox 2048 5036 3620 5110">
     <span class='ocr_line' id='line_1_108' title="bbox 2048 5036 3620 5110; baseline -0.008 -9"><span class='ocrx_word' id='word_1_811' title='bbox 2048 5056 2103 5102; x_wconf 94' lang='lat' dir='ltr'><strong>et</strong></span> <span class='ocrx_word' id='word_1_812' title='bbox 2140 5045 2393 5101; x_wconf 87' lang='lat' dir='ltr'><strong>recedere</strong></span> <span class='ocrx_word' id='word_1_813' title='bbox 2422 5043 2650 5097; x_wconf 91' lang='lat' dir='ltr'><strong>carabos</strong></span> <span class='ocrx_word' id='word_1_814' title='bbox 2686 5041 2842 5110; x_wconf 78' lang='grc'><strong>152</strong></span> <span class='ocrx_word' id='word_1_815' title='bbox 2868 5040 3157 5095; x_wconf 88' lang='lat' dir='ltr'><strong>nuntiabat</strong></span> <span class='ocrx_word' id='word_1_816' title='bbox 3184 5056 3199 5093; x_wconf 89' lang='lat'><strong>:</strong></span> <span class='ocrx_word' id='word_1_817' title='bbox 3229 5039 3367 5092; x_wconf 89' lang='lat' dir='ltr'><strong>alter</strong></span> <span class='ocrx_word' id='word_1_818' title='bbox 3401 5052 3527 5092; x_wconf 90' lang='lat' dir='ltr'><strong>vero</strong></span> <span class='ocrx_word' id='word_1_819' title='bbox 3559 5036 3620 5090; x_wconf 69' lang='lat' dir='ltr'><strong>in&#39;</strong></span> 
     </span>
    </p>
   </div>
   <div class='ocr_carea' id='block_1_109' title="bbox 2054 5126 3625 5201">
    <p class='ocr_par' dir='ltr' id='par_1_109' title="bbox 2054 5126 3625 5201">
     <span class='ocr_line' id='line_1_109' title="bbox 2054 5126 3625 5201; baseline -0.006 -11"><span class='ocrx_word' id='word_1_820' title='bbox 2054 5137 2332 5190; x_wconf 88' lang='lat' dir='ltr'><strong>Limonem</strong></span> <span class='ocrx_word' id='word_1_821' title='bbox 2367 5131 2733 5201; x_wconf 86' lang='lat' dir='ltr'><strong>Bosporianos</strong></span> <span class='ocrx_word' id='word_1_822' title='bbox 2757 5131 3045 5185; x_wconf 87' lang='lat' dir='ltr'><strong>reducebat</strong></span> <span class='ocrx_word' id='word_1_823' title='bbox 3079 5147 3095 5184; x_wconf 92' lang='lat'><strong>:</strong></span> <span class='ocrx_word' id='word_1_824' title='bbox 3149 5128 3342 5183; x_wconf 90' lang='lat' dir='ltr'><strong>tertius</strong></span> <span class='ocrx_word' id='word_1_825' title='bbox 3382 5126 3625 5196; x_wconf 75' lang='lat' dir='ltr'><strong>denique</strong></span> 
     </span>
    </p>
   </div>
   <div class='ocr_carea' id='block_1_110' title="bbox 2054 5213 3620 5286">
    <p class='ocr_par' dir='ltr' id='par_1_110' title="bbox 2054 5213 3620 5286">
     <span class='ocr_line' id='line_1_110' title="bbox 2054 5213 3620 5286; baseline -0.007 -6"><span class='ocrx_word' id='word_1_826' title='bbox 2054 5226 2280 5280; x_wconf 90' lang='lat' dir='ltr'><strong>Limone</strong></span> <span class='ocrx_word' id='word_1_827' title='bbox 2312 5222 2449 5278; x_wconf 90' lang='lat' dir='ltr'><strong>Susa</strong></span> <span class='ocrx_word' id='word_1_828' title='bbox 2474 5222 2674 5278; x_wconf 91' lang='lat' dir='ltr'><strong>carabo</strong></span> <span class='ocrx_word' id='word_1_829' title='bbox 2707 5236 2803 5277; x_wconf 93' lang='lat' dir='ltr'><strong>eos</strong></span> <span class='ocrx_word' id='word_1_830' title='bbox 2832 5221 3153 5286; x_wconf 87' lang='lat' dir='ltr'><strong>advehebat,</strong></span> <span class='ocrx_word' id='word_1_831' title='bbox 3186 5219 3320 5275; x_wconf 81' lang='lat' dir='ltr'><strong>et-in</strong></span> <span class='ocrx_word' id='word_1_832' title='bbox 3355 5213 3620 5271; x_wconf 83' lang='lat' dir='ltr'><strong>Lamacbi-</strong></span> 
     </span>
    </p>
   </div>
   <div class='ocr_carea' id='block_1_111' title="bbox 2057 5302 3618 5382">
    <p class='ocr_par' dir='ltr' id='par_1_111' title="bbox 2057 5302 3618 5382">
     <span class='ocr_line' id='line_1_111' title="bbox 2057 5302 3618 5382; baseline -0.007 -12"><span class='ocrx_word' id='word_1_833' title='bbox 2057 5317 2277 5370; x_wconf 91' lang='lat' dir='ltr'><strong>domum</strong></span> <span class='ocrx_word' id='word_1_834' title='bbox 2306 5312 2706 5368; x_wconf 89' lang='lat' dir='ltr'><strong>introducebat.</strong></span> <span class='ocrx_word' id='word_1_835' title='bbox 2771 5310 3039 5367; x_wconf 87' lang='lat' dir='ltr'><strong>Utebatur</strong></span> <span class='ocrx_word' id='word_1_836' title='bbox 3085 5317 3347 5382; x_wconf 84' lang='lat' dir='ltr'><strong>praeterea</strong></span> <span class='ocrx_word' id='word_1_837' title='bbox 3406 5307 3492 5361; x_wconf 88' lang='lat' dir='ltr'><strong>his</strong></span> <span class='ocrx_word' id='word_1_838' title='bbox 3545 5302 3618 5359; x_wconf 82' lang='lat' dir='ltr'><strong>ad</strong></span> 
     </span>
    </p>
   </div>
   <div class='ocr_carea' id='block_1_112' title="bbox 1545 5428 2459 5490">
    <p class='ocr_par' dir='ltr' id='par_1_112' title="bbox 1545 5428 2459 5490">
     <span class='ocr_line' id='line_1_112' title="bbox 1545 5428 2459 5490; baseline -0.007 0"><span class='ocrx_word' id='word_1_839' title='bbox 1545 5431 1842 5490; x_wconf 83' lang='lat' dir='ltr'><strong>ANSELMI</strong></span> <span class='ocrx_word' id='word_1_840' title='bbox 1876 5428 2211 5487; x_wconf 73' lang='lat' dir='ltr'><strong>BANDUlill</strong></span> <span class='ocrx_word' id='word_1_841' title='bbox 2230 5429 2459 5486; x_wconf 72' lang='lat' dir='ltr'><strong>NOT/E.</strong></span> 
     </span>
    </p>
   </div>
   <div class='ocr_carea' id='block_1_113' title="bbox 462 5552 1951 5625">
    <p class='ocr_par' dir='ltr' id='par_1_113' title="bbox 462 5552 1951 5625">
     <span class='ocr_line' id='line_1_113' title="bbox 462 5552 1951 5625; baseline -0.005 -16"><span class='ocrx_word' id='word_1_842' title='bbox 462 5553 572 5625; x_wconf 68' lang='grc'><strong>(74)</strong></span> <span class='ocrx_word' id='word_1_843' title='bbox 590 5554 668 5609; x_wconf 85' lang='lat' dir='ltr'><strong>ita</strong></span> <span class='ocrx_word' id='word_1_844' title='bbox 686 5554 808 5625; x_wconf 81' lang='lat' dir='ltr'><strong>cod.</strong></span> <span class='ocrx_word' id='word_1_845' title='bbox 835 5552 974 5625; x_wconf 72' lang='lat' dir='ltr'><strong>Editi</strong></span> <span class='ocrx_word' id='word_1_846' title='bbox 1010 5567 1137 5625; x_wconf 71' lang='lat' dir='ltr'><strong>vet‘p</strong></span> <span class='ocrx_word' id='word_1_847' title='bbox 1193 5554 1415 5617; x_wconf 83' lang='lat' dir='ltr'><strong>habent,</strong></span> <span class='ocrx_word' id='word_1_848' title='bbox 1437 5552 1814 5625; x_wconf 62' lang='lat' dir='ltr'><strong>xalcécoape’t</strong></span> <span class='ocrx_word' id='word_1_849' title='bbox 1849 5568 1951 5602; x_wconf 88' lang='grc' dir='ltr'>πυ-</span> 
     </span>
    </p>
   </div>
   <div class='ocr_carea' id='block_1_114' title="bbox 390 5622 1948 5691">
    <p class='ocr_par' dir='ltr' id='par_1_114' title="bbox 390 5622 1948 5691">
     <span class='ocr_line' id='line_1_114' title="bbox 390 5622 1948 5691; baseline -0.002 -15"><span class='ocrx_word' id='word_1_850' title='bbox 390 5622 561 5677; x_wconf 77' lang='grc' dir='ltr'>λεῶσι</span> <span class='ocrx_word' id='word_1_851' title='bbox 594 5624 845 5691; x_wconf 83' lang='grc' dir='ltr'>μεγάλοις</span> <span class='ocrx_word' id='word_1_852' title='bbox 874 5623 952 5683; x_wconf 90' lang='grc' dir='ltr'><strong>εἰς</strong></span> <span class='ocrx_word' id='word_1_853' title='bbox 978 5639 1028 5674; x_wconf 87' lang='grc' dir='ltr'>τ.</span> <span class='ocrx_word' id='word_1_854' title='bbox 1060 5622 1163 5675; x_wconf 82' lang='grc' dir='ltr'>εἴσ.</span> <span class='ocrx_word' id='word_1_855' title='bbox 1190 5641 1242 5677; x_wconf 90' lang='grc' dir='ltr'>κ.</span> <span class='ocrx_word' id='word_1_856' title='bbox 1268 5641 1318 5675; x_wconf 94' lang='grc' dir='ltr'>τ.</span> <span class='ocrx_word' id='word_1_857' title='bbox 1345 5624 1422 5687; x_wconf 80' lang='grc' dir='ltr'><strong>ἐξ.</strong></span> <span class='ocrx_word' id='word_1_858' title='bbox 1462 5623 1556 5676; x_wconf 74' lang='grc' dir='ltr'>καὶ</span> <span class='ocrx_word' id='word_1_859' title='bbox 1589 5624 1811 5691; x_wconf 76' lang='grc' dir='ltr'>ἑτέροις,</span> <span class='ocrx_word' id='word_1_860' title='bbox 1844 5632 1948 5691; x_wconf 74' lang='lat' dir='ltr'><strong>etc.</strong></span> 
     </span>
    </p>
   </div>
   <div class='ocr_carea' id='block_1_115' title="bbox 464 5689 1949 5767">
    <p class='ocr_par' dir='ltr' id='par_1_115' title="bbox 464 5689 1949 5767">
     <span class='ocr_line' id='line_1_115' title="bbox 464 5689 1949 5767; baseline -0.003 -21"><span class='ocrx_word' id='word_1_861' title='bbox 464 5695 574 5767; x_wconf 76' lang='lat'><strong>(75)</strong></span> <span class='ocrx_word' id='word_1_862' title='bbox 596 5689 688 5750; x_wconf 79' lang='lat' dir='ltr'><strong>Sic</strong></span> <span class='ocrx_word' id='word_1_863' title='bbox 711 5709 773 5750; x_wconf 81' lang='lat' dir='ltr'><strong>ex</strong></span> <span class='ocrx_word' id='word_1_864' title='bbox 818 5709 921 5751; x_wconf 88' lang='lat' dir='ltr'><strong>ms.</strong></span> <span class='ocrx_word' id='word_1_865' title='bbox 940 5691 1228 5763; x_wconf 82' lang='lat' dir='ltr'><strong>Perpcram</strong></span> <span class='ocrx_word' id='word_1_866' title='bbox 1255 5694 1305 5747; x_wconf 91' lang='lat' dir='ltr'><strong>in</strong></span> <span class='ocrx_word' id='word_1_867' title='bbox 1334 5694 1513 5761; x_wconf 76' lang='lat' dir='ltr'><strong>editis,</strong></span> <span class='ocrx_word' id='word_1_868' title='bbox 1546 5689 1795 5762; x_wconf 79' lang='grc' dir='ltr'>ἀγγέλειν</span> <span class='ocrx_word' id='word_1_869' title='bbox 1814 5707 1827 5720; x_wconf 79' lang='lat'><strong>-</strong></span> <span class='ocrx_word' id='word_1_870' title='bbox 1856 5689 1949 5745; x_wconf 84' lang='lat' dir='ltr'><strong>sed</strong></span> 
     </span>
    </p>
   </div>
   <div class='ocr_carea' id='block_1_116' title="bbox 2060 5546 2851 5619">
    <p class='ocr_par' dir='ltr' id='par_1_116' title="bbox 2060 5546 2851 5619">
     <span class='ocr_line' id='line_1_116' title="bbox 2060 5546 2851 5619; baseline -0.006 -16"><span class='ocrx_word' id='word_1_871' title='bbox 2060 5547 2548 5619; x_wconf 15' lang='lat' dir='ltr'><strong>Optimeillleursius</strong></span> <span class='ocrx_word' id='word_1_872' title='bbox 2578 5546 2851 5619; x_wconf 83' lang='lat' dir='ltr'><strong>emendat.</strong></span> 
     </span>
    </p>
   </div>
   <div class='ocr_carea' id='block_1_117' title="bbox 2131 5601 3627 5687">
    <p class='ocr_par' dir='ltr' id='par_1_117' title="bbox 2131 5601 3627 5687">
     <span class='ocr_line' id='line_1_117' title="bbox 2131 5601 3627 5687; baseline -0.009 -12"><span class='ocrx_word' id='word_1_873' title='bbox 2131 5617 2241 5687; x_wconf 84' lang='lat'><strong>(76)</strong></span> <span class='ocrx_word' id='word_1_874' title='bbox 2263 5601 2360 5671; x_wconf 73' lang='lat' dir='ltr'><strong>Ms.</strong></span> <span class='ocrx_word' id='word_1_875' title='bbox 2375 5601 2542 5671; x_wconf 64' lang='lat' dir='ltr'><strong>eodeni</strong></span> <span class='ocrx_word' id='word_1_876' title='bbox 2562 5618 2661 5687; x_wconf 82' lang='lat' dir='ltr'><strong>sic;</strong></span> <span class='ocrx_word' id='word_1_877' title='bbox 2690 5628 2969 5685; x_wconf 86' lang='lat' dir='ltr'><strong>perperam</strong></span> <span class='ocrx_word' id='word_1_878' title='bbox 2992 5611 3047 5667; x_wconf 91' lang='lat' dir='ltr'><strong>in</strong></span> <span class='ocrx_word' id='word_1_879' title='bbox 3061 5611 3223 5668; x_wconf 84' lang='lat' dir='ltr'><strong>editis</strong></span> <span class='ocrx_word' id='word_1_880' title='bbox 3243 5609 3462 5681; x_wconf 85' lang='lat' dir='ltr'><strong>legitur,</strong></span> <span class='ocrx_word' id='word_1_881' title='bbox 3479 5606 3538 5663; x_wconf 81' lang='grc' dir='ltr'><strong>ἐν</strong></span> <span class='ocrx_word' id='word_1_882' title='bbox 3552 5601 3627 5678; x_wconf 70' lang='grc' dir='ltr'>τῇ</span> 
     </span>
    </p>
   </div>
   <div class='ocr_carea' id='block_1_118' title="bbox 2060 5685 2733 5756">
    <p class='ocr_par' dir='ltr' id='par_1_118' title="bbox 2060 5685 2733 5756">
     <span class='ocr_line' id='line_1_118' title="bbox 2060 5685 2733 5756; baseline -0.004 -16"><span class='ocrx_word' id='word_1_883' title='bbox 2060 5685 2229 5740; x_wconf 75' lang='grc' dir='ltr'>πόλει</span> <span class='ocrx_word' id='word_1_884' title='bbox 2250 5685 2733 5756; x_wconf 72' lang='grc' dir='ltr'>καταπεμπόμενοι.</span> 
     </span>
    </p>
   </div>
  </div>
