4046 6208
367 264 465 327 411

1406 254 1910 320 CONSTANTINI
1945 256 2618 320 PORPHYROGENITI

3496 262 3603 329 412

370 377 625 430 alimenta
656 374 949 431 deferenda
1010 371 1111 426 illis
1139 369 1229 439 qui
1268 368 1320 421 in
1355 368 1489 424 locis
1522 370 1721 425 abditis
1750 376 1928 435 erant,

2039 366 2119 420 διά
2150 368 2391 437 καράϐου
2430 367 2626 439 ἔφερεν
2660 368 2853 433 αὐτοὺς
2880 369 2938 423 ἐν
2979 370 3095 435 ταῖς
3123 372 3356 441 Σώσαις,
3399 376 3493 428 καὶ
3519 377 3609 429 διὰ

372 468 493 537 ipsa
520 483 736 537 quoque
765 466 926 535 Gycia
986 462 1170 517 dolum
1209 461 1513 531 ignorante.
1576 461 1939 531 Exspectabat

372 571 577 624 autem,
632 568 690 613 ut
733 558 988 622 diximus,
1057 553 1433 610 anniversario
1514 554 1602 609 die
1680 553 1935 609 Lamaehi

373 650 647 704 memoriae
676 662 855 709 sacro.
911 647 1047 701 urbe
1109 654 1221 700 tota
1279 645 1556 714 epulante,
1614 658 1678 698 ac
1742 658 1935 699 somno

370 739 567 806 sepita,
617 738 730 807 ipse
772 752 895 791 eum
963 736 1314 807 Bosporianis
1399 744 1561 806 atque
1618 737 1935 791 domesticis

373 829 487 883 suis
517 830 583 883 de
626 836 785 884 nocte
846 844 1092 899 surgere,
1146 829 1446 899 urbemque
1509 828 1820 893 incendere,
1881 837 1936 883 et

370 934 560 973 omnes
590 921 859 975 occidere.
895 920 1138 989 Cumque
1163 919 1364 975 biennii
1407 928 1645 987 tempore
1671 918 1724 972 in
1756 919 1938 989 Gyciae

369 1010 529 1063 domo
566 1012 876 1082 congregati
906 1021 1092 1066 essent
1152 1011 1469 1079 Bosporiani
1563 1010 1804 1075 ducenti,
1850 1010 1937 1063 in-

369 1110 643 1173 staretque
669 1103 783 1171 jam
834 1101 1159 1157 celebranda
1188 1102 1449 1157 Lamachi
1486 1102 1779 1166 memoria,
1842 1116 1935 1156 ac-

368 1195 501 1247 cidit
535 1202 593 1248 ut
640 1194 816 1264 puella
860 1193 1040 1265 Gyciaa
1063 1192 1420 1257 cubicularia,
1474 1207 1593 1261 quae
1622 1193 1672 1246 ei
1737 1192 1938 1261 gratis-

371 1285 508 1337 sima
537 1292 676 1350 erat,
714 1292 934 1353 propter
968 1282 1227 1337 oﬂensam
1267 1283 1333 1335 ab
1373 1282 1545 1336 oculis
1575 1281 1694 1349 ejus
1757 1296 1938 1334 remo-

371 1386 606 1439 veretur,
632 1374 1127 1443 secludereturque.
1167 1374 1343 1428 Locus
1368 1388 1495 1428 vero
1553 1374 1607 1426 in
1658 1388 1764 1441 quo
1799 1388 1937 1426 con-

381 1466 726 1529 cludebatur,
772 1466 959 1521 subter
1006 1480 1221 1534 quoque
1292 1463 1652 1533 Bosporianos
1682 1462 1934 1526 habebat,

370 1560 463 1625 qui
494 1558 603 1611 illic
630 1558 933 1612 alebantur.
991 1555 1177 1609 Puella
1204 1564 1380 1609 autem
1406 1555 1647 1617 sedente,
1677 1564 1731 1607 et
1789 1554 1934 1607 filum

371 1654 679 1716 torquente,
709 1646 931 1714 contigit
968 1653 1024 1697 ut
1065 1644 1173 1697 fusi
1230 1643 1529 1697 verticillus
1573 1643 1827 1697 decidens
1879 1642 1935 1695 in

2036 456 2129 509 τοῦ
2157 458 2519 526 παραπυλίου,
2558 459 2587 510 ὃ
2640 456 2787 529 εἶχεν
2836 460 2893 512 ὲν
2954 460 3033 531 τῷ
3076 462 3272 531 τείχει,
3324 465 3610 534 εἰσέφερεν

2036 545 2235 607 αὐτοὺς
2271 545 2329 597 ὲν
2360 544 2436 615 τῷ
2470 545 2603 615 οἴκῳ
2632 545 2797 598 αὐτοῦ
2843 546 3072 616 μηδενὸς
3100 549 3326 614 εἰδότος,
3370 552 3417 603 ει
3452 551 3525 619 μή
3554 550 3608 603 τί

2036 652 2100 703 γε
2151 637 2300 705 τρεῖς
2331 636 2437 687 τῶν
2489 636 2692 688 παίδων
2744 636 2907 690 αὑτοῦ
2953 636 3061 691 τῶν
3095 639 3478 709 Βοσποριανων
3512 641 3608 693 καὶ

2039 724 2198 793 μόνον
2229 725 2437 777 πιστῶν
2467 725 2630 779 αὑτοῦ
2658 726 2847 779 ὄντων·
2881 727 3002 790 ἐνὸς
3034 728 3133 797 μὲν
3154 728 3245 781 τοῦ
3272 730 3329 780 ὲν
3355 729 3606 799 συμϐόλῳ

2034 816 2441 885 ἀπερχομένου,
2480 818 2573 869 καὶ
2614 817 2908 887 μηνύοντος
2948 819 3249 889 ἀναχωρεῖν
3283 821 3405 883 τοὺς
3434 822 3609 889 καρά-

2037 906 2180 968 ϐους·
2213 906 2373 959 ἄλλου
2414 907 2471 960 δὲ
2524 907 2616 960 τοῦ
2666 908 3099 978 ὑποστρέφοντος
3127 912 3274 981 robe:
3300 912 3605 980 Βοσπορια-

2035 995 2159 1057 νοὺς
2182 994 2275 1047 καὶ
2306 996 2557 1065 φέροντος
2587 998 2643 1049 ὲν
2674 996 2917 1066 λειμῶνι·
2951 999 3140 1069 ἑτέρου
3178 1000 3255 1064 δὲ,
3287 1000 3379 1053 τοῦ
3401 1002 3464 1053 ὲκ
3496 999 3605 1051 λει-

2039 1085 2219 1155 μῶνος.
2243 1085 2379 1155 μετὰ
2408 1086 2650 1153 καράϐου
2681 1088 3114 1157 ἀποκομίζοντος
3133 1091 3191 1144 ὲν
3220 1094 3340 1154 ταῖς
3369 1090 3598 1154 Σώσαις,

2037 1175 2130 1227 καὶ
2157 1176 2629 1241 ἀποκαθιστῶντος
2660 1179 2717 1231 ὲν
2740 1179 2817 1248 τῷ
2846 1181 2938 1231 τοῦ
2957 1182 3215 1253 Λαμάχου
3240 1183 3391 1252 οἴκῳ·
3414 1182 3505 1235 καὶ
3533 1182 3603 1235 δι’

2037 1259 2112 1319 ὧν
2176 1267 2481 1336 ἀπέτρεφεν
2514 1267 2709 1331 αὐτοὺς
2766 1270 2823 1322 ἐν
2878 1272 2998 1332 ταῖς
3056 1273 3359 1343 ἀποθήκαις
3412 1274 3599 1337 αὐτοῦ,

2040 1355 2177 1424 μήτε
2230 1356 2331 1424 τῆς
2367 1357 2566 1421 Γυκίας
2602 1358 2848 1428 εἰδούσης
2895 1360 2988 1413 τὸν
3040 1361 3208 1416 δόλον·
3265 1364 3599 1433 προσδοκῶν,

2037 1448 2178 1502 καθά
2210 1448 2445 1519 εἴρηται,
2490 1450 2631 1503 κατά
2682 1451 2780 1522 τὴν
2808 1453 3085 1506 ἐνιαυσίαν
3129 1455 3343 1525 ἡμέραν
3383 1457 3484 1526 τῆς
3506 1457 3605 1509 τοῦ

2036 1537 2298 1607 Λαμάχου
2333 1539 2574 1608 μνήμης,
2611 1539 2713 1608 τῆς
2764 1540 2973 1604 πόλεως
3020 1542 3199 1613 πάσης
3235 1545 3599 1615 εὐφραινομέ-

2036 1644 2130 1696 νης
2166 1628 2380 1698 (77·78)
2404 1646 2462 1680 τε
2494 1630 2586 1682 καὶ
2616 1630 3095 1701 ἀποκοιμωμένης,
3122 1633 3283 1685 αὐτὸν
3306 1634 3403 1703 τὴν
3432 1635 3601 1688 νύκτα

374 1739 612 1792 foramen
649 1736 976 1805 profundum
1013 1751 1181 1804 prope
1210 1736 1469 1805 parietem
1507 1734 1885 1789 devolveretur
1917 1750 1930 1786 :

2039 1719 2409 1787 ὲπαναστῆναι
2438 1720 2575 1788 μετά
2606 1720 2713 1773 τῶν
2745 1722 3132 1792 Βοσποριανῶν
3161 1740 3218 1775 τε
3248 1724 3339 1776 καὶ
3368 1726 3602 1791 οἰκείων,

370 1842 601 1895 cumque
622 1835 868 1897 surgeret
892 1826 1113 1882 tollendi
1144 1841 1332 1891 eausa,
1368 1827 1420 1880 in
1487 1826 1729 1879 foramen
1788 1827 1936 1880 dela-

371 1933 529 1986 psum
557 1918 723 1983 videt,
752 1919 895 1972 unde
927 1933 1048 1972 cum
1088 1917 1376 1971 extrahere
1396 1926 1617 1984 propter
1645 1916 1935 1984 profundi-

375 2016 540 2063 tatem
594 2024 706 2062 non
773 2016 987 2078 posset,
1060 2024 1224 2061 unum
1296 2023 1325 2063 e
1382 2009 1687 2077 pavimento
1770 2022 1937 2077 prope

375 2097 634 2165 parietem
692 2098 915 2151 laterem
993 2096 1282 2152 extrahere
1333 2105 1521 2150 coacta
1558 2096 1698 2162 fuit;
1763 2112 1935 2167 eoque

373 2185 519 2240 facto
542 2202 635 2255 per
653 2186 898 2241 foramen
926 2186 980 2239 in
1008 2185 1262 2240 inferiore
1290 2186 1485 2240 mdium
1519 2194 1670 2255 parte
1699 2186 1936 2242 abscon-

372 2277 541 2330 ditam
580 2278 691 2331 illic
745 2277 1027 2331 hominum
1090 2277 1485 2331 multitudinem
1548 2277 1709 2332 videt.
1786 2278 1935 2345 Quos

372 2383 498 2421 cum
540 2368 786 2434 vidisset,
830 2369 1050 2425 laterem
1081 2371 1135 2423 in
1170 2369 1346 2424 locum
1385 2384 1542 2423 suum
1574 2370 1801 2423 solerter
1850 2385 1938 2425 re-

376 2460 579 2528 posuit,
615 2476 683 2514 ne
713 2460 779 2513 ab
812 2460 878 2515 iis
926 2460 1020 2530 qui
1054 2460 1194 2513 infra
1223 2465 1382 2515 erant
1416 2458 1933 2527 deprehenderetur,

373 2550 627 2621 misitque
651 2551 955 2606 clanculum
1012 2552 1322 2621 puellarum
1347 2549 1583 2617 aliquam
1643 2550 1709 2602 ad
1759 2550 1934 2603 domi«

374 2656 499 2694 nam
527 2657 703 2705 suam,
736 2657 900 2710 quam
952 2642 1135 2694 venire
1168 2638 1235 2693 ad
1267 2654 1327 2692 se
1365 2638 1704 2703 hortabatur,
1742 2653 1934 2725 qeces-

373 2732 580 2785 sarium
611 2732 819 2799 aliquid
858 2730 1167 2784 audituram
1216 2729 1586 2798 visuratnque.
1612 2729 1776 2799 Gycia
1804 2744 1933 2784 vero

375 2818 485 2874 Deo
534 2820 839 2889 impellente
887 2819 1121 2888 puellam
1190 2818 1374 2872 adiit:
1434 2818 1655 2886 solaque
1714 2819 1778 2872 ad
1812 2833 1931 2872 eam

373 2912 641 2981 ingressa,
669 2927 789 2965 cum
820 2911 1044 2980 januam
1077 2910 1381 2975 clausisset,
1452 2909 1519 2962 ad
1598 2911 1759 2978 pedes
1811 2911 1931 2978 ejus

375 2999 655 3066 provoluta
687 2999 1100 3068 pnella,Potes,
1159 2998 1353 3069 inquit,
1397 3015 1428 3052 ο
1463 2997 1704 3060 domina,
1764 2999 1933 3052 inuti-

373 3090 475 3143 lem
503 3091 753 3143 ancillam
805 3098 1037 3145 tractare
1088 3105 1186 3159 pro
1234 3090 1487 3155 arbitrio,
1557 3098 1790 3143 attamen
1845 3104 1933 3143 os-

374 3178 589 3232 tendam
646 3179 741 3233 tibi
800 3195 911 3233 rem
990 3194 1184 3233 novam
1248 3188 1302 3233 et
1356 3178 1707 3246 inopinatam.
1776 3177 1931 3242 Quod

370 3283 494 3322 cum
535 3285 725 3325 secure
787 3272 961 3327 facere
993 3286 1112 3324 eam
1164 3269 1330 3340 Gycia
1387 3269 1664 3338 jnssisset,
1722 3268 1789 3321 ad
1843 3283 1936 3337 pa-

372 3361 559 3417 rietem
597 3364 866 3429 adducta,
906 3364 1229 3430 sublatoque
1268 3361 1499 3415 solerter
1547 3362 1734 3422 latere,
1761 3358 1935 3412 dixit:

378 3454 535 3518 Ecce,
567 3471 599 3509 ο
620 3456 863 3519 domina,
899 3469 993 3521 per
1020 3453 1264 3505 foramen
1296 3452 1400 3505 hoc
1429 3450 1804 3505 absconditam
1856 3450 1940 3502 in-

374 3546 547 3598 ferius
579 3544 1036 3613 Bosporianorum
1074 3542 1478 3596 multitudinem
1542 3541 1715 3595 vides.
1769 3541 1935 3612 Gycia

371 3649 498 3689 eum
534 3650 629 3690 eos
662 3634 907 3694 vidisset,
935 3649 993 3689 re
1023 3634 1114 3687 tali
1138 3641 1485 3688 consternata
1516 3649 1531 3685 :
1562 3632 1679 3686 Non
1710 3631 1935 3701 frustra,

372 3727 566 3796 inquit,
600 3726 702 3780 hoc
739 3726 1031 3779 concilium
1066 3734 1377 3795 susceptum
1422 3731 1527 3779 est.
1583 3724 1939 3779 Sciscitatur-

372 3828 478 3881 que
502 3814 757 3883 puellam,
789 3813 1063 3882 quomodo
1110 3814 1164 3868 id
1226 3814 1599 3883 comperisset.
1659 3813 1780 3879 Cui,
1809 3813 1940 3868 Om-

377 3904 531 3970 nino,
569 3906 809 3970 domina,
867 3886 1148 3975 respondit
1199 3906 1415 3975 puella;
1475 3906 1671 3974 quippe
1702 3921 1796 3974 per
1843 3905 1937 3961 Dei

372 3996 706 4049 voluntatem
742 3995 865 4050 fuso
885 3996 1145 4051 exeidens
1192 3997 1494 4051 verticillus
1542 3998 1595 4049 in
1629 3996 1734 4051 hoc
1788 3997 1935 4050 fora-

373 4102 495 4140 men
553 4086 840 4141 devolutus
899 4096 1003 4153 est,
1070 4102 1231 4156 quem
1284 4102 1409 4140 cum
1468 4086 1753 4140 extrahere
1812 4086 1937 4140 inde

375 4179 677 4246 nequirem,
714 4178 936 4233 laterem
967 4178 1197 4233 evellere
1241 4186 1430 4232 coacta
1481 4176 1750 4246 fui,atque
1806 4186 1939 4231 tunc

370 4284 466 4324 eos
511 4270 644 4324 vidi.
679 4269 772 4322 llla
821 4284 951 4323 vero
982 4271 1212 4338 puellam
1242 4270 1476 4323 solerter
1537 4283 1799 4336 reponere
1855 4268 1937 4321 ia-

373 4361 628 4415 tcreloco
673 4376 774 4414 suo
819 4361 1025 4428 jussit;
1058 4376 1285 4429 eamque
1342 4360 1648 4429 amplexata
1704 4359 1935 4432 benigne
1964 4377 2007 4437 ρ

372 4468 494 4506 enm
516 4454 740 4507 osculo:
771 4450 936 4515 Nihil,
972 4454 1164 4520 inquit,
1212 4451 1610 4516 metuas,’lilia,
1658 4450 1938 4505 condona-

373 4552 487 4594 tum
552 4544 645 4597 tibi
716 4545 922 4597 crimen
972 4543 1127 4612 153
1187 4551 1289 4608 est,
1349 4542 1616 4611 siquidem
1667 4542 1837 4597 voluit
1884 4548 1940 4598 te

372 4646 597 4699 peccare
626 4632 788 4697 Deus,
830 4642 888 4685 nt
916 4634 1100 4687 dolum
1181 4634 1325 4687 hunc
1377 4633 1535 4686 nobis
1585 4632 1933 4687 manifestum

373 4721 597 4775 faceret.
635 4721 768 4777 Vide
797 4725 980 4793 igitur,
1042 4733 1303 4793 quantum
1381 4732 1560 4795 potes,
1614 4724 1692 4778 uti
1766 4734 1933 4779 totam

372 4808 513 4862 hanc
582 4824 692 4863 rem
753 4810 891 4865 clam
984 4813 1119 4866 alios
1175 4813 1395 4874 habeas,
1441 4828 1617 4881 neque
1679 4812 1932 4879 cuiquam

371 4896 669 4965 quidquam
724 4899 1025 4955 concredas
1074 4918 1088 4953 :
1153 4901 1499 4970 sumpsitque
1550 4916 1668 4952 eam
1724 4916 1790 4956 ex
1868 4914 1933 4953 eo

373 4996 617 5055 tempore
670 5004 877 5055 secum,
924 4990 1215 5060 habuitque
1281 4990 1568 5059 benignius
1625 5006 1784 5060 quam
1836 5006 1937 5043 nn-

371 5094 535 5146 quam
572 5088 750 5145 antea,
799 5083 925 5151 quia
957 5082 1162 5136 lidelem
1219 5091 1434 5149 experta
1459 5094 1622 5135 esset.

2038 1808 2135 1860 καὶ
2181 1810 2461 1885 ἐμπρῆσαι
2492 1809 2590 1880 τὴν
2620 1810 2795 1875 πόλιν,
2844 1812 2941 1865 καὶ
2982 1814 3192 1877 πάντας
3230 1816 3596 1884 κατασφάξαι.

2038 1898 2419 1967 Συναχθέντων
2448 1901 2503 1953 δὲ
2545 1902 2602 1954 ἐν
2646 1901 2722 1971 τῷ
2764 1903 2931 1957 διετεῖ
2960 1904 3135 1974 χρόνῳ
3169 1906 3226 1957 ὲν
3258 1906 3335 1975 τῷ
3372 1907 3470 1977 τῆς
3502 1909 3540 1959 Γ
3543 1926 3604 1960 υ-

2038 1986 2160 2051 κίας
2204 1989 2336 2057 οῐκῳ
2384 1991 2511 2058 ἄχρι
2559 1997 2603 2043 σ¹
2636 1992 3038 2063 Βοσποριανῶν,
3083 1996 3176 2048 καὶ
3228 1995 3330 2064 τῆς
3380 1998 3599 2067 μνήμης

2035 2076 2128 2129 τοῦ
2182 2080 2441 2149 Λαμάχου
2471 2080 2573 2151 ἤδη
2598 2081 2783 2135 λοιπὸν
2828 2085 3153 2155 ἑγγιζούσης
3177 2125 3192 2149 ,
3228 2087 3443 2153 ἐγένετο
3478 2105 3604 2141 παι-

2035 2168 2226 2237 δίσκην
2262 2172 2359 2240 τῆς
2386 2172 2584 2233 Γυκίας
2618 2174 3069 2244 κουὸουκλαρίαν,
3092 2177 3233 2230 πάνυ
3264 2178 3400 2249 αὐτῇ
3439 2174 3604 2231 οὖσαν

2037 2261 2515 2330 προσφιλέστατον,
2545 2264 2870 2331 πταίσασαν,
2904 2267 3012 2319 ἀπὸ
3042 2266 3220 2335 ὅψεως
3248 2268 3418 2337 αὐτῆς
3449 2271 3600 2336 γενέ-

2038 2351 2184 2415 σθαι,
2215 2355 2307 2405 καὶ
2342 2354 2765 2425 ἀποκλεισθῆναι
2791 2357 2981 2425 αὑτήν.
3018 2358 3106 2410 Ἑν
3136 2351 3180 2425 ᾧ
3209 2360 3266 2411 δὲ
3306 2359 3438 2426 οἴκῳ
3488 2359 3597 2411 ἀπ·

2038 2443 2288 2513 εκλείσθη
2344 2446 2376 2514 ἡ
2424 2446 2705 2517 παιδίσκη,
2743 2448 3094 2506 ὑποκάτωθεν
3143 2449 3309 2502 αὑτοῦ
3355 2446 3494 2519 ἦσαν
3549 2451 3600 2500 οί

2036 2535 2391 2605 Βοσποριανοὶ
2418 2538 2870 2607 ἀποτρεφόμενοι.
2906 2540 3018 2608 Τῆς
3046 2540 3103 2593 δὲ
3134 2540 3425 2610 παιδίσκης
3463 2540 3605 2592 καθ-

2038 2627 2321 2697 εζομένης,
2352 2629 2447 2682 καὶ
2473 2629 2740 2699 νηθούσης
2767 2629 2826 2681 rb
2854 2630 3019 2693 λίνον,
3050 2630 3266 2698 ἐγένετο
3292 2630 3351 2683 rb
3380 2632 3602 2698 σφοντύ-

2036 2721 2119 2772 λιν
2148 2721 2259 2790 (79)
2293 2722 2391 2791 τῆς
2442 2721 2712 2791 ἀτράκτου
2763 2725 2969 2789 πεσεῖν,
3002 2724 3097 2777 καὶ
3130 2724 3391 2777 κυλισθὲν
3425 2724 3601 2776 εἰσελ-

2037 2811 2150 2864 θεῖν
2182 2814 2260 2873 εἰς
2289 2811 2595 2882 βαθυτάτην
2637 2813 2778 2883 ὀπὴν
2806 2813 2943 2883 πρὸς
2972 2813 3063 2865 τδν
3090 2817 3287 2883 τοῖχον·
3321 2817 3354 2884 ἡ
3380 2815 3436 2867 δὲ
3466 2817 3607 2868 ἀναν

2039 2904 2209 2955 στᾶσα
2245 2902 2381 2973 πρὸς
2409 2903 2469 2955 τὸ
2498 2905 2699 2973 ἐπᾶραι
2748 2903 2899 2967 αὐτὸ,
2941 2904 3042 2974 ὁρᾷ
3073 2904 3204 2957 αὐτὸ
3237 2905 3295 2957 ἐν
3330 2904 3604 2975 βαθυτάτῃ

2037 2993 2144 3061 ὁπῇ
2174 2992 2254 3045 ὅν·
2291 2993 2388 3045 καὶ
2418 2992 2491 3063 μὴ
2513 2992 2818 3064 δυναμένης
2849 2993 3019 3062 αὐτῆς
3054 2995 3327 3046 ὲκσπᾶσαι
3364 2995 3495 3047 αὐτὸ
3515 2995 3603 3047 διὰ

2038 3082 2099 3135 rb
2138 3083 2298 3152 βάθος
2326 3084 2644 3153 ἠναγκάσθη
2680 3085 2743 3136 ἐκ
2788 3083 2881 3136 τοῦ
2935 3087 3106 3137 πάτου
3140 3084 3274 3154 πρὸς
3301 3086 3393 3137 τὸν
3424 3087 3609 3154 τοῖχον

2039 3174 2349 3227 άνασπᾶσαι
2392 3174 2485 3227 ἕνα
2521 3175 2752 3246 βήσαλον
2782 3175 2916 3245 πρὸς
2952 3175 3011 3226 rb
3047 3174 3205 3229 τοῦτο
3240 3178 3462 3246 ἐπᾶραι·
3508 3177 3600 3229 καὶ

2040 3261 2141 3334 ὁρᾷ
2161 3264 2249 3316 διὰ
2277 3266 2377 3334 τῆς
2413 3265 2552 3334 ὀπῆς
2584 3266 2733 3319 κάτω
2762 3267 2819 3318 ὲν
2848 3265 2924 3335 τῷ
2964 3266 3182 3337 ὑπογέῳ
3207 3267 3340 3338 οἴκῳ
3374 3268 3433 3320 τὸ
3464 3268 3605 3338 πλῆ-

2040 3353 2131 3416 θος
2164 3355 2271 3408 τῶν
2317 3356 2486 3410 ὅντων
2529 3357 2755 3427 ἀνδρῶν.
2800 3359 2910 3411 Καὶ
2952 3357 3153 3423 ἰδοῦσα,
3198 3360 3413 3428 εὐφυῶς
3441 3360 3605 3413 πάλιν

2040 3445 2274 3498 ἀπέθετο
2324 3447 2385 3498 ὲν
2430 3446 2509 3515 τῷ
2540 3450 2689 3518 τόπῳ
2734 3448 2796 3502 rb
2840 3448 3071 3520 βήσαλον
3096 3450 3230 3520 πρὸς
3262 3451 3321 3503 rb
3354 3452 3428 3522 μὴ
3460 3470 3605 3521 γνω-

2042 3534 2231 3604 σθῆναι
2265 3537 2375 3598 τοῖς
2409 3536 2579 3591 κάτω·
2618 3538 2711 3591 καὶ
2741 3537 3014 3610 λαθραίως
3058 3541 3424 3595 άποστείλασα
3475 3543 3605 3612 μίαν

2038 3626 2147 3677 τῶν
2213 3626 2415 3679 παίδων
2467 3628 2857 3697 προσεκαλεῖτο
2904 3630 3003 3699 τὴν
3055 3632 3252 3701 κυρίαν
3302 3632 3473 3701 αὐτῆς
3508 3633 3603 3685 τοῦ

2040 3717 2213 3770 ἐλθεῖν
2238 3718 2372 3789 πρὸς
2395 3720 2563 3791 αὐτὴν
2591 3721 2908 3789 ὀφείλουσάν
2955 3741 3015 3777 τε
3041 3726 3337 3793 ἀναγκαῖον
3374 3724 3603 3778 ἀκοῦσαι

2040 3810 2136 3860 καὶ
2170 3809 2333 3877 ξῑδεῖν.
2379 3810 2441 3863 Ἦ
2474 3810 2530 3863 δὲ
2578 3811 2747 3866 Γυκία
2792 3814 2896 3866 ὑπὸ
2934 3815 3027 3868 τοῦ
3061 3814 3197 3869 Θεοῦ
3242 3818 3607 3884 κατανυγεῖσα

2040 3901 2250 3970 ἀπῆλθε
2282 3903 2417 3972 πρὸς
2460 3903 2559 3973 τὴν
2590 3904 2901 3976 παιδίσκην·
2932 3908 3026 3961 καὶ
3058 3908 3407 3978 εἰσελθούσης
3432 3908 3606 3975 αὐτῆς

2040 3995 2181 4047 κατά
2217 3996 2383 4064 μόνας
2412 3997 2470 4048 ὲν
2499 3996 2577 4066 τῷ
2609 3997 2886 4065 οἰκήματι,
2937 4000 3030 4052 καὶ
3069 4000 3359 4068 κλεισάσης
3386 4000 3483 4068 τὴν
3512 3999 3605 4051 θύ-

2041 4102 2163 4155 ραν,
2204 4085 2502 4156 πεσοῦσαή
2561 4087 2818 4155 παιδίσκη
2872 4088 3007 4158 πρὸς
3058 4090 3184 4152 τοὺς
3216 4089 3379 4151 πόδας
3432 4089 3603 4157 αὐτῆς

2040 4167 2182 4224 εἷπε·
2210 4173 2499 4238 Δέσποινα,
2537 4174 2782 4238 ἐξουσίαν
2811 4176 2955 4246 ἔχεις
2984 4177 3095 4248 (80)
3122 4178 3220 4248 τὴν
3250 4178 3475 4247 ἀχρείαν
3509 4194 3607 4229 σου

2040 4261 2253 4330 δούλην·
2308 4261 2447 4330 πλὴν
2497 4262 2757 4334 βούλομαι
2806 4268 2873 4336 τῇ
2929 4267 3092 4337 κυρίᾳ
3121 4284 3224 4336 μου
3257 4268 3403 4333 ξένον
3435 4284 3487 4321 τι
3518 4269 3611 4319 καὶ

2040 4351 2339 4422 παράδοξον
2369 4354 2599 4422 πρᾶγμα
2622 4353 2811 4420 δεῖξαι’
2869 4355 2931 4409 Ἦ
2952 4357 3006 4410 δὲ
3046 4357 3217 4411 Γυκία
3252 4352 3404 4409 εἶπεν
3447 4357 3608 4427 αὐτῇ·

2053 4443 2293 4512 Ἀφόϐως
2324 4441 2463 4506 εἷπε,
2490 4445 2657 4509 δεῖξον
2686 4450 2781 4500 καλ⁸
2814 4448 2866 4499 τί
2898 4450 2958 4500 τὸ
2990 4448 3252 4502 τοιοῦτον.
3300 4448 3363 4500 Ἦ
3397 4449 3451 4501 δὲ
3486 4467 3611 4501 παι-

2042 4534 2200 4604 δίσκη
2244 4536 2603 4604 ἀπαγαγοῦσα
2651 4538 2820 4609 αὐτὴν
2866 4540 3001 4610 πρὸς
3030 4541 3122 4593 τὸν
3170 4542 3368 4609 τοῖχον,
3401 4542 3493 4592 καὶ
3522 4541 3613 4592 εύ-

2044 4625 2194 4693 φυῶς
2224 4626 2473 4697 ἐπάρασα
2490 4628 2548 4681 τὸ
2572 4628 2823 4699 βήσαλον,
2845 4630 2992 4698 λέγει
3019 4631 3180 4700 αὐτῇ·
3216 4630 3380 4701 Ὁρᾷς
3404 4630 3490 4684 διὰ
3512 4632 3612 4699 τῆς

2043 4714 2184 4785 ὀπῆς
2209 4758 2224 4782 ,
2263 4718 2535 4783 δέσποινα,
2568 4720 2658 4771 τὸν
2698 4720 2848 4774 κάτω
2879 4722 3256 4792 κρυπτόμενον
3305 4722 3461 4791 ὄχλον
3501 4721 3611 4773 τῶν

2044 4808 2450 4879 Βοσποριανῶν.
2493 4811 2557 4862 'H
2590 4811 2646 4864 δὲ
2699 4812 2869 4865 Γυκία
2921 4813 3121 4878 ἰδοῦσα,
3150 4814 3242 4865 καὶ
3273 4813 3610 4879 ἐκπλαγεῖσα

2047 4899 2138 4950 ἐπὶ
2162 4899 2237 4967 τῷ
2268 4902 2572 4970 πράγματι,
2598 4902 2722 4971 ἔφη·
2750 4904 2861 4955 Οὐκ
2893 4905 3062 4972 ἀργὸν
3090 4904 3152 4955 rb
3177 4904 3401 4973 σκέμμα
3420 4903 3604 4954 τοῦτο·

2050 4992 2143 5043 καὶ
2190 4993 2340 5061 λέγει
2380 4997 2445 5063 τῇ
2479 4996 2765 5065 παιδίσκῃ·
2802 4997 2921 5059 Πῶς
2956 4991 3111 5066 εὗρες
3143 4998 3202 5048 rb
3230 4998 3459 5064 πρᾶγμα
3487 4994 3609 5045 τοῦ·

2044 5100 2104 5133 το
2132 5083 2263 5153 (81);
2298 5085 2359 5136 ’11
2389 5085 2443 5136 δὲ
2478 5085 2734 5154 παιδίσκη
2762 5086 2929 5153 λέγει·
2965 5088 3206 5148 Πάντως,
3227 5088 3502 5147 δέσποινα,
3526 5083 3612 5133 δτι

374 5174 441 5226 ἐκ
507 5171 811 5244 θελήματος
869 5174 1004 5227 Θεοῦ
1059 5175 1219 5226 ἔπεσε
1275 5175 1333 5226 τὸ
1388 5175 1670 5243 σφοντύλιν
1718 5176 1782 5227 ἐκ
1832 5174 1930 5245 τῆς
2006 5175 2279 5245 ἀτράκτου
2338 5194 2468 5246 μου,
2509 5178 2603 5230 καὶ
2660 5177 2907 5231 κυλισθὲν
2956 5179 3204 5248 εἰσῆλθεν
3258 5179 3314 5229 ἐν
3367 5178 3432 5245 τῇ
3496 5174 3603 5240 ὁπῇ

1530 5341 1569 5393 Α
1583 5338 1830 5395 Νδεωιι
1857 5340 2185 5396 BANDUliII
2222 5341 2449 5398 NOTAE.

445 5456 668 5521 (77-78)
694 5455 785 5511 Sic
812 5472 874 5511 ex
922 5474 1005 5513 ms
1046 5458 1249 5513 codice.
1278 5456 1449 5512 Locus
1472 5456 1558 5511 hic
1582 5457 1634 5510 in
1658 5457 1817 5513 editis
1846 5459 1938 5514 de-

377 5537 631 5593 pravattis
667 5543 729 5581 ac
765 5528 1007 5582 mutilus.

450 5594 563 5663 (79)
598 5598 885 5666 Σφοντύλιν
914 5615 1012 5664 pm
1046 5597 1373 5666 σφονδύλων,
1426 5598 1741 5663 l’erticillns,
1802 5597 1933 5654 Vide

384 5660 642 5731 Du‘cangii
665 5664 838 5718 Gloss.
877 5660 1048 5720 (ἔπινε.

2118 5460 2230 5529 (80)
2269 5461 2444 5516 Locus
2469 5461 2714 5522 mutilus,
2750 5460 2923 5529 inquit
2950 5459 3237 5514 Meursius.

2117 5528 2227 5613 (fit)
2261 5531 2351 5587 Sic
2370 5548 2433 5588 ex
2466 5547 2565 5586 ms.
2589 5532 2798 5585 codice.
2826 5528 2895 5583 ’ln
2924 5531 3084 5584 editis
3121 5529 3463 5583 desideratur
3501 5528 3616 5581 inec

2039 5620 2312 5675 pericupr.
