4046 6208
382 274 488 339 413
1443 277 1543 338 DE
1577 279 1997 342 ADMINISTB
2010 285 2208 346 ANDO
2249 287 2594 350 IMPERIO.
3530 304 3637 368 4H

383 387 575 457 ταύτῃ,
605 382 699 439 καὶ
744 384 818 457 μὴ
844 384 1144 456 δυναμένης
1195 401 1294 453 μου
1324 384 1526 457 ὲπνὶραι
1569 388 1702 440 αὐτὸ
1752 390 1863 461 (82)
1891 393 2242 467 ἠναγκάσθην
2299 399 2358 451 τὸ
2401 401 2634 471 βήσαλον
2707 403 3016 462 ἀνασπᾶσαι
3045 451 3058 474 ,
3144 415 3235 469 καὶ
3320 414 3440 470 τότε
3501 413 3642 471 εἶδον

383 479 605 543 αὐτούς.
661 479 723 530 Ἦ
768 478 824 530 δὲ
863 478 1114 530 ἐκέλευσε
1157 479 1220 548 τῇ
1262 478 1525 548 παιδίσκῃ
1559 479 1858 535 ἀποθέσθαι
1899 484 1958 535 τὸ
1995 487 2230 557 βήσαλον
2259 490 2474 560 εὐφυῶς
2501 492 2658 563 ἐντῷ
2682 495 2828 566 τόπῳ
2858 498 3042 552 αὑτοῦ·
3113 506 3205 556 καὶ
3266 508 3634 579 ἐπιλαϐομένη

384 575 556 643 αὐτῆς
590 577 684 627 καὶ
733 571 1132 643 περιπλακεῖσα
1172 571 1502 639 κατεφίλησε
1593 573 1852 640 γνησίως,
1938 578 2032 630 καὶ
2069 575 2224 635 εἶπεν
2265 583 2425 653 αὐτῇο
2472 585 2659 653 Μηδὲν
2685 588 2950 658 πτοηθῇς,
2984 591 3194 657 τέκνον,
3223 600 3639 670 συγκεχώρηταί

387 686 479 721 σου
514 667 576 719 τὸ
616 667 884 734 πταῖσμα·
915 663 942 714 ὁ
973 665 1080 732 γάρ
1100 661 1234 765 Θεὸς
1255 661 1486 765 ἠθέλησέ
1517 681 1576 716 σε
1606 667 1851 731 πταῖσαι,
1873 667 1959 721 ἵνα
1997 670 2089 722 τὸν
2120 673 2271 726 δόλον
2331 678 2460 746 ἡμῖν
2516 679 2805 750 φανερώσῃ
2829 699 2844 713 ⁸
2879 682 3044 751 βλέπε
3083 682 3175 742 οὖν
3253 661 3351 762 ὅσῃ
3395 661 3639 765 ,δυνάμει

388 759 620 828 φυλάξαι
651 757 710 810 τὸ
741 757 992 827 πρᾶγμα,
1031 755 1124 806 καὶ
1164 752 1238 823 μὴ
1267 753 1549 854 τολμήσῃς
1615 757 1722 844 τινὶ
1775 757 1835 809 τὸ
1886 759 2106 815 σύνολον
2172 766 2332 820 τοῦτο
2402 766 2694 840 θαρρῆσαι.
2762 773 2872 827 Καὶ
2928 775 3114 830 λοιπὸν
3163 752 3520 854 εἷχενηαῦτὴν
3551 752 3640 840 ⁸δι’

388 853 512 907 ὅλου
569 849 685 920 μεθ’
726 846 924 914 ἑαυτῆς
978 844 1146 897 πλέον
1202 843 1297 897 τοῦ
1365 846 1581 913 πρώτου
1641 843 1717 911 ὡς
1763 850 1960 919 πιστὴν
1999 854 2167 924 αὐτὴν
2197 852 2384 912 οὖσαν.

464 944 572 997 Καὶ
640 937 1124 1009 προσκαλεσαμένη
1174 937 1208 1007 ἠ
1269 937 1440 989 Γυκία
1502 936 1596 989 δύο
1650 939 1804 1003 τινὰς
1859 941 1966 994 τῶν

2139 946 2345 1004 Accitis
2400 959 2582 1005 autem
2633 951 2800 1024 Gyeia
2862 953 3080 1013 duobus
3121 975 3150 1014 e
3191 967 3639 1035 consanguineis.

394 1034 664 1103 συγγενῶν
725 1031 892 1100 αὐτῆς
931 1028 1160 1091 πιστοὺς
1221 1028 1358 1100 αὐτῇ
1404 1029 1566 1092 ὄντας
1615 1031 1778 1093 πάνυ,
1812 1031 1962 1100 λέγει

390 1129 566 1188 αὐτοῖς
618 1127 676 1178 ἐν
728 1127 840 1186 τοῖς
900 1121 1233 1186 ίδιάζουσινο
1290 1121 1642 1186 ’Λπελθόντες
1695 1125 1957 1192 συνάγετε

388 1218 505 1272 καθ’
531 1216 757 1278 ἑαυτοὺς
809 1215 868 1266 ὲν
927 1212 1214 1282 μυστηρίῳ
1264 1213 1391 1276 τοὺς
1447 1213 1826 1283 πρωτεύοντας
1868 1197 1962 1270 καὶ

383 1311 621 1378 εὐγενεῖς
658 1309 756 1376 τῆς
791 1305 1018 1369 πόλεως,
1045 1305 1136 1358 καὶ
1170 1304 1546 1369 ὲκλεξάτωσαν
1571 1309 1725 1374 τρεῖς
1765 1307 1965 1377 ἄνδρας

383 1401 606 1463 πιστοὺς
634 1397 964 1468 δυναμένους
999 1394 1233 1464 φυλάξαι
1262 1396 1579 1465 μυστήριον,
1605 1397 1700 1448 καὶ
1731 1399 1965 1466 πρᾶγμα

383 1501 646 1568 ποιήσαιο
710 1496 805 1549 καὶ
864 1492 1350 1561 πιστοποιήσουσιν
1415 1491 1612 1554 αὐτοὺς
1658 1493 1706 1544 οί
1769 1491 1969 1550 πάντες

381 1593 620 1662 ἐνόρκως
646 1588 785 1659 πρὸς
831 1587 891 1639 τὸ
931 1585 1021 1638 καὶ
1051 1584 1251 1646 αὐτοὺς
1295 1583 1396 1654 ἐμὲ
1439 1582 1878 1654 πληροφορῆσαι,
1912 1583 1969 1634 ὲν

381 1677 463 1744 οἷς
511 1680 690 1750 μέλλω
732 1677 1012 1747 ἐπερωτᾷν
1056 1675 1283 1740 αὐτοὺς,
1335 1673 1429 1728 καὶ
1485 1674 1967 1728 ἁποστειλάτωσαν

382 1769 581 1832 αὐτοὺς
611 1767 747 1838 πρός
780 1783 845 1836 με
871 1766 928 1818 ὲν
965 1765 1265 1836 μυστηρίῳ,
1307 1766 1402 1818 καὶ
1453 1764 1559 1834 ἔχω
1593 1765 1774 1826 αὐτοῖς
1796 1765 1966 1831 ἀναγ-

384 1858 539 1912 καῖόν
577 1876 629 1910 τι
685 1857 776 1910 καὶ
804 1855 1080 1925 ὠφέλιμον
1119 1857 1186 1924 τῇ
1223 1855 1378 1906 πόλει
1424 1854 1694 1924 θαρρῆσαι
1728 1870 1741 1884 ·
1795 1854 1955 1923 μόνον

385 1949 474 2001 διὰ
502 1951 699 2018 τάχους
742 1950 1006 2018 ποιήσατε
1055 1947 1082 2000 ὅ
1129 1947 1274 2014 λέγω
1313 1947 1462 2015 ὑμῖν.
1510 1945 1879 1999 Ἀπελθόντων
1911 1947 1968 1998 δὲ

387 2037 497 2090 τῶν
525 2038 799 2105 συγγενῶν
833 2038 1022 2104 αὐτῆς,
1065 2037 1158 2090 καὶ
1207 2037 1265 2088 ὲν
1303 2037 1587 2106 μυστηρίῳ
1638 2036 1811 2090 ταῦτα
1858 2038 1969 2098 τοῖς

391 2129 763 2197 πρωτεύουσιν
817 2128 1134 2198 εἰρηκότων,
1205 2128 1405 2190 εὐθέως
1457 2127 1768 2194 ἐξελέξαντο
1826 2129 1973 2198 τρεῖς

388 2219 611 2288 ἄνδρας,
646 2218 739 2282 οὓς
769 2219 968 2289 ᾔδεσαν
1003 2218 1157 2271 αὐτοὶ
1188 2218 1411 2280 πιστοὺς
1451 2214 1624 2270 εἶναι’
1658 2219 1752 2271 καὶ
1780 2233 1969 2268 πιστο‹

386 2310 711 2378 ποιήσαντες
734 2310 931 2371 αὐτοὺς
955 2308 1153 2370 πάντες
1185 2309 1244 2361 ἐν
1271 2310 1441 2378 ὅρκῳ,
1465 2310 1547 2361 ὅτι
1578 2309 1632 2361 εῐ
1652 2326 1705 2360 τι
1735 2307 1969 2360 συνθῶν-

385 2417 475 2451 ται
505 2401 569 2468 τῇ
603 2399 773 2468 Γυκίᾳ
814 2399 924 2451 εἴτε
971 2397 1218 2464 ποιῆσαι,
1254 2397 1363 2450 εἴτε
1400 2398 1604 2462 δοῦναι,
1644 2397 1717 2467 μὴ
1746 2395 1966 2465 ἀκυρῶ-

387 2505 477 2541 σαι
506 2491 632 2551 τοὺς
662 2489 853 2557 λόγους
900 2489 1101 2552 αὐτῶν,
1140 2489 1254 2542 ἀλλ’
1301 2490 1381 2551 είς
1415 2490 1588 2559 πέρας
1629 2489 1857 2556 ἀγαγεῖν
1898 2487 1966 2540 τὰ

387 2580 479 2632 ὑπ’
511 2580 687 2634 αὐτῶν
730 2581 1134 2651 συνταττόμενα
1163 2581 1322 2649 αὐτῇ.
1357 2579 1575 2633 Τούτων
1603 2579 1658 2632 δὲ
1697 2579 1835 2650 προς
1865 2580 1964 2650 τὴν

387 2675 589 2728 Γυκίαν
641 2675 698 2726 ὲν
752 2675 1033 2743 μυστηρίῳ
1080 2671 1447 2735 ἀπελθόντων,
1503 2670 1722 2735 ἐδέξατο
1768 2671 1968 2732 αὐτοὺς

388 2766 484 2818 καὶ
517 2765 665 2832 λέγει
695 2765 874 2826 αὐτοῖς
899 2780 911 2792 ·
958 2761 1194 2814 Δύνασθέ
1241 2778 1307 2830 με
1351 2762 1407 2814 ὲν
1441 2763 1587 2832 ὅρκῳ
1618 2759 1968 2833 πληροφορῆ-

391 2873 482 2908 σαι
538 2855 666 2923 περὶ
725 2847 800 2906 ὧν
849 2853 1030 2922 μέλλω
1080 2852 1362 2919 ἐπερωτᾷν
1410 2853 1575 2921 ὑμᾶς,
1623 2853 1705 2904 ὅτι
1764 2853 1966 2904 ποιεῖτε

387 2947 594 3015 ταῦτα;
635 2947 696 3000 Οἱ
718 2945 773 2999 δὲ
807 2943 958 2998 εἷπον
989 2947 1121 3016 αὐτῇ
1150 2961 1164 2976 ο
1197 2947 1324 3010 Ναὶ,
1352 2946 1538 3013 κυρία,
1587 2944 1818 3015 ἑτοίμως
1853 2945 1971 3014 έχο-

392 3056 492 3108 μεν
517 3039 647 3108 περὶ
683 3029 756 3090 ὧν
821 3037 1036 3107 μέλλεις
1074 3038 1205 3107 ἡμῖν
1240 3037 1516 3106 ἐπιζητεῖν
1548 3035 1968 3107 πληροφορῆταί

389 3147 471 3194 σε,
499 3130 578 3183 ὅτι
623 3131 702 3192 εἰς
733 3128 907 3200 πέρας
937 3129 1178 3195 ἄγωνται
1226 3131 1274 3181 οἱ
1324 3128 1474 3196 λόγοι
1501 3145 1616 3180 σου.
1661 3127 1794 3180 Τότε
1823 3126 1970 3194 λέγει

384 3223 572 3283 αὐτοῖς
626 3222 659 3290 ἡ
707 3219 878 3274 Γυκία
911 3236 925 3250 ·
977 3219 1439 3290 Πληροφορήσατέ
1473 3236 1540 3289 με
1588 3215 1722 3288 (85),
1778 3218 1860 3270 ὅτι
1902 3215 1969 3270 ἂν

386 3311 662 3375 ἀποθάνω,
724 3312 781 3364 ὲν
839 3311 990 3382 μέσῳ
1031 3311 1132 3380 τῆς
1170 3310 1378 3373 πόλεώς
1437 3328 1505 3380 με
1563 3310 1821 3372 θάπτετε,
1876 3308 1970 3360 καλ⁴

385 3406 528 3472 λέγω
576 3405 704 3474 ὑμῖν
749 3405 809 3457 τὸ
862 3405 1156 3474 μυστήριόν
1203 3418 1342 3474 μου·
1398 3403 1508 3455 ἰδοὺ
1562 3401 1700 3472 βαρὺ
1754 3401 1883 3471 ὑμῖν
1916 3399 1967 3453 τί

386 3514 517 3550 ποτε
555 3497 654 3549 οὑκ
700 3495 964 3566 ἐπιζητῶ.
1015 3497 1077 3549 Οἱ
1117 3495 1174 3549 δὲ
1220 3496 1411 3567 ἄνδρες
1444 3494 1777 3556 ἀκούσαντες
1806 3491 1966 3545 τοῦτο

387 3587 525 3657 μετὰ
578 3588 756 3656 πάσης
803 3587 1112 3656 προθυμίας
1163 3585 1618 3656 ἐπληροφόρησαν
1679 3583 1848 3651 αὐτὴν
1898 3582 1962 3678 έν
1988 3617 2033 3678 c

384 3682 530 3752 ὅρκῳ
561 3681 832 3748 λέγοντες,
879 3680 960 3731 ὅτι
1003 3678 1130 3732 Ἐὰν
1173 3679 1525 3747 τελευτήσῃς,
1581 3679 1638 3729 ὲν
1684 3676 1835 3746 μέσῳ
1863 3674 1963 3740 τῆς

384 3773 592 3835 πόλεώς
625 3789 683 3823 σε
729 3771 992 3839 θάψομεν,
1031 3771 1126 3822 καὶ
1155 3771 1254 3821 οὐκ
1291 3768 1552 3838 ἐξάξομέν
1603 3785 1662 3819 σε
1718 3767 1824 3830 ἔξω
1853 3765 1963 3818 τῶν

383 3863 602 3932 τειχῶν.
645 3862 711 3913 Ἦ
756 3861 810 3912 δὲ
853 3859 1025 3912 Γυκία
1061 3861 1345 3911 πεισθεῖσα
1402 3861 1514 3919 τοῖς
1544 3859 1726 3926 ὅρκοις
1757 3855 1959 3918 αὐτῶν,

382 3954 531 4020 λέγει
585 3953 802 4014 αὐτοῖς·
852 3950 968 4018 Ἐφ’
1017 3945 1097 4012 οἷς
1153 3947 1637 4017 ἐπληροφορήσατέ
1671 3962 1761 4015 με,
1807 3941 1964 4011 κάγὼ

382 4044 566 4098 λοιπὴν
606 4043 857 4112 ὲμφαίνω
883 4043 1012 4112 ὑμῖν
1041 4041 1101 4094 τὸ
1133 4041 1432 4110 μυστήριόν
1459 4055 1590 4106 μουο
1629 4037 1736 4090 ἰδοὺ
1768 4035 1963 4089 εἰδέναι

383 4138 527 4206 ὑμᾶς
567 4136 723 4197 θέλω,
758 4138 838 4188 ὅτι
881 4137 908 4187 ὁ
956 4136 1097 4204 ἁνήρ
1141 4150 1241 4203 μου
1290 4133 1349 4183 τὸ
1385 4131 1627 4201 ἔμφυτον
1655 4129 1832 4181 κακὸν
1864 4128 1965 4197 τῆς

381 4229 591 4291 πόλεως
634 4225 798 4280 αὐτοῦ
849 4225 986 4295 ἔχων
1023 4225 1085 4276 τὸ
1133 4223 1226 4275 τοῦ
1271 4223 1422 4275 δόλου
1455 4221 1548 4274 καὶ
1584 4219 1780 4288 φθόνου
1837 4217 1962 4270 καθ’

383 4319 560 4390 ἡμῶν,
613 4318 767 4388 ὄχλον
823 4319 885 4369 ὲκ
934 4316 1028 4369 τοῦ
1087 4315 1229 4368 κατὰ
1266 4313 1430 4384 μέρος
1481 4308 1863 4380 Βοσποριανῶν
1904 4310 1962 4360 ὲν

382 4414 566 4480 κρυφῇ
623 4408 932 4476 εἰσαγαγὼν
967 4409 1024 4460 ὲν
1072 4406 1152 4477 τῷ
1184 4405 1318 4474 οἴκῳ
1356 4421 1455 4473 μου
1503 4403 1660 4472 ἄχρις
1697 4398 1740 4453 σ⁹
1772 4397 1961 4470 ψυχῶν

384 4505 620 4557 ἐνόπλων
678 4501 976 4570 διατρέφει,
1019 4499 1151 4569 ἐμοῦ
1207 4498 1280 4567 μὴ
1328 4494 1538 4558 εἰδυίας
1569 4495 1629 4547 τὸ
1683 4495 1958 4566 πρᾶγμα·

383 4595 497 4650 ἀλλ’
523 4596 550 4647 ὁ
577 4593 708 4655 Θεὸς
737 4592 831 4644 νῦν
861 4591 948 4642 διὰ
975 4589 1294 4658 προεράσεως
1321 4585 1634 4654 ὲφανέρωσέ
1694 4600 1781 4654 μοι
1808 4582 1958 4635 αὑτό.

382 4685 554 4748 Λύτὸς
587 4683 680 4736 οὖν
713 4681 919 4750 ταύτην
948 4680 1061 4749 ἔχει
1108 4681 1206 4749 τὴν
1237 4677 1450 4745 σκέψιν,
1485 4677 1568 4744 ἐφ’
1597 4668 1722 4742 ᾧτε,
1773 4674 1959 4744 φησὶν,

383 4778 463 4836 εἱς
501 4776 599 4845 τὴν
629 4775 849 4844 μνήμην
887 4772 978 4824 τοῦ
1041 4770 1246 4840 πατρός
1295 4786 1396 4838 μου
1426 4767 1673 4837 διδούσης
1733 4783 1833 4834 μου
1865 4764 1962 4836 τὴν

384 4869 686 4940 εὖφρασίαν
732 4870 797 4938 τῇ
851 4868 1025 4930 πόλει,
1067 4865 1160 4917 καὶ
1207 4862 1619 4931 εύφρανθέντων
1648 4861 1802 4929 ὑμῶν
1828 4861 1962 4912 ἀπο·

2067 1039 2268 1108 quibus
2295 1042 2530 1097 maxime
2560 1043 2774 1107 fidebat,
2800 1045 2975 1116 inquit
3001 1049 3083 1103 eis
3113 1054 3369 1118 seorsim,
3395 1057 3554 1112 Abite
3587 1069 3641 1114 et

2065 1141 2396 1202 congregate
2427 1135 2567 1202 apud
2593 1150 2692 1190 vos
2721 1137 3031 1194 clanculum
3057 1141 3323 1210 primores
3348 1157 3402 1200 et
3431 1150 3642 1204 nobiles

2065 1225 2242 1290 urbis,
2279 1227 2425 1297 iique
2457 1229 2662 1299 eligant
2701 1230 2850 1286 viros
2889 1240 3001 1287 tres
3039 1234 3195 1302 lidos,
3241 1253 3508 1293 arcanum
3544 1243 3640 1311 qui

2067 1317 2367 1382 custodire,
2399 1329 2451 1374 et
2481 1335 2594 1375 rem
2628 1337 2816 1390 gerere
2851 1325 3087 1393 possint,
3119 1337 3174 1380 et
3209 1329 3411 1397 quibus
3447 1347 3639 1386 sacra-

2066 1413 2253 1459 mento
2282 1422 2342 1461 se
2365 1423 2556 1463 omnes
2588 1411 2952 1482 obstringent,
2979 1423 3037 1468 ut
3062 1416 3274 1484 plenam
3307 1420 3441 1473 mihi
3478 1420 3639 1478 ﬁdem

2068 1494 2272 1549 faciant
2310 1497 2361 1550 in
2399 1499 2465 1552 iis
2513 1500 2581 1554 de
2621 1501 2822 1569 quibus
2862 1503 3011 1572 ipsos
3044 1508 3449 1578 interrogatura
3491 1529 3640 1567 sum.

2067 1585 2280 1641 Mittant
2319 1604 2448 1642 vero
2492 1590 2615 1644 illos
2655 1591 2722 1644 ad
2768 1607 2856 1645 me
2905 1595 3238 1662 clanculum,
3276 1601 3451 1656 habeo
3494 1606 3640 1658 enim

2069 1680 2447 1733 necessarium
2475 1680 2705 1748 aliquid,
2733 1682 2962 1751 urbique
2991 1684 3116 1740 huic
3151 1690 3302 1756 utile,
3333 1696 3476 1760 quod
3506 1697 3641 1763 ipsis

2068 1771 2405 1825 committam
2448 1788 2462 1825 :
2497 1779 2709 1826 tantum
2745 1784 3016 1829 maturate
3049 1776 3100 1829 id
3137 1780 3279 1847 quod
3312 1782 3465 1836 vobis
3492 1785 3638 1840 dico.

2068 1861 2484 1919 Discedentibus
2523 1864 2690 1935 igitur
2723 1866 2826 1920 hoc
2859 1878 3017 1936 pacto
3045 1869 3164 1938 ejus
3193 1875 3641 1943 consanguineis,

2068 1967 2192 2007 cum
2222 1953 2296 2006 illi
2327 1955 2441 2010 hare
2461 1956 2599 2008 clam
2631 1954 2696 2008 ad
2729 1957 2999 2025 primates
3028 1961 3371 2028 retulissent,
3405 1980 3435 2016 e
3475 1966 3640 2020 vesti-

2069 2045 2157 2112 gio
2189 2052 2302 2099 tres
2327 2046 2477 2101 viros
2523 2048 2826 2116 elegerunt,
2864 2066 3004 2118 quos
3042 2050 3178 2106 ﬁdos
3211 2068 3335 2108 esse
3369 2069 3643 2125 cognove-

2072 2144 2214 2198 rant,
2279 2134 2382 2188 lide
2451 2136 2586 2203 ipsis
2643 2151 2766 2190 cum
2808 2139 3122 2208 juramento
3177 2144 3301 2196 data
3349 2153 3526 2198 ratum
3584 2161 3642 2201 se

2075 2222 2355 2278 habituros
2377 2223 2776 2296 eli'ecturosque
2798 2229 3062 2299 quidquid
3098 2247 3222 2285 cum
3263 2231 3427 2302 Gycia
3463 2235 3639 2288 acturi

2071 2323 2272 2370 essent.
2315 2315 2380 2369 Hi
2413 2317 2505 2371 ubi
2533 2316 2672 2372 clam
2713 2319 2780 2372 ad
2825 2318 3044 2389 Gyciam
3077 2322 3375 2385 venissent,
3421 2325 3510 2378 illa
3543 2339 3640 2381 eos

2069 2406 2306 2474 excepit,
2357 2407 2867 2478 interrogavitque,
2922 2411 3114 2479 ecquid
3159 2413 3473 2480 promittere
3515 2429 3639 2468 cum

2065 2491 2382 2562 juramcnto
2409 2505 2633 2563 possent
2668 2498 2914 2552 facturos
2937 2513 2996 2553 se
3026 2499 3297 2570 quidquid
3326 2505 3640 2559 commisis-

2067 2580 2184 2634 set?
2212 2580 2320 2634 illis
2343 2596 2472 2636 vero
2506 2583 2903 2638 afﬁrmantibus
2930 2599 2987 2640 se
3016 2588 3200 2640 omnia
3237 2603 3334 2656 pro
3357 2599 3486 2643 voto
3518 2592 3641 2658 ejus

2068 2666 2314 2722 facturos
2335 2682 2480 2733 esse,
2503 2670 2797 2739 respondet
2825 2669 2992 2741 Gycia
3021 2671 3247 2740 :lFidem
3271 2674 3397 2729 date
3427 2675 3480 2728 in
3508 2677 3643 2732 urbe

2068 2774 2174 2822 me.
2245 2760 2292 2814 si
2357 2759 2582 2824 moriar,
2630 2762 2998 2831 sepeliendam
3046 2778 3190 2827 esse,
3253 2773 3306 2819 et
3381 2780 3642 2819 arcanum

2069 2865 2246 2905 meum
2269 2853 2507 2906 narrabo
2527 2852 2683 2907 vobis
2707 2870 2720 2904 :
2743 2868 2919 2922 neque
2938 2869 3103 2924 grave
3123 2864 3204 2909 est
3230 2856 3375 2925 quod
3404 2857 3637 2925 postulo.

2069 2941 2222 3006 Quod
2257 2957 2377 2996 cum
2415 2941 2690 3005 audirent.
2716 2943 2945 2998 libenter
2969 2961 3092 2999 cum
3121 2947 3482 3016 jurejurando
3513 2963 3641 3017 pro-

2069 3031 2336 3085 miserunt
2361 3031 2413 3084 in
2439 3032 2575 3086 urbe
2601 3047 2660 3086 se
2692 3047 2834 3097 eam,
2866 3034 2911 3086 si
2935 3042 3263 3101 moreretur,
3301 3037 3639 3105 sepulturos,

2072 3137 2246 3191 neque
2273 3132 2428 3177 extra
2461 3126 2664 3178 mmnia
2692 3125 3010 3180 educturos.
3035 3126 3222 3196 Itaque
3253 3144 3517 3198 persuasa
3549 3145 3641 3184 sa-

2069 3221 2351 3267 cramento
2383 3213 2595 3284 Gycia:
2633 3215 2819 3278 Nunc,
2879 3215 3094 3284 inquit,
3146 3233 3406 3273 arcanum
3464 3221 3641 3286 vobis,

2068 3304 2212 3375 quod
2253 3306 2448 3371 habeo,
2475 3307 2716 3376 aperiam
2754 3325 2766 3361 :
2797 3322 2947 3372 ecce,
2994 3308 3227 3364 maritus
3261 3324 3416 3364 meus
3451 3326 3514 3364 ex
3556 3312 3643 3364 in-

2070 3398 2254 3465 genito
2287 3397 2554 3453 adversus
2584 3398 2772 3452 urbem
2808 3399 2946 3452 hanc
2972 3399 3099 3453 odio
3125 3411 3287 3469 atque
3319 3401 3520 3455 invidia
3547 3417 3643 3470 per

2067 3490 2248 3545 dolum
2293 3490 2663 3561 Bosporianos
2706 3492 2937 3562 aliquot,
2991 3493 3043 3546 in
3079 3493 3301 3547 domum
3340 3510 3513 3548 meam
3560 3496 3644 3548 in-

2069 3583 2352 3638 troductos
2396 3600 2520 3639 cum
2559 3585 2729 3639 armis
2772 3601 2945 3655 usque
2990 3579 3056 3640 ad
3097 3588 3369 3643 ducentos
3447 3591 3641 3654 nutrit,

2070 3689 2156 3728 me
2178 3675 2394 3739 inscia;
2433 3691 2624 3730 verum
2673 3692 2788 3730 rem
2823 3678 2962 3731 hanc
2991 3694 3134 3733 nunc
3177 3679 3318 3734 Deus
3349 3696 3445 3749 per
3480 3697 3642 3736 occa-

2072 3763 2278 3815 sionem
2314 3765 2444 3816 mihi
2479 3765 2821 3818 manifestam
2859 3766 3006 3821 fecit.
3040 3767 3150 3822 Hoc
3182 3778 3362 3822 autem
3390 3770 3478 3822 ille
3505 3786 3643 3823 con-

2073 3851 2257 3904 silium
2291 3852 2480 3919 agitat,
2520 3862 2578 3906 ut
2615 3854 2706 3906 ubi
2739 3853 2794 3905 in
2827 3856 2997 3921 patris
3025 3856 3126 3908 mei
3165 3858 3485 3911 memoriam
3521 3859 3644 3912 urbi

2071 3956 2171 4010 ego
2203 3942 2424 4010 epulum
2455 3942 2682 4007 dedero,
2717 3957 2924 4009 vosque
2961 3945 3163 4011 epulati
3195 3945 3494 4000 dormitum
3527 3949 3642 4002 ive-

2072 4033 2217 4098 ritis,
2250 4033 2364 4102 ipse
2387 4033 2453 4086 de
2480 4041 2638 4088 nocte
2660 4049 2783 4087 cum
2812 4033 3164 4102 Bosporianis
3194 4045 3358 4103 atque
3381 4038 3643 4092 domesti-

2071 4124 2152 4179 cis
2182 4131 2392 4194 surgat,
2428 4125 2637 4180 mdibus
2669 4127 2870 4180 vestris
2900 4126 3076 4197 ignem
3108 4128 3386 4192 immittat,
3432 4147 3642 4201 vosque

2070 4232 2262 4271 omnes
2290 4217 2656 4271 contrucidet.
2687 4217 2753 4270 Et
2784 4234 2930 4283 ecce,
2965 4219 3134 4273 instat
3161 4234 3308 4274 nunc
3339 4220 3455 4274 dies
3487 4224 3645 4275 anni-

2072 4306 2345 4360 versarius
2371 4307 2645 4360 memoria:
2668 4307 2840 4375 patris
2867 4308 2992 4371 mei,
3025 4317 3350 4378 oportctque
3373 4326 3458 4365 me
3487 4312 3642 4365 vobis

2069 4411 2134 4450 ex
2161 4397 2476 4464 juramento
2509 4396 2642 4450 dare
2664 4411 2762 4466 pro
2794 4411 2945 4452 more
2983 4415 3126 4462 meo,
3168 4416 3288 4468 qum
3323 4402 3389 4455 ad
3422 4402 3640 4470 epulum

2069 4487 2402 4551 necessaria,
2439 4497 2492 4541 et
2519 4488 2702 4542 omnia
2740 4497 2997 4558 praestare
3041 4501 3226 4558 parata
3263 4507 3408 4545 sum.
3450 4491 3643 4549 Velitis

2074 4577 2232 4649 15a.
2259 4581 2440 4648 itaque
2461 4595 2650 4635 omnes
2677 4581 2781 4635 lazti
2813 4596 3126 4647 accurrere,
3162 4586 3568 4654 postulareque,
3590 4592 3646 4640 et

2073 4675 2326 4741 accipere
2359 4673 2543 4725 omnia
2581 4673 2834 4737 libenter,
2874 4691 2941 4729 ne
2974 4676 3084 4729 ullo
3116 4677 3204 4731 ille
3248 4688 3406 4748 pacto
3439 4678 3646 4734 intelli-

2072 4775 2161 4831 gat
2186 4779 2288 4817 nos
2313 4778 2427 4817 rem
2451 4764 2765 4827 rescivisse,
2795 4775 2848 4818 et
2867 4766 3048 4821 subito
3072 4768 3391 4823 intestinum
3423 4771 3642 4839 aliquod

2072 4854 2273 4908 bellum
2301 4854 2532 4907 oriatur.
2557 4854 2725 4923 Igitur
2753 4857 2987 4924 publice,
3024 4858 3103 4910 uti
3135 4875 3252 4912 mos
3283 4869 3386 4920 est,
3417 4862 3641 4928 epulum

384 4961 760 5030 κοιμωμένων,
807 4958 968 5010 αὐτὸν
1015 4957 1112 5027 τὴν
1156 4957 1325 5008 νύκτα
1373 4954 1767 5020 ὲπαναστῆναι,
1826 4949 1965 5019 μετὰ

2071 4946 2365 5011 celebrate,
2409 4944 2502 4999 sed
2535 4962 2658 5001 cum
2712 4947 2908 5013 modo;
2963 4956 3017 5002 et
3064 4950 3298 5004 choreas
3345 4952 3398 5002 in
3449 4950 3644 5018 plateis

382 5053 487 5105 τῶν
509 5053 773 5106 συνόντων
799 5050 947 5120 αύτῷ
978 5046 1358 5118 Βοσποριανῶν
1385 5063 1442 5098 τε
1473 5044 1566 5097 καὶ
1593 5042 1831 5106 οἰκείων,
1864 5042 1959 5093 καὶ

387 5143 565 5212 βαλεῖν
620 5145 948 5214 ἐμπρησμὸν
983 5144 1040 5195 ἐν
1090 5143 1201 5203 τοῖς
1235 5140 1404 5200 οἴκοις
1455 5137 1629 5207 ὑμῶν,
1666 5135 1758 5186 καὶ
1793 5150 1961 5186 κατα-

388 5234 588 5302 σφάξαι
631 5235 840 5299 πάντας
887 5235 1052 5304 ὑμᾶς.
1100 5231 1232 5286 Ἰδοὺ
1281 5229 1508 5293 λοιπὸν,
1557 5223 1751 5295 φθάζει
1799 5224 1958 5294 καὶὴ

2071 5039 2214 5108 agite
2243 5057 2255 5092 :
2291 5037 2672 5107 unusquisque
2700 5054 2826 5093 vere
2860 5040 2913 5092 ia
2944 5039 3152 5094 aedibus
3178 5042 3378 5094 vestris
3413 5050 3640 5109 apparet

2070 5130 2238 5199 ligna,
2271 5128 2542 5193 sarcinas,
2581 5143 2645 5181 ac
2677 5129 2845 5184 tmdas
2873 5133 3098 5196 solidas,
3128 5137 3185 5184 ut
3216 5147 3300 5185 me
3327 5133 3545 5201 epulum
3569 5147 3634 5187 ac

2069 5223 2299 5277 choreas
2323 5221 2682 5290 detrectante,
2700 5223 2766 5278 ad
2793 5224 3031 5293 quietem
3050 5239 3146 5279 vos
3164 5224 3315 5278 abire
3339 5224 3634 5282 existimet.

1538 5433 1844 5492 ANSELMI
1877 5432 1987 5489 ΒΔι
2001 5432 2212 5491 .DURll
2246 5432 2482 5491 NOTAE.

451 5600 568 5676 (Sal
588 5602 664 5676 Ita
690 5617 795 5656 ms.
828 5600 1022 5676 codex.
1043 5600 1183 5656 Editi
1213 5601 1431 5676 habent,
1459 5603 1660 5676 ἐπᾶραι
1682 5603 1834 5671 τότε;
1867 5610 1919 5660 et

383 5673 541 5738 paulo
558 5671 698 5728 infra
718 5673 977 5741 κατέφισε
1012 5688 1110 5742 pro
1134 5672 1482 5741 κατεφίλησε.

2133 5601 2246 5666 (8⁵.5)
2282 5599 2382 5653 Ms.
2410 5601 2579 5654 codex
2616 5603 2714 5655 sic.
2747 5600 3040 5669 Perperam
3073 5601 3148 5672 fin
3198 5601 3358 5658 editis
3418 5603 3638 5672 legitur,

2070 5672 2522 5742 πληροφορήσατε
2557 5673 2667 5741 μή·
2705 5673 2799 5727 sed
2832 5673 3034 5741 optimc
3068 5670 3338 5729 Meursius
3367 5670 3637 5730 emendat.
