4058 6212
374 242 482 307 415

1399 205 1737 298 οοΝδῖιΑΝ
1757 238 1906 298 rm
1935 234 2613 300 ronpuvnerNrrI

3526 239 3636 302 416

378 355 464 410 lile
501 369 631 410 vero
667 353 832 409 citius
877 351 1039 407 solito
1085 349 1442 414 detrectante,
1480 365 1545 404 ac
1600 350 1746 406 fores
1793 365 1946 406 meas

2057 349 2244 418 μνήμη
2285 348 2380 401 τοῦ
2419 345 2623 416 πατρός
2654 362 2756 414 μου
2780 359 2794 375 °
2832 345 2925 398 xui
2950 344 3068 399 δέον
3102 345 3202 415 μέν
3233 347 3350 400 ἐστι
3379 351 3517 420 πρὸς
3543 355 3636 410 τὸν

380 448 628 503 obserari
665 448 922 516 jubeute,
952 458 1046 496 vos
1076 440 1368 496 conleStim
1408 457 1532 496 eum
1555 443 1741 497 multo
1774 443 1948 498 silen-

379 539 458 592 tio
488 554 580 606 per
613 535 844 590 famulos
879 539 931 585 et
959 531 1188 586 ancillas
1222 540 1436 588 vestros
1456 548 1521 587 ex
1550 533 1809 588 omnibus
1844 549 1948 589 un-

379 630 661 694 decunque
704 623 912 677 mdibus
971 622 1266 680 afferentes
1314 625 1484 695 ligna,
1541 625 1807 689 sarcinas,
1855 635 1950 681 ta:-

382 721 610 786 dasque,
665 717 731 770 ad
789 716 988 784 januas
1032 731 1198 781 meas,
1257 724 1309 771 et
1356 715 1625 772 vestibula
1672 718 1948 787 apponite,

381 812 494 864 imo
557 808 764 862 circum
798 817 967 862 totam
1002 809 1224 863 domum
1255 816 1308 862 et
1335 808 1514 864 oleum
1554 809 1716 880 lignis
1765 809 1949 864 infun-

377 901 511 964 dite,
541 915 650 968 quo
687 900 854 955 citius
897 901 1171 954 ﬂammam
1217 900 1552 970 concipiant.
1598 902 1733 955 Cum
1769 909 1949 956 autem

378 1008 479 1060 ego
517 1006 737 1061 egressa
784 991 961 1056 luero,
1008 992 1273 1062 vobisque
1315 992 1526 1058 dixero,
1563 991 1720 1046 ocius
1771 991 1950 1061 ignem

380 1081 608 1150 injicitc,
642 1095 705 1135 ac
733 1095 854 1134 cum
905 1080 1075 1134 armis
1127 1080 1540 1146 circumsistite,
1591 1090 1651 1134 ut
1683 1096 1818 1150 quos
1855 1096 1951 1150 per

381 1173 678 1229 fenestram
709 1171 1028 1228 exsilientes
1057 1172 1313 1228 videbitis
1367 1173 1732 1228 interﬁciatis.
1790 1173 1952 1228 Abite

380 1264 548 1334 igitur
576 1272 629 1318 et
649 1278 913 1318 arcanum
951 1263 1050 1317 hoc
1073 1272 1314 1325 narrate,
1334 1274 1641 1333 cunctaque
1663 1279 1784 1334 quae
1810 1264 1952 1332 jussi

381 1363 659 1425 apparate.
681 1353 838 1410 Cives
867 1368 992 1407 vero
1019 1354 1108 1408 ubi
1141 1370 1250 1408 rem
1279 1355 1685 1410 intellexissent
1713 1371 1744 1407 a
1776 1355 1952 1410 tribus

381 1448 467 1502 bis
494 1449 644 1512 viris,
670 1464 830 1518 quam
858 1445 1120 1502 citissime
1142 1446 1327 1500 omnia
1347 1448 1678 1516 peragebant
1702 1462 1766 1502 ex
1793 1461 1954 1499 man-

382 1536 510 1589 dato
553 1537 749 1608 (lyciae.
809 1536 944 1590 Cum
998 1539 1183 1607 itaque
1234 1537 1463 1593 instaret
1506 1538 1624 1594 dies
1675 1540 1953 1594 memoriae

383 1643 559 1693 sacer,
591 1636 641 1681 et
678 1627 842 1698 Gycia
879 1627 997 1681 beta
1030 1627 1095 1681 ad
1126 1629 1272 1683 cives
1300 1628 1449 1682 urbis
1470 1628 1731 1694 mitteret,
1771 1631 1956 1684 borta-

383 1727 642 1786 returque
676 1725 730 1771 ut
753 1718 1065 1787 acciperent
1088 1717 1155 1771 ad
1189 1719 1410 1787 epulum
1433 1734 1554 1788 qua:
1583 1720 1944 1787 pertinerent,

2049 437 2213 508 ὅρκον
2263 455 2364 508 μου
2417 437 2598 491 δοῦναι
2647 437 2774 505 ὑμῖν
2819 434 2961 488 κατά
2989 436 3051 488 τὸ
3100 437 3222 500 ἔθος
3273 455 3374 507 μου
3423 441 3491 494 τὰ
3535 445 3638 513 τῆς

2051 530 2385 598 εὐφρασίαςο
2423 530 2602 584 πάντα
2630 529 2739 597 γὰρ
2771 527 3002 597 ἑτοίμως
3038 528 3146 599 ἔχω
3177 545 3190 560 ·
3249 531 3516 600 θελήσατε
3545 535 3638 590 οὖν

2053 621 2258 685 πάντες
2285 622 2658 693 προσδραμεῖν
2680 621 2962 692 χαίροντες
2992 623 3086 676 xui
3132 624 3367 696 ζητῆσαι
3414 629 3507 681 xui
3537 630 3633 684 λα-

2052 711 2167 765 ϐεῖν
2196 714 2376 768 πάντα
2413 711 2732 784 προθύμως,
2779 714 2916 784 πρὸς
2951 714 3010 767 τὸ
3042 716 3209 786 μήπω
3257 718 3450 789 νοῆσαι
3475 722 3636 775 αὑτὸν

2050 802 2132 855 ὅτι
2162 802 2408 872 ἔγνωμεν
2437 803 2494 856 τὸ
2529 806 2780 874 πρᾶγμα,
2805 805 2897 858 xui
2919 805 3074 873 ἄφνω
3100 807 3365 876 ἐμφύλιος
3399 811 3638 882 πόλεμος

2051 892 2309 964 γένηται·
2344 893 2608 965 θελήσατε
2647 890 2743 948 οῦν
2774 896 2870 948 xui
2917 896 3195 968 δημοσίαις
3236 899 3376 953 κατὰ
3415 901 3478 954 τὸ
3515 902 3636 966 ἐθος

2052 984 2461 1055 εὐφραίνεσθαι,
2503 986 2833 1058 συμμέτρως
2861 987 2939 1050 δὲ,
2990 989 3086 1042 καὶ
3137 992 3383 1060 χορεύειν
3425 994 3483 1045 ἐν
3516 997 3636 1058 ταῖς

2053 1078 2376 1135 πλατείαιςο
2437 1078 2764 1147 ἑτοιμάσατε
2804 1077 2861 1130 δὲ
2915 1077 3146 1141 ἕκαστος
3196 1079 3256 1131 ἐν
3303 1082 3415 1144 τοῖς
3460 1083 3636 1148 οἴκοις

2054 1171 2207 1240 ὑμῶν
2245 1171 2378 1238 ξύλα
2411 1186 2490 1233 τε,
2517 1170 2612 1222 xui.
2648 1167 2867 1238 φορτία,
2896 1169 2992 1222 xui
3031 1168 3193 1240 δᾷδας
3219 1172 3467 1238 στεγνάς,
3496 1175 3634 1246 πρὸς

2052 1259 2113 1312 τὸ
2148 1258 2573 1328 μισοποιούντων
2612 1259 2770 1329 ήμῶν
2795 1259 2895 1322 τὰς
2924 1259 3225 1330 εὑφρασίας
3251 1263 3346 1315 καὶ
3383 1265 3508 1326 τοὺς
3541 1285 3634 1336 χο-

2057 1351 2181 1422 ροὺς
2219 1349 2472 1414 δόξασθαι
2511 1350 2647 1422 πρὸς
2696 1350 3006 1404 ἀνάπαυσιν
3055 1351 3207 1420 ὑμῶν
3251 1353 3509 1407 ἀπιέναι·
3538 1358 3636 1410 xui.

2054 1440 2190 1510 ἐμοῦ
2220 1441 2284 1512 δὴ
2323 1443 2652 1514 ταχέστερον
2686 1444 3140 1515 μισοποιησάσης,
3171 1445 3283 1512 ,καὶ
3307 1447 3634 1518 κελευούσης

2055 1530 2456 1602 ἀσφαλισθῆναι
2491 1534 2617 1596 τοὺς
2654 1533 2940 1598 πυλεῶνάς
2988 1552 3116 1604 μου,
3151 1536 3308 1607 ὑμεῖς
3345 1539 3548 1603 εὐθέως
3577 1541 3636 1592 ἐν

2054 1621 2252 1693 ήσυχιᾳ
2306 1622 2474 1696 πολλῆ
2515 1626 2611 1678 σὺν
2639 1626 2795 1678 παισὶ
2845 1624 2939 1680 xui
2974 1627 3290 1692 παιδίσκαις
3322 1629 3434 1700 (8-1)
3479 1630 3636 1702 ὑμῶν

2057 1714 2282 1766 πανοικὶ
2319 1715 2750 1784 παρενεγκόντες
2799 1715 2867 1769 τὰ
2911 1715 3063 1781 ξύλα,
3123 1720 3219 1772 xui
3279 1721 3494 1792 φορτία,
3541 1722 3636 1774 καὶ

384 1809 624 1863 accurrit
669 1810 832 1863 etiam
875 1806 1105 1862 maritus
1150 1808 1295 1874 ejus,
1355 1819 1410 1860 et
1460 1809 1584 1876 plus
1635 1807 1744 1861 vini
1788 1809 1952 1862 solito

2056 1801 2217 1874 δᾷδας
2245 1805 2518 1875 παράθετε
2549 1805 2720 1859 ταῦτα
2751 1808 2807 1859 ἐν
2829 1811 2939 1868 τοῖς
2972 1809 3213 1862 πυλεῶσι
3245 1790 3360 1881 μου
3405 1811 3501 1865 καὶ
3532 1829 3636 1866 πα·

385 1903 501 1955 dari
529 1901 716 1970 jussit.
743 1901 904 1954 Cives
933 1908 1113 1953 autem
1150 1899 1382 1953 libenter
1412 1899 1595 1952 omnia
1628 1900 1958 1968 accipientes

383 1993 747 2060 epulabantur
803 1989 883 2043 uti
926 1988 1068 2058 jussi
1126 1995 1304 2053 erant,
1356 1995 1410 2044 et
1459 2003 1554 2058 per
1601 1997 1767 2043 totam
1814 1989 1956 2043 diem

385 2083 614 2138 choreas
667 2080 946 2150 agitabant
999 2095 1014 2132 :
1059 2079 1154 2134 sed
1199 2079 1486 2149 ingruente
1527 2094 1756 2149 vespera
1798 2078 1957 2149 quasi

385 2173 529 2239 epuli
560 2169 822 2240 longioris
848 2169 1059 2239 ρετιωεί
1089 2170 1309 2225 domum
1337 2186 1397 2225 se
1419 2185 1573 2226 suam
1598 2171 1837 2241 quieturi
1870 2185 1958 2226 re-

387 2269 674 2330 ceperunt.
732 2259 1108 2330 Epulabantur
1148 2268 1332 2316 autent
1377 2278 1473 2332 per
1509 2277 1703 2318 omnes
1753 2264 1956 2333 passim

388 2353 562 2420 mdes;
596 2351 764 2422 Gycia
798 2368 928 2407 vero
959 2353 1013 2406 in
1046 2354 1184 2418 suis,
1224 2354 1448 2423 largiter
1476 2365 1667 2424 potare
1692 2356 1951 2409 domesti-

387 2458 485 2500 cos
540 2459 672 2499 suos
725 2443 954 2514 jubens,
1009 2455 1069 2498 ut
1126 2446 1263 2500 ebrii
1313 2445 1439 2500 laeti
1487 2447 1651 2500 citius
1707 2447 1956 2501 cubitum

386 2535 752 2602 discederent,
772 2536 966 2606 puellis
1007 2543 1218 2589 tantum
1249 2536 1610 2590 cubiculariis
1638 2536 1953 2593 sobrietate

388 2626 591 2682 indicta
616 2643 632 2692 ;
665 2637 718 2682 et
742 2627 858 2697 ipsa
881 2642 1100 2696 quoque
1121 2640 1150 2678 a
1181 2627 1308 2678 vino
1336 2625 1664 2679 abstinebat.
1693 2626 1826 2680 Nam
1861 2643 1959 2696 po-

387 2720 510 2772 culo
543 2734 817 2788 purpureo
848 2719 1070 2772 inventa
1101 2717 1294 2786 puellae
1327 2717 1698 2781 cubicularim,
1721 2735 1845 2788 quae
1868 2735 1962 2774 ne-

2062 1895 2365 1962 ραπυλιοις,
2395 1897 2488 1948 xui
2520 1895 2703 1967 κύκλῳ
2739 1895 2839 1966 τῆς
2869 1897 3045 1960 οἰκίας
3075 1898 3276 1969 πάσης,
3317 1901 3636 1971 ἐπιχέαντες

2060 1988 2154 2040 xui.
2191 1987 2370 2042 ἔλαιον
2399 1990 2512 2052 τοῖς
2540 1988 2720 2056 ξύλοις
2759 1989 2895 2061 πρὸς
2924 1991 2983 2043 τὸ
3012 1991 3196 2062 τάχιον
3221 1992 3462 2062 ἁφθῆναι
3484 2009 3499 2022 ·
3543 2010 3638 2046 και

2060 2078 2220 2149 ήνεκα
2271 2079 2472 2144 ἐξέλθω
2514 2079 2646 2149 ἐγὼ,
2690 2082 2784 2135 καὶ
2826 2082 2964 2134 εἴπω
3011 2083 3162 2153 ὑμῖν,
3203 2083 3404 2147 εὐθέως
3445 2084 3635 2138 λάϐετε

2058 2169 2157 2238 τὴν
2220 2171 2438 2241 πυράν·
2488 2171 2584 2224 xui
2636 2172 2794 2242 ὑμεῖς
2839 2172 2896 2225 δὲ
2939 2173 2998 2225 ἐν
3032 2173 3216 2236 ὅπλοις
3260 2177 3636 2246 παρεστήκετε

2060 2257 2248 2330 κύκλῳ
2274 2261 2376 2329 τῆς
2403 2261 2597 2326 οἰκίας,
2633 2261 2721 2316 ῐνα
2747 2263 2880 2316 ὅπου
2918 2264 3068 2326 τινάς
3110 2264 3425 2337 θεωρήσητε
3457 2267 3632 2337 ἐκπη-

2058 2350 2263 2414 δῶντας
2305 2351 2368 2405 ἐκ
2405 2351 2501 2405 τοῦ
2539 2353 2689 2407 οἴκου
2719 2354 2806 2408 διὰ
2840 2355 3054 2426 θυρίδος
3082 2356 3305 2420 τούτους
3351 2359 3636 2426 κατασφά-

2065 2441 2194 2512 ζητε
2217 2457 2231 2471 ·
2268 2442 2593 2506 ἀπελθόντες
2620 2440 2714 2498 οὖν
2733 2445 2795 2498 τὸ
2837 2448 3134 2519 μυστήριον
3162 2449 3320 2502 τοῦτο
3344 2449 3635 2518 λαλήσατε,

2062 2534 2158 2586 xui
2187 2534 2512 2603 ἑτοιμάσατε
2551 2535 2728 2589 πάντα
2760 2535 2796 2589 ἃ
2838 2532 2991 2590 εἷπον
3030 2539 3178 2608 ὑμῖν.
3221 2540 3282 2592 Οἱ
3331 2539 3388 2591 δὲ
3421 2539 3639 2592 πολῖται
3717 2570 3725 2577 -

2061 2624 2232 2677 ταῦτα
2261 2627 2594 2689 ἀκούσαντες
2637 2628 2745 2682 ἀπὸ
2792 2628 2899 2681 τῶν
2930 2627 3100 2698 τριῶν
3134 2628 3343 2700 ἀνδρῶν
3381 2629 3640 2697 ἐποίησαν

2063 2716 2242 2769 πάντα
2288 2717 2346 2769 ἐν
2412 2716 2674 2788 συντομία
2717 2717 2859 2770 κατά
2900 2718 2992 2771 τὸν
3050 2717 3212 2786 λόγον
3264 2719 3361 2788 τῆς
3413 2718 3640 2785 Γυκίας.

2074 2794 2371 2875 Ἐνστάσης
2419 2807 2477 2860 δέ
2525 2807 2625 2875 τῆς
2685 2810 3030 2879 μνημοσύνου
3077 2810 3307 2881 ἡμέρας,
3361 2809 3436 2873 ὡς
3477 2810 3641 2879 δῆθεν

2063 2897 2363 2968 χαιρομένη
2396 2897 2429 2968 ή
2471 2897 2644 2951 Γυκία
2689 2899 3078 2970 μετεπέμψατο
3115 2900 3242 2964 τοὺς
3283 2900 3384 2970 τῆς
3435 2901 3640 2963 πόλεως

387 3005 585 3060 aquam
654 2989 804 3043 illam
885 2987 1072 3043 bibere
1111 3002 1218 3042 non
1256 2988 1684 3057 suspicabatur:
1724 2986 1824 3042 Ubi
1859 2990 1953 3042 au-

2062 2988 2261 3057 ἄνδρας
2310 2989 2732 3059 προτρεπομένη
2800 2991 2895 3045 τοῦ
2949 2991 3131 3044 λαϐεῖν
3183 2991 3378 3054 αὐτοὺς
3421 2988 3490 3044 τὰ
3543 2991 3641 3060 τῆς

388 3090 496 3136 tem
540 3082 654 3149 jam
699 3094 928 3149 vespera
992 3079 1256 3143 venisset,
1353 3080 1629 3150 civesque,
1718 3081 1794 3133 uti
1845 3081 1953 3150 jam

2064 3078 2402 3147 εύφρασίας’
2461 3080 2751 3152 συνέτρεχε
2799 3081 2857 3134 δέ
2910 3082 3003 3135 xui
3059 3084 3087 3134 ὁ
3135 3083 3274 3154 ἀνὴρ
3323 3083 3492 3152 αὐτῆς
3548 3083 3642 3135 ἐπὶ

385 3173 593 3226 dictum
632 3179 735 3238 est,
769 3172 1026 3242 epulandi
1080 3173 1308 3228 satietas
1362 3173 1620 3242 cepisset,
1674 3172 1842 3244 Gycia
1891 3173 1953 3227 ad

2063 3171 2244 3235 τοῦτο,
2295 3171 2390 3223 xui
2423 3170 2723 3242 παρεκάλει
2765 3171 2944 3226 πλεῖον
2984 3168 3126 3225 οἶνον
3173 3171 3392 3243 δοθῆναι
3440 3171 3639 3233 αὑτοὺς

386 3266 640 3319 maritum
665 3263 872 3334 inquit:
898 3264 1193 3334 Postquam
1216 3265 1415 3334 epulati
1447 3280 1657 3328 sumus,
1675 3279 1773 3336 age
1794 3264 1953 3318 etiam

2065 3263 2158 3315 ἐπὶ
2185 3264 2251 3332 τῇ
2281 3263 2574 3334 εὑφρασιᾳ.
2618 3264 2681 3317 Oi
2714 3263 2771 3316 δὲ
2811 3263 3023 3319 πολῖται
3063 3264 3314 3334 ἀσμένως
3347 3264 3526 3318 πάντα
3553 3263 3642 3314 δε-

386 3371 488 3409 nos
517 3355 762 3410 cubitqu
803 3356 1031 3420 eat'nus;
1078 3369 1241 3423 quem
1287 3354 1380 3408 ille
1425 3369 1735 3408 sermonem
1787 3352 1953 3406 libens

2069 3353 2290 3422 ξάμενοι
2341 3353 2703 3424 ηὑφραίνοντο
2755 3353 2938 3418 καθὼς
2992 3356 3498 3427 παρηγγέλθησαν,
3551 3353 3644 3406 καὶ

387 3445 620 3510 audivit,
659 3453 715 3499 et
757 3459 950 3500 soinno
986 3459 1045 3499 se
1082 3442 1271 3508 dedit;
1320 3457 1498 3513 neque
1542 3444 1687 3498 enim
1734 3443 1953 3512 injicere

2069 3445 2321 3515 ἐχόρευον
2349 3444 2448 3514 τὴν
2473 3447 2652 3498 πᾶσαν
2677 3445 2889 3517 ἡμέραν
2908 3463 2922 3476 ·
2952 3445 3235 3518 φθασάσης
3265 3447 3320 3500 δὲ
3343 3447 3443 3517 τῆς
3475 3446 3644 3499 ἐσπέ-

385 3535 502 3601 ipse
527 3535 628 3587 hoc
656 3542 888 3601 poterat,
920 3548 988 3586 ne
1021 3534 1174 3587 uxori
1203 3533 1270 3588 de
1304 3533 1434 3588 dolo
1469 3533 1785 3603 suspicaudi
1825 3549 1953 3588 cau-

2073 3553 2192 3606 ρας,
2226 3534 2458 3606 ἤρξαντο
2507 3541 2809 3607 μισοποιεῖν
2854 3539 2902 3590 οἱ
2949 3538 3159 3591 πολῖται
3194 3539 3288 3592 xui
3336 3539 3559 3591 ἀπιέναι
3587 3539 3643 3589 ἐν

386 3642 503 3680 sam
539 3626 826 3696 praeberet.

2067 3628 2181 3688 τοῖς
2205 3625 2373 3691 οἴκοις
2401 3627 2582 3680 αὑτῶν
2608 3629 2688 3691 εἰς
2732 3629 2793 3681 τὸ
2833 3629 3167 3700 ἀναπαῆναι,
3201 3629 3566 3702 ηὑφραίνοντο
3589 3629 3645 3681 δὲ

388 3716 629 3772 πανοικε.
663 3717 772 3768 Καὶ
818 3717 1062 3788 ήΓυκία
1113 3719 1171 3771 ἐν
1198 3717 1276 3786 τῷ
1309 3717 1446 3789 οῐκῳ
1493 3718 1685 3790 αὐτῆς,
1734 3717 2155 3790 προτρεπομένη
2206 3717 2417 3782 πάντας
2466 3719 2592 3782 τοὺς
2674 3720 2846 3790 αὑτῆς
2887 3721 3060 3784 ἀδεῶς
3127 3721 3326 3787 πίνειν,
3375 3720 3512 3790 πρὸς
3577 3724 3638 3775 τὸ

388 3805 757 3874 μεθυσθέντας
779 3807 976 3872 αὑτοὺς
1012 3807 1198 3879 τάχιον
1237 3809 1590 3879 κοιμηθῆναι,
1629 3809 1790 3879 μόνον
1835 3812 1954 3873 ταῖς
1992 3809 2472 3881 κουόικουλαρίαις
2515 3810 2685 3881 αὑτῆς
2730 3811 3067 3882 παρήγγειλε
3099 3810 3194 3864 τοῦ
3261 3813 3474 3882 νήφειν,
3546 3819 3642 3870 xui

382 3903 582 3976 ἑαυτὴν
610 3905 704 3959 τοῦ
728 3906 872 3959 οἴνου
907 3907 1224 3974 ἐφύλαττεν.
1266 3906 1516 3978 Εὑροῦσα
1549 3907 1658 3980 γὰρ
1695 3908 1955 3979 ποτήριον
1995 3906 2310 3979 πορφυροῦν
2361 3907 2559 3970 δέδωκε
2617 3909 2684 3977 τῇ
2757 3906 3182 3978 κουόικουλαρῐα
3223 3907 3394 3976 αὐτῆς
3434 3909 3499 3975 τῇ
3579 3905 3641 3957 τὸ

384 4007 617 4072 πρᾶγμα
666 4003 902 4075 εἰδούσῃ,
989 4005 1083 4057 xui
1117 4005 1512 4076 ζπαρήγγειλεν
1555 4006 1694 4075 αὐτῆ
1766 4007 1826 4059 ἐν
1881 4005 2033 4074 αὑτῷ
2073 4005 2245 4076 αὑτὴν
2273 4004 2464 4074 κιρνᾷν
2497 4004 2594 4056 σὺν
2645 4001 2830 4055 ὕδατι·
2874 4004 2903 4055 ὁ
2941 4003 2998 4055 δέ
3037 4004 3175 4073 ἀνὴρ
3209 4002 3376 4064 αὑτῆς
3421 4000 3640 4069 θεωρῶν

387 2809 524 2880 gotii
563 2808 790 2872 conscia
819 2816 959 2871 erat,
991 2807 1045 2860 id
1075 2807 1245 2873 dedit,
1278 2808 1555 2878 jussitque
1584 2809 1639 2863 in
1667 2824 1734 2864 eo
1761 2825 1958 2880 aquam

388 2898 496 2954 sibi
555 2897 788 2952 miscere
848 2914 861 2951 :
920 2896 1068 2964 quod
1111 2910 1236 2950 cum
1293 2897 1525 2951 maritus
1566 2896 1689 2966 ejus
1727 2897 1959 2962 videret,

381 4096 442 4148 τὸ
471 4095 781 4167 πορφυροῦν
817 4096 1075 4166 ποτήριον
1103 4097 1202 4166 οὑχ
1233 4096 1447 4150 ὑπενόει
1477 4097 1573 4149 σὺν
1597 4097 1750 4151 ὕδατι
1777 4097 1950 4166 αὐτὴν
1988 4097 2185 4152 πίνειν.
2216 4095 2326 4166 Τῆς
2358 4095 2414 4146 δὲ
2448 4094 2687 4164 ἑσπέρας
2710 4093 3016 4164 φθασάσης.
3063 4094 3158 4147 xui
3198 4093 3304 4146 τῶν
3369 4091 3623 4158 πολιτῶν,

378 4186 454 4250 ὡς
486 4186 586 4258 ήδη
634 4186 806 4253 εἶπον,
852 4189 1348 4257 μισοποιησάντων,
1384 4188 1532 4256 λέγει
1557 4188 1634 4249 τῷ
1678 4187 1832 4258 ἀνδρὶ
1856 4188 2029 4257 αὑτῆς
2053 4190 2086 4258 ή
2110 4187 2282 4239 Γυκία
2305 4201 2319 4216 ·
2354 4184 2782 4254 Εὑφρανθέντων
2809 4185 2964 4257 ήμῶν
3025 4185 3185 4255 δεῦρο
3253 4183 3436 4237 λοιπὸν
3495 4185 3629 4237 ἀνα-

378 4279 679 4347 παυθῶμεν
726 4277 822 4329 xui
849 4279 1039 4347 ἡμεῖς’
1074 4277 1103 4330 ὃ
1143 4278 1208 4348 δὴ
1251 4278 1280 4330 ὁ
1327 4277 1467 4348 ἀνὴρ
1514 4277 1686 4347 αὑτῆς
1738 4276 1976 4340 ἀκούσας
2051 4277 2252 4348 μᾶλλον
2308 4277 2477 4346 ἐχάρη
2501 4315 2518 4341 ,
2551 4278 2644 4330 xui
2677 4276 2838 4330 ἔπεσε
2890 4277 2985 4331 τοῦ
3041 4277 3369 4348 κοιμηθῆναι
3396 4290 3412 4306 ’
3439 4275 3502 4329 οὑ
3535 4278 3642 4348 γὰρ

379 4373 610 4444 ἠδύνατο
630 4375 720 4443 ἀφ’
747 4374 937 4426 ἐαυτοῦ
974 4375 1151 4427 εἰπεῖν
1182 4372 1360 4441 τοῦτο,
1395 4373 1592 4443 μήπως
1630 4373 1884 4426 ὑπόνοιαν
1909 4372 1986 4442 δῷ
2009 4375 2074 4445 τῇ
2096 4373 2315 4442 γυναικὶ
2335 4372 2463 4441 περὶ
2485 4367 2546 4426 οὗ
2569 4373 2883 4426 ἐϐουλεύετο
2905 4373 3078 4427 δόλου.

457 4471 678 4526 Mandat
718 4473 903 4541 itaque
937 4470 1104 4541 Gycia
1143 4468 1342 4538 januas
1381 4483 1573 4524 omnes
1632 4483 1697 4524 ac
1757 4470 1952 4525 ostiola

2127 4469 2352 4524 Κελεύει
2377 4465 2470 4524 οὖν
2499 4471 2532 4542 ἡ
2566 4470 2736 4522 Γυκία
2765 4468 3165 4537 ἀσφαλισθῆναι
3192 4466 3319 4529 τοὺς
3349 4463 3634 4527 πυλεῶνας

376 4565 652 4627 obserari,
679 4571 734 4618 et
786 4562 973 4616 afferri
1002 4562 1106 4616 sibi
1142 4575 1239 4630 pro
1266 4575 1416 4615 more
1443 4562 1660 4626 claves;
1687 4561 1834 4632 quod
1860 4562 1953 4618 ubi

2056 4562 2150 4616 xui
2189 4562 2368 4615 πάντα
2411 4562 2482 4614 τὰ
2507 4561 2843 4632 παραθύρια,
2897 4560 2993 4612 xui
3042 4558 3323 4628 ἐνεχθῆναι
3356 4557 3494 4626 αὐτῇ
3541 4555 3640 4618 τὰς

379 4656 586 4709 factum
613 4661 780 4717 esset,
809 4653 926 4708 ﬁdae
952 4653 1302 4708 cubicularize
1321 4653 1429 4707 doli
1462 4668 1645 4724 gnara:
1675 4654 1730 4708 in
1765 4668 1953 4709 aurem

381 4743 521 4797 dixit
549 4742 682 4797 :Abi
715 4757 839 4798 cum
873 4744 1096 4812 reliquis
1123 4742 1494 4808 cubiculariis,
1524 4751 1578 4798 et
1599 4744 1832 4798 solerter
1857 4757 1954 4797 au-

379 4837 464 4892 ter
515 4835 696 4890 omnia
752 4845 1074 4892 ornamenta
1119 4850 1262 4899 mea,
1310 4835 1466 4907 155
1517 4851 1847 4906 aurumque,
1899 4843 1954 4892 et

380 4925 650 4996 quidquid
698 4926 829 4980 utile
873 4925 929 4980 in
964 4927 1091 4981 sinu
1125 4935 1414 4995 asportare
1448 4922 1700 4995 potestis,
1741 4940 1806 4979 ae
1854 4939 1952 4980 vos

383 5024 621 5086 parate:
659 5025 739 5081 ut,
783 5031 908 5071 eum
952 5017 1197 5086 jussero,
1241 5031 1330 5071 me
1376 5015 1707 5087 sequamini.
1745 5016 1812 5070 At
1847 5017 1952 5071 illa:

330 5145 339 5153 .
383 5104 625 5170 quidem,
659 5105 931 5160 mandatis
952 5122 1154 5161 morem
1201 5115 1473 5176 gerentes,
1514 5114 1721 5176 parata:
1754 5117 1950 5173 erant;

388 5198 624 5254 maritus
651 5207 830 5255 autem
863 5199 983 5269 ejus
1008 5215 1133 5254 cum
1163 5201 1409 5256 cubitum
1445 5215 1505 5256 se
1526 5201 1788 5266 dedisset,
1819 5214 1956 5269 pau-

390 5286 558 5359 iisper
593 5291 954 5359 dormiturus,
990 5301 1050 5347 ut
1091 5293 1248 5348 ocius
1289 5309 1414 5348 mox
1460 5306 1683 5362 surgere
1734 5305 1951 5346 rursum

2057 4654 2205 4716 κλεῖς
2247 4653 2390 4707 κατά
2429 4652 2491 4705 τὸ
2520 4652 2640 4715 ἔθος
2665 4669 2680 4684 ο
2725 4652 2820 4705 xui
2852 4649 3042 4704 τούτου
3082 4649 3376 4718 γενομένου
3403 4649 3552 4715 λέγει
3579 4650 3639 4700 ἐν

2053 4745 2132 4815 τῷ
2178 4745 2425 4815 λεληθότι
2452 4747 2520 4817 τῇ
2557 4746 2722 4815 πιστῇ
2768 4744 2938 4816 αὑτῆς
2985 4742 3411 4812 κουϐικουλαρία
3441 4743 3507 4811 τῇ
3547 4740 3639 4792 τὸν

2054 4836 2203 4890 δόλον
2244 4837 2484 4909 εἰδούσῃ,
2520 4837 2606 4890 ὅτι
2635 4834 2873 4906 Θέλησον
2910 4837 3006 4889 σὺν
3034 4837 3153 4897 ταῖς
3202 4835 3420 4896 λοιπαῖς
3457 4832 3640 4886 κου6ι-

2055 4927 2372 4996 κουλαρίαις
2410 4927 2628 4997 εὐφυῶς
2663 4928 2867 4996 ἐπᾶραι
2919 4927 3096 4979 πάντα
3134 4925 3202 4978 τὰ
3249 4925 3453 4994 κόσμιὲ
3509 4940 3633 4994 μου,

2058 5019 2240 5093 καὶτὸ
2281 5019 2528 5090 χρυσίον,
2565 5019 2659 5071 xui
2687 5019 2741 5071 εἰ
2780 5035 2833 5072 τι
2882 5019 3153 5089 χρήσιμον
3187 5015 3418 5070 δύνασθε
3448 5015 3639 5082 ἐγκολ-

2057 5108 2315 5162 πίσασθαι
2347 5109 2480 5179 (85),
2528 5109 2622 5162 xui
2663 5110 2992 5178 ἑτοιμάσατε
3035 5107 3257 5173 ἐαυτάς,
3287 5107 3374 5159 ἵνα
3401 5107 3530 5158 ὃταν
3559 5104 3636 5155 εἴ·

2057 5217 2144 5252 πω
2182 5199 2332 5269 ὑμῖν,
2364 5199 2767 5269 ἀκολουθήσατέ
2803 5217 2928 5269 λμοι.
2964 5201 3028 5253 Αἱ
3059 5199 3116 5252 δὲ
3170 5198 3465 5267 ποιήσασαι
3497 5193 3637 5247 κατὰ

2056 5291 2155 5361 τὴν
2199 5291 2452 5345 ηκέλευσιν
2511 5291 2684 5361 αὐτῆς
2727 5287 2868 5363 ἦσαν
2915 5293 3152 5362 ἕτοιμαι.
3191 5290 3296 5345 Τοῦ
3346 5289 3401 5342 δὲ
3446 5285 3634 5355 ἀνδρὸς

1575 5449 1868 5506 ANSELMI
1899 5449 2223 5505 BANDURII
2255 5450 2488 5507 NOTA‘I.

465 5563 578 5636 (δι)
609 5565 699 5636 Sic
728 5567 1103 5622 emendamns.
1143 5567 1431 5636 Perperam
1482 5566 1678 5635 legitur
1741 5567 1793 5619 in
1861 5580 1959 5620 ms.

395 5643 452 5687 ct
477 5635 530 5688 in
563 5634 743 5699 editis,
770 5637 864 5690 σὺν
895 5637 1100 5698 παῖδες.
1129 5638 1219 5690 xui
1248 5634 1580 5697 παιδίσκαις.

2143 5565 2254 5634 (85)
2283 5565 2371 5618 Sic
2399 5580 2522 5618 cum
2545 5553 2782 5621 llleursio
2803 5566 3175 5623 emeudamus.
3204 5561 3641 5634 't’crperamleai-

2068 5645 2158 5689 tur
2183 5637 2233 5690 in
2268 5652 2368 5691 ms.
2402 5636 2900 5703 ἐγκαλωπὶσασθαι.
