2042 3104
173 156 224 188 417

705 153 754 182 DE
771 150 1085 183 ADMINISTRANDO
1107 151 1276 182 IMPERIO.

1747 153 1801 186 418

174 212 259 246 αὐτῆς
271 210 353 245 δῆθεν
369 209 562 240 ἁνακλιθέντος
582 208 629 235 τοῦ
652 209 685 235 ἐκ
708 209 841 243 συντόμου
867 217 966 243 κοιμη-

1025 212 1112 241 posset
1132 207 1164 233 ad
1186 207 1283 233 urbem
1298 213 1330 233 ex
1349 205 1458 233 insidiis
1477 205 1694 241 opprimendam,
1718 206 1801 243 Gycia

176 256 255 291 θῆναι
263 255 307 282 διὰ
330 255 431 291 τάχους
455 254 538 281 αὑτὸν
555 254 636 281 πάλιν
649 254 800 289 ἀναστῆναι
817 254 885 290 πρὸς
903 254 965 281 ἐπι-

176 302 275 336 ὃουλὴν
291 301 341 336 τῆς
353 301 458 332 πόλεως
470 308 477 315 ·
492 301 508 335 ἢ
524 300 553 327 δὲ
576 300 661 327 Γυκία
679 300 818 335 παρέσυρε
834 299 881 326 τοῦ
897 299 965 327 καθ-

177 348 287 382 ευδῆσαι
312 346 365 378 ἕως
382 346 415 373 ἂν
433 346 508 372 πᾶσα
534 346 550 380 ἠ
576 345 693 380 φαμιλία
706 345 796 372 αὐτῶν
813 345 964 380 ἐκοιμήθη·

179 394 191 419 ὁ
209 393 235 418 δέ
252 394 321 428 ἀνὴρ
344 393 429 427 αὐτῆς
454 393 486 418 ἐκ
505 391 551 418 τοῦ
567 392 665 418 πολλοῦ
683 393 764 418 πότου
790 392 964 425 ἀφύπνωσεν.

184 438 215 463 'll
233 437 259 462 δέ
272 437 357 463 Γυκῖα
382 437 475 462 ἰδοῦσα
488 436 582 462 τοῦτον
597 437 771 472 κοιμηθέντα,
788 438 895 470 εὐφυῶς
921 438 965 463 τδν

180 482 296 507 κοιτῶνα
326 481 365 516 τῷ
391 480 501 514 κλειδίῳ
528 481 697 515 ἠσφαλίσατο
713 482 898 508 ἁποκλείσασα
921 483 966 509 τὸν

181 527 274 561 ἄνδρα,
292 528 338 553 καὶ
355 527 525 554 κατελθοῦσα
541 528 573 554 ἐκ
596 528 641 553 τοῦ
659 529 734 554 οἴκου
752 529 799 554 σὺν
821 530 879 560 ταῖς
902 538 965 555 κου-

182 573 367 606 6ικουλαρίαις
398 573 493 607 αὐτῆς,
524 574 669 605 ἐξελθοῦσα
703 574 757 600 τῶν
787 575 966 609 παραπυλίων

183 618 300 652 ἡσύχως,
325 619 371 644 καὶ
401 619 542 648 κλείσασα.
564 620 664 651 εὐθέως
687 620 819 655 ἐπέτρεψε
839 622 891 652 τοῖς
918 622 965 655 τῆς

183 663 285 694 πόλεως
307 663 350 689 διὰ
366 664 466 698 τάχους
489 664 658 699 ἐμϐληθῆναι
684 665 713 690 τδ
737 666 792 700 πῦρ
809 665 898 700 κύκλῳ
921 666 966 691 τοῦ

182 708 266 734 οἴκου.
284 708 432 742 Βληθέντος
450 708 477 734 δὲ
502 709 548 734 τοῦ
575 709 670 744 πυρδς,
689 710 735 735 καὶ
756 709 802 736 τοῦ
826 711 899 736 οἴκου
920 711 967 736 ἀν·

183 753 323 786 αῳθέντος,
337 753 415 779 εἵπου
425 763 467 785 τις
476 755 528 780 τῶν
539 755 637 781 ἔσωθεν
646 756 729 781 ὄντων
741 756 892 791 ἐκπηδῆσαι
906 757 949 782 ἐδυ

183 798 263 832 νήθη,
281 799 296 833 ῆ
311 799 404 824 ἐαυτὸν
427 800 513 834 ῥίψαι,
534 801 584 826 ὑπὸ
601 801 653 826 τῶν
667 801 782 827 πολιτῶν
797 802 966 837 κατεσφάγη.

184 843 237 869 Τοῦ
259 844 286 870 δὲ
304 845 377 870 οἴκου
392 846 489 876 παντὸς
504 847 550 872 καὶ
566 847 620 872 τῶν
633 848 661 872 ὲν
682 847 756 882 αὐτῴ
776 848 827 879 ἕως
852 848 965 881 ἐδάφους

1019 251 1140 279 dormire
1150 251 1257 278 distulit
1271 251 1362 286 quoad
1375 250 1478 278 familia
1494 255 1550 278 tota
1566 258 1692 279 somnum
1714 253 1803 287 cepis-

1018 301 1079 330 set;
1105 303 1224 330 cumque
1250 297 1378 323 maritum
1398 298 1462 325 vino
1477 297 1604 325 obrutum
1620 298 1742 325 dormire
1761 298 1803 325 vi-

1019 343 1105 374 deret,
1118 342 1247 369 obserata
1258 342 1342 369 tacite
1357 343 1486 370 cubiculo
1500 351 1562 371 eum
1577 344 1699 377 inclusit,
1715 345 1804 383 disce-

1019 389 1142 423 densque
1153 396 1217 416 cum
1229 388 1372 417 cubilariis
1385 390 1444 417 suis
1455 391 1560 425 placide
1574 398 1683 426 egressa
1698 392 1804 420 [oribus

1019 441 1082 461 cum
1103 440 1150 461 eas
1174 433 1332 465 clausisset,
1351 434 1444 461 statim
1470 435 1544 462 cives
1569 443 1650 470 quam
1671 436 1804 464 citissime

1020 480 1141 514 undique
1167 480 1276 507 domum
1313 480 1459 507 incendere
1483 481 1577 515 jussit.
1594 480 1656 515 Igne
1678 489 1744 509 vero
1762 482 1805 509 in-

1018 525 1102 560 jecto,
1113 529 1141 552 et
1155 525 1236 552 domo
1251 525 1374 556 incensa,
1391 526 1480 552 sicubi
1496 526 1630 561 quispiam
1648 535 1741 554 eorum
1756 528 1803 563 qui

1021 571 1095 598 intus
1110 575 1188 598 erant
1205 571 1354 606 prosiliret.
1369 578 1383 597 a
1395 571 1500 598 eitibus
1517 572 1702 600 occidebatur.
1717 574 1804 608 Atque

1022 617 1058 643 ita
1078 617 1169 648 domo,
1195 624 1257 644 cum
1278 616 1407 644 omnibus
1427 617 1473 651 qui
1500 617 1526 644 in
1545 625 1575 645 ea
1596 618 1695 646 inclusi
1714 624 1803 650 erant.

1021 663 1081 690 solo
1098 668 1178 690 tenus
1198 667 1305 696 exusta,
1321 663 1546 697 Cllersnnitarum
1569 664 1664 692 urbem
1682 665 1716 692 ab
1738 666 1806 693 insi-

1020 709 1175 737 diatoribus
1187 709 1363 744 Bosporiauis
1378 709 1449 737 Deus
1461 711 1591 738 servavit.
1604 711 1686 746 Gycia
1702 716 1805 744 autem,

1021 763 1083 783 cum
1099 756 1222 787 domum,
1237 762 1298 789 quae
1315 755 1545 790 c0uﬂagraverat,
1563 761 1718 783 restaurare
1732 757 1806 785 cives

1021 801 1132 833 vellent,
1151 809 1204 828 non
1227 803 1373 836 permisit;
1389 802 1453 836 quin
1469 802 1559 837 potius
1575 802 1670 830 sordes
1685 811 1716 830 ac
1734 808 1806 830 stcrv

1024 854 1088 874 cora
1116 854 1212 874 omnes
1239 847 1302 874 illuc
1327 855 1493 882 congregare
1517 848 1611 882 jussit,
1641 853 1670 875 ut
1695 853 1750 875 tota
1772 848 1806 876 iis

185 889 438 924 καταφλεχθέντων,
452 891 582 918 διέσωσεν
598 892 612 917 ὁ
632 892 697 923 Θεὸς
721 894 770 928 τὴν
790 894 968 928 Χερδωνιτῶν

1025 893 1191 926 obrueretur,
1203 897 1300 928 utpote
1317 893 1343 920 in
1362 898 1415 928 qua
1433 894 1529 928 posita:
1544 894 1602 921 urbi
1619 895 1723 921 insidia:
1743 895 1807 923 fuis-

184 933 263 959 πόλιν
284 935 314 959 ἐκ
336 935 391 960 τῶν
407 935 556 962 ἐπιϐούλων
572 937 773 972 Βοσποριανῶν.
794 938 825 964 Ἢ
840 939 868 964 δὲ
884 939 970 964 Γυκία

183 978 355 1012 βουλομένων
370 980 423 1006 τῶν
440 982 557 1007 πολιτῶν
574 983 621 1017 τὴν
638 983 869 1018 καταφλεχθεῖσαν
886 985 970 1019 αὐτῆς

183 1024 270 1049 οὶκίαν
285 1024 391 1059 ὀρύξαι,
413 1028 460 1052 καὶ
486 1028 603 1063 καθᾶραι
620 1029 665 1054 τὸν
682 1029 763 1055 τόπον
787 1029 970 1064 ’πρὸς-οἰκοδο⁴

189 1069 251 1102 μὴν,
263 1069 310 1095 οὐκ
324 1071 416 1097 εἴασεν
427 1080 434 1086 ·
450 1072 518 1098 ἀλλά
534 1074 633 1107 μᾶλλον
649 1074 780 1109 ἐπέτρεψε
798 1075 872 1109 πάσῃ
893 1075 969 1101 πόλει

189 1113 280 1148 φέρειν
293 1116 409 1142 ἕκαστον
424 1118 513 1144 αὐτῶν
528 1122 574 1145 καὶ
588 1120 694 1154 ἐκχέειν
713 1120 806 1147 αὐτόθι
820 1121 868 1155 τὴν
880 1122 969 1147 πᾶσαν

185 1160 275 1186 αὐτῶν
304 1163 431 1197 κοπρίαν,
457 1165 524 1199 πρὸς
548 1165 578 1191 τὸ
602 1167 630 1192 ἐν
649 1167 739 1198 αὐτοῖς
762 1167 970 1201 καταχωσθῆναι

183 1204 233 1239 τὴν
253 1207 342 1233 πᾶσαν
362 1209 447 1243 αὐτῆς
467 1210 586 1245 οἴκησιν,
605 1211 642 1242 ὡς
668 1212 735 1247 πρὸς
761 1213 906 1247 ἐπιϐουλὴν
921 1214 971 1247 τῆς

1021 943 1097 971 seut;
1125 939 1195 965 unde
1212 943 1239 965 et
1257 939 1283 965 in
1305 939 1378 966 lumc
1401 947 1486 974 usque
1506 939 1576 966 diem
1597 939 1725 967 Lamaehi
1744 948 1807 976 spc-

1022 984 1094 1017 cula,
1113 984 1190 1011 locus
1206 984 1251 1011 ille
1267 985 1427 1019 appellatur.
1444 985 1494 1012 His
1513 985 1595 1019 igitur
1618 985 1747 1013 omnibus
1764 985 1805 1014 sic

1022 1030 1118 1066 gestis,
1137 1029 1260 1057 videntes
1282 1030 1452 1057 Cbersonita:
1469 1030 1604 1057 inﬁnitam
1629 1030 1720 1066 Gycia:
1745 1036 1807 1067 post

1024 1075 1108 1104 Deum
1124 1076 1151 1103 in
1173 1076 1249 1111 ipsos
1263 1075 1480 1109 beneﬁcentiam,
1498 1084 1558 1111 quae
1577 1077 1703 1104 omnibus
1724 1078 1807 1106 rebus

1024 1121 1082 1149 suis
1098 1120 1213 1148 salutem
1229 1120 1306 1147 urbis
1321 1120 1455 1155 potiorem
1478 1120 1619 1154 habuerat,
1638 1120 1707 1156 grati
1723 1122 1806 1148 animi

1024 1176 1089 1203 ergo
1100 1169 1168 1196 duas
1182 1175 1214 1195 ex
1230 1175 1284 1195 mre
1298 1172 1404 1195 statuas
1419 1167 1445 1194 in
1459 1167 1590 1195 honorem
1602 1167 1661 1202 ejus
1673 1167 1699 1194 in
1718 1167 1807 1202 platea

1024 1215 1102 1243 urbis
1120 1220 1281 1250 posuerunt,
1295 1214 1470 1249 juvenculam
1487 1219 1566 1242 attate
1580 1219 1808 1249 repraesentantes

185 1251 289 1283 πόλεως
305 1256 469 1289 γενομένην·
487 1256 526 1282 διὸ
540 1258 586 1284 καὶ
602 1258 704 1292 ἐκλήθη
720 1260 733 1284 ὁ
748 1258 830 1289 τύπος
842 1259 972 1293 Λαμάχου

1025 1267 1082 1288 cum
1096 1259 1153 1287 [uec
1164 1260 1329 1291 acciderent,
1346 1259 1577 1294 ostendentesque
1596 1259 1647 1286 bac
1662 1267 1691 1285 re
1707 1258 1808 1286 ineffa-

186 1296 279 1332 Σκοπὴ
294 1298 345 1330 ἕως
367 1300 416 1334 τῆς
435 1302 565 1337 σήμερον.
590 1303 698 1330 Τούτων
721 1304 766 1330 οὖν
789 1305 916 1331 ἁπάντων
930 1313 975 1338 γε-

185 1343 316 1376 νομένων,
341 1345 440 1377 ἰδόντες
452 1348 476 1373 οἱ
493 1349 662 1383 Χερσωνῖται
682 1350 730 1385 τὴν
744 1351 871 1385 τοιαύτην
893 1351 971 1377 ἀπει-

187 1396 234 1422 ρον
250 1388 300 1415 ὑπὸ
313 1391 361 1425 τῆς
376 1392 477 1424 Γυκίας
490 1395 529 1425 εἰς
545 1395 643 1426 αὐτοὺς
659 1396 728 1429 μετὰ
742 1396 807 1422 Θεὸν
823 1396 972 1431 γενομένην

1021 1306 1104 1333 bilem
1125 1305 1185 1341 ejus
1206 1304 1412 1332 beneﬁcentiam
1432 1312 1608 1340 amaremque
1629 1312 1694 1340 erga
1721 1305 1806 1338 cives,

1025 1359 1087 1387 quae
1105 1351 1131 1378 in
1142 1351 1257 1386 juvenili
1269 1354 1349 1378 a‘tate
1364 1350 1566 1389 constituta'ita
1577 1350 1698 1385 prudens
1714 1349 1807 1382 fuerit,

1026 1400 1056 1424 ut
1070 1396 1186 1431 patriam
1200 1403 1276 1423 suam
1293 1400 1354 1431 post
1370 1395 1453 1423 Deum
1468 1396 1681 1423 conservaverit.

185 1434 357 1470 εὐξργεσὶαν,
385 1439 432 1464 κα).
455 1440 495 1465 ὅτι
516 1440 621 1472 οὐδενὸς
637 1442 690 1468 τῶν
705 1442 789 1476 αὐτῆς
812 1443 841 1468 τὸ
866 1442 974 1468 σύνολον
993 1442 1128 1477 ἐφείσατο,
1146 1442 1212 1469 ἀλλὰ
1224 1441 1273 1477 τὴν
1291 1441 1429 1477 σωτηρίαν
1444 1441 1495 1477 τῆς
1525 1442 1628 1474 πόλεως
1659 1441 1809 1477 προετιμή-

189 1489 263 1511 σατο,
283 1482 353 1518 ὑπὲρ
369 1485 417 1519 τῆς
433 1486 559 1521 τοιαύτης
574 1487 784 1521 μισθαποδοσίας
798 1489 843 1515 δύο
858 1489 973 1524 χαλκοῦς
992 1489 1153 1523 ἀνδριάντας
1194 1488 1262 1523 πρὸς
1290 1488 1373 1523 τιμὴν
1396 1488 1481 1523 αὐτῆς
1504 1488 1533 1515 ἐν
1564 1489 1597 1523 τῇ
1623 1488 1737 1524 πλατείᾳ
1759 1488 1809 1523 τῆς

188 1527 293 1559 πέλεως
306 1529 464 1566 ἀνήγειραν,
484 1533 632 1565 νεάζουσαν
647 1535 731 1570 αὐτὴν
756 1538 788 1570 τῇ
805 1536 897 1571 ἡλικίᾳ
920 1535 1100 1567 δεικνύοντες,
1131 1535 1192 1563 καθ’
1229 1535 1258 1562 δν
1281 1534 1377 1570 καιρὸν
1390 1532 1423 1570 ἦν
1443 1534 1504 1561 τότε
1546 1535 1742 1570 συμὸαίνουσα,
1778 1537 1806 1563 ἐν

189 1572 236 1597 τοῦ
244 1582 295 1604 τηις
318 1574 486 1608 δεικνύοντες
503 1579 549 1604 καὶ
565 1578 614 1614 τὴν
628 1580 713 1615 αὐτῆς
736 1580 839 1615 ἄφατον
866 1581 1027 1616 εὐεργεσίαν
1042 1581 1089 1608 καὶ
1105 1582 1221 1616 στοργὴν
1237 1582 1301 1617 περὶ
1317 1581 1380 1612 τοὺς
1399 1581 1520 1613 πολίτας,
1535 1581 1576 1608 ὃτι
1604 1582 1652 1608 καὶ
1685 1583 1713 1609 ἐν
1748 1583 1810 1618 ἡλι-

190 1619 238 1653 κὶᾳ
252 1619 299 1655 νέᾳ.
311 1618 377 1647 οὖσα
389 1622 474 1654 οὕτως
490 1623 622 1659 ἐφρόνησε
633 1625 681 1660 τὴν
698 1626 765 1652 ἰδίαν
777 1627 893 1661 πατρίδα
909 1627 979 1661 μετὰ
998 1626 1065 1653 Θεὸν
1080 1627 1244 1661 περισῶσαι.

233 1667 277 1694 Ἐν
293 1669 342 1703 μὲν
358 1670 413 1704 γὰρ
428 1671 461 1705 τῇ
488 1672 537 1706 μιᾷ
558 1673 642 1708 στήλῃ
668 1673 815 1708 σωφρόνως
836 1674 918 1709 αὐτὴν
930 1683 972 1700 κε-

1062 1674 1100 1701 Ac
1115 1674 1141 1700 in
1158 1681 1211 1701 una
1225 1673 1333 1709 quidem
1350 1673 1529 1708 compositam
1550 1680 1609 1700 eam
1629 1677 1810 1709 ornatamque

190 1714 418 1750 καλλωπισμένην
441 1717 599 1751 στήσαντες,
630 1718 678 1744 καὶ
695 1719 729 1745 τὰ
752 1719 800 1754 τῆς
828 1719 974 1754 ἐπιϐουλῆς

191 1760 240 1787 τοῦ
263 1760 363 1787 οἰκείου
378 1761 473 1797 ἀνδρὸς
496 1763 550 1794 τοῖς
573 1763 695 1795 πολίταις
718 1764 901 1799 ἐμφαίνουσαν
916 1773 922 1780 ·
947 1765 974 1790 ἐν

187 1807 219 1833 δὲ
239 1808 271 1842 τῇ
303 1807 386 1843 ἑτέρα
412 1809 556 1842 ἐναγώνιον
579 1810 663 1845 αὐτὴν
689 1811 734 1836 καὶ
765 1811 975 1846 ἐπαμυνομένην

162 1876 165 1879 ,
191 1852 262 1878 κατὰ
286 1853 341 1879 τῶν
362 1853 412 1888 τῆς
435 1847 538 1887 πόλεως
560 1856 710 1883 ἐπιϐούλων
732 1857 973 1888 ἀποδεικνύοντες·

190 1900 222 1925 ἐν
242 1898 283 1931 οἷς
303 1901 351 1926 καὶ
369 1901 527 1936 ἐπέγραψαν
546 1903 575 1929 ἐν
591 1905 623 1939 τῇ
650 1903 697 1930 τοῦ
719 1904 875 1938 ἀνδριάντος
891 1904 975 1938 αὐτῆς

191 1945 280 1980 βάσει,
301 1946 408 1972 ἃπασαν
419 1947 468 1982 τὴν
481 1947 526 1973 ὑπ’
542 1948 627 1983 αὐτῆς
645 1949 714 1983 μετὰ
734 1949 800 1974 Θεὸν
825 1948 975 1982 γενομένην

189 1992 248 2022 τοῖς
275 1992 398 2024 πολίταις
422 1994 588 2028 εὐεργεσίαν.
614 1995 699 2030 Εἴπερ
727 1994 819 2029 μέλλει
845 2002 887 2025 τις
907 1991 976 2019 εἶναι

190 2037 346 2070 ςιλόκαλος,
369 2039 419 2074 τῆς
434 2039 517 2074 αὐτῆς
535 2041 653 2075 συνεχῶς
669 2041 739 2067 κατὰ
758 2041 853 2075 καιρὸν
864 2040 914 2075 τὴν
928 2040 977 2075 βάο

191 2091 236 2108 σιν
261 2083 428 2119 ἀποσμήχει,
453 2085 521 2120 πρὸς
535 2085 583 2120 τὴν
607 2086 661 2112 τῶν
682 2087 711 2112 ἐν
731 2086 800 2120 αύτῇ
824 2085 977 2119 γενομένων

189 2129 345 2163 ἀνάγνωσιν
358 2139 386 2156 τε
406 2131 453 2156 καὶ
466 2131 620 2166 ὑπόμνησιν
635 2132 689 2159 τῶν
704 2133 750 2158 ὑπ’
764 2131 850 2166 αὐτῆς
865 2132 978 2166 γενομέ-

190 2185 256 2209 νων,
275 2176 385 2212 ἔλεγχον
400 2177 427 2204 δέ
444 2179 499 2204 τῶν
514 2178 663 2205 ἐπιδούλων
680 2179 880 2214 Βοσποριανῶν.
901 2179 978 2205 Μετὰ

188 2221 220 2248 δὲ
232 2222 345 2256 χρόνους
361 2222 436 2255 τινὰς
451 2223 716 2257 στεφαηφοροῦντος
733 2224 779 2250 καὶ
792 2223 978 2258 πρωτεύοντος

189 2267 247 2293 τῶν
259 2268 438 2303 Χερσωνιτιῖιν
454 2269 636 2304 Στρατοφίλου
654 2270 701 2295 τοῦ
718 2269 895 2304 Φιλομούσου,
908 2270 977 2295 πάνυ

191 2313 338 2348 σοφωτάτη
350 2312 417 2340 οὖσα
429 2315 445 2348 ἠ
459 2315 555 2347 Γυκία,
567 2316 613 2342 καὶ
630 2315 744 2341 θέλουσα
757 2315 903 2349 δοκιμάσαι
916 2315 978 2345 τοὺς

190 2358 379 2393 Χερσωνίτας,
406 2360 454 2387 καὶ
478 2360 590 2394 γνῶναι,
609 2361 633 2386 εἰ
659 2361 712 2395 ἄρα
730 2360 839 2395 ἀληθῶς
861 2359 977 2395 μέλλωσι

190 2402 242 2437 τὴν
264 2403 311 2430 τοῦ
335 2404 416 2440 ὅρκου
443 2406 588 2441 ὑπόσχεσιν
615 2405 779 2441 ἐκπληροῦν,
805 2406 851 2432 καὶ
866 2405 977 2431 θάπτειν

191 2447 280 2484 αὑτὴν
293 2449 321 2475 ἐν
338 2449 412 2484 μέσῳ
425 2450 473 2485 τῆς
486 2451 598 2483 πόλεως,
612 2450 826 2485 συλλογισαμένη
842 2450 911 2484 μετὰ
923 2449 978 2476 τῶν

192 2494 347 2522 παιδισκῶν
356 2495 453 2529 αὐτῆς,
470 2495 597 2530 ἐποίησεν
613 2496 712 2530 ἑαυτὴν
727 2495 787 2522 τινὰ
800 2494 980 2529 ἀηδιζομένην

191 2539 241 2566 καὶ
259 2540 464 2567 ἀποθανοῦσαν·
490 2542 538 2568 καὶ
562 2541 727 2576 κηδεύσασαι
752 2540 835 2575 αὐτὴν
847 2541 875 2566 αί
893 2540 981 2566 παιδί-

193 2594 270 2617 σκαι,
298 2587 436 2620 ἐμήνυσαν
452 2588 507 2618 τοῖς
521 2587 642 2618 πολίταις
657 2587 795 2621 λέγουσαι,
814 2586 856 2612 ὅτι
882 2586 912 2613 ΊΙ
932 2595 981 2612 κυ-

194 2633 242 2668 ρία
262 2632 340 2667 ἡμῶν
369 2633 540 2668 ἐτελεύτησε.
570 2633 617 2660 καὶ
642 2634 671 2660 ἐν
698 2635 766 2668 τωίῳ
787 2632 863 2666 τόπῳ
889 2631 980 2667 μέλλει

191 2679 357 2711 θάπτεσθαι,
370 2678 528 2711 ὑποδείξατε
538 2680 613 2714 ἡμῖν,
628 2680 658 2706 Οἱ
672 2679 699 2705 δὲ
715 2680 883 2714 Χερσωνῖται
899 2677 981 2704 ἁκού-

193 2733 293 2756 σαντες
306 2725 346 2751 ὃτι
364 2725 495 2759 τέθνηκεν
515 2726 531 2760 ὴ
552 2725 644 2757 Γυκία,
663 2725 826 2759 σκεψάμενοι
842 2723 902 2750 καθ’
918 2723 981 2750 ἐαυ-

190 2770 268 2802 τοὺς,
284 2770 335 2797 οὐκ
357 2770 397 2796 ἔτι
415 2771 445 2796 τὸ
467 2771 558 2797 ἱκανὸν
577 2770 624 2797 τοῦ
648 2771 728 2805 ὅρκου
750 2770 886 2796 ἔσπευσαν
902 2770 981 2802 ποιῆ-

192 2824 252 2847 σαι.
266 2815 337 2842 ὥστε
352 2817 382 2842 ἐν
398 2817 473 2851 μέσῳ
486 2817 534 2851 τῆς
548 2817 651 2848 πόλεως
668 2816 753 2851 αὐτὴν
769 2816 897 2850 ταφῆναι,
915 2814 981 2841 ἀλλὰ

192 2862 311 2897 ἄραντες
338 2862 422 2897 αὐτὴν
446 2862 595 2898 ἐξήνεγκαν
619 2863 671 2895 ἔξω
694 2862 742 2897 τῆς
769 2862 871 2892 πόλεως
899 2860 982 2894 αὐτὴν

1026 1717 1200 1750 eiliuxerunl,
1219 1723 1245 1744 et
1264 1718 1355 1745 mariti
1379 1718 1494 1745 insidias
1519 1717 1626 1745 civibus
1645 1720 1811 1753 patefacien-

1027 1768 1098 1796 tem;
1116 1764 1142 1791 in
1159 1763 1243 1791 altera
1263 1771 1338 1795 vero,
1355 1763 1488 1791 certantis
1508 1759 1613 1794 habitu,
1635 1764 1805 1799 insidiasque

1026 1809 1159 1837 adversus
1169 1809 1243 1836 cives
1254 1808 1420 1836 vindieautis
1435 1816 1493 1836 eam
1510 1814 1740 1844 repra-senlarunt
1755 1819 1763 1837 :
1781 1811 1808 1838 in

1026 1856 1085 1883 basi
1115 1861 1204 1882 utcm
1239 1859 1325 1882 totum
1363 1855 1486 1883 beneficii
1510 1855 1544 1883 ab
1566 1863 1597 1883 ea
1618 1856 1723 1884 civibus
1750 1863 1811 1891 post

1028 1900 1112 1928 Deum
1127 1900 1241 1935 praestiti
1259 1900 1400 1927 historiam
1420 1901 1630 1935 inscripserunt.
1651 1901 1682 1928 Et
1701 1902 1724 1929 si
1749 1903 1811 1937 quis

1027 1946 1135 1973 honesti
1155 1945 1292 1972 amantior
1314 1945 1407 1973 haberi
1426 1946 1513 1980 cupit,
1537 1946 1613 1973 basin
1632 1947 1704 1973 illam
1722 1955 1811 1982 quan-

1027 1991 1117 2026 doque
1131 1995 1239 2026 purgat,
1263 1995 1292 2017 ut
1315 1991 1367 2026 legi
1386 1991 1483 2026 possit,
1504 1992 1537 2018 ad
1562 1992 1746 2019 renovandam
1770 1994 1810 2021 rei

1027 2043 1110 2074 gestte
1142 2036 1313 2071 memoriam,
1331 2041 1358 2065 et
1377 2037 1561 2065 ostendendas
1581 2037 1810 2073 Bosporianorum

1027 2083 1154 2112 insidias.
1184 2083 1295 2118 Aliquot
1325 2091 1389 2111 vero
1420 2084 1499 2112 annis
1533 2089 1604 2120 post,
1626 2086 1810 2120 principatum

1027 2129 1253 2157 Cllersonitarum
1276 2133 1384 2157 tenente.
1405 2137 1436 2156 ac
1458 2134 1621 2164 proteuonte
1644 2130 1811 2164 Stratopbilo

1029 2175 1180 2203 Philomusi
1200 2175 1266 2209 (illo,
1287 2183 1349 2203 cum
1373 2176 1584 2210 prudentissima
1602 2177 1716 2204 omnino
1729 2177 1811 2212 Gycia

1028 2227 1112 2254 esset,
1131 2226 1157 2249 et
1170 2221 1288 2256 experiri
1308 2221 1488 2249 Cbersonitas
1508 2222 1598 2255 vellet,
1618 2230 1649 2249 ac
1668 2222 1738 2250 seire
1767 2231 1811 2255 an,

1031 2266 1111 2302 156
1135 2266 1207 2301 quod
1234 2274 1296 2293 cum
1317 2266 1474 2300 juramenlo
1490 2267 1681 2302 promiserant,
1705 2266 1812 2300 facturi,

1029 2313 1172 2347 ipsamque
1188 2312 1215 2339 in
1232 2312 1321 2339 medio
1332 2312 1408 2339 urbis
1419 2312 1553 2347 sepulturi
1572 2316 1676 2345 essent,
1693 2320 1815 2340 commu-

1032 2359 1124 2386 nicato
1138 2365 1200 2385 cum
1222 2358 1319 2392 puellis
1333 2358 1392 2386 suis
1411 2358 1539 2391 consilio,
1556 2359 1640 2386 veluti
1657 2359 1768 2387 tristitia
1781 2367 1814 2386 ex

1031 2404 1114 2432 rebus
1129 2403 1292 2438 quibusdam
1313 2408 1444 2439 concepta
1462 2409 1596 2431 mortuam
1620 2412 1649 2432 se
1665 2405 1813 2437 simulavit,

1032 2455 1060 2478 et
1084 2454 1181 2478 curato
1208 2450 1268 2484 ejus
1300 2449 1397 2477 funere
1425 2450 1522 2485 puellae
1551 2451 1657 2477 civibus
1691 2451 1814 2479 iudicant

1031 2496 1132 2524 abiisse
1151 2496 1290 2523 dominam
1317 2504 1413 2528 suam,
1429 2496 1522 2531 itaque
1548 2496 1639 2523 locum
1669 2497 1816 2532 sepultura:

1031 2541 1214 2577 assignarent.
1254 2541 1424 2569 Cbersonitze
1457 2549 1523 2569 vero
1556 2542 1694 2569 intellecta
1724 2542 1815 2578 Gycia:

1030 2591 1129 2619 morte,
1151 2594 1213 2614 cum
1234 2586 1306 2613 inter
1323 2593 1353 2613 se
1368 2586 1577 2620 deliberassent,
1599 2587 1722 2622 neglecto
1739 2589 1816 2622 jura-

1029 2636 1132 2665 mento;
1150 2639 1206 2667 quo
1225 2632 1251 2659 in
1270 2631 1358 2659 media
1377 2632 1445 2660 urbe
1467 2632 1654 2667 sepeliendam
1680 2633 1816 2667 promise-

1031 2682 1103 2711 rant,
1119 2682 1196 2705 extra
1214 2678 1309 2705 urbem
1324 2685 1383 2705 eam
1405 2678 1574 2710 extulerunt,
1598 2681 1628 2705 ut
1646 2677 1701 2704 illic
1718 2678 1817 2712 sepeli-

1031 2728 1100 2751 rent.
1116 2724 1239 2759 Cumque
1250 2724 1306 2759 jatn
1318 2724 1459 2759 depositus
1474 2728 1547 2751 esset
1563 2723 1596 2751 ad
1611 2726 1816 2749 monumentum

1032 2769 1158 2800 lectulus.
1184 2770 1293 2804 erigens
1316 2777 1357 2800 se.
1384 2770 1513 2804 civesque
1535 2775 1631 2795 omnes
1651 2768 1817 2802 circumspi-

1032 2816 1120 2847 ciens,
1137 2815 1272 2847 llzrccine,
1289 2815 1388 2850 inquit,
1405 2820 1495 2842 vestra
1508 2822 1569 2840 cum
1582 2814 1737 2848 iuramento
1754 2814 1818 2841 data

1034 2859 1120 2887 lides?
1135 2859 1171 2886 ita
1187 2859 1215 2885 in
1229 2859 1358 2885 omnibus
1375 2866 1485 2886 veraces
1503 2858 1591 2885 estis?
1607 2857 1663 2886 lleu
1682 2858 1709 2885 in
1726 2862 1818 2892 poste-
