4084 6208
477 287 584 354 ιω

1497 271 2003 338 CONSTANTINl
2024 267 2584 330 PORPHYROGEN
2594 267 2699 326 ITI

3608 269 3717 337 420

477 415 598 456 rum
624 398 672 452 ei
714 395 807 468 qui
838 395 943 449 civi
981 385 1320 446 Chersonitte
1361 381 1677 440 crediderit.
1712 383 1778 436 At
1808 381 2047 437 Cherso-

2163 377 2409 447 ταφῆναι.
2455 373 2838 438 Ἀποτεθέντος
2881 375 2937 428 δὲ
2967 375 3084 452 ,τοῦ
3135 375 3414 447 κραϐἀτου
3467 377 3603 446 πρὸς
3658 374 3720 430 τὸ

477 496 607 548 nitu:
653 492 906 558 deceptos
955 501 1014 539 se
1055 483 1126 537 ab
1173 481 1265 559 illa
1317 478 1586 542 videntes,
1649 477 2039 531 erubescentes

479 597 644 653 supra
698 579 940 641 modum,
981 573 1127 644 quod
1176 572 1336 630 ﬁdem
1384 570 1565 625 datam
1609 583 1720 624 non
1749 568 2042 623 observas-

479 681 616 736 sent,
645 675 908 738 rogarunt
936 666 1014 719 uti
1041 672 1269 727 taceret,
1310 669 1364 716 et
1402 660 1586 715 delicti
1628 659 1795 728 hujus
1826 658 2039 713 veniam

480 763 654 823 daret,
697 773 871 828 neque
913 757 1144 811 ulterius
1189 755 1578 824 exprobraret;
1639 759 1802 820 atque
1846 749 2045 804 iterato

479 858 821 907 sacramento
853 865 913 904 se
961 847 1400 909 obstrinxerunt,
1442 845 1500 898 in
1539 841 1715 897 media
1748 841 1905 905 urbe,
1934 855 2044 894 non

481 949 632 996 extra
669 955 812 1004 eam,
866 939 1178 1006 sepulcrum
1207 937 1455 997 daturos,
1498 930 1642 1002 quod
1681 938 1736 985 et
1777 933 2044 984 fecerunt.

480 1029 614 1083 Nam
644 1029 821 1081 adhuc
850 1027 1070 1090 viventi,
1091 1041 1251 1095 quem
1280 1025 1396 1094 ipsa
1418 1023 1598 1078 locum
1623 1019 1831 1074 tumulo
1853 1019 2048 1088 elegis-

483 1130 584 1185 set,
614 1135 736 1174 eum
768 1119 1054 1180 dederunt,
1088 1127 1432 1184 statuamque
1458 1129 1519 1169 ex
1545 1128 1651 1166 :rre
1681 1112 1905 1165 alteram
1929 1125 2048 1163 ere-

483 1221 700 1274 xerunt,
728 1224 890 1278 quam
941 1210 1246 1262 inauratam
1273 1207 1428 1274 juxta
1467 1205 1781 1274 sepulcrum
1811 1202 2049 1256 colloca-

483 1307 702 1363 verunt,
752 1307 810 1350 ut
866 1297 1164 1366 pleniorem
1218 1297 1374 1349 Iidem
1434 1295 1696 1348 facerent.
1753 1289 2046 1344 Sciendum

481 1404 612 1444 vero
663 1395 745 1442 est
799 1398 954 1441 extra
1011 1388 1200 1441 urbem
1256 1385 1619 1438 Tamatarcba
1672 1383 1872 1436 multos
1927 1395 2050 1434 esse

485 1480 684 1545 fontes,
730 1479 821 1548 qui
864 1478 1178 1534 bibentibus
1209 1477 1390 1530 ulcera
1427 1476 1482 1528 in
1515 1488 1732 1528 summo
1767 1487 1862 1526 ore
1897 1471 2050 1524 exci-

487 1577 602 1623 tent
637 1588 649 1622 :
685 1569 764 1623 sic
801 1582 1018 1637 quoque
1052 1567 1105 1619 in
1134 1566 1320 1619 Zicbia
1353 1565 1419 1618 ad
1450 1565 1631 1617 locum
1667 1562 1758 1630 qui
1792 1561 1934 1631 Page
1964 1559 2049 1614 di-

2149 469 2338 539 μνῆμα
2388 467 2768 521 ἁνακαθίσασα
2809 469 2842 537 ἡ
2886 466 3076 531 Ιύκία,
3126 469 3220 520 καὶ
3272 467 3720 538 περιϐλεψαμένη

2143 558 2354 620 πάντας
2406 558 2532 619 τοὺς
2576 557 2822 620 πολίτας,
2879 557 3061 623 λέγει’
3124 557 3273 628 Αὕτη
3325 559 3479 628 ὑμῶν
3511 560 3720 629 ἐστινὴ

2149 647 2288 719 μετὰ
2315 649 2479 718 ὅρκου
2509 647 2834 717 ὑπόσχεσις;
2880 647 3054 709 οὕτως
3098 647 3391 718 ἀληθεύετε
3437 651 3567 720 περὶ
3595 650 3725 703 πάν-

2143 756 2289 805 των;
2323 739 2498 792 ἀϐἀλα
2549 740 2660 810 (86)
2697 740 2882 794 λοιπὸν
2919 741 2995 811 τῷ
3034 743 3343 796 πιστεύοντι
3399 745 3719 815 Χερσωνίτῃ

2148 829 2362 900 πολίτῃ.
2413 832 2476 884 Οἱ
2527 830 2585 883 δὲ
2623 832 2963 901 Χερσωνῖται
3019 832 3216 896 ἰδόντες
3266 834 3364 902 τὴν
3414 835 3504 886 ὑπ’
3552 835 3719 902 αὐτῆς

2151 922 2448 992 γενομένην
2474 922 2654 976 αὐτῶν
2692 922 2911 992 χλεύην,
2936 923 3312 992 αἰσχυνθέντες
3340 925 3592 995 μεγάλως
3632 927 3722 978 ἐπὶ

2145 1012 2225 1081 τῷ
2251 1013 2494 1080 γεγονότι
2520 1012 2618 1082 τῆς
2651 1012 3011 1082 παραὸάσεως
3035 1015 3341 1084 πράγματι,
3381 1015 3721 1085 παρεκάλουν

2147 1105 2317 1174 αὐτὴν
2371 1104 2540 1156 πολλὰ
2577 1103 2672 1156 τοῦ
2727 1105 3020 1174 ἡσυχάσαι,
3057 1107 3151 1158 καὶ
3193 1106 3588 1176 παραχωρῆσαι
3625 1107 3720 1158 αὐ-

2147 1198 2259 1258 τοῖς
2306 1195 2368 1247 τὸ
2399 1197 2660 1264 πταῖσμα,
2700 1195 2793 1247 καὶ
2840 1195 2915 1265 μὴ
2963 1197 3055 1248 ἐπὶ
3090 1197 3271 1250 πλεῖον
3318 1197 3594 1260 ὀνειδίζειν
3622 1199 3724 1249 αὐ-

2148 1290 2282 1349 τοῖς.
2317 1287 2516 1340 Λοιπὸν
2561 1285 2834 1355 δευτέροις
2884 1288 3068 1355 ὅρκοις
3109 1287 3276 1357 αὐτὴν
3323 1287 3714 1349 ἐπιστώσαντο.

2150 1380 2290 1433 ὥστε
2330 1379 2526 1449 μηκέτι
2559 1379 2662 1442 ἐξω
2691 1378 2792 1448 τῆς
2821 1377 3028 1436 πόλεως
3077 1377 3245 1446 θάψαι
3283 1378 3472 1448 αὐτὴν,
3519 1378 3633 1430 ἀλλ’
3662 1379 3721 1430 ἐν

2155 1471 2302 1540 μέσῳ
2330 1472 2430 1539 τῆς
2461 1470 2687 1532 πόλεως,
2720 1467 2748 1520 ὃ
2790 1467 2854 1538 δὴ
2893 1468 2986 1521 καὶ
3017 1469 3298 1536 ἐποίησαν.
3346 1469 3456 1521 Καὶ
3495 1467 3601 1537 γὰρ
3628 1469 3723 1520 αὑ-

2151 1563 2247 1629 τῆς
2277 1560 2452 1630 ζώσης
2482 1559 2560 1612 ἐτι
2600 1561 2656 1612 ἐν
2680 1554 2723 1627 ᾧ
2748 1561 2898 1629 τόπῳ
2928 1560 3216 1628 ᾐρετίσατο
3244 1558 3343 1628 τὴν
3373 1557 3529 1628 σορὸν
3553 1558 3722 1627 αὐτῆς

483 1661 652 1723 citur,
685 1675 877 1713 versus
912 1658 1226 1726 Papagiam,
1264 1657 1352 1709 ubi
1379 1655 1527 1708 Zichi
1558 1655 1823 1716 habitant,
1857 1668 2048 1707 novem

2163 1654 2471 1722 ἐστήσαντο,
2499 1653 2592 1704 καὶ
2635 1652 2924 1722 ἀνδριάντα
2963 1650 3161 1719 χαλκὸν
3211 1651 3301 1702 καὶ
3345 1651 3531 1718 ἕτερον
3579 1649 3727 1719 ἡγεί-

486 1749 666 1804 fontes
689 1758 837 1814 sunt,
866 1749 957 1818 qui
993 1749 1174 1802 ulcera
1213 1748 1265 1800 in
1298 1761 1512 1802 summo
1550 1761 1645 1800 ore
1684 1745 1922 1800 faciant:
1960 1744 2053 1798 sed

2163 1761 2280 1814 ραν,
2313 1745 2406 1796 καὶ
2435 1743 2619 1796 τοῦτον
2645 1742 3021 1813 χρυσώσαντες
3051 1742 3286 1811 ἔστησαν
3320 1741 3455 1811 πρὸς
3480 1743 3546 1810 τῇ
3580 1742 3718 1807 ταφῇ

488 1854 593 1892 non
614 1839 862 1893 eumdem
893 1838 1131 1892 colorem
1168 1837 1329 1890 habet
1362 1851 1554 1889 novem
1586 1837 1778 1888 horum
1819 1834 2049 1888 fontium

485 1928 703 1993 oleum;
743 1945 864 1982 nam
914 1930 1014 1983 hoc
1055 1928 1276 1982 rubrum
1321 1935 1425 1986 est,
1458 1926 1592 1980 illud
1636 1925 1859 1990 ﬂavum,
1902 1925 2047 1978 istud

488 2020 831 2090 subnigrum.

2158 1834 2328 1904 αὐτῆς
2357 1834 2492 1904 πρὸς
2519 1834 2910 1904 περισσοτέραν
2944 1832 3226 1886 πίστωσιν.
3262 1832 3454 1883 ’ἰστέον
3498 1831 3578 1883 ὅτι
3623 1829 3726 1894 ἔξω

2154 1925 2248 1978 τοῦ
2291 1925 2524 1993 κόιστρου
2573 1924 2910 1995 Ταμόιταρχα
2953 1923 3064 1994 (87)
3097 1921 3288 1975 πολλαὶ
3336 1921 3506 1991 πηγαί¹
3552 1919 3726 1990 ὑπάρ-

2157 2032 2308 2086 χουσι
2337 2007 2512 2085 ἆφθαν
2546 2017 2909 2070 ἀναδίδουσαι.
2948 2016 3146 2069 ’ἰστέον
3177 2015 3256 2068 ὅτι
3291 2015 3346 2066 ἐν
3385 2013 3556 2084 Ζηχίᾳ
3589 2011 3722 2082 πρὸς

485 2111 578 2164 τὸν
603 2113 763 2163 τόπον
790 2111 887 2177 τῆς
918 2110 1105 2178 Πάγης
1134 2107 1230 2177 τὴς
1269 2105 1432 2175 οὔσης
1475 2105 1609 2174 πρὸς
1657 2105 1716 2157 τὸ
1757 2104 1921 2176 μέρος
1953 2105 2055 2174 τῆς
2093 2107 2403 2176 Παπαγίας,
2445 2110 2502 2161 ἐν
2595 2107 2910 2162 κατοικοῦσι
2941 2107 3104 2176 Ζηχοί
3137 2107 3290 2158 ἐννέα
3355 2105 3530 2173 πηγαί
3589 2107 3727 2157 εἰσιν

487 2199 666 2268 ἄφθαν
707 2200 1082 2252 ἀναδίδουσαιο
1117 2198 1253 2267 πλὴν
1287 2197 1385 2265 οὐχ
1433 2195 1756 2265 όμοχρουῦσι
1817 2197 1924 2248 τῶν
1975 2197 2128 2250 ἐννέα
2163 2199 2356 2268 πηγῶν
2409 2202 2476 2252 τὰ
2529 2199 2704 2264 ἔλαια,
2759 2197 2893 2251 ἀλλὰ
2948 2198 3016 2249 τὰ
3075 2197 3174 2266 μὲν
3242 2197 3300 2262 ἐξ
3356 2194 3534 2248 αὐτῶν
3591 2196 3725 2248 εἰσιν

490 2291 714 2363 ἐρυθρὰ,
754 2290 822 2342 τὰ
848 2289 902 2342 δὲ
933 2289 1115 2354 ξανθὰ,
1153 2289 1219 2341 τὰ
1247 2287 1301 2340 δέ
1332 2285 1703 2358 μελανώτερα.

560 2405 618 2459 In
647 2405 853 2465 Zicbia.
877 2405 929 2457 in
964 2404 1082 2458 loco
1100 2403 1192 2472 qui
1223 2401 1419 2472 Papagi
1452 2403 1674 2468 dicitur,
1707 2404 1792 2459 cui
1812 2405 2052 2460 vicinum

489 2504 596 2560 est,
619 2497 766 2564 quod
806 2495 1002 2564 Sapaxi
1042 2495 1364 2563 appellatur,
1399 2494 1450 2547 id
1492 2503 1600 2558 est,
1636 2496 1836 2564 pulvis,
1869 2507 2054 2550 scatu-

493 2590 609 2655 rigo
631 2593 733 2648 est,
753 2599 873 2654 quae
895 2584 1076 2638 ulcera
1101 2585 1153 2639 in
1177 2600 1392 2640 summo
1414 2599 1507 2640 ore
1522 2587 1719 2640 excitet
1740 2604 1754 2651 ;
1775 2595 2056 2658 exstatque

493 2678 659 2731 altera
692 2675 855 2729 etiam
893 2675 1090 2728 ibidem
1119 2676 1393 2744 scaturigo
1425 2675 1668 2744 ejusdem
1708 2676 1962 2747 efﬁcaciae
2002 2679 2056 2732 in

495 2783 624 2836 agro
656 2775 974 2834 nuneupato
1005 2765 1303 2827 Cbamuch,
1336 2767 1429 2836 qui
1470 2782 1500 2821 a
1527 2769 1808 2822 Chamuch
1835 2779 2058 2823 auctore

494 2871 596 2910 suo
637 2871 833 2910 nomen
877 2857 1058 2911 habet.
1106 2855 1317 2910 Distant
1355 2873 1488 2912 vero
1529 2858 1648 2912 loca
1687 2860 1801 2913 haec
1838 2875 1866 2912 a
1921 2859 2057 2914 mari

495 2949 673 3016 spatio
711 2948 853 3016 quod
897 2962 1004 3001 uno
1043 2947 1166 3017 quis
1205 2946 1293 3002 die
1343 2949 1564 3017 proprio
1610 2965 1754 3020 equo
1789 2950 2059 3006 coniicere

2241 2407 2435 2460 ’ἰστέον
2475 2407 2556 2460 ὅτι
2609 2409 2664 2460 ἐν
2702 2406 2873 2477 Ζηχίᾳ
2902 2406 2960 2458 ἐν
3003 2404 3080 2474 τῷ
3112 2405 3262 2474 τόπῳ
3301 2403 3376 2473 τῷ
3415 2401 3728 2473 καλουμένῳ

2165 2499 2403 2566 Πάπαγι,
2444 2501 2502 2552 ἐν
2531 2492 2572 2565 ᾧ
2611 2499 2703 2552 καί⁵
2738 2497 2967 2568 πλησίον
3001 2494 3116 2550 ἐστι
3160 2495 3361 2565 χωρίον
3400 2493 3729 2562 ἐπονομαζό-

2165 2605 2322 2660 μενον
2362 2587 2572 2652 Σαπαξὶ
2597 2586 2733 2657 (88),
2773 2587 2802 2640 ὃ
2834 2586 3194 2656 ἑρμηνεύεται
3226 2583 3550 2651 κονιορτὸς,
3587 2582 3730 2634 ἔστιν

2163 2681 2339 2733 ἐκεῖσε
2398 2679 2586 2749 βρύσις
2639 2681 2816 2749 ἀφθαν
2871 2679 3212 2733 ἀναδίδουσα,
3257 2677 3452 2730 ’ἰστέον
3498 2676 3580 2728 ὅτι
3635 2674 3731 2728 καὶ

2165 2771 2323 2841 ἑτέρα
2365 2769 2555 2840 βρὺσις
2606 2771 2754 2824 ἐστὶν
2789 2771 2966 2823 ἐκεῖσε
3013 2769 3188 2838 ἄφθαν
3222 2766 3538 2822 ἁναὸίδουσα
3570 2767 3626 2818 ἐν
3655 2765 3728 2834 τῷ

2164 2864 2347 2933 χωρίῳ
2390 2863 2465 2932 τῷ
2493 2863 2808 2932 καλουμένῳ
2859 2861 3085 2930 Χαμούχ
3118 2861 3250 2929 (89).
3303 2860 3374 2912 Τὸ
3421 2859 3476 2911 δὲ
3506 2859 3730 2926 Χαμοὺχ

2165 2953 2310 3004 ἐστιν
2356 2951 2524 3020 ὄνομα
2569 2951 2664 3004 τοῦ
2719 2950 3132 3019 συστησαμένου
3187 2949 3414 3019 ἀρχαίου
3446 2946 3634 3016 ἀνδρὸς
3672 2945 3732 2997 τὸ

497 3046 697 3107 posset.
725 3039 780 3092 ln
814 3039 1083 3095 Dcrzcncs
1102 3053 1321 3109 quoque
1379 3040 1638 3104 themate,
1668 3055 1838 3112 prope
1868 3055 2059 3110 pagum

2166 3042 2361 3114 χωρίον
2383 3059 2397 3073 ·
2433 3043 2494 3095 τὸ
2523 3038 2613 3096 οὖν
2644 3041 2841 3114 χωρίον
2880 3043 3056 3094 ἐκεῖνο
3092 3039 3181 3093 διὰ
3204 3039 3362 3092 τοῦτο
3391 3038 3591 3108 ἐκλήθη
3622 3036 3733 3088 Χα-

497 3131 701 3198 Sapicii
732 3131 957 3196 dictum,
995 3140 1048 3186 et
1085 3132 1316 3186 alterum
1354 3133 1624 3202 Episcopii
1664 3141 2061 3201 nuncupatum,

499 3221 690 3276 itidem
727 3221 847 3276 fons
891 3231 976 3277 est
1017 3225 1172 3280 ulcus
1208 3225 1480 3287 excitans,
1525 3234 1583 3278 ut
1627 3233 1681 3280 et
1724 3225 1779 3279 in
1829 3225 2077 3281 themate-

497 3311 792 3381 Tziliapcrt
875 3314 928 3368 in
1002 3316 1121 3370 loco
1172 3317 1397 3385 quiest
1462 3317 1581 3384 pagi
1647 3316 2062 3370 Srechiabarax.

498 3405 791 3459 Sciendum
811 3420 964 3468 vero,
1000 3407 1146 3474 quod
1190 3407 1236 3462 si
1268 3406 1563 3474 aliquando
1591 3407 1933 3460 Cbersonitze
1973 3422 2062 3461 re-

497 3493 788 3547 bellionem
825 3490 1054 3556 tentent,
1087 3503 1182 3548 aut
1215 3494 1562 3563 imperatoris
1595 3509 1654 3548 se
1691 3495 1864 3563 jussis
1897 3509 2067 3564 oppo-

499 3589 654 3642 nant,
691 3579 873 3633 omnia
908 3594 1098 3634 eorum
1131 3582 1371 3648 carabia,
1408 3595 1748 3650 quaecunque
1779 3582 2062 3638 invenien-

499 3678 612 3735 tur,
665 3685 788 3726 cum
838 3671 1098 3726 oneribus
1146 3673 1202 3727 in
1257 3673 1442 3728 urbem
1495 3672 1768 3728 introduci
1827 3672 2062 3740 debent;

499 3769 680 3816 nauta:
710 3777 840 3816 vero
872 3771 1234 3834 vectoresque
1263 3765 1597 3820 Chersoniue
1627 3765 1681 3819 in
1713 3780 1988 3821 carcerem
2012 3775 2067 3822 et

501 3858 555 3911 in
583 3857 795 3911 vincula
822 3857 1044 3926 conjici,
1086 3858 1242 3928 157
1272 3867 1436 3930 atque
1470 3860 1596 3917 inde
1629 3869 1740 3916 tres
1766 3861 2064 3917 Caesariani

500 3949 740 4019 ablegari
762 3950 982 4015 debent,
1011 3964 1151 4006 unus
1176 3966 1364 4007 versus
1389 3967 1540 4008 oram
1569 3953 1902 4008 maritimam
1950 3955 2067 4008 the-

501 4042 664 4095 matis
708 4043 1181 4108 Armeniacorum,
1239 4044 1378 4099 alter
1416 4059 1610 4100 versus
1659 4045 2064 4115 Paphlagoniae.

501 4131 699 4185 tertius
725 4146 917 4186 versus
942 4131 1428 4198 Buccellariorum,
1460 4135 1554 4203 qui
1577 4134 1952 4190 Chersonitica
1973 4150 2067 4190 ca-

503 4220 654 4274 rabia
695 4224 878 4277 omnia
924 4223 1410 4291 comprehendant,
1451 4234 1506 4278 et
1549 4239 1613 4278 ea
1652 4227 1871 4295 quidem
1904 4227 2066 4282 simul

2169 3134 2324 3203 μούχ.
2369 3133 2654 3203 ’Λπέχουσι
2697 3133 2753 3185 δὲ
2791 3131 2840 3184 oi
2879 3130 3110 3184 τοιοῦτοι
3159 3130 3312 3182 τόποι
3361 3127 3468 3180 ἀπὸ
3511 3128 3608 3196 τῆς
3637 3126 3734 3179 θα-

2165 3223 2366 3293 λάσσης
2395 3224 2514 3276 ὁδὸν
2548 3223 2915 3276 ἱδιοκασαλλου
2955 3221 3168 3291 ἡμέρας
3227 3221 3376 3290 μιᾶς.
3418 3219 3610 3271 ’ἰστέον
3653 3218 3735 3271 ὅτι

2165 3317 2223 3368 ἐν
2279 3315 2357 3385 τῷ
2410 3315 2603 3386 θέματι
2653 3314 2948 3385 Δερζηνῆς,
3000 3312 3224 3382 πλησίον
3272 3311 3367 3364 τοῦ
3418 3308 3618 3380 χωρίου
3669 3309 3736 3362 τὰ

2167 3407 2429 3462 Σαπικίου
2481 3409 2614 3477 (90),
2666 3407 2761 3461 καὶ
2803 3407 2897 3460 τοῦ
2952 3405 3152 3476 χωρίου
3195 3404 3288 3457 τοῦ
3339 3403 3734 3472 ὀνομαζομένου

2179 3500 2549 3565 Ἐπισκοπίου,
2601 3499 2716 3552 ἔστι
2755 3499 2906 3570 πηγὴ
2942 3498 3117 3566 ἄφθαν
3157 3495 3497 3550 ἀναδίδουσα.
3542 3495 3736 3548 ’ἰστέον

2166 3591 2248 3645 ὅτι
2278 3591 2335 3643 ἐν
2372 3588 2448 3658 τῷ
2487 3589 2685 3658 θέματι
2732 3588 2843 3655 τοῦ,
2875 3587 3206 3656 Τζιλιάπερτ
3231 3587 3336 3640 ὑπὸ
3359 3587 3420 3638 τὸ
3452 3586 3648 3656 χωρίον
3678 3585 3737 3636 τὸ

2167 3680 2541 3752 Σρεχιαεαρὰξ
2583 3679 2729 3732 ἔστιν
2776 3680 2954 3732 ἐκεῖσε
2998 3678 3149 3747 πηγὴ
3179 3677 3355 3746 ἄφθαν
3396 3676 3733 3730 ἁναδίδουσα.

2183 3771 2379 3825 ’ἰστέον
2407 3772 2489 3824 ὅτι
2525 3772 2572 3823 εἰ
2616 3771 2886 3842 ἀντάρωσί
2938 3787 3067 3823 ποτε
3110 3776 3158 3824 οἰ
3207 3769 3299 3822 τοῦ
3334 3769 3572 3838 κάπρου
3600 3769 3737 3836 Χερσ

2170 3863 2336 3926 σῶνος
2364 3863 2395 3932 ἦ
2429 3863 2644 3916 ἐναντία
2677 3862 2788 3932 (91)
2821 3861 2930 3916 τῶν
2957 3861 3250 3930 βασιλικῶν
3289 3859 3588 3913 κελεύσεων
3613 3857 3737 3927 βουο

2167 3952 2374 4024 ληθῶσι
2401 3953 2826 4023 διαπράξασθαι,
2871 3952 3144 4019 ὀφείλουσι
3191 3949 3486 4020 τηνικαῦτα
3516 3949 3612 4000 ὅσα
3645 3948 3734 3998 sd-

2173 4043 2401 4115 ρεθῶσιν
2451 4045 2508 4098 ἐν
2560 4047 2625 4114 τῇ
2682 4043 2834 4098 πόλει
2899 4042 3273 4113 Χερσωνιτικὰ
3325 4040 3560 4108 καράσια
3595 4037 3732 4108 μετὰ

2168 4135 2262 4190 τοῦ
2305 4136 2474 4205 γόμου
2509 4134 2686 4188 αὐτῶν
2727 4134 2840 4204 (9‘2)
2879 4133 3286 4204 εἰσκομίζεσθαι
3314 4145 3328 4160 ⁶
3379 4131 3428 4184 οἱ
3463 4130 3518 4182 δέ
3548 4131 3739 4182 ναῦται

2170 4228 2264 4279 καὶ
2317 4226 2571 4279 ἐπιϐάται
2644 4227 3003 4296 Χερσωνῖται,
3063 4227 3149 4279 ἴνα
3219 4224 3586 4295 δεσμεύωνται
3645 4224 3740 4276 καὶ

501 4323 624 4364 cum
675 4311 940 4366 oneribus
977 4313 1031 4366 in
1071 4312 1258 4368 urbem
1307 4315 1599 4380 adducant,
1651 4317 1898 4371 homines
1939 4333 2059 4370 veru

2172 4317 2626 4370 ἐναποκλείωνται
2659 4317 2736 4380 εἰς
2759 4317 2828 4369 τὰ
2857 4318 3132 4387 ἐργαλεῖα,
3166 4313 3266 4370 εἷθ’
3303 4317 3474 4378 οὕτως
3498 4314 3743 4384 ὀφείλου-

503 4401 715 4457 vinctos
771 4405 825 4458 in
877 4405 1112 4474 publicis
1148 4405 1468 4460 carceribus
1501 4407 1857 4470 concludant,
1890 4423 1954 4462 ac
1999 4407 2065 4461 de

503 4491 592 4555 iis,
630 4503 684 4545 et
722 4493 996 4562 quomodo
1026 4496 1296 4565 ceperint,
1332 4495 1589 4551 referant.
1627 4498 1893 4552 Przeterea
1935 4513 2070 4566 prae-

503 4579 635 4634 dicti
665 4582 960 4637 Cmsariani
997 4586 1341 4654 prohibeant,
1377 4603 1442 4642 ne
1465 4586 1896 4658 Paphlagoniae,
1929 4587 2067 4640 Buc-

506 4672 772 4729 cellaricae
805 4691 867 4731 ac
894 4677 1133 4732 Pontica:
1165 4693 1328 4733 naves
1356 4679 1408 4731 in
1444 4677 1773 4734 Chersoaem
1799 4677 2074 4746 trajiciant

2175 4425 2257 4460 σιν
2282 4407 2652 4476 ἀποσταλῆναι
2680 4411 2825 4478 τρεῖς
2851 4407 3157 4478 βασιλικοί·
3185 4403 3264 4470 εἷς
3301 4409 3400 4476 μὲν
3428 4410 3486 4461 ἐν
3533 4410 3597 4478 τῇ
3639 4423 3745 4458 πα-

2179 4496 2338 4567 ραλίᾳ.
2374 4497 2468 4548 τοῦ
2509 4497 2742 4566 θέματος
2771 4498 2878 4550 τῶν
2915 4498 3310 4568 Ἀρμενιακῶν,
3357 4498 3542 4567 ἕτερος
3579 4497 3634 4550 δὲ
3687 4497 3743 4548 ἐν

2176 4591 2241 4658 τῇ
2297 4588 2540 4658 παραλίᾳ
2585 4588 2680 4642 τοῦ
2739 4589 2968 4658 θέματος
3011 4589 3405 4656 Παφλαγονίας,
3460 4588 3554 4641 καὶ
3591 4587 3745 4650 ἄλλος

2181 4677 2238 4728 ἐν
2269 4679 2334 4746 τῇ
2373 4676 2616 4747 παραλίᾳ
2661 4677 2754 4730 τοῦ
2797 4677 3027 4747 θέματος
3057 4678 3168 4729 τῶν
3207 4677 3630 4746 Βουκελλαρίων,
3661 4675 3746 4728 ἵνα

1647 4833 1944 4889 ΛδδΕἰλΜί
1989 4833 2213 4887 ΒΛΝΒΙ]
2227 4831 2315 4886 Rll
2354 4833 2581 4889 ΝΟΤιίΕ.

577 4970 689 5044 (86)
707 4971 823 5028 Vox
845 4988 954 5028 non
971 4975 1262 5044 intellecta,
1284 4975 1460 5044 inquit
1478 4974 1759 5032 Meursius.
1781 4977 1866 5038 At,
1881 4974 2074 5037 ἀϐἀλα,

507 5043 1050 5115 νοξίῃιίἰεηιιιίοηίε,
1086 5043 1220 5106 Vah,
1256 5043 1403 5115 Heu:
1437 5045 1670 5115 Lexicon
1698 5060 1800 5100 ms.
1839 5044 2026 5115 Cy_rilli
2061 5062 2075 5097 :

521 5109 734 5182 Ἀὃάλε,
756 5109 890 5180 ipsi},
932 5113 1051 5182 otiati
1081 5129 1190 5182 μοι.
1223 5114 1505 5168 Philemon
1540 5115 1593 5167 in
1650 5112 1848 5167 Lexico
1885 5109 2077 5182 'Tech-

511 5181 763 5250 nologico
796 5197 896 5250 ms.
923 5180 1092 5250 aifatu);
1123 5180 1212 5233 οὖν
1246 5198 1375 5250 φασι
1405 5184 1496 5235 καὶ
1528 5183 1740 5250 ῥάϐδος,
1771 5181 2073 5248 σεσημείωο

509 5268 601 5304 ται
657 5249 738 5318 τό,
773 5249 961 5302 ἁϐἄλε.
1001 5249 1238 5305 Joannes
1270 5249 1535 5305 Moschus
1575 5254 1627 5304 in
1681 5251 1890 5303 Limon.
1951 5265 2070 5318 cap.

514 5319 636 5383 MO,
671 5313 824 5370 εἷπον
850 5318 1032 5381 πάλιν,
1090 5319 1335 5386 ’Aﬁdlat,
1391 5320 1530 5372 πόσα
1584 5319 1926 5386 κλαύσωμεν,
1982 5313 2074 5371 καὶ

517 5389 952 5457 μετανοήσωμεν,
993 5388 1078 5457 ἐφ’
1108 5382 1186 5451 οἷς
1247 5387 1340 5440 νῦν
1370 5390 1430 5440 οὐ
1491 5382 1880 5457 μετανοοῦμενί
1942 5386 2073 5442 Vide

517 5455 776 5526 Qucangii
817 5455 994 5526 Gloss.
1027 5456 1120 5510 Gr.
1179 5465 1232 5512 et
1299 5455 1780 5512 Notas‘Cotclerii
1831 5467 1961 5511 tom.
2003 5458 2069 5511 ll.

513 5522 848 5595 Monument.
879 5525 1026 5580 Eccl.
1047 5525 1143 5580 Gr.
1180 5543 1230 5595 p.
1264 5529 1384 5583 669.

550 5657 560 5668 .
588 5591 696 5658 (87)
734 5595 806 5648 Ita
841 5596 892 5648 in
925 5611 1024 5651 ms.
1053 5608 1106 5650 et
1133 5591 1213 5652 sic
1245 5599 1408 5652 ctiam
1436 5597 1718 5668 legendum
1769 5596 1845 5649 ait
1898 5594 2076 5650 Meur-

519 5667 655 5722 sius,
713 5677 836 5715 eum
903 5680 1181 5734 perperam
1243 5669 1296 5722 in
1356 5667 1628 5738 ejusms.
1690 5668 1979 5736 legeretur,
2010 5667 2077 5719 τὰ

2177 4974 2478 5046 Μάταρχα·
2521 4974 2660 5026 idem
2697 4973 2897 5046 quippe
2952 4973 3452 5046 Porphyrogenitus
3503 4971 3741 5046 loquitur

2175 5046 2240 5097 de
2267 5043 2762 5106 urbeTamatareha
2799 5053 2850 5113 et
2885 5059 3051 5112 supra
3083 5043 3201 5113 cap.
3221 5045 3311 5108 42,
3331 5057 3558 5110 eatnquc
3585 5043 3742 5096 sitam

2176 5115 2252 5166 ait
2275 5115 2327 5166 in
2360 5114 2613 5181 opposita
2645 5122 2795 5181 parte
2823 5112 3081 5181 Bosporo.

2243 5133 2252 5166 ἰ
2277 5133 2327 5166 In
2360 5133 2391 5166 0
2413 5133 2613 5181 ψοειιιι
2645 5133 2795 5181 parte
2823 5133 3081 5181 DUSPUFO.

2243 5181 2356 5250 (88)
2394 5133 2484 5235 ὲὶο
2503 5197 2604 5234 ms.
2637 5181 2828 5234 codex.
2859 5182 2996 5234 Editi
3036 5183 3258 5244 habent,
3280 5178 3513 5242 Ζαπαξί.

2244 5252 2355 5320 (89)
2390 5252 2601 5306 Inclusa
2636 5255 2685 5302 in
2717 5251 2880 5304 editis
2911 5251 3311 5304 desiderantur.

2247 5318 2360 5387 (90)
2383 5321 2488 5440 (Ms.
2513 5319 2682 5374 codex
2711 5321 2810 5375 sic.
2835 5321 2974 5374 Editi
3007 5337 3155 5384 vero,
3176 5319 3402 5388 πλησίον
3429 5318 3521 5372 τοῦ
3543 5318 3744 5388 χωρίου

2247 5409 2376 5440 ισαπ
2401 5408 2484 5440 ου.

2184 5391 2484 5443 Τασαπίου.

2253 5461 2364 5527 (91)
2385 5459 2464 5540 ita
2493 5461 2549 5514 in
2589 5475 2691 5514 ms.
2719 5459 2924 5514 codice.
2949 5459 3005 5514 In
3033 5460 3194 5516 editis
3225 5460 3376 5516 locus
3417 5461 3744 5529 depravatus

2184 5531 2686 5671 πόὲῗιίέὲξρεςτιιη
2727 5599 2780 5671 in
2809 5599 2969 5655 editis
3003 5601 3199 5668 legitur
3228 5600 3366 5671 μετὰ
3405 5597 3499 5654 τοῦ
3542 5597 3746 5666 γάμου,

2185 5673 2277 5725 sed
2307 5670 2510 5738 optime
2551 5668 2818 5726 Meursius
2841 5671 3116 5725 emendat.
