4058 6212
444 287 558 352 4ἓὸ
1473 283 1988 347 CONSTANTINI
2025 281 2706 346 PORPHYROGENITI
3581 285 3697 352 ιει

445 399 582 453 uires
611 395 911 465 deﬁcerent,
941 397 1084 451 domi
1108 396 1320 450 relictus
1353 395 1550 466 fuerat.
1581 398 1826 471 Itemque
1851 413 2003 454 num.
2041 397 2112 452 27
2143 400 2242 467 ait,
2275 399 2531 456 vaticinia
2565 397 2915 470 energumeni
2945 397 3087 452 brevi
3103 407 3220 466 post
3252 408 3495 456 euentum
3526 403 3693 472 fuisse

448 488 665 540 sortita.

521 573 648 628 llwc
680 586 843 642 porro
874 568 1094 624 abunde
1113 570 1409 626 ostendunt
1429 573 1924 629 contradictionem
1949 573 2002 628 in
2024 587 2088 628 ea
2121 572 2438 628 narratione
2467 571 2907 626 inextricabilem
2937 571 3198 640 inveniri,
3234 575 3340 630 nisi
3368 575 3692 644 dixerimus,

446 659 502 714 in
551 674 694 714 anno
745 658 887 712 6452
942 659 1197 712 mendum
1248 661 1470 715 cubare.
1521 659 1678 727 Quod
1719 663 1764 716 si
1816 661 2266 726 asseruerimus,
2325 661 2435 730 jam
2507 676 2614 714 non
2675 661 2779 716 sub
2833 661 3198 717 Constantino
3254 664 3374 732 ipso
3405 665 3690 735 inzperium

452 746 876 800 administrante
897 759 994 814 per
1029 759 1171 809 sese,
1213 745 1306 801 sed
1337 747 1442 802 sub
1474 757 1669 817 patruo
1707 749 1828 817 ejus
1852 747 2167 803 Alexandro
2188 748 2478 802 translatio
2508 749 2802 817 contigerit
2834 767 2848 804 :
2883 751 3136 818 quamvis
3155 761 3349 807 auctor
3379 762 3528 808 certe
3555 757 3691 810 srri-

445 832 618 899 pserit
653 833 753 886 sub
782 831 1300 903 Porphyrogenneta
1347 834 1717 905 imperitante,
1759 847 1819 890 ut
1868 844 2014 905 patet
2047 851 2112 890 ex
2145 852 2211 891 eo
2248 836 2394 904 quod
2446 850 2600 892 num.
2629 836 2698 890 27
2737 844 2970 901 asserat.
3012 836 3288 894 dictorum
3334 843 3690 911 energumeui

445 921 650 975 multos
678 921 949 975 exsistere
999 929 1186 986 testes,
1217 921 1444 991 etquod
1491 923 1644 978 brevi
1694 933 1817 994 post
1847 934 2102 979 eventum
2154 921 2360 976 fuerint
2399 922 2615 977 sortita.
2660 921 2736 976 Ex
2767 937 2875 992 quo
2907 925 3070 982 etiam
3106 925 3343 981 infertur
3393 927 3560 982 alium
3621 931 3688 985 ab

446 1009 778 1076 imperatore
813 1007 932 1076 ipso
965 1022 1088 1062 esse
1141 1007 1475 1062 narrationis
1505 1017 1785 1063 auctorem
1817 1025 1830 1060 :
1862 1007 2007 1075 quod
2049 1024 2113 1063 ex
2147 1009 2253 1064 line
2285 1009 2619 1065 narrationis
2665 1010 2924 1080 liquidius
2957 1022 3180 1082 apparet
3213 1028 3228 1068 :
3268 1011 3492 1072 Custodi
3547 1031 3688 1072 cuiu.

444 1095 531 1163 qui
563 1095 645 1162 pie
695 1112 760 1149 ac
792 1105 1060 1150 mansuete
1089 1095 1238 1151 nobis
1287 1097 1538 1164 imperat,
1579 1097 1753 1166 tuique
1782 1095 2031 1152 adventus
2064 1096 2369 1150 memoriam
2399 1094 2650 1150 celebrat.

1472 1536 2078 1649 ΚΩΝΣΤΑ
2097 1538 2456 1650 NTIN
2471 1537 2668 1651 ΟΥ

1321 1751 1424 1803 ΕΝ
1477 1749 1725 1819 ΧΡΙΣΤῼ
1797 1747 2082 1801 ΒΑΣΙΛΕΙ
2116 1750 2470 1803 ΒΑΣΙΛΕΩΣ
2493 1748 2819 1803 ΡΩΜΑιοΝ

1629 1859 1766 1954 'ror
1797 1901 2489 1958 nororporENNH'ror
2549 1912 2558 1941 ι

444 2070 804 2125 ΔΙΗΓΗΣΙΣ
826 2065 945 2121 ἀπὸ
979 2063 1288 2132 διαφόρων
1323 2061 1710 2131 ἀθροισθεῖσα
1736 2059 2036 2128 ίστοριῶν,
2065 2060 2330 2129 περὶτῆς
2349 2060 2496 2130 πρὸς
2525 2063 2798 2134 Αὕγτιρον
2828 2064 3274 2134 ἀποσταλείσης
3297 2065 3496 2136 ἀχειρο
3515 2085 3685 2136 ποιη-

515 2200 622 2235 του
659 2181 824 2245 θείας
854 2181 1087 2242 εἰκόνος
1111 2179 1366 2245 Χριστοῦ
1397 2179 1501 2232 τοῦ
1526 2177 1674 2233 Θεοῦ
1700 2177 1888 2247 ἡμῶν.
1925 2177 2033 2233 Kal
2075 2178 2156 2243 ὠς
2205 2178 2501 2246 Ἐδέσσης
2534 2182 2935 2252 μετεκομίσθη
3007 2184 3158 2252 πρὸς
3211 2183 3323 2253 τὴν
3360 2185 3681 2242 πανευδαί-

512 2319 671 2371 μονα
703 2302 928 2370 ταύτην
967 2300 1063 2354 καὶ
1093 2299 1394 2366 βασιλίδα
1432 2299 1549 2354 τῶν
1569 2300 1805 2354 πόλεων
1830 2299 2492 2367 Κωνσταγτινούπολιν.

2021 2485 2092 2502 '—

875 2587 1856 2773 CONSTANTINI
1959 2657 3225 2777 PORPHYBOGENITI

1214 2956 1864 3030 CHRLQEI,,GBATIA.
1883 2954 2377 3025 BUMAI‘IQRID‘I
2392 2954 2934 3019 .IMPEBATORIS

449 3143 824 3201 NARRATIO
858 3146 1075 3202 diversis
1096 3163 1161 3202 ex
1185 3147 1420 3202 historiis
1446 3144 1668 3199 collecta
1700 3144 1764 3197 de
1801 3142 1980 3197 divina
2009 3139 2209 3196 Christi
2239 3140 2335 3196 Dei
2364 3149 2535 3196 nostri
2564 3145 2795 3212 imagine
2823 3157 2926 3194 non
2960 3128 3268 3207 mauufacta
3301 3138 3369 3192 ad
3404 3139 3672 3208 Augaruns

623 3259 827 3326 missa;
851 3273 1014 3329 exque
1050 3256 1251 3314 Edessa
1282 3257 1336 3312 in
1369 3255 1729 3312 beatissimam
1752 3253 1888 3307 hanc
1911 3259 2293 3323 angustumque
2320 3251 2501 3306 urbem
2532 3249 3048 3320 Constantinopolim
3077 3250 3342 3305 translata
3382 3249 3482 3322 (l).

510 3589 551 3643 1.
609 3586 728 3641 Non
781 3585 956 3641 solum
993 3586 1110 3656 ipse
1137 3583 1286 3638 Patri
1321 3591 1628 3641 coaeternus
1680 3585 1824 3641 Deus
1873 3585 2000 3640 Ver-

2180 3585 2259 3638 A'.
2299 3583 2412 3637 Οὐκ
2448 3584 2554 3655 ἄρα
2586 3583 2745 3654 μόνος
2782 3583 2944 3646 αὐτὸς
2972 3581 3354 3654 ἁκατάληπτος
3384 3578 3453 3654 ἦν
3484 3585 3512 3638 ὁ
3546 3601 3673 3640 συν-

439 3679 568 3734 izum
612 3674 760 3731 omni
813 3674 990 3744 major
1037 3673 1530 3743 comprehensione
1573 3683 1690 3728 erat
1732 3691 1747 3728 ε
1809 3689 1998 3732 verum

441 3771 606 3824 etiam
638 3766 761 3831 ejus
801 3767 1060 3836 pleraque
1114 3764 1248 3830 fere,
1283 3765 1368 3820 vel
1401 3765 1567 3819 etiam
1595 3765 1779 3820 omnia
1811 3780 2001 3836 opera,

438 3860 628 3915 eadem
663 3855 1237 3927 incomprehensionis
1276 3856 1510 3927 caligine
1550 3865 1682 3914 sunt
1729 3865 2002 3915 contecta.

432 3950 623 4021 Neque
670 3965 733 4005 ea
765 3949 967 4014 solum,
1001 3963 1124 4018 qua:
1176 3963 1365 4003 rerum
1414 3948 1582 4020 hujus
1613 3949 1992 4006 universitatis

433 4042 652 4112 opilicio
686 4039 968 4104 condidit;
1005 4039 1100 4096 sed
1147 4046 1202 4094 et
1242 4055 1365 4109 quae
1395 4048 1680 4110 assumpta
1713 4040 2004 4110 dispensa-

433 4134 601 4188 tionis
637 4147 864 4187 munere
897 4141 1102 4187 nostrae
1135 4131 1512 4186 concretionis
1530 4145 1734 4196 massa,
1769 4145 1868 4200 pro
1899 4131 2006 4201 pri-

432 4239 519 4278 ma
569 4224 662 4277 illa
691 4237 755 4278 ac
796 4221 1064 4292 singulari
1117 4235 1231 4275 suat
1258 4221 1478 4276 deitatis
1503 4221 1746 4290 potentia
1777 4231 2004 4292 praesta-

429 4316 544 4372 bat.
568 4316 646 4369 Ac
669 4314 827 4380 plane
847 4327 1028 4382 operae
1060 4313 1299 4382 pretium
1326 4312 1421 4375 sit,
1452 4320 1512 4366 ut
1529 4313 1624 4380 qui
1657 4327 1716 4367 se
1747 4313 1862 4382 ipse
1892 4318 2001 4368 no'n

429 4409 668 4480 ignorat,
690 4421 756 4462 ac
776 4407 882 4462 scit
901 4421 961 4460 se
976 4405 1192 4461 nescire
1239 4419 1361 4473 qua:
1378 4403 1640 4472 proillius
1661 4404 1852 4459 altiora
1875 4412 2005 4460 sunt

428 4503 710 4564 facultate,
741 4516 850 4556 non
887 4502 942 4556 in
982 4501 1318 4554 immensum
1351 4497 1636 4568 glorietur,
1683 4512 1783 4553 nec
1809 4497 2003 4554 stolide

429 4610 528 4665 per
553 4594 714 4649 inane
743 4593 1056 4662 gradiatur,
1086 4605 1150 4645 ac
1182 4589 1267 4644 vel
1296 4589 1481 4645 omnia
1515 4605 1576 4645 se
1609 4591 1749 4645 scire
1772 4598 2000 4644 conten-

423 4683 542 4748 dat,
579 4691 671 4736 aut
704 4697 814 4735 non
845 4696 970 4736 esse
1025 4697 1144 4752 qua:
1184 4680 1304 4750 ejus
1335 4679 1444 4733 vim
1490 4679 1999 4749 comprehensionis

2107 3676 2283 3738 αἲδιος
2332 3675 2409 3745 τῷ
2458 3675 2636 3748 ΙΙατρὶ
2675 3675 2807 3738 Θεὸς
2837 3676 3027 3743 Λόγος,
3083 3674 3218 3728 ἀλλὰ
3246 3679 3339 3728 καὶ
3386 3675 3453 3729 τὰ
3505 3676 3674 3730 πλείω

2108 3767 2314 3838 σχεδὸν,
2366 3768 2399 3838 ἢ
2436 3769 2531 3822 καὶ
2582 3768 2759 3822 πάντα
2801 3767 2910 3821 τῶν
2960 3767 3136 3837 ἔργων
3169 3769 3354 3834 αὐτοῦ,
3395 3768 3474 3838 τῷ
3525 3768 3672 3836 αὐτῷ

2105 3858 2208 3927 τῆς
2235 3855 2614 3925 ἀκαταληψίας
2645 3857 2830 3928 γνόφῳ
2873 3857 3337 3928 περικαλύπτεται
3363 3873 3378 3888 ο
3417 3859 3478 3910 οὐ
3510 3859 3672 3928 μόνον

2109 3947 2209 4000 ὅσα
2237 3947 2265 4000 ὁ
2287 3947 2348 4000 τὸ
2390 3950 2498 4001 πᾶν
2530 3947 2688 4000 τοῦτο
2717 3947 3066 4020 δημιουργῶν
3125 3948 3486 4018 ὑπεστήσατο,
3535 3947 3670 4002 ἀλλὰ

2106 4041 2200 4093 καὶ
2241 4040 2340 4093 ὅσα
2373 4041 2430 4094 ἐν
2457 4038 2536 4108 τῷ
2567 4037 2636 4092 δι’
2654 4041 2962 4109 οἰκονομίαν
2999 4040 3382 4112 προσλήμματι
3410 4038 3503 4092 τοῦ
3534 4040 3669 4108 ἠμε-

2105 4133 2267 4202 τέρου
2321 4133 2641 4203 φυράματος
2684 4131 2953 4202 ὁμιλήσας
2979 4133 3130 4202 ἡμῖν,
3159 4131 3296 4185 κατὰ
3323 4130 3418 4199 τὴν
3444 4129 3666 4200 πρώτην

2105 4225 2200 4279 καὶ
2238 4225 2368 4294 μίαν
2403 4224 2618 4292 ἐκείνην
2645 4224 2866 4294 ἐνήργει
2898 4224 2996 4293 τῆς
3037 4221 3202 4276 αὑτοῦ
3233 4221 3480 4288 θεότητος
3505 4219 3667 4273 δύνα-

2106 4332 2218 4384 μιν.
2257 4316 2366 4368 Καὶ
2417 4315 2521 4386 χρὴ
2578 4315 2795 4377 πάντως
2848 4314 2939 4367 τὸν
2993 4313 3184 4368 ἑαυτὸν
3245 4313 3321 4383 μὴ
3349 4311 3665 4380 ἀγνοοῦντα,

2109 4408 2206 4461 καὶ⁷
2232 4407 2302 4462 τὰ
2328 4408 2469 4479 ὑπὲρ
2497 4408 2658 4461 αὑτὸν
2688 4407 2760 4478 μὴ
2789 4408 2986 4464 ειδέναι
3019 4406 3375 4475 γινώσκοντα,
3404 4405 3479 4476 μὴ
3501 4407 3578 4468 εἰς
3601 4403 3670 4456 τὰ

2102 4498 2319 4570 ἄμετρα
2353 4499 2681 4571 καυχᾶσθαι,
2720 4499 2856 4568 μηδὲ
2905 4498 3262 4569 κενεμϐατεῖν
3293 4495 3540 4566 ἀμαθῶς,
3578 4496 3669 4548 καὶ

2101 4591 2134 4660 ἢ
2170 4591 2347 4644 πάντα
2383 4591 2584 4645 εἰδέναι
2611 4592 2956 4658 φιλονεικεῖν,
3001 4590 3032 4659 ἢ
3066 4590 3139 4658 μὴ
3165 4584 3304 4641 εἶναι
3337 4589 3482 4657 ἅπερ
3509 4587 3669 4651 αὐτὸς

2100 4683 2163 4736 οὐ
2215 4682 2532 4754 κατείληφε.
2577 4684 2770 4737 Τοίνυν
2805 4684 2899 4736 xui.
2950 4681 3078 4752 περὶ
3133 4679 3225 4734 τοῦ
3273 4678 3668 4747 ὲκτυπώματος

2101 4775 2202 4843 τῆς
2237 4773 2557 4845 οεανδρικῆς
2578 4773 2769 4828 τούτου
2814 4773 3046 4844 μορφῆς,
3088 4770 3116 4822 ὃ
3158 4771 3455 4840 ἀγράπτως
3481 4771 3666 4820 ἐνετυ-

2101 4860 2258 4932 πώθη
2294 4862 2371 4932 τῷ
2407 4863 2678 4933 ὑπερφυεῖ
2734 4861 2829 4915 τοῦ
2880 4860 3113 4930 δρῶντος
3145 4857 3468 4930 βουλήματι,
3499 4852 3567 4927 ἧς
3607 4855 3669 4908 τὺ

422 4774 709 4845 eﬂ‘ugiant.
745 4774 824 4829 Ad
865 4774 1010 4830 hanc
1043 4773 1210 4844 igitur
1239 4787 1556 4843 expressam
1612 4771 1704 4827 Dei
1752 4771 1998 4828 Hominis

423 4867 656 4924 formam
705 4867 851 4937 quod
881 4867 1096 4932 attinet,
1137 4881 1258 4936 quae
1292 4865 1457 4920 nullis
1487 4863 1766 4919 coloribus
1812 4864 1996 4918 nullo-

422 4973 538 5032 que
573 4961 851 5032 penicillo,
881 4960 1000 5030 ejus
1022 4963 1114 5029 qui
1160 4959 1331 5014 edidit
1360 4956 1668 5011 admirabili
1695 4956 1997 5021 voluntate,

2105 4951 2504 5022 ὑποδεξάμενον
2555 4951 2804 5022 ὖφασμα,
2858 4959 2949 5004 καὶ
3003 4950 3122 5004 τότε
3172 4947 3270 5018 μὲν
3329 4947 3408 5018 τῷ
3433 4947 3669 5015 Δύγάρῳ

419 5068 487 5110 eo
514 5056 570 5107 in
602 5053 771 5109 linteo
805 5053 1000 5118 eluxit,
1043 5050 1187 5122 quod
1210 5059 1343 5104 tunc
1375 5049 1596 5119 quidem
1627 5047 1694 5102 ad
1720 5047 1990 5118 Augarurn

2104 5042 2378 5114 ἀπεστάλη
2410 5043 2548 5114 πρὸς
2579 5044 2744 5107 ἴασιν,
2777 5041 2874 5094 νῦν
2905 5040 2960 5093 δὲ
2999 5039 3059 5106 ἐξ
3100 5038 3352 5109 Ἐδέσσης
3396 5037 3532 5108 πρὸς
3570 5035 3666 5107 τὴν

419 5146 488 5201 ad
519 5147 808 5202 sanitatem
855 5144 930 5198 illi
974 5141 1375 5199 conciliandam
1416 5141 1668 5203 missum,
1714 5151 1859 5192 nunc
1889 5151 1988 5190 au-

2104 5136 2495 5205 βασιλεύουσαν
2531 5135 2734 5202 ταύτην
2765 5132 2872 5186 τῶν
2906 5132 3112 5185 πόλεων
3139 5130 3418 5200 οἰκονομίᾳ
3448 5129 3665 5188 πάντως

419 5247 527 5294 tem
560 5255 628 5293 ex
654 5237 858 5293 Edessa
884 5234 950 5289 ad
977 5242 1258 5306 augustam
1292 5231 1433 5285 hanc
1471 5230 1687 5294 urbem,
1722 5226 1990 5295 singulari

2104 5227 2260 5293 Θεοῦ,
2291 5228 2427 5298 πρὸς
2464 5227 2736 5297 σωτηρίαν
2777 5224 2950 5294 αὐτῆς
2984 5225 3076 5278 καὶ
3123 5222 3372 5293 φυλακὴν
3403 5219 3662 5293 μετενήνο

419 5345 648 5404 prorsus
673 5328 770 5385 Dei
805 5327 1164 5399 indulgentia,
1197 5334 1254 5379 ut
1281 5324 1400 5396 ipsa
1437 5319 1734 5376 incolumis
1765 5327 1992 5387 tutaque

2104 5337 2274 5384 εκται,
2305 5320 2380 5384 ὡς
2421 5321 2486 5375 ἂν
2539 5319 2767 5390 μηδενὸς
2820 5315 2928 5370 τῶν
2973 5314 3153 5370 καλῶν
3211 5313 3394 5387 ἐνδεὴς
3423 5312 3572 5382 δοκῇ,
3605 5311 3662 5362 ὲν

1910 5481 2142 5539 NOTAE.

457 5609 585 5730 il)!
610 5610 878 5734 Earum:
910 5619 960 5664 et
989 5609 1188 5736 lSatrius
1214 5611 1352 5666 hanc
1387 5607 1675 5678 imaginem
1706 5603 1932 5660 Romam
1974 5605 2292 5662 translatam
2335 5605 2406 5662 ibi
2441 5607 2708 5662 asservari
2743 5606 2972 5675 docent;
3011 5602 3240 5658 Bzovius
3274 5599 3476 5657 Genua:
3511 5592 3668 5652 iuve-

459 5694 524 5733 ιιί
553 5695 687 5735 (σεε
744 5697 797 5734 ιη
879 5697 1024 5734 una:
1069 5697 1152 5736 HS.

417 5693 524 5733 nll'l
553 5693 712 5735 ιιορρι
744 5697 797 5734 ιη
829 5693 1152 5737 Annalibus.
