  <div class='ocr_page' id='page_1' title='image "/cluster/home/n/w/nwhite01/storage/ocr_20150623/113/hvd.32044073502270/216.png"; bbox 0 0 4058 6212; ppageno 0'>
   <div class='ocr_carea' id='block_1_1' title="bbox 350 326 457 388">
    <p class='ocr_par' dir='ltr' id='par_1_1' title="bbox 350 326 457 388">
     <span class='ocr_line' id='line_1_1' title="bbox 350 326 457 388; baseline 0.019 -2"><span class='ocrx_word' id='word_1_1' title='bbox 350 326 457 388; x_wconf 74' lang='grc' dir='ltr'><strong>4⁶ὶ5</strong></span> 
     </span>
    </p>
   </div>
   <div class='ocr_carea' id='block_1_2' title="bbox 1316 315 2627 376">
    <p class='ocr_par' dir='ltr' id='par_1_2' title="bbox 1316 315 2627 376">
     <span class='ocr_line' id='line_1_2' title="bbox 1316 315 2627 376; baseline -0.001 -1"><span class='ocrx_word' id='word_1_2' title='bbox 1316 315 1709 375; x_wconf 69' lang='grc' dir='ltr'><strong>ΝΑΡιΙίΛΤίι.)</strong></span> <span class='ocrx_word' id='word_1_3' title='bbox 1736 317 1832 375; x_wconf 80' lang='lat' dir='ltr'><strong>DE</strong></span> <span class='ocrx_word' id='word_1_4' title='bbox 1867 318 2195 376; x_wconf 78' lang='lat' dir='ltr'><strong>lMAGlNE</strong></span> <span class='ocrx_word' id='word_1_5' title='bbox 2222 315 2627 375; x_wconf 72' lang='lat' dir='ltr'><strong>EDESSENA.</strong></span> 
     </span>
    </p>
   </div>
   <div class='ocr_carea' id='block_1_3' title="bbox 3505 307 3613 373">
    <p class='ocr_par' dir='ltr' id='par_1_3' title="bbox 3505 307 3613 373">
     <span class='ocr_line' id='line_1_3' title="bbox 3505 307 3613 373; baseline 0.028 -4"><span class='ocrx_word' id='word_1_6' title='bbox 3505 307 3613 373; x_wconf 72' lang='lat' dir='ltr'><strong>42G</strong></span> 
     </span>
    </p>
   </div>
   <div class='ocr_carea' id='block_1_4' title="bbox 355 422 1945 502">
    <p class='ocr_par' dir='ltr' id='par_1_4' title="bbox 355 422 1922 502">
     <span class='ocr_line' id='line_1_4' title="bbox 355 422 1922 502; baseline -0.009 -9"><span class='ocrx_word' id='word_1_7' title='bbox 355 441 520 493; x_wconf 80' lang='grc' dir='ltr'>πᾶσιν</span> <span class='ocrx_word' id='word_1_8' title='bbox 554 430 881 502; x_wconf 76' lang='grc' dir='ltr'><strong>ὀφείλουσαν</strong></span> <span class='ocrx_word' id='word_1_9' title='bbox 930 426 1148 480; x_wconf 85' lang='grc' dir='ltr'>πάντων</span> <span class='ocrx_word' id='word_1_10' title='bbox 1206 428 1449 495; x_wconf 80' lang='grc' dir='ltr'>κρατεῖν.</span> <span class='ocrx_word' id='word_1_11' title='bbox 1498 422 1666 496; x_wconf 77' lang='grc' dir='ltr'>Οἶμαι</span> <span class='ocrx_word' id='word_1_12' title='bbox 1693 428 1802 480; x_wconf 84' lang='grc' dir='ltr'>δεῖν</span> <span class='ocrx_word' id='word_1_13' title='bbox 1832 428 1922 479; x_wconf 84' lang='grc' dir='ltr'><strong>τὸν</strong></span> 
     </span>
    </p>
   </div>
   <div class='ocr_carea' id='block_1_5' title="bbox 2051 422 3617 502">
    <p class='ocr_par' dir='ltr' id='par_1_5' title="bbox 2051 424 3617 493">
     <span class='ocr_line' id='line_1_5' title="bbox 2051 424 3617 493; baseline -0.004 -12"><span class='ocrx_word' id='word_1_14' title='bbox 2051 430 2322 490; x_wconf 88' lang='lat' dir='ltr'><strong>:onsistat,</strong></span> <span class='ocrx_word' id='word_1_15' title='bbox 2356 428 2684 482; x_wconf 87' lang='lat' dir='ltr'><strong>translatum</strong></span> <span class='ocrx_word' id='word_1_16' title='bbox 2730 432 2849 489; x_wconf 85' lang='lat' dir='ltr'><strong>est;</strong></span> <span class='ocrx_word' id='word_1_17' title='bbox 2889 438 2999 493; x_wconf 91' lang='lat' dir='ltr'><strong>quo</strong></span> <span class='ocrx_word' id='word_1_18' title='bbox 3025 424 3239 479; x_wconf 78' lang='lat' dir='ltr'><strong>scilicet</strong></span> <span class='ocrx_word' id='word_1_19' title='bbox 3269 436 3458 478; x_wconf 85' lang='lat' dir='ltr'><strong>eorum</strong></span> <span class='ocrx_word' id='word_1_20' title='bbox 3493 438 3617 492; x_wconf 78' lang='lat' dir='ltr'><strong>qum</strong></span> 
     </span>
    </p>
   </div>
   <div class='ocr_carea' id='block_1_6' title="bbox 354 516 1933 593">
    <p class='ocr_par' dir='ltr' id='par_1_6' title="bbox 354 516 1933 593">
     <span class='ocr_line' id='line_1_6' title="bbox 354 516 1933 593; baseline -0.009 -9"><span class='ocrx_word' id='word_1_21' title='bbox 354 527 556 593; x_wconf 81' lang='grc' dir='ltr'>εὐσεϐῆ</span> <span class='ocrx_word' id='word_1_22' title='bbox 607 524 706 575; x_wconf 76' lang='grc' dir='ltr'>καὶ</span> <span class='ocrx_word' id='word_1_23' title='bbox 763 520 972 574; x_wconf 90' lang='grc' dir='ltr'>δίκαιον</span> <span class='ocrx_word' id='word_1_24' title='bbox 1015 517 1294 586; x_wconf 84' lang='grc' dir='ltr'>ἀκροατήν</span> <span class='ocrx_word' id='word_1_25' title='bbox 1339 533 1399 569; x_wconf 88' lang='grc' dir='ltr'><strong>τε</strong></span> <span class='ocrx_word' id='word_1_26' title='bbox 1429 517 1522 569; x_wconf 74' lang='grc' dir='ltr'>καὶ</span> <span class='ocrx_word' id='word_1_27' title='bbox 1556 516 1775 587; x_wconf 83' lang='grc' dir='ltr'>θεατὴν,</span> <span class='ocrx_word' id='word_1_28' title='bbox 1832 517 1933 586; x_wconf 82' lang='grc' dir='ltr'>τὴν</span> 
     </span>
    </p>
   </div>
   <div class='ocr_carea' id='block_1_7' title="bbox 359 608 1935 690">
    <p class='ocr_par' dir='ltr' id='par_1_7' title="bbox 359 608 1935 690">
     <span class='ocr_line' id='line_1_7' title="bbox 359 608 1935 690; baseline -0.009 -15"><span class='ocrx_word' id='word_1_29' title='bbox 359 618 606 690; x_wconf 80' lang='grc' dir='ltr'><strong>ἱστορίαν</strong></span> <span class='ocrx_word' id='word_1_30' title='bbox 635 614 738 686; x_wconf 81' lang='grc' dir='ltr'>μὲν</span> <span class='ocrx_word' id='word_1_31' title='bbox 766 612 875 666; x_wconf 89' lang='grc' dir='ltr'><strong>τῶν</strong></span> <span class='ocrx_word' id='word_1_32' title='bbox 905 609 1027 664; x_wconf 84' lang='grc' dir='ltr'>καθ’</span> <span class='ocrx_word' id='word_1_33' title='bbox 1074 608 1283 662; x_wconf 72' lang='grc' dir='ltr'>ἕκαστα</span> <span class='ocrx_word' id='word_1_34' title='bbox 1316 608 1563 679; x_wconf 88' lang='grc' dir='ltr'>ἀκριϐῶς</span> <span class='ocrx_word' id='word_1_35' title='bbox 1617 609 1809 679; x_wconf 82' lang='grc' dir='ltr'>μαθεῖν</span> <span class='ocrx_word' id='word_1_36' title='bbox 1840 610 1935 662; x_wconf 72' lang='grc' dir='ltr'>καὶ</span> 
     </span>
    </p>
   </div>
   <div class='ocr_carea' id='block_1_8' title="bbox 354 699 1935 783">
    <p class='ocr_par' dir='ltr' id='par_1_8' title="bbox 354 699 1935 783">
     <span class='ocr_line' id='line_1_8' title="bbox 354 699 1935 783; baseline -0.009 -16"><span class='ocrx_word' id='word_1_37' title='bbox 354 716 455 783; x_wconf 79' lang='grc' dir='ltr'>τῆς</span> <span class='ocrx_word' id='word_1_38' title='bbox 493 704 873 781; x_wconf 75' lang='grc' dir='ltr'><strong>ἀρχαιολογίας</strong></span> <span class='ocrx_word' id='word_1_39' title='bbox 911 702 1088 755; x_wconf 80' lang='grc' dir='ltr'>ἐλθεῖν</span> <span class='ocrx_word' id='word_1_40' title='bbox 1145 700 1560 772; x_wconf 87' lang='grc' dir='ltr'>ἀπαραποίητον</span> <span class='ocrx_word' id='word_1_41' title='bbox 1606 699 1703 769; x_wconf 78' lang='grc' dir='ltr'>τὴν</span> <span class='ocrx_word' id='word_1_42' title='bbox 1734 700 1935 768; x_wconf 90' lang='grc' dir='ltr'>γνῶσιν</span> 
     </span>
    </p>
   </div>
   <div class='ocr_carea' id='block_1_9' title="bbox 357 789 1937 867">
    <p class='ocr_par' dir='ltr' id='par_1_9' title="bbox 357 789 1937 867">
     <span class='ocr_line' id='line_1_9' title="bbox 357 789 1937 867; baseline -0.008 -10"><span class='ocrx_word' id='word_1_43' title='bbox 357 800 567 857; x_wconf 87' lang='grc' dir='ltr'>λαϐεῖν,</span> <span class='ocrx_word' id='word_1_44' title='bbox 603 799 718 867; x_wconf 80' lang='grc' dir='ltr'><strong>Τὴν</strong></span> <span class='ocrx_word' id='word_1_45' title='bbox 752 797 807 850; x_wconf 85' lang='grc' dir='ltr'>δὲ</span> <span class='ocrx_word' id='word_1_46' title='bbox 834 794 1015 848; x_wconf 80' lang='grc' dir='ltr'>αἰτίαν</span> <span class='ocrx_word' id='word_1_47' title='bbox 1054 791 1172 856; x_wconf 84' lang='grc' dir='ltr'>τοῦ,</span> <span class='ocrx_word' id='word_1_48' title='bbox 1207 791 1325 853; x_wconf 87' lang='grc' dir='ltr'><strong>πῶς</strong></span> <span class='ocrx_word' id='word_1_49' title='bbox 1382 789 1442 854; x_wconf 81' lang='grc' dir='ltr'>ἐξ</span> <span class='ocrx_word' id='word_1_50' title='bbox 1496 792 1720 861; x_wconf 86' lang='grc' dir='ltr'>ίκμάδος</span> <span class='ocrx_word' id='word_1_51' title='bbox 1763 793 1937 859; x_wconf 78' lang='grc' dir='ltr'>ὑγρᾶς</span> 
     </span>
    </p>
   </div>
   <div class='ocr_carea' id='block_1_10' title="bbox 360 881 1934 964">
    <p class='ocr_par' dir='ltr' id='par_1_10' title="bbox 360 881 1934 964">
     <span class='ocr_line' id='line_1_10' title="bbox 360 881 1934 964; baseline -0.017 -17"><span class='ocrx_word' id='word_1_52' title='bbox 360 896 489 964; x_wconf 77' lang='grc' dir='ltr'>δίχα</span> <span class='ocrx_word' id='word_1_53' title='bbox 515 888 820 962; x_wconf 78' lang='grc' dir='ltr'><strong>χρωμάτων</strong></span> <span class='ocrx_word' id='word_1_54' title='bbox 846 885 940 937; x_wconf 72' lang='grc' dir='ltr'>καὶ</span> <span class='ocrx_word' id='word_1_55' title='bbox 972 884 1170 954; x_wconf 83' lang='grc' dir='ltr'>τέχνης</span> <span class='ocrx_word' id='word_1_56' title='bbox 1196 883 1294 953; x_wconf 80' lang='grc' dir='ltr'>τῆς</span> <span class='ocrx_word' id='word_1_57' title='bbox 1315 881 1593 952; x_wconf 80' lang='grc' dir='ltr'><strong>γραφικῆς</strong></span> <span class='ocrx_word' id='word_1_58' title='bbox 1623 882 1934 951; x_wconf 78' lang='grc' dir='ltr'>ἐναπεμορ-</span> 
     </span>
    </p>
   </div>
   <div class='ocr_carea' id='block_1_11' title="bbox 364 972 1934 1053">
    <p class='ocr_par' dir='ltr' id='par_1_11' title="bbox 364 972 1934 1053">
     <span class='ocr_line' id='line_1_11' title="bbox 364 972 1934 1053; baseline -0.008 -16"><span class='ocrx_word' id='word_1_59' title='bbox 364 983 519 1053; x_wconf 87' lang='grc' dir='ltr'>φώθη</span> <span class='ocrx_word' id='word_1_60' title='bbox 543 981 604 1034; x_wconf 87' lang='grc' dir='ltr'><strong>τδ</strong></span> <span class='ocrx_word' id='word_1_61' title='bbox 636 977 732 1033; x_wconf 86' lang='grc' dir='ltr'><strong>τοῦ</strong></span> <span class='ocrx_word' id='word_1_62' title='bbox 762 974 1059 1047; x_wconf 76' lang='grc' dir='ltr'>προσώπου</span> <span class='ocrx_word' id='word_1_63' title='bbox 1104 976 1163 1027; x_wconf 87' lang='grc' dir='ltr'><strong>ἐν</strong></span> <span class='ocrx_word' id='word_1_64' title='bbox 1208 973 1286 1045; x_wconf 84' lang='grc' dir='ltr'><strong>τῷ</strong></span> <span class='ocrx_word' id='word_1_65' title='bbox 1325 974 1390 1026; x_wconf 86' lang='grc' dir='ltr'><strong>ἐκ</strong></span> <span class='ocrx_word' id='word_1_66' title='bbox 1417 972 1564 1027; x_wconf 91' lang='grc' dir='ltr'>λίνου</span> <span class='ocrx_word' id='word_1_67' title='bbox 1597 972 1883 1043; x_wconf 80' lang='grc' dir='ltr'><strong>ὑφάσματι</strong></span> <span class='ocrx_word' id='word_1_68' title='bbox 1920 989 1934 1003; x_wconf 86' lang='grc'><strong>·</strong></span> 
     </span>
    </p>
   </div>
   <div class='ocr_carea' id='block_1_12' title="bbox 365 1064 1938 1141">
    <p class='ocr_par' dir='ltr' id='par_1_12' title="bbox 365 1064 1938 1141">
     <span class='ocr_line' id='line_1_12' title="bbox 365 1064 1938 1141; baseline -0.007 -14"><span class='ocrx_word' id='word_1_69' title='bbox 365 1074 461 1127; x_wconf 77' lang='grc' dir='ltr'>καὶ</span> <span class='ocrx_word' id='word_1_70' title='bbox 500 1072 616 1133; x_wconf 89' lang='grc' dir='ltr'><strong>πῶς</strong></span> <span class='ocrx_word' id='word_1_71' title='bbox 657 1069 718 1122; x_wconf 73' lang='grc' dir='ltr'>τὸ</span> <span class='ocrx_word' id='word_1_72' title='bbox 754 1068 831 1141; x_wconf 22' lang='grc' dir='ltr'>ἐξ*</span> <span class='ocrx_word' id='word_1_73' title='bbox 855 1067 983 1137; x_wconf 82' lang='grc' dir='ltr'>ὕλης</span> <span class='ocrx_word' id='word_1_74' title='bbox 1037 1065 1210 1131; x_wconf 74' lang='grc' dir='ltr'>οὕτως</span> <span class='ocrx_word' id='word_1_75' title='bbox 1264 1065 1594 1137; x_wconf 84' lang='grc' dir='ltr'>εὑφθάρτου,</span> <span class='ocrx_word' id='word_1_76' title='bbox 1633 1064 1712 1136; x_wconf 81' lang='grc' dir='ltr'>τῷ</span> <span class='ocrx_word' id='word_1_77' title='bbox 1761 1065 1938 1136; x_wconf 86' lang='grc' dir='ltr'>χρόνῳ</span> 
     </span>
    </p>
   </div>
   <div class='ocr_carea' id='block_1_13' title="bbox 363 1157 1940 1234">
    <p class='ocr_par' dir='ltr' id='par_1_13' title="bbox 363 1157 1940 1234">
     <span class='ocr_line' id='line_1_13' title="bbox 363 1157 1940 1234; baseline -0.005 -14"><span class='ocrx_word' id='word_1_78' title='bbox 363 1162 653 1234; x_wconf 77' lang='grc' dir='ltr'>διαφθοράν</span> <span class='ocrx_word' id='word_1_79' title='bbox 667 1162 769 1215; x_wconf 81' lang='grc' dir='ltr'>οὐκ</span> <span class='ocrx_word' id='word_1_80' title='bbox 797 1160 1033 1227; x_wconf 73' lang='grc' dir='ltr'>ἐδέξατοο</span> <span class='ocrx_word' id='word_1_81' title='bbox 1067 1161 1161 1213; x_wconf 75' lang='grc' dir='ltr'>καὶ</span> <span class='ocrx_word' id='word_1_82' title='bbox 1182 1159 1283 1214; x_wconf 81' lang='grc' dir='ltr'>ὅσα</span> <span class='ocrx_word' id='word_1_83' title='bbox 1307 1159 1441 1213; x_wconf 83' lang='grc' dir='ltr'>ἀλλα</span> <span class='ocrx_word' id='word_1_84' title='bbox 1460 1160 1487 1211; x_wconf 88' lang='grc' dir='ltr'><strong>ό</strong></span> <span class='ocrx_word' id='word_1_85' title='bbox 1509 1157 1753 1227; x_wconf 82' lang='grc' dir='ltr'><strong>φυσικῶς</strong></span> <span class='ocrx_word' id='word_1_86' title='bbox 1777 1158 1940 1228; x_wconf 81' lang='grc' dir='ltr'>δῆθεν</span> 
     </span>
    </p>
   </div>
   <div class='ocr_carea' id='block_1_14' title="bbox 359 1250 1941 1323">
    <p class='ocr_par' dir='ltr' id='par_1_14' title="bbox 359 1250 1941 1323">
     <span class='ocr_line' id='line_1_14' title="bbox 359 1250 1941 1323; baseline -0.005 -13"><span class='ocrx_word' id='word_1_87' title='bbox 359 1255 659 1310; x_wconf 85' lang='grc' dir='ltr'>ἐπιϐάλλων</span> <span class='ocrx_word' id='word_1_88' title='bbox 715 1254 828 1316; x_wconf 85' lang='grc' dir='ltr'>τοῖς</span> <span class='ocrx_word' id='word_1_89' title='bbox 856 1254 1201 1323; x_wconf 74' lang='grc' dir='ltr'>πράγμασιν,</span> <span class='ocrx_word' id='word_1_90' title='bbox 1225 1251 1604 1321; x_wconf 67' lang='grc' dir='ltr'><strong>ἐπιστημόνως</strong></span> <span class='ocrx_word' id='word_1_91' title='bbox 1660 1250 1941 1319; x_wconf 81' lang='grc' dir='ltr'>διερευνᾷν</span> 
     </span>
    </p>
   </div>
   <div class='ocr_carea' id='block_1_15' title="bbox 357 1337 1941 1410">
    <p class='ocr_par' dir='ltr' id='par_1_15' title="bbox 357 1337 1941 1410">
     <span class='ocr_line' id='line_1_15' title="bbox 357 1337 1941 1410; baseline -0.002 -16"><span class='ocrx_word' id='word_1_92' title='bbox 357 1341 535 1407; x_wconf 81' lang='grc' dir='ltr'>εἴωθε,</span> <span class='ocrx_word' id='word_1_93' title='bbox 582 1340 662 1410; x_wconf 83' lang='grc' dir='ltr'>τῷ</span> <span class='ocrx_word' id='word_1_94' title='bbox 704 1339 980 1409; x_wconf 82' lang='grc' dir='ltr'><strong>ἀνεφίκτῳ</strong></span> <span class='ocrx_word' id='word_1_95' title='bbox 1027 1338 1129 1409; x_wconf 80' lang='grc' dir='ltr'>τῆς</span> <span class='ocrx_word' id='word_1_96' title='bbox 1190 1337 1287 1391; x_wconf 88' lang='grc' dir='ltr'><strong>τοῦ</strong></span> <span class='ocrx_word' id='word_1_97' title='bbox 1346 1337 1482 1392; x_wconf 82' lang='grc' dir='ltr'>Θεοῦ</span> <span class='ocrx_word' id='word_1_98' title='bbox 1538 1338 1731 1407; x_wconf 75' lang='grc' dir='ltr'>σοφίας</span> <span class='ocrx_word' id='word_1_99' title='bbox 1760 1356 1941 1407; x_wconf 87' lang='grc' dir='ltr'>παρα·-</span> 
     </span>
    </p>
   </div>
   <div class='ocr_carea' id='block_1_16' title="bbox 353 1429 1946 1504">
    <p class='ocr_par' dir='ltr' id='par_1_16' title="bbox 353 1429 1946 1504">
     <span class='ocr_line' id='line_1_16' title="bbox 353 1429 1946 1504; baseline -0.004 -17"><span class='ocrx_word' id='word_1_100' title='bbox 353 1436 552 1504; x_wconf 85' lang='grc' dir='ltr'>χωρεῖν</span> <span class='ocrx_word' id='word_1_101' title='bbox 600 1431 777 1495; x_wconf 75' lang='grc' dir='ltr'>εἰδὼς,</span> <span class='ocrx_word' id='word_1_102' title='bbox 844 1431 919 1494; x_wconf 85' lang='grc' dir='ltr'>ὡς</span> <span class='ocrx_word' id='word_1_103' title='bbox 969 1432 1021 1483; x_wconf 84' lang='grc' dir='ltr'><strong>εί</strong></span> <span class='ocrx_word' id='word_1_104' title='bbox 1045 1448 1129 1494; x_wconf 89' lang='grc' dir='ltr'><strong>τις</strong></span> <span class='ocrx_word' id='word_1_105' title='bbox 1160 1430 1338 1483; x_wconf 85' lang='grc' dir='ltr'>πάντα</span> <span class='ocrx_word' id='word_1_106' title='bbox 1370 1430 1724 1499; x_wconf 78' lang='grc' dir='ltr'>φιλονεικήσῃ</span> <span class='ocrx_word' id='word_1_107' title='bbox 1761 1430 1837 1499; x_wconf 83' lang='grc' dir='ltr'>τῷ</span> <span class='ocrx_word' id='word_1_108' title='bbox 1870 1429 1946 1499; x_wconf 82' lang='grc' dir='ltr'>νῷ</span> 
     </span>
    </p>
   </div>
   <div class='ocr_carea' id='block_1_17' title="bbox 356 1518 1946 1593">
    <p class='ocr_par' dir='ltr' id='par_1_17' title="bbox 356 1518 1946 1593">
     <span class='ocr_line' id='line_1_17' title="bbox 356 1518 1946 1593; baseline -0.004 -16"><span class='ocrx_word' id='word_1_109' title='bbox 356 1523 630 1577; x_wconf 84' lang='grc' dir='ltr'>διαλαϐεῖν</span> <span class='ocrx_word' id='word_1_110' title='bbox 654 1524 923 1593; x_wconf 91' lang='grc' dir='ltr'>ἀκριϐῶς,</span> <span class='ocrx_word' id='word_1_111' title='bbox 944 1524 1022 1585; x_wconf 90' lang='grc' dir='ltr'><strong>είς</strong></span> <span class='ocrx_word' id='word_1_112' title='bbox 1054 1521 1155 1591; x_wconf 85' lang='grc' dir='ltr'>τὴν</span> <span class='ocrx_word' id='word_1_113' title='bbox 1178 1520 1417 1590; x_wconf 84' lang='grc' dir='ltr'><strong>παντελῆ</strong></span> <span class='ocrx_word' id='word_1_114' title='bbox 1434 1520 1709 1589; x_wconf 80' lang='grc' dir='ltr'>ἀγνωσίαν</span> <span class='ocrx_word' id='word_1_115' title='bbox 1726 1518 1946 1583; x_wconf 72' lang='grc' dir='ltr'>ὠσθεὶς,</span> 
     </span>
    </p>
   </div>
   <div class='ocr_carea' id='block_1_18' title="bbox 2038 514 3617 590">
    <p class='ocr_par' dir='ltr' id='par_1_18' title="bbox 2038 514 3617 590">
     <span class='ocr_line' id='line_1_18' title="bbox 2038 514 3617 590; baseline -0.004 -17"><span class='ocrx_word' id='word_1_116' title='bbox 2038 521 2263 590; x_wconf 87' lang='lat' dir='ltr'><strong>pulchra</strong></span> <span class='ocrx_word' id='word_1_117' title='bbox 2288 527 2419 574; x_wconf 92' lang='lat' dir='ltr'><strong>sunt</strong></span> <span class='ocrx_word' id='word_1_118' title='bbox 2450 532 2515 571; x_wconf 90' lang='lat' dir='ltr'><strong>ac</strong></span> <span class='ocrx_word' id='word_1_119' title='bbox 2548 514 2999 586; x_wconf 75' lang='lat' dir='ltr'><strong>praeclara,nullo</strong></span> <span class='ocrx_word' id='word_1_120' title='bbox 3028 515 3342 580; x_wconf 80' lang='lat' dir='ltr'><strong>deﬁciatur,</strong></span> <span class='ocrx_word' id='word_1_121' title='bbox 3374 530 3539 586; x_wconf 90' lang='lat' dir='ltr'><strong>quam</strong></span> <span class='ocrx_word' id='word_1_122' title='bbox 3560 515 3617 566; x_wconf 86' lang='lat' dir='ltr'><strong>in</strong></span> 
     </span>
    </p>
   </div>
   <div class='ocr_carea' id='block_1_19' title="bbox 2037 604 3611 675">
    <p class='ocr_par' dir='ltr' id='par_1_19' title="bbox 2037 604 3611 675">
     <span class='ocr_line' id='line_1_19' title="bbox 2037 604 3611 675; baseline -0.003 -11"><span class='ocrx_word' id='word_1_123' title='bbox 2037 608 2296 664; x_wconf 90' lang='lat' dir='ltr'><strong>omnibus</strong></span> <span class='ocrx_word' id='word_1_124' title='bbox 2318 607 2592 662; x_wconf 84' lang='lat' dir='ltr'><strong>dominari</strong></span> <span class='ocrx_word' id='word_1_125' title='bbox 2636 606 2961 675; x_wconf 87' lang='lat' dir='ltr'><strong>primasque</strong></span> <span class='ocrx_word' id='word_1_126' title='bbox 3004 604 3255 658; x_wconf 89' lang='lat' dir='ltr'><strong>obtinere</strong></span> <span class='ocrx_word' id='word_1_127' title='bbox 3281 604 3611 667; x_wconf 90' lang='lat' dir='ltr'><strong>condeceat;</strong></span> 
     </span>
    </p>
   </div>
   <div class='ocr_carea' id='block_1_20' title="bbox 2039 694 3619 771">
    <p class='ocr_par' dir='ltr' id='par_1_20' title="bbox 2039 694 3619 771">
     <span class='ocr_line' id='line_1_20' title="bbox 2039 694 3619 771; baseline -0.006 -15"><span class='ocrx_word' id='word_1_128' title='bbox 2039 715 2218 771; x_wconf 67' lang='lat' dir='ltr'><strong>Opera:</strong></span> <span class='ocrx_word' id='word_1_129' title='bbox 2242 699 2475 769; x_wconf 90' lang='lat' dir='ltr'><strong>pretium</strong></span> <span class='ocrx_word' id='word_1_130' title='bbox 2504 696 2777 759; x_wconf 80' lang='lat' dir='ltr'><strong>existimo,</strong></span> <span class='ocrx_word' id='word_1_131' title='bbox 2812 704 2869 749; x_wconf 93' lang='lat' dir='ltr'><strong>ut</strong></span> <span class='ocrx_word' id='word_1_132' title='bbox 2892 695 3183 765; x_wconf 80' lang='lat' dir='ltr'><strong>religiosus</strong></span> <span class='ocrx_word' id='word_1_133' title='bbox 3213 709 3275 748; x_wconf 87' lang='lat' dir='ltr'><strong>ac</strong></span> <span class='ocrx_word' id='word_1_134' title='bbox 3297 694 3428 761; x_wconf 85' lang='lat' dir='ltr'><strong>justi</strong></span> <span class='ocrx_word' id='word_1_135' title='bbox 3457 704 3619 749; x_wconf 77' lang='lat' dir='ltr'><strong>tenax</strong></span> 
     </span>
    </p>
   </div>
   <div class='ocr_carea' id='block_1_21' title="bbox 2042 788 3619 861">
    <p class='ocr_par' dir='ltr' id='par_1_21' title="bbox 2042 788 3619 861">
     <span class='ocr_line' id='line_1_21' title="bbox 2042 788 3619 861; baseline -0.004 -15"><span class='ocrx_word' id='word_1_136' title='bbox 2042 792 2265 846; x_wconf 83' lang='lat' dir='ltr'><strong>auditor</strong></span> <span class='ocrx_word' id='word_1_137' title='bbox 2290 798 2700 861; x_wconf 85' lang='lat' dir='ltr'><strong>spectatorque,</strong></span> <span class='ocrx_word' id='word_1_138' title='bbox 2736 789 3082 857; x_wconf 85' lang='lat' dir='ltr'><strong>singularum</strong></span> <span class='ocrx_word' id='word_1_139' title='bbox 3124 803 3308 842; x_wconf 91' lang='lat' dir='ltr'><strong>rerum</strong></span> <span class='ocrx_word' id='word_1_140' title='bbox 3332 788 3619 841; x_wconf 86' lang='lat' dir='ltr'><strong>historiam</strong></span> 
     </span>
    </p>
   </div>
   <div class='ocr_carea' id='block_1_22' title="bbox 2042 879 3621 956">
    <p class='ocr_par' dir='ltr' id='par_1_22' title="bbox 2042 879 3621 956">
     <span class='ocr_line' id='line_1_22' title="bbox 2042 879 3621 956; baseline -0.006 -15"><span class='ocrx_word' id='word_1_141' title='bbox 2042 886 2332 956; x_wconf 88' lang='lat' dir='ltr'><strong>diligenter</strong></span> <span class='ocrx_word' id='word_1_142' title='bbox 2354 880 2666 945; x_wconf 85' lang='lat' dir='ltr'><strong>condiscat,</strong></span> <span class='ocrx_word' id='word_1_143' title='bbox 2702 888 2755 935; x_wconf 90' lang='lat' dir='ltr'><strong>et</strong></span> <span class='ocrx_word' id='word_1_144' title='bbox 2786 891 2845 935; x_wconf 90' lang='lat' dir='ltr'><strong>ut</strong></span> <span class='ocrx_word' id='word_1_145' title='bbox 2870 880 3111 950; x_wconf 79' lang='lat' dir='ltr'><strong>antiqua:</strong></span> <span class='ocrx_word' id='word_1_146' title='bbox 3138 879 3475 934; x_wconf 82' lang='lat' dir='ltr'><strong>narrationis</strong></span> <span class='ocrx_word' id='word_1_147' title='bbox 3506 880 3621 934; x_wconf 76' lang='lat' dir='ltr'><strong>sin—</strong></span> 
     </span>
    </p>
   </div>
   <div class='ocr_carea' id='block_1_23' title="bbox 2042 973 3625 1046">
    <p class='ocr_par' dir='ltr' id='par_1_23' title="bbox 2042 973 3625 1046">
     <span class='ocr_line' id='line_1_23' title="bbox 2042 973 3625 1046; baseline -0.006 -12"><span class='ocrx_word' id='word_1_148' title='bbox 2042 991 2224 1034; x_wconf 85' lang='lat' dir='ltr'><strong>ceram</strong></span> <span class='ocrx_word' id='word_1_149' title='bbox 2262 976 2524 1046; x_wconf 89' lang='lat' dir='ltr'><strong>omnique</strong></span> <span class='ocrx_word' id='word_1_150' title='bbox 2563 974 2690 1029; x_wconf 91' lang='lat' dir='ltr'><strong>fuco</strong></span> <span class='ocrx_word' id='word_1_151' title='bbox 2732 981 3020 1028; x_wconf 88' lang='lat' dir='ltr'><strong>vacantem</strong></span> <span class='ocrx_word' id='word_1_152' title='bbox 3064 974 3435 1043; x_wconf 80' lang='lat' dir='ltr'><strong>cognitionem</strong></span> <span class='ocrx_word' id='word_1_153' title='bbox 3475 973 3625 1027; x_wconf 84' lang='lat' dir='ltr'><strong>acci-</strong></span> 
     </span>
    </p>
   </div>
   <div class='ocr_carea' id='block_1_24' title="bbox 2045 1062 3619 1140">
    <p class='ocr_par' dir='ltr' id='par_1_24' title="bbox 2045 1062 3619 1140">
     <span class='ocr_line' id='line_1_24' title="bbox 2045 1062 3619 1140; baseline -0.005 -18"><span class='ocrx_word' id='word_1_154' title='bbox 2045 1084 2174 1140; x_wconf 84' lang='lat' dir='ltr'><strong>pere</strong></span> <span class='ocrx_word' id='word_1_155' title='bbox 2234 1069 2458 1125; x_wconf 87' lang='lat' dir='ltr'><strong>studeat</strong></span> <span class='ocrx_word' id='word_1_156' title='bbox 2517 1086 2529 1119; x_wconf 90' lang='lat'>:</span> <span class='ocrx_word' id='word_1_157' title='bbox 2580 1080 2809 1120; x_wconf 89' lang='lat' dir='ltr'><strong>causam</strong></span> <span class='ocrx_word' id='word_1_158' title='bbox 2872 1071 3054 1118; x_wconf 92' lang='lat' dir='ltr'><strong>autem</strong></span> <span class='ocrx_word' id='word_1_159' title='bbox 3108 1077 3209 1117; x_wconf 89' lang='lat' dir='ltr'><strong>cur</strong></span> <span class='ocrx_word' id='word_1_160' title='bbox 3267 1079 3333 1117; x_wconf 80' lang='lat' dir='ltr'><strong>ex</strong></span> <span class='ocrx_word' id='word_1_161' title='bbox 3365 1062 3619 1116; x_wconf 91' lang='lat' dir='ltr'><strong>humenti</strong></span> 
     </span>
    </p>
   </div>
   <div class='ocr_carea' id='block_1_25' title="bbox 2045 1154 3622 1228">
    <p class='ocr_par' dir='ltr' id='par_1_25' title="bbox 2045 1154 3622 1228">
     <span class='ocr_line' id='line_1_25' title="bbox 2045 1154 3622 1228; baseline -0.004 -17"><span class='ocrx_word' id='word_1_162' title='bbox 2045 1165 2221 1228; x_wconf 80' lang='lat' dir='ltr'><strong>gutta,</strong></span> <span class='ocrx_word' id='word_1_163' title='bbox 2292 1157 2442 1211; x_wconf 90' lang='lat' dir='ltr'><strong>nullo</strong></span> <span class='ocrx_word' id='word_1_164' title='bbox 2502 1155 2749 1210; x_wconf 88' lang='lat' dir='ltr'><strong>colorum</strong></span> <span class='ocrx_word' id='word_1_165' title='bbox 2791 1154 3067 1224; x_wconf 86' lang='lat' dir='ltr'><strong>pigmento</strong></span> <span class='ocrx_word' id='word_1_166' title='bbox 3109 1161 3163 1207; x_wconf 87' lang='lat' dir='ltr'><strong>et</strong></span> <span class='ocrx_word' id='word_1_167' title='bbox 3202 1154 3339 1208; x_wconf 91' lang='lat' dir='ltr'><strong>artis</strong></span> <span class='ocrx_word' id='word_1_168' title='bbox 3387 1154 3622 1222; x_wconf 85' lang='lat' dir='ltr'><strong>pictura,</strong></span> 
     </span>
    </p>
   </div>
   <div class='ocr_carea' id='block_1_26' title="bbox 2046 1243 3626 1318">
    <p class='ocr_par' dir='ltr' id='par_1_26' title="bbox 2046 1243 3626 1318">
     <span class='ocr_line' id='line_1_26' title="bbox 2046 1243 3626 1318; baseline -0.004 -17"><span class='ocrx_word' id='word_1_169' title='bbox 2046 1248 2315 1318; x_wconf 90' lang='lat' dir='ltr'><strong>impressa</strong></span> <span class='ocrx_word' id='word_1_170' title='bbox 2350 1246 2453 1302; x_wconf 92' lang='lat' dir='ltr'><strong>fuit</strong></span> <span class='ocrx_word' id='word_1_171' title='bbox 2488 1247 2543 1300; x_wconf 90' lang='lat' dir='ltr'><strong>in</strong></span> <span class='ocrx_word' id='word_1_172' title='bbox 2577 1246 2749 1300; x_wconf 90' lang='lat' dir='ltr'><strong>linteo</strong></span> <span class='ocrx_word' id='word_1_173' title='bbox 2788 1244 2973 1298; x_wconf 86' lang='lat' dir='ltr'><strong>vultus</strong></span> <span class='ocrx_word' id='word_1_174' title='bbox 3018 1243 3232 1310; x_wconf 88' lang='lat' dir='ltr'><strong>forma;</strong></span> <span class='ocrx_word' id='word_1_175' title='bbox 3265 1258 3483 1313; x_wconf 87' lang='lat' dir='ltr'><strong>quaque</strong></span> <span class='ocrx_word' id='word_1_176' title='bbox 3538 1244 3626 1296; x_wconf 84' lang='lat' dir='ltr'><strong>ni-</strong></span> 
     </span>
    </p>
   </div>
   <div class='ocr_carea' id='block_1_27' title="bbox 2048 1340 3623 1413">
    <p class='ocr_par' dir='ltr' id='par_1_27' title="bbox 2048 1340 3623 1413">
     <span class='ocr_line' id='line_1_27' title="bbox 2048 1340 3623 1413; baseline -0.004 -16"><span class='ocrx_word' id='word_1_177' title='bbox 2048 1343 2351 1399; x_wconf 84' lang='lat' dir='ltr'><strong>hilominus</strong></span> <span class='ocrx_word' id='word_1_178' title='bbox 2382 1342 2597 1397; x_wconf 89' lang='lat' dir='ltr'><strong>ratione</strong></span> <span class='ocrx_word' id='word_1_179' title='bbox 2629 1342 2839 1413; x_wconf 78' lang='lat' dir='ltr'><strong>fragilis</strong></span> <span class='ocrx_word' id='word_1_180' title='bbox 2878 1341 3013 1395; x_wconf 82' lang='lat' dir='ltr'><strong>adeo</strong></span> <span class='ocrx_word' id='word_1_181' title='bbox 3042 1340 3270 1396; x_wconf 84' lang='lat' dir='ltr'><strong>materia</strong></span> <span class='ocrx_word' id='word_1_182' title='bbox 3302 1348 3455 1393; x_wconf 89' lang='lat' dir='ltr'><strong>tanto</strong></span> <span class='ocrx_word' id='word_1_183' title='bbox 3484 1350 3623 1392; x_wconf 82' lang='lat' dir='ltr'><strong>tem-</strong></span> 
     </span>
    </p>
   </div>
   <div class='ocr_carea' id='block_1_28' title="bbox 2050 1431 3626 1501">
    <p class='ocr_par' dir='ltr' id='par_1_28' title="bbox 2050 1431 3626 1501">
     <span class='ocr_line' id='line_1_28' title="bbox 2050 1431 3626 1501; baseline -0.001 -16"><span class='ocrx_word' id='word_1_184' title='bbox 2050 1447 2182 1500; x_wconf 89' lang='lat' dir='ltr'><strong>pore</strong></span> <span class='ocrx_word' id='word_1_185' title='bbox 2208 1433 2344 1485; x_wconf 90' lang='lat' dir='ltr'><strong>nulli</strong></span> <span class='ocrx_word' id='word_1_186' title='bbox 2378 1431 2483 1485; x_wconf 91' lang='lat' dir='ltr'><strong>fuit</strong></span> <span class='ocrx_word' id='word_1_187' title='bbox 2508 1432 2814 1487; x_wconf 88' lang='lat' dir='ltr'><strong>interitioni</strong></span> <span class='ocrx_word' id='word_1_188' title='bbox 2846 1432 3063 1501; x_wconf 86' lang='lat' dir='ltr'><strong>labique</strong></span> <span class='ocrx_word' id='word_1_189' title='bbox 3088 1431 3357 1497; x_wconf 76' lang='lat' dir='ltr'><strong>obnoxia;</strong></span> <span class='ocrx_word' id='word_1_190' title='bbox 3389 1446 3451 1485; x_wconf 92' lang='lat' dir='ltr'><strong>ac</strong></span> <span class='ocrx_word' id='word_1_191' title='bbox 3478 1446 3626 1499; x_wconf 68' lang='lat' dir='ltr'><strong>qum-</strong></span> 
     </span>
    </p>
   </div>
   <div class='ocr_carea' id='block_1_29' title="bbox 2054 1523 3626 1592">
    <p class='ocr_par' dir='ltr' id='par_1_29' title="bbox 2054 1523 3626 1592">
     <span class='ocr_line' id='line_1_29' title="bbox 2054 1523 3626 1592; baseline 0.001 -16"><span class='ocrx_word' id='word_1_192' title='bbox 2054 1538 2277 1592; x_wconf 89' lang='lat' dir='ltr'><strong>cuuque</strong></span> <span class='ocrx_word' id='word_1_193' title='bbox 2317 1524 2555 1589; x_wconf 84' lang='lat' dir='ltr'><strong>denique</strong></span> <span class='ocrx_word' id='word_1_194' title='bbox 2590 1524 2717 1585; x_wconf 90' lang='lat' dir='ltr'><strong>alia,</strong></span> <span class='ocrx_word' id='word_1_195' title='bbox 2752 1523 3004 1591; x_wconf 86' lang='lat' dir='ltr'><strong>quisquis</strong></span> <span class='ocrx_word' id='word_1_196' title='bbox 3057 1538 3147 1578; x_wconf 89' lang='lat' dir='ltr'><strong>res</strong></span> <span class='ocrx_word' id='word_1_197' title='bbox 3178 1524 3503 1577; x_wconf 82' lang='lat' dir='ltr'><strong>naturaliter</strong></span> <span class='ocrx_word' id='word_1_198' title='bbox 3531 1539 3626 1590; x_wconf 73' lang='lat' dir='ltr'><strong>ag-</strong></span> 
     </span>
    </p>
   </div>
   <div class='ocr_carea' id='block_1_30' title="bbox 358 1609 1945 1685">
    <p class='ocr_par' dir='ltr' id='par_1_30' title="bbox 358 1609 1945 1685">
     <span class='ocr_line' id='line_1_30' title="bbox 358 1609 1945 1685; baseline -0.006 -13"><span class='ocrx_word' id='word_1_199' title='bbox 358 1618 455 1672; x_wconf 76' lang='grc' dir='ltr'>καὶ</span> <span class='ocrx_word' id='word_1_200' title='bbox 489 1618 569 1681; x_wconf 90' lang='grc' dir='ltr'><strong>είς</strong></span> <span class='ocrx_word' id='word_1_201' title='bbox 629 1616 869 1670; x_wconf 82' lang='grc' dir='ltr'>ἄϐυσσον</span> <span class='ocrx_word' id='word_1_202' title='bbox 937 1613 1314 1685; x_wconf 75' lang='grc' dir='ltr'><strong>ἀκαταληψίας</strong></span> <span class='ocrx_word' id='word_1_203' title='bbox 1386 1609 1715 1676; x_wconf 86' lang='grc' dir='ltr'>ἀποπεσὼν,</span> <span class='ocrx_word' id='word_1_204' title='bbox 1766 1609 1945 1664; x_wconf 82' lang='grc' dir='ltr'>κινδυ-</span> 
     </span>
    </p>
   </div>
   <div class='ocr_carea' id='block_1_31' title="bbox 2051 1609 3627 1685">
    <p class='ocr_par' dir='ltr' id='par_1_31' title="bbox 2054 1612 3627 1685">
     <span class='ocr_line' id='line_1_31' title="bbox 2054 1612 3627 1685; baseline -0.001 -17"><span class='ocrx_word' id='word_1_205' title='bbox 2054 1614 2323 1683; x_wconf 85' lang='lat' dir='ltr'><strong>greditur,</strong></span> <span class='ocrx_word' id='word_1_206' title='bbox 2385 1612 2682 1681; x_wconf 85' lang='lat' dir='ltr'><strong>diligenter</strong></span> <span class='ocrx_word' id='word_1_207' title='bbox 2714 1613 2954 1666; x_wconf 89' lang='lat' dir='ltr'><strong>scrutari</strong></span> <span class='ocrx_word' id='word_1_208' title='bbox 3012 1615 3172 1675; x_wconf 85' lang='lat' dir='ltr'><strong>solet,</strong></span> <span class='ocrx_word' id='word_1_209' title='bbox 3208 1613 3301 1668; x_wconf 89' lang='lat' dir='ltr'><strong>Dei</strong></span> <span class='ocrx_word' id='word_1_210' title='bbox 3342 1616 3627 1685; x_wconf 81' lang='lat' dir='ltr'><strong>sapientiae</strong></span> 
     </span>
    </p>
   </div>
   <div class='ocr_carea' id='block_1_32' title="bbox 355 1698 1945 1777">
    <p class='ocr_par' dir='ltr' id='par_1_32' title="bbox 355 1698 1945 1777">
     <span class='ocr_line' id='line_1_32' title="bbox 355 1698 1945 1777; baseline -0.004 -17"><span class='ocrx_word' id='word_1_211' title='bbox 355 1707 539 1761; x_wconf 66' lang='grc' dir='ltr'>νεῦσει</span> <span class='ocrx_word' id='word_1_212' title='bbox 565 1707 695 1777; x_wconf 71' lang='grc' dir='ltr'>περὶ</span> <span class='ocrx_word' id='word_1_213' title='bbox 718 1706 788 1760; x_wconf 89' lang='grc' dir='ltr'><strong>τά</strong></span> <span class='ocrx_word' id='word_1_214' title='bbox 826 1705 1037 1777; x_wconf 85' lang='grc' dir='ltr'>καίρια,</span> <span class='ocrx_word' id='word_1_215' title='bbox 1072 1702 1370 1775; x_wconf 79' lang='grc' dir='ltr'>ζημιωθεὶς</span> <span class='ocrx_word' id='word_1_216' title='bbox 1390 1701 1461 1755; x_wconf 86' lang='grc' dir='ltr'><strong>τά</strong></span> <span class='ocrx_word' id='word_1_217' title='bbox 1494 1700 1728 1771; x_wconf 82' lang='grc' dir='ltr'>μεγάλα,</span> <span class='ocrx_word' id='word_1_218' title='bbox 1756 1701 1849 1754; x_wconf 83' lang='grc' dir='ltr'>ἵνα</span> <span class='ocrx_word' id='word_1_219' title='bbox 1873 1698 1945 1771; x_wconf 77' lang='grc' dir='ltr'>μὴ</span> 
     </span>
    </p>
   </div>
   <div class='ocr_carea' id='block_1_33' title="bbox 2051 1698 3625 1777">
    <p class='ocr_par' dir='ltr' id='par_1_33' title="bbox 2052 1703 3625 1775">
     <span class='ocr_line' id='line_1_33' title="bbox 2052 1703 3625 1775; baseline -0.001 -15"><span class='ocrx_word' id='word_1_220' title='bbox 2052 1705 2350 1775; x_wconf 77' lang='lat' dir='ltr'><strong>relinquat,</strong></span> <span class='ocrx_word' id='word_1_221' title='bbox 2383 1718 2546 1772; x_wconf 91' lang='lat' dir='ltr'><strong>quam</strong></span> <span class='ocrx_word' id='word_1_222' title='bbox 2608 1717 2769 1756; x_wconf 88' lang='lat' dir='ltr'><strong>nemo</strong></span> <span class='ocrx_word' id='word_1_223' title='bbox 2822 1703 2958 1757; x_wconf 91' lang='lat' dir='ltr'><strong>satis</strong></span> <span class='ocrx_word' id='word_1_224' title='bbox 3013 1704 3231 1772; x_wconf 73' lang='lat' dir='ltr'><strong>assequi</strong></span> <span class='ocrx_word' id='word_1_225' title='bbox 3280 1714 3489 1772; x_wconf 87' lang='lat' dir='ltr'><strong>queat:</strong></span> <span class='ocrx_word' id='word_1_226' title='bbox 3531 1706 3625 1774; x_wconf 90' lang='lat' dir='ltr'><strong>qui</strong></span> 
     </span>
    </p>
   </div>
   <div class='ocr_carea' id='block_1_34' title="bbox 353 1790 1945 1871">
    <p class='ocr_par' dir='ltr' id='par_1_34' title="bbox 353 1790 1945 1871">
     <span class='ocr_line' id='line_1_34' title="bbox 353 1790 1945 1871; baseline -0.004 -18"><span class='ocrx_word' id='word_1_227' title='bbox 353 1800 479 1870; x_wconf 73' lang='grc' dir='ltr'>δοξῇ</span> <span class='ocrx_word' id='word_1_228' title='bbox 510 1799 588 1871; x_wconf 73' lang='grc'><strong>(2)</strong></span> <span class='ocrx_word' id='word_1_229' title='bbox 622 1800 691 1851; x_wconf 69' lang='grc' dir='ltr'><strong>τὰ</strong></span> <span class='ocrx_word' id='word_1_230' title='bbox 730 1799 903 1870; x_wconf 85' lang='grc' dir='ltr'>μικρά</span> <span class='ocrx_word' id='word_1_231' title='bbox 944 1798 1273 1869; x_wconf 87' lang='grc' dir='ltr'>συγχωρεῖν.</span> <span class='ocrx_word' id='word_1_232' title='bbox 1326 1796 1482 1849; x_wconf 88' lang='grc' dir='ltr'>Ὅσοι</span> <span class='ocrx_word' id='word_1_233' title='bbox 1534 1790 1627 1849; x_wconf 83' lang='grc' dir='ltr'>οὖν</span> <span class='ocrx_word' id='word_1_234' title='bbox 1672 1794 1782 1849; x_wconf 85' lang='grc' dir='ltr'><strong>τῶν</strong></span> <span class='ocrx_word' id='word_1_235' title='bbox 1825 1795 1945 1864; x_wconf 72' lang='grc' dir='ltr'>περὶ</span> 
     </span>
    </p>
   </div>
   <div class='ocr_carea' id='block_1_35' title="bbox 2051 1790 3628 1871">
    <p class='ocr_par' dir='ltr' id='par_1_35' title="bbox 2059 1791 3628 1861">
     <span class='ocr_line' id='line_1_35' title="bbox 2059 1791 3628 1861; baseline -0.002 -11"><span class='ocrx_word' id='word_1_236' title='bbox 2059 1795 2320 1851; x_wconf 89' lang='lat' dir='ltr'><strong>nimirum</strong></span> <span class='ocrx_word' id='word_1_237' title='bbox 2353 1793 2513 1858; x_wconf 90' lang='lat' dir='ltr'><strong>sciat,</strong></span> <span class='ocrx_word' id='word_1_238' title='bbox 2543 1792 2590 1847; x_wconf 91' lang='lat' dir='ltr'><strong>si</strong></span> <span class='ocrx_word' id='word_1_239' title='bbox 2623 1792 2747 1860; x_wconf 90' lang='lat' dir='ltr'><strong>quis</strong></span> <span class='ocrx_word' id='word_1_240' title='bbox 2797 1791 2979 1845; x_wconf 86' lang='lat' dir='ltr'><strong>omnia</strong></span> <span class='ocrx_word' id='word_1_241' title='bbox 3012 1792 3210 1845; x_wconf 86' lang='lat' dir='ltr'><strong>mentis</strong></span> <span class='ocrx_word' id='word_1_242' title='bbox 3242 1792 3358 1846; x_wconf 88' lang='lat' dir='ltr'><strong>acie</strong></span> <span class='ocrx_word' id='word_1_243' title='bbox 3386 1794 3628 1861; x_wconf 88' lang='lat' dir='ltr'><strong>perfecte</strong></span> 
     </span>
    </p>
   </div>
   <div class='ocr_carea' id='block_1_36' title="bbox 357 1882 1939 1959">
    <p class='ocr_par' dir='ltr' id='par_1_36' title="bbox 357 1882 1939 1959">
     <span class='ocr_line' id='line_1_36' title="bbox 357 1882 1939 1959; baseline -0.004 -16"><span class='ocrx_word' id='word_1_244' title='bbox 357 1889 457 1959; x_wconf 81' lang='grc' dir='ltr'>τὴν</span> <span class='ocrx_word' id='word_1_245' title='bbox 508 1889 692 1942; x_wconf 88' lang='grc' dir='ltr'>πίστιν</span> <span class='ocrx_word' id='word_1_246' title='bbox 736 1887 913 1958; x_wconf 81' lang='grc' dir='ltr'>ὀρθῶν</span> <span class='ocrx_word' id='word_1_247' title='bbox 936 1928 952 1953; x_wconf 91' lang='grc'><strong>,</strong></span> <span class='ocrx_word' id='word_1_248' title='bbox 988 1889 1087 1941; x_wconf 75' lang='grc' dir='ltr'>καὶ</span> <span class='ocrx_word' id='word_1_249' title='bbox 1118 1886 1473 1959; x_wconf 87' lang='grc' dir='ltr'>θερμοτέρων</span> <span class='ocrx_word' id='word_1_250' title='bbox 1502 1885 1631 1954; x_wconf 81' lang='grc' dir='ltr'>περὶ</span> <span class='ocrx_word' id='word_1_251' title='bbox 1657 1883 1750 1937; x_wconf 73' lang='grc' dir='ltr'><strong>τὸν</strong></span> <span class='ocrx_word' id='word_1_252' title='bbox 1778 1882 1939 1954; x_wconf 79' lang='grc' dir='ltr'>ζῆλον</span> 
     </span>
    </p>
   </div>
   <div class='ocr_carea' id='block_1_37' title="bbox 358 1976 1937 2051">
    <p class='ocr_par' dir='ltr' id='par_1_37' title="bbox 358 1976 1937 2051">
     <span class='ocr_line' id='line_1_37' title="bbox 358 1976 1937 2051; baseline -0.001 -19"><span class='ocrx_word' id='word_1_253' title='bbox 358 1979 589 2033; x_wconf 82' lang='grc' dir='ltr'>ἐνταῦθα</span> <span class='ocrx_word' id='word_1_254' title='bbox 618 1980 1035 2051; x_wconf 82' lang='grc' dir='ltr'><strong>συνεληλύθατε,</strong></span> <span class='ocrx_word' id='word_1_255' title='bbox 1053 1978 1253 2044; x_wconf 83' lang='grc' dir='ltr'>Δεῦτε,</span> <span class='ocrx_word' id='word_1_256' title='bbox 1268 1978 1593 2042; x_wconf 82' lang='grc' dir='ltr'>ἀκούσατε,</span> <span class='ocrx_word' id='word_1_257' title='bbox 1613 1977 1709 2031; x_wconf 72' lang='grc' dir='ltr'><strong>καί</strong></span> <span class='ocrx_word' id='word_1_258' title='bbox 1731 1976 1937 2047; x_wconf 76' lang='grc' dir='ltr'>διηγή-</span> 
     </span>
    </p>
   </div>
   <div class='ocr_carea' id='block_1_38' title="bbox 360 2066 1929 2140">
    <p class='ocr_par' dir='ltr' id='par_1_38' title="bbox 360 2066 1929 2140">
     <span class='ocr_line' id='line_1_38' title="bbox 360 2066 1929 2140; baseline -0.004 -18"><span class='ocrx_word' id='word_1_259' title='bbox 360 2085 543 2139; x_wconf 77' lang='grc' dir='ltr'>σομαι</span> <span class='ocrx_word' id='word_1_260' title='bbox 573 2070 735 2139; x_wconf 72' lang='grc' dir='ltr'>ὑμῖν,</span> <span class='ocrx_word' id='word_1_261' title='bbox 782 2072 926 2140; x_wconf 82' lang='grc' dir='ltr'>ἆπερ</span> <span class='ocrx_word' id='word_1_262' title='bbox 954 2071 1021 2138; x_wconf 81' lang='grc' dir='ltr'><strong>τῇ</strong></span> <span class='ocrx_word' id='word_1_263' title='bbox 1046 2067 1241 2138; x_wconf 78' lang='grc' dir='ltr'>δεούσῃ</span> <span class='ocrx_word' id='word_1_264' title='bbox 1275 2066 1496 2137; x_wconf 82' lang='grc' dir='ltr'>βασάνῳ</span> <span class='ocrx_word' id='word_1_265' title='bbox 1527 2066 1735 2119; x_wconf 76' lang='grc' dir='ltr'>ἕκαστα</span> <span class='ocrx_word' id='word_1_266' title='bbox 1761 2066 1929 2118; x_wconf 81' lang='grc' dir='ltr'>πολυο</span> 
     </span>
    </p>
   </div>
   <div class='ocr_carea' id='block_1_39' title="bbox 366 2155 1935 2231">
    <p class='ocr_par' dir='ltr' id='par_1_39' title="bbox 366 2155 1935 2231">
     <span class='ocr_line' id='line_1_39' title="bbox 366 2155 1935 2231; baseline -0.003 -18"><span class='ocrx_word' id='word_1_267' title='bbox 366 2162 789 2231; x_wconf 87' lang='grc' dir='ltr'>πραγμονήσας,</span> <span class='ocrx_word' id='word_1_268' title='bbox 839 2160 934 2212; x_wconf 72' lang='grc' dir='ltr'>καὶ</span> <span class='ocrx_word' id='word_1_269' title='bbox 980 2160 1079 2211; x_wconf 80' lang='grc' dir='ltr'>οὐκ</span> <span class='ocrx_word' id='word_1_270' title='bbox 1113 2155 1514 2229; x_wconf 80' lang='grc' dir='ltr'>ἀταλαιπώρως</span> <span class='ocrx_word' id='word_1_271' title='bbox 1542 2157 1673 2226; x_wconf 71' lang='grc' dir='ltr'>περὶ</span> <span class='ocrx_word' id='word_1_272' title='bbox 1700 2156 1799 2226; x_wconf 84' lang='grc' dir='ltr'>τὴν</span> <span class='ocrx_word' id='word_1_273' title='bbox 1836 2157 1935 2225; x_wconf 84' lang='grc' dir='ltr'>τῆς</span> 
     </span>
    </p>
   </div>
   <div class='ocr_carea' id='block_1_40' title="bbox 363 2247 1933 2320">
    <p class='ocr_par' dir='ltr' id='par_1_40' title="bbox 363 2247 1933 2320">
     <span class='ocr_line' id='line_1_40' title="bbox 363 2247 1933 2320; baseline -0.001 -19"><span class='ocrx_word' id='word_1_274' title='bbox 363 2250 622 2319; x_wconf 73' lang='grc' dir='ltr'>ἀληθείας</span> <span class='ocrx_word' id='word_1_275' title='bbox 658 2250 1037 2320; x_wconf 85' lang='grc' dir='ltr'>διαγενόμενος</span> <span class='ocrx_word' id='word_1_276' title='bbox 1067 2249 1314 2320; x_wconf 79' lang='grc' dir='ltr'>ζήτησιν,</span> <span class='ocrx_word' id='word_1_277' title='bbox 1343 2248 1455 2303; x_wconf 88' lang='grc' dir='ltr'><strong>ἀπό</strong></span> <span class='ocrx_word' id='word_1_278' title='bbox 1473 2265 1532 2301; x_wconf 89' lang='grc' dir='ltr'><strong>τε</strong></span> <span class='ocrx_word' id='word_1_279' title='bbox 1560 2248 1670 2301; x_wconf 90' lang='grc' dir='ltr'><strong>τῶν</strong></span> <span class='ocrx_word' id='word_1_280' title='bbox 1693 2247 1933 2317; x_wconf 81' lang='grc' dir='ltr'>ἱστορίας</span> 
     </span>
    </p>
   </div>
   <div class='ocr_carea' id='block_1_41' title="bbox 362 2336 1940 2409">
    <p class='ocr_par' dir='ltr' id='par_1_41' title="bbox 362 2336 1940 2409">
     <span class='ocr_line' id='line_1_41' title="bbox 362 2336 1940 2409; baseline -0.001 -19"><span class='ocrx_word' id='word_1_281' title='bbox 362 2339 710 2407; x_wconf 71' lang='grc' dir='ltr'>γραψάντων,</span> <span class='ocrx_word' id='word_1_282' title='bbox 751 2340 848 2393; x_wconf 79' lang='grc' dir='ltr'><strong>καὶ</strong></span> <span class='ocrx_word' id='word_1_283' title='bbox 887 2341 995 2394; x_wconf 78' lang='grc' dir='ltr'>ἀπὸ</span> <span class='ocrx_word' id='word_1_284' title='bbox 1023 2340 1134 2393; x_wconf 87' lang='grc' dir='ltr'><strong>τῶν</strong></span> <span class='ocrx_word' id='word_1_285' title='bbox 1156 2339 1365 2393; x_wconf 88' lang='grc' dir='ltr'>ἐκεῖθεν</span> <span class='ocrx_word' id='word_1_286' title='bbox 1388 2340 1467 2402; x_wconf 89' lang='grc' dir='ltr'><strong>εἰς</strong></span> <span class='ocrx_word' id='word_1_287' title='bbox 1487 2340 1637 2409; x_wconf 81' lang='grc' dir='ltr'>ἡμᾶς</span> <span class='ocrx_word' id='word_1_288' title='bbox 1656 2336 1940 2390; x_wconf 89' lang='grc' dir='ltr'>ἐλθόντων.</span> 
     </span>
    </p>
   </div>
   <div class='ocr_carea' id='block_1_42' title="bbox 364 2428 1946 2501">
    <p class='ocr_par' dir='ltr' id='par_1_42' title="bbox 364 2428 1946 2501">
     <span class='ocr_line' id='line_1_42' title="bbox 364 2428 1946 2501; baseline 0.001 -20"><span class='ocrx_word' id='word_1_289' title='bbox 364 2431 433 2481; x_wconf 73' lang='grc' dir='ltr'>Ἀ</span> <span class='ocrx_word' id='word_1_290' title='bbox 463 2429 537 2493; x_wconf 88' lang='grc' dir='ltr'><strong>ώς</strong></span> <span class='ocrx_word' id='word_1_291' title='bbox 568 2430 636 2482; x_wconf 84' lang='grc' dir='ltr'>δι’</span> <span class='ocrx_word' id='word_1_292' title='bbox 668 2432 1005 2501; x_wconf 73' lang='grc' dir='ltr'>ἀπορρήτων</span> <span class='ocrx_word' id='word_1_293' title='bbox 1034 2434 1101 2501; x_wconf 80' lang='grc' dir='ltr'>τῇ</span> <span class='ocrx_word' id='word_1_294' title='bbox 1140 2432 1332 2501; x_wconf 81' lang='grc' dir='ltr'>μνήμῃ</span> <span class='ocrx_word' id='word_1_295' title='bbox 1366 2431 1498 2500; x_wconf 82' lang='grc' dir='ltr'>παρ’</span> <span class='ocrx_word' id='word_1_296' title='bbox 1537 2430 1720 2492; x_wconf 78' lang='grc' dir='ltr'>αὐτοῖς</span> <span class='ocrx_word' id='word_1_297' title='bbox 1747 2428 1946 2483; x_wconf 82' lang='grc' dir='ltr'>διασώ-</span> 
     </span>
    </p>
   </div>
   <div class='ocr_carea' id='block_1_43' title="bbox 361 2521 1427 2593">
    <p class='ocr_par' dir='ltr' id='par_1_43' title="bbox 361 2521 1427 2593">
     <span class='ocr_line' id='line_1_43' title="bbox 361 2521 1427 2593; baseline 0.001 -18"><span class='ocrx_word' id='word_1_298' title='bbox 361 2521 549 2586; x_wconf 79' lang='grc' dir='ltr'>ζεσθαι</span> <span class='ocrx_word' id='word_1_299' title='bbox 582 2521 787 2591; x_wconf 77' lang='grc' dir='ltr'>ἔλεγον,</span> <span class='ocrx_word' id='word_1_300' title='bbox 818 2522 1121 2593; x_wconf 80' lang='grc' dir='ltr'>ἀκριϐῶσαι</span> <span class='ocrx_word' id='word_1_301' title='bbox 1151 2522 1427 2591; x_wconf 81' lang='grc' dir='ltr'>ἐξίσχυσα.</span> 
     </span>
    </p>
   </div>
   <div class='ocr_carea' id='block_1_44' title="bbox 2050 1882 3627 1955">
    <p class='ocr_par' dir='ltr' id='par_1_44' title="bbox 2050 1882 3627 1955">
     <span class='ocr_line' id='line_1_44' title="bbox 2050 1882 3627 1955; baseline -0.004 -10"><span class='ocrx_word' id='word_1_302' title='bbox 2050 1884 2341 1955; x_wconf 89' lang='lat' dir='ltr'><strong>complecti</strong></span> <span class='ocrx_word' id='word_1_303' title='bbox 2388 1884 2726 1949; x_wconf 89' lang='lat' dir='ltr'><strong>connitatur,</strong></span> <span class='ocrx_word' id='word_1_304' title='bbox 2780 1882 2898 1937; x_wconf 92' lang='lat' dir='ltr'><strong>fore</strong></span> <span class='ocrx_word' id='word_1_305' title='bbox 2954 1890 3014 1937; x_wconf 90' lang='lat' dir='ltr'><strong>ut</strong></span> <span class='ocrx_word' id='word_1_306' title='bbox 3068 1883 3396 1953; x_wconf 81' lang='lat' dir='ltr'><strong>ignorantiae</strong></span> <span class='ocrx_word' id='word_1_307' title='bbox 3438 1886 3627 1939; x_wconf 81' lang='lat' dir='ltr'><strong>omnis</strong></span> 
     </span>
    </p>
   </div>
   <div class='ocr_carea' id='block_1_45' title="bbox 2038 1977 3626 2049">
    <p class='ocr_par' dir='ltr' id='par_1_45' title="bbox 2038 1977 3626 2049">
     <span class='ocr_line' id='line_1_45' title="bbox 2038 1977 3626 2049; baseline -0.004 -10"><span class='ocrx_word' id='word_1_308' title='bbox 2038 1998 2255 2039; x_wconf 86' lang='lat' dir='ltr'><strong>mersus</strong></span> <span class='ocrx_word' id='word_1_309' title='bbox 2314 1980 2609 2044; x_wconf 86' lang='lat' dir='ltr'><strong>barathro,</strong></span> <span class='ocrx_word' id='word_1_310' title='bbox 2668 1979 2983 2049; x_wconf 88' lang='lat' dir='ltr'><strong>abyssoque</strong></span> <span class='ocrx_word' id='word_1_311' title='bbox 3051 1977 3626 2046; x_wconf 88' lang='lat' dir='ltr'><strong>incomprehensionis</strong></span> 
     </span>
    </p>
   </div>
   <div class='ocr_carea' id='block_1_46' title="bbox 2038 2069 3627 2142">
    <p class='ocr_par' dir='ltr' id='par_1_46' title="bbox 2038 2069 3627 2142">
     <span class='ocr_line' id='line_1_46' title="bbox 2038 2069 3627 2142; baseline -0.003 -14"><span class='ocrx_word' id='word_1_312' title='bbox 2038 2075 2269 2128; x_wconf 91' lang='lat' dir='ltr'><strong>obrutus</strong></span> <span class='ocrx_word' id='word_1_313' title='bbox 2281 2087 2344 2127; x_wconf 89' lang='lat' dir='ltr'><strong>ac</strong></span> <span class='ocrx_word' id='word_1_314' title='bbox 2364 2071 2821 2142; x_wconf 83' lang='lat' dir='ltr'><strong>stuporis,eorutn</strong></span> <span class='ocrx_word' id='word_1_315' title='bbox 2843 2085 2965 2140; x_wconf 73' lang='lat' dir='ltr'><strong>qua:</strong></span> <span class='ocrx_word' id='word_1_316' title='bbox 2978 2069 3365 2139; x_wconf 90' lang='lat' dir='ltr'><strong>principaliora</strong></span> <span class='ocrx_word' id='word_1_317' title='bbox 3379 2079 3509 2127; x_wconf 92' lang='lat' dir='ltr'><strong>sunt</strong></span> <span class='ocrx_word' id='word_1_318' title='bbox 3528 2085 3627 2124; x_wconf 82' lang='lat' dir='ltr'><strong>no—</strong></span> 
     </span>
    </p>
   </div>
   <div class='ocr_carea' id='block_1_47' title="bbox 2038 2160 3617 2229">
    <p class='ocr_par' dir='ltr' id='par_1_47' title="bbox 2038 2160 3617 2229">
     <span class='ocr_line' id='line_1_47' title="bbox 2038 2160 3617 2229; baseline -0.001 -14"><span class='ocrx_word' id='word_1_319' title='bbox 2038 2164 2186 2215; x_wconf 92' lang='lat' dir='ltr'><strong>mine</strong></span> <span class='ocrx_word' id='word_1_320' title='bbox 2217 2161 2485 2229; x_wconf 80' lang='lat' dir='ltr'><strong>iacturam</strong></span> <span class='ocrx_word' id='word_1_321' title='bbox 2512 2160 2771 2228; x_wconf 89' lang='lat' dir='ltr'><strong>patiatur,</strong></span> <span class='ocrx_word' id='word_1_322' title='bbox 2801 2176 2870 2213; x_wconf 90' lang='lat' dir='ltr'><strong>ne</strong></span> <span class='ocrx_word' id='word_1_323' title='bbox 2894 2160 2948 2213; x_wconf 89' lang='lat' dir='ltr'><strong>in</strong></span> <span class='ocrx_word' id='word_1_324' title='bbox 2974 2160 3059 2215; x_wconf 89' lang='lat' dir='ltr'><strong>his</strong></span> <span class='ocrx_word' id='word_1_325' title='bbox 3086 2175 3209 2229; x_wconf 63' lang='lat' dir='ltr'><strong>qua:</strong></span> <span class='ocrx_word' id='word_1_326' title='bbox 3244 2171 3377 2219; x_wconf 85' lang='lat' dir='ltr'><strong>sunt</strong></span> <span class='ocrx_word' id='word_1_327' title='bbox 3402 2161 3617 2215; x_wconf 82' lang='lat' dir='ltr'><strong>minora</strong></span> 
     </span>
    </p>
   </div>
   <div class='ocr_carea' id='block_1_48' title="bbox 2046 2248 3626 2321">
    <p class='ocr_par' dir='ltr' id='par_1_48' title="bbox 2046 2248 3626 2321">
     <span class='ocr_line' id='line_1_48' title="bbox 2046 2248 3626 2321; baseline 0 -16"><span class='ocrx_word' id='word_1_328' title='bbox 2046 2251 2299 2305; x_wconf 86' lang='lat' dir='ltr'><strong>videatur</strong></span> <span class='ocrx_word' id='word_1_329' title='bbox 2341 2249 2547 2318; x_wconf 83' lang='lat' dir='ltr'><strong>aliquid</strong></span> <span class='ocrx_word' id='word_1_330' title='bbox 2585 2250 2907 2303; x_wconf 88' lang='lat' dir='ltr'><strong>concedere.</strong></span> <span class='ocrx_word' id='word_1_331' title='bbox 2968 2248 3251 2320; x_wconf 86' lang='lat' dir='ltr'><strong>Quotquot</strong></span> <span class='ocrx_word' id='word_1_332' title='bbox 3300 2249 3470 2321; x_wconf 89' lang='lat' dir='ltr'><strong>igitur</strong></span> <span class='ocrx_word' id='word_1_333' title='bbox 3520 2251 3626 2305; x_wconf 72' lang='lat' dir='ltr'><strong>fide</strong></span> 
     </span>
    </p>
   </div>
   <div class='ocr_carea' id='block_1_49' title="bbox 2051 2337 3624 2408">
    <p class='ocr_par' dir='ltr' id='par_1_49' title="bbox 2051 2337 3624 2408">
     <span class='ocr_line' id='line_1_49' title="bbox 2051 2337 3624 2408; baseline 0.002 -15"><span class='ocrx_word' id='word_1_334' title='bbox 2051 2340 2185 2395; x_wconf 91' lang='lat' dir='ltr'><strong>recti</strong></span> <span class='ocrx_word' id='word_1_335' title='bbox 2216 2338 2442 2408; x_wconf 88' lang='lat' dir='ltr'><strong>zeloque</strong></span> <span class='ocrx_word' id='word_1_336' title='bbox 2482 2337 2845 2393; x_wconf 88' lang='lat' dir='ltr'><strong>ferventiores</strong></span> <span class='ocrx_word' id='word_1_337' title='bbox 2874 2340 2979 2392; x_wconf 88' lang='lat' dir='ltr'><strong>huc</strong></span> <span class='ocrx_word' id='word_1_338' title='bbox 3008 2342 3373 2407; x_wconf 85' lang='lat' dir='ltr'><strong>convenistis,</strong></span> <span class='ocrx_word' id='word_1_339' title='bbox 3421 2341 3624 2405; x_wconf 66' lang='lat' dir='ltr'><strong>Venite,</strong></span> 
     </span>
    </p>
   </div>
   <div class='ocr_carea' id='block_1_50' title="bbox 2056 2428 3623 2500">
    <p class='ocr_par' dir='ltr' id='par_1_50' title="bbox 2056 2428 3623 2500">
     <span class='ocr_line' id='line_1_50' title="bbox 2056 2428 3623 2500; baseline 0.001 -17"><span class='ocrx_word' id='word_1_340' title='bbox 2056 2430 2255 2493; x_wconf 77' lang='lat' dir='ltr'><strong>audite,</strong></span> <span class='ocrx_word' id='word_1_341' title='bbox 2283 2440 2333 2483; x_wconf 84' lang='lat' dir='ltr'><strong>et</strong></span> <span class='ocrx_word' id='word_1_342' title='bbox 2367 2428 2598 2483; x_wconf 80' lang='lat' dir='ltr'><strong>narrabo</strong></span> <span class='ocrx_word' id='word_1_343' title='bbox 2628 2431 2771 2484; x_wconf 80' lang='lat' dir='ltr'><strong>vobis</strong></span> <span class='ocrx_word' id='word_1_344' title='bbox 2795 2445 2855 2485; x_wconf 86' lang='lat' dir='ltr'><strong>ea</strong></span> <span class='ocrx_word' id='word_1_345' title='bbox 2886 2447 3009 2500; x_wconf 71' lang='lat' dir='ltr'><strong>qua:</strong></span> <span class='ocrx_word' id='word_1_346' title='bbox 3037 2434 3386 2487; x_wconf 90' lang='lat' dir='ltr'><strong>convenienti</strong></span> <span class='ocrx_word' id='word_1_347' title='bbox 3411 2436 3623 2487; x_wconf 83' lang='lat' dir='ltr'><strong>exami-</strong></span> 
     </span>
    </p>
   </div>
   <div class='ocr_carea' id='block_1_51' title="bbox 2059 2518 3625 2590">
    <p class='ocr_par' dir='ltr' id='par_1_51' title="bbox 2059 2518 3625 2590">
     <span class='ocr_line' id='line_1_51' title="bbox 2059 2518 3625 2590; baseline 0.004 -19"><span class='ocrx_word' id='word_1_348' title='bbox 2059 2533 2127 2572; x_wconf 90' lang='lat' dir='ltr'><strong>ne</strong></span> <span class='ocrx_word' id='word_1_349' title='bbox 2160 2518 2377 2590; x_wconf 85' lang='lat' dir='ltr'><strong>singnla</strong></span> <span class='ocrx_word' id='word_1_350' title='bbox 2407 2535 2641 2589; x_wconf 81' lang='lat' dir='ltr'><strong>quaeque</strong></span> <span class='ocrx_word' id='word_1_351' title='bbox 2689 2522 2984 2587; x_wconf 88' lang='lat' dir='ltr'><strong>scrutanti,</strong></span> <span class='ocrx_word' id='word_1_352' title='bbox 3020 2537 3118 2577; x_wconf 88' lang='lat' dir='ltr'><strong>nec</strong></span> <span class='ocrx_word' id='word_1_353' title='bbox 3154 2524 3274 2578; x_wconf 90' lang='lat' dir='ltr'><strong>sine</strong></span> <span class='ocrx_word' id='word_1_354' title='bbox 3324 2526 3511 2579; x_wconf 89' lang='lat' dir='ltr'><strong>labore</strong></span> <span class='ocrx_word' id='word_1_355' title='bbox 3567 2526 3625 2579; x_wconf 91' lang='lat' dir='ltr'><strong>in</strong></span> 
     </span>
    </p>
   </div>
   <div class='ocr_carea' id='block_1_52' title="bbox 362 2615 3628 2693">
    <p class='ocr_par' dir='ltr' id='par_1_52' title="bbox 362 2615 3628 2693">
     <span class='ocr_line' id='line_1_52' title="bbox 362 2615 3628 2693; baseline 0.002 -22"><span class='ocrx_word' id='word_1_356' title='bbox 362 2619 589 2673; x_wconf 74' lang='lat' dir='ltr'><strong>veritate</strong></span> <span class='ocrx_word' id='word_1_357' title='bbox 623 2618 951 2689; x_wconf 88' lang='lat' dir='ltr'><strong>inquirenda</strong></span> <span class='ocrx_word' id='word_1_358' title='bbox 991 2624 1228 2683; x_wconf 85' lang='lat' dir='ltr'><strong>versato,</strong></span> <span class='ocrx_word' id='word_1_359' title='bbox 1266 2624 1374 2671; x_wconf 89' lang='lat' dir='ltr'><strong>tam</strong></span> <span class='ocrx_word' id='word_1_360' title='bbox 1404 2632 1470 2672; x_wconf 82' lang='lat' dir='ltr'><strong>ex</strong></span> <span class='ocrx_word' id='word_1_361' title='bbox 1502 2615 1570 2671; x_wconf 91' lang='lat' dir='ltr'><strong>iis</strong></span> <span class='ocrx_word' id='word_1_362' title='bbox 1592 2616 1685 2688; x_wconf 86' lang='lat' dir='ltr'><strong>qui</strong></span> <span class='ocrx_word' id='word_1_363' title='bbox 1723 2615 2071 2671; x_wconf 69' lang='lat' dir='ltr'><strong>historiarum</strong></span> <span class='ocrx_word' id='word_1_364' title='bbox 2106 2622 2454 2669; x_wconf 90' lang='lat' dir='ltr'><strong>monumenta</strong></span> <span class='ocrx_word' id='word_1_365' title='bbox 2478 2616 2838 2686; x_wconf 84' lang='lat' dir='ltr'><strong>scripserunt,</strong></span> <span class='ocrx_word' id='word_1_366' title='bbox 2867 2633 3028 2687; x_wconf 88' lang='lat' dir='ltr'><strong>quam</strong></span> <span class='ocrx_word' id='word_1_367' title='bbox 3060 2619 3151 2688; x_wconf 90' lang='lat' dir='ltr'><strong>qui</strong></span> <span class='ocrx_word' id='word_1_368' title='bbox 3175 2620 3323 2674; x_wconf 92' lang='lat' dir='ltr'><strong>illinc</strong></span> <span class='ocrx_word' id='word_1_369' title='bbox 3347 2636 3412 2676; x_wconf 92' lang='lat' dir='ltr'><strong>ac</strong></span> <span class='ocrx_word' id='word_1_370' title='bbox 3456 2620 3628 2693; x_wconf 74' lang='lat' dir='ltr'><strong>Syria:</strong></span> 
     </span>
    </p>
   </div>
   <div class='ocr_carea' id='block_1_53' title="bbox 362 2710 3613 2784">
    <p class='ocr_par' dir='ltr' id='par_1_53' title="bbox 362 2710 3613 2784">
     <span class='ocr_line' id='line_1_53' title="bbox 362 2710 3613 2784; baseline 0.002 -17"><span class='ocrx_word' id='word_1_371' title='bbox 362 2714 607 2784; x_wconf 87' lang='lat' dir='ltr'><strong>partibus</strong></span> <span class='ocrx_word' id='word_1_372' title='bbox 632 2712 699 2766; x_wconf 89' lang='lat' dir='ltr'><strong>ad</strong></span> <span class='ocrx_word' id='word_1_373' title='bbox 732 2727 833 2768; x_wconf 87' lang='lat' dir='ltr'><strong>nos</strong></span> <span class='ocrx_word' id='word_1_374' title='bbox 866 2718 1231 2777; x_wconf 81' lang='lat' dir='ltr'><strong>accesserunt,</strong></span> <span class='ocrx_word' id='word_1_375' title='bbox 1267 2724 1391 2766; x_wconf 89' lang='lat' dir='ltr'><strong>cum</strong></span> <span class='ocrx_word' id='word_1_376' title='bbox 1422 2712 1562 2781; x_wconf 81' lang='lat' dir='ltr'><strong>apud</strong></span> <span class='ocrx_word' id='word_1_377' title='bbox 1592 2711 1740 2783; x_wconf 92' lang='lat' dir='ltr'><strong>ipsos</strong></span> <span class='ocrx_word' id='word_1_378' title='bbox 1768 2726 1965 2766; x_wconf 87' lang='lat' dir='ltr'><strong>arcana</strong></span> <span class='ocrx_word' id='word_1_379' title='bbox 1995 2710 2107 2765; x_wconf 76' lang='lat' dir='ltr'><strong>haec</strong></span> <span class='ocrx_word' id='word_1_380' title='bbox 2154 2710 2414 2766; x_wconf 85' lang='lat' dir='ltr'><strong>memoria</strong></span> <span class='ocrx_word' id='word_1_381' title='bbox 2436 2720 2652 2767; x_wconf 78' lang='lat' dir='ltr'><strong>exstare</strong></span> <span class='ocrx_word' id='word_1_382' title='bbox 2679 2712 3083 2782; x_wconf 80' lang='lat' dir='ltr'><strong>profiterentur,</strong></span> <span class='ocrx_word' id='word_1_383' title='bbox 3122 2716 3366 2772; x_wconf 88' lang='lat' dir='ltr'><strong>nancisci</strong></span> <span class='ocrx_word' id='word_1_384' title='bbox 3389 2717 3613 2773; x_wconf 87' lang='lat' dir='ltr'><strong>demum</strong></span> 
     </span>
    </p>
   </div>
   <div class='ocr_carea' id='block_1_54' title="bbox 363 2804 831 2862">
    <p class='ocr_par' dir='ltr' id='par_1_54' title="bbox 363 2804 831 2862">
     <span class='ocr_line' id='line_1_54' title="bbox 363 2804 831 2862; baseline -0.006 -1"><span class='ocrx_word' id='word_1_385' title='bbox 363 2807 515 2862; x_wconf 81' lang='lat' dir='ltr'><strong>licuit</strong></span> <span class='ocrx_word' id='word_1_386' title='bbox 535 2820 600 2860; x_wconf 89' lang='lat' dir='ltr'><strong>ac</strong></span> <span class='ocrx_word' id='word_1_387' title='bbox 628 2804 831 2860; x_wconf 87' lang='lat' dir='ltr'><strong>doceri.</strong></span> 
     </span>
    </p>
   </div>
   <div class='ocr_carea' id='block_1_55' title="bbox 435 2918 1941 2990">
    <p class='ocr_par' dir='ltr' id='par_1_55' title="bbox 435 2918 1941 2990">
     <span class='ocr_line' id='line_1_55' title="bbox 435 2918 1941 2990; baseline -0.001 -17"><span class='ocrx_word' id='word_1_388' title='bbox 435 2922 509 2976; x_wconf 87' lang='lat' dir='ltr'><strong>B&#39;.</strong></span> <span class='ocrx_word' id='word_1_389' title='bbox 566 2920 673 2974; x_wconf 90' lang='grc' dir='ltr'>Τοῦ</span> <span class='ocrx_word' id='word_1_390' title='bbox 716 2921 921 2989; x_wconf 68' lang='grc' dir='ltr'>Κυρίου</span> <span class='ocrx_word' id='word_1_391' title='bbox 984 2920 1079 2972; x_wconf 74' lang='grc' dir='ltr'>καὶ</span> <span class='ocrx_word' id='word_1_392' title='bbox 1130 2918 1266 2973; x_wconf 86' lang='grc' dir='ltr'>Θεοῦ</span> <span class='ocrx_word' id='word_1_393' title='bbox 1324 2920 1421 2973; x_wconf 73' lang='grc' dir='ltr'>καὶ</span> <span class='ocrx_word' id='word_1_394' title='bbox 1482 2920 1730 2990; x_wconf 78' lang='grc' dir='ltr'>Σωτῆρος</span> <span class='ocrx_word' id='word_1_395' title='bbox 1782 2918 1941 2989; x_wconf 86' lang='grc' dir='ltr'>ήμῶν</span> 
     </span>
    </p>
   </div>
   <div class='ocr_carea' id='block_1_56' title="bbox 2122 2918 3624 2982">
    <p class='ocr_par' dir='ltr' id='par_1_56' title="bbox 2122 2918 3624 2982">
     <span class='ocr_line' id='line_1_56' title="bbox 2122 2918 3624 2982; baseline 0.006 -9"><span class='ocrx_word' id='word_1_396' title='bbox 2122 2920 2192 2974; x_wconf 89' lang='lat' dir='ltr'><strong>ll.</strong></span> <span class='ocrx_word' id='word_1_397' title='bbox 2225 2918 2361 2974; x_wconf 90' lang='lat' dir='ltr'><strong>Cum</strong></span> <span class='ocrx_word' id='word_1_398' title='bbox 2398 2919 2665 2975; x_wconf 91' lang='lat' dir='ltr'><strong>Dominus</strong></span> <span class='ocrx_word' id='word_1_399' title='bbox 2688 2929 2741 2975; x_wconf 80' lang='lat' dir='ltr'><strong>et</strong></span> <span class='ocrx_word' id='word_1_400' title='bbox 2775 2920 2918 2977; x_wconf 83' lang='lat' dir='ltr'><strong>Deus</strong></span> <span class='ocrx_word' id='word_1_401' title='bbox 2952 2938 3015 2978; x_wconf 81' lang='lat' dir='ltr'><strong>ac</strong></span> <span class='ocrx_word' id='word_1_402' title='bbox 3037 2923 3287 2979; x_wconf 83' lang='lat' dir='ltr'><strong>Salvator</strong></span> <span class='ocrx_word' id='word_1_403' title='bbox 3322 2936 3508 2982; x_wconf 88' lang='lat' dir='ltr'><strong>noster</strong></span> <span class='ocrx_word' id='word_1_404' title='bbox 3530 2925 3624 2982; x_wconf 83' lang='lat' dir='ltr'><strong>Je-</strong></span> 
     </span>
    </p>
   </div>
   <div class='ocr_carea' id='block_1_57' title="bbox 376 3009 1945 3091">
    <p class='ocr_par' dir='ltr' id='par_1_57' title="bbox 376 3009 1944 3091">
     <span class='ocr_line' id='line_1_57' title="bbox 376 3009 1944 3091; baseline -0.003 -25"><span class='ocrx_word' id='word_1_405' title='bbox 376 3013 555 3084; x_wconf 84' lang='grc' dir='ltr'>Ἰησοῦ</span> <span class='ocrx_word' id='word_1_406' title='bbox 584 3011 847 3083; x_wconf 83' lang='grc' dir='ltr'>Χριστοῦ,</span> <span class='ocrx_word' id='word_1_407' title='bbox 880 3011 975 3063; x_wconf 75' lang='grc' dir='ltr'>ἐπὶ</span> <span class='ocrx_word' id='word_1_408' title='bbox 1002 3012 1067 3081; x_wconf 83' lang='grc' dir='ltr'><strong>τῇ</strong></span> <span class='ocrx_word' id='word_1_409' title='bbox 1099 3010 1194 3064; x_wconf 89' lang='grc' dir='ltr'><strong>τοῦ</strong></span> <span class='ocrx_word' id='word_1_410' title='bbox 1234 3010 1423 3078; x_wconf 82' lang='grc' dir='ltr'>γένους</span> <span class='ocrx_word' id='word_1_411' title='bbox 1440 3011 1610 3091; x_wconf 34' lang='grc' dir='ltr'>,ἡμῶν</span> <span class='ocrx_word' id='word_1_412' title='bbox 1638 3009 1944 3083; x_wconf 88' lang='grc' dir='ltr'>ἀνορθώσει</span> 
     </span>
    </p>
   </div>
   <div class='ocr_carea' id='block_1_58' title="bbox 2051 3009 3626 3091">
    <p class='ocr_par' dir='ltr' id='par_1_58' title="bbox 2051 3009 3626 3085">
     <span class='ocr_line' id='line_1_58' title="bbox 2051 3009 3626 3085; baseline 0.006 -21"><span class='ocrx_word' id='word_1_413' title='bbox 2051 3024 2142 3065; x_wconf 85' lang='lat' dir='ltr'><strong>sus</strong></span> <span class='ocrx_word' id='word_1_414' title='bbox 2177 3009 2454 3074; x_wconf 85' lang='lat' dir='ltr'><strong>Christus,</strong></span> <span class='ocrx_word' id='word_1_415' title='bbox 2490 3011 2558 3065; x_wconf 91' lang='lat' dir='ltr'><strong>ad</strong></span> <span class='ocrx_word' id='word_1_416' title='bbox 2587 3027 2761 3081; x_wconf 86' lang='lat' dir='ltr'><strong>genus</strong></span> <span class='ocrx_word' id='word_1_417' title='bbox 2789 3020 3039 3068; x_wconf 88' lang='lat' dir='ltr'><strong>nostrum</strong></span> <span class='ocrx_word' id='word_1_418' title='bbox 3082 3015 3404 3085; x_wconf 89' lang='lat' dir='ltr'><strong>erigendum</strong></span> <span class='ocrx_word' id='word_1_419' title='bbox 3425 3018 3490 3070; x_wconf 88' lang='lat' dir='ltr'><strong>ad</strong></span> <span class='ocrx_word' id='word_1_420' title='bbox 3523 3034 3626 3073; x_wconf 75' lang='lat' dir='ltr'><strong>nos</strong></span> 
     </span>
    </p>
   </div>
   <div class='ocr_carea' id='block_1_59' title="bbox 368 3099 1945 3175">
    <p class='ocr_par' dir='ltr' id='par_1_59' title="bbox 368 3099 1945 3175">
     <span class='ocr_line' id='line_1_59' title="bbox 368 3099 1945 3175; baseline -0.001 -18"><span class='ocrx_word' id='word_1_421' title='bbox 368 3106 509 3175; x_wconf 78' lang='grc' dir='ltr'>πρὸς</span> <span class='ocrx_word' id='word_1_422' title='bbox 552 3106 702 3175; x_wconf 79' lang='grc' dir='ltr'>ἡμᾶς</span> <span class='ocrx_word' id='word_1_423' title='bbox 747 3104 1184 3174; x_wconf 83' lang='grc' dir='ltr'>ἐκδημήσαντος,</span> <span class='ocrx_word' id='word_1_424' title='bbox 1227 3099 1467 3174; x_wconf 79' lang='grc' dir='ltr'>ἦνκατά</span> <span class='ocrx_word' id='word_1_425' title='bbox 1513 3102 1605 3156; x_wconf 85' lang='grc' dir='ltr'><strong>τοῦ</strong></span> <span class='ocrx_word' id='word_1_426' title='bbox 1658 3106 1945 3174; x_wconf 81' lang='grc' dir='ltr'>προφήτου</span> 
     </span>
    </p>
   </div>
   <div class='ocr_carea' id='block_1_60' title="bbox 370 3194 1949 3267">
    <p class='ocr_par' dir='ltr' id='par_1_60' title="bbox 370 3194 1949 3267">
     <span class='ocr_line' id='line_1_60' title="bbox 370 3194 1949 3267; baseline -0.001 -18"><span class='ocrx_word' id='word_1_427' title='bbox 370 3196 577 3267; x_wconf 82' lang='grc' dir='ltr'>φωνὴν,</span> <span class='ocrx_word' id='word_1_428' title='bbox 609 3195 815 3265; x_wconf 78' lang='grc' dir='ltr'>πλῆθος</span> <span class='ocrx_word' id='word_1_429' title='bbox 840 3195 1064 3265; x_wconf 85' lang='grc' dir='ltr'>είρήνης</span> <span class='ocrx_word' id='word_1_430' title='bbox 1094 3196 1187 3247; x_wconf 78' lang='grc' dir='ltr'>ἐπὶ</span> <span class='ocrx_word' id='word_1_431' title='bbox 1206 3196 1304 3264; x_wconf 84' lang='grc' dir='ltr'>τῆς</span> <span class='ocrx_word' id='word_1_432' title='bbox 1337 3194 1461 3265; x_wconf 86' lang='grc' dir='ltr'>γῆς,</span> <span class='ocrx_word' id='word_1_433' title='bbox 1499 3197 1592 3248; x_wconf 79' lang='grc' dir='ltr'>καὶ</span> <span class='ocrx_word' id='word_1_434' title='bbox 1622 3197 1682 3248; x_wconf 85' lang='grc' dir='ltr'><strong>τὺ</strong></span> <span class='ocrx_word' id='word_1_435' title='bbox 1711 3196 1949 3267; x_wconf 78' lang='grc' dir='ltr'>πολύαρο</span> 
     </span>
    </p>
   </div>
   <div class='ocr_carea' id='block_1_61' title="bbox 2048 3102 3625 3173">
    <p class='ocr_par' dir='ltr' id='par_1_61' title="bbox 2048 3102 3625 3173">
     <span class='ocr_line' id='line_1_61' title="bbox 2048 3102 3625 3173; baseline 0.008 -20"><span class='ocrx_word' id='word_1_436' title='bbox 2048 3102 2310 3165; x_wconf 86' lang='lat' dir='ltr'><strong>venisset,</strong></span> <span class='ocrx_word' id='word_1_437' title='bbox 2370 3103 2676 3172; x_wconf 79' lang='lat' dir='ltr'><strong>eratjuxta</strong></span> <span class='ocrx_word' id='word_1_438' title='bbox 2736 3104 3017 3173; x_wconf 66' lang='lat' dir='ltr'><strong>propheta:</strong></span> <span class='ocrx_word' id='word_1_439' title='bbox 3051 3121 3242 3161; x_wconf 89' lang='lat' dir='ltr'><strong>vocem</strong></span> <span class='ocrx_word' id='word_1_440' title='bbox 3280 3109 3625 3165; x_wconf 77' lang='lat' dir='ltr'><strong>abundantia</strong></span> 
     </span>
    </p>
   </div>
   <div class='ocr_carea' id='block_1_62' title="bbox 2048 3193 3630 3271">
    <p class='ocr_par' dir='ltr' id='par_1_62' title="bbox 2048 3193 3630 3271">
     <span class='ocr_line' id='line_1_62' title="bbox 2048 3193 3630 3271; baseline 0.009 -28"><span class='ocrx_word' id='word_1_441' title='bbox 2048 3193 2196 3260; x_wconf 78' lang='lat' dir='ltr'><strong>pacis</strong></span> <span class='ocrx_word' id='word_1_442' title='bbox 2232 3193 2285 3246; x_wconf 91' lang='lat' dir='ltr'><strong>in</strong></span> <span class='ocrx_word' id='word_1_443' title='bbox 2326 3202 2495 3257; x_wconf 88' lang='lat' dir='ltr'><strong>terra,</strong></span> <span class='ocrx_word' id='word_1_444' title='bbox 2524 3194 2941 3264; x_wconf 86' lang='lat' dir='ltr'><strong>dissipatusque</strong></span> <span class='ocrx_word' id='word_1_445' title='bbox 2966 3206 3085 3250; x_wconf 88' lang='lat' dir='ltr'><strong>erat</strong></span> <span class='ocrx_word' id='word_1_446' title='bbox 3137 3198 3374 3266; x_wconf 91' lang='lat' dir='ltr'><strong>plurium</strong></span> <span class='ocrx_word' id='word_1_447' title='bbox 3420 3203 3630 3271; x_wconf 85' lang='lat' dir='ltr'><strong>princi-</strong></span> 
     </span>
    </p>
   </div>
   <div class='ocr_carea' id='block_1_63' title="bbox 365 3281 1945 3383">
    <p class='ocr_par' dir='ltr' id='par_1_63' title="bbox 365 3286 1941 3360">
     <span class='ocr_line' id='line_1_63' title="bbox 365 3286 1941 3360; baseline -0.001 -17"><span class='ocrx_word' id='word_1_448' title='bbox 365 3308 458 3360; x_wconf 87' lang='grc' dir='ltr'><strong>χον</strong></span> <span class='ocrx_word' id='word_1_449' title='bbox 488 3289 854 3352; x_wconf 65' lang='grc' dir='ltr'>διεπέδαστο,</span> <span class='ocrx_word' id='word_1_450' title='bbox 902 3290 1094 3358; x_wconf 85' lang='grc' dir='ltr'>ὥσπερ</span> <span class='ocrx_word' id='word_1_451' title='bbox 1138 3288 1244 3341; x_wconf 80' lang='grc' dir='ltr'><strong>ὑπὸ</strong></span> <span class='ocrx_word' id='word_1_452' title='bbox 1274 3289 1403 3357; x_wconf 85' lang='grc' dir='ltr'>μιᾶς</span> <span class='ocrx_word' id='word_1_453' title='bbox 1429 3286 1628 3357; x_wconf 81' lang='grc' dir='ltr'>ζώνης,</span> <span class='ocrx_word' id='word_1_454' title='bbox 1659 3286 1759 3357; x_wconf 82' lang='grc' dir='ltr'>τῆς</span> <span class='ocrx_word' id='word_1_455' title='bbox 1805 3286 1941 3342; x_wconf 83' lang='grc' dir='ltr'><strong>Ῥω-</strong></span> 
     </span>
    </p>
   </div>
   <div class='ocr_carea' id='block_1_64' title="bbox 2051 3281 3623 3383">
    <p class='ocr_par' dir='ltr' id='par_1_64' title="bbox 2051 3281 3623 3355">
     <span class='ocr_line' id='line_1_64' title="bbox 2051 3281 3623 3355; baseline 0.006 -18"><span class='ocrx_word' id='word_1_456' title='bbox 2051 3292 2233 3355; x_wconf 85' lang='lat' dir='ltr'><strong>patus,</strong></span> <span class='ocrx_word' id='word_1_457' title='bbox 2273 3281 2395 3338; x_wconf 76' lang='lat' dir='ltr'><strong>eum</strong></span> <span class='ocrx_word' id='word_1_458' title='bbox 2424 3284 2713 3355; x_wconf 89' lang='lat' dir='ltr'><strong>imperium</strong></span> <span class='ocrx_word' id='word_1_459' title='bbox 2746 3285 3051 3341; x_wconf 74' lang='lat' dir='ltr'><strong>Romanum</strong></span> <span class='ocrx_word' id='word_1_460' title='bbox 3086 3295 3261 3343; x_wconf 88' lang='lat' dir='ltr'><strong>totum</strong></span> <span class='ocrx_word' id='word_1_461' title='bbox 3301 3291 3408 3346; x_wconf 88' lang='lat' dir='ltr'><strong>late</strong></span> <span class='ocrx_word' id='word_1_462' title='bbox 3434 3295 3623 3347; x_wconf 85' lang='lat' dir='ltr'><strong>orbem</strong></span> 
     </span>
    </p>
   </div>
   <div class='ocr_carea' id='block_1_65' title="bbox 369 3378 1944 3451">
    <p class='ocr_par' dir='ltr' id='par_1_65' title="bbox 369 3378 1944 3451">
     <span class='ocr_line' id='line_1_65' title="bbox 369 3378 1944 3451; baseline -0.001 -17"><span class='ocrx_word' id='word_1_463' title='bbox 369 3382 543 3451; x_wconf 84' lang='grc' dir='ltr'>μαίων</span> <span class='ocrx_word' id='word_1_464' title='bbox 575 3381 769 3451; x_wconf 83' lang='grc' dir='ltr'>ἀρχῆς,</span> <span class='ocrx_word' id='word_1_465' title='bbox 799 3378 1019 3449; x_wconf 87' lang='grc' dir='ltr'>ἀπάσης</span> <span class='ocrx_word' id='word_1_466' title='bbox 1047 3378 1440 3450; x_wconf 79' lang='grc' dir='ltr'>διαζωσθείσης</span> <span class='ocrx_word' id='word_1_467' title='bbox 1457 3379 1557 3446; x_wconf 85' lang='grc' dir='ltr'><strong>τῆς</strong></span> <span class='ocrx_word' id='word_1_468' title='bbox 1590 3379 1944 3449; x_wconf 79' lang='grc' dir='ltr'>οἰκουμένης,</span> 
     </span>
    </p>
   </div>
   <div class='ocr_carea' id='block_1_66' title="bbox 375 3469 1952 3541">
    <p class='ocr_par' dir='ltr' id='par_1_66' title="bbox 375 3469 1952 3541">
     <span class='ocr_line' id='line_1_66' title="bbox 375 3469 1952 3541; baseline 0 -18"><span class='ocrx_word' id='word_1_469' title='bbox 375 3473 469 3523; x_wconf 75' lang='grc' dir='ltr'>καὶ</span> <span class='ocrx_word' id='word_1_470' title='bbox 515 3471 605 3540; x_wconf 84' lang='grc' dir='ltr'><strong>ὑφ’</strong></span> <span class='ocrx_word' id='word_1_471' title='bbox 653 3472 733 3523; x_wconf 80' lang='grc' dir='ltr'><strong>ἐνὶ</strong></span> <span class='ocrx_word' id='word_1_472' title='bbox 784 3471 1124 3541; x_wconf 82' lang='grc' dir='ltr'>ταττομένης</span> <span class='ocrx_word' id='word_1_473' title='bbox 1165 3470 1489 3541; x_wconf 78' lang='grc' dir='ltr'>σημάντορι.</span> <span class='ocrx_word' id='word_1_474' title='bbox 1524 3472 1637 3523; x_wconf 78' lang='grc' dir='ltr'><strong>Καὶ</strong></span> <span class='ocrx_word' id='word_1_475' title='bbox 1669 3470 1759 3524; x_wconf 89' lang='grc' dir='ltr'><strong>διά</strong></span> <span class='ocrx_word' id='word_1_476' title='bbox 1790 3469 1952 3523; x_wconf 87' lang='grc' dir='ltr'>τοῦτο</span> 
     </span>
    </p>
   </div>
   <div class='ocr_carea' id='block_1_67' title="bbox 368 3560 1951 3633">
    <p class='ocr_par' dir='ltr' id='par_1_67' title="bbox 368 3560 1951 3633">
     <span class='ocr_line' id='line_1_67' title="bbox 368 3560 1951 3633; baseline -0.001 -19"><span class='ocrx_word' id='word_1_477' title='bbox 368 3564 541 3615; x_wconf 77' lang='grc' dir='ltr'>πᾶσαι</span> <span class='ocrx_word' id='word_1_478' title='bbox 591 3561 809 3616; x_wconf 83' lang='grc' dir='ltr'>πάντων</span> <span class='ocrx_word' id='word_1_479' title='bbox 838 3563 934 3617; x_wconf 75' lang='grc' dir='ltr'>καὶ</span> <span class='ocrx_word' id='word_1_480' title='bbox 968 3561 1107 3633; x_wconf 81' lang='grc' dir='ltr'>πρὸς</span> <span class='ocrx_word' id='word_1_481' title='bbox 1142 3562 1351 3625; x_wconf 84' lang='grc' dir='ltr'>πάντας</span> <span class='ocrx_word' id='word_1_482' title='bbox 1386 3560 1662 3631; x_wconf 77' lang='grc' dir='ltr'>ἐπιμιξίαι</span> <span class='ocrx_word' id='word_1_483' title='bbox 1706 3561 1951 3629; x_wconf 88' lang='grc' dir='ltr'>ἐγίνοντο</span> 
     </span>
    </p>
   </div>
   <div class='ocr_carea' id='block_1_68' title="bbox 370 3652 1950 3725">
    <p class='ocr_par' dir='ltr' id='par_1_68' title="bbox 370 3652 1950 3725">
     <span class='ocr_line' id='line_1_68' title="bbox 370 3652 1950 3725; baseline -0.002 -18"><span class='ocrx_word' id='word_1_484' title='bbox 370 3654 564 3717; x_wconf 82' lang='grc' dir='ltr'>ἀδεῶς,</span> <span class='ocrx_word' id='word_1_485' title='bbox 597 3655 696 3705; x_wconf 73' lang='grc' dir='ltr'>καὶ</span> <span class='ocrx_word' id='word_1_486' title='bbox 723 3654 785 3706; x_wconf 81' lang='grc' dir='ltr'>οὐ</span> <span class='ocrx_word' id='word_1_487' title='bbox 822 3654 1239 3725; x_wconf 82' lang='grc' dir='ltr'>μεμερισμένως</span> <span class='ocrx_word' id='word_1_488' title='bbox 1279 3653 1378 3722; x_wconf 81' lang='grc' dir='ltr'>τὴν</span> <span class='ocrx_word' id='word_1_489' title='bbox 1406 3654 1511 3723; x_wconf 80' lang='grc' dir='ltr'><strong>γῆν</strong></span> <span class='ocrx_word' id='word_1_490' title='bbox 1535 3654 1703 3705; x_wconf 77' lang='grc' dir='ltr'>οἰκεῖν</span> <span class='ocrx_word' id='word_1_491' title='bbox 1726 3652 1950 3705; x_wconf 75' lang='grc' dir='ltr'>ἐδόκουν</span> 
     </span>
    </p>
   </div>
   <div class='ocr_carea' id='block_1_69' title="bbox 371 3742 1949 3816">
    <p class='ocr_par' dir='ltr' id='par_1_69' title="bbox 371 3742 1949 3816">
     <span class='ocr_line' id='line_1_69' title="bbox 371 3742 1949 3816; baseline -0.001 -19"><span class='ocrx_word' id='word_1_492' title='bbox 371 3746 421 3797; x_wconf 70' lang='lat' dir='ltr'><strong>at</strong></span> <span class='ocrx_word' id='word_1_493' title='bbox 450 3744 748 3816; x_wconf 81' lang='grc' dir='ltr'>ἄνθρωποι,</span> <span class='ocrx_word' id='word_1_494' title='bbox 785 3744 900 3797; x_wconf 84' lang='grc' dir='ltr'>ἀλλ’</span> <span class='ocrx_word' id='word_1_495' title='bbox 929 3743 1003 3806; x_wconf 89' lang='grc' dir='ltr'><strong>ώς</strong></span> <span class='ocrx_word' id='word_1_496' title='bbox 1045 3744 1162 3806; x_wconf 81' lang='grc' dir='ltr'>ἐνὸς</span> <span class='ocrx_word' id='word_1_497' title='bbox 1198 3743 1469 3797; x_wconf 78' lang='grc' dir='ltr'>Δεσπότου</span> <span class='ocrx_word' id='word_1_498' title='bbox 1508 3745 1694 3813; x_wconf 80' lang='grc' dir='ltr'>κτῆμα</span> <span class='ocrx_word' id='word_1_499' title='bbox 1742 3742 1949 3812; x_wconf 77' lang='grc' dir='ltr'>τυγχά-</span> 
     </span>
    </p>
   </div>
   <div class='ocr_carea' id='block_1_70' title="bbox 370 3831 1947 3904">
    <p class='ocr_par' dir='ltr' id='par_1_70' title="bbox 370 3831 1947 3904">
     <span class='ocr_line' id='line_1_70' title="bbox 370 3831 1947 3904; baseline -0.002 -16"><span class='ocrx_word' id='word_1_500' title='bbox 370 3853 584 3901; x_wconf 88' lang='grc' dir='ltr'>νουσαν,</span> <span class='ocrx_word' id='word_1_501' title='bbox 630 3836 706 3897; x_wconf 88' lang='grc' dir='ltr'><strong>ώς</strong></span> <span class='ocrx_word' id='word_1_502' title='bbox 740 3838 836 3887; x_wconf 75' lang='grc' dir='ltr'>καὶ</span> <span class='ocrx_word' id='word_1_503' title='bbox 873 3834 991 3897; x_wconf 78' lang='grc' dir='ltr'>ἐνὸς</span> <span class='ocrx_word' id='word_1_504' title='bbox 1018 3834 1117 3904; x_wconf 83' lang='grc' dir='ltr'>τὴν</span> <span class='ocrx_word' id='word_1_505' title='bbox 1148 3835 1327 3887; x_wconf 80' lang='grc' dir='ltr'>πᾶσαν</span> <span class='ocrx_word' id='word_1_506' title='bbox 1377 3831 1543 3887; x_wconf 80' lang='grc' dir='ltr'>οὖσαν</span> <span class='ocrx_word' id='word_1_507' title='bbox 1592 3832 1947 3904; x_wconf 83' lang='grc' dir='ltr'>δημιουργοῦ,</span> 
     </span>
    </p>
   </div>
   <div class='ocr_carea' id='block_1_71' title="bbox 371 3922 1952 3996">
    <p class='ocr_par' dir='ltr' id='par_1_71' title="bbox 371 3922 1952 3996">
     <span class='ocr_line' id='line_1_71' title="bbox 371 3922 1952 3996; baseline -0.004 -17"><span class='ocrx_word' id='word_1_508' title='bbox 371 3929 446 3996; x_wconf 83' lang='grc' dir='ltr'>τῷ</span> <span class='ocrx_word' id='word_1_509' title='bbox 498 3925 703 3996; x_wconf 83' lang='grc' dir='ltr'>πρώτῳ</span> <span class='ocrx_word' id='word_1_510' title='bbox 742 3925 833 3978; x_wconf 77' lang='grc' dir='ltr'><strong>τὸν</strong></span> <span class='ocrx_word' id='word_1_511' title='bbox 867 3924 1072 3995; x_wconf 76' lang='grc' dir='ltr'>αὐχένα</span> <span class='ocrx_word' id='word_1_512' title='bbox 1125 3924 1297 3993; x_wconf 81' lang='grc' dir='ltr'>δούλῳ</span> <span class='ocrx_word' id='word_1_513' title='bbox 1348 3924 1757 3986; x_wconf 83' lang='grc' dir='ltr'>ὑποκλίναντες,</span> <span class='ocrx_word' id='word_1_514' title='bbox 1814 3922 1952 3991; x_wconf 74' lang='grc' dir='ltr'>πρὸς</span> 
     </span>
    </p>
   </div>
   <div class='ocr_carea' id='block_1_72' title="bbox 372 4014 1952 4089">
    <p class='ocr_par' dir='ltr' id='par_1_72' title="bbox 372 4014 1952 4089">
     <span class='ocr_line' id='line_1_72' title="bbox 372 4014 1952 4089; baseline -0.003 -18"><span class='ocrx_word' id='word_1_515' title='bbox 372 4019 635 4089; x_wconf 81' lang='grc' dir='ltr'>ἀλλήλους</span> <span class='ocrx_word' id='word_1_516' title='bbox 688 4018 1038 4088; x_wconf 83' lang='grc' dir='ltr'>είρήνευσαν.</span> <span class='ocrx_word' id='word_1_517' title='bbox 1096 4017 1188 4069; x_wconf 87' lang='grc' dir='ltr'><strong>Διὸ</strong></span> <span class='ocrx_word' id='word_1_518' title='bbox 1218 4015 1370 4069; x_wconf 78' lang='grc' dir='ltr'>καὶὸ</span> <span class='ocrx_word' id='word_1_519' title='bbox 1420 4019 1520 4087; x_wconf 84' lang='grc' dir='ltr'>τῆς</span> <span class='ocrx_word' id='word_1_520' title='bbox 1588 4015 1840 4083; x_wconf 78' lang='grc' dir='ltr'>Ἐδέσσης</span> <span class='ocrx_word' id='word_1_521' title='bbox 1892 4014 1952 4066; x_wconf 76' lang='grc' dir='ltr'><strong>τὸ</strong></span> 
     </span>
    </p>
   </div>
   <div class='ocr_carea' id='block_1_73' title="bbox 372 4107 1952 4181">
    <p class='ocr_par' dir='ltr' id='par_1_73' title="bbox 372 4107 1952 4181">
     <span class='ocr_line' id='line_1_73' title="bbox 372 4107 1952 4181; baseline -0.001 -18"><span class='ocrx_word' id='word_1_522' title='bbox 372 4112 674 4180; x_wconf 85' lang='grc' dir='ltr'>τηνικαῦτα</span> <span class='ocrx_word' id='word_1_523' title='bbox 729 4112 1014 4181; x_wconf 86' lang='grc' dir='ltr'>τοπάρχης</span> <span class='ocrx_word' id='word_1_524' title='bbox 1076 4108 1348 4178; x_wconf 78' lang='grc' dir='ltr'>Αῠγαρος,</span> <span class='ocrx_word' id='word_1_525' title='bbox 1402 4108 1481 4178; x_wconf 83' lang='grc' dir='ltr'>τῷ</span> <span class='ocrx_word' id='word_1_526' title='bbox 1532 4109 1629 4178; x_wconf 82' lang='grc' dir='ltr'><strong>τῆς</strong></span> <span class='ocrx_word' id='word_1_527' title='bbox 1674 4107 1952 4176; x_wconf 80' lang='grc' dir='ltr'>Αἰγύπτου</span> 
     </span>
    </p>
   </div>
   <div class='ocr_carea' id='block_1_74' title="bbox 374 4194 1953 4273">
    <p class='ocr_par' dir='ltr' id='par_1_74' title="bbox 374 4194 1953 4273">
     <span class='ocr_line' id='line_1_74' title="bbox 374 4194 1953 4273; baseline -0.002 -19"><span class='ocrx_word' id='word_1_528' title='bbox 374 4202 725 4273; x_wconf 81' lang='grc' dir='ltr'>ἐξηγουμὲνῳ</span> <span class='ocrx_word' id='word_1_529' title='bbox 769 4202 924 4270; x_wconf 82' lang='grc' dir='ltr'>φίλος</span> <span class='ocrx_word' id='word_1_530' title='bbox 960 4201 1057 4255; x_wconf 65' lang='grc' dir='ltr'><strong>καὶ⁵</strong></span> <span class='ocrx_word' id='word_1_531' title='bbox 1090 4201 1368 4270; x_wconf 84' lang='grc' dir='ltr'>γνώριμος</span> <span class='ocrx_word' id='word_1_532' title='bbox 1396 4194 1485 4270; x_wconf 80' lang='grc' dir='ltr'><strong>ἦν’</strong></span> <span class='ocrx_word' id='word_1_533' title='bbox 1522 4201 1616 4252; x_wconf 75' lang='grc' dir='ltr'><strong>καὶ</strong></span> <span class='ocrx_word' id='word_1_534' title='bbox 1650 4199 1757 4269; x_wconf 85' lang='grc' dir='ltr'><strong>γὰρ</strong></span> <span class='ocrx_word' id='word_1_535' title='bbox 1789 4199 1953 4270; x_wconf 84' lang='grc' dir='ltr'>ἀλλή-</span> 
     </span>
    </p>
   </div>
   <div class='ocr_carea' id='block_1_75' title="bbox 373 4291 1953 4365">
    <p class='ocr_par' dir='ltr' id='par_1_75' title="bbox 373 4291 1953 4365">
     <span class='ocr_line' id='line_1_75' title="bbox 373 4291 1953 4365; baseline -0.001 -18"><span class='ocrx_word' id='word_1_536' title='bbox 373 4296 485 4357; x_wconf 88' lang='grc' dir='ltr'>λοις</span> <span class='ocrx_word' id='word_1_537' title='bbox 518 4298 567 4348; x_wconf 76' lang='grc' dir='ltr'>οἱ</span> <span class='ocrx_word' id='word_1_538' title='bbox 595 4293 877 4365; x_wconf 79' lang='grc' dir='ltr'>ἑκατέρων</span> <span class='ocrx_word' id='word_1_539' title='bbox 917 4293 1148 4363; x_wconf 78' lang='grc' dir='ltr'>ἐφοίτων</span> <span class='ocrx_word' id='word_1_540' title='bbox 1188 4292 1444 4346; x_wconf 88' lang='grc' dir='ltr'>διάκονοι.</span> <span class='ocrx_word' id='word_1_541' title='bbox 1489 4291 1651 4344; x_wconf 86' lang='grc' dir='ltr'>Ὅθεν</span> <span class='ocrx_word' id='word_1_542' title='bbox 1689 4292 1785 4346; x_wconf 79' lang='grc' dir='ltr'>καὶ</span> <span class='ocrx_word' id='word_1_543' title='bbox 1815 4292 1953 4345; x_wconf 81' lang='grc' dir='ltr'><strong>κατά</strong></span> 
     </span>
    </p>
   </div>
   <div class='ocr_carea' id='block_1_76' title="bbox 374 4382 1953 4457">
    <p class='ocr_par' dir='ltr' id='par_1_76' title="bbox 374 4382 1953 4457">
     <span class='ocr_line' id='line_1_76' title="bbox 374 4382 1953 4457; baseline -0.004 -16"><span class='ocrx_word' id='word_1_544' title='bbox 374 4388 465 4441; x_wconf 76' lang='grc' dir='ltr'><strong>τὸν</strong></span> <span class='ocrx_word' id='word_1_545' title='bbox 490 4388 680 4457; x_wconf 72' lang='grc' dir='ltr'>καιρὸν</span> <span class='ocrx_word' id='word_1_546' title='bbox 705 4389 936 4451; x_wconf 86' lang='grc' dir='ltr'>ἐκεῖνον,</span> <span class='ocrx_word' id='word_1_547' title='bbox 972 4384 1095 4440; x_wconf 88' lang='grc' dir='ltr'>καθ’</span> <span class='ocrx_word' id='word_1_548' title='bbox 1125 4385 1187 4438; x_wconf 81' lang='grc' dir='ltr'>ὃν</span> <span class='ocrx_word' id='word_1_549' title='bbox 1218 4386 1246 4438; x_wconf 88' lang='grc' dir='ltr'><strong>ό</strong></span> <span class='ocrx_word' id='word_1_550' title='bbox 1279 4384 1487 4454; x_wconf 80' lang='grc' dir='ltr'>Κύριος</span> <span class='ocrx_word' id='word_1_551' title='bbox 1517 4382 1676 4454; x_wconf 86' lang='grc' dir='ltr'>ήμῶν</span> <span class='ocrx_word' id='word_1_552' title='bbox 1700 4384 1793 4436; x_wconf 76' lang='grc' dir='ltr'>καὶ</span> <span class='ocrx_word' id='word_1_553' title='bbox 1821 4383 1953 4445; x_wconf 83' lang='grc' dir='ltr'><strong>Θεὸς</strong></span> 
     </span>
    </p>
   </div>
   <div class='ocr_carea' id='block_1_77' title="bbox 378 4474 1952 4550">
    <p class='ocr_par' dir='ltr' id='par_1_77' title="bbox 378 4474 1952 4550">
     <span class='ocr_line' id='line_1_77' title="bbox 378 4474 1952 4550; baseline -0.003 -19"><span class='ocrx_word' id='word_1_554' title='bbox 378 4479 441 4533; x_wconf 80' lang='grc' dir='ltr'>τὸ</span> <span class='ocrx_word' id='word_1_555' title='bbox 470 4480 743 4550; x_wconf 74' lang='grc' dir='ltr'>Πατρικὸν</span> <span class='ocrx_word' id='word_1_556' title='bbox 788 4478 1038 4548; x_wconf 76' lang='grc' dir='ltr'>βούλημα</span> <span class='ocrx_word' id='word_1_557' title='bbox 1088 4475 1334 4548; x_wconf 85' lang='grc' dir='ltr'>πληρῶν,</span> <span class='ocrx_word' id='word_1_558' title='bbox 1376 4474 1475 4545; x_wconf 83' lang='grc' dir='ltr'><strong>τὴν</strong></span> <span class='ocrx_word' id='word_1_559' title='bbox 1508 4476 1775 4545; x_wconf 82' lang='grc' dir='ltr'>σωτήριον</span> <span class='ocrx_word' id='word_1_560' title='bbox 1807 4474 1952 4527; x_wconf 85' lang='grc' dir='ltr'>διδα-</span> 
     </span>
    </p>
   </div>
   <div class='ocr_carea' id='block_1_78' title="bbox 375 4565 1954 4640">
    <p class='ocr_par' dir='ltr' id='par_1_78' title="bbox 375 4565 1954 4640">
     <span class='ocr_line' id='line_1_78' title="bbox 375 4565 1954 4640; baseline -0.006 -13"><span class='ocrx_word' id='word_1_561' title='bbox 375 4571 605 4627; x_wconf 81' lang='grc' dir='ltr'>σκαλίαν</span> <span class='ocrx_word' id='word_1_562' title='bbox 649 4573 761 4633; x_wconf 85' lang='grc' dir='ltr'>τοῖς</span> <span class='ocrx_word' id='word_1_563' title='bbox 815 4569 1127 4640; x_wconf 89' lang='grc' dir='ltr'>ἀνθρώποις</span> <span class='ocrx_word' id='word_1_564' title='bbox 1172 4567 1516 4638; x_wconf 77' lang='grc' dir='ltr'>προῦτίθετο,</span> <span class='ocrx_word' id='word_1_565' title='bbox 1572 4569 1665 4621; x_wconf 73' lang='grc' dir='ltr'>καὶ</span> <span class='ocrx_word' id='word_1_566' title='bbox 1718 4566 1808 4621; x_wconf 86' lang='grc' dir='ltr'><strong>διὰ</strong></span> <span class='ocrx_word' id='word_1_567' title='bbox 1844 4565 1954 4618; x_wconf 89' lang='grc' dir='ltr'><strong>τῶν</strong></span> 
     </span>
    </p>
   </div>
   <div class='ocr_carea' id='block_1_79' title="bbox 2058 3375 3629 3451">
    <p class='ocr_par' dir='ltr' id='par_1_79' title="bbox 2058 3375 3629 3451">
     <span class='ocr_line' id='line_1_79' title="bbox 2058 3375 3629 3451; baseline 0.004 -23"><span class='ocrx_word' id='word_1_568' title='bbox 2058 3375 2205 3430; x_wconf 90' lang='lat' dir='ltr'><strong>velut</strong></span> <span class='ocrx_word' id='word_1_569' title='bbox 2234 3389 2369 3430; x_wconf 85' lang='lat' dir='ltr'><strong>zona</strong></span> <span class='ocrx_word' id='word_1_570' title='bbox 2409 3391 2516 3447; x_wconf 85' lang='lat' dir='ltr'><strong>una</strong></span> <span class='ocrx_word' id='word_1_571' title='bbox 2546 3376 2973 3447; x_wconf 86' lang='lat' dir='ltr'><strong>constringeret,</strong></span> <span class='ocrx_word' id='word_1_572' title='bbox 3010 3394 3260 3449; x_wconf 88' lang='lat' dir='ltr'><strong>unusque</strong></span> <span class='ocrx_word' id='word_1_573' title='bbox 3294 3380 3629 3451; x_wconf 85' lang='lat' dir='ltr'><strong>gubernator</strong></span> 
     </span>
    </p>
   </div>
   <div class='ocr_carea' id='block_1_80' title="bbox 2053 3469 3628 3541">
    <p class='ocr_par' dir='ltr' id='par_1_80' title="bbox 2053 3469 3628 3541">
     <span class='ocr_line' id='line_1_80' title="bbox 2053 3469 3628 3541; baseline 0.004 -18"><span class='ocrx_word' id='word_1_574' title='bbox 2053 3482 2117 3523; x_wconf 76' lang='lat' dir='ltr'><strong>ac</strong></span> <span class='ocrx_word' id='word_1_575' title='bbox 2152 3479 2335 3524; x_wconf 88' lang='lat' dir='ltr'><strong>rector</strong></span> <span class='ocrx_word' id='word_1_576' title='bbox 2356 3469 2602 3539; x_wconf 88' lang='lat' dir='ltr'><strong>subjecta</strong></span> <span class='ocrx_word' id='word_1_577' title='bbox 2635 3474 2866 3541; x_wconf 82' lang='lat' dir='ltr'><strong>quaeque</strong></span> <span class='ocrx_word' id='word_1_578' title='bbox 2909 3479 3139 3527; x_wconf 88' lang='lat' dir='ltr'><strong>teneret.</strong></span> <span class='ocrx_word' id='word_1_579' title='bbox 3169 3473 3296 3528; x_wconf 81' lang='lat' dir='ltr'><strong>Ideo</strong></span> <span class='ocrx_word' id='word_1_580' title='bbox 3343 3484 3464 3528; x_wconf 89' lang='lat' dir='ltr'><strong>erat</strong></span> <span class='ocrx_word' id='word_1_581' title='bbox 3505 3491 3628 3529; x_wconf 81' lang='lat' dir='ltr'><strong>ont-</strong></span> 
     </span>
    </p>
   </div>
   <div class='ocr_carea' id='block_1_81' title="bbox 2054 3560 3629 3637">
    <p class='ocr_par' dir='ltr' id='par_1_81' title="bbox 2054 3560 3629 3637">
     <span class='ocr_line' id='line_1_81' title="bbox 2054 3560 3629 3637; baseline 0.004 -21"><span class='ocrx_word' id='word_1_582' title='bbox 2054 3560 2204 3616; x_wconf 90' lang='lat' dir='ltr'><strong>nium</strong></span> <span class='ocrx_word' id='word_1_583' title='bbox 2249 3562 2497 3617; x_wconf 80' lang='lat' dir='ltr'><strong>vicissim</strong></span> <span class='ocrx_word' id='word_1_584' title='bbox 2538 3562 2706 3618; x_wconf 88' lang='lat' dir='ltr'><strong>libera</strong></span> <span class='ocrx_word' id='word_1_585' title='bbox 2762 3564 3104 3634; x_wconf 85' lang='lat' dir='ltr'><strong>congressio,</strong></span> <span class='ocrx_word' id='word_1_586' title='bbox 3154 3566 3344 3637; x_wconf 88' lang='lat' dir='ltr'><strong>sicque</strong></span> <span class='ocrx_word' id='word_1_587' title='bbox 3378 3567 3629 3622; x_wconf 88' lang='lat' dir='ltr'><strong>homines</strong></span> 
     </span>
    </p>
   </div>
   <div class='ocr_carea' id='block_1_82' title="bbox 2054 3652 3631 3725">
    <p class='ocr_par' dir='ltr' id='par_1_82' title="bbox 2054 3652 3631 3725">
     <span class='ocr_line' id='line_1_82' title="bbox 2054 3652 3631 3725; baseline 0.004 -19"><span class='ocrx_word' id='word_1_588' title='bbox 2054 3652 2157 3708; x_wconf 89' lang='lat' dir='ltr'><strong>sibi</strong></span> <span class='ocrx_word' id='word_1_589' title='bbox 2187 3663 2388 3709; x_wconf 90' lang='lat' dir='ltr'><strong>terram</strong></span> <span class='ocrx_word' id='word_1_590' title='bbox 2432 3655 2614 3710; x_wconf 90' lang='lat' dir='ltr'><strong>colere</strong></span> <span class='ocrx_word' id='word_1_591' title='bbox 2646 3654 2993 3721; x_wconf 81' lang='lat' dir='ltr'><strong>videbantur,</strong></span> <span class='ocrx_word' id='word_1_592' title='bbox 3051 3664 3111 3711; x_wconf 92' lang='lat' dir='ltr'><strong>ut</strong></span> <span class='ocrx_word' id='word_1_593' title='bbox 3132 3673 3242 3712; x_wconf 92' lang='lat' dir='ltr'><strong>non</strong></span> <span class='ocrx_word' id='word_1_594' title='bbox 3276 3658 3475 3725; x_wconf 82' lang='lat' dir='ltr'><strong>divise,</strong></span> <span class='ocrx_word' id='word_1_595' title='bbox 3531 3660 3631 3715; x_wconf 85' lang='lat' dir='ltr'><strong>sed</strong></span> 
     </span>
    </p>
   </div>
   <div class='ocr_carea' id='block_1_83' title="bbox 2057 3744 3632 3817">
    <p class='ocr_par' dir='ltr' id='par_1_83' title="bbox 2057 3744 3632 3817">
     <span class='ocr_line' id='line_1_83' title="bbox 2057 3744 3632 3817; baseline 0.005 -22"><span class='ocrx_word' id='word_1_596' title='bbox 2057 3751 2315 3810; x_wconf 86' lang='lat' dir='ltr'><strong>tanquam</strong></span> <span class='ocrx_word' id='word_1_597' title='bbox 2354 3744 2517 3799; x_wconf 88' lang='lat' dir='ltr'><strong>unius</strong></span> <span class='ocrx_word' id='word_1_598' title='bbox 2556 3758 2672 3799; x_wconf 88' lang='lat' dir='ltr'><strong>rem</strong></span> <span class='ocrx_word' id='word_1_599' title='bbox 2704 3747 2912 3801; x_wconf 88' lang='lat' dir='ltr'><strong>domini</strong></span> <span class='ocrx_word' id='word_1_600' title='bbox 2952 3762 3016 3801; x_wconf 89' lang='lat' dir='ltr'><strong>ac</strong></span> <span class='ocrx_word' id='word_1_601' title='bbox 3048 3751 3455 3817; x_wconf 84' lang='lat' dir='ltr'><strong>possessionem</strong></span> <span class='ocrx_word' id='word_1_602' title='bbox 3483 3752 3632 3803; x_wconf 90' lang='lat' dir='ltr'><strong>cole-</strong></span> 
     </span>
    </p>
   </div>
   <div class='ocr_carea' id='block_1_84' title="bbox 2057 3835 3632 3905">
    <p class='ocr_par' dir='ltr' id='par_1_84' title="bbox 2057 3835 3632 3905">
     <span class='ocr_line' id='line_1_84' title="bbox 2057 3835 3632 3905; baseline 0.004 -20"><span class='ocrx_word' id='word_1_603' title='bbox 2057 3842 2200 3895; x_wconf 90' lang='lat' dir='ltr'><strong>rent,</strong></span> <span class='ocrx_word' id='word_1_604' title='bbox 2241 3835 2441 3902; x_wconf 88' lang='lat' dir='ltr'><strong>quippe</strong></span> <span class='ocrx_word' id='word_1_605' title='bbox 2469 3850 2593 3888; x_wconf 85' lang='lat' dir='ltr'><strong>cum</strong></span> <span class='ocrx_word' id='word_1_606' title='bbox 2622 3836 2786 3889; x_wconf 88' lang='lat' dir='ltr'><strong>etiam</strong></span> <span class='ocrx_word' id='word_1_607' title='bbox 2830 3852 2941 3891; x_wconf 89' lang='lat' dir='ltr'><strong>uno</strong></span> <span class='ocrx_word' id='word_1_608' title='bbox 2968 3837 3087 3905; x_wconf 88' lang='lat' dir='ltr'><strong>ipso</strong></span> <span class='ocrx_word' id='word_1_609' title='bbox 3135 3848 3360 3893; x_wconf 89' lang='lat' dir='ltr'><strong>auctore</strong></span> <span class='ocrx_word' id='word_1_610' title='bbox 3407 3840 3632 3892; x_wconf 85' lang='lat' dir='ltr'><strong>condita</strong></span> 
     </span>
    </p>
   </div>
   <div class='ocr_carea' id='block_1_85' title="bbox 2059 3924 3629 3992">
    <p class='ocr_par' dir='ltr' id='par_1_85' title="bbox 2059 3924 3629 3992">
     <span class='ocr_line' id='line_1_85' title="bbox 2059 3924 3629 3992; baseline 0.003 -15"><span class='ocrx_word' id='word_1_611' title='bbox 2059 3931 2253 3977; x_wconf 88' lang='lat' dir='ltr'><strong>esset:</strong></span> <span class='ocrx_word' id='word_1_612' title='bbox 2289 3924 2579 3992; x_wconf 89' lang='lat' dir='ltr'><strong>primoque</strong></span> <span class='ocrx_word' id='word_1_613' title='bbox 2621 3939 2908 3977; x_wconf 90' lang='lat' dir='ltr'><strong>servorum</strong></span> <span class='ocrx_word' id='word_1_614' title='bbox 2953 3927 3223 3981; x_wconf 88' lang='lat' dir='ltr'><strong>cervicem</strong></span> <span class='ocrx_word' id='word_1_615' title='bbox 3275 3929 3629 3989; x_wconf 87' lang='lat' dir='ltr'><strong>inclinantes.</strong></span> 
     </span>
    </p>
   </div>
   <div class='ocr_carea' id='block_1_86' title="bbox 2056 4015 3631 4088">
    <p class='ocr_par' dir='ltr' id='par_1_86' title="bbox 2056 4015 3631 4088">
     <span class='ocr_line' id='line_1_86' title="bbox 2056 4015 3631 4088; baseline 0.003 -18"><span class='ocrx_word' id='word_1_616' title='bbox 2056 4016 2202 4070; x_wconf 85' lang='lat' dir='ltr'><strong>inter</strong></span> <span class='ocrx_word' id='word_1_617' title='bbox 2232 4031 2290 4072; x_wconf 85' lang='lat' dir='ltr'><strong>se</strong></span> <span class='ocrx_word' id='word_1_618' title='bbox 2312 4030 2499 4087; x_wconf 83' lang='lat' dir='ltr'><strong>pacem</strong></span> <span class='ocrx_word' id='word_1_619' title='bbox 2536 4015 2836 4088; x_wconf 84' lang='lat' dir='ltr'><strong>agitabant.</strong></span> <span class='ocrx_word' id='word_1_620' title='bbox 2867 4016 3233 4081; x_wconf 82' lang='lat' dir='ltr'><strong>Quamobrem</strong></span> <span class='ocrx_word' id='word_1_621' title='bbox 3265 4021 3428 4073; x_wconf 90' lang='lat' dir='ltr'><strong>etiam</strong></span> <span class='ocrx_word' id='word_1_622' title='bbox 3462 4021 3631 4075; x_wconf 78' lang='lat' dir='ltr'><strong>Edes-</strong></span> 
     </span>
    </p>
   </div>
   <div class='ocr_carea' id='block_1_87' title="bbox 2055 4108 3629 4182">
    <p class='ocr_par' dir='ltr' id='par_1_87' title="bbox 2055 4108 3629 4182">
     <span class='ocr_line' id='line_1_87' title="bbox 2055 4108 3629 4182; baseline 0.001 -18"><span class='ocrx_word' id='word_1_623' title='bbox 2055 4124 2130 4164; x_wconf 66' lang='lat' dir='ltr'><strong>sa:</strong></span> <span class='ocrx_word' id='word_1_624' title='bbox 2169 4109 2219 4163; x_wconf 89' lang='lat' dir='ltr'><strong>id</strong></span> <span class='ocrx_word' id='word_1_625' title='bbox 2255 4108 2517 4175; x_wconf 89' lang='lat' dir='ltr'><strong>temporis</strong></span> <span class='ocrx_word' id='word_1_626' title='bbox 2548 4108 2769 4179; x_wconf 85' lang='lat' dir='ltr'><strong>regulus</strong></span> <span class='ocrx_word' id='word_1_627' title='bbox 2795 4108 3067 4180; x_wconf 75' lang='lat' dir='ltr'><strong>Augarus,</strong></span> <span class='ocrx_word' id='word_1_628' title='bbox 3096 4123 3221 4163; x_wconf 91' lang='lat' dir='ltr'><strong>cum</strong></span> <span class='ocrx_word' id='word_1_629' title='bbox 3249 4110 3465 4181; x_wconf 59' lang='lat' dir='ltr'><strong>[Egypti</strong></span> <span class='ocrx_word' id='word_1_630' title='bbox 3488 4127 3629 4182; x_wconf 74' lang='lat' dir='ltr'><strong>pra:-</strong></span> 
     </span>
    </p>
   </div>
   <div class='ocr_carea' id='block_1_88' title="bbox 2057 4202 3620 4273">
    <p class='ocr_par' dir='ltr' id='par_1_88' title="bbox 2057 4202 3620 4273">
     <span class='ocr_line' id='line_1_88' title="bbox 2057 4202 3620 4273; baseline 0 -17"><span class='ocrx_word' id='word_1_631' title='bbox 2057 4203 2160 4257; x_wconf 91' lang='lat' dir='ltr'><strong>tori</strong></span> <span class='ocrx_word' id='word_1_632' title='bbox 2189 4202 2405 4257; x_wconf 91' lang='lat' dir='ltr'><strong>amicus</strong></span> <span class='ocrx_word' id='word_1_633' title='bbox 2434 4210 2708 4272; x_wconf 89' lang='lat' dir='ltr'><strong>notusque</strong></span> <span class='ocrx_word' id='word_1_634' title='bbox 2747 4212 2912 4268; x_wconf 87' lang='lat' dir='ltr'><strong>esset,</strong></span> <span class='ocrx_word' id='word_1_635' title='bbox 2962 4217 3155 4258; x_wconf 89' lang='lat' dir='ltr'><strong>eorum</strong></span> <span class='ocrx_word' id='word_1_636' title='bbox 3190 4203 3452 4273; x_wconf 91' lang='lat' dir='ltr'><strong>utrinque</strong></span> <span class='ocrx_word' id='word_1_637' title='bbox 3516 4206 3620 4257; x_wconf 91' lang='lat' dir='ltr'><strong>mi-</strong></span> 
     </span>
    </p>
   </div>
   <div class='ocr_carea' id='block_1_89' title="bbox 2057 4294 3626 4368">
    <p class='ocr_par' dir='ltr' id='par_1_89' title="bbox 2057 4294 3626 4368">
     <span class='ocr_line' id='line_1_89' title="bbox 2057 4294 3626 4368; baseline 0.001 -20"><span class='ocrx_word' id='word_1_638' title='bbox 2057 4294 2217 4349; x_wconf 88' lang='lat' dir='ltr'><strong>nistri</strong></span> <span class='ocrx_word' id='word_1_639' title='bbox 2281 4294 2656 4350; x_wconf 84' lang='lat' dir='ltr'><strong>confluebant.</strong></span> <span class='ocrx_word' id='word_1_640' title='bbox 2712 4295 2978 4362; x_wconf 86' lang='lat' dir='ltr'><strong>Quocirca</strong></span> <span class='ocrx_word' id='word_1_641' title='bbox 3011 4297 3178 4352; x_wconf 88' lang='lat' dir='ltr'><strong>etiam</strong></span> <span class='ocrx_word' id='word_1_642' title='bbox 3227 4313 3337 4368; x_wconf 92' lang='lat' dir='ltr'><strong>quo</strong></span> <span class='ocrx_word' id='word_1_643' title='bbox 3378 4308 3626 4368; x_wconf 86' lang='lat' dir='ltr'><strong>tempore</strong></span> 
     </span>
    </p>
   </div>
   <div class='ocr_carea' id='block_1_90' title="bbox 2058 4385 3626 4459">
    <p class='ocr_par' dir='ltr' id='par_1_90' title="bbox 2058 4385 3626 4459">
     <span class='ocr_line' id='line_1_90' title="bbox 2058 4385 3626 4459; baseline 0.003 -20"><span class='ocrx_word' id='word_1_644' title='bbox 2058 4385 2326 4442; x_wconf 91' lang='lat' dir='ltr'><strong>Dominus</strong></span> <span class='ocrx_word' id='word_1_645' title='bbox 2360 4395 2551 4441; x_wconf 89' lang='lat' dir='ltr'><strong>noster</strong></span> <span class='ocrx_word' id='word_1_646' title='bbox 2580 4403 2644 4443; x_wconf 89' lang='lat' dir='ltr'><strong>ac</strong></span> <span class='ocrx_word' id='word_1_647' title='bbox 2672 4387 2813 4443; x_wconf 83' lang='lat' dir='ltr'><strong>Deus</strong></span> <span class='ocrx_word' id='word_1_648' title='bbox 2842 4388 3129 4442; x_wconf 81' lang='lat' dir='ltr'><strong>Paternam</strong></span> <span class='ocrx_word' id='word_1_649' title='bbox 3165 4389 3397 4459; x_wconf 88' lang='lat' dir='ltr'><strong>implens</strong></span> <span class='ocrx_word' id='word_1_650' title='bbox 3428 4390 3626 4444; x_wconf 91' lang='lat' dir='ltr'><strong>volun-</strong></span> 
     </span>
    </p>
   </div>
   <div class='ocr_carea' id='block_1_91' title="bbox 2057 4479 3627 4550">
    <p class='ocr_par' dir='ltr' id='par_1_91' title="bbox 2057 4479 3627 4550">
     <span class='ocr_line' id='line_1_91' title="bbox 2057 4479 3627 4550; baseline 0 -16"><span class='ocrx_word' id='word_1_651' title='bbox 2057 4489 2241 4544; x_wconf 89' lang='lat' dir='ltr'><strong>tatem,</strong></span> <span class='ocrx_word' id='word_1_652' title='bbox 2301 4479 2599 4534; x_wconf 81' lang='lat' dir='ltr'><strong>salutarem</strong></span> <span class='ocrx_word' id='word_1_653' title='bbox 2670 4481 2986 4536; x_wconf 91' lang='lat' dir='ltr'><strong>hominibus</strong></span> <span class='ocrx_word' id='word_1_654' title='bbox 3036 4481 3376 4550; x_wconf 85' lang='lat' dir='ltr'><strong>proponebat</strong></span> <span class='ocrx_word' id='word_1_655' title='bbox 3420 4482 3627 4536; x_wconf 89' lang='lat' dir='ltr'><strong>doctri-</strong></span> 
     </span>
    </p>
   </div>
   <div class='ocr_carea' id='block_1_92' title="bbox 2058 4572 3627 4640">
    <p class='ocr_par' dir='ltr' id='par_1_92' title="bbox 2058 4572 3627 4640">
     <span class='ocr_line' id='line_1_92' title="bbox 2058 4572 3627 4640; baseline 0.001 -15"><span class='ocrx_word' id='word_1_656' title='bbox 2058 4586 2206 4634; x_wconf 89' lang='lat' dir='ltr'><strong>nam,</strong></span> <span class='ocrx_word' id='word_1_657' title='bbox 2249 4572 2578 4640; x_wconf 81' lang='lat' dir='ltr'><strong>eximiisque</strong></span> <span class='ocrx_word' id='word_1_658' title='bbox 2622 4585 2687 4625; x_wconf 91' lang='lat' dir='ltr'><strong>ac</strong></span> <span class='ocrx_word' id='word_1_659' title='bbox 2733 4572 3024 4639; x_wconf 88' lang='lat' dir='ltr'><strong>stupendis</strong></span> <span class='ocrx_word' id='word_1_660' title='bbox 3057 4573 3333 4629; x_wconf 85' lang='lat' dir='ltr'><strong>miraculis</strong></span> <span class='ocrx_word' id='word_1_661' title='bbox 3377 4576 3429 4628; x_wconf 94' lang='lat' dir='ltr'><strong>in</strong></span> <span class='ocrx_word' id='word_1_662' title='bbox 3471 4589 3627 4628; x_wconf 87' lang='lat' dir='ltr'><strong>suam</strong></span> 
     </span>
    </p>
   </div>
   <div class='ocr_carea' id='block_1_93' title="bbox 379 4656 1945 4738">
    <p class='ocr_par' dir='ltr' id='par_1_93' title="bbox 379 4656 1945 4734">
     <span class='ocr_line' id='line_1_93' title="bbox 379 4656 1945 4734; baseline -0.006 -18"><span class='ocrx_word' id='word_1_663' title='bbox 379 4663 697 4734; x_wconf 76' lang='grc' dir='ltr'>ὑπερφυῶν,</span> <span class='ocrx_word' id='word_1_664' title='bbox 745 4663 838 4716; x_wconf 80' lang='grc' dir='ltr'>καὶ</span> <span class='ocrx_word' id='word_1_665' title='bbox 896 4660 1211 4730; x_wconf 81' lang='grc' dir='ltr'>παραδόξων</span> <span class='ocrx_word' id='word_1_666' title='bbox 1258 4659 1550 4729; x_wconf 83' lang='grc' dir='ltr'>θαυμάτων</span> <span class='ocrx_word' id='word_1_667' title='bbox 1580 4660 1659 4722; x_wconf 84' lang='grc' dir='ltr'><strong>είς</strong></span> <span class='ocrx_word' id='word_1_668' title='bbox 1693 4658 1792 4728; x_wconf 83' lang='grc' dir='ltr'>τὴν</span> <span class='ocrx_word' id='word_1_669' title='bbox 1828 4656 1945 4727; x_wconf 68' lang='grc' dir='ltr'>περἸ</span> 
     </span>
    </p>
   </div>
   <div class='ocr_carea' id='block_1_94' title="bbox 2051 4656 3630 4738">
    <p class='ocr_par' dir='ltr' id='par_1_94' title="bbox 2062 4661 3630 4738">
     <span class='ocr_line' id='line_1_94' title="bbox 2062 4661 3630 4738; baseline 0.003 -23"><span class='ocrx_word' id='word_1_670' title='bbox 2062 4661 2221 4715; x_wconf 84' lang='lat' dir='ltr'><strong>fidem</strong></span> <span class='ocrx_word' id='word_1_671' title='bbox 2262 4661 2544 4716; x_wconf 89' lang='lat' dir='ltr'><strong>hominum</strong></span> <span class='ocrx_word' id='word_1_672' title='bbox 2602 4663 2767 4718; x_wconf 86' lang='lat' dir='ltr'><strong>corda</strong></span> <span class='ocrx_word' id='word_1_673' title='bbox 2792 4665 3039 4734; x_wconf 81' lang='lat' dir='ltr'><strong>cogebat,</strong></span> <span class='ocrx_word' id='word_1_674' title='bbox 3080 4666 3308 4731; x_wconf 87' lang='lat' dir='ltr'><strong>accidit,</strong></span> <span class='ocrx_word' id='word_1_675' title='bbox 3341 4674 3398 4721; x_wconf 92' lang='lat' dir='ltr'><strong>ut</strong></span> <span class='ocrx_word' id='word_1_676' title='bbox 3424 4668 3630 4738; x_wconf 84' lang='lat' dir='ltr'><strong>Augari</strong></span> 
     </span>
    </p>
   </div>
   <div class='ocr_carea' id='block_1_95' title="bbox 379 4746 1950 4822">
    <p class='ocr_par' dir='ltr' id='par_1_95' title="bbox 379 4746 1950 4822">
     <span class='ocr_line' id='line_1_95' title="bbox 379 4746 1950 4822; baseline -0.004 -15"><span class='ocrx_word' id='word_1_677' title='bbox 379 4755 544 4807; x_wconf 76' lang='grc' dir='ltr'>αὐτὸν</span> <span class='ocrx_word' id='word_1_678' title='bbox 601 4754 786 4807; x_wconf 86' lang='grc' dir='ltr'>πίστιν</span> <span class='ocrx_word' id='word_1_679' title='bbox 834 4754 959 4816; x_wconf 83' lang='grc' dir='ltr'>τοὺς</span> <span class='ocrx_word' id='word_1_680' title='bbox 1014 4749 1333 4822; x_wconf 85' lang='grc' dir='ltr'>ἀνθρώπους</span> <span class='ocrx_word' id='word_1_681' title='bbox 1385 4746 1708 4820; x_wconf 79' lang='grc' dir='ltr'>ἐπέστρεφε,</span> <span class='ocrx_word' id='word_1_682' title='bbox 1752 4748 1950 4817; x_wconf 77' lang='grc' dir='ltr'>συνέϐη</span> 
     </span>
    </p>
   </div>
   <div class='ocr_carea' id='block_1_96' title="bbox 380 4838 1953 4915">
    <p class='ocr_par' dir='ltr' id='par_1_96' title="bbox 380 4838 1953 4915">
     <span class='ocr_line' id='line_1_96' title="bbox 380 4838 1953 4915; baseline -0.003 -18"><span class='ocrx_word' id='word_1_683' title='bbox 380 4847 489 4899; x_wconf 90' lang='grc' dir='ltr'><strong>τῶν</strong></span> <span class='ocrx_word' id='word_1_684' title='bbox 521 4845 613 4898; x_wconf 88' lang='grc' dir='ltr'><strong>τοῦ</strong></span> <span class='ocrx_word' id='word_1_685' title='bbox 640 4845 893 4915; x_wconf 83' lang='grc' dir='ltr'>Αὐγάρου</span> <span class='ocrx_word' id='word_1_686' title='bbox 928 4844 1217 4915; x_wconf 77' lang='grc' dir='ltr'>ὑπηρετῶν</span> <span class='ocrx_word' id='word_1_687' title='bbox 1252 4862 1373 4897; x_wconf 85' lang='grc' dir='ltr'>τινα</span> <span class='ocrx_word' id='word_1_688' title='bbox 1413 4842 1662 4895; x_wconf 82' lang='grc' dir='ltr'>Ἀνανίαν</span> <span class='ocrx_word' id='word_1_689' title='bbox 1691 4838 1953 4910; x_wconf 75' lang='grc' dir='ltr'>ὀνομαζό-</span> 
     </span>
    </p>
   </div>
   <div class='ocr_carea' id='block_1_97' title="bbox 385 4932 1954 5009">
    <p class='ocr_par' dir='ltr' id='par_1_97' title="bbox 385 4932 1954 5009">
     <span class='ocr_line' id='line_1_97' title="bbox 385 4932 1954 5009; baseline -0.006 -17"><span class='ocrx_word' id='word_1_690' title='bbox 385 4955 566 5009; x_wconf 81' lang='grc' dir='ltr'>μενον,</span> <span class='ocrx_word' id='word_1_691' title='bbox 597 4938 732 5008; x_wconf 77' lang='grc' dir='ltr'>πρὸς</span> <span class='ocrx_word' id='word_1_692' title='bbox 761 4938 860 5008; x_wconf 80' lang='grc' dir='ltr'><strong>τήν</strong></span> <span class='ocrx_word' id='word_1_693' title='bbox 883 4938 1161 5005; x_wconf 71' lang='grc' dir='ltr'>Αἰγυπτον</span> <span class='ocrx_word' id='word_1_694' title='bbox 1180 4936 1267 4989; x_wconf 85' lang='grc' dir='ltr'>διὰ</span> <span class='ocrx_word' id='word_1_695' title='bbox 1287 4935 1388 5004; x_wconf 79' lang='grc' dir='ltr'>τῆς</span> <span class='ocrx_word' id='word_1_696' title='bbox 1418 4934 1776 5001; x_wconf 86' lang='grc' dir='ltr'>Παλαιστίνης</span> <span class='ocrx_word' id='word_1_697' title='bbox 1808 4932 1954 4985; x_wconf 78' lang='grc' dir='ltr'>ἰόντα</span> 
     </span>
    </p>
   </div>
   <div class='ocr_carea' id='block_1_98' title="bbox 384 5024 1952 5099">
    <p class='ocr_par' dir='ltr' id='par_1_98' title="bbox 384 5024 1952 5099">
     <span class='ocr_line' id='line_1_98' title="bbox 384 5024 1952 5099; baseline -0.004 -18"><span class='ocrx_word' id='word_1_698' title='bbox 384 5033 718 5099; x_wconf 84' lang='grc' dir='ltr'>περιτυχεῖν,</span> <span class='ocrx_word' id='word_1_699' title='bbox 781 5030 876 5083; x_wconf 73' lang='grc' dir='ltr'>καὶ</span> <span class='ocrx_word' id='word_1_700' title='bbox 916 5028 1202 5099; x_wconf 78' lang='grc' dir='ltr'>πόρρωθεν</span> <span class='ocrx_word' id='word_1_701' title='bbox 1241 5026 1540 5081; x_wconf 90' lang='grc' dir='ltr'>θεάσασθαι</span> <span class='ocrx_word' id='word_1_702' title='bbox 1571 5025 1661 5077; x_wconf 70' lang='grc' dir='ltr'><strong>τὸν</strong></span> <span class='ocrx_word' id='word_1_703' title='bbox 1698 5024 1952 5091; x_wconf 79' lang='grc' dir='ltr'>Χριστὸν,</span> 
     </span>
    </p>
   </div>
   <div class='ocr_carea' id='block_1_99' title="bbox 381 5114 1954 5191">
    <p class='ocr_par' dir='ltr' id='par_1_99' title="bbox 381 5114 1954 5191">
     <span class='ocr_line' id='line_1_99' title="bbox 381 5114 1954 5191; baseline -0.004 -19"><span class='ocrx_word' id='word_1_704' title='bbox 381 5122 451 5175; x_wconf 69' lang='grc' dir='ltr'><strong>τὰ</strong></span> <span class='ocrx_word' id='word_1_705' title='bbox 477 5119 657 5191; x_wconf 86' lang='grc' dir='ltr'>πλήθη</span> <span class='ocrx_word' id='word_1_706' title='bbox 679 5121 791 5183; x_wconf 86' lang='grc' dir='ltr'>τοῖς</span> <span class='ocrx_word' id='word_1_707' title='bbox 828 5120 1004 5188; x_wconf 79' lang='grc' dir='ltr'>λόγοις</span> <span class='ocrx_word' id='word_1_708' title='bbox 1052 5119 1151 5188; x_wconf 85' lang='grc' dir='ltr'>τῆς</span> <span class='ocrx_word' id='word_1_709' title='bbox 1176 5117 1383 5185; x_wconf 77' lang='grc' dir='ltr'>πλάνης</span> <span class='ocrx_word' id='word_1_710' title='bbox 1428 5116 1733 5181; x_wconf 77' lang='grc' dir='ltr'>ἐξέλκοντα,</span> <span class='ocrx_word' id='word_1_711' title='bbox 1768 5114 1862 5167; x_wconf 73' lang='grc' dir='ltr'>καὶ</span> <span class='ocrx_word' id='word_1_712' title='bbox 1887 5114 1954 5166; x_wconf 77' lang='grc' dir='ltr'><strong>τά</strong></span> 
     </span>
    </p>
   </div>
   <div class='ocr_carea' id='block_1_100' title="bbox 383 5207 1954 5282">
    <p class='ocr_par' dir='ltr' id='par_1_100' title="bbox 383 5207 1954 5282">
     <span class='ocr_line' id='line_1_100' title="bbox 383 5207 1954 5282; baseline -0.003 -20"><span class='ocrx_word' id='word_1_713' title='bbox 383 5212 493 5265; x_wconf 84' lang='grc' dir='ltr'><strong>τῶν</strong></span> <span class='ocrx_word' id='word_1_714' title='bbox 524 5212 816 5282; x_wconf 82' lang='grc' dir='ltr'>θαυμάτων</span> <span class='ocrx_word' id='word_1_715' title='bbox 868 5211 1223 5265; x_wconf 83' lang='grc' dir='ltr'>ἐπιτελοῦντα</span> <span class='ocrx_word' id='word_1_716' title='bbox 1274 5209 1575 5279; x_wconf 81' lang='grc' dir='ltr'>παράδοξα.</span> <span class='ocrx_word' id='word_1_717' title='bbox 1626 5209 1713 5270; x_wconf 79' lang='grc' dir='ltr'><strong>Ὠς</strong></span> <span class='ocrx_word' id='word_1_718' title='bbox 1737 5207 1832 5259; x_wconf 81' lang='grc' dir='ltr'><strong>οῦν</strong></span> <span class='ocrx_word' id='word_1_719' title='bbox 1854 5208 1954 5276; x_wconf 82' lang='grc' dir='ltr'>τὴν</span> 
     </span>
    </p>
   </div>
   <div class='ocr_carea' id='block_1_101' title="bbox 383 5293 1956 5373">
    <p class='ocr_par' dir='ltr' id='par_1_101' title="bbox 383 5293 1956 5373">
     <span class='ocr_line' id='line_1_101' title="bbox 383 5293 1956 5373; baseline -0.004 -17"><span class='ocrx_word' id='word_1_720' title='bbox 383 5303 471 5356; x_wconf 87' lang='grc' dir='ltr'><strong>ἐπ’</strong></span> <span class='ocrx_word' id='word_1_721' title='bbox 501 5304 771 5373; x_wconf 73' lang='grc' dir='ltr'>Αἴγυπτον</span> <span class='ocrx_word' id='word_1_722' title='bbox 821 5303 1045 5373; x_wconf 89' lang='grc' dir='ltr'>πορείαν</span> <span class='ocrx_word' id='word_1_723' title='bbox 1074 5304 1314 5373; x_wconf 81' lang='grc' dir='ltr'>διήνυσε,</span> <span class='ocrx_word' id='word_1_724' title='bbox 1342 5303 1437 5355; x_wconf 67' lang='grc' dir='ltr'><strong>καὶ</strong></span> <span class='ocrx_word' id='word_1_725' title='bbox 1489 5302 1615 5369; x_wconf 73' lang='grc' dir='ltr'>περὶ</span> <span class='ocrx_word' id='word_1_726' title='bbox 1665 5293 1739 5352; x_wconf 84' lang='grc' dir='ltr'><strong>ὧν</strong></span> <span class='ocrx_word' id='word_1_727' title='bbox 1768 5298 1956 5352; x_wconf 78' lang='grc' dir='ltr'>ἐπετέ-</span> 
     </span>
    </p>
   </div>
   <div class='ocr_carea' id='block_1_102' title="bbox 384 5390 1955 5465">
    <p class='ocr_par' dir='ltr' id='par_1_102' title="bbox 384 5390 1955 5465">
     <span class='ocr_line' id='line_1_102' title="bbox 384 5390 1955 5465; baseline -0.004 -18"><span class='ocrx_word' id='word_1_728' title='bbox 384 5412 594 5465; x_wconf 88' lang='grc' dir='ltr'>τραπτο</span> <span class='ocrx_word' id='word_1_729' title='bbox 640 5395 933 5461; x_wconf 82' lang='grc' dir='ltr'>διαλαϐὼν,</span> <span class='ocrx_word' id='word_1_730' title='bbox 980 5393 1423 5462; x_wconf 81' lang='grc' dir='ltr'>ἀνθυπέστρεφεν</span> <span class='ocrx_word' id='word_1_731' title='bbox 1474 5392 1567 5445; x_wconf 74' lang='grc' dir='ltr'><strong>ἐπὶ</strong></span> <span class='ocrx_word' id='word_1_732' title='bbox 1606 5391 1693 5444; x_wconf 78' lang='grc' dir='ltr'>τὸν</span> <span class='ocrx_word' id='word_1_733' title='bbox 1752 5390 1955 5459; x_wconf 71' lang='grc' dir='ltr'>Κύριον</span> 
     </span>
    </p>
   </div>
   <div class='ocr_carea' id='block_1_103' title="bbox 2058 4752 3627 4823">
    <p class='ocr_par' dir='ltr' id='par_1_103' title="bbox 2058 4752 3627 4823">
     <span class='ocr_line' id='line_1_103' title="bbox 2058 4752 3627 4823; baseline 0.004 -18"><span class='ocrx_word' id='word_1_734' title='bbox 2058 4752 2436 4807; x_wconf 87' lang='lat' dir='ltr'><strong>ministrorum</strong></span> <span class='ocrx_word' id='word_1_735' title='bbox 2489 4754 2708 4823; x_wconf 88' lang='lat' dir='ltr'><strong>quidam</strong></span> <span class='ocrx_word' id='word_1_736' title='bbox 2769 4756 3013 4811; x_wconf 87' lang='lat' dir='ltr'><strong>Ananias</strong></span> <span class='ocrx_word' id='word_1_737' title='bbox 3078 4758 3321 4822; x_wconf 89' lang='lat' dir='ltr'><strong>nomine,</strong></span> <span class='ocrx_word' id='word_1_738' title='bbox 3376 4759 3506 4814; x_wconf 91' lang='lat' dir='ltr'><strong>dum</strong></span> <span class='ocrx_word' id='word_1_739' title='bbox 3569 4759 3627 4812; x_wconf 93' lang='lat' dir='ltr'><strong>in</strong></span> 
     </span>
    </p>
   </div>
   <div class='ocr_carea' id='block_1_104' title="bbox 2058 4843 3624 4915">
    <p class='ocr_par' dir='ltr' id='par_1_104' title="bbox 2058 4843 3624 4915">
     <span class='ocr_line' id='line_1_104' title="bbox 2058 4843 3624 4915; baseline 0.001 -17"><span class='ocrx_word' id='word_1_740' title='bbox 2058 4843 2349 4915; x_wconf 67' lang='lat' dir='ltr'><strong>Egyptutn</strong></span> <span class='ocrx_word' id='word_1_741' title='bbox 2372 4861 2465 4914; x_wconf 88' lang='lat' dir='ltr'><strong>per</strong></span> <span class='ocrx_word' id='word_1_742' title='bbox 2488 4844 2834 4901; x_wconf 77' lang='lat' dir='ltr'><strong>Palaestinam</strong></span> <span class='ocrx_word' id='word_1_743' title='bbox 2857 4847 2961 4902; x_wconf 90' lang='lat' dir='ltr'><strong>iter</strong></span> <span class='ocrx_word' id='word_1_744' title='bbox 2984 4848 3230 4913; x_wconf 84' lang='lat' dir='ltr'><strong>haberet,</strong></span> <span class='ocrx_word' id='word_1_745' title='bbox 3258 4850 3311 4903; x_wconf 93' lang='lat' dir='ltr'><strong>in</strong></span> <span class='ocrx_word' id='word_1_746' title='bbox 3341 4850 3624 4903; x_wconf 88' lang='lat' dir='ltr'><strong>Christum</strong></span> 
     </span>
    </p>
   </div>
   <div class='ocr_carea' id='block_1_105' title="bbox 2058 4938 3627 5008">
    <p class='ocr_par' dir='ltr' id='par_1_105' title="bbox 2058 4938 3627 5008">
     <span class='ocr_line' id='line_1_105' title="bbox 2058 4938 3627 5008; baseline 0 -16"><span class='ocrx_word' id='word_1_747' title='bbox 2058 4938 2349 5001; x_wconf 86' lang='lat' dir='ltr'><strong>incideret,</strong></span> <span class='ocrx_word' id='word_1_748' title='bbox 2390 4954 2625 5008; x_wconf 90' lang='lat' dir='ltr'><strong>eumque</strong></span> <span class='ocrx_word' id='word_1_749' title='bbox 2678 4940 2896 4994; x_wconf 81' lang='lat' dir='ltr'><strong>eminus</strong></span> <span class='ocrx_word' id='word_1_750' title='bbox 2949 4941 3213 4995; x_wconf 67' lang='lat' dir='ltr'><strong>doctrina:</strong></span> <span class='ocrx_word' id='word_1_751' title='bbox 3257 4942 3306 4994; x_wconf 92' lang='lat' dir='ltr'><strong>vi</strong></span> <span class='ocrx_word' id='word_1_752' title='bbox 3339 4941 3407 4994; x_wconf 87' lang='lat' dir='ltr'><strong>ab</strong></span> <span class='ocrx_word' id='word_1_753' title='bbox 3437 4953 3627 4994; x_wconf 84' lang='lat' dir='ltr'><strong>errore</strong></span> 
     </span>
    </p>
   </div>
   <div class='ocr_carea' id='block_1_106' title="bbox 2062 5027 3626 5098">
    <p class='ocr_par' dir='ltr' id='par_1_106' title="bbox 2062 5027 3626 5098">
     <span class='ocr_line' id='line_1_106' title="bbox 2062 5027 3626 5098; baseline 0.001 -18"><span class='ocrx_word' id='word_1_754' title='bbox 2062 5027 2255 5081; x_wconf 89' lang='lat' dir='ltr'><strong>turbas</strong></span> <span class='ocrx_word' id='word_1_755' title='bbox 2281 5036 2650 5091; x_wconf 86' lang='lat' dir='ltr'><strong>revocantem,</strong></span> <span class='ocrx_word' id='word_1_756' title='bbox 2675 5042 2739 5083; x_wconf 91' lang='lat' dir='ltr'><strong>ac</strong></span> <span class='ocrx_word' id='word_1_757' title='bbox 2768 5028 2988 5083; x_wconf 90' lang='lat' dir='ltr'><strong>insolita</strong></span> <span class='ocrx_word' id='word_1_758' title='bbox 3020 5032 3278 5098; x_wconf 91' lang='lat' dir='ltr'><strong>omnique</strong></span> <span class='ocrx_word' id='word_1_759' title='bbox 3307 5028 3411 5083; x_wconf 85' lang='lat' dir='ltr'><strong>ﬁde</strong></span> <span class='ocrx_word' id='word_1_760' title='bbox 3448 5031 3626 5097; x_wconf 81' lang='lat' dir='ltr'><strong>majo-</strong></span> 
     </span>
    </p>
   </div>
   <div class='ocr_carea' id='block_1_107' title="bbox 2061 5118 3629 5190">
    <p class='ocr_par' dir='ltr' id='par_1_107' title="bbox 2061 5118 3629 5190">
     <span class='ocr_line' id='line_1_107' title="bbox 2061 5118 3629 5190; baseline 0.001 -19"><span class='ocrx_word' id='word_1_761' title='bbox 2061 5133 2122 5171; x_wconf 90' lang='lat' dir='ltr'><strong>ra</strong></span> <span class='ocrx_word' id='word_1_762' title='bbox 2160 5118 2424 5172; x_wconf 89' lang='lat' dir='ltr'><strong>miracula</strong></span> <span class='ocrx_word' id='word_1_763' title='bbox 2457 5126 2758 5187; x_wconf 91' lang='lat' dir='ltr'><strong>patrantem</strong></span> <span class='ocrx_word' id='word_1_764' title='bbox 2794 5122 3157 5190; x_wconf 89' lang='lat' dir='ltr'><strong>conspiceret.</strong></span> <span class='ocrx_word' id='word_1_765' title='bbox 3183 5121 3477 5189; x_wconf 87' lang='lat' dir='ltr'><strong>Postquam</strong></span> <span class='ocrx_word' id='word_1_766' title='bbox 3497 5136 3629 5189; x_wconf 72' lang='lat' dir='ltr'><strong>ergo</strong></span> 
     </span>
    </p>
   </div>
   <div class='ocr_carea' id='block_1_108' title="bbox 2063 5208 3629 5282">
    <p class='ocr_par' dir='ltr' id='par_1_108' title="bbox 2063 5208 3629 5282">
     <span class='ocr_line' id='line_1_108' title="bbox 2063 5208 3629 5282; baseline 0.001 -20"><span class='ocrx_word' id='word_1_767' title='bbox 2063 5211 2165 5263; x_wconf 88' lang='lat' dir='ltr'><strong>iter</strong></span> <span class='ocrx_word' id='word_1_768' title='bbox 2216 5212 2267 5262; x_wconf 90' lang='lat' dir='ltr'><strong>in</strong></span> <span class='ocrx_word' id='word_1_769' title='bbox 2308 5208 2604 5279; x_wconf 63' lang='lat' dir='ltr'><strong>Egyptum</strong></span> <span class='ocrx_word' id='word_1_770' title='bbox 2683 5212 3016 5276; x_wconf 89' lang='lat' dir='ltr'><strong>confecerat,</strong></span> <span class='ocrx_word' id='word_1_771' title='bbox 3078 5213 3253 5282; x_wconf 89' lang='lat' dir='ltr'><strong>iisque</strong></span> <span class='ocrx_word' id='word_1_772' title='bbox 3307 5212 3629 5281; x_wconf 82' lang='lat' dir='ltr'><strong>perfunctus</strong></span> 
     </span>
    </p>
   </div>
   <div class='ocr_carea' id='block_1_109' title="bbox 2064 5302 3629 5374">
    <p class='ocr_par' dir='ltr' id='par_1_109' title="bbox 2064 5302 3629 5374">
     <span class='ocr_line' id='line_1_109' title="bbox 2064 5302 3629 5374; baseline 0.001 -20"><span class='ocrx_word' id='word_1_773' title='bbox 2064 5316 2184 5370; x_wconf 68' lang='lat' dir='ltr'><strong>qua:</strong></span> <span class='ocrx_word' id='word_1_774' title='bbox 2217 5303 2269 5354; x_wconf 92' lang='lat' dir='ltr'><strong>in</strong></span> <span class='ocrx_word' id='word_1_775' title='bbox 2307 5302 2579 5358; x_wconf 89' lang='lat' dir='ltr'><strong>mandatis</strong></span> <span class='ocrx_word' id='word_1_776' title='bbox 2605 5314 2913 5374; x_wconf 90' lang='lat' dir='ltr'><strong>acceperat,</strong></span> <span class='ocrx_word' id='word_1_777' title='bbox 2960 5304 3028 5358; x_wconf 84' lang='lat' dir='ltr'><strong>ad</strong></span> <span class='ocrx_word' id='word_1_778' title='bbox 3087 5303 3278 5358; x_wconf 90' lang='lat' dir='ltr'><strong>herum</strong></span> <span class='ocrx_word' id='word_1_779' title='bbox 3316 5303 3629 5358; x_wconf 85' lang='lat' dir='ltr'><strong>reverteba-</strong></span> 
     </span>
    </p>
   </div>
   <div class='ocr_carea' id='block_1_110' title="bbox 2066 5392 3629 5467">
    <p class='ocr_par' dir='ltr' id='par_1_110' title="bbox 2066 5392 3629 5467">
     <span class='ocr_line' id='line_1_110' title="bbox 2066 5392 3629 5467; baseline 0.004 -24"><span class='ocrx_word' id='word_1_780' title='bbox 2066 5402 2173 5444; x_wconf 90' lang='lat' dir='ltr'><strong>tur.</strong></span> <span class='ocrx_word' id='word_1_781' title='bbox 2229 5392 2367 5448; x_wconf 87' lang='lat' dir='ltr'><strong>Cutu</strong></span> <span class='ocrx_word' id='word_1_782' title='bbox 2432 5395 2589 5467; x_wconf 85' lang='lat' dir='ltr'><strong>longa</strong></span> <span class='ocrx_word' id='word_1_783' title='bbox 2638 5411 2761 5451; x_wconf 91' lang='lat' dir='ltr'><strong>eum</strong></span> <span class='ocrx_word' id='word_1_784' title='bbox 2795 5395 2970 5451; x_wconf 89' lang='lat' dir='ltr'><strong>morbi</strong></span> <span class='ocrx_word' id='word_1_785' title='bbox 3025 5394 3342 5450; x_wconf 82' lang='lat' dir='ltr'><strong>articularis</strong></span> <span class='ocrx_word' id='word_1_786' title='bbox 3372 5397 3497 5451; x_wconf 85' lang='lat' dir='ltr'><strong>tabe</strong></span> <span class='ocrx_word' id='word_1_787' title='bbox 3529 5411 3629 5449; x_wconf 65' lang='lat' dir='ltr'><strong>cv-</strong></span> 
     </span>
    </p>
   </div>
   <div class='ocr_carea' id='block_1_111' title="bbox 1884 5547 2115 5605">
    <p class='ocr_par' dir='ltr' id='par_1_111' title="bbox 1884 5547 2115 5605">
     <span class='ocr_line' id='line_1_111' title="bbox 1884 5547 2115 5605; baseline 0.009 -4"><span class='ocrx_word' id='word_1_788' title='bbox 1884 5547 2115 5605; x_wconf 74' lang='lat' dir='ltr'><strong>NOT/E.</strong></span> 
     </span>
    </p>
   </div>
   <div class='ocr_carea' id='block_1_112' title="bbox 461 5662 3630 5741">
    <p class='ocr_par' dir='ltr' id='par_1_112' title="bbox 461 5662 3630 5741">
     <span class='ocr_line' id='line_1_112' title="bbox 461 5662 3630 5741; baseline 0 -21"><span class='ocrx_word' id='word_1_789' title='bbox 461 5670 537 5737; x_wconf 76' lang='lat'><strong>(9.)</strong></span> <span class='ocrx_word' id='word_1_790' title='bbox 566 5667 755 5741; x_wconf 67' lang='lat' dir='ltr'><strong>Potius</strong></span> <span class='ocrx_word' id='word_1_791' title='bbox 794 5665 947 5735; x_wconf 74' lang='grc' dir='ltr'>δοκῇ.</span> <span class='ocrx_word' id='word_1_792' title='bbox 987 5663 1118 5729; x_wconf 84' lang='lat' dir='ltr'><strong>Quae</strong></span> <span class='ocrx_word' id='word_1_793' title='bbox 1164 5664 1278 5741; x_wconf 35' lang='lat' dir='ltr'><strong>hic.</strong></span> <span class='ocrx_word' id='word_1_794' title='bbox 1316 5674 1572 5741; x_wconf 80' lang='lat' dir='ltr'><strong>notamus</strong></span> <span class='ocrx_word' id='word_1_795' title='bbox 1598 5707 1611 5729; x_wconf 92' lang='lat'><strong>,</strong></span> <span class='ocrx_word' id='word_1_796' title='bbox 1651 5662 1963 5732; x_wconf 86' lang='lat' dir='ltr'><strong>sphalmala</strong></span> <span class='ocrx_word' id='word_1_797' title='bbox 2005 5664 2255 5724; x_wconf 89' lang='lat' dir='ltr'><strong>videntur</strong></span> <span class='ocrx_word' id='word_1_798' title='bbox 2282 5669 2695 5741; x_wconf 81' lang='lat' dir='ltr'><strong>typographica,</strong></span> <span class='ocrx_word' id='word_1_799' title='bbox 2729 5680 2967 5739; x_wconf 88' lang='lat' dir='ltr'><strong>quorum</strong></span> <span class='ocrx_word' id='word_1_800' title='bbox 3012 5673 3193 5722; x_wconf 87' lang='lat' dir='ltr'><strong>tamen</strong></span> <span class='ocrx_word' id='word_1_801' title='bbox 3223 5667 3483 5722; x_wconf 85' lang='lat' dir='ltr'><strong>nonnulla</strong></span> <span class='ocrx_word' id='word_1_802' title='bbox 3526 5668 3630 5738; x_wconf 71' lang='lat' dir='ltr'><strong>ipsi</strong></span> 
     </span>
    </p>
   </div>
   <div class='ocr_carea' id='block_1_113' title="bbox 386 5733 1739 5802">
    <p class='ocr_par' dir='ltr' id='par_1_113' title="bbox 386 5733 1739 5802">
     <span class='ocr_line' id='line_1_113' title="bbox 386 5733 1739 5802; baseline -0.004 -10"><span class='ocrx_word' id='word_1_803' title='bbox 386 5733 818 5798; x_wconf 83' lang='lat' dir='ltr'><strong>emendavituus.</strong></span> <span class='ocrx_word' id='word_1_804' title='bbox 848 5733 971 5788; x_wconf 80' lang='lat' dir='ltr'><strong>cum</strong></span> <span class='ocrx_word' id='word_1_805' title='bbox 1007 5743 1158 5789; x_wconf 88' lang='lat' dir='ltr'><strong>certo</strong></span> <span class='ocrx_word' id='word_1_806' title='bbox 1189 5733 1500 5802; x_wconf 86' lang='lat' dir='ltr'><strong>hujusmodi</strong></span> <span class='ocrx_word' id='word_1_807' title='bbox 1536 5744 1739 5791; x_wconf 79' lang='lat' dir='ltr'><strong>essent.</strong></span> 
     </span>
    </p>
   </div>
   <div class='ocr_carea' id='block_1_114' title="bbox 702 5825 1389 5891">
    <p class='ocr_par' dir='ltr' id='par_1_114' title="bbox 702 5825 1389 5891">
     <span class='ocr_line' id='line_1_114' title="bbox 702 5825 1389 5891; baseline -0.006 0"><span class='ocrx_word' id='word_1_808' title='bbox 702 5830 969 5891; x_wconf 74' lang='lat' dir='ltr'><strong>PATROL.</strong></span> <span class='ocrx_word' id='word_1_809' title='bbox 1019 5827 1133 5886; x_wconf 75' lang='lat' dir='ltr'><strong>Gn.</strong></span> <span class='ocrx_word' id='word_1_810' title='bbox 1185 5825 1389 5887; x_wconf 77' lang='lat' dir='ltr'><strong>CXIII.</strong></span> 
     </span>
    </p>
   </div>
   <div class='ocr_carea' id='block_1_115' title="bbox 3217 5820 3287 5882">
    <p class='ocr_par' dir='ltr' id='par_1_115' title="bbox 3217 5820 3287 5882">
     <span class='ocr_line' id='line_1_115' title="bbox 3217 5820 3287 5882; baseline -0.014 0"><span class='ocrx_word' id='word_1_811' title='bbox 3217 5820 3287 5882; x_wconf 73' lang='lat' dir='ltr'><strong>H</strong></span> 
     </span>
    </p>
   </div>
  </div>
