4058 6212
467 286 576 354 427

1425 288 1944 372 .CONSTANTINI
1986 289 2656 351 PORPHYROGENITI

3611 290 3720 352 (23

467 402 732 464 cruciari,
767 413 831 456 ac
866 400 1020 470 nigra
1054 402 1203 468 lepra
1253 397 1468 454 absumi
1526 391 1914 464 intellexisset,
1938 402 2021 455 du

2146 401 2331 462 αὐτοῦ,
2398 402 2492 454 καὶ
2544 399 2813 471 ἀρθρίτιδι
2858 397 3054 470 χρονίῳ
3101 397 3536 471 τυραννούμενον
3579 399 3718 472 ῇδει,

466 499 705 566 plicique
762 493 926 562 afﬂigi
969 491 1298 556 calamitate,
1352 505 1448 546 seu
1517 492 1700 560 potius
1747 493 2031 562 multiplici

465 587 784 657 (egritudine
815 581 1080 645 divexari,
1107 581 1251 652 quod
1279 590 1332 638 et
1362 583 1718 638 articulorum
1749 583 2033 639 doloribus

463 687 762 740 teneretur,
791 684 843 728 et
877 674 1042 743 lepra:
1093 674 1254 730 malis
1297 674 1666 729 miserabilem
1700 675 1864 729 vitam
1904 689 2031 744 age—

461 779 562 822 ret.
592 765 901 820 Accedebat
943 772 997 817 et
1031 762 1403 819 deformitatis
1434 763 1631 833 pudor,
1667 763 1828 833 cujus
1857 764 2033 835 gratia

459 873 525 911 ne
562 857 648 909 vix
677 854 895 922 quidem
955 867 1014 908 se
1063 851 1114 905 in
1157 861 1456 922 conspectu
1489 851 1680 918 dabat;
1726 865 1790 906 ac
1830 852 2028 906 nedum

459 948 598 1000 lecto
627 947 945 1014 plerumque
978 940 1177 996 affixus
1202 939 1511 1007 desidebat,
1539 941 1634 995 sed
1664 948 1717 995 et
1745 939 2032 994 invisenti-

457 1042 557 1091 lius
588 1036 783 1090 amicis
823 1032 1172 1103 praesentiam
1201 1031 1286 1085 sui
1317 1031 1502 1084 studio
1551 1030 1910 1084 subducebat.
1943 1030 2028 1084 ld-

456 1129 606 1182 circo
667 1140 861 1182 rursus
892 1139 1018 1178 cum
1083 1130 1231 1176 esset
1289 1136 1636 1184 reversurus,
1684 1121 1878 1191 majori
1915 1136 2028 1176 rem

455 1215 736 1286 diligentia
769 1212 1031 1282 exquirit,
1069 1225 1177 1279 quo
1212 1209 1418 1263 certius
1456 1211 1590 1264 hero
1616 1210 1852 1274 nuntiet,
1881 1226 1949 1264 ne
1977 1219 2028 1263 ct

457 1308 546 1360 ille
609 1305 730 1374 ejus
789 1303 930 1358 forte
963 1301 1148 1357 curari
1187 1300 1459 1356 medicina
1493 1301 1692 1355 valeat.
1749 1302 1806 1355 In
1838 1303 2027 1356 iisdem

455 1401 623 1469 igitur
655 1413 848 1451 rursus
898 1395 1188 1449 Dominum
1250 1393 1497 1458 oll'endit,
1557 1409 1752 1464 nempe
1784 1403 2029 1448 mortuos

457 1491 846 1552 suscitantem,
879 1503 1055 1542 cmcos
1103 1487 1242 1540 lucis
1269 1499 1437 1539 usura
1467 1485 1785 1547 donantem,
1814 1485 2028 1540 claudis

456 1590 801 1650 przostantcm
847 1588 906 1634 ut
941 1587 1086 1632 recta
1139 1576 1497 1632 incederent:
1551 1591 1743 1630 omnes
1793 1576 2029 1646 denique

396 1675 398 1677 ’
457 1669 650 1739 quavis
685 1668 1002 1722 laborantes
1036 1667 1383 1736 aegritudine,
1419 1665 1484 1719 ad
1516 1667 1808 1723 sanitatem
1833 1667 2029 1721 robur-

455 1776 562 1830 que
596 1759 1000 1814 traducentem.

523 1849 613 1904 ΙΙΙ.
643 1850 861 1904 Certior
893 1865 1023 1918 ergo
1059 1847 1235 1902 factus
1271 1857 1690 1920 perspectoque,
1718 1850 1831 1904 hare
1851 1851 2027 1920 palam

456 1934 666 1992 Domini
720 1938 986 1992 virtutum
1023 1952 1144 1992 esse
1172 1951 1363 2005 opera,
1419 1947 1477 1992 ut
1523 1940 1752 2008 patriam
1780 1939 2030 1996 domum-

456 2044 563 2098 que
598 2044 658 2083 se
692 2031 915 2097 recepit,
941 2028 1161 2097 Augaro
1195 2029 1490 2092 nuntiavit,
1535 2044 1598 2082 ac
1623 2030 1874 2099 pluribus
1908 2047 2030 2104 qua:

456 2121 663 2176 viderat
724 2121 910 2172 omnia
963 2134 1025 2172 ac
1084 2120 1356 2183 audierat,
1407 2119 1693 2175 indicavit.
1761 2123 2028 2188 Quocirca

455 2212 606 2265 velut
638 2209 815 2278 majus
837 2209 968 2278 quid
1007 2209 1125 2279 ipso
1154 2210 1356 2278 negotii
1385 2212 1562 2280 capite
1599 2227 1693 2282 per
1719 2214 1837 2282 ejus
1860 2229 2025 2269 occa-

459 2301 671 2355 sionem
709 2309 924 2364 nactus,
957 2300 1244 2372 bonusque
1278 2314 1343 2354 ac
1379 2300 1534 2356 laetus
1556 2301 1693 2358 hero
1727 2303 2026 2360 adveniens

451 2393 700 2454 nuntius,
732 2392 1131 2447 humanissime
1157 2393 1448 2463 accipitur,
1486 2394 1628 2448 inter
1649 2409 1839 2450 servos
1868 2396 2026 2466 longe

461 2483 1016 2540 benevolentissimos
1081 2483 1327 2538 habitus.
1376 2483 1715 2552 Quandoque
1743 2500 1886 2557 aegra
1923 2486 2023 2539 ali-

449 2578 575 2644 quis
599 2573 911 2644 afllictaque
945 2574 1279 2638 valetudine,
1307 2573 1578 2642 quidquid
1607 2573 1816 2638 audiat,
1873 2581 2024 2630 actu-

452 2675 567 2721 tum
619 2682 838 2737 semper
885 2666 1072 2736 rapit:
1106 2667 1494 2720 esstimulante
1577 2666 1771 2721 nuntio
1809 2681 1873 2722 ac
1929 2683 2026 2738 spe

449 2758 733 2822 incitante,
791 2758 846 2812 in
887 2771 1002 2812 rem
1034 2758 1286 2826 Augarus
1325 2756 1630 2811 renandam
1676 2757 1894 2828 sibique
1923 2773 2024 2812 au-

447 2847 758 2916 cupaudam
798 2846 912 2900 cito
942 2846 1108 2900 citius
1134 2845 1427 2910 incumbit,
1453 2856 1618 2917 atque
1648 2848 1713 2901 ad
1740 2863 1798 2903 se
1828 2849 2021 2902 talium

448 2947 729 2993 auctorem
751 2937 1049 2993 sanitatum
1084 2937 1230 2992 datis
1256 2936 1451 2992 litteris
1477 2938 1714 2994 accersit
1743 2956 1757 2994 :
1783 2954 1883 2995 nec
1906 2954 2022 2994 mo-

424 3046 534 3096 tra,
578 3030 782 3084 celebri
841 3027 985 3084 fama
1037 3029 1244 3100 ubique
1273 3031 1552 3100 vulgatam
1603 3031 1752 3086 illam
1787 3031 2021 3086 Domino

2147 493 2240 545 καὶ
2275 491 2503 562 μελαίνῃ
2532 492 2707 562 λέπρᾳ
2730 491 3205 560 ἐκδαπανὼμενον,
3238 491 3330 542 καὶ
3349 492 3547 560 διπλῆν
3582 511 3718 563 συμ-

2144 584 2335 651 φορὰν,
2380 583 2578 650 μᾶλλον
2609 581 2665 633 δὲ
2705 581 3016 650 πολλαπλῆν
3051 581 3149 651 τὴν
3179 584 3332 636 νόσον
3365 582 3715 650 πονούμενον,

2140 667 2220 736 οἷς
2259 672 2352 725 καὶ
2384 674 2502 735 ταῖς
2535 671 2641 726 ἀπὸ
2667 671 2776 723 τῶν
2801 671 3019 742 ἄρθρων
3052 672 3266 734 ὀδύναις
3292 673 3592 743 συνείχετο,
3625 675 3717 727 καὶ

2137 765 2250 825 τοῖς
2281 763 2356 832 ('5)
2394 764 2492 832 τῆς
2523 763 2728 832 λέπρας
2771 761 3134 833 ἐταλαιπώρει
3163 766 3375 826 κακοῖς.
3412 765 3630 834 Προσῆν
3661 765 3715 817 δέ

2141 853 2234 905 καὶ
2259 854 2290 920 ἡ
2326 853 2422 922 τῆς
2445 853 2724 924 ἀμορφίας
2751 853 3006 922 αἰσχύνη,
3040 853 3107 905 δι’
3136 854 3202 924 ἢν
3228 854 3358 923 οὐδέ
3379 853 3572 918 θεατὸς
3605 859 3715 920 τοῖς

2137 944 2445 1014 ἀνθρώποις
2488 943 2673 1012 σχεδὸν
2705 939 2792 1014 ἦν.
2843 943 2983 996 Ἀλλ’
3005 944 3124 998 οὐδὲ
3157 944 3318 1016 μόνον
3359 945 3620 1015 κλινήρης
3649 947 3716 998 τὰ

2139 1036 2308 1089 πολλὰ
2329 1035 2578 1100 διετέλει,
2619 1034 2757 1090 ἀλλὰ
2805 1035 2900 1088 καὶ
2954 1035 3080 1098 τοὺς
3133 1036 3455 1104 ἐπισκέψειν
3481 1036 3715 1106 ἐρχομέ-

2138 1143 2262 1190 νους
2313 1126 2420 1180 τῶν
2472 1125 2638 1196 φίλων
2677 1126 2770 1179 ὐπ’
2801 1127 3065 1197 αἰσχύνης
3105 1129 3574 1198 ἐναπεκρύπτετο.
3616 1132 3716 1183 Διὰ

2135 1220 2294 1274 τοῦτο
2325 1221 2488 1274 πάλιν
2517 1223 2574 1273 ἐν
2601 1219 2679 1291 τῷ
2713 1221 3100 1290 ὑποστρέφειν,
3152 1221 3541 1292 ἀκριϐέστερον
3583 1223 3714 1291 περὶ

2137 1312 2244 1365 τῶν
2276 1312 2456 1366 αὐτῶν
2487 1312 2780 1381 διαγνῶναι
2835 1311 3187 1376 ἐσπούδασεν,
3236 1311 3302 1364 ἵν’
3333 1311 3443 1382 ἔχοι
3480 1311 3710 1381 βεόαίως

2137 1401 2468 1469 ἐπαγγεῖλαι
2524 1402 2600 1471 τῷ
2653 1401 2828 1471 κυρίῳ
2874 1400 3062 1466 αὐτοῦ,
3095 1401 3168 1462 ὠς
3203 1400 3268 1454 ἂν
3295 1401 3422 1463 ἴσως
3463 1402 3714 1463 κάκεῖνος

2134 1496 2233 1559 τῆς
2267 1492 2336 1544 δι’
2363 1492 2528 1544 αὐτοῦ
2559 1493 2800 1561 ἰατρείας
2841 1490 3071 1560 ἀξιωθῇ.
3109 1486 3276 1560 Εὗρεν
3309 1488 3403 1545 οὖν
3431 1491 3593 1545 πάλιν
3621 1492 3714 1542 τὸν

2135 1582 2341 1652 Κύριον
2370 1582 2593 1635 ἐπὶτῶν
2628 1581 2828 1646 αὐτῶν,
2878 1582 3106 1653 νεκροὺς
3130 1581 3452 1645 ἀνιστῶντα,
3494 1582 3713 1650 τυῳὶοίς

2138 1669 2198 1722 τὸ
2230 1669 2450 1738 βλέπειν
2491 1669 2856 1741 δωρούμενον,
2897 1671 3106 1739 χωλοὺς
3148 1671 3367 1741 ἀρτίους
3406 1671 3710 1732 δεικνύντα,

2060 1771 2106 1831 Β
2136 1757 2230 1809 καὶ
2251 1757 2460 1820 πάντας
2483 1757 2609 1820 τούς
2642 1755 2822 1809 ὁτιοῦν
2852 1754 3212 1818 ἀσθενοῦντας
3242 1753 3568 1824 ρωννύοντα.

2207 1848 2280 1900 Γ’.
2331 1847 2418 1910 Ὠς
2465 1846 2557 1900 οῦν
2603 1845 2900 1916 ἐπιστώθη,
2939 1847 3032 1900 καὶ
3079 1845 3222 1915 ἔγνω
3263 1845 3436 1898 ταῦτα
3467 1847 3712 1915 φανερῶς

2133 1940 2240 1993 ὐπὸ
2262 1939 2358 1993 τοῦ
2384 1939 2589 2011 Κυρίου
2620 1938 2947 2010 τελούμενα,
2992 1937 3070 2008 τῷ
3103 1938 3338 2009 Λύγάρῳ
3370 1939 3712 2008 ὑποστρέψας

2131 2031 2420 2102 ἐγνώρισε,
2457 2031 2550 2085 καὶ
2578 2029 2666 2084 διὰ
2689 2031 2950 2084 πλειόνων
2994 2030 3030 2084 ἆ
3062 2047 3114 2084 τε
3156 2023 3296 2083 εἶδεν
3327 2029 3362 2083 ἃ
3395 2047 3449 2082 τε
3480 2029 3713 2098 ἤκουσεν

2129 2122 2454 2189 ἀνεδίδαξεν.
2494 2121 2658 2176 Ὅθεν
2715 2121 2790 2185 ὡς
2849 2121 3032 2190 μεῖζον
3089 2119 3184 2173 τοῦ
3244 2119 3410 2190 ἔργου
3462 2120 3523 2172 τὸ
3571 2121 3712 2188 πάρ-

2129 2229 2290 2284 εργον
2311 2213 2932 2284 παρεμπορευσάμενος,
2959 2214 3050 2265 καὶ
3079 2211 3155 2273 ὡς
3183 2211 3524 2279 εὐαγγελίων
3564 2209 3711 2278 αὐτῷ

2129 2304 2501 2372 καταγγελεὺς
2556 2301 2767 2368 δεξιῶν,
2819 2303 2921 2373 τῆς
2978 2302 3363 2373 προσηκούσης
3437 2299 3710 2369 ἀποδοχῆς

2128 2393 2456 2464 κατηξίωτο,
2497 2394 2592 2447 καὶ
2634 2393 2742 2448 τῶν
2796 2393 3168 2446 εὐνουστάτων
3225 2387 3306 2453 εἷς
3359 2388 3704 2460 ἐγνωρίζετο.

2129 2485 2241 2538 Καὶ
2270 2485 2393 2538 ἐπεὶ
2416 2485 2477 2536 τὸ
2533 2484 2740 2555 κάμνον
2779 2485 2866 2537 ἀεὶ
2901 2483 2976 2547 ὼς
3012 2482 3282 2554 ἅρπαγμα
3333 2484 3564 2534 ποιεῖται
3609 2481 3707 2549 τὴν

2128 2575 2486 2646 ἐπαγγελίαν,
2519 2578 2618 2645 τῆς
2649 2574 2889 2645 ίστορίας
2921 2574 3016 2627 καὶ
3055 2573 3151 2644 τῆς
3199 2571 3415 2634 ἐλπίδος
3461 2588 3710 2642 περισαιο

2127 2669 2323 2737 νούσης
2375 2667 2468 2719 τὸν
2527 2666 2836 2734 ἄνθρωπον,
2890 2665 3194 2728 σπουδαίως
3238 2664 3368 2736 περὶ
3397 2663 3494 2734 τὴν
3535 2663 3709 2732 θήραν

2126 2758 2219 2810 τοῦ
2255 2756 2587 2828 μνησθέντος
2618 2755 2797 2810 πείθει
2853 2755 3052 2826 δρμᾷν.
3085 2755 3196 2808 Καὶ
3225 2756 3253 2808 ὁ
3283 2753 3535 2822 Αὐγαρος
3566 2753 3705 2821 πρὸς

2125 2848 2203 2919 τῷ
2231 2849 2319 2901 διὰ
2345 2851 2564 2918 γραφῆς
2599 2847 3073 2917 μετακαλέσασθαι
3116 2846 3369 2915 διανέστη
3400 2846 3491 2896 τὸν
3525 2843 3703 2896 ίᾶσθαι

2126 2941 2194 2992 τὰ
2243 2939 2468 2992 τοιαῦτα
2520 2938 2814 3009 λεγόμενον
2869 2936 3154 2992 δύνασθαι.
3198 2937 3306 2988 Καὶ
3357 2937 3701 3004 παραχρῆμα

2125 3030 2224 3100 τὴν
2247 3027 2522 3100 πανταχοῦ
2546 3028 2988 3099 περιφερομένην
3018 3028 3222 3098 ταύτην
3246 3028 3536 3096 ἐπιστολὴν
3567 3026 3706 3096 πρὸς

443 3122 761 3193 epistolam,
796 3121 850 3177 in
899 3122 1012 3177 haec
1052 3122 1166 3177 fere
1209 3138 1266 3178 se
1311 3123 1474 3177 verba
1524 3122 1835 3192 habentem,
1893 3124 2021 3180 scri-

2127 3121 2214 3174 τὸν
2235 3120 2437 3191 Κύριον
2459 3120 2717 3192 ἔγραψεν,
2741 3121 2942 3176 οὐτωσὶ
2963 3122 3343 3192 περιέχουσαν·

420 3217 546 3272 ’1)ἱιε

521 3306 609 3361 IV.
645 3307 887 3378 Augarus
945 3305 1158 3362 Edessa:
1183 3308 1443 3376 princeps,
1470 3307 1598 3361 Jesu
1623 3308 1914 3370 Saluatori,
1935 3310 2023 3376 qui

447 3403 611 3453 bonus
644 3399 1058 3468 Hierosolymis
1113 3400 1346 3452 medicus
1417 3400 1714 3466 apparuit,
1775 3399 2022 3452 salutem.

451 3490 773 3560 Nuntiatum
805 3498 885 3542 est
921 3489 1049 3540 mihi
1076 3488 1140 3542 de
1171 3497 1240 3548 te.
1279 3498 1328 3540 et
1363 3487 1428 3542 de
1462 3489 1855 3550 curationibus,
1887 3503 2020 3557 quas

447 3581 646 3649 absque
673 3579 1071 3632 medicamentis
1101 3590 1150 3633 et
1174 3580 1349 3633 herbis
1381 3579 1642 3648 operaris.
1682 3577 1851 3632 Fama
1883 3579 2022 3632 enim

444 3677 546 3732 est,
597 3669 750 3723 circis
803 3670 995 3733 visum,
1048 3668 1258 3723 claudis
1311 3685 1549 3739 gressum
1575 3670 1668 3724 abs
1696 3681 1746 3724 te
1790 3670 2018 3734 restitui,

417 3762 681 3827 ‘leprosos
742 3763 1016 3826 mandari,
1054 3761 1341 3816 =da-monas
1387 3772 1435 3816 et
1476 3765 1778 3818 immundos
1801 3763 2021 3832 spiritus

445 3853 657 3922 expelli,
694 3853 965 3908 diuturnis
998 3855 1196 3908 morbis
1235 3869 1518 3924 oppressos
1545 3857 1749 3918 sanari,
1786 3866 2020 3911 mortuos

417 3942 668 4012 vdenique
697 3943 968 3998 suscitari.
1006 3944 1136 4010 Qua:
1190 3961 1309 3998 cum
1355 3947 1538 3999 omnia
1568 3945 1631 4000 de
1681 3955 1728 3999 te
1755 3947 2018 4013 audirem,

431 4039 520 4092 sic
546 4042 599 4092 in
628 4039 865 4091 animum
898 4055 1068 4093 meum
1093 4039 1282 4092 induxi
1309 4057 1322 4093 :
1357 4051 1449 4094 aut
1475 4057 1652 4096 revera
1686 4041 1856 4096 Deum
1882 4059 2016 4107 esse,

425 4129 530 4198 qui
556 4145 583 4182 e
608 4129 735 4182 mlo
759 4127 1007 4197 delapsus
1025 4130 1136 4183 haec
1159 4129 1386 4197 efﬁcias,
1411 4139 1511 4193 aut.
1523 4140 1657 4184 certe
1673 4128 1773 4185 Dei
1800 4131 2014 4185 Filium.

441 4221 677 4276 Proinde
731 4224 801 4276 ad
829 4233 876 4275 te
914 4223 1127 4292 scripsi,
1189 4239 1352 4275 orans
1379 4235 1434 4275 ut
1465 4239 1562 4277 nos
1601 4225 1847 4288 invisere,
1874 4239 2016 4277 mor-

440 4314 666 4384 bumque
714 4323 956 4366 nostrum
996 4310 1192 4367 sanare
1230 4331 1329 4367 non
1365 4315 1622 4382 graveris.
1669 4313 1842 4366 Audio
1875 4315 2017 4366 enim

440 4402 657 4458 Iudaeos
698 4403 789 4456 tibi
841 4402 1152 4466 obtrectare,
1200 4413 1248 4457 et
1285 4403 1509 4456 insidias
1560 4404 1613 4456 in
1660 4413 1816 4470 caput
1863 4413 2011 4457 tuum

439 4505 665 4549 struere.
735 4493 830 4547 Est
882 4493 1012 4546 milii
1061 4493 1267 4555 ciuitas,
1308 4508 1473 4560 parva
1523 4493 1729 4562 quidem
1765 4493 1886 4556 illa,
1920 4495 2011 4548 sed

437 4595 653 4646 ornata,
685 4599 800 4653 qua:
847 4595 1081 4638 nostrum
1133 4582 1360 4650 utrique,
1419 4593 1473 4635 ut
1539 4582 1824 4652 tranquille
1857 4583 1911 4638 in
1947 4599 2011 4638 ea

439 4675 714 4744 degamus,
756 4673 1015 4741 sufﬁciat.

2038 4454 2091 4513 D

2197 3308 2268 3359 A'.
2327 3306 2599 3376 Αὕγαρος
2637 3305 2944 3375 τοπάρχης
2983 3304 3284 3374 Ἐδέσσης
3335 3308 3434 3377 (4),
3498 3309 3701 3376 Ἰησοῦ

2127 3399 2352 3466 Σωτῆρι
2377 3397 2745 3468 ἁναφανέντι
2779 3397 2980 3467 ἀταθῷ
3006 3397 3184 3466 ἱατρῷ
3219 3399 3289 3452 ἐν
3315 3403 3487 3454 πόλει
3528 3401 3704 3469 Ἱερο-

2126 3489 2432 3556 σολύμων,
2462 3490 2714 3557 χαίρειν.
2752 3491 3086 3542 Ἧκουσταί
3131 3506 3231 3558 μοι
3278 3491 3349 3544 τὰ
3393 3494 3525 3560 περὶ
3560 3493 3700 3555 σοῦ,

2125 3579 2224 3632 καί
2275 3577 2394 3632 τῶν
2437 3577 2567 3633 σῶν
2614 3580 2895 3649 ἰαμάτων,
2944 3581 3024 3646 ὡς
3055 3580 3201 3634 ἄνευ
3226 3581 3552 3650 φαρμάκιον
3604 3586 3698 3638 καί

2119 3668 2400 3734 βοτανῶν
2424 3671 2541 3724 ὑπὸ
2574 3670 2693 3725 σοῦ
2731 3670 3084 3740 γινομένων.
3147 3671 3242 3738 Ὠς
3284 3671 3394 3742 γὰρ
3425 3675 3459 3726 ὀ
3496 3675 3700 3743 λόγος,

2124 3758 2392 3826 τυφλοὺς
2439 3757 2804 3814 ἀναϐλέπειν
2824 3758 3034 3825 ποιεῖς,
3065 3761 3299 3829 χωλοὺς
3331 3765 3698 3830 περιπατεῖν,

2121 3849 2387 3918 λεπροὺς
2424 3848 2778 3918 καθαρίζεις,
2810 3850 2908 3905 καὶ
2931 3851 3235 3920 ἀκάθαρτα
3264 3854 3576 3923 πνεύματα
3601 3857 3697 3909 καί

2124 3941 2418 4012 δαίμονας
2451 3942 2837 4009 ἀπελαύνεις,
2886 3942 2984 3996 καί
3024 3947 3166 4009 τοὺς
3209 3945 3280 3998 ἐν
3324 3951 3699 4015 paupercula

2117 4031 2632 4101 ,βασανιζομένους
2653 4032 3018 4102 θεραπεύεις,
3044 4032 3143 4087 καί
3159 4035 3409 4104 νεκροὺς
3429 4035 3694 4104 ere/perc.

2121 4124 2230 4178 Kal
2269 4122 2456 4178 ταῦτα
2481 4123 2678 4178 πάντα
2705 4123 2976 4190 ἀκούσας
3008 4126 3144 4194 περί
3175 4126 3312 4190 σοῦ,
3361 4127 3511 4180 κατὰ
3545 4126 3697 4180 νοῦν

2119 4215 2338 4282 ἐθέμην
2362 4213 2428 4268 τὸ
2462 4213 2668 4282 ἕτερον
2714 4212 2834 4267 τῶν
2878 4213 2989 4268 δύο
3012 4231 3026 4246 ο
3078 4216 3117 4284 ἢ
3158 4215 3248 4270 ὅτι
3284 4216 3366 4270 σὺ
3389 4212 3447 4270 ei
3470 4219 3504 4270 ό
3529 4216 3692 4282 Θεὸς,

2119 4306 2218 4359 καί
2251 4304 2512 4370 καταϐὰς
2543 4304 2614 4369 ἐξ
2636 4306 2898 4372 οὐρανοῦ
2927 4307 3116 4373 ποιεῖς
3136 4308 3343 4374 ταῦτα,
3370 4308 3410 4376 ἦ
3443 4307 3532 4362 ὅτι
3563 4309 3698 4374 Υἱὸς

2118 4391 2178 4450 εἴ
2198 4395 2302 4449 τοῦ
2338 4395 2486 4450 Θεοῦ
2517 4395 2706 4449 ποιῶν
2737 4397 2942 4451 ταῦτα.
2975 4396 3078 4450 Διὰ
3111 4398 3287 4452 τοῦτο
3315 4399 3528 4453 τοίνυν
3554 4397 3695 4467 τρά-

2116 4495 2261 4561 ψας,
2300 4491 2557 4558 ἐδεήθην
2609 4506 2726 4547 σου
2772 4491 3100 4560 σκυλῆναι,
3149 4492 3249 4546 καὶ
3305 4493 3506 4549 ἐλθεῖν
3547 4494 3696 4562 πρός

2111 4600 2208 4653 με,
2263 4582 2364 4636 καί
2409 4583 2474 4636 τὸ
2515 4581 2706 4650 πάθος
2749 4583 2780 4637 ὃ
2825 4582 2944 4650 ἔχω
3001 4584 3388 4652 θεραπεῦσαι.
3430 4585 3540 4639 Καὶ
3583 4586 3696 4654 γὰρ

2114 4674 2375 4743 ἤκουσα,
2423 4673 2512 4727 ὅτι
2561 4675 2658 4728 καί
2683 4674 2959 4730 Ἰουδαῖοι
2997 4675 3511 4745 καταγογγύζουσί
3550 4691 3688 4738 σου.

437 4765 535 4818 καί
562 4763 895 4828 βούλονται
924 4756 1196 4820 κακῶσαί
1215 4780 1309 4821 σε.
1334 4767 1516 4832 Πόλις
1542 4763 1610 4820 δὲ
1636 4766 2003 4836 σμικροτάτη
2040 4767 2142 4836 μοι
2179 4765 2309 4819 ἐστι
2344 4765 2443 4819 καί
2475 4764 2694 4835 σεμνὴ,
2733 4765 2864 4835 ἣτις
2935 4766 3250 4836 ἐξαρκέσει
3313 4769 3692 4837 ἀμφοτέροις,

421 4857 544 4913 τοῦ
566 4858 866 4913 κατοικεῖν
886 4859 956 4914 ἐν
992 4859 1198 4930 εἰρήνῃ
1234 4861 1304 4915 ἐν
1339 4860 1511 4930 αὐτῇ.

502 4952 567 5008 γ.
602 4952 758 5019 Quod
795 4968 927 5024 ergo
959 4954 1201 5011 Ananias
1230 4970 1343 5011 suae
1373 4957 1427 5011 in
1465 4957 1654 5012 herum
1679 4955 2008 5013 benevolen-

437 5047 527 5101 tia:
559 5044 849 5101 manifesta
879 5045 1078 5100 indicia
1126 5045 1384 5111 dederat,
1418 5061 1482 5100 ac
1508 5047 1607 5100 via:
1633 5046 1840 5116 peritus
1865 5053 2005 5110 erat,

434 5138 803 5210 pingendique
863 5145 1040 5192 artem
1093 5137 1372 5192 callebat:
1413 5153 1508 5208 per
1544 5155 1670 5194 eum
1715 5140 1876 5194 talem
1938 5139 2004 5193 ad

425 5230 623 5286 Jesum
663 5229 815 5285 misit
872 5229 1163 5298 epistolam
1190 5267 1206 5293 ,
1245 5230 1408 5282 etiam
1456 5237 1622 5300 atque
1653 5230 1815 5285 etiam
1847 5246 2004 5285 man-

433 5325 589 5388 daus,
627 5329 686 5376 ut
709 5321 756 5376 si
810 5320 1008 5377 litteris
1039 5336 1068 5374 a
1115 5321 1334 5376 Christo
1362 5321 1613 5378 obtinere
1641 5339 1750 5378 non
1796 5334 2000 5394 posset.

434 5421 494 5467 ut
520 5429 579 5470 se
621 5414 692 5469 ad
723 5415 903 5485 ipsum
939 5413 1240 5480 conferret,
1271 5412 1394 5483 ejus
1425 5415 1646 5484 quidem
1701 5425 1850 5473 certe
1892 5416 2007 5472 for-

2191 4956 2266 5009 E'.
2317 4955 2470 5008 Ἐπεὶ
2507 4955 2600 5010 οὐν
2660 4955 2909 5019 Ἁνανίας
2951 4955 3051 5026 τῆς
3087 4973 3146 5009 τε
3197 4956 3331 5024 πρὸς
3363 4955 3456 5008 τὸν
3503 4954 3691 5026 κύριον

2113 5047 2278 5104 αὐτοῦ
2315 5047 2524 5110 εὐνοίας
2558 5048 2701 5118 σαφῆ
2735 5049 2962 5116 παρεῖχε
2995 5047 3291 5117 τεκμήρια,
3325 5047 3419 5101 καὶ
3451 5046 3548 5114 τῆς
3572 5045 3690 5099 ὀδοῦ

2114 5141 2410 5210 ἐτύγχανεν
2434 5140 2718 5210 ἔμπειρος,
2745 5139 2837 5192 καὶ
2865 5139 2964 5210 τὴν
3010 5137 3287 5209 γραφικὴν
3330 5138 3527 5208 τέχνην
3562 5138 3688 5208 ἡπί-

2115 5249 2298 5298 στατο,
2337 5233 2404 5286 δι’
2454 5231 2619 5286 αὐτοῦ
2659 5231 2755 5302 τὴν
2795 5231 3052 5302 τοιαύτην
3093 5231 3383 5301 ἐπιστολὴν
3436 5231 3570 5301 πρὸς
3597 5229 3686 5284 τὸν

2127 5327 2333 5395 Ἰησοῦν
2378 5325 2781 5392 ἐξαπέστειλεν,
2828 5325 3144 5396 ἐπισκήψας
3197 5324 3364 5396 αὐτῷ,
3406 5325 3482 5388 ὡς
3522 5325 3570 5377 εί
3612 5323 3686 5393 μὴ

2113 5421 2370 5492 δυνηθείη
2429 5422 2614 5474 πεῖσαι
2667 5419 2753 5474 διὰ
2814 5419 2908 5472 τοῦ
2957 5420 3287 5491 γράμματος
3337 5418 3472 5489 πρὸς
3524 5415 3683 5469 αὐτὸν

1951 5535 2180 5594 NOTAE.

505 5616 584 5683 (3)
613 5617 751 5673 Puto
776 5615 882 5685 οἷς.

499 5687 578 5752 (4)
599 5685 672 5742 De
690 5688 791 5743 hac
805 5701 859 5745 et
876 5693 1120 5761 sequenti
1146 5694 1377 5764 epistola
1413 5696 1683 5755 confersis
1701 5695 1995 5755 Eusebium

2113 5630 2274 5701 H.7E.
2307 5632 2400 5687 lib.
2439 5632 2480 5687 I.
2511 5646 2638 5701 cap.
2679 5630 2766 5684 15.
2820 5629 3113 5701 Baronium
3155 5627 3220 5680 ad
3257 5643 3386 5701 arm.
3424 5626 3484 5678 3t
3528 5623 3554 5695 §
3597 5624 3685 5679 58.

2106 5710 2158 5757 ct
2192 5700 2470 5758 Gelasium
2507 5696 2640 5758 υἱέι.
2677 5718 2761 5755 xv.
2799 5716 2919 5772 cap.
2964 5701 3017 5755 3.
3051 5699 3250 5753 Sancta
3282 5696 3540 5751 Romana.
