4084 6208
433 306 537 369 429

1394 301 1789 363 NARRATIO
1828 303 1926 362 DE
1958 300 2287 377 IMAGINE
2312 299 2719 361 EDESSENA.

3584 306 3689 365 430

436 422 609 478 ἐλθεῖν
666 419 758 473 τὸν
811 416 1067 487 Χριστὸν,
1108 418 1209 471 κᾶν
1238 418 1297 470 ea
1346 418 1600 487 ὁμοίωμα
1650 417 1751 486 τῆς
1801 416 2016 488 μορφῆς

2134 431 2225 470 mm
2278 416 2693 471 similitudinem
2764 425 3020 471 accurate
3063 416 3114 469 in
3154 416 3353 473 tabella
3394 414 3687 486 depictam.

436 512 598 571 αὐτοῦ
624 510 1120 582 μεταγραψάμενον
1140 509 1405 579 ἀκριῦὦς,
1425 511 1656 577 ἀγαγεῖν
1675 510 1811 580 πρὸς
1829 510 2015 574 αὐτὸν,

438 604 503 656 ἵν’
524 603 597 666 ὡς
624 603 682 655 ἐν
733 602 861 670 σκιᾷ
894 600 1025 668 γοῦν
1075 600 1373 671 διδαχθείη,
1433 600 1507 670 μὴ
1535 599 1603 653 δι’
1636 600 1807 670 ἀκοῆς
1834 602 2011 670 μόνον,

436 694 571 749 ἀλλὰ
605 694 699 747 καὶ
737 693 825 746 διὰ
856 692 956 761 τῆς
989 692 1189 760 ὅψεως,
1222 686 1333 753 οἷός
1371 693 1517 745 ἐστιν
1550 694 1578 745 ὁ
1618 692 1723 745 τῶν
1764 692 2015 760 μεγάλων

437 786 641 841 τούτων
670 784 977 857 τεραστίων
1005 784 1355 855 δημιουργός.
1400 786 1509 839 Καὶ
1532 786 1596 853 δὴ
1625 785 1724 854 τὴν
1758 784 2017 837 Ἰουδαίαν

438 876 757 931 καταλαϐὼν
816 877 843 928 ὁ
890 876 1241 939 ἀποσταλεὶς,
1288 872 1414 946 εὗρε
1458 876 1548 929 τὸν
1585 876 1789 947 Κύριον
1821 880 1878 929 ἐν
1915 877 2019 929 ὑπ-

438 971 607 1041 αίθρῳ
662 968 741 1038 τῷ
800 968 1162 1040 συρῤεύσαντι
1216 970 1373 1040 δήμῳ
1437 968 1855 1039 διαλεγόμενον,
1922 968 2017 1023 καὶ

440 1061 914 1133 τερατουργοῦντα
940 1063 1006 1114 τὰ
1033 1062 1142 1114 τῶν
1166 1061 1463 1132 θαυμάτων
1491 1062 1726 1128 ἐξαίσια.
1755 1062 1854 1115 Διὰ
1879 1062 1934 1115 δὲ
1956 1062 2017 1115 τὸ

438 1156 640 1225 πλῆθος
684 1154 795 1207 τῶν
847 1154 1007 1207 ἄλλου
1037 1153 1158 1206 κατ’
1195 1154 1362 1223 ἄλλην
1421 1155 1611 1223 χρείαν
1656 1153 2015 1223 ἐληλυθότων,

441 1250 514 1319 μὴ
541 1247 652 1312 οἷός
693 1265 753 1301 τε
788 1246 862 1300 ὢν
908 1248 936 1298 ὁ
978 1246 1227 1309 Ἀνανίας
1256 1247 1555 1316 πλησιάσαι
1581 1244 1659 1316 τῷ
1701 1245 1899 1317 Ἰησοῦ,
1927 1247 2018 1300 ἐπί

438 1356 559 1390 τινα
594 1338 802 1407 πέτραν
839 1336 1037 1406 μικρὸν
1074 1336 1439 1405 ἁνεστηκυῖαν
1462 1337 1559 1405 τῆς
1589 1338 1712 1406 γῆς,
1739 1336 1799 1388 οὑ
1831 1337 2019 1406 πόρρω

443 1427 544 1497 τῆς
574 1428 665 1481 τοῦ
698 1428 904 1498 Κυρίου
938 1426 1223 1496 διατριϐῆς
1266 1427 1514 1481 ἀπελθὼν
1560 1429 1868 1493 ἐκαθέζετο.
1909 1429 2018 1482 Καὶ

446 1521 525 1582 ὡς
554 1515 622 1589 ἧν
648 1519 794 1589 αὑτῷ
825 1519 1141 1589 καταφανὴς
1169 1520 1195 1571 ὁ
1229 1518 1417 1590 Σωτὴρ
1440 1519 1532 1572 τοῦ
1562 1519 1797 1590 πλήθους
1822 1520 2021 1573 ἀποκε-

451 1611 750 1681 κριμένος,
824 1611 917 1663 καλ⁸
965 1609 1314 1680 ὑπερανέχων
1382 1610 1491 1663 τῶν
1542 1610 1793 1675 πολλῶν,
1860 1610 2021 1673 εὐθὺς

2119 509 2184 563 ad
2224 523 2282 564 sc
2327 508 2564 571 afferret,
2592 518 2651 562 ut
2673 507 2820 563 velut
2859 508 2912 563 in
2944 509 3138 562 umbra
3185 509 3398 572 saltem,
3435 523 3544 563 non
3575 511 3693 562 snlo

2120 600 2333 663 auditu,
2382 599 2476 654 scd
2508 608 2561 652 ct
2612 600 2756 660 visu,
2787 599 3039 668 quisnam
3075 601 3146 654 sit
3188 606 3467 653 tantorqu
3499 611 3694 653 auctor

2121 690 2541 751 miraculorum,
2575 686 2939 742 condisceret.
2976 689 3223 757 Cumque
3258 689 3394 744 adeo
3429 689 3520 759 qui
3560 690 3694 745 Inis-

2119 796 2213 835 sus
2235 788 2353 834 crat
2383 780 2436 833 in
2475 778 2717 833 Judaeum
2753 781 3016 843 venisset,
3044 779 3333 836 Dominum
3374 783 3583 837 invenit
3637 784 3692 837 in

2120 868 2464 924 subdialibus
2493 882 2616 921 cum
2641 868 2840 937 populo
2870 868 2962 937 qui
3021 870 3356 925 conﬂuxerat
3414 871 3693 927 disseren-

2120 970 2251 1026 tem,
2285 960 2599 1029 esimiaque
2622 974 2685 1014 ac
2714 961 2957 1030 stuporis
2988 960 3147 1030 plena
3178 962 3440 1017 miracula
3467 972 3693 1034 patran-

2120 1063 2227 1109 tem
2264 1074 2275 1106 :
2308 1052 2570 1124 quodque
2598 1069 2662 1109 ex
2688 1053 2957 1120 conferta,
2983 1054 3214 1110 aliorum
3245 1056 3349 1109 alia
3383 1057 3694 1113 necessaria

2120 1161 2182 1201 es
2210 1160 2398 1209 causa,
2452 1147 2775 1200 adeuntium
2810 1146 3181 1212 multitudine,
3222 1147 3365 1201 haud
3401 1150 3533 1202 satis
3558 1149 3694 1204 libe-

2122 1253 2241 1293 rum
2276 1246 2423 1295 esset
2478 1240 2704 1294 Ananiae
2743 1240 2973 1310 propius
3005 1240 3072 1295 ad
3102 1238 3289 1297 Jcsum
3324 1242 3602 1306 accedere,
3639 1243 3694 1297 in

2120 1342 2331 1404 petram
2380 1334 2545 1403 paulo
2587 1349 2616 1387 a
2672 1341 2819 1388 terra
2850 1333 3139 1388 editiorem
3174 1333 3507 1398 ascendens,
3548 1333 3693 1387 haud

2123 1426 2314 1494 procul
2378 1440 2406 1480 a
2464 1427 2584 1481 loco
2640 1426 2695 1479 in
2739 1440 2849 1496 quo
2875 1424 3063 1493 Jesusd
3096 1424 3441 1489 versabatur,
3503 1438 3696 1480 conse-

2123 1517 2202 1569 dit
2244 1535 2255 1569 :
2299 1517 2527 1586 jamque
2583 1518 2815 1571 seorsim
2856 1531 2884 1569 a
2914 1514 3071 1569 turba
3121 1514 3342 1570 Christo
3372 1516 3449 1570 illi
3479 1519 3698 1586 conspi-

2122 1620 2227 1659 cuo
2279 1608 2494 1678 ipsique
2541 1607 2837 1673 eminente,
2888 1606 3180 1663 confestim
3234 1608 3430 1664 deﬁxis
3484 1610 3537 1664 in
3572 1627 3695 1665 eum

447 1700 644 1769 ἐκείνῳ
679 1702 775 1769 μὲν
810 1700 931 1763 τοὺς
957 1701 1286 1770 ὀφθαλμοὺς,
1317 1700 1394 1770 τῷ
1420 1701 1476 1753 δὲ
1510 1702 1684 1771 χάρτῃ
1730 1702 1825 1762 τὴν
1860 1704 2019 1771 χεῖρα

2134 1700 2320 1764 oculis,
2355 1716 2416 1753 ac
2445 1715 2611 1753 manu
2649 1700 2852 1755 charm
2880 1699 3144 1765 adhibita,
3177 1700 3298 1769 ejus
3327 1717 3487 1771 quem
3509 1718 3693 1757 coram

449 1790 796 1861 προσήρειδε,
858 1792 945 1843 καὶ
1000 1792 1097 1861 τὴν
1141 1790 1233 1843 τοῦ
1293 1792 1620 1861 φαινομένου
1679 1793 2021 1863 μετέγραφεν

2134 1791 2386 1844 cernebat
2429 1788 2844 1843 similitudinem
2888 1790 3147 1859 penicillo
3193 1792 3396 1847 ducere
3434 1796 3695 1863 occmpit.

438 1882 757 1951 ὁμοιότητα.

513 1970 608 2040 ΕΓ.
654 1974 833 2042 Ἔγνω
876 1971 969 2029 οὖν
1026 1972 1202 2028 ταῦτα
1258 1974 1334 2043 τῷ
1384 1974 1656 2043 πνεύματι
1703 1974 1731 2024 ό
1790 1974 2017 2041 Ἰησοῦς,

448 2063 545 2116 καὶ
571 2063 657 2116 τὸν
705 2064 907 2135 Θωμᾶν
943 2064 1479 2135 μετακαλεσάμενος,
1534 2062 1792 2129 Ἀπελθε,
1828 2064 2016 2133 φησὶν,

455 2155 585 2224 πρὸς
635 2156 784 2208 τόνδε
843 2157 934 2209 τὸν
984 2157 1178 2221 τόπον,
1236 2156 1331 2209 xa‘l.
1379 2156 1469 2210 τὸν
1521 2158 1615 2209 ἐπὶ
1669 2156 1770 2226 τῆς
1817 2156 2019 2228 πέτρας

450 2243 811 2315 καθεζόμενον
841 2247 1150 2317 ἄνθρωπον,
1192 2247 1283 2301 καὶ
1317 2248 1413 2317 τὴν
1436 2246 1575 2318 ἐμὴν
1603 2247 1818 2317 μορφὴν
1850 2264 2019 2317 μετα-

446 2337 749 2408 γράφοντα,
801 2340 978 2409 ἄγαγε
1030 2341 1166 2410 πρός
1218 2357 1307 2410 με,
1356 2340 1752 2410 ἐπιφερόμενος
1810 2340 1903 2392 καὶ
1955 2340 2021 2409 ἢν

443 2427 659 2481 οἴκοθεν
686 2426 850 2501 ἦλθεν
878 2429 1018 2501 ἔχων
1047 2432 1360 2503 ἐπιστολὴν,
1400 2432 1487 2484 ἴνα
1516 2432 1615 2502 τὴν
1640 2432 1735 2484 τοῦ
1773 2432 2025 2485 ἀποστεί-

446 2519 638 2585 λαντος
679 2523 842 2575 αὑτὸν
897 2522 1231 2595 ἐκπληρώσῃ
1284 2524 1358 2595 (5)
1406 2524 1691 2594 διαταγήν.
1752 2523 2026 2577 Ἀπελθὼν

442 2612 539 2667 οὖν
567 2617 594 2667 ὁ
616 2614 839 2685 Θωμᾶς,
890 2618 987 2669 καὶ
1014 2616 1104 2669 τὸν
1150 2616 1398 2670 Ἀνανίαν
1436 2617 1543 2671 ἀπὸ
1572 2616 1689 2683 τοῦ,
1723 2615 1751 2669 ὃ
1799 2618 2029 2686 ἤκουσεν

447 2706 631 2778 εὑρεῖν
682 2708 1174 2780 διαπραττόμενον,
1227 2711 1504 2778 ἐπιγνοὺς,
1539 2711 1717 2780 ἤγαγε
1769 2710 1902 2780 πρὸς
1935 2709 2028 2762 τὸν

460 2796 690 2868 Ἰησοῦν.
714 2802 824 2872 Πρὸ
842 2802 899 2855 δὲ
929 2802 1022 2855 τοῦ
1046 2800 1229 2856 λαϐεῖν
1254 2802 1352 2875 τὴν
1374 2802 1662 2873 ἐπιστολὴν
1686 2802 1815 2873 παρ’
1838 2801 2025 2866 αὐτοῦ,

444 2885 599 2943 εἶπεν
628 2891 777 2962 αὐτῷ
806 2895 835 2946 ὁ
868 2894 1104 2965 Χριστὸς
1130 2897 1224 2948 καὶ
1246 2896 1346 2966 τὴν
1369 2896 1547 2951 αἰτίαν
1575 2898 1675 2967 τῆς
1700 2892 2027 2966 παρουσίας,

444 2982 549 3050 τῆς
575 2981 713 3051 πρὸς
763 2984 948 3047 αὑτὸν,
1007 2986 1102 3039 καὶ
1151 2986 1248 3057 τὴν
1302 2986 1533 3057 δύναμιν
1583 2988 1682 3058 τῆς
1715 2986 2026 3055 ἐπιστολῆς.

2200 1971 2286 2026 Vl.
2345 1971 2616 2042 Cognovit
2664 1970 2848 2041 itaque
2876 1970 3041 2026 Iesus
3070 1973 3288 2041 spiritu,
3338 1990 3402 2029 ac
3433 1974 3697 2031 Thomam

2126 2076 2454 2118 accersens:
2492 2060 2660 2125 Vade,
2692 2061 2893 2131 inquit,
2939 2062 2993 2116 iu
3023 2077 3146 2117 eum
3177 2064 3379 2128 locum,
3412 2067 3576 2134 inque
3601 2082 3699 2136 pe-

2127 2162 2209 2211 tra
2252 2155 2532 2210 sedentem
2598 2154 2899 2221 hominem,
2942 2170 3007 2210 ac
3062 2170 3237 2212 meum
3296 2159 3553 2227 penicillo
3597 2159 3702 2214 du-

2124 2256 2340 2302 centem
2369 2247 2624 2312 formam,
2668 2247 2735 2303 ad
2768 2263 2853 2303 me
2883 2247 3164 2314 adducito,
3189 2263 3407 2320 unaque
3433 2262 3595 2322 quam
3631 2254 3701 2307 ad

2128 2355 2216 2393 me
2250 2338 2413 2395 al‘l‘ert
2443 2340 2775 2410 epistolam;
2819 2347 2878 2393 ut
2915 2342 3058 2410 quod
3112 2356 3143 2395 a
3181 2343 3435 2399 mittente
3476 2345 3704 2400 manda-

2129 2443 2245 2490 tum
2276 2434 2510 2503 accepit,
2538 2434 2889 2505 adimpleam.
2939 2435 3092 2490 Abiit
3127 2434 3395 2504 Thomas,
3425 2453 3602 2508 exque
3627 2441 3703 2495 si-

2129 2542 2237 2598 gno
2270 2527 2454 2596 operis
2503 2527 2648 2597 quod
2695 2526 2967 2592 audierat,
3003 2528 3250 2599 agnitum
3304 2530 3576 2586 hominem
3632 2534 3703 2588 ad

2133 2618 2318 2674 Jesum
2351 2619 2598 2675 adduxit.
2626 2618 2983 2691 Necdumque
3008 2623 3077 2676 ab
3114 2636 3180 2676 eo
3215 2632 3437 2709 accepta
3469 2625 3703 2692 epistola

2131 2712 2398 2768 adventus
2471 2727 2704 2768 causam
2752 2713 2822 2768 ad
2867 2714 3045 2783 ipsum
3091 2715 3311 2785 vimque
3348 2718 3597 2784 epistolae
3652 2718 3705 2772 ei

2130 2803 2383 2861 Christus
2410 2805 2602 2859 edixit.
2636 2805 2888 2876 Tumque
2915 2807 2983 2861 ab
3012 2822 3078 2861 eo
3108 2823 3169 2862 ea
3196 2817 3418 2878 accepta
3444 2823 3511 2862 ac
3540 2810 3703 2871 lecta,

2131 2896 2292 2951 aliam
2324 2896 2569 2953 vicissim
2605 2897 2675 2951 ad
2722 2897 3001 2968 Augarum
3034 2898 3109 2953 ita
3166 2914 3227 2953 se
3253 2899 3318 2952 ad
3355 2903 3579 2954 verbum
3610 2901 3705 2954 ha-
3768 2906 3772 2910 ‘

2131 2988 2348 3043 beutem
2376 2988 2529 3044 misit
2554 3006 2567 3041 :

447 3068 584 3126 Εἶτα
609 3073 786 3129 λαθὼν
807 3078 1036 3149 ταύτην,
1070 3076 1166 3132 καὶ
1196 3078 1439 3145 διελθὼν,
1494 3080 1690 3151 ἑτέραν
1739 3080 2029 3151 ἐπιστολὴν
2070 3081 2207 3153 πρὸς
2237 3081 2488 3153 Δθγαρον
2509 3080 2880 3149 ἀντεπέθηκεν
2914 3082 3007 3132 ἐπὶ
3050 3082 3244 3146 λέξεως
3321 3085 3490 3148 οὓτως
3554 3085 3706 3156 ἔχου·

447 3186 568 3223 σαν·

518 3268 592 3325 Z'.
624 3272 925 3341 Μακάριος
976 3269 1052 3338 εἴ,
1090 3274 1340 3344 Aerope,
1392 3276 1731 3340 πιστεύσας
1781 3276 1852 3329 ἐν
1883 3276 2031 3346 ἐμοὶ,

2211 3275 2322 3332 γη.
2354 3276 2551 3331 Beatus
2609 3292 2688 3341 es,
2744 3275 2974 3346 Augure,
3026 3275 3116 3346 qui
3158 3275 3212 3330 in
3265 3291 3346 3330 me
3396 3276 3709 3341 credideris,

443 3363 529 3432 μὴ
573 3363 837 3431 ἑωρακώς
874 3382 970 3434 με.
1002 3368 1337 3436 Γέγραπται
1381 3368 1490 3435 γὰρ
1520 3368 1654 3435 περὶ
1687 3368 1857 3436 ἐμοῦ,
1895 3368 2037 3435 τοὺς

446 3454 789 3523 ἐαψακότας
831 3458 947 3525 μὲν
983 3458 1070 3527 μὴ
1131 3460 1441 3513 πιστεύειν
1479 3460 1549 3512 ἐν
1602 3460 1766 3528 ἐμοί’
1804 3459 1903 3514 καὶ
1938 3460 2037 3514 ἵνα

448 3550 502 3602 οἱ
538 3547 626 3616 μὴ
654 3548 980 3615 ἑωρακότες
1016 3566 1109 3619 με,
1161 3550 1329 3604 αὐτοὶ
1376 3552 1772 3618 πιστεύσωσι,
1818 3551 1918 3605 καὶ
1946 3550 2040 3618 ζή-

448 3655 693 3694 σωνται.
737 3642 873 3707 Περὶ
900 3641 969 3694 δὲ
997 3638 1069 3698 οὗ
1100 3643 1371 3712 ἔγραψάς
1395 3661 1496 3713 μοι
1528 3643 1729 3697 ἐλθεῖν
1761 3643 1911 3712 πρὸς
1940 3643 2036 3709 σὲ,

451 3730 595 3785 δέον
647 3731 747 3784 ἐπὶ
789 3732 865 3802 (6)
905 3732 1124 3800 πάντα,
1168 3733 1242 3786 δι’
1279 3732 1318 3787 ἁ
1360 3733 1722 3801 ἀπεστάλην
1754 3733 2037 3799 ἐνταῦθα,

451 3821 771 3891 πληρῶσαι
785 3841 883 3892 με,
925 3824 1027 3878 καὶ
1058 3826 1207 3894 μετὰ
1236 3826 1302 3879 τὸ
1341 3825 1656 3894 ,πληρῶσαι
1692 3823 2043 3893 ἀναληφθῆ-

451 3930 551 3967 rat
594 3915 746 3981 πρὸς
782 3915 890 3969 τὸν
928 3916 1381 3971 ἀποστείλαντὰ
1405 3934 1483 3986 με
1513 3915 1765 3982 Πατέρα.
1799 3915 1905 3968 Καὶ
1936 3915 2042 3967 ἐπ-

2137 3385 2291 3439 quem
2329 3385 2432 3423 nou
2461 3368 2669 3423 vidisti.
2707 3366 2780 3422 De
2805 3383 2885 3421 me
2909 3368 3046 3421 enim
3075 3368 3331 3437 scriptum
3362 3377 3461 3434 est,
3497 3384 3585 3421 eos
3619 3369 3711 3437 qui

2139 3476 2221 3514 me
2253 3459 2494 3514 viderunt
2526 3476 2629 3514 non
2669 3460 2969 3513 credituros
3003 3458 3056 3510 in
3093 3474 3192 3522 me,
3223 3468 3279 3511 ut
3318 3458 3357 3511 ii
3382 3459 3471 3528 qui
3505 3474 3607 3511 non
3632 3460 3714 3512 viv-

2139 3549 2331 3606 derant
2371 3552 2588 3606 credant
2612 3568 2673 3605 ac
2702 3552 2901 3606 vivant.
2936 3549 3091 3617 Quod
3126 3567 3248 3605 vero
3285 3551 3353 3605 ad
3384 3567 3464 3605 me
3495 3552 3713 3617 scribis,

2141 3652 2200 3696 ut
2230 3646 2298 3697 ad
2334 3655 2383 3697 te
2435 3645 2770 3712 proﬁciscar,
2824 3644 2911 3697 hic
2980 3660 3188 3699 necesse
3218 3644 3382 3699 habeo
3408 3645 3582 3699 omnia
3612 3646 3717 3699 im-

2141 3736 2285 3803 plere
2308 3745 2521 3803 propter
2552 3751 2669 3800 qua:
2696 3750 2814 3787 sum
2842 3736 3077 3801 missus;
3124 3737 3293 3803 iisque
3319 3734 3529 3788 demum
3560 3737 3717 3789 abso-

2144 3820 2292 3884 lutis,
2325 3820 2394 3873 ad
2415 3819 2627 3873 Patrem
2653 3820 2743 3888 qui
2763 3836 2842 3874 me
2874 3822 3043 3885 misit,
3076 3822 3281 3875 recerti.
3312 3819 3571 3874 Caeterum
3595 3835 3716 3872 cum

2142 3913 2371 3981 primunt
2394 3911 2463 3965 ad
2488 3927 2607 3965 eum
2640 3927 2720 3965 me
2751 3927 3009 3979 recepero,
3042 3928 3205 3964 unum
3236 3927 3300 3966 ea:
3319 3913 3446 3967 meis
3474 3912 3715 3981 discipu-

454 4006 622 4060 ειδὰν
640 4006 992 4077 ἀναληφθιῖκ
1017 4008 1339 4064 ἀποστελῶ
1368 4025 1466 4063 σοι
1491 4007 1602 4064 ἕνα
1623 4006 1742 4060 τῶν
1762 4005 2031 4075 μαθητῶν

2148 4005 2213 4058 lis
2243 4004 2312 4056 ad
2345 4014 2394 4059 te
2430 4006 2658 4070 mittam,
2708 4005 2797 4074 qui
2825 4013 2875 4058 et
2913 4005 3155 4057 morbum
3187 4014 3332 4057 tuum
3363 4013 3526 4070 curet,
3561 4013 3609 4059 et
3637 4006 3718 4059 ui—

448 4117 592 4166 μου,
643 4099 811 4167 ὅστις
849 4101 917 4155 τὸ
956 4102 1146 4169 πάθος
1178 4117 1295 4157 σου
1327 4101 1704 4171 θεραπεύσει,
1751 4097 1848 4152 καὶ
1894 4097 2031 4165 ζωὴν

2149 4105 2259 4147 tam
2293 4103 2544 4148 ceteruam
2579 4111 2641 4148 ac
2686 4111 2866 4163 pacem
2911 4094 3005 4147 tibi
3042 4094 3246 4163 tuisque
3295 4106 3549 4164 prwstet;
3582 4107 3715 4151 mw-

453 4190 695 4245 αιὼνιον
715 4194 811 4246 καὶ
834 4193 1083 4262 εἰρήνην
1120 4212 1242 4260 σοι,
1277 4194 1377 4249 καὶ
1409 4195 1533 4260 τοῖς
1560 4192 1683 4247 σὺν
1712 4191 1835 4257 σοι,
1862 4187 2031 4258 παρά·

2147 4199 2247 4252 que
2288 4185 2584 4236 cautionem
2643 4184 2847 4237 civitati
2879 4183 3156 4251 prmbebit,
3206 4194 3261 4238 ut
3313 4185 3562 4241 adversus
3601 4204 3717 4241 eam

454 4296 595 4350 σχοι
626 4324 639 4345 ,
701 4289 800 4337 καὶ
861 4287 1103 4353 ποιήσει
1159 4286 1234 4356 τῇ
1309 4288 1482 4341 πόλει
1527 4301 1645 4339 σου
1693 4284 1760 4338 τὸ
1812 4282 2043 4347 ἱκανὸν,

457 4375 609 4442 πρὸς
645 4375 711 4428 τὸ
751 4376 987 4445 μηδένα
1014 4377 1135 4433 τῶν
1162 4377 1392 4447 ἐχθρῶν
1434 4379 1800 4447 κατισχύσαι
1831 4375 2045 4445 αὐτῆς.

530 4466 611 4518 II’.
661 4467 911 4531 Ἐπιδοῦς
954 4464 1048 4523 οὖν
1105 4468 1184 4540 τῷ
1233 4469 1455 4540 Ἀνανίᾳ
1507 4470 1607 4540 τὴν
1637 4469 1895 4539 τοιαύτην
1929 4470 2050 4521 ὲπι-

460 4557 655 4627 στολὴν
684 4561 712 4611 ὁ
748 4559 1008 4630 Χριστὸς,
1066 4561 1192 4614 ἐπεὶ
1239 4562 1334 4614 καὶ
1388 4561 1517 4632 περὶ
1566 4561 1659 4614 τοῦ
1712 4562 1811 4633 τὴν
1856 4562 2049 4633 ἑτέραν

2151 4276 2286 4331 nulli
2315 4276 2487 4330 hostes
2516 4276 2800 4342 praevalere
2832 4276 3058 4342 possint.

2223 4462 2359 4518 Vill.
2387 4464 2543 4517 Hanc
2576 4462 2666 4517 ubi
2693 4460 2920 4515 Anania:
2946 4459 3201 4515 Christus
3230 4460 3376 4515 dedit
3407 4459 3718 4530 epistolam.

2152 4556 2298 4625 quod
2338 4556 2509 4609 animi
2547 4555 2769 4609 anxium
2818 4554 3007 4619 sciret,
3051 4561 3109 4608 ut
3136 4562 3191 4608 et
3217 4552 3447 4608 alterum
3493 4554 3608 4607 heri
3638 4556 3725 4607 sui

459 4649 683 4720 ἐντολὴν
729 4652 826 4705 τοῦ
877 4654 1070 4725 κυρίου
1093 4652 1258 4707 αὑτοῦ
1295 4655 1376 4717 εἰς
1404 4654 1578 4725 πέρας
1633 4655 1858 4723 ἀγαγεῖν
1907 4653 2031 4721 ἕγνιι

2157 4657 2485 4718 praeceptum
2523 4647 2797 4716 impleret,
2840 4661 3035 4718 nempe
3060 4655 3118 4700 ut
3151 4644 3537 4714 formzeipsius
3574 4647 3728 4699 simi-

458 4736 912 4811 διαμεριμνῶντα
962 4743 1147 4809 αὑτὸν,
1209 4745 1305 4797 καὶ⁸
1371 4744 1763 4816 φροντίζονταο
1804 4743 2052 4797 τουτέστι

459 4831 561 4898 τὴν
584 4829 678 4882 τοῦ
725 4829 897 4896 εἴδους
923 4832 1087 4886 αὑτοῦ
1118 4835 1415 4905 ὁμοιότητα
1447 4835 1584 4907 πρὸς
1639 4836 1845 4888 ἐκεῖνον
1893 4835 2055 4889 ἀπεν-

462 4924 672 4990 εγκεῖν,
703 4924 1001 4996 νιψάμενος
1048 4926 1200 4980 ὕδατι
1228 4928 1289 4980 τὸ
1316 4928 1610 4999 πρόσωπον
1636 4930 1664 4981 ὁ
1692 4928 1901 4999 Σωτὴρ,
1935 4922 2054 4984 εἶτα

462 5012 564 5085 τὴν
588 5015 696 5068 ἀπὸ
720 5015 914 5069 τούτου
946 5019 1148 5089 ἰκμάδα
1176 5021 1233 5072 ὲν
1254 5019 1334 5090 τῷ
1364 5019 1665 5074 ὲπιδοθέντι
1693 5020 1841 5091 αὐτῷ
1872 5038 2053 5092 χειρο-

467 5106 699 5176 μάκτρῳ
740 5107 1166 5179 ἀπομαξαμενος
1187 5150 1202 5177 ,
1233 5110 1619 5181 ὲντυπωθῆναι
1657 5109 1752 5165 τὸν
1790 5112 1939 5182 αὐτῴ
1971 5113 2049 5181 (7)

464 5199 792 5268 χαρακτῆρα
837 5201 898 5252 ὲν
945 5201 1092 5272 αὑτῴ
1130 5202 1452 5276 ᾠκονόμησε
1482 5203 1640 5265 θείως
1673 5203 1770 5256 καὶ
1795 5203 1934 5272 ὑπὲρ
1960 5204 2051 5256 λό-

465 5308 587 5359 γον,
624 5292 720 5344 καὶ
772 5291 932 5347 τοῦτο
988 5296 1068 5365 τῷ
1130 5296 1355 5368 Ἀνανίᾳ
1404 5298 1645 5363 ἐπιδοὺς,
1692 5295 1771 5367 τῷ
1815 5296 2054 5367 Αὺγὰρῳ

465 5384 789 5456 ἐπιδοθῆναι
820 5389 1173 5458 προσέταξεν,
1193 5389 1268 5454 ὡς
1301 5390 1370 5445 ἂν
1398 5389 1494 5444 τοῦ
1520 5409 1577 5445 τε
1602 5390 1768 5445 πόθου
1795 5388 2055 5461 παραμύά

2156 4738 2437 4793 litudinem
2492 4737 2557 4792 ad
2600 4737 2777 4807 ipsum
2836 4737 3115 4793 deferret:
3169 4737 3288 4806 ipse
3334 4753 3474 4807 aqua
3532 4737 3727 4792 faciem

2154 4832 2366 4894 lavaus,
2407 4839 2633 4899 tumque
2679 4841 2990 4886 manantem
3043 4829 3172 4885 inde
3203 4830 3490 4885 humorem
3543 4832 3728 4884 oblato

2156 4924 2367 4979 mantili
2411 4925 2755 4992 abstergens,
2780 4923 2966 4977 divino
2991 4923 3211 4994 vimque
3243 4936 3461 4977 omnem
3498 4922 3727 4975 rationis

2156 5034 2222 5073 ac
2256 5017 2479 5072 dicendi
2523 5015 2838 5071 facultatem
2877 5025 3174 5087 superante
3202 5015 3456 5077 consilio,
3485 5028 3637 5068 suam
3671 5015 3727 5067 in

2158 5130 2225 5169 co
2254 5112 2484 5183 ﬁguram
2544 5111 2840 5182 expressit,
2884 5112 3217 5181 tradens‘quc
3240 5108 3482 5171 Ananiae,
3510 5109 3729 5176 Augaro

2162 5215 2219 5262 ut
2249 5207 2404 5261 daret
2428 5206 2704 5276 praecepit,
2738 5211 2798 5258 ut
2826 5212 2880 5259 et
2913 5205 3117 5259 amoris
3142 5202 3399 5258 solatium
3428 5199 3652 5253 haberet
3674 5210 3729 5251 οι

2162 5300 2337 5355 morbi
2397 5299 2724 5353 remedium.
2778 5296 2874 5353 llis
2922 5304 3157 5351 onustus
3210 5294 3469 5358 Ananias,
3508 5292 3597 5345 ubi
3658 5291 3729 5343 ad

2165 5387 2630 5457 Hierapolitanum
2662 5385 2923 5456 oppidum
2955 5384 3220 5454 pervenit,
3254 5383 3397 5448 quod
3419 5381 3726 5435 Saracenor-

1969 5562 2202 5619 NOTAE.

649 5676 1016 5799 ξοιῖὶκεῦςίιιε
1063 5681 1191 5750 legit
1230 5683 1591 5752 ἐκπληρώσω.

690 5766 751 5801 στ
780 5788 792 5802 .

690 5766 792 5802 στι.

2234 5679 2309 5749 (7)
2345 5678 2526 5748 Forte,
2563 5678 2747 5734 αὐτοῦ.
