4084 6208
410 337 522 401 «431

1403 335 1685 396 CONSTA
1697 337 1820 398 NTl
1833 337 1914 399 NI
1957 339 2636 407 PORPIIYROGENITI

3575 357 3681 422 43:2

428 469 547 509 rum
577 452 796 523 quidem
832 450 1011 518 lingua
1037 443 1336 510 Memmich,
1367 445 1628 515 Syrorum
1656 463 1785 501 vero
1810 446 1996 502 Mabuc

2109 450 2221 504 θιον
2264 454 2355 507 καὶ
2397 456 2495 524 τῆς
2528 459 2683 511 νόσου
2742 459 2874 512 αὑτὸ
2915 463 3039 531 σχῇ.
3079 460 3166 526 Ὠς
3193 463 3285 516 οὑν
3325 465 3680 538 ὑποστρέφων

409 547 649 607 dicitur,
690 551 842 598 extra
901 538 1161 608 oppidum
1212 551 1336 591 cum
1390 537 1730 604 divertisset,
1777 540 1995 610 illicque

428 639 533 692 loci
583 635 887 704 tegularum
917 645 1108 704 recens
1142 638 1426 684 coctarum
1496 630 1752 686 cumulus
1795 647 1997 700 congc-

426 732 545 778 stus
606 728 774 785 esset,
841 718 893 770 in
942 717 1023 772 cis
1047 717 1289 771 Anauias
1327 732 1542 774 sacrum
1583 718 1714 772 illud
1769 721 1994 774 linteum

425 810 732 868 abscondit.
773 809 853 863 Ad
891 809 1126 863 mediam
1176 817 1358 862 autem
1401 816 1641 873 noctem,
1692 810 1885 880 ingens
1912 812 1995 866 in-

423 901 600 957 cendii
643 899 726 954 vis
782 906 897 954 toto
929 898 1139 952 circum
1173 898 1295 951 loco
1342 897 1542 954 diﬂ'usa
1593 903 1878 971 apparuit;
1914 904 1995 958 vi-

424 1008 658 1061 sumque
692 992 979 1062 oppidanis
1018 991 1205 1046 omnia
1245 993 1442 1062 procul
1487 993 1702 1056 ardere,
1770 1005 1828 1049 ut
1881 996 1998 1052 suis

414 1083 528 1151 jam
579 1084 746 1137 rebus
801 1081 996 1146 difﬁsi,
1063 1081 1226 1136 eﬂ‘usi
1278 1082 1578 1148 mamilius,
1629 1082 1697 1139 de
1741 1085 1998 1142 incendio

421 1173 582 1242 cujus
602 1173 846 1228 terriﬁca
867 1173 1084 1242 species
1111 1173 1324 1242 objecta
1376 1173 1557 1229 {iterat
1587 1178 1993 1246 perquirerent.

422 1265 570 1320 Inter
599 1265 715 1319 hare
749 1264 1030 1319 inventum
1060 1264 1351 1330 Ananiam,
1388 1266 1536 1321 velut
1579 1265 1841 1324 facinoris
1901 1283 1999 1324 au-

416 1364 628 1412 ctorem
655 1365 859 1421 tenent,
888 1372 950 1412 ac
974 1356 1105 1426 quid
1132 1357 1275 1412 istud
1307 1358 1382 1412 rei
1410 1358 1768 1430 interrogant,
1801 1361 1996 1432 quisve

409 1452 539 1519 ipse
562 1449 634 1505 sit
661 1465 723 1505 ac
769 1465 880 1520 quo
915 1451 1094 1512 vadat,
1131 1457 1186 1505 et
1231 1450 1376 1506 unde
1403 1451 1686 1520 prolectus
1709 1453 1995 1511 sciscitan-

419 1553 532 1598 tur.

2107 544 2241 615 μετᾶ
2285 546 2491 601 τούτων
2535 549 2800 612 Ἀνανίας,
2831 552 2908 613 είς
2939 552 2999 604 τὸ
3047 555 3282 622 κάστρον
3326 556 3681 627 Ἱεραπόλεως

2103 637 2356 705 έφθασεν,
2380 640 2409 691 ὃ
2435 643 2500 711 τῇ
2524 640 2621 710 μὲν
2639 636 2973 712 Σαρακηνῶν
3000 649 3150 716 φωνῇ
3178 648 3408 719 Μεμμὶχ
3437 650 3678 719 λέγεται,

2100 733 2167 799 τῇ
2197 730 2252 782 δὲ
2281 731 2388 784 τῶν
2412 732 2598 802 Σύρων
2617 734 2872 799 Μαϐοὺκ,
2895 735 3094 800 ἔξωθεν
3119 739 3213 792 τοῦ
3237 741 3478 794 τοιούτου
3512 761 3681 796 κατα-

2102 821 2267 884 λύσας
2308 823 2662 894 πολίσματος,
2697 827 2930 896 σωρείας
2976 832 3235 901 κεράμων
3287 837 3482 887 νεωστὶ
3509 853 3680 891 κατα-

2103 913 2512 967 σκευασθέντων
2571 917 2748 970 ἐκεῖσε
2799 920 3079 990 κειμένης,
3129 923 3364 978 ἐνταῦθα
3414 927 3475 979 τὸ
3535 930 3681 1000 ἱερὸν

2097 1001 2275 1055 έκεῖνο
2305 1004 2471 1072 ῥάκος
2495 1006 2524 1057 ὁ
2557 1006 2808 1070 Ἀνανίας
2855 1010 3162 1080 ἀπέκρυψε.
3193 1015 3303 1067 Καὶ
3343 1019 3470 1086 περὶ
3505 1019 3679 1091 μέσης

2100 1095 2295 1158 νυκτὸς
2329 1095 2441 1166 πῦρ
2488 1097 2659 1166 ἐφάνη
2694 1099 2829 1153 πολὺ
2859 1102 2919 1154 τὸ
2948 1103 3188 1157 τοιοῦτον
3220 1107 3417 1180 χωρίον
3445 1127 3677 1180 περικυο
3717 1137 3722 1140 ·

2099 1184 2280 1252 κλοῦν,
2317 1187 2392 1250 ὡς
2421 1189 2572 1252 ὲντδς
2607 1190 2701 1243 τοῦ
2729 1191 2921 1256 ἄστεος
2968 1194 3144 1248 δοκεῖν
3200 1199 3377 1252 πάντα
3411 1201 3478 1254 τά
3513 1189 3675 1272 πέριξ

2099 1275 2237 1344 πυρὶ
2271 1277 2730 1346 καταφλέγεσθαι,
2766 1282 2859 1336 καὶ
2906 1286 3033 1356 περὶ
3066 1287 3274 1341 ἑαυτῶν
3321 1291 3421 1361 ἢδη
3464 1291 3674 1346 δείσαν-

2101 1383 2199 1429 τας
2217 1367 2551 1435 ὑπεξελθεῖν,
2582 1374 2671 1426 καὶ
2697 1373 3073 1444 διερευνᾶσθαι
3101 1383 3227 1450 περὶ
3256 1383 3358 1453 τῆς
3389 1385 3675 1456 ὀρωμένης

2103 1462 2399 1529 πυρκαϊᾶς.
2438 1462 2644 1517 Ἐκεῖσε
2672 1465 2729 1518 δὲ
2753 1467 2843 1520 τὸν
2886 1469 3132 1525 Ἀνανίαν
3159 1474 3471 1544 εὑρεθέντα,
3498 1480 3676 1530 συνεῖ-

2095 1567 2198 1620 .χον
2247 1553 2323 1616 ὡς
2365 1554 2670 1625 αὑτουργδν
2716 1559 2810 1611 τοῦ
2841 1561 3211 1632 τολμήματος.
3239 1567 3349 1620 Καὶ
3385 1568 3676 1638 διερεύνων

421 1637 479 1690 τδ
534 1636 662 1704 περὶ
710 1634 802 1687 τοῦ
839 1634 1194 1703 πράγματος,
1227 1634 1320 1686 καὶ
1350 1635 1431 1697 τίς
1465 1651 1525 1687 τε
1556 1637 1642 1707 εἴη
1685 1637 1867 1706 αὑτὸς,
1899 1641 1993 1695 καὶ
2017 1643 2111 1695 ποῖ
2141 1642 2369 1712 βαδίζοι,
2405 1647 2500 1701 καὶ
2533 1649 2676 1715 ὅθεν,
2703 1652 3134 1712 διεπυνθάνοντο.

489 1752 581 1806 lx.
622 1753 839 1818 Anceps
871 1748 1038 1802 animi
1075 1748 1316 1802 Ananias
1352 1764 1453 1818 pro
1495 1752 1691 1808 aliena:
1729 1755 1992 1809 crimina-

2166 1758 2243 1813 ϐ’.
2296 1761 2382 1824 Ὦς
2413 1763 2470 1817 δὲ
2513 1765 2592 1836 τῷ
2631 1768 2903 1842 ἀλλοκότῳ
2933 1773 3341 1843 τῆςαίτήσεως
3368 1777 3397 1828 ὁ
3430 1778 3676 1845 ’Δνανίας

419 1843 586 1899 tionis
631 1839 898 1910 periculo,
931 1839 1150 1893 interim
1188 1848 1379 1894 narrat
1423 1842 1566 1897 unde
1614 1845 1706 1911 sit,
1753 1852 1807 1899 et
1851 1847 1996 1902 unde

2098 1851 2428 1923 διηπορεῖτο,
2456 1855 2593 1920 τέως
2615 1875 2678 1926 γε
2708 1860 2831 1914 ὅθεν
2861 1839 2969 1932 εἴη,
2987 1839 3092 1917 *καὶ
3123 1839 3286 1918 πάθεν
3308 1866 3545 1938 ἔρχεται,
3581 1839 3677 1924 καῖ

419 1936 621 2000 veniat,
658 1946 892 2003 quamve
918 1931 1193 1985 sarcinam
1231 1931 1408 1996 l'erat;
1440 1934 1625 2002 aitque
1654 1950 1713 1990 se
1744 1936 1798 1989 in
1839 1946 1992 2007 tegu-

418 2029 486 2082 lis
537 2024 886 2095 deposuisse,
947 2022 1093 2076 unde
1139 2023 1316 2077 visum
1366 2024 1595 2079 accendi
1656 2025 1992 2084 incendium.

418 2121 540 2175 Mox
573 2121 758 2188 itaque
793 2133 908 2172 rem
949 2125 1009 2170 ut
1046 2130 1174 2170 vere
1203 2125 1349 2173 esset
1388 2118 1650 2175 noscendi
1693 2120 1863 2187 avidi,
1910 2122 1993 2177 lo-

419 2228 546 2266 cum
578 2216 911 2273 scrutantes,
943 2223 1054 2262 non
1090 2209 1193 2264 hoc
1241 2209 1418 2264 solum
1452 2209 1801 2267 offenderunt
1849 2213 1993 2282 quod

418 2305 488 2359 ab
516 2302 724 2357 Anania
760 2301 872 2356 illic
905 2299 1182 2356 conditum
1213 2309 1354 2366 erat,
1381 2302 1476 2357 sed
1513 2311 1568 2356 et
1593 2304 1647 2357 in
1675 2317 1781 2358 una
1814 2305 1996 2359 vicina

417 2396 597 2465 tegula
627 2395 866 2449 divinam
894 2393 1044 2448 illam
1086 2407 1406 2462 expressam
1448 2393 1704 2463 eiligiem,
1749 2395 1996 2451 inaudito

416 2488 601 2553 modo,
631 2495 686 2542 et
715 2494 775 2541 ut
815 2502 979 2540 nemo
1016 2493 1196 2540 mente
1235 2485 1454 2557 assequi
1496 2496 1681 2557 queat,
1711 2502 1777 2543 ex
1812 2488 1996 2558 priore

416 2599 525 2638 non
558 2578 876 2637 manufacto
908 2580 1077 2634 linteo
1101 2578 1405 2634 deformata
1443 2581 1682 2651 imagine
1715 2589 1865 2637 lestaa
1891 2582 1996 2636 im-

417 2688 683 2744 pressam.
716 2671 874 2738 Quod
906 2687 1031 2726 cum
1060 2669 1344 2724 vidissent
1368 2670 1529 2741 =pleni
1563 2681 1794 2741 stupore
1815 2680 1870 2728 et
1896 2673 1994 2727 ad-

417 2765 732 2829 miratione,
763 2775 880 2817 tum
910 2762 1033 2831 ejus
1068 2761 1146 2816 rei
1185 2762 1427 2824 nomine,
1481 2771 1597 2816 tum
1652 2763 1798 2834 quod
1852 2764 1996 2834 ignis

415 2858 617 2913 ardens
643 2869 913 2926 nusquam
939 2855 1298 2918 occurrisset,
1322 2855 1417 2910 sed
1439 2871 1501 2910 ex
1518 2857 1724 2912 iornue
1745 2858 1997 2913 claritate

412 2951 534 3005 visa
563 2957 713 3005 esset
745 2947 963 3001 ﬂamma
994 2947 1271 3013 emicare;
1315 2947 1554 3017 tegulam
1595 2947 1841 3016 quidem,
1875 2961 1998 3017 quas

415 3043 658 3098 divinam
688 3042 742 3095 in
771 3040 1122 3095 se‘hauserat
1154 3038 1410 3102 formam,
1453 3044 1604 3094 velut
1635 3053 1853 3094 sacrum
1893 3040 1997 3094 ali-

411 3132 564 3203 quod
597 3130 797 3202 pignus
829 3145 892 3183 ac
924 3128 1226 3199 pretiosum
1259 3128 1603 3193 thesaurum,
1637 3129 1783 3199 apud
1811 3143 1870 3185 se
1903 3144 1993 3185 re-
2015 3115 2063 3174 (ἶ

416 3226 717 3289 tinuerunt,
762 3223 1000 3278 divinam
1044 3221 1205 3292 hujus
1241 3222 1349 3277 vim
1396 3238 1460 3278 ex
1509 3237 1574 3278 eo
1616 3222 1764 3294 quod
1808 3223 1992 3279 visum

415 3325 532 3374 erat
582 3315 1003 3384 conjectantes:
1058 3314 1299 3383 primum
1358 3322 1538 3368 autem
1589 3313 1891 3386 exemplar,
1939 3321 1994 3369 et

405 3410 534 3473 ejus
567 3408 878 3462 ministrum
917 3404 1075 3458 veriti
1114 3403 1369 3467 retinere,
1400 3404 1466 3458 ad
1503 3404 1781 3473 Augarum
1823 3403 1992 3457 mise-

406 3461 566 3551 runt.
600 3497 990 3561 Hactenusque
1028 3492 1320 3548 incolumis
1347 3501 1452 3561 est,
1487 3509 1551 3547 ac
1582 3494 1990 3548 venerationem

367 3613 375 3621 ε
411 3587 580 3640 habet
619 3583 762 3651 apud
799 3582 920 3650 ejus
967 3580 1212 3650 oppiduli
1266 3581 1493 3649 incolas,
1541 3596 1662 3651 quae
1707 3583 1762 3636 in
1812 3581 1993 3650 tegula

407 3679 591 3732 iorma
610 3688 869 3744 expressa
887 3683 1005 3740 est;
1029 3671 1150 3742 ejus
1175 3687 1297 3742 quae
1319 3688 1426 3726 non
1451 3672 1594 3742 picta
1621 3682 1726 3739 est,
1745 3675 1864 3744 ipsa
1882 3689 1992 3730 non

415 3768 558 3837 picta
589 3763 955 3834 imago;ejus
1005 3779 1130 3833 qua:
1178 3778 1287 3826 non
1341 3756 1676 3830 inanuiacta,
1724 3764 1843 3835 ipsa
1879 3780 1992 3820 non

410 3855 752 3913 manufacta.
778 3855 1021 3910 Ananias
1047 3865 1254 3920 autem,
1279 3863 1517 3926 peracto
1551 3855 1698 3925 quod
1733 3856 1990 3926 proposi-

413 3960 528 4004 tum
559 3956 680 4003 erat
703 3947 916 4013 itinere,
948 3962 1070 4017 quae
1095 3947 1314 4002 interim
1341 3954 1492 4018 gesta
1521 3947 1835 4002 acciderant
1858 3946 1991 4004 hero

391 4041 732 4108 declaravit,
763 4055 826 4095 ac
853 4055 972 4111 qua:
1009 4038 1216 4114 ferebat
1271 4039 1538 4095 salutaria
1581 4040 1828 4110 synibola
1863 4039 1987 4096 red-

412 4130 572 4185 didii.

482 4329 549 4384 Χ.
596 4329 658 4382 Et
696 4329 811 4384 haec
843 4330 1061 4398 quidem
1105 4332 1425 4402 pervulgata
1461 4333 1646 4403 opinio
1677 4335 1746 4391 de
1767 4351 1828 4391 ea
1862 4338 1986 4392 Sal-

2096 1943 2149 1997 τί
2175 1946 2492 2015 ἐπιφέρεται
2511 1949 2828 2022 διεσάφησε,
2851 1956 2948 2009 καὶ⁸
2968 1955 3269 2012 ἀποθέσθαι
3293 1959 3351 2012 ὲν
3371 1963 3480 2024 τοῖς
3506 1963 3671 2033 κερά·

2094 2054 2222 2108 ’μοις
2264 2039 2500 2109 ἐδήλωσε
2533 2042 2596 2095 τὸ
2629 2045 3049 2117 ἐπιφερόμενον,
3081 2051 3204 2103 ὅθεν
3233 2052 3407 2106 ἐδόκει
3437 2054 3678 2109 ἀνάπτε-

2099 2130 2222 2184 σθαι
2244 2132 2337 2184 καὶ
2364 2134 2397 2203 ή
2431 2133 2582 2203 φλόξ.
2602 2136 2779 2199 Εὐθὺς
2795 2138 2852 2191 δὲ
2877 2141 3075 2195 ἐκεῖνοι
3105 2142 3203 2212 τὴν
3227 2144 3336 2197 τῶν
3367 2145 3676 2217 λεγομένων

2100 2223 2452 2295 βουληθέντες
2477 2227 2767 2297 διαγνῶναι
2796 2231 3074 2302 ἀλήθειαν,
3098 2237 3188 2289 τὸν
3213 2237 3378 2291 τόπον
3396 2239 3674 2311 διερευνηο

2099 2313 2347 2383 σάμενοι,
2383 2311 2542 2386 εὗρον
2571 2318 2632 2371 οὑ
2665 2319 2825 2389 μόνον
2854 2322 2914 2374 τὸ
2953 2323 3058 2376 ὑπὸ
3086 2325 3180 2377 τοῦ
3219 2326 3462 2380 Ἀνανίου
3491 2331 3668 2384 ἐκεῖσε

2097 2403 2385 2467 ἀποτεθὲν,
2411 2407 2548 2466 ἀλλὰ
2577 2410 2669 2463 καὶ
2702 2411 2759 2465 ἐν
2789 2411 2868 2482 τῷ
2891 2412 3244 2482 πλησιάζοντι
3272 2417 3382 2470 τῶν
3417 2421 3672 2490 κεράμων

2096 2496 2214 2561 svi,
2273 2496 2458 2568 ἕτερον
2531 2500 2834 2574 ὲκτύπωμα
2902 2505 2997 2558 τοῦ
3047 2505 3191 2560 θείου
3272 2509 3672 2582 ἀπεικονίσμα-

2097 2603 2219 2649 τος,
2281 2589 2600 2657 παραδόξως
2638 2593 2734 2645 καὶ
2788 2594 2928 2666 ὑπὲρ
2980 2594 3105 2649 νοῦν
3165 2599 3259 2652 ἐπὶ
3311 2601 3374 2652 τὸ
3407 2601 3674 2672 ὄστρακον

2098 2676 2208 2729 ἀπὸ
2265 2676 2359 2730 τοῦ
2412 2679 2731 2750 ὑφάσματος
2793 2684 2892 2754 τῆς
2931 2685 3180 2756 ἀγράφου
3230 2691 3674 2761 μεταγραφείσης

2101 2771 2334 2840 μορφῆς.
2383 2772 2446 2824 Ὃ
2495 2772 2590 2824 καὶ
2633 2773 2980 2844 θεασάμενοι,
3001 2780 3093 2830 καὶ
3139 2779 3346 2848 θάμῦος
3394 2781 3528 2852 ὁμοῦ
3578 2785 3674 2837 καὶ

2097 2860 2416 2930 ἐκπλήξεως
2445 2863 2725 2933 γενόμενοι
2755 2865 3001 2935 ἔμπλεῳ,
3023 2869 3110 2924 διά
3149 2889 3201 2924 τι
3237 2871 3416 2939 τοῦτο,
3449 2876 3544 2927 καὶ
3585 2875 3673 2928 διὰ

2097 2951 2158 3004 τὸ
2193 2952 2446 3023 μηδαμοῦ
2480 2954 2592 3026 πῦρ
2614 2957 2906 3028 εὑρεθῆναι
2943 2962 3258 3031 καιόμενον,
3293 2964 3408 3017 ἀλλ’
3437 2966 3544 3018 ἀπὸ
3575 2970 3673 3035 τῆς

2099 3043 2156 3096 ὲν
2186 3045 2251 3114 τῇ
2289 3047 2471 3117 μορφῇ
2514 3045 2859 3117 λαμπηδόνος
2882 3049 3030 3115 δόξαι
3050 3054 3148 3123 τὴν
3180 3055 3350 3124 φλόγα
3384 3057 3671 3122 ἐκπέμπε-

2097 3133 2243 3199 σθαι,
2273 3134 2366 3188 τὸν
2397 3136 2498 3206 μὲν
2529 3137 2774 3208 κέραμον
2809 3140 2902 3194 τὸν
2938 3142 3364 3215 άπομαξάμενον
3399 3148 3456 3199 ὲν
3489 3149 3668 3218 ἑαυτῷ

2097 3226 2158 3280 τὸ
2186 3225 2327 3280 θεῖον
2353 3229 2676 3299 ὲκτύπωμα,
2704 3233 2970 3304 κατέσχον
2996 3238 3124 3306 παρ’
3156 3239 3387 3306 ἑαυτοῖς,
3412 3240 3598 3312 ὥσπερ
3619 3259 3672 3294 τι

2098 3319 2385 3390 κειμήλιον
2423 3321 2588 3391 ἱερὸν,
2637 3323 2731 3376 καὶ
2774 3325 3070 3398 πολύτιμον
3111 3329 3402 3401 θησαυρὸν,
3440 3333 3547 3385 ἀπὸ
3577 3331 3674 3386 τοῦ

2097 3409 2389 3478 ὁραθέντος
2425 3411 2526 3482 τὴν
2553 3413 2684 3483 περὶ
2714 3415 2845 3467 αὐτὸ
2873 3419 3268 3489 στοχασάμενοι
3315 3421 3466 3475 θείαν
3518 3422 3673 3490 ἐνέρο

2098 3516 2276 3568 γειαν·
2304 3502 2659 3572 πρωτότυπον
2687 3504 2765 3568 δὲ,
2794 3506 2891 3559 καὶ
2929 3509 3020 3561 τὸν
3049 3509 3243 3563 τούτου
3281 3512 3527 3566 διάκονον
3561 3512 3673 3566 δεί-

2099 3606 2289 3654 σαντες
2328 3594 2649 3662 κατασχεῖν,
2689 3593 3017 3649 ἀπέστειλαν
3077 3598 3212 3667 πρὸς
3255 3598 3347 3652 τὸν
3399 3600 3670 3672 Α’ὑγαρον.
3710 3654 3715 3658 .

2097 3681 2208 3734 Καὶ
2232 3680 2327 3735 νῦν
2355 3684 2471 3736 ἐστι
2498 3683 2778 3756 σωζομένη
2810 3690 2906 3739 καὶ
2940 3689 3227 3758 τιμωμένη
3253 3691 3404 3761 παρὰ
3434 3695 3546 3757 τοῖς
3572 3693 3671 3764 τῆς

2095 3775 2354 3844 τοιαύτης
2405 3776 2662 3848 πολίχνης
2728 3780 3061 3850 οἰκήτορσιν,
3103 3783 3135 3852 ή
3189 3783 3247 3836 ἐν
3304 3784 3382 3854 τῷ
3444 3785 3672 3856 κεράμῳ

2099 3866 2304 3938 μορφὴν
2338 3868 2443 3938 τῆς
2493 3870 2707 3940 μορφῆς
2748 3869 2849 3940 τῆς
2900 3871 3149 3943 ἀγράφου
3189 3874 3223 3944 ἠ
3263 3873 3531 3945 ἄγραφος.
3577 3877 3671 3930 καὶ

2093 3959 2194 4028 τῆς
2239 3959 2654 4030 ἀχειροτεύκτου
2697 3962 2731 4029 ἡ
2765 3961 3200 4030 ἀχειρότευκτος.
3239 3963 3298 4017 ⁸0
3326 3965 3381 4018 δὲ
3418 3965 3669 4028 Ἀνανίας

2091 4049 2192 4120 τὴν
2220 4051 2589 4123 προκειμένην
2621 4053 2772 4124 αὑτῷ
2809 4055 3037 4125 πορείαν
3065 4054 3354 4126 διηνυκὼς,
3377 4057 3453 4126 τῷ
3493 4058 3666 4128 κυρίῳ

2092 4140 2257 4194 αὑτοῦ
2285 4143 2355 4196 τὰ
2389 4142 2592 4212 μεταξὺ
2615 4143 2995 4214 διετράνωσεν,
3023 4146 3257 4210 ἀποδοὺς
3277 4148 3370 4201 καὶ
3396 4147 3431 4200 ἃ
3461 4148 3663 4216 ἐπεφέ-

2095 4249 2221 4302 ρετο
2251 4235 2496 4305 σωτήρια
2513 4234 2577 4288 σύ
2587 4236 2777 4306 μόολα.

2162 4348 2218 4400 l'.
2253 4347 2362 4400 Καὶ
2390 4340 2545 4412 οὗτος
2575 4347 2674 4418 μὲν
2693 4351 2721 4403 ὁ
2759 4351 2908 4422 παρὰ
2941 4353 3048 4404 τῶν
3081 4353 3344 4406 πλειόνων
3376 4355 3664 4424 λεγόμενος

409 4423 618 4477 vatoris
649 4421 824 4476 l‘orma
849 4437 958 4476 non
991 4423 1327 4487 manufacta,
1358 4440 1479 4494 quae
1512 4426 1778 4496 impressa
1818 4429 1985 4486 linteo

2098 4437 2278 4508 λόγος,
2332 4440 2459 4510 περὶ
2509 4442 2611 4512 τῆς
2661 4443 2720 4496 ἐν
2765 4421 2851 4514 τῷ
2891 4445 3174 4512 ὑφάσματι
3223 4421 3457 4517 ταύτης
3489 4421 3664 4517 άγρά-

395 4522 515 4569 est.
558 4513 756 4567 Fertur
789 4528 917 4569 vero
955 4523 1010 4569 et
1047 4514 1151 4568 alia
1181 4515 1251 4570 de
1291 4515 1383 4570 illa
1417 4519 1682 4584 narratio,
1721 4533 1821 4574 nec
1864 4521 1982 4590 ipsa

2098 4546 2189 4598 φου
2261 4529 2476 4600 μορφῆς
2506 4531 2601 4585 τοῦ
2653 4513 2904 4602 Σωτῆρος
2961 4533 3140 4602 ήμῶν.
3195 4513 3426 4602 Λέγεται
3492 4513 3548 4589 δέ
3568 4513 3664 4600 ’τις

403 4607 480 4658 ub
531 4605 712 4673 specie
756 4605 869 4660 veri
916 4607 1203 4674 remotior,
1236 4615 1332 4661 aut
1360 4624 1480 4678 quae
1519 4610 1706 4677 probis
1754 4613 1983 4669 testibus

2098 4622 2186 4674 καὶ
2238 4621 2425 4692 ἕτερος
2471 4623 2598 4692 περὶ
2661 4623 2851 4677 τούτου
2920 4625 3110 4694 λόγος,
3166 4627 3288 4681 οὕτε
3332 4627 3393 4680 τὸ
3435 4627 3664 4682 πιθανὸν

410 4705 616 4750 careat.
650 4695 1016 4762 Quamobrem
1051 4700 1217 4753 etiam
1245 4713 1538 4770 exponam,
1570 4717 1638 4757 ne
1669 4717 1755 4758 me
1787 4704 1987 4774 aliquis

2098 4709 2414 4780 ὲκφεύγων,
2450 4711 2574 4764 οὕτε
2635 4714 2928 4784 μαρτύρων
2984 4716 3238 4785 χρηστῶν
3287 4717 3528 4786 ἀπορῶν.
3572 4718 3664 4770 Διὸ

404 4788 687 4845 existimet
736 4790 965 4846 alterius
1007 4791 1341 4862 ignorantia,
1377 4792 1604 4848 alterius
1643 4794 1801 4849 fidem
1838 4810 1987 4865 qure-

2098 4799 2186 4851 καὶ
2231 4798 2422 4852 τοῦτον
2483 4800 2788 4872 ἐκθήσομαι
2817 4841 2832 4868 ,
2883 4803 2971 4855 ῖνα
3031 4806 3104 4874 μή
3189 4821 3274 4867 τις
3344 4805 3660 4876 ὑποτοπάσῃ

405 4898 550 4939 rere.
583 4881 695 4939 Nec
741 4897 967 4953 prorsus
1011 4885 1235 4950 mirum,
1287 4892 1440 4939 tanto
1475 4887 1736 4956 temporis
1785 4888 1986 4958 spatio,

2098 4890 2152 4942 ὲν
2185 4889 2262 4960 τῷ
2305 4891 2521 4957 ἀγνοεῖν
2551 4893 2779 4959 τοῦτον,
2835 4895 3127 4966 κρατύνειν
3169 4896 3260 4949 τὸν
3303 4898 3506 4967 ἕτερον.
3554 4898 3661 4950 Καὶ

407 4975 552 5030 haud
587 4988 714 5029 raro
745 4973 866 5030 falsi
899 4975 1106 5046 aliquid
1135 4975 1190 5029 in
1219 4975 1503 5030 historiam
1531 4991 1891 5034 commeasse.
1923 4977 1982 5033 In

2098 4980 2294 5042 πάντως
2352 4983 2500 5036 οὐδὲν
2561 4982 2876 5054 θαυμαστὸν
2909 4989 2967 5041 ἐν
3015 4989 3265 5059 τοσούτῳ
3318 4989 3494 5060 χρόνῳ
3520 4991 3657 5042 πλα-

405 5081 474 5121 eo
499 5067 722 5136 quidem
753 5067 897 5137 quod
914 5067 1007 5121 rei
1042 5075 1210 5136 caput
1240 5077 1342 5133 est,
1374 5083 1568 5124 omnes
1597 5069 1822 5138 perinde
1849 5085 1982 5124 con—

2098 5072 2271 5129 νᾶσθαι
2314 5073 2579 5138 πολλάκις
2613 5076 2711 5146 τὴν
2757 5079 3019 5147 ἱστορίαν.
3056 5079 3190 5149 Περὶ
3225 5080 3329 5150 μὲν
3359 5081 3419 5132 τὸ
3448 5081 3657 5149 καίριον

405 5158 684 5224 sentiunt;
719 5172 897 5228 exque
945 5159 1098 5213 vultu
1149 5157 1459 5224 Dominico,
1505 5161 1761 5215 inaudito
1794 5161 1978 5226 modo,

2098 5165 2170 5233 ίῆς
2195 5163 2522 5228 ὑποθέσεως.
2542 5168 2743 5236 ὁμοίως
2773 5169 2978 5234 πάντες
3004 5173 3396 5242 συμφέρονται,
3419 5171 3513 5224 καὶ
3527 5172 3658 5240 ὁμο-

407 5247 732 5319 impressam
765 5249 933 5303 linteo
963 5248 1192 5303 formam
1242 5257 1538 5304 asserunt:
1571 5250 1638 5305 de
1678 5252 1754 5305 rei
1793 5259 1976 5304 autem

2098 5253 2340 5320 ογοῦσιν,
2361 5254 2468 5306 ἀπὸ
2487 5255 2580 5307 τοῦ
2602 5257 2882 5328 Κυριακοῦ
2913 5260 3205 5331 προσώπου
3232 5263 3332 5333 τὴν
3349 5266 3407 5316 ὲν
3424 5264 3502 5334 τῷ
3524 5265 3660 5334 ὑφάο

405 5339 585 5409 aliquo
615 5339 883 5395 accidenti
902 5337 1002 5409 (de
1027 5347 1277 5406 tempore
1305 5340 1536 5410 scilicet)
1568 5351 1652 5396 est
1681 5341 1974 5398 dissensio.

2098 5363 2238 5415 τματι
2285 5349 2666 5418 ἔκτυπωθῆναι
2698 5355 3018 5424 παραδόξως
3060 5359 3299 5428 μορφήν.
3326 5359 3462 5427 Περὶ
3476 5357 3534 5411 δὲ
3549 5357 3656 5409 τῶν

405 5427 550 5487 Nihil
577 5444 756 5488 tamen
781 5430 950 5498 istud,
976 5429 1240 5501 quidquid
1267 5431 1615 5496 est,,veritati
1642 5441 1824 5500 nocet,
1859 5435 1974 5492 sive

2099 5437 2159 5490 οὔ
2211 5440 2555 5511 πράγματος,
2591 5444 2709 5514 ἦτοι
2737 5446 2826 5502 τὸν
2857 5447 2934 5519 (8)
2972 5450 3163 5520 καιρὸν
3189 5427 3562 5522 διαφέρονται.
3588 5451 3655 5502 ὐ

1902 5613 2134 5671 NOTAE.

475 5739 555 5807 (8)
584 5735 768 5803 Forte,
795 5739 901 5795 τῶν
928 5741 1154 5811 καιρῶν.
