4058 6212
394 314 503 382 433

1366 320 1760 383 ΝΛΗΒΛΤΙΟ
1803 323 1911 383 DE.
1936 323 2264 386 IMAGINE
2308 328 2725 389 EDESSENA.

3544 336 3649 399 434

398 435 551 488 οὐδὲν
586 436 652 504 τῇ
681 432 911 502 ἀληθείᾳ.
958 430 1298 500 λυμαίνεται,
1339 432 1449 485 εἴτε
1506 435 1805 507 πρότερον,
1858 435 2003 500 εἴτε¹

2105 456 2230 496 ιτιιιε
2263 440 2378 496 sive
2406 451 2591 510 postea
2631 444 2835 497 factum
2864 451 2966 499 cst.
3006 443 3096 500 Sic
3129 461 3259 502 vero
3306 448 3471 505 altera
3510 464 3646 516 quo-

403 526 629 593 ὓστερον
686 525 927 591 γέγονεν.
995 524 1145 592 Ἔχει
1189 523 1245 576 δὲ
1294 524 1467 588 οὕτως
1522 528 1616 581 καὶ
1657 528 1765 581 τῶν
1805 528 1979 597 λόγων

2105 550 2187 605 [ue
2220 550 2282 588 se
2314 535 2559 590 narratio
2592 536 2774 590 habet.

404 638 611 694 ετερος.

480 714 581 769 IA'.
614 716 704 767 Ἐν
729 713 806 783 τῷ
834 713 1046 783 μέλλειν
1069 718 1202 781 φασὶ
1221 715 1311 768 τὸν
1340 715 1575 786 Χριστὸν
1613 717 1708 770 ἐπὶ
1728 721 1789 771 τὸ
1818 719 1979 773 ἑκοῦ-

409 823 523 859 σιον
549 805 720 868 πάθος
757 805 950 869 ἐλθεῖν,
985 806 1148 875 ἡνίκα
1181 808 1281 876 τὴν
1316 806 1665 879 ἀνθρωπίνην
1695 808 1980 864 ἀσθένειαν

412 896 850 964 ἐνδεικνύμενος.
900 897 1152 963 ἀγωνιῶν
1174 899 1357 966 ὠρᾶτο
1390 900 1483 951 xal.
1521 902 1979 973 προσευχόμενος,

412 988 501 1040 ὅτε
532 988 626 1040 καὶ
655 988 781 1050 τοὺς
823 988 1049 1056 ἱδρῶτας
1075 989 1242 1042 αὐτοῦ
1270 990 1403 1043 ὡσεὶ
1435 991 1706 1062 θρόμϐους
1750 995 1981 1048 σταλάσ-

417 1097 529 1132 σειν
574 1080 800 1149 αἵματος
830 1081 860 1132 ὁ
890 1079 985 1132 τοῦ
1030 1082 1360 1150 Εὐαγγελίου
1408 1083 1565 1152 λόγος
1611 1087 1982 1156 ὑποσημαίνε-

416 1189 502 1223 ται
521 1187 536 1200 ο
560 1172 858 1239 τηνικαῦτά
872 1190 1035 1239 φασιν
1050 1174 1158 1226 ἀπό
1178 1192 1323 1239 τινος
1344 1176 1451 1228 τῶν
1470 1177 1725 1247 μαθητῶν
1753 1178 1985 1232 λαϐόντα

410 1265 471 1318 τὸ
498 1263 592 1318 νῦν
628 1264 961 1335 βλεπόμενον
1007 1265 1166 1319 τοῦτο
1205 1268 1467 1337 τεμάχιον
1499 1268 1592 1322 τοῦ
1637 1270 1981 1339 ὑφάσματος,

409 1358 507 1421 τὰς
535 1357 643 1410 τῶν
666 1356 907 1427 ἱδρώτων
937 1357 1161 1419 λιϐάδας
1190 1359 1249 1410 ὲν
1277 1358 1425 1427 αὐτῷ
1454 1360 1864 1429 ἀπομάξασθαι·
1891 1368 1986 1414 καὶ

410 1448 613 1510 εὐθέως
643 1449 1025 1517 ὲντυπωθῆναι
1069 1449 1167 1514 τὴν
1200 1450 1487 1517 ὁρωμένην
1510 1450 1716 1519 ταύτην
1752 1453 1845 1503 τοῦ
1870 1451 1987 1504 θεο⁴

410 1540 586 1602 ειδοῦς
614 1540 824 1593 ἐκείνου
859 1540 1034 1600 εἴδους
1066 1538 1397 1603 ὲκτύπωσιν,
1426 1540 1455 1593 ὃ
1488 1540 1568 1611 τῷ
1595 1541 1765 1611 Θωμᾷ
1806 1560 1988 1611 παρα-

412 1632 670 1701 θέμενος,
725 1631 866 1701 μετὰ
913 1630 1011 1699 τὴν
1070 1633 1149 1694 εἰς
1184 1632 1445 1703 οὐρανοὺς
1478 1632 1643 1686 αὑτοῦ
1665 1633 1871 1699 ἄνοδον,
1905 1633 1990 1686 διὰ

413 1720 677 1774 Θαδδαίου
714 1720 947 1789 Αῦγάρῳ
973 1721 1291 1775 ἀποστεῖλαι
1318 1721 1642 1791 προσέταξε,
1666 1718 1763 1791 τὴν
1780 1723 1867 1776 διὰ
1882 1723 1991 1777 τῶν

414 1810 763 1880 γραμμάτων
806 1811 1100 1881 ὑπόσχεσιν
1125 1812 1438 1881 ἐκπληρῶν.
1468 1812 1624 1868 Μετὰ
1650 1811 1744 1866 οὖν
1771 1815 1830 1867 τὸ
1861 1816 1990 1869 ἅνα-

414 1902 688 1973 ληφθῆναι
710 1903 799 1956 τὸν
829 1904 1032 1971 Κύριον
1052 1906 1211 1975 ἡμῶν
1252 1905 1459 1973 Ἰησοῦν
1493 1906 1730 1975 Χριστὸν
1758 1909 1837 1970 είς
1868 1908 1993 1970 τοὺς

416 1996 701 2066 οὐρανοὺς,
734 1996 858 2060 δοὺς
906 1998 935 2048 ό
980 1997 1183 2065 Θωμᾶς
1232 1996 1309 2065 τῷ
1343 1988 1605 2065 Θαδδαίῳ¹
1634 1999 1733 2067 τὴν
1780 2000 1994 2070 άχειρό-

422 2103 633 2156 γραφον
680 2087 776 2140 τοῦ
824 2086 1109 2157 Κυριακοῦ
1134 2086 1427 2157 προσώπου
1461 2089 1831 2157 ὲκμόρφωσιν,
1862 2091 1995 2160 πρὸς

424 2176 517 2229 τὸν
541 2175 692 2240 Δῦγα
702 2194 791 2246 ρον
829 2176 1202 2239 ἐξαπέστειλε.

495 2266 592 2320 IB'.
629 2266 970 2320 Καταλαϐὼν
1015 2267 1193 2321 τοίνυν
1220 2271 1248 2322 ό
1286 2258 1545 2334 Θαδδαῖος
1588 2271 1685 2341 τὴν
1711 2271 1995 2335 Ἔδεσσαν,

422 2360 606 2429 ἔμεινε
660 2361 877 2427 πρῶτον
932 2362 1084 2432 παρά
1130 2381 1235 2415 τινι
1291 2363 1400 2415 τῶν
1452 2364 1639 2418 αὐτόθι
1710 2365 1998 2417 Ἰουδαίων.

422 2452 640 2514 Τωϐίας
670 2446 825 2516 οὗτος
853 2453 1161 2522 ὡνόμαστο.
1182 2456 1290 2508 Καὶ
1324 2455 1388 2523 δὴ
1428 2456 1533 2524 πρὸ
1555 2456 1662 2508 τῶν
1684 2455 1876 2522 λόγων,
1895 2456 2001 2509 ἀπὸ

421 2543 532 2597 τῶν
582 2542 761 2614 ἔργων
821 2544 992 2597 θέλων
1047 2545 1237 2598 ἑαυτὸν
1276 2547 1541 2618 γνωρίσαι
1580 2547 1658 2616 τῷ
1689 2547 1924 2616 Αὑγάρῳ
1973 2547 2001 2599 ὁ

423 2632 519 2687 τοῦ
552 2633 790 2702 Χριστοῦ
828 2633 1093 2704 μαθητὴς,
1120 2636 1248 2697 τοὺς
1273 2634 1634 2698 ἀσθενοῦντας
1653 2635 1753 2705 τῆς
1793 2635 2002 2697 πόλεως

426 2728 712 2797 ἐπικλήσει
746 2729 883 2799 μόνῃ
918 2726 1157 2798 Χριστοῦ
1186 2727 1577 2798 ἐθεράπευσεν.
1616 2726 1781 2780 Ὅθεν
1810 2743 1891 2779 τοι
1909 2723 2001 2778 τοῦ

425 2817 665 2887 Χριστοῦ
692 2818 791 2887 τῆς
832 2818 1023 2888 φήμης
1058 2818 1397 2887 διαδοθείσης
1422 2818 1581 2887 (ὅπερ
1626 2818 1718 2869 ἐπὶ
1753 2815 1862 2869 τῶν
1900 2832 2007 2868 τοι-

424 2910 600 2964 ούτων
643 2909 963 2979 συμϐαίνειν
997 2910 1178 2979 φιλεῖ·
1208 2909 1278 2962 τὰ
1293 2911 1402 2978 γὰρ
1434 2909 1713 2979 παράδοξα
1734 2909 1841 2960 τῶν
1861 2924 2005 2976 πρα-

426 2998 656 3067 γμάτων
698 2997 927 3061 πολλοὺς
972 2998 1084 3069 ἔχει
1107 3000 1231 3061 τοὺς
1256 3000 1386 3069 ’τιτερλ⁷
1420 2998 1598 3052 αὐτῶν
1630 2997 2006 3066 ἀπαγγέλλον-

427 3089 805 3159 τας),ἕφθασε
863 3090 957 3143 καὶ
1007 3081 1143 3160 προς
1169 3091 1260 3142 τὸν
1302 3089 1555 3162 Αῦγαρον
1597 3090 1687 3143 διά
1722 3106 1867 3152 τινος
1895 3088 2004 3143 τῶν

429 3180 597 3233 αὑτοῦ
652 3181 931 3234 δυναστῶν
993 3181 1188 3250 ’Λμδοῦ
1251 3182 1586 3251 καλουμένου
1608 3220 1624 3246 ,
1665 3183 1699 3253 ἠ
1744 3182 1871 3252 περὶ
1907 3182 2005 3246 τῆς

429 3271 691 3341 ὲνδημίας
722 3272 814 3325 τοῦ
848 3273 1148 3326 ἀποστόλου
1172 3274 1409 3344 Χριστοῦ
1437 3273 1597 3341 ἀκοή.
1632 3272 2007 3342 Λογισάμενος

432 3363 527 3417 οῦν
573 3364 776 3428 εὐθέως
826 3366 892 3418 ὲκ
942 3366 1040 3434 τῆς
1091 3365 1523 3436 ὑποικουρούσης
1559 3365 1617 3417 ἐν
1661 3364 1813 3435 αὺτῷ
1854 3362 2008 3416 ἑλπί-

430 3455 543 3521 δος,
575 3455 764 3509 τοῦτον
787 3458 991 3510 ἐκεῖνον
1014 3452 1175 3521 εἶναι,
1206 3458 1266 3509 ὃν
1299 3457 1615 3511 ἀποστεῖλαι
1666 3456 1803 3526 πρὸς
1846 3455 2008 3509 αὐτὸν

432 3548 463 3599 ό
493 3546 696 3617 Ἰησοῦς
715 3548 804 3600 διὰ
827 3550 924 3618 τῆς
950 3549 1167 3619 γραφῆς
1199 3549 1567 3620 ἐπηγγείλατο
1585 3566 1599 3579 ·
1634 3549 1729 3602 καὶ
1756 3549 1886 3619 παρ’
1912 3547 2011 3601 αὑ-

432 3635 530 3689 τοῦ
556 3638 892 3709 τελειότερον
934 3640 1001 3692 τὰ
1032 3641 1163 3708 περὶ
1199 3640 1294 3693 τοῦ
1322 3641 1584 3694 Θαδδαίου
1625 3638 1831 3709 μαθὼν,
1868 3641 2005 3707 ἁγα-

434 3728 555 3795 γεῖν
604 3728 768 3781 αὐτὸν
807 3728 1120 3795 διωρίσατο.
1160 3731 1217 3782 Ὀ
1239 3727 1334 3783 οὖν
1364 3730 1579 3794 Τωϐίας
1610 3730 1802 3794 ἐλθὼν,
1835 3727 2008 3797 ὲγνώ-

439 3835 559 3890 ptes
593 3821 767 3874 ταῦτα
797 3820 876 3889 τῷ
904 3822 1230 3889 Ἀποστόλῳ·
1256 3824 1504 3885 κακεῖνος
1525 3823 1585 3875 ὲν
1610 3823 1840 3890 δυνάμει
1873 3822 2010 3890 πρὸς

437 3909 603 3963 αὐτὸν
632 3910 973 3965 ἀπεστάλθαι
996 3909 1187 3975 εἰπὼν,
1213 3912 1276 3963 τὸ
1306 3912 1432 3980 ἑξῆς
1468 3912 1607 3981 πρὸς
1634 3911 1727 3963 τὸν
1760 3910 2012 3979 Αῦγαρον

438 4002 793 4073 παρεγένετο.
840 4003 930 4055 Ἐν
955 4002 1011 4055 δὲ
1031 4003 1110 4072 τῷ
1144 4003 1358 4073 μέλλειν
1378 4003 1520 4055 κατὰ
1545 4002 1837 4072 πρόσωπον
1863 4001 2013 4070 αὐτῷ

439 4095 858 4164 ἐμφανίζεσθαι,
891 4095 984 4147 ἐπὶ
1029 4093 1125 4147 τοῦ
1168 4094 1297 4147 ἰδίου
1332 4092 1584 4165 μετώπου
1631 4089 1744 4147 οἷον
1773 4093 2013 4159 ἀναστη-

438 4186 619 4249 λὼσας
664 4186 762 4257 τὴν
810 4186 1066 4258 τοιαύτην
1110 4185 1434 4257 ἐμφέρειαν,
1463 4184 1636 4249 οὕτως
1666 4184 1837 4255 εἰσῄει
1879 4184 2017 4255 πρὸς

440 4277 711 4348 Δῦγαρον.
755 4277 813 4330 Ὃ
856 4277 914 4330 δὲ
957 4277 1240 4348 πόρρωθεν
1302 4276 1465 4330 αὑτὸν
1515 4276 1812 4348 προσιόντα
1866 4274 2011 4339 ίδὼν,

442 4372 689 4438 κρεῖττον
738 4369 912 4438 ὄψεως
963 4369 1079 4439 φῶς
1129 4368 1508 4422 ἁκτινοϐολοῦν
1552 4369 1659 4423 ἀπὸ
1706 4369 1805 4436 τῆς
1839 4367 2015 4434 ὂψεως

2151 721 2245 775 XI.
2288 721 2423 776 Cum
2456 720 2709 776 Christus
2734 720 2800 774 ad
2830 729 3059 776 mortem
3093 731 3287 791 sponte
3314 723 3652 779 subeundam

2083 812 2455 884 profecturus,
2492 812 2790 864 humanam
2822 811 2876 865 in
2911 826 2970 866 se
3005 820 3284 878 naturam,
3314 813 3533 868 timoris
3558 830 3625 867 an
3653 844 3660 855 -

2084 905 2263 974 gustia
2305 904 2498 959 mortis
2537 904 2755 967 comite,
2799 904 3106 967 exhiberet,
3158 914 3324 976 atque
3371 906 3423 963 in
3468 922 3658 976 preces

2085 997 2291 1053 eﬂ‘usus
2314 997 2734 1066 esset;quando
2759 997 2921 1051 etiam
2956 999 3309 1067 evangelicus
3343 1014 3524 1055 sermo
3574 1016 3661 1053 su-

2084 1088 2270 1143 dorem
2299 1088 2417 1154 cjus
2445 1088 2592 1141 velut
2622 1094 2805 1157 guttas
2832 1086 3119 1157 sanguinis
3151 1097 3304 1142 notat
3330 1089 3656 1144 deﬂuxisse.

2085 1165 2219 1235 tunc
2246 1182 2398 1235 aiunt
2430 1179 2586 1234 lintei
2615 1180 2907 1236 rescissam
2940 1188 3152 1249 partem
3183 1196 3346 1250 quam
3393 1197 3541 1235 nunc
3583 1182 3665 1234 vi»

2087 1274 2305 1336 demus,
2341 1287 2465 1327 cum
2511 1288 2583 1327 ex
2615 1272 2850 1341 quodam
2884 1271 3285 1343 discipulorum
3332 1275 3661 1341 accepisset.

2089 1364 2362 1418 stillantes
2410 1363 2616 1418 imbres
2663 1378 2727 1417 eo
2775 1362 3103 1419 abstersisse
3150 1378 3163 1414 :
3218 1376 3455 1431 moxque
3499 1376 3663 1430 quam

2090 1456 2266 1509 oculis
2297 1469 2628 1522 usurpamus
2668 1454 2908 1511 divinam
2949 1455 3089 1509 hanc
3121 1455 3411 1525 imaginem
3448 1454 3525 1507 illi
3561 1455 3667 1507 im-

2092 1560 2337 1615 pressam
2373 1546 2670 1600 eIl‘ulsisse.
2714 1545 2920 1616 Pignus
2960 1546 3184 1601 Thema:
3226 1546 3570 1617 depositum;
3606 1559 3670 1597 ac

2094 1639 2146 1691 in
2177 1636 2450 1690 mandatis
2483 1636 2693 1698 datum,
2727 1647 2785 1688 ut
2823 1646 2947 1705 post
2986 1636 3116 1691 Jesu
3162 1639 3217 1690 in
3268 1639 3438 1693 cados
3474 1653 3670 1693 ascen»

2095 1744 2239 1793 sum,
2292 1742 2385 1796 per
2426 1725 2785 1789 'I‘haddaeum,
2830 1740 2940 1795 quo
2994 1726 3074 1780 sic
3125 1727 3328 1795 scripta
3380 1727 3674 1796 promissio

2099 1820 2437 1887 impleretur,
2486 1817 2724 1872 mitteret
2770 1815 2837 1870 ad
2889 1817 3190 1886 Augarum.
3236 1815 3409 1886 Igitur
3453 1816 3683 1870 Christo.

2096 1911 2330 1964 Domino
2374 1911 2428 1964 in
2458 1910 2629 1965 caelos
2672 1916 2915 1980 recepto,
2962 1909 3099 1963 dans
3132 1906 3372 1962 Thomas
3400 1905 3676 1961 Thaddaeo

2094 2017 2203 2057 non
2242 2000 2614 2056 manufactam
2640 1999 2911 2055 Dominici
2946 1998 3133 2053 vultus
3170 1996 3423 2068 eﬂigiem,
3456 1999 3675 2065 Augaro
3734 2044 3743 2053 .

2097 2093 2449 2150 deferendam
2479 2093 2670 2163 jussit.

2172 2271 2289 2329 XII.
2329 2273 2569 2331 Veniens
2598 2274 2784 2342 itaque
2810 2270 3120 2327 Thaddmus
3150 2269 3434 2333 Edessam,
3475 2275 3681 2321 mansnt

2105 2368 2339 2437 primum
2371 2366 2512 2435 apud
2545 2364 2834 2436 quemdam
2860 2364 2981 2434 ejus
3013 2364 3115 2417 luci
3150 2362 3422 2425 Judaeum,
3447 2359 3675 2416 Tobiam

2102 2460 2345 2513 nomine.
2394 2457 2636 2512 Necdum
2686 2471 2809 2511 eum
2864 2455 3055 2524 regqu
3098 2460 3353 2509 conserto
3402 2464 3677 2509 sermone,

2103 2550 2302 2619 quippe
2336 2563 2459 2603 cum
2503 2550 2549 2604 is
2583 2548 2766 2600 animo
2811 2547 3171 2601 constitutum
3223 2544 3475 2606 haberet,
3510 2549 3567 2594 ut
3614 2556 3688 2598 ex

2104 2641 2362 2710 eperibus
2394 2639 2617 2709 Augaro
2646 2638 3054 2701 inuotesceret;
3091 2652 3233 2705 quos
3267 2634 3465 2690 civium
3504 2647 3680 2702 aegro-

2106 2741 2191 2788 tos
2223 2732 2473 2794 offendit,
2509 2738 2755 2785 actutum
2783 2729 2998 2784 curavit
3039 2730 3157 2784 solo
3187 2728 3391 2783 Christi
3425 2726 3681 2779 invocato

2108 2826 2347 2880 nomine.
2396 2824 2665 2889 Quocirca
2718 2822 3199 2891 pererehreseente
3260 2818 3463 2873 Christi
3516 2817 3691 2885 fama,

2110 2921 2185 2974 uti
2224 2918 2444 2986 quidem
2480 2917 2533 2969 in
2567 2915 2771 2969 talibus
2799 2914 2938 2968 solet
2964 2913 3247 2976 accidere;
3281 2926 3371 2965 res
3401 2909 3546 2964 enim
3582 2908 3685 2961 mi-

2110 3008 2311 3062 rabiles
2344 3014 2398 3060 et
2434 3005 2715 3068 inaudita,
2751 3004 2935 3073 plures
2964 3003 3047 3057 sui
3084 3002 3311 3058 nuntios
3344 3001 3584 3063 habent;
3618 2998 3685 3051 att

2035 3122 2079 3179 ο
2113 3098 2387 3167 Augarum
2420 3110 2636 3166 quoque
2675 3110 2772 3163 per
2805 3108 2973 3147 unum
3006 3094 3296 3175 quemdam
3327 3107 3390 3146 ex
3434 3090 3682 3160 proceri-

2113 3191 2236 3251 bus,
2271 3187 2447 3241 Amdu
2495 3187 2733 3249 nomine,
2782 3184 3074 3238 advenisse
3117 3184 3322 3238 Christi
3373 3182 3682 3251 apostolum

2112 3296 2300 3335 rumor
2338 3279 2581 3349 perlatus
2609 3284 2715 3332 cst.
2743 3276 2869 3330 Mox
2900 3275 3107 3345 itaque,
3143 3289 3204 3329 ea
3240 3288 3336 3343 spe
3369 3288 3533 3343 quam
3564 3273 3692 3336 auia,

2111 3386 2201 3425 mo
2235 3370 2437 3432 alebat,
2466 3368 2520 3421 in
2548 3374 2784 3422 mentem
2818 3364 2968 3421 venit
2992 3379 3116 3420 eum
3146 3364 3325 3434 ipsum
3354 3377 3498 3424 esse,
3523 3377 3691 3431 quem

2110 3462 2157 3517 ei
2188 3477 2247 3516 se
2279 3461 2577 3516 missurum
2603 3474 2699 3529 per
2721 3457 2909 3514 literas
2934 3457 3097 3512 Jesus
3122 3455 3493 3526 promisisset,
3516 3455 3687 3527 Igitur

2109 3552 2177 3607 de
2200 3551 2471 3606 Thaddaao
2496 3551 2712 3621 plenius
2743 3551 3085 3615 sciscitatus,
3119 3562 3244 3603 cum
3281 3546 3588 3610 didicisset,
3619 3547 3685 3607 ad

2110 3654 2170 3694 se
2217 3641 2394 3693 virum
2450 3639 2649 3694 adduci
2695 3639 2870 3708 jubet.
2902 3639 3105 3694 Tobias
3149 3639 3400 3703 veniens,
3444 3638 3497 3692 id
3539 3636 3691 3704 quod

2107 3730 2297 3798 jussus
2342 3737 2462 3785 erat
2498 3731 2746 3799 apostolo
2780 3730 3130 3800 signiﬁcavit,
3177 3739 3293 3784 tum
3340 3729 3430 3785 ille
3472 3745 3595 3782 cum
3631 3744 3690 3782 se

2112 3817 2177 3870 ad
2208 3818 2457 3873 illum.in
2494 3819 2700 3872 virtute
2746 3821 2978 3873 missum
3025 3819 3282 3882 dixisset,
3317 3819 3584 3893 postridie
3621 3817 3693 3869 ad

2112 3921 2238 3964 eum
2268 3910 2553 3978 profectus
2592 3916 2696 3963 est.
2731 3908 2918 3977 Itaque
2958 3909 3013 3963 in
3058 3911 3344 3977 procinctu
3379 3917 3440 3961 ut
3473 3922 3531 3962 se
3566 3908 3688 3974 ejus

2114 4013 2299 4055 curam
2335 3999 2512 4055 oculis
2543 4000 2786 4064 sisteret,
2836 4012 2954 4053 eam
3011 3999 3114 4055 sibi
3163 3998 3389 4068 effigiem
3427 3999 3572 4053 velut
3611 3999 3689 4054 si-

2116 4107 2282 4162 gnum
2314 4092 2368 4145 in
2401 4089 2583 4146 fronte
2606 4103 2817 4160 ponens
2844 4099 3009 4161 atque
3032 4088 3272 4158 erigens,
3312 4088 3365 4142 in
3398 4088 3543 4143 hunc
3569 4102 3689 4142 mo-

2116 4185 2246 4239 dum
2277 4182 2344 4238 ad
2372 4190 2650 4253 Augarum
2681 4181 2962 4251 ingressus
2993 4189 3098 4236 est.
3129 4178 3333 4234 Videns
3357 4179 3446 4233 ille
3475 4179 3691 4233 eminus

2115 4276 2445 4338 venientem,
2492 4274 2668 4327 lucem
2719 4271 2822 4327 sibi
2874 4286 2938 4325 ex
2988 4271 3109 4341 ejus
3164 4270 3300 4325 facie
3344 4269 3690 4334 emicantem,

2116 4380 2280 4437 quam
2317 4364 2471 4419 nulla
2514 4363 2597 4419 vis
2647 4362 2930 4417 oculorum
2976 4361 3122 4416 ferre
3162 4368 3346 4430 posset
3384 4358 3694 4426 ejaculante

443 4456 607 4509 αὑτοῦ
681 4456 1038 4524 ἐξαλλόμενον
1089 4456 1267 4509 ἐδόκει
1325 4457 1478 4527 όρᾷν,
1524 4456 1553 4508 δ
1613 4457 1675 4507 τὸ
1724 4454 2003 4525 ἐπικείμε-

2121 4458 2238 4528 ipsa
2265 4458 2461 4527 eIligie,
2494 4470 2717 4511 cernere
2741 4455 2895 4510 visus
2928 4460 3035 4509 est.
3076 4451 3480 4522 Eti‘ulgurantis
3508 4451 3692 4518 itaque

443 4565 533 4601 νον
602 4548 749 4615 ἀφίει
821 4548 1095 4617 ὁμοίωμα.
1129 4548 1293 4601 Ὅθεν
1340 4547 1417 4617 τῷ
1471 4546 1862 4617 ὑπερϐάλλοντι
1916 4546 2016 4615 τῆς

446 4638 866 4709 ἁστραπτούσης
898 4638 1237 4707 λαμπηδόνος
1285 4637 1679 4705 καταπλαγεὶς,
1705 4638 1797 4690 καὶ
1825 4636 2017 4704 ῶσπερ

443 4728 505 4781 ἐν
551 4729 691 4801 λήθῃ
735 4728 843 4782 τῶν
882 4730 1009 4797 περὶ
1035 4729 1198 4781 αὑτὸν
1244 4727 1666 4797 συμπτωμάτων
1700 4727 2015 4795 γενόμενος,

447 4817 542 4871 καὶ
597 4818 697 4885 τῆς
748 4818 1104 4889 πολυχρονίου
1159 4819 1445 4885 παρέσεως
1508 4817 1618 4869 τῶν
1668 4815 1868 4885 μελῶν,
1916 4813 2017 4883 τῆς

447 4908 637 4979 κλίνης
686 4910 897 4980 ἀθρόως
966 4909 1194 4979 ἀνέθορε
1243 4908 1357 4979 (9),
1412 4908 1626 4979 τρέχειν
1689 4906 2019 4971 ἐξεϐιάζετο.

446 5002 627 5056 Tauro
655 5002 826 5065 πάθος
866 5021 960 5056 κα.
986 5003 1123 5072 πρὸς
1163 5002 1407 5071 ῦπαντὴν
1455 5002 1524 5053 τὰ
1557 4999 1863 5069 παρειμένα
1885 4998 2019 5068 μέλη

449 5094 639 5146 παθὼν
690 5095 892 5165 τρόπον
950 5095 1136 5163 ἕτερον
1167 5096 1276 5151 τοῖς
1315 5096 1374 5147 ὲν
1410 5092 1488 5162 τῷ
1534 5092 1650 5162 ὄρει
1698 5090 1892 5161 Θαϐὼρ
1921 5091 2021 5159 τὴν

449 5185 805 5253 ἀστράψασαν
834 5186 1050 5256 μορφὴν
1079 5185 1456 5255 θεασαμένοις.

524 5275 620 5328 II".
646 5277 841 5330 Λαϐὼν
872 5277 1052 5329 τοίνυν
1081 5277 1190 5329 άπὸ
1237 5276 1328 5330 τοῦ
1360 5276 1659 5330 ἀποστόλου
1691 5275 1751 5328 τὸ
1785 5272 2021 5327 τοιοῦτον

450 5367 729 5437 ὁμοίωμα,
770 5369 864 5421 καὶ
895 5368 1208 5437 σεϐασμίως
1238 5368 1373 5420 αὐτὸ
1406 5370 1473 5438 τῇ
1510 5367 1719 5437 κεφαλῇ
1757 5367 2021 5437 περιθεὶς,

452 5458 551 5512 καὶ
577 5462 690 5522 τοῖς
725 5459 953 5529 χείλεσι,
978 5461 1070 5514 καὶ
1104 5461 1224 5513 οὐδὲ
1245 5461 1292 5513 τ’
1321 5460 1455 5514 ἄλλα
1487 5460 1597 5513 τῶν
1634 5459 1729 5512 τοῦ
1773 5459 2024 5529 σώματος

459 5549 641 5619 ,ιερῶν
676 5551 945 5621 nam”;
997 5552 1095 5619 τῆς
1141 5551 1399 5621 τοιαύτης
1434 5551 1850 5621 προσψαύσεως,
1885 5552 2023 5617 ἔγνω

2118 4548 2261 4602 lucis
2298 4545 2631 4617 importabili
2664 4544 2818 4599 radio
2854 4544 3125 4598 attonitus
3161 4557 3226 4596 ac
3260 4550 3507 4611 stupens,
3544 4553 3691 4593 mor-

2118 4637 2285 4705 bique
2313 4651 2543 4691 casuum
2577 4650 2641 4689 ac
2670 4635 2896 4690 diutina:
2934 4635 3305 4689 membrorum
3341 4630 3693 4688 resolutionis

2120 4730 2267 4782 velut
2332 4728 2558 4789 oblitus,
2618 4735 2841 4797 repente
2891 4727 3033 4781 lecto
3093 4740 3384 4788 excussus,
3450 4724 3693 4779 resoluta

2124 4820 2366 4874 membra
2404 4819 2458 4873 in
2494 4832 2787 4873 occursum
2818 4817 2966 4886 cogit
2994 4817 3276 4873 festinare.
3307 4815 3508 4870 Eodem
3546 4815 3702 4868 scili-.

2123 4920 2208 4966 cet
2234 4911 2451 4973 aﬂ‘cctu,
2487 4910 2630 4964 haud
2663 4919 2845 4966 tamen
2871 4911 3061 4966 eadem
3092 4910 3306 4965 ratione
3336 4923 3398 4962 ac
3426 4908 3486 4972 ii,
3518 4908 3611 4976 qui
3639 4906 3693 4959 in

2121 5013 2304 5057 monte
2334 5002 2557 5057 Thabor
2602 5003 2740 5058 lucis
2790 5002 3096 5073 fulgoribus
3130 5002 3426 5056 micantem
3461 4997 3694 5053 formam

2121 5109 2473 5164 conspexere.

2194 5279 2331 5335 XIII.
2373 5281 2608 5350 Accepta
2649 5281 2832 5350 itaque
2868 5280 2938 5335 ah
2974 5280 3225 5350 apostolo
3261 5276 3460 5348 eIIigie,
3503 5291 3567 5331 ac
3600 5290 3694 5329 ve-

2132 5372 2378 5426 nerantis
2405 5374 2587 5441 specie
2622 5372 2784 5443 capiti
2816 5373 3090 5442 imposita,
3124 5372 3409 5439 oculisque
3438 5376 3492 5422 et
3522 5368 3697 5421 maui-

2133 5462 2238 5516 bus
2261 5470 2315 5513 et
2356 5463 2536 5525 labiis,
2573 5476 2637 5515 ac
2673 5463 2924 5531 corporis
2969 5460 3229 5517 membris
3261 5460 3513 5529 reliquis,
3549 5459 3699 5514 nullo

2134 5553 2251 5620 ejus
2306 5553 2549 5606 muneris
2601 5561 2845 5623 experte,
2899 5552 3158 5617 adhibita,
3223 5551 3404 5609 statim
3455 5552 3698 5610 membra

1999 5668 2226 5722 ΝΟΤιιΕ.

525 5750 604 5825 (9)
640 5755 801 5813 Forte
842 5758 993 5814 deest
1027 5760 1135 5813 καί.
