  <div class='ocr_page' id='page_1' title='image "/cluster/home/n/w/nwhite01/storage/ocr_20150623/113/hvd.32044073502270/221.png"; bbox 0 0 4084 6208; ppageno 0'>
   <div class='ocr_carea' id='block_1_1' title="bbox 411 287 520 361">
    <p class='ocr_par' dir='ltr' id='par_1_1' title="bbox 411 287 520 361">
     <span class='ocr_line' id='line_1_1' title="bbox 411 287 520 361; baseline 0.018 -3"><span class='ocrx_word' id='word_1_1' title='bbox 411 287 520 361; x_wconf 72' lang='grc'><strong>435</strong></span> 
     </span>
    </p>
   </div>
   <div class='ocr_carea' id='block_1_2' title="bbox 1398 298 2591 374">
    <p class='ocr_par' dir='ltr' id='par_1_2' title="bbox 1398 298 2591 374">
     <span class='ocr_line' id='line_1_2' title="bbox 1398 298 2591 374; baseline 0.014 -17"><span class='ocrx_word' id='word_1_2' title='bbox 1398 298 1873 363; x_wconf 81' lang='lat' dir='ltr'><strong>CONSTANTIN</strong></span> <span class='ocrx_word' id='word_1_3' title='bbox 1882 304 1908 362; x_wconf 94' lang='grc' dir='ltr'>Ι</span> <span class='ocrx_word' id='word_1_4' title='bbox 1960 304 2209 366; x_wconf 77' lang='lat' dir='ltr'><strong>PORPH</strong></span> <span class='ocrx_word' id='word_1_5' title='bbox 2221 309 2521 372; x_wconf 69' lang='lat' dir='ltr'><strong>YliOGEN</strong></span> <span class='ocrx_word' id='word_1_6' title='bbox 2531 314 2591 374; x_wconf 84' lang='lat' dir='ltr'><strong>l&#39;I</strong></span> 
     </span>
    </p>
   </div>
   <div class='ocr_carea' id='block_1_3' title="bbox 3568 323 3676 391">
    <p class='ocr_par' dir='ltr' id='par_1_3' title="bbox 3568 323 3676 391">
     <span class='ocr_line' id='line_1_3' title="bbox 3568 323 3676 391; baseline 0.028 -3"><span class='ocrx_word' id='word_1_7' title='bbox 3568 323 3676 391; x_wconf 63' lang='lat'><strong>£36</strong></span> 
     </span>
    </p>
   </div>
   <div class='ocr_carea' id='block_1_4' title="bbox 412 398 1983 504">
    <p class='ocr_par' dir='ltr' id='par_1_4' title="bbox 412 398 1983 471">
     <span class='ocr_line' id='line_1_4' title="bbox 412 398 1983 471; baseline 0.008 -21"><span class='ocrx_word' id='word_1_8' title='bbox 412 399 598 452; x_wconf 82' lang='lat' dir='ltr'><strong>omnia</strong></span> <span class='ocrx_word' id='word_1_9' title='bbox 628 398 878 455; x_wconf 85' lang='lat' dir='ltr'><strong>roborari</strong></span> <span class='ocrx_word' id='word_1_10' title='bbox 910 400 1186 471; x_wconf 73' lang='lat' dir='ltr'><strong>cognovit,</strong></span> <span class='ocrx_word' id='word_1_11' title='bbox 1214 414 1279 454; x_wconf 89' lang='lat' dir='ltr'><strong>ac</strong></span> <span class='ocrx_word' id='word_1_12' title='bbox 1313 402 1544 459; x_wconf 85' lang='lat' dir='ltr'><strong>meliore</strong></span> <span class='ocrx_word' id='word_1_13' title='bbox 1575 412 1721 459; x_wconf 88' lang='lat' dir='ltr'><strong>statu</strong></span> <span class='ocrx_word' id='word_1_14' title='bbox 1753 409 1983 463; x_wconf 86' lang='lat' dir='ltr'><strong>mutari:</strong></span> 
     </span>
    </p>
   </div>
   <div class='ocr_carea' id='block_1_5' title="bbox 2088 398 3683 504">
    <p class='ocr_par' dir='ltr' id='par_1_5' title="bbox 2100 417 3683 504">
     <span class='ocr_line' id='line_1_5' title="bbox 2100 417 3683 504; baseline 0.013 -36"><span class='ocrx_word' id='word_1_15' title='bbox 2100 417 2346 486; x_wconf 75' lang='grc' dir='ltr'>παρευθὺ</span> <span class='ocrx_word' id='word_1_16' title='bbox 2372 419 2438 473; x_wconf 80' lang='grc' dir='ltr'>τὰ</span> <span class='ocrx_word' id='word_1_17' title='bbox 2458 420 2595 492; x_wconf 76' lang='grc' dir='ltr'>μέλη</span> <span class='ocrx_word' id='word_1_18' title='bbox 2631 422 2811 476; x_wconf 83' lang='grc' dir='ltr'>πάντα</span> <span class='ocrx_word' id='word_1_19' title='bbox 2842 423 3167 495; x_wconf 78' lang='grc' dir='ltr'><strong>θαυμασίως</strong></span> <span class='ocrx_word' id='word_1_20' title='bbox 3187 427 3683 504; x_wconf 53' lang='lat' dir='ltr'><strong>animam,</strong></span> 
     </span>
    </p>
   </div>
   <div class='ocr_carea' id='block_1_6' title="bbox 413 489 1991 571">
    <p class='ocr_par' dir='ltr' id='par_1_6' title="bbox 413 489 1991 571">
     <span class='ocr_line' id='line_1_6' title="bbox 413 489 1991 571; baseline 0.009 -31"><span class='ocrx_word' id='word_1_21' title='bbox 413 489 668 545; x_wconf 87' lang='lat' dir='ltr'><strong>mundari</strong></span> <span class='ocrx_word' id='word_1_22' title='bbox 703 491 911 559; x_wconf 88' lang='lat' dir='ltr'><strong>lepram</strong></span> <span class='ocrx_word' id='word_1_23' title='bbox 945 507 1009 545; x_wconf 91' lang='lat' dir='ltr'><strong>ac</strong></span> <span class='ocrx_word' id='word_1_24' title='bbox 1041 491 1261 558; x_wconf 85' lang='lat' dir='ltr'><strong>cedere,</strong></span> <span class='ocrx_word' id='word_1_25' title='bbox 1293 496 1514 551; x_wconf 91' lang='lat' dir='ltr'><strong>tametsi</strong></span> <span class='ocrx_word' id='word_1_26' title='bbox 1554 497 1675 568; x_wconf 82' lang='lat' dir='ltr'><strong>ejus</strong></span> <span class='ocrx_word' id='word_1_27' title='bbox 1718 501 1991 571; x_wconf 80' lang='lat' dir='ltr'><strong>quoddam</strong></span> 
     </span>
    </p>
   </div>
   <div class='ocr_carea' id='block_1_7' title="bbox 410 580 1994 650">
    <p class='ocr_par' dir='ltr' id='par_1_7' title="bbox 410 580 1994 650">
     <span class='ocr_line' id='line_1_7' title="bbox 410 580 1994 650; baseline 0.01 -19"><span class='ocrx_word' id='word_1_28' title='bbox 410 581 700 650; x_wconf 72' lang='lat' dir='ltr'><strong>vestigium</strong></span> <span class='ocrx_word' id='word_1_29' title='bbox 752 595 816 635; x_wconf 91' lang='lat' dir='ltr'><strong>ac</strong></span> <span class='ocrx_word' id='word_1_30' title='bbox 865 580 1146 637; x_wconf 90' lang='lat' dir='ltr'><strong>residuum</strong></span> <span class='ocrx_word' id='word_1_31' title='bbox 1194 585 1398 640; x_wconf 90' lang='lat' dir='ltr'><strong>mansit</strong></span> <span class='ocrx_word' id='word_1_32' title='bbox 1447 587 1502 642; x_wconf 90' lang='lat' dir='ltr'><strong>in</strong></span> <span class='ocrx_word' id='word_1_33' title='bbox 1551 587 1752 646; x_wconf 77' lang='lat' dir='ltr'><strong>fronte.</strong></span> <span class='ocrx_word' id='word_1_34' title='bbox 1792 590 1994 647; x_wconf 77' lang='lat' dir='ltr'><strong>Doctus</strong></span> 
     </span>
    </p>
   </div>
   <div class='ocr_carea' id='block_1_8' title="bbox 410 670 1994 751">
    <p class='ocr_par' dir='ltr' id='par_1_8' title="bbox 410 670 1994 751">
     <span class='ocr_line' id='line_1_8' title="bbox 410 670 1994 751; baseline 0.01 -29"><span class='ocrx_word' id='word_1_35' title='bbox 410 670 578 739; x_wconf 81' lang='lat' dir='ltr'><strong>igitur</strong></span> <span class='ocrx_word' id='word_1_36' title='bbox 618 670 686 724; x_wconf 85' lang='lat' dir='ltr'><strong>ab</strong></span> <span class='ocrx_word' id='word_1_37' title='bbox 732 671 984 741; x_wconf 81' lang='lat' dir='ltr'><strong>apostolo</strong></span> <span class='ocrx_word' id='word_1_38' title='bbox 1037 675 1202 744; x_wconf 76' lang='lat' dir='ltr'><strong>paulo</strong></span> <span class='ocrx_word' id='word_1_39' title='bbox 1256 676 1464 739; x_wconf 87' lang='lat' dir='ltr'><strong>clarius</strong></span> <span class='ocrx_word' id='word_1_40' title='bbox 1512 681 1766 751; x_wconf 79' lang='lat' dir='ltr'><strong>veritatis</strong></span> <span class='ocrx_word' id='word_1_41' title='bbox 1797 684 1994 740; x_wconf 86' lang='lat' dir='ltr'><strong>doctri-</strong></span> 
     </span>
    </p>
   </div>
   <div class='ocr_carea' id='block_1_9' title="bbox 410 759 1995 843">
    <p class='ocr_par' dir='ltr' id='par_1_9' title="bbox 410 759 1995 843">
     <span class='ocr_line' id='line_1_9' title="bbox 410 759 1995 843; baseline 0.013 -31"><span class='ocrx_word' id='word_1_42' title='bbox 410 776 561 823; x_wconf 87' lang='lat' dir='ltr'><strong>nam,</strong></span> <span class='ocrx_word' id='word_1_43' title='bbox 596 759 773 831; x_wconf 82' lang='lat' dir='ltr'><strong>deque</strong></span> <span class='ocrx_word' id='word_1_44' title='bbox 807 761 1068 821; x_wconf 85' lang='lat' dir='ltr'><strong>inauditis</strong></span> <span class='ocrx_word' id='word_1_45' title='bbox 1105 766 1309 823; x_wconf 83' lang='lat' dir='ltr'><strong>Christi</strong></span> <span class='ocrx_word' id='word_1_46' title='bbox 1352 770 1657 837; x_wconf 83' lang='lat' dir='ltr'><strong>miraculis,</strong></span> <span class='ocrx_word' id='word_1_47' title='bbox 1684 773 1995 843; x_wconf 87' lang='lat' dir='ltr'><strong>divinisque</strong></span> 
     </span>
    </p>
   </div>
   <div class='ocr_carea' id='block_1_10' title="bbox 408 852 1992 927">
    <p class='ocr_par' dir='ltr' id='par_1_10' title="bbox 408 852 1992 927">
     <span class='ocr_line' id='line_1_10' title="bbox 408 852 1992 927; baseline 0.011 -24"><span class='ocrx_word' id='word_1_48' title='bbox 408 852 785 920; x_wconf 83' lang='lat' dir='ltr'><strong>passionibns,</strong></span> <span class='ocrx_word' id='word_1_49' title='bbox 821 867 876 910; x_wconf 85' lang='lat' dir='ltr'><strong>et</strong></span> <span class='ocrx_word' id='word_1_50' title='bbox 906 857 1210 927; x_wconf 86' lang='lat' dir='ltr'><strong>sepultura,</strong></span> <span class='ocrx_word' id='word_1_51' title='bbox 1242 867 1295 915; x_wconf 87' lang='lat' dir='ltr'><strong>et</strong></span> <span class='ocrx_word' id='word_1_52' title='bbox 1332 864 1741 919; x_wconf 89' lang='lat' dir='ltr'><strong>resurrectione</strong></span> <span class='ocrx_word' id='word_1_53' title='bbox 1776 880 1805 919; x_wconf 88' lang='lat' dir='ltr'><strong>a</strong></span> <span class='ocrx_word' id='word_1_54' title='bbox 1843 881 1992 921; x_wconf 79' lang='lat' dir='ltr'><strong>mor—</strong></span> 
     </span>
    </p>
   </div>
   <div class='ocr_carea' id='block_1_11' title="bbox 409 945 1994 1024">
    <p class='ocr_par' dir='ltr' id='par_1_11' title="bbox 409 945 1994 1024">
     <span class='ocr_line' id='line_1_11' title="bbox 409 945 1994 1024; baseline 0.011 -28"><span class='ocrx_word' id='word_1_55' title='bbox 409 945 540 1012; x_wconf 90' lang='lat' dir='ltr'><strong>tuis,</strong></span> <span class='ocrx_word' id='word_1_56' title='bbox 598 958 763 1017; x_wconf 85' lang='lat' dir='ltr'><strong>atque</strong></span> <span class='ocrx_word' id='word_1_57' title='bbox 815 950 865 1003; x_wconf 90' lang='lat' dir='ltr'><strong>in</strong></span> <span class='ocrx_word' id='word_1_58' title='bbox 916 951 1089 1008; x_wconf 65' lang='lat' dir='ltr'><strong>caelos</strong></span> <span class='ocrx_word' id='word_1_59' title='bbox 1137 952 1452 1023; x_wconf 84' lang='lat' dir='ltr'><strong>receptione</strong></span> <span class='ocrx_word' id='word_1_60' title='bbox 1506 956 1821 1024; x_wconf 85' lang='lat' dir='ltr'><strong>institutus;</strong></span> <span class='ocrx_word' id='word_1_61' title='bbox 1869 975 1994 1014; x_wconf 89' lang='lat' dir='ltr'><strong>cum</strong></span> 
     </span>
    </p>
   </div>
   <div class='ocr_carea' id='block_1_12' title="bbox 350 1036 1993 1117">
    <p class='ocr_par' dir='ltr' id='par_1_12' title="bbox 350 1036 1993 1117">
     <span class='ocr_line' id='line_1_12' title="bbox 350 1036 1993 1117; baseline 0.011 -29"><span class='ocrx_word' id='word_1_62' title='bbox 350 1064 353 1065; x_wconf 53' lang='grc' dir='ltr'><strong>ν</strong></span> <span class='ocrx_word' id='word_1_63' title='bbox 405 1036 578 1092; x_wconf 84' lang='lat' dir='ltr'><strong>Deum</strong></span> <span class='ocrx_word' id='word_1_64' title='bbox 622 1055 813 1095; x_wconf 89' lang='lat' dir='ltr'><strong>verum</strong></span> <span class='ocrx_word' id='word_1_65' title='bbox 841 1041 1119 1099; x_wconf 89' lang='lat' dir='ltr'><strong>Christum</strong></span> <span class='ocrx_word' id='word_1_66' title='bbox 1162 1044 1453 1106; x_wconf 79' lang='lat' dir='ltr'><strong>confessus</strong></span> <span class='ocrx_word' id='word_1_67' title='bbox 1497 1059 1665 1117; x_wconf 82' lang='lat' dir='ltr'><strong>esset,</strong></span> <span class='ocrx_word' id='word_1_68' title='bbox 1710 1050 1776 1105; x_wconf 89' lang='lat' dir='ltr'><strong>de</strong></span> <span class='ocrx_word' id='word_1_69' title='bbox 1819 1050 1993 1111; x_wconf 70' lang='lat' dir='ltr'><strong>forma</strong></span> 
     </span>
    </p>
   </div>
   <div class='ocr_carea' id='block_1_13' title="bbox 404 1131 1993 1211">
    <p class='ocr_par' dir='ltr' id='par_1_13' title="bbox 404 1131 1993 1211">
     <span class='ocr_line' id='line_1_13' title="bbox 404 1131 1993 1211; baseline 0.01 -27"><span class='ocrx_word' id='word_1_70' title='bbox 404 1131 578 1189; x_wconf 90' lang='lat' dir='ltr'><strong>linteo</strong></span> <span class='ocrx_word' id='word_1_71' title='bbox 623 1148 884 1205; x_wconf 84' lang='lat' dir='ltr'><strong>expressa</strong></span> <span class='ocrx_word' id='word_1_72' title='bbox 932 1136 1360 1207; x_wconf 82' lang='lat' dir='ltr'><strong>sciscitabatur;</strong></span> <span class='ocrx_word' id='word_1_73' title='bbox 1409 1142 1554 1211; x_wconf 89' lang='lat' dir='ltr'><strong>quod</strong></span> <span class='ocrx_word' id='word_1_74' title='bbox 1613 1143 1875 1199; x_wconf 86' lang='lat' dir='ltr'><strong>nimirum</strong></span> <span class='ocrx_word' id='word_1_75' title='bbox 1929 1160 1993 1205; x_wconf 87' lang='lat' dir='ltr'><strong>ea</strong></span> 
     </span>
    </p>
   </div>
   <div class='ocr_carea' id='block_1_14' title="bbox 404 1223 1994 1299">
    <p class='ocr_par' dir='ltr' id='par_1_14' title="bbox 404 1223 1994 1299">
     <span class='ocr_line' id='line_1_14' title="bbox 404 1223 1994 1299; baseline 0.009 -22"><span class='ocrx_word' id='word_1_76' title='bbox 404 1223 726 1295; x_wconf 83' lang='lat' dir='ltr'><strong>diligentius</strong></span> <span class='ocrx_word' id='word_1_77' title='bbox 777 1229 1051 1299; x_wconf 87' lang='lat' dir='ltr'><strong>inspecta,</strong></span> <span class='ocrx_word' id='word_1_78' title='bbox 1083 1229 1248 1286; x_wconf 88' lang='lat' dir='ltr'><strong>nullis</strong></span> <span class='ocrx_word' id='word_1_79' title='bbox 1292 1234 1526 1288; x_wconf 86' lang='lat' dir='ltr'><strong>terrenis</strong></span> <span class='ocrx_word' id='word_1_80' title='bbox 1559 1232 1852 1291; x_wconf 81' lang='lat' dir='ltr'><strong>conﬂatam</strong></span> <span class='ocrx_word' id='word_1_81' title='bbox 1902 1251 1994 1292; x_wconf 90' lang='lat' dir='ltr'><strong>co-</strong></span> 
     </span>
    </p>
   </div>
   <div class='ocr_carea' id='block_1_15' title="bbox 405 1314 1992 1407">
    <p class='ocr_par' dir='ltr' id='par_1_15' title="bbox 405 1314 1992 1407">
     <span class='ocr_line' id='line_1_15' title="bbox 405 1314 1992 1407; baseline 0.01 -40"><span class='ocrx_word' id='word_1_82' title='bbox 405 1314 620 1373; x_wconf 89' lang='lat' dir='ltr'><strong>loribus</strong></span> <span class='ocrx_word' id='word_1_83' title='bbox 637 1328 995 1390; x_wconf 78' lang='lat' dir='ltr'><strong>cognoverat,</strong></span> <span class='ocrx_word' id='word_1_84' title='bbox 1012 1320 1242 1393; x_wconf 86' lang='lat' dir='ltr'><strong>ejusque</strong></span> <span class='ocrx_word' id='word_1_85' title='bbox 1263 1324 1521 1396; x_wconf 78' lang='lat' dir='ltr'><strong>stupebat</strong></span> <span class='ocrx_word' id='word_1_86' title='bbox 1547 1327 1825 1407; x_wconf 57' lang='lat' dir='ltr'><strong>virtutem,</strong></span> <span class='ocrx_word' id='word_1_87' title='bbox 1846 1329 1992 1399; x_wconf 86' lang='lat' dir='ltr'><strong>quod</strong></span> 
     </span>
    </p>
   </div>
   <div class='ocr_carea' id='block_1_16' title="bbox 406 1407 1992 1491">
    <p class='ocr_par' dir='ltr' id='par_1_16' title="bbox 406 1407 1992 1491">
     <span class='ocr_line' id='line_1_16' title="bbox 406 1407 1992 1491; baseline 0.008 -30"><span class='ocrx_word' id='word_1_88' title='bbox 406 1407 488 1461; x_wconf 92' lang='lat' dir='ltr'><strong>sic</strong></span> <span class='ocrx_word' id='word_1_89' title='bbox 515 1409 707 1478; x_wconf 84' lang='lat' dir='ltr'><strong>grandi</strong></span> <span class='ocrx_word' id='word_1_90' title='bbox 746 1410 1017 1471; x_wconf 86' lang='lat' dir='ltr'><strong>miraculo</strong></span> <span class='ocrx_word' id='word_1_91' title='bbox 1052 1428 1115 1469; x_wconf 88' lang='lat' dir='ltr'><strong>ac</strong></span> <span class='ocrx_word' id='word_1_92' title='bbox 1163 1415 1405 1483; x_wconf 83' lang='lat' dir='ltr'><strong>insolito,</strong></span> <span class='ocrx_word' id='word_1_93' title='bbox 1454 1419 1656 1474; x_wconf 89' lang='lat' dir='ltr'><strong>lectulo</strong></span> <span class='ocrx_word' id='word_1_94' title='bbox 1688 1421 1992 1491; x_wconf 82' lang='lat' dir='ltr'><strong>exsilierat,</strong></span> 
     </span>
    </p>
   </div>
   <div class='ocr_carea' id='block_1_17' title="bbox 404 1503 1990 1581">
    <p class='ocr_par' dir='ltr' id='par_1_17' title="bbox 404 1503 1990 1581">
     <span class='ocr_line' id='line_1_17' title="bbox 404 1503 1990 1581; baseline 0.011 -27"><span class='ocrx_word' id='word_1_95' title='bbox 404 1514 470 1555; x_wconf 90' lang='lat' dir='ltr'><strong>ac</strong></span> <span class='ocrx_word' id='word_1_96' title='bbox 505 1503 769 1558; x_wconf 90' lang='lat' dir='ltr'><strong>incolumi</strong></span> <span class='ocrx_word' id='word_1_97' title='bbox 801 1504 1040 1560; x_wconf 83' lang='lat' dir='ltr'><strong>sanitate</strong></span> <span class='ocrx_word' id='word_1_98' title='bbox 1078 1506 1369 1581; x_wconf 80' lang='lat' dir='ltr'><strong>gaudebat.</strong></span> <span class='ocrx_word' id='word_1_99' title='bbox 1405 1510 1484 1564; x_wconf 83' lang='lat' dir='ltr'><strong>Ad</strong></span> <span class='ocrx_word' id='word_1_100' title='bbox 1522 1510 1638 1565; x_wconf 66' lang='lat' dir='ltr'><strong>haec</strong></span> <span class='ocrx_word' id='word_1_101' title='bbox 1661 1509 1990 1580; x_wconf 71' lang='lat' dir='ltr'><strong>Thaddaeus,</strong></span> 
     </span>
    </p>
   </div>
   <div class='ocr_carea' id='block_1_18' title="bbox 404 1592 1991 1675">
    <p class='ocr_par' dir='ltr' id='par_1_18' title="bbox 404 1592 1991 1675">
     <span class='ocr_line' id='line_1_18' title="bbox 404 1592 1991 1675; baseline 0.011 -30"><span class='ocrx_word' id='word_1_102' title='bbox 404 1592 599 1650; x_wconf 88' lang='lat' dir='ltr'><strong>mortis</strong></span> <span class='ocrx_word' id='word_1_103' title='bbox 638 1594 889 1651; x_wconf 87' lang='lat' dir='ltr'><strong>timorem</strong></span> <span class='ocrx_word' id='word_1_104' title='bbox 932 1605 987 1651; x_wconf 86' lang='lat' dir='ltr'><strong>et</strong></span> <span class='ocrx_word' id='word_1_105' title='bbox 1022 1600 1307 1668; x_wconf 84' lang='lat' dir='ltr'><strong>angustias</strong></span> <span class='ocrx_word' id='word_1_106' title='bbox 1338 1601 1641 1669; x_wconf 84' lang='lat' dir='ltr'><strong>declarare,</strong></span> <span class='ocrx_word' id='word_1_107' title='bbox 1684 1620 1865 1675; x_wconf 69' lang='lat' dir='ltr'><strong>esque</strong></span> <span class='ocrx_word' id='word_1_108' title='bbox 1895 1623 1991 1662; x_wconf 91' lang='lat' dir='ltr'><strong>sn-</strong></span> 
     </span>
    </p>
   </div>
   <div class='ocr_carea' id='block_1_19' title="bbox 2102 509 3687 593">
    <p class='ocr_par' dir='ltr' id='par_1_19' title="bbox 2102 509 3687 593">
     <span class='ocr_line' id='line_1_19' title="bbox 2102 509 3687 593; baseline 0.013 -34"><span class='ocrx_word' id='word_1_109' title='bbox 2102 510 2197 561; x_wconf 80' lang='grc' dir='ltr'>καὶ</span> <span class='ocrx_word' id='word_1_110' title='bbox 2222 509 2322 581; x_wconf 77' lang='grc' dir='ltr'>τὴν</span> <span class='ocrx_word' id='word_1_111' title='bbox 2352 515 2431 576; x_wconf 83' lang='grc' dir='ltr'><strong>είς</strong></span> <span class='ocrx_word' id='word_1_112' title='bbox 2457 513 2520 566; x_wconf 84' lang='grc' dir='ltr'>τὸ</span> <span class='ocrx_word' id='word_1_113' title='bbox 2541 514 2791 585; x_wconf 77' lang='grc' dir='ltr'>κρεῖττον</span> <span class='ocrx_word' id='word_1_114' title='bbox 2827 516 3137 590; x_wconf 74' lang='grc' dir='ltr'>μεταϐολὴν</span> <span class='ocrx_word' id='word_1_115' title='bbox 3169 520 3544 593; x_wconf 83' lang='grc' dir='ltr'>είσδεχόμενα.</span> <span class='ocrx_word' id='word_1_116' title='bbox 3573 526 3687 582; x_wconf 85' lang='grc' dir='ltr'>Καὶ</span> 
     </span>
    </p>
   </div>
   <div class='ocr_carea' id='block_1_20' title="bbox 2098 599 3685 683">
    <p class='ocr_par' dir='ltr' id='par_1_20' title="bbox 2098 599 3685 683">
     <span class='ocr_line' id='line_1_20' title="bbox 2098 599 3685 683; baseline 0.013 -31"><span class='ocrx_word' id='word_1_117' title='bbox 2098 599 2199 670; x_wconf 78' lang='grc' dir='ltr'>τὴν</span> <span class='ocrx_word' id='word_1_118' title='bbox 2229 601 2437 672; x_wconf 80' lang='grc' dir='ltr'>λέπραν</span> <span class='ocrx_word' id='word_1_119' title='bbox 2478 604 2953 679; x_wconf 77' lang='grc' dir='ltr'><strong>ἐκκαθαιρομένην</strong></span> <span class='ocrx_word' id='word_1_120' title='bbox 3003 610 3099 664; x_wconf 79' lang='grc' dir='ltr'><strong>καὶ</strong></span> <span class='ocrx_word' id='word_1_121' title='bbox 3143 610 3588 683; x_wconf 72' lang='grc' dir='ltr'>άποφεύγουσαν,</span> <span class='ocrx_word' id='word_1_122' title='bbox 3635 622 3685 673; x_wconf 81' lang='grc' dir='ltr'><strong>εί</strong></span> 
     </span>
    </p>
   </div>
   <div class='ocr_carea' id='block_1_21' title="bbox 2100 692 3684 778">
    <p class='ocr_par' dir='ltr' id='par_1_21' title="bbox 2100 692 3684 778">
     <span class='ocr_line' id='line_1_21' title="bbox 2100 692 3684 778; baseline 0.011 -32"><span class='ocrx_word' id='word_1_123' title='bbox 2100 693 2195 751; x_wconf 78' lang='grc' dir='ltr'>καὶ</span> <span class='ocrx_word' id='word_1_124' title='bbox 2248 692 2330 746; x_wconf 77' lang='grc' dir='ltr'><strong>ἐτι</strong></span> <span class='ocrx_word' id='word_1_125' title='bbox 2355 696 2413 748; x_wconf 73' lang='grc' dir='ltr'>ἐν</span> <span class='ocrx_word' id='word_1_126' title='bbox 2446 694 2524 766; x_wconf 85' lang='grc' dir='ltr'><strong>τῷ</strong></span> <span class='ocrx_word' id='word_1_127' title='bbox 2576 695 2815 769; x_wconf 82' lang='grc' dir='ltr'><strong>μετώπῳ</strong></span> <span class='ocrx_word' id='word_1_128' title='bbox 2838 698 3093 769; x_wconf 76' lang='grc' dir='ltr'>λείψανόν</span> <span class='ocrx_word' id='word_1_129' title='bbox 3134 718 3187 755; x_wconf 85' lang='grc' dir='ltr'><strong>τι</strong></span> <span class='ocrx_word' id='word_1_130' title='bbox 3227 704 3435 775; x_wconf 74' lang='grc' dir='ltr'>ταύτης</span> <span class='ocrx_word' id='word_1_131' title='bbox 3487 709 3684 778; x_wconf 71' lang='grc' dir='ltr'>μικρὸν</span> 
     </span>
    </p>
   </div>
   <div class='ocr_carea' id='block_1_22' title="bbox 2100 781 3683 867">
    <p class='ocr_par' dir='ltr' id='par_1_22' title="bbox 2100 781 3683 867">
     <span class='ocr_line' id='line_1_22' title="bbox 2100 781 3683 867; baseline 0.011 -32"><span class='ocrx_word' id='word_1_132' title='bbox 2100 781 2442 840; x_wconf 78' lang='grc' dir='ltr'>ὑπελείπετο.</span> <span class='ocrx_word' id='word_1_133' title='bbox 2490 785 2773 857; x_wconf 79' lang='grc' dir='ltr'>Διδαχθεὶς</span> <span class='ocrx_word' id='word_1_134' title='bbox 2825 787 2924 844; x_wconf 75' lang='grc' dir='ltr'>οὖν</span> <span class='ocrx_word' id='word_1_135' title='bbox 2958 789 3051 845; x_wconf 79' lang='grc' dir='ltr'>τὸν</span> <span class='ocrx_word' id='word_1_136' title='bbox 3095 793 3193 863; x_wconf 78' lang='grc' dir='ltr'>τῆς</span> <span class='ocrx_word' id='word_1_137' title='bbox 3220 794 3482 864; x_wconf 78' lang='grc' dir='ltr'><strong>ἀληθείας</strong></span> <span class='ocrx_word' id='word_1_138' title='bbox 3527 797 3683 867; x_wconf 86' lang='grc' dir='ltr'>λόγον</span> 
     </span>
    </p>
   </div>
   <div class='ocr_carea' id='block_1_23' title="bbox 2096 874 3682 959">
    <p class='ocr_par' dir='ltr' id='par_1_23' title="bbox 2096 874 3682 959">
     <span class='ocr_line' id='line_1_23' title="bbox 2096 874 3682 959; baseline 0.011 -32"><span class='ocrx_word' id='word_1_139' title='bbox 2096 874 2219 928; x_wconf 85' lang='grc' dir='ltr'>τότε</span> <span class='ocrx_word' id='word_1_140' title='bbox 2247 875 2382 946; x_wconf 77' lang='grc' dir='ltr'>πρὸς</span> <span class='ocrx_word' id='word_1_141' title='bbox 2415 877 2513 930; x_wconf 78' lang='grc' dir='ltr'><strong>τοῦ</strong></span> <span class='ocrx_word' id='word_1_142' title='bbox 2553 879 2880 935; x_wconf 75' lang='grc' dir='ltr'>’Δποστόλου</span> <span class='ocrx_word' id='word_1_143' title='bbox 2903 883 3250 957; x_wconf 84' lang='grc' dir='ltr'><strong>τρανότερον,</strong></span> <span class='ocrx_word' id='word_1_144' title='bbox 3285 888 3381 942; x_wconf 68' lang='grc' dir='ltr'><strong>καὶ</strong></span> <span class='ocrx_word' id='word_1_145' title='bbox 3415 890 3544 959; x_wconf 80' lang='grc' dir='ltr'>περὶ</span> <span class='ocrx_word' id='word_1_146' title='bbox 3573 892 3682 945; x_wconf 88' lang='grc' dir='ltr'><strong>τῶν</strong></span> 
     </span>
    </p>
   </div>
   <div class='ocr_carea' id='block_1_24' title="bbox 2097 964 3684 1042">
    <p class='ocr_par' dir='ltr' id='par_1_24' title="bbox 2097 964 3684 1042">
     <span class='ocr_line' id='line_1_24' title="bbox 2097 964 3684 1042; baseline 0.011 -24"><span class='ocrx_word' id='word_1_147' title='bbox 2097 964 2416 1039; x_wconf 79' lang='grc' dir='ltr'>παραδόξων</span> <span class='ocrx_word' id='word_1_148' title='bbox 2450 967 2545 1019; x_wconf 81' lang='grc' dir='ltr'>τοῦ</span> <span class='ocrx_word' id='word_1_149' title='bbox 2597 968 2837 1039; x_wconf 82' lang='grc' dir='ltr'>Χριστοῦ</span> <span class='ocrx_word' id='word_1_150' title='bbox 2888 971 3206 1042; x_wconf 83' lang='grc' dir='ltr'>θαυμάτων,</span> <span class='ocrx_word' id='word_1_151' title='bbox 3247 977 3355 1030; x_wconf 88' lang='grc' dir='ltr'><strong>τῶν</strong></span> <span class='ocrx_word' id='word_1_152' title='bbox 3396 979 3495 1032; x_wconf 81' lang='grc' dir='ltr'>καὶ</span> <span class='ocrx_word' id='word_1_153' title='bbox 3522 980 3684 1037; x_wconf 88' lang='grc' dir='ltr'>θείων</span> 
     </span>
    </p>
   </div>
   <div class='ocr_carea' id='block_1_25' title="bbox 2097 1057 3677 1138">
    <p class='ocr_par' dir='ltr' id='par_1_25' title="bbox 2097 1057 3677 1138">
     <span class='ocr_line' id='line_1_25' title="bbox 2097 1057 3677 1138; baseline 0.009 -28"><span class='ocrx_word' id='word_1_154' title='bbox 2097 1058 2305 1121; x_wconf 75' lang='grc' dir='ltr'>παθῶν,</span> <span class='ocrx_word' id='word_1_155' title='bbox 2340 1057 2436 1112; x_wconf 77' lang='grc' dir='ltr'>καὶ</span> <span class='ocrx_word' id='word_1_156' title='bbox 2469 1060 2668 1131; x_wconf 83' lang='grc' dir='ltr'>ταφῆς,</span> <span class='ocrx_word' id='word_1_157' title='bbox 2696 1063 2791 1116; x_wconf 82' lang='grc' dir='ltr'>καὶ</span> <span class='ocrx_word' id='word_1_158' title='bbox 2823 1062 2922 1132; x_wconf 75' lang='grc' dir='ltr'>τῆς</span> <span class='ocrx_word' id='word_1_159' title='bbox 2951 1064 3016 1117; x_wconf 82' lang='grc' dir='ltr'>ἐκ</span> <span class='ocrx_word' id='word_1_160' title='bbox 3045 1066 3256 1136; x_wconf 85' lang='grc' dir='ltr'>νεκρῶν</span> <span class='ocrx_word' id='word_1_161' title='bbox 3302 1069 3677 1138; x_wconf 82' lang='grc' dir='ltr'>ἀναστάσεως,</span> 
     </span>
    </p>
   </div>
   <div class='ocr_carea' id='block_1_26' title="bbox 2098 1149 3681 1234">
    <p class='ocr_par' dir='ltr' id='par_1_26' title="bbox 2098 1149 3681 1234">
     <span class='ocr_line' id='line_1_26' title="bbox 2098 1149 3681 1234; baseline 0.009 -32"><span class='ocrx_word' id='word_1_162' title='bbox 2098 1149 2193 1202; x_wconf 75' lang='grc' dir='ltr'>καὶ</span> <span class='ocrx_word' id='word_1_163' title='bbox 2241 1150 2339 1219; x_wconf 81' lang='grc' dir='ltr'>τῆς</span> <span class='ocrx_word' id='word_1_164' title='bbox 2383 1152 2463 1214; x_wconf 83' lang='grc' dir='ltr'><strong>εἰς</strong></span> <span class='ocrx_word' id='word_1_165' title='bbox 2496 1152 2760 1221; x_wconf 78' lang='grc' dir='ltr'>οὐρανοὺς</span> <span class='ocrx_word' id='word_1_166' title='bbox 2798 1154 3125 1225; x_wconf 72' lang='grc' dir='ltr'>ἀναλήψεως</span> <span class='ocrx_word' id='word_1_167' title='bbox 3148 1173 3162 1188; x_wconf 91' lang='grc'><strong>·</strong></span> <span class='ocrx_word' id='word_1_168' title='bbox 3197 1160 3294 1212; x_wconf 69' lang='grc' dir='ltr'>καὶ</span> <span class='ocrx_word' id='word_1_169' title='bbox 3335 1159 3681 1234; x_wconf 81' lang='grc' dir='ltr'>ὁμολογήσας</span> 
     </span>
    </p>
   </div>
   <div class='ocr_carea' id='block_1_27' title="bbox 2095 1240 3679 1322">
    <p class='ocr_par' dir='ltr' id='par_1_27' title="bbox 2095 1240 3679 1322">
     <span class='ocr_line' id='line_1_27' title="bbox 2095 1240 3679 1322; baseline 0.008 -29"><span class='ocrx_word' id='word_1_170' title='bbox 2095 1240 2272 1313; x_wconf 78' lang='grc' dir='ltr'>ἀληθῆ</span> <span class='ocrx_word' id='word_1_171' title='bbox 2304 1242 2436 1295; x_wconf 66' lang='grc' dir='ltr'>θεὸν</span> <span class='ocrx_word' id='word_1_172' title='bbox 2462 1243 2554 1298; x_wconf 71' lang='grc' dir='ltr'>τὸν</span> <span class='ocrx_word' id='word_1_173' title='bbox 2582 1244 2837 1315; x_wconf 76' lang='grc' dir='ltr'>Χριστὸν,</span> <span class='ocrx_word' id='word_1_174' title='bbox 2870 1248 3000 1317; x_wconf 73' lang='grc' dir='ltr'>περὶ</span> <span class='ocrx_word' id='word_1_175' title='bbox 3023 1247 3122 1318; x_wconf 80' lang='grc' dir='ltr'>τῆς</span> <span class='ocrx_word' id='word_1_176' title='bbox 3149 1249 3211 1302; x_wconf 80' lang='grc' dir='ltr'>ὲν</span> <span class='ocrx_word' id='word_1_177' title='bbox 3236 1248 3394 1322; x_wconf 79' lang='grc' dir='ltr'>ὀθόνῃ</span> <span class='ocrx_word' id='word_1_178' title='bbox 3425 1252 3679 1305; x_wconf 78' lang='grc' dir='ltr'>ἐκτυπώ-</span> 
     </span>
    </p>
   </div>
   <div class='ocr_carea' id='block_1_28' title="bbox 2098 1333 3679 1413">
    <p class='ocr_par' dir='ltr' id='par_1_28' title="bbox 2098 1333 3679 1413">
     <span class='ocr_line' id='line_1_28' title="bbox 2098 1333 3679 1413; baseline 0.008 -29"><span class='ocrx_word' id='word_1_179' title='bbox 2098 1349 2235 1395; x_wconf 85' lang='grc' dir='ltr'>σεως</span> <span class='ocrx_word' id='word_1_180' title='bbox 2264 1333 2362 1402; x_wconf 79' lang='grc' dir='ltr'>τῆς</span> <span class='ocrx_word' id='word_1_181' title='bbox 2394 1334 2608 1405; x_wconf 81' lang='grc' dir='ltr'>μορφῆς</span> <span class='ocrx_word' id='word_1_182' title='bbox 2637 1334 2995 1401; x_wconf 70' lang='grc' dir='ltr'>ἐπυνθάνετο,</span> <span class='ocrx_word' id='word_1_183' title='bbox 3025 1338 3257 1411; x_wconf 78' lang='grc' dir='ltr'>ἐπείπερ</span> <span class='ocrx_word' id='word_1_184' title='bbox 3283 1341 3477 1413; x_wconf 75' lang='grc' dir='ltr'>αὐτὴν,</span> <span class='ocrx_word' id='word_1_185' title='bbox 3513 1343 3679 1413; x_wconf 61' lang='grc' dir='ltr'>ἀκριέ</span> 
     </span>
    </p>
   </div>
   <div class='ocr_carea' id='block_1_29' title="bbox 2096 1424 3677 1503">
    <p class='ocr_par' dir='ltr' id='par_1_29' title="bbox 2096 1424 3677 1503">
     <span class='ocr_line' id='line_1_29' title="bbox 2096 1424 3677 1503; baseline 0.008 -27"><span class='ocrx_word' id='word_1_186' title='bbox 2096 1424 2358 1496; x_wconf 77' lang='grc' dir='ltr'>ὅέστερον</span> <span class='ocrx_word' id='word_1_187' title='bbox 2405 1425 2659 1494; x_wconf 77' lang='grc' dir='ltr'>ἐπιστὰς,</span> <span class='ocrx_word' id='word_1_188' title='bbox 2688 1427 3060 1496; x_wconf 78' lang='grc' dir='ltr'>ἐπεγίνωσκεν</span> <span class='ocrx_word' id='word_1_189' title='bbox 3107 1431 3167 1483; x_wconf 78' lang='grc' dir='ltr'>οὐ</span> <span class='ocrx_word' id='word_1_190' title='bbox 3228 1431 3318 1485; x_wconf 85' lang='grc' dir='ltr'><strong>διὰ</strong></span> <span class='ocrx_word' id='word_1_191' title='bbox 3368 1434 3677 1503; x_wconf 82' lang='grc' dir='ltr'>χρωμάτων</span> 
     </span>
    </p>
   </div>
   <div class='ocr_carea' id='block_1_30' title="bbox 2098 1517 3676 1598">
    <p class='ocr_par' dir='ltr' id='par_1_30' title="bbox 2098 1517 3676 1598">
     <span class='ocr_line' id='line_1_30' title="bbox 2098 1517 3676 1598; baseline 0.006 -27"><span class='ocrx_word' id='word_1_192' title='bbox 2098 1517 2298 1571; x_wconf 84' lang='grc' dir='ltr'>ὑλικῶν</span> <span class='ocrx_word' id='word_1_193' title='bbox 2327 1518 2427 1590; x_wconf 76' lang='grc' dir='ltr'>τὴν</span> <span class='ocrx_word' id='word_1_194' title='bbox 2462 1519 2724 1575; x_wconf 85' lang='grc' dir='ltr'>σύστασιν</span> <span class='ocrx_word' id='word_1_195' title='bbox 2746 1520 2997 1592; x_wconf 76' lang='grc' dir='ltr'>ἔχουσαν,</span> <span class='ocrx_word' id='word_1_196' title='bbox 3023 1523 3115 1577; x_wconf 79' lang='grc' dir='ltr'>καὶ</span> <span class='ocrx_word' id='word_1_197' title='bbox 3145 1522 3243 1594; x_wconf 84' lang='grc' dir='ltr'>τὴν</span> <span class='ocrx_word' id='word_1_198' title='bbox 3274 1527 3333 1579; x_wconf 67' lang='grc' dir='ltr'>ἐν</span> <span class='ocrx_word' id='word_1_199' title='bbox 3355 1527 3498 1598; x_wconf 79' lang='grc' dir='ltr'>αὐτῇ</span> <span class='ocrx_word' id='word_1_200' title='bbox 3539 1544 3676 1580; x_wconf 84' lang='grc' dir='ltr'>κατ-</span> 
     </span>
    </p>
   </div>
   <div class='ocr_carea' id='block_1_31' title="bbox 2094 1609 3677 1690">
    <p class='ocr_par' dir='ltr' id='par_1_31' title="bbox 2094 1609 3677 1690">
     <span class='ocr_line' id='line_1_31' title="bbox 2094 1609 3677 1690; baseline 0.006 -26"><span class='ocrx_word' id='word_1_201' title='bbox 2094 1613 2395 1682; x_wconf 81' lang='grc' dir='ltr'>επλήττετο</span> <span class='ocrx_word' id='word_1_202' title='bbox 2419 1612 2692 1685; x_wconf 78' lang='grc' dir='ltr'>δύναμιν..</span> <span class='ocrx_word' id='word_1_203' title='bbox 2727 1615 2817 1683; x_wconf 77' lang='grc' dir='ltr'><strong>ὑφ’</strong></span> <span class='ocrx_word' id='word_1_204' title='bbox 2851 1609 2919 1686; x_wconf 78' lang='grc' dir='ltr'>ἦς</span> <span class='ocrx_word' id='word_1_205' title='bbox 2942 1616 3267 1687; x_wconf 74' lang='grc' dir='ltr'>παραδόξως</span> <span class='ocrx_word' id='word_1_206' title='bbox 3291 1618 3553 1687; x_wconf 69' lang='grc' dir='ltr'>ἐξανέστη</span> <span class='ocrx_word' id='word_1_207' title='bbox 3577 1619 3677 1690; x_wconf 80' lang='grc' dir='ltr'><strong>τῆς</strong></span> 
     </span>
    </p>
   </div>
   <div class='ocr_carea' id='block_1_32' title="bbox 401 1684 1983 1784">
    <p class='ocr_par' dir='ltr' id='par_1_32' title="bbox 401 1684 1983 1769">
     <span class='ocr_line' id='line_1_32' title="bbox 401 1684 1983 1769; baseline 0.012 -33"><span class='ocrx_word' id='word_1_208' title='bbox 401 1684 631 1741; x_wconf 89' lang='lat' dir='ltr'><strong>doribns</strong></span> <span class='ocrx_word' id='word_1_209' title='bbox 658 1685 813 1742; x_wconf 90' lang='lat' dir='ltr'><strong>nullo</strong></span> <span class='ocrx_word' id='word_1_210' title='bbox 844 1689 1088 1743; x_wconf 83' lang='lat' dir='ltr'><strong>colorum</strong></span> <span class='ocrx_word' id='word_1_211' title='bbox 1116 1689 1398 1761; x_wconf 81' lang='lat' dir='ltr'><strong>pigmento</strong></span> <span class='ocrx_word' id='word_1_212' title='bbox 1420 1708 1737 1762; x_wconf 78' lang='lat' dir='ltr'><strong>expressam</strong></span> <span class='ocrx_word' id='word_1_213' title='bbox 1759 1696 1983 1769; x_wconf 71' lang='lat' dir='ltr'><strong>efﬁgiem</strong></span> 
     </span>
    </p>
   </div>
   <div class='ocr_carea' id='block_1_33' title="bbox 2088 1684 3676 1784">
    <p class='ocr_par' dir='ltr' id='par_1_33' title="bbox 2095 1684 3676 1784">
     <span class='ocr_line' id='line_1_33' title="bbox 2095 1684 3676 1784; baseline 0.004 -24"><span class='ocrx_word' id='word_1_214' title='bbox 2095 1707 2305 1777; x_wconf 81' lang='grc' dir='ltr'><strong>κλίνης,</strong></span> <span class='ocrx_word' id='word_1_215' title='bbox 2329 1707 2424 1760; x_wconf 78' lang='grc' dir='ltr'><strong>καὶ</strong></span> <span class='ocrx_word' id='word_1_216' title='bbox 2440 1707 2826 1779; x_wconf 82' lang='grc' dir='ltr'>συνηριθμεῖτο</span> <span class='ocrx_word' id='word_1_217' title='bbox 2853 1684 2965 1773; x_wconf 81' lang='grc' dir='ltr'>τοῖς</span> <span class='ocrx_word' id='word_1_218' title='bbox 2992 1684 3320 1778; x_wconf 77' lang='grc' dir='ltr'>ὑγιαίνουσι.</span> <span class='ocrx_word' id='word_1_219' title='bbox 3342 1711 3484 1784; x_wconf 75' lang='grc' dir='ltr'>Πρὸς</span> <span class='ocrx_word' id='word_1_220' title='bbox 3501 1684 3676 1766; x_wconf 69' lang='grc' dir='ltr'>ταῦτα</span> 
     </span>
    </p>
   </div>
   <div class='ocr_carea' id='block_1_34' title="bbox 403 1776 1989 1852">
    <p class='ocr_par' dir='ltr' id='par_1_34' title="bbox 403 1776 1989 1852">
     <span class='ocr_line' id='line_1_34' title="bbox 403 1776 1989 1852; baseline 0.013 -24"><span class='ocrx_word' id='word_1_221' title='bbox 403 1777 602 1832; x_wconf 89' lang='lat' dir='ltr'><strong>docere</strong></span> <span class='ocrx_word' id='word_1_222' title='bbox 635 1796 650 1832; x_wconf 88' lang='lat'><strong>:</strong></span> <span class='ocrx_word' id='word_1_223' title='bbox 684 1776 902 1833; x_wconf 90' lang='lat' dir='ltr'><strong>Domini</strong></span> <span class='ocrx_word' id='word_1_224' title='bbox 953 1781 1109 1851; x_wconf 84' lang='lat' dir='ltr'><strong>jussu</strong></span> <span class='ocrx_word' id='word_1_225' title='bbox 1150 1782 1215 1837; x_wconf 91' lang='lat' dir='ltr'><strong>ad</strong></span> <span class='ocrx_word' id='word_1_226' title='bbox 1260 1798 1386 1845; x_wconf 86' lang='lat' dir='ltr'><strong>eum</strong></span> <span class='ocrx_word' id='word_1_227' title='bbox 1424 1787 1752 1852; x_wconf 88' lang='lat' dir='ltr'><strong>accessisse,</strong></span> <span class='ocrx_word' id='word_1_228' title='bbox 1790 1798 1843 1846; x_wconf 90' lang='lat' dir='ltr'><strong>et</strong></span> <span class='ocrx_word' id='word_1_229' title='bbox 1885 1793 1989 1848; x_wconf 83' lang='lat' dir='ltr'><strong>alia</strong></span> 
     </span>
    </p>
   </div>
   <div class='ocr_carea' id='block_1_35' title="bbox 400 1870 1741 1943">
    <p class='ocr_par' dir='ltr' id='par_1_35' title="bbox 400 1870 1741 1943">
     <span class='ocr_line' id='line_1_35' title="bbox 400 1870 1741 1943; baseline 0.015 -26"><span class='ocrx_word' id='word_1_230' title='bbox 400 1884 743 1941; x_wconf 77' lang='lat' dir='ltr'><strong>qmecnnque</strong></span> <span class='ocrx_word' id='word_1_231' title='bbox 786 1870 902 1942; x_wconf 90' lang='lat' dir='ltr'><strong>jam</strong></span> <span class='ocrx_word' id='word_1_232' title='bbox 930 1875 1183 1943; x_wconf 70' lang='lat' dir='ltr'><strong>sliperior</strong></span> <span class='ocrx_word' id='word_1_233' title='bbox 1215 1875 1460 1934; x_wconf 80' lang='lat' dir='ltr'><strong>decurrit</strong></span> <span class='ocrx_word' id='word_1_234' title='bbox 1491 1879 1741 1937; x_wconf 84' lang='lat' dir='ltr'><strong>historia.</strong></span> 
     </span>
    </p>
   </div>
   <div class='ocr_carea' id='block_1_36' title="bbox 476 2140 1984 2220">
    <p class='ocr_par' dir='ltr' id='par_1_36' title="bbox 476 2140 1984 2220">
     <span class='ocr_line' id='line_1_36' title="bbox 476 2140 1984 2220; baseline 0.011 -27"><span class='ocrx_word' id='word_1_235' title='bbox 476 2140 611 2194; x_wconf 79' lang='lat' dir='ltr'><strong>XIV.</strong></span> <span class='ocrx_word' id='word_1_236' title='bbox 655 2142 1153 2217; x_wconf 54' lang='lat' dir='ltr'><strong>Postquamfigitnr</strong></span> <span class='ocrx_word' id='word_1_237' title='bbox 1192 2164 1254 2203; x_wconf 75' lang='lat' dir='ltr'><strong>es</strong></span> <span class='ocrx_word' id='word_1_238' title='bbox 1290 2149 1376 2205; x_wconf 92' lang='lat' dir='ltr'><strong>his</strong></span> <span class='ocrx_word' id='word_1_239' title='bbox 1412 2153 1640 2220; x_wconf 87' lang='lat' dir='ltr'><strong>pariter,</strong></span> <span class='ocrx_word' id='word_1_240' title='bbox 1684 2169 1984 2209; x_wconf 84' lang='lat' dir='ltr'><strong>manuum-</strong></span> 
     </span>
    </p>
   </div>
   <div class='ocr_carea' id='block_1_37' title="bbox 400 2237 1984 2318">
    <p class='ocr_par' dir='ltr' id='par_1_37' title="bbox 400 2237 1984 2318">
     <span class='ocr_line' id='line_1_37' title="bbox 400 2237 1984 2318; baseline 0.011 -32"><span class='ocrx_word' id='word_1_241' title='bbox 400 2251 508 2301; x_wconf 87' lang='lat' dir='ltr'><strong>que</strong></span> <span class='ocrx_word' id='word_1_242' title='bbox 549 2237 781 2311; x_wconf 88' lang='lat' dir='ltr'><strong>apostoli</strong></span> <span class='ocrx_word' id='word_1_243' title='bbox 828 2238 877 2289; x_wconf 92' lang='lat' dir='ltr'><strong>in</strong></span> <span class='ocrx_word' id='word_1_244' title='bbox 930 2240 1150 2296; x_wconf 88' lang='lat' dir='ltr'><strong>nomine</strong></span> <span class='ocrx_word' id='word_1_245' title='bbox 1194 2239 1322 2297; x_wconf 77' lang='lat' dir='ltr'><strong>Jesu</strong></span> <span class='ocrx_word' id='word_1_246' title='bbox 1368 2240 1574 2299; x_wconf 83' lang='lat' dir='ltr'><strong>Christi</strong></span> <span class='ocrx_word' id='word_1_247' title='bbox 1614 2246 1984 2318; x_wconf 79' lang='lat' dir='ltr'><strong>impositione,</strong></span> 
     </span>
    </p>
   </div>
   <div class='ocr_carea' id='block_1_38' title="bbox 404 2328 1985 2409">
    <p class='ocr_par' dir='ltr' id='par_1_38' title="bbox 404 2328 1985 2409">
     <span class='ocr_line' id='line_1_38' title="bbox 404 2328 1985 2409; baseline 0.013 -30"><span class='ocrx_word' id='word_1_248' title='bbox 404 2328 658 2387; x_wconf 76' lang='lat' dir='ltr'><strong>dolorum</strong></span> <span class='ocrx_word' id='word_1_249' title='bbox 693 2330 776 2385; x_wconf 82' lang='lat' dir='ltr'><strong>vis</strong></span> <span class='ocrx_word' id='word_1_250' title='bbox 817 2346 1125 2404; x_wconf 84' lang='lat' dir='ltr'><strong>sensusque</strong></span> <span class='ocrx_word' id='word_1_251' title='bbox 1165 2335 1475 2409; x_wconf 79' lang='lat' dir='ltr'><strong>aufugerat,</strong></span> <span class='ocrx_word' id='word_1_252' title='bbox 1517 2340 1871 2409; x_wconf 77' lang='lat' dir='ltr'><strong>membraque</strong></span> <span class='ocrx_word' id='word_1_253' title='bbox 1900 2358 1985 2399; x_wconf 86' lang='lat' dir='ltr'><strong>re-</strong></span> 
     </span>
    </p>
   </div>
   <div class='ocr_carea' id='block_1_39' title="bbox 402 2418 1985 2500">
    <p class='ocr_par' dir='ltr' id='par_1_39' title="bbox 402 2418 1985 2500">
     <span class='ocr_line' id='line_1_39' title="bbox 402 2418 1985 2500; baseline 0.012 -30"><span class='ocrx_word' id='word_1_254' title='bbox 402 2418 584 2473; x_wconf 81' lang='lat' dir='ltr'><strong>soluta</strong></span> <span class='ocrx_word' id='word_1_255' title='bbox 617 2420 764 2475; x_wconf 85' lang='lat' dir='ltr'><strong>velut</strong></span> <span class='ocrx_word' id='word_1_256' title='bbox 810 2423 1282 2494; x_wconf 87' lang='lat' dir='ltr'><strong>astringebantur,</strong></span> <span class='ocrx_word' id='word_1_257' title='bbox 1312 2438 1480 2500; x_wconf 86' lang='lat' dir='ltr'><strong>atque</strong></span> <span class='ocrx_word' id='word_1_258' title='bbox 1523 2431 1639 2487; x_wconf 86' lang='lat' dir='ltr'><strong>oris</strong></span> <span class='ocrx_word' id='word_1_259' title='bbox 1661 2430 1985 2491; x_wconf 78' lang='lat' dir='ltr'><strong>deformitas</strong></span> 
     </span>
    </p>
   </div>
   <div class='ocr_carea' id='block_1_40' title="bbox 398 2511 1979 2587">
    <p class='ocr_par' dir='ltr' id='par_1_40' title="bbox 398 2511 1979 2587">
     <span class='ocr_line' id='line_1_40' title="bbox 398 2511 1979 2587; baseline 0.012 -26"><span class='ocrx_word' id='word_1_260' title='bbox 398 2511 790 2580; x_wconf 87' lang='lat' dir='ltr'><strong>evanescebat,</strong></span> <span class='ocrx_word' id='word_1_261' title='bbox 822 2526 1135 2587; x_wconf 85' lang='lat' dir='ltr'><strong>cunctaque</strong></span> <span class='ocrx_word' id='word_1_262' title='bbox 1182 2517 1247 2572; x_wconf 90' lang='lat' dir='ltr'><strong>ad</strong></span> <span class='ocrx_word' id='word_1_263' title='bbox 1299 2521 1591 2575; x_wconf 78' lang='lat' dir='ltr'><strong>sanitatem</strong></span> <span class='ocrx_word' id='word_1_264' title='bbox 1640 2525 1979 2579; x_wconf 85' lang='lat' dir='ltr'><strong>currebant:</strong></span> 
     </span>
    </p>
   </div>
   <div class='ocr_carea' id='block_1_41' title="bbox 397 2601 1984 2685">
    <p class='ocr_par' dir='ltr' id='par_1_41' title="bbox 397 2601 1984 2685">
     <span class='ocr_line' id='line_1_41' title="bbox 397 2601 1984 2685; baseline 0.013 -32"><span class='ocrx_word' id='word_1_265' title='bbox 397 2601 477 2654; x_wconf 88' lang='lat' dir='ltr'><strong>rei</strong></span> <span class='ocrx_word' id='word_1_266' title='bbox 504 2610 668 2657; x_wconf 71' lang='lat' dir='ltr'><strong>tanta:</strong></span> <span class='ocrx_word' id='word_1_267' title='bbox 701 2607 1028 2676; x_wconf 89' lang='lat' dir='ltr'><strong>compendio</strong></span> <span class='ocrx_word' id='word_1_268' title='bbox 1056 2607 1296 2679; x_wconf 86' lang='lat' dir='ltr'><strong>undique</strong></span> <span class='ocrx_word' id='word_1_269' title='bbox 1328 2612 1583 2685; x_wconf 80' lang='lat' dir='ltr'><strong>Angarns</strong></span> <span class='ocrx_word' id='word_1_270' title='bbox 1613 2614 1984 2674; x_wconf 87' lang='lat' dir='ltr'><strong>admiratione</strong></span> 
     </span>
    </p>
   </div>
   <div class='ocr_carea' id='block_1_42' title="bbox 398 2691 1979 2776">
    <p class='ocr_par' dir='ltr' id='par_1_42' title="bbox 398 2691 1979 2776">
     <span class='ocr_line' id='line_1_42' title="bbox 398 2691 1979 2776; baseline 0.011 -30"><span class='ocrx_word' id='word_1_271' title='bbox 398 2691 647 2751; x_wconf 68' lang='lat' dir='ltr'><strong>delirus:</strong></span> <span class='ocrx_word' id='word_1_272' title='bbox 684 2697 842 2765; x_wconf 86' lang='lat' dir='ltr'><strong>Vere,</strong></span> <span class='ocrx_word' id='word_1_273' title='bbox 881 2699 1084 2770; x_wconf 88' lang='lat' dir='ltr'><strong>inquit,</strong></span> <span class='ocrx_word' id='word_1_274' title='bbox 1116 2698 1244 2757; x_wconf 81' lang='lat' dir='ltr'><strong>Jesu</strong></span> <span class='ocrx_word' id='word_1_275' title='bbox 1281 2699 1403 2756; x_wconf 78' lang='lat' dir='ltr'><strong>Filii</strong></span> <span class='ocrx_word' id='word_1_276' title='bbox 1436 2702 1531 2758; x_wconf 85' lang='lat' dir='ltr'><strong>Dei</strong></span> <span class='ocrx_word' id='word_1_277' title='bbox 1563 2704 1868 2776; x_wconf 89' lang='lat' dir='ltr'><strong>discipulus</strong></span> <span class='ocrx_word' id='word_1_278' title='bbox 1899 2723 1979 2773; x_wconf 87' lang='lat' dir='ltr'><strong>es,</strong></span> 
     </span>
    </p>
   </div>
   <div class='ocr_carea' id='block_1_43' title="bbox 397 2786 1982 2873">
    <p class='ocr_par' dir='ltr' id='par_1_43' title="bbox 397 2786 1982 2873">
     <span class='ocr_line' id='line_1_43' title="bbox 397 2786 1982 2873; baseline 0.014 -37"><span class='ocrx_word' id='word_1_279' title='bbox 397 2786 492 2854; x_wconf 89' lang='lat' dir='ltr'><strong>qui</strong></span> <span class='ocrx_word' id='word_1_280' title='bbox 514 2787 744 2842; x_wconf 88' lang='lat' dir='ltr'><strong>curabat</strong></span> <span class='ocrx_word' id='word_1_281' title='bbox 765 2790 976 2861; x_wconf 85' lang='lat' dir='ltr'><strong>absque</strong></span> <span class='ocrx_word' id='word_1_282' title='bbox 1013 2792 1432 2855; x_wconf 80' lang='lat' dir='ltr'><strong>medicamentis</strong></span> <span class='ocrx_word' id='word_1_283' title='bbox 1459 2804 1514 2851; x_wconf 85' lang='lat' dir='ltr'><strong>et</strong></span> <span class='ocrx_word' id='word_1_284' title='bbox 1543 2797 1749 2855; x_wconf 87' lang='lat' dir='ltr'><strong>herbis.</strong></span> <span class='ocrx_word' id='word_1_285' title='bbox 1780 2800 1858 2854; x_wconf 85' lang='lat' dir='ltr'><strong>Ac</strong></span> <span class='ocrx_word' id='word_1_286' title='bbox 1882 2818 1982 2873; x_wconf 77' lang='lat' dir='ltr'><strong>ego</strong></span> 
     </span>
    </p>
   </div>
   <div class='ocr_carea' id='block_1_44' title="bbox 397 2879 1982 2965">
    <p class='ocr_par' dir='ltr' id='par_1_44' title="bbox 397 2879 1982 2965">
     <span class='ocr_line' id='line_1_44' title="bbox 397 2879 1982 2965; baseline 0.013 -35"><span class='ocrx_word' id='word_1_287' title='bbox 397 2886 550 2933; x_wconf 89' lang='lat' dir='ltr'><strong>tanta</strong></span> <span class='ocrx_word' id='word_1_288' title='bbox 575 2879 652 2934; x_wconf 92' lang='lat' dir='ltr'><strong>illi</strong></span> <span class='ocrx_word' id='word_1_289' title='bbox 685 2884 892 2940; x_wconf 86' lang='lat' dir='ltr'><strong>amoris</strong></span> <span class='ocrx_word' id='word_1_290' title='bbox 922 2885 973 2938; x_wconf 92' lang='lat' dir='ltr'><strong>vi</strong></span> <span class='ocrx_word' id='word_1_291' title='bbox 1000 2898 1059 2940; x_wconf 85' lang='lat' dir='ltr'><strong>ac</strong></span> <span class='ocrx_word' id='word_1_292' title='bbox 1092 2884 1197 2942; x_wconf 81' lang='lat' dir='ltr'><strong>ﬁde</strong></span> <span class='ocrx_word' id='word_1_293' title='bbox 1222 2887 1511 2945; x_wconf 87' lang='lat' dir='ltr'><strong>devinctus</strong></span> <span class='ocrx_word' id='word_1_294' title='bbox 1545 2906 1688 2959; x_wconf 91' lang='lat' dir='ltr'><strong>sum,</strong></span> <span class='ocrx_word' id='word_1_295' title='bbox 1722 2903 1780 2948; x_wconf 93' lang='lat' dir='ltr'><strong>nt</strong></span> <span class='ocrx_word' id='word_1_296' title='bbox 1815 2894 1859 2950; x_wconf 90' lang='lat' dir='ltr'><strong>si</strong></span> <span class='ocrx_word' id='word_1_297' title='bbox 1885 2911 1982 2965; x_wconf 85' lang='lat' dir='ltr'><strong>per</strong></span> 
     </span>
    </p>
   </div>
   <div class='ocr_carea' id='block_1_45' title="bbox 396 2970 1977 3056">
    <p class='ocr_par' dir='ltr' id='par_1_45' title="bbox 396 2970 1977 3056">
     <span class='ocr_line' id='line_1_45' title="bbox 396 2970 1977 3056; baseline 0.011 -33"><span class='ocrx_word' id='word_1_298' title='bbox 396 2970 732 3029; x_wconf 89' lang='lat' dir='ltr'><strong>eminentem</strong></span> <span class='ocrx_word' id='word_1_299' title='bbox 764 2973 996 3035; x_wconf 82' lang='lat' dir='ltr'><strong>Romani</strong></span> <span class='ocrx_word' id='word_1_300' title='bbox 1033 2977 1250 3047; x_wconf 80' lang='lat' dir='ltr'><strong>imperii</strong></span> <span class='ocrx_word' id='word_1_301' title='bbox 1308 2988 1660 3051; x_wconf 83' lang='lat' dir='ltr'><strong>potestatem,</strong></span> <span class='ocrx_word' id='word_1_302' title='bbox 1693 3000 1791 3055; x_wconf 88' lang='lat' dir='ltr'><strong>per</strong></span> <span class='ocrx_word' id='word_1_303' title='bbox 1812 3002 1977 3056; x_wconf 87' lang='lat' dir='ltr'><strong>quam</strong></span> 
     </span>
    </p>
   </div>
   <div class='ocr_carea' id='block_1_46' title="bbox 399 3061 1980 3143">
    <p class='ocr_par' dir='ltr' id='par_1_46' title="bbox 399 3061 1980 3143">
     <span class='ocr_line' id='line_1_46' title="bbox 399 3061 1980 3143; baseline 0.011 -28"><span class='ocrx_word' id='word_1_304' title='bbox 399 3061 636 3120; x_wconf 87' lang='lat' dir='ltr'><strong>subditis</strong></span> <span class='ocrx_word' id='word_1_305' title='bbox 671 3065 827 3123; x_wconf 81' lang='lat' dir='ltr'><strong>nefas</strong></span> <span class='ocrx_word' id='word_1_306' title='bbox 869 3068 1012 3123; x_wconf 89' lang='lat' dir='ltr'><strong>bello</strong></span> <span class='ocrx_word' id='word_1_307' title='bbox 1045 3067 1277 3125; x_wconf 85' lang='lat' dir='ltr'><strong>invicem</strong></span> <span class='ocrx_word' id='word_1_308' title='bbox 1307 3071 1596 3143; x_wconf 74' lang='lat' dir='ltr'><strong>lacessere,</strong></span> <span class='ocrx_word' id='word_1_309' title='bbox 1634 3076 1833 3131; x_wconf 90' lang='lat' dir='ltr'><strong>bellum</strong></span> <span class='ocrx_word' id='word_1_310' title='bbox 1864 3093 1980 3132; x_wconf 86' lang='lat' dir='ltr'><strong>mo-</strong></span> 
     </span>
    </p>
   </div>
   <div class='ocr_carea' id='block_1_47' title="bbox 397 3157 1982 3239">
    <p class='ocr_par' dir='ltr' id='par_1_47' title="bbox 397 3157 1982 3239">
     <span class='ocr_line' id='line_1_47' title="bbox 397 3157 1982 3239; baseline 0.011 -30"><span class='ocrx_word' id='word_1_311' title='bbox 397 3170 527 3212; x_wconf 88' lang='lat' dir='ltr'><strong>vere</strong></span> <span class='ocrx_word' id='word_1_312' title='bbox 558 3157 768 3224; x_wconf 86' lang='lat' dir='ltr'><strong>liceret,</strong></span> <span class='ocrx_word' id='word_1_313' title='bbox 817 3160 872 3215; x_wconf 90' lang='lat' dir='ltr'><strong>in</strong></span> <span class='ocrx_word' id='word_1_314' title='bbox 911 3160 1132 3219; x_wconf 55' lang='lat' dir='ltr'><strong>Judaos</strong></span> <span class='ocrx_word' id='word_1_315' title='bbox 1167 3164 1328 3232; x_wconf 77' lang='lat' dir='ltr'><strong>forte,</strong></span> <span class='ocrx_word' id='word_1_316' title='bbox 1362 3170 1455 3239; x_wconf 90' lang='lat' dir='ltr'><strong>qui</strong></span> <span class='ocrx_word' id='word_1_317' title='bbox 1488 3168 1722 3225; x_wconf 86' lang='lat' dir='ltr'><strong>Domino</strong></span> <span class='ocrx_word' id='word_1_318' title='bbox 1761 3186 1982 3227; x_wconf 78' lang='lat' dir='ltr'><strong>crucem</strong></span> 
     </span>
    </p>
   </div>
   <div class='ocr_carea' id='block_1_48' title="bbox 396 3257 1981 3334">
    <p class='ocr_par' dir='ltr' id='par_1_48' title="bbox 396 3257 1981 3334">
     <span class='ocr_line' id='line_1_48' title="bbox 396 3257 1981 3334; baseline 0.008 -30"><span class='ocrx_word' id='word_1_319' title='bbox 396 3262 724 3323; x_wconf 84' lang='lat' dir='ltr'><strong>posuerunt,</strong></span> <span class='ocrx_word' id='word_1_320' title='bbox 757 3267 910 3313; x_wconf 78' lang='lat' dir='ltr'><strong>arma</strong></span> <span class='ocrx_word' id='word_1_321' title='bbox 955 3257 1275 3326; x_wconf 75' lang='lat' dir='ltr'><strong>movissem,</strong></span> <span class='ocrx_word' id='word_1_322' title='bbox 1320 3258 1567 3331; x_wconf 83' lang='lat' dir='ltr'><strong>mihique</strong></span> <span class='ocrx_word' id='word_1_323' title='bbox 1619 3263 1981 3334; x_wconf 83' lang='lat' dir='ltr'><strong>subegissem.</strong></span> 
     </span>
    </p>
   </div>
   <div class='ocr_carea' id='block_1_49' title="bbox 395 3340 1984 3422">
    <p class='ocr_par' dir='ltr' id='par_1_49' title="bbox 395 3340 1984 3422">
     <span class='ocr_line' id='line_1_49' title="bbox 395 3340 1984 3422; baseline 0.011 -27"><span class='ocrx_word' id='word_1_324' title='bbox 395 3340 554 3397; x_wconf 84' lang='lat' dir='ltr'><strong>Nunc</strong></span> <span class='ocrx_word' id='word_1_325' title='bbox 591 3351 775 3407; x_wconf 87' lang='lat' dir='ltr'><strong>autem</strong></span> <span class='ocrx_word' id='word_1_326' title='bbox 807 3346 956 3417; x_wconf 85' lang='lat' dir='ltr'><strong>quod</strong></span> <span class='ocrx_word' id='word_1_327' title='bbox 999 3358 1055 3405; x_wconf 90' lang='lat' dir='ltr'><strong>et</strong></span> <span class='ocrx_word' id='word_1_328' title='bbox 1102 3357 1330 3406; x_wconf 87' lang='lat' dir='ltr'><strong>mortem</strong></span> <span class='ocrx_word' id='word_1_329' title='bbox 1374 3360 1567 3422; x_wconf 83' lang='lat' dir='ltr'><strong>sponte</strong></span> <span class='ocrx_word' id='word_1_330' title='bbox 1613 3353 1853 3411; x_wconf 78' lang='lat' dir='ltr'><strong>subiisse</strong></span> <span class='ocrx_word' id='word_1_331' title='bbox 1882 3355 1984 3411; x_wconf 87' lang='lat' dir='ltr'><strong>do-</strong></span> 
     </span>
    </p>
   </div>
   <div class='ocr_carea' id='block_1_50' title="bbox 395 3440 1986 3513">
    <p class='ocr_par' dir='ltr' id='par_1_50' title="bbox 395 3440 1986 3513">
     <span class='ocr_line' id='line_1_50' title="bbox 395 3440 1986 3513; baseline 0.011 -26"><span class='ocrx_word' id='word_1_332' title='bbox 395 3446 544 3498; x_wconf 84' lang='lat' dir='ltr'><strong>ceor,</strong></span> <span class='ocrx_word' id='word_1_333' title='bbox 575 3448 639 3491; x_wconf 90' lang='lat' dir='ltr'><strong>ac</strong></span> <span class='ocrx_word' id='word_1_334' title='bbox 675 3445 861 3494; x_wconf 90' lang='lat' dir='ltr'><strong>certus</strong></span> <span class='ocrx_word' id='word_1_335' title='bbox 901 3454 1025 3493; x_wconf 89' lang='lat' dir='ltr'><strong>sum</strong></span> <span class='ocrx_word' id='word_1_336' title='bbox 1067 3440 1185 3497; x_wconf 75' lang='lat' dir='ltr'><strong>fore</strong></span> <span class='ocrx_word' id='word_1_337' title='bbox 1235 3450 1316 3508; x_wconf 84' lang='lat' dir='ltr'><strong>ut,</strong></span> <span class='ocrx_word' id='word_1_338' title='bbox 1356 3443 1463 3498; x_wconf 81' lang='lat' dir='ltr'><strong>nisi</strong></span> <span class='ocrx_word' id='word_1_339' title='bbox 1509 3444 1801 3513; x_wconf 81' lang='lat' dir='ltr'><strong>voluisset,</strong></span> <span class='ocrx_word' id='word_1_340' title='bbox 1842 3465 1986 3504; x_wconf 80' lang='lat' dir='ltr'><strong>nun-</strong></span> 
     </span>
    </p>
   </div>
   <div class='ocr_carea' id='block_1_51' title="bbox 394 3527 1982 3605">
    <p class='ocr_par' dir='ltr' id='par_1_51' title="bbox 394 3527 1982 3605">
     <span class='ocr_line' id='line_1_51' title="bbox 394 3527 1982 3605; baseline 0.011 -26"><span class='ocrx_word' id='word_1_341' title='bbox 394 3540 561 3595; x_wconf 86' lang='lat' dir='ltr'><strong>quam</strong></span> <span class='ocrx_word' id='word_1_342' title='bbox 613 3527 720 3584; x_wconf 90' lang='lat' dir='ltr'><strong>sibi</strong></span> <span class='ocrx_word' id='word_1_343' title='bbox 772 3528 1027 3600; x_wconf 85' lang='lat' dir='ltr'><strong>improba</strong></span> <span class='ocrx_word' id='word_1_344' title='bbox 1077 3532 1238 3588; x_wconf 90' lang='lat' dir='ltr'><strong>turba</strong></span> <span class='ocrx_word' id='word_1_345' title='bbox 1283 3534 1605 3605; x_wconf 89' lang='lat' dir='ltr'><strong>snbjiceret,</strong></span> <span class='ocrx_word' id='word_1_346' title='bbox 1656 3538 1793 3593; x_wconf 85' lang='lat' dir='ltr'><strong>nihil</strong></span> <span class='ocrx_word' id='word_1_347' title='bbox 1836 3541 1982 3597; x_wconf 84' lang='lat' dir='ltr'><strong>ultra</strong></span> 
     </span>
    </p>
   </div>
   <div class='ocr_carea' id='block_1_52' title="bbox 396 3614 1982 3698">
    <p class='ocr_par' dir='ltr' id='par_1_52' title="bbox 396 3614 1982 3698">
     <span class='ocr_line' id='line_1_52' title="bbox 396 3614 1982 3698; baseline 0.011 -28"><span class='ocrx_word' id='word_1_348' title='bbox 396 3632 585 3687; x_wconf 68' lang='lat' dir='ltr'><strong>quaero</strong></span> <span class='ocrx_word' id='word_1_349' title='bbox 607 3633 672 3674; x_wconf 89' lang='lat' dir='ltr'><strong>ac</strong></span> <span class='ocrx_word' id='word_1_350' title='bbox 704 3619 947 3693; x_wconf 89' lang='lat' dir='ltr'><strong>disputo.</strong></span> <span class='ocrx_word' id='word_1_351' title='bbox 975 3614 1164 3681; x_wconf 82' lang='lat' dir='ltr'><strong>Solum</strong></span> <span class='ocrx_word' id='word_1_352' title='bbox 1192 3625 1387 3688; x_wconf 82' lang='lat' dir='ltr'><strong>divino</strong></span> <span class='ocrx_word' id='word_1_353' title='bbox 1406 3627 1739 3698; x_wconf 86' lang='lat' dir='ltr'><strong>baptismate</strong></span> <span class='ocrx_word' id='word_1_354' title='bbox 1762 3630 1982 3689; x_wconf 85' lang='lat' dir='ltr'><strong>lustrari</strong></span> 
     </span>
    </p>
   </div>
   <div class='ocr_carea' id='block_1_53' title="bbox 396 3717 1982 3785">
    <p class='ocr_par' dir='ltr' id='par_1_53' title="bbox 396 3717 1982 3785">
     <span class='ocr_line' id='line_1_53' title="bbox 396 3717 1982 3785; baseline 0.012 -20"><span class='ocrx_word' id='word_1_355' title='bbox 396 3725 549 3783; x_wconf 84' lang='lat' dir='ltr'><strong>rogo,</strong></span> <span class='ocrx_word' id='word_1_356' title='bbox 598 3727 661 3767; x_wconf 91' lang='lat' dir='ltr'><strong>ac</strong></span> <span class='ocrx_word' id='word_1_357' title='bbox 703 3728 830 3771; x_wconf 89' lang='lat' dir='ltr'><strong>cum</strong></span> <span class='ocrx_word' id='word_1_358' title='bbox 875 3722 987 3777; x_wconf 86' lang='lat' dir='ltr'><strong>tota</strong></span> <span class='ocrx_word' id='word_1_359' title='bbox 1033 3717 1241 3785; x_wconf 73' lang='lat' dir='ltr'><strong>(amilia</strong></span> <span class='ocrx_word' id='word_1_360' title='bbox 1291 3719 1501 3781; x_wconf 72' lang='lat' dir='ltr'><strong>Christi</strong></span> <span class='ocrx_word' id='word_1_361' title='bbox 1551 3724 1982 3785; x_wconf 82' lang='lat' dir='ltr'><strong>necessitudinis</strong></span> 
     </span>
    </p>
   </div>
   <div class='ocr_carea' id='block_1_54' title="bbox 392 3802 1984 3889">
    <p class='ocr_par' dir='ltr' id='par_1_54' title="bbox 392 3802 1984 3889">
     <span class='ocr_line' id='line_1_54' title="bbox 392 3802 1984 3889; baseline 0.011 -34"><span class='ocrx_word' id='word_1_362' title='bbox 392 3803 520 3873; x_wconf 78' lang='lat' dir='ltr'><strong>jura</strong></span> <span class='ocrx_word' id='word_1_363' title='bbox 544 3802 719 3872; x_wconf 87' lang='lat' dir='ltr'><strong>obire,</strong></span> <span class='ocrx_word' id='word_1_364' title='bbox 746 3821 946 3878; x_wconf 84' lang='lat' dir='ltr'><strong>meque</strong></span> <span class='ocrx_word' id='word_1_365' title='bbox 989 3808 1068 3877; x_wconf 72' lang='lat' dir='ltr'><strong>illi</strong></span> <span class='ocrx_word' id='word_1_366' title='bbox 1113 3810 1384 3875; x_wconf 47' lang='lat' dir='ltr'><strong>addicere.</strong></span> <span class='ocrx_word' id='word_1_367' title='bbox 1419 3811 1603 3873; x_wconf 74' lang='lat' dir='ltr'><strong>Multis</strong></span> <span class='ocrx_word' id='word_1_368' title='bbox 1634 3816 1820 3889; x_wconf 73' lang='lat' dir='ltr'><strong>itaque</strong></span> <span class='ocrx_word' id='word_1_369' title='bbox 1856 3825 1984 3874; x_wconf 81' lang='lat' dir='ltr'><strong>ante</strong></span> 
     </span>
    </p>
   </div>
   <div class='ocr_carea' id='block_1_55' title="bbox 394 3896 1982 3974">
    <p class='ocr_par' dir='ltr' id='par_1_55' title="bbox 394 3896 1982 3974">
     <span class='ocr_line' id='line_1_55' title="bbox 394 3896 1982 3974; baseline 0.011 -24"><span class='ocrx_word' id='word_1_370' title='bbox 394 3896 627 3964; x_wconf 80' lang='lat' dir='ltr'><strong>patratis</strong></span> <span class='ocrx_word' id='word_1_371' title='bbox 685 3897 993 3965; x_wconf 83' lang='lat' dir='ltr'><strong>miraculis.</strong></span> <span class='ocrx_word' id='word_1_372' title='bbox 1031 3902 1364 3974; x_wconf 76' lang='lat' dir='ltr'><strong>cunctisque</strong></span> <span class='ocrx_word' id='word_1_373' title='bbox 1404 3907 1608 3973; x_wconf 87' lang='lat' dir='ltr'><strong>quibus</strong></span> <span class='ocrx_word' id='word_1_374' title='bbox 1655 3907 1982 3967; x_wconf 86' lang='lat' dir='ltr'><strong>laborabant</strong></span> 
     </span>
    </p>
   </div>
   <div class='ocr_carea' id='block_1_56' title="bbox 396 3985 1982 4068">
    <p class='ocr_par' dir='ltr' id='par_1_56' title="bbox 396 3985 1982 4068">
     <span class='ocr_line' id='line_1_56' title="bbox 396 3985 1982 4068; baseline 0.013 -31"><span class='ocrx_word' id='word_1_375' title='bbox 396 3985 818 4057; x_wconf 77' lang='lat' dir='ltr'><strong>:rgritudinibus</strong></span> <span class='ocrx_word' id='word_1_376' title='bbox 847 3990 1084 4061; x_wconf 74' lang='lat' dir='ltr'><strong>sanatis,</strong></span> <span class='ocrx_word' id='word_1_377' title='bbox 1120 3991 1175 4059; x_wconf 80' lang='lat' dir='ltr'><strong>in</strong></span> <span class='ocrx_word' id='word_1_378' title='bbox 1208 3993 1433 4062; x_wconf 75' lang='lat' dir='ltr'><strong>quibus,</strong></span> <span class='ocrx_word' id='word_1_379' title='bbox 1466 3996 1561 4066; x_wconf 80' lang='lat' dir='ltr'><strong>qui</strong></span> <span class='ocrx_word' id='word_1_380' title='bbox 1591 3999 1839 4068; x_wconf 81' lang='lat' dir='ltr'><strong>proxime</strong></span> <span class='ocrx_word' id='word_1_381' title='bbox 1870 3999 1982 4057; x_wconf 77' lang='lat' dir='ltr'><strong>Au-</strong></span> 
     </span>
    </p>
   </div>
   <div class='ocr_carea' id='block_1_57' title="bbox 399 4078 1987 4163">
    <p class='ocr_par' dir='ltr' id='par_1_57' title="bbox 399 4078 1987 4163">
     <span class='ocr_line' id='line_1_57' title="bbox 399 4078 1987 4163; baseline 0.009 -29"><span class='ocrx_word' id='word_1_382' title='bbox 399 4092 587 4146; x_wconf 77' lang='lat' dir='ltr'><strong>garum</strong></span> <span class='ocrx_word' id='word_1_383' title='bbox 638 4078 891 4137; x_wconf 87' lang='lat' dir='ltr'><strong>claritate</strong></span> <span class='ocrx_word' id='word_1_384' title='bbox 946 4097 1012 4139; x_wconf 89' lang='lat' dir='ltr'><strong>ac</strong></span> <span class='ocrx_word' id='word_1_385' title='bbox 1062 4085 1306 4152; x_wconf 80' lang='lat' dir='ltr'><strong>potentia</strong></span> <span class='ocrx_word' id='word_1_386' title='bbox 1359 4087 1629 4149; x_wconf 85' lang='lat' dir='ltr'><strong>attinebat</strong></span> <span class='ocrx_word' id='word_1_387' title='bbox 1672 4089 1806 4159; x_wconf 70' lang='lat' dir='ltr'><strong>(l0),</strong></span> <span class='ocrx_word' id='word_1_388' title='bbox 1864 4092 1987 4163; x_wconf 84' lang='lat' dir='ltr'><strong>ipse</strong></span> 
     </span>
    </p>
   </div>
   <div class='ocr_carea' id='block_1_58' title="bbox 395 4170 1980 4247">
    <p class='ocr_par' dir='ltr' id='par_1_58' title="bbox 395 4170 1980 4247">
     <span class='ocr_line' id='line_1_58' title="bbox 395 4170 1980 4247; baseline 0.011 -25"><span class='ocrx_word' id='word_1_389' title='bbox 395 4182 620 4241; x_wconf 87' lang='lat' dir='ltr'><strong>quoque</strong></span> <span class='ocrx_word' id='word_1_390' title='bbox 647 4170 889 4245; x_wconf 77' lang='lat' dir='ltr'><strong>podagra</strong></span> <span class='ocrx_word' id='word_1_391' title='bbox 934 4188 1043 4242; x_wconf 80' lang='lat' dir='ltr'><strong>qua</strong></span> <span class='ocrx_word' id='word_1_392' title='bbox 1082 4174 1391 4243; x_wconf 84' lang='lat' dir='ltr'><strong>laborabat,</strong></span> <span class='ocrx_word' id='word_1_393' title='bbox 1437 4186 1687 4247; x_wconf 85' lang='lat' dir='ltr'><strong>sanatus,</strong></span> <span class='ocrx_word' id='word_1_394' title='bbox 1735 4185 1980 4240; x_wconf 88' lang='lat' dir='ltr'><strong>numeris</strong></span> 
     </span>
    </p>
   </div>
   <div class='ocr_carea' id='block_1_59' title="bbox 394 4264 1980 4341">
    <p class='ocr_par' dir='ltr' id='par_1_59' title="bbox 394 4264 1980 4341">
     <span class='ocr_line' id='line_1_59' title="bbox 394 4264 1980 4341; baseline 0.01 -26"><span class='ocrx_word' id='word_1_395' title='bbox 394 4275 579 4341; x_wconf 69' lang='lat' dir='ltr'><strong>praeco</strong></span> <span class='ocrx_word' id='word_1_396' title='bbox 601 4270 758 4330; x_wconf 87' lang='lat' dir='ltr'><strong>erat;</strong></span> <span class='ocrx_word' id='word_1_397' title='bbox 783 4277 911 4319; x_wconf 88' lang='lat' dir='ltr'><strong>cum</strong></span> <span class='ocrx_word' id='word_1_398' title='bbox 932 4272 1186 4323; x_wconf 82' lang='lat' dir='ltr'><strong>curasset</strong></span> <span class='ocrx_word' id='word_1_399' title='bbox 1207 4264 1414 4329; x_wconf 86' lang='lat' dir='ltr'><strong>Christi</strong></span> <span class='ocrx_word' id='word_1_400' title='bbox 1444 4270 1753 4337; x_wconf 82' lang='lat' dir='ltr'><strong>apostolus,</strong></span> <span class='ocrx_word' id='word_1_401' title='bbox 1780 4274 1980 4331; x_wconf 80' lang='lat' dir='ltr'><strong>divinae</strong></span> 
     </span>
    </p>
   </div>
   <div class='ocr_carea' id='block_1_60' title="bbox 2094 1797 3675 1875">
    <p class='ocr_par' dir='ltr' id='par_1_60' title="bbox 2094 1797 3675 1875">
     <span class='ocr_line' id='line_1_60' title="bbox 2094 1797 3675 1875; baseline 0.003 -22"><span class='ocrx_word' id='word_1_402' title='bbox 2094 1801 2123 1853; x_wconf 85' lang='grc' dir='ltr'><strong>ό</strong></span> <span class='ocrx_word' id='word_1_403' title='bbox 2150 1797 2409 1863; x_wconf 81' lang='grc' dir='ltr'>Θαδδαῖος</span> <span class='ocrx_word' id='word_1_404' title='bbox 2439 1799 2530 1853; x_wconf 81' lang='grc' dir='ltr'>τὸν</span> <span class='ocrx_word' id='word_1_405' title='bbox 2564 1799 2758 1869; x_wconf 80' lang='grc' dir='ltr'>καιρὸν</span> <span class='ocrx_word' id='word_1_406' title='bbox 2787 1802 2888 1869; x_wconf 79' lang='grc' dir='ltr'><strong>τῆς</strong></span> <span class='ocrx_word' id='word_1_407' title='bbox 2922 1801 3163 1870; x_wconf 80' lang='grc' dir='ltr'>ἀγωνίας</span> <span class='ocrx_word' id='word_1_408' title='bbox 3192 1802 3404 1873; x_wconf 70' lang='grc' dir='ltr'>ἐδήλου,</span> <span class='ocrx_word' id='word_1_409' title='bbox 3435 1806 3530 1858; x_wconf 76' lang='grc' dir='ltr'>καὶ</span> <span class='ocrx_word' id='word_1_410' title='bbox 3575 1804 3675 1875; x_wconf 76' lang='grc' dir='ltr'>τὴν</span> 
     </span>
    </p>
   </div>
   <div class='ocr_carea' id='block_1_61' title="bbox 2093 1889 3675 1968">
    <p class='ocr_par' dir='ltr' id='par_1_61' title="bbox 2093 1889 3675 1968">
     <span class='ocr_line' id='line_1_61' title="bbox 2093 1889 3675 1968; baseline 0.005 -25"><span class='ocrx_word' id='word_1_411' title='bbox 2093 1893 2158 1944; x_wconf 83' lang='grc' dir='ltr'>ἐκ</span> <span class='ocrx_word' id='word_1_412' title='bbox 2204 1891 2317 1944; x_wconf 87' lang='grc' dir='ltr'><strong>τῶν</strong></span> <span class='ocrx_word' id='word_1_413' title='bbox 2365 1889 2607 1961; x_wconf 77' lang='grc' dir='ltr'>ἱδρώτων</span> <span class='ocrx_word' id='word_1_414' title='bbox 2649 1892 3071 1963; x_wconf 77' lang='grc' dir='ltr'>ἀχρωμάτιστον</span> <span class='ocrx_word' id='word_1_415' title='bbox 3098 1895 3398 1967; x_wconf 79' lang='grc' dir='ltr'>μόρφωσιν.</span> <span class='ocrx_word' id='word_1_416' title='bbox 3436 1897 3547 1950; x_wconf 73' lang='grc' dir='ltr'>Καὶ</span> <span class='ocrx_word' id='word_1_417' title='bbox 3577 1897 3675 1968; x_wconf 85' lang='grc' dir='ltr'>τὴν</span> 
     </span>
    </p>
   </div>
   <div class='ocr_carea' id='block_1_62' title="bbox 2092 1982 3679 2059">
    <p class='ocr_par' dir='ltr' id='par_1_62' title="bbox 2092 1982 3679 2059">
     <span class='ocr_line' id='line_1_62' title="bbox 2092 1982 3679 2059; baseline 0.004 -23"><span class='ocrx_word' id='word_1_418' title='bbox 2092 1983 2190 2053; x_wconf 84' lang='grc' dir='ltr'>τῆς</span> <span class='ocrx_word' id='word_1_419' title='bbox 2210 1982 2447 2052; x_wconf 78' lang='grc' dir='ltr'>ἀφίξεως</span> <span class='ocrx_word' id='word_1_420' title='bbox 2495 1984 2633 2056; x_wconf 79' lang='grc' dir='ltr'>πρὸς</span> <span class='ocrx_word' id='word_1_421' title='bbox 2679 1984 2842 2039; x_wconf 73' lang='grc' dir='ltr'>αὐτὸν</span> <span class='ocrx_word' id='word_1_422' title='bbox 2896 1986 3102 2057; x_wconf 79' lang='grc' dir='ltr'>Κυρίου</span> <span class='ocrx_word' id='word_1_423' title='bbox 3132 1988 3438 2059; x_wconf 80' lang='grc' dir='ltr'>εἰσήγησιν,</span> <span class='ocrx_word' id='word_1_424' title='bbox 3474 1990 3567 2041; x_wconf 70' lang='grc' dir='ltr'><strong>καὶ</strong></span> <span class='ocrx_word' id='word_1_425' title='bbox 3604 1991 3679 2043; x_wconf 67' lang='grc' dir='ltr'><strong>τὰ</strong></span> 
     </span>
    </p>
   </div>
   <div class='ocr_carea' id='block_1_63' title="bbox 2092 2072 3407 2150">
    <p class='ocr_par' dir='ltr' id='par_1_63' title="bbox 2092 2072 3407 2150">
     <span class='ocr_line' id='line_1_63' title="bbox 2092 2072 3407 2150; baseline 0.005 -23"><span class='ocrx_word' id='word_1_426' title='bbox 2092 2072 2226 2127; x_wconf 76' lang='grc' dir='ltr'>ἄλλα</span> <span class='ocrx_word' id='word_1_427' title='bbox 2250 2074 2349 2127; x_wconf 79' lang='grc' dir='ltr'>ὅσα</span> <span class='ocrx_word' id='word_1_428' title='bbox 2376 2073 2439 2128; x_wconf 84' lang='grc' dir='ltr'>τὸ</span> <span class='ocrx_word' id='word_1_429' title='bbox 2467 2073 2681 2144; x_wconf 84' lang='grc' dir='ltr'>φθάσαν</span> <span class='ocrx_word' id='word_1_430' title='bbox 2706 2076 2805 2145; x_wconf 78' lang='grc' dir='ltr'>τῆς</span> <span class='ocrx_word' id='word_1_431' title='bbox 2839 2077 3081 2145; x_wconf 76' lang='grc' dir='ltr'>ἱστορίας</span> <span class='ocrx_word' id='word_1_432' title='bbox 3114 2077 3407 2150; x_wconf 75' lang='grc' dir='ltr'>ἐδήλωσεν.</span> 
     </span>
    </p>
   </div>
   <div class='ocr_carea' id='block_1_64' title="bbox 2165 2161 3679 2244">
    <p class='ocr_par' dir='ltr' id='par_1_64' title="bbox 2165 2161 3679 2244">
     <span class='ocr_line' id='line_1_64' title="bbox 2165 2161 3679 2244; baseline 0.006 -27"><span class='ocrx_word' id='word_1_433' title='bbox 2165 2163 2262 2218; x_wconf 82' lang='grc' dir='ltr'><strong>1Δ’.</strong></span> <span class='ocrx_word' id='word_1_434' title='bbox 2308 2165 2395 2229; x_wconf 84' lang='grc' dir='ltr'>Ὦς</span> <span class='ocrx_word' id='word_1_435' title='bbox 2449 2161 2544 2220; x_wconf 80' lang='grc' dir='ltr'>οὖν</span> <span class='ocrx_word' id='word_1_436' title='bbox 2598 2166 2709 2220; x_wconf 78' lang='grc' dir='ltr'>ἀπό</span> <span class='ocrx_word' id='word_1_437' title='bbox 2746 2185 2805 2221; x_wconf 86' lang='grc' dir='ltr'><strong>τε</strong></span> <span class='ocrx_word' id='word_1_438' title='bbox 2839 2168 2942 2239; x_wconf 79' lang='grc' dir='ltr'>τῆς</span> <span class='ocrx_word' id='word_1_439' title='bbox 2973 2171 3032 2222; x_wconf 87' lang='grc' dir='ltr'>ὲν</span> <span class='ocrx_word' id='word_1_440' title='bbox 3075 2168 3153 2240; x_wconf 83' lang='grc' dir='ltr'>τῷ</span> <span class='ocrx_word' id='word_1_441' title='bbox 3205 2169 3435 2241; x_wconf 83' lang='grc' dir='ltr'>ὀνόματι</span> <span class='ocrx_word' id='word_1_442' title='bbox 3497 2173 3679 2244; x_wconf 80' lang='grc' dir='ltr'><strong>Ἰησοῦ</strong></span> 
     </span>
    </p>
   </div>
   <div class='ocr_carea' id='block_1_65' title="bbox 2089 2256 3670 2332">
    <p class='ocr_par' dir='ltr' id='par_1_65' title="bbox 2089 2256 3670 2332">
     <span class='ocr_line' id='line_1_65' title="bbox 2089 2256 3670 2332; baseline 0.004 -24"><span class='ocrx_word' id='word_1_443' title='bbox 2089 2256 2333 2327; x_wconf 78' lang='grc' dir='ltr'>Χριστοῦ</span> <span class='ocrx_word' id='word_1_444' title='bbox 2358 2256 2658 2321; x_wconf 70' lang='grc' dir='ltr'>ἐπιθέσεως</span> <span class='ocrx_word' id='word_1_445' title='bbox 2679 2258 2789 2313; x_wconf 91' lang='grc' dir='ltr'><strong>τῶν</strong></span> <span class='ocrx_word' id='word_1_446' title='bbox 2814 2259 3015 2332; x_wconf 81' lang='grc' dir='ltr'>χειρῶν</span> <span class='ocrx_word' id='word_1_447' title='bbox 3046 2260 3141 2314; x_wconf 73' lang='grc' dir='ltr'>τοῦ</span> <span class='ocrx_word' id='word_1_448' title='bbox 3170 2260 3433 2316; x_wconf 85' lang='grc' dir='ltr'>Θαδδαίου</span> <span class='ocrx_word' id='word_1_449' title='bbox 3469 2263 3535 2317; x_wconf 80' lang='grc' dir='ltr'>τὰ</span> <span class='ocrx_word' id='word_1_450' title='bbox 3576 2262 3670 2316; x_wconf 83' lang='grc' dir='ltr'>λυ-</span> 
     </span>
    </p>
   </div>
   <div class='ocr_carea' id='block_1_66' title="bbox 2089 2343 3670 2424">
    <p class='ocr_par' dir='ltr' id='par_1_66' title="bbox 2089 2343 3670 2424">
     <span class='ocr_line' id='line_1_66' title="bbox 2089 2343 3670 2424; baseline 0.008 -27"><span class='ocrx_word' id='word_1_451' title='bbox 2089 2343 2298 2404; x_wconf 76' lang='grc' dir='ltr'>ποῦντά</span> <span class='ocrx_word' id='word_1_452' title='bbox 2347 2363 2408 2400; x_wconf 82' lang='grc' dir='ltr'><strong>τε</strong></span> <span class='ocrx_word' id='word_1_453' title='bbox 2476 2348 2838 2413; x_wconf 80' lang='grc' dir='ltr'>ὕπεξίστατο,</span> <span class='ocrx_word' id='word_1_454' title='bbox 2897 2351 2990 2404; x_wconf 79' lang='grc' dir='ltr'>καὶ</span> <span class='ocrx_word' id='word_1_455' title='bbox 3036 2351 3107 2405; x_wconf 71' lang='grc' dir='ltr'><strong>τὰ</strong></span> <span class='ocrx_word' id='word_1_456' title='bbox 3154 2354 3462 2424; x_wconf 77' lang='grc' dir='ltr'>παρειμένα</span> <span class='ocrx_word' id='word_1_457' title='bbox 3506 2355 3670 2410; x_wconf 71' lang='grc' dir='ltr'>οίονεὶ</span> 
     </span>
    </p>
   </div>
   <div class='ocr_carea' id='block_1_67' title="bbox 2090 2437 3671 2512">
    <p class='ocr_par' dir='ltr' id='par_1_67' title="bbox 2090 2437 3671 2512">
     <span class='ocr_line' id='line_1_67' title="bbox 2090 2437 3671 2512; baseline 0.007 -23"><span class='ocrx_word' id='word_1_458' title='bbox 2090 2437 2504 2507; x_wconf 87' lang='grc' dir='ltr'>συνεσφίγγετο,</span> <span class='ocrx_word' id='word_1_459' title='bbox 2562 2440 2657 2496; x_wconf 79' lang='grc' dir='ltr'>καὶ</span> <span class='ocrx_word' id='word_1_460' title='bbox 2708 2440 2744 2511; x_wconf 73' lang='grc' dir='ltr'><strong>ἡ</strong></span> <span class='ocrx_word' id='word_1_461' title='bbox 2791 2442 3042 2512; x_wconf 74' lang='grc' dir='ltr'>ἀμορφία</span> <span class='ocrx_word' id='word_1_462' title='bbox 3088 2443 3527 2512; x_wconf 85' lang='grc' dir='ltr'>διεσκεδάννυτο,</span> <span class='ocrx_word' id='word_1_463' title='bbox 3573 2448 3671 2501; x_wconf 78' lang='grc' dir='ltr'>καὶ</span> 
     </span>
    </p>
   </div>
   <div class='ocr_carea' id='block_1_68' title="bbox 2088 2527 3669 2607">
    <p class='ocr_par' dir='ltr' id='par_1_68' title="bbox 2088 2527 3669 2607">
     <span class='ocr_line' id='line_1_68' title="bbox 2088 2527 3669 2607; baseline 0.008 -27"><span class='ocrx_word' id='word_1_464' title='bbox 2088 2527 2266 2581; x_wconf 83' lang='grc' dir='ltr'>πάντα</span> <span class='ocrx_word' id='word_1_465' title='bbox 2293 2530 2430 2598; x_wconf 80' lang='grc' dir='ltr'>πρὸς</span> <span class='ocrx_word' id='word_1_466' title='bbox 2470 2530 2665 2599; x_wconf 82' lang='grc' dir='ltr'>ὑγείαν</span> <span class='ocrx_word' id='word_1_467' title='bbox 2683 2531 2895 2603; x_wconf 79' lang='grc' dir='ltr'>ἔτρεχε,</span> <span class='ocrx_word' id='word_1_468' title='bbox 2925 2532 3003 2604; x_wconf 80' lang='grc' dir='ltr'>τῷ</span> <span class='ocrx_word' id='word_1_469' title='bbox 3036 2536 3375 2607; x_wconf 82' lang='grc' dir='ltr'>πανταχόθεν</span> <span class='ocrx_word' id='word_1_470' title='bbox 3404 2537 3603 2607; x_wconf 75' lang='grc' dir='ltr'>θάμϐει</span> <span class='ocrx_word' id='word_1_471' title='bbox 3638 2540 3669 2593; x_wconf 87' lang='grc' dir='ltr'><strong>ὁ</strong></span> 
     </span>
    </p>
   </div>
   <div class='ocr_carea' id='block_1_69' title="bbox 2084 2619 3670 2699">
    <p class='ocr_par' dir='ltr' id='par_1_69' title="bbox 2084 2619 3670 2699">
     <span class='ocr_line' id='line_1_69' title="bbox 2084 2619 3670 2699; baseline 0.006 -26"><span class='ocrx_word' id='word_1_472' title='bbox 2084 2619 2336 2692; x_wconf 78' lang='grc' dir='ltr'>Αὕγαρος</span> <span class='ocrx_word' id='word_1_473' title='bbox 2367 2622 2743 2693; x_wconf 85' lang='grc' dir='ltr'>συνεχόμενος,</span> <span class='ocrx_word' id='word_1_474' title='bbox 2771 2623 2890 2677; x_wconf 82' lang='grc' dir='ltr'><strong>Ἐπ’</strong></span> <span class='ocrx_word' id='word_1_475' title='bbox 2917 2623 3194 2695; x_wconf 80' lang='grc' dir='ltr'>ἀληθείας,</span> <span class='ocrx_word' id='word_1_476' title='bbox 3222 2627 3586 2699; x_wconf 55' lang='grc' dir='ltr'>ἐφηλγνήσιος</span> <span class='ocrx_word' id='word_1_477' title='bbox 3617 2623 3670 2682; x_wconf 76' lang='grc' dir='ltr'><strong>εἷ</strong></span> 
     </span>
    </p>
   </div>
   <div class='ocr_carea' id='block_1_70' title="bbox 2088 2712 3667 2791">
    <p class='ocr_par' dir='ltr' id='par_1_70' title="bbox 2088 2712 3667 2791">
     <span class='ocr_line' id='line_1_70' title="bbox 2088 2712 3667 2791; baseline 0.004 -24"><span class='ocrx_word' id='word_1_478' title='bbox 2088 2712 2335 2786; x_wconf 76' lang='grc' dir='ltr'>μαθητὴς</span> <span class='ocrx_word' id='word_1_479' title='bbox 2384 2714 2559 2785; x_wconf 80' lang='grc' dir='ltr'>Ἰησοῦ</span> <span class='ocrx_word' id='word_1_480' title='bbox 2578 2714 2674 2768; x_wconf 80' lang='grc' dir='ltr'>τοῦ</span> <span class='ocrx_word' id='word_1_481' title='bbox 2702 2716 2832 2770; x_wconf 79' lang='grc' dir='ltr'>Υίοῦ</span> <span class='ocrx_word' id='word_1_482' title='bbox 2859 2717 2953 2771; x_wconf 78' lang='grc' dir='ltr'><strong>τοῦ</strong></span> <span class='ocrx_word' id='word_1_483' title='bbox 2984 2718 3145 2779; x_wconf 73' lang='grc' dir='ltr'>θεοῦ,</span> <span class='ocrx_word' id='word_1_484' title='bbox 3169 2718 3263 2772; x_wconf 78' lang='grc' dir='ltr'><strong>τοῦ</strong></span> <span class='ocrx_word' id='word_1_485' title='bbox 3292 2719 3415 2790; x_wconf 82' lang='grc' dir='ltr'>δίχα</span> <span class='ocrx_word' id='word_1_486' title='bbox 3441 2721 3667 2791; x_wconf 84' lang='grc' dir='ltr'>φαρμά-</span> 
     </span>
    </p>
   </div>
   <div class='ocr_carea' id='block_1_71' title="bbox 2086 2804 3669 2879">
    <p class='ocr_par' dir='ltr' id='par_1_71' title="bbox 2086 2804 3669 2879">
     <span class='ocr_line' id='line_1_71' title="bbox 2086 2804 3669 2879; baseline 0.004 -21"><span class='ocrx_word' id='word_1_487' title='bbox 2086 2821 2197 2859; x_wconf 86' lang='grc' dir='ltr'><strong>κων</strong></span> <span class='ocrx_word' id='word_1_488' title='bbox 2230 2806 2324 2859; x_wconf 77' lang='grc' dir='ltr'>καὶ</span> <span class='ocrx_word' id='word_1_489' title='bbox 2368 2804 2612 2874; x_wconf 86' lang='grc' dir='ltr'>βοτανῶν</span> <span class='ocrx_word' id='word_1_490' title='bbox 2652 2806 3072 2879; x_wconf 82' lang='grc' dir='ltr'>θεραπεύοντος.</span> <span class='ocrx_word' id='word_1_491' title='bbox 3107 2809 3215 2862; x_wconf 76' lang='grc' dir='ltr'>Καὶ</span> <span class='ocrx_word' id='word_1_492' title='bbox 3254 2808 3368 2876; x_wconf 74' lang='grc' dir='ltr'>ἐγὼ</span> <span class='ocrx_word' id='word_1_493' title='bbox 3415 2809 3669 2864; x_wconf 80' lang='grc' dir='ltr'>τοσοῦτον</span> 
     </span>
    </p>
   </div>
   <div class='ocr_carea' id='block_1_72' title="bbox 2081 2898 3667 2972">
    <p class='ocr_par' dir='ltr' id='par_1_72' title="bbox 2081 2898 3667 2972">
     <span class='ocr_line' id='line_1_72' title="bbox 2081 2898 3667 2972; baseline 0.003 -22"><span class='ocrx_word' id='word_1_494' title='bbox 2081 2900 2148 2968; x_wconf 76' lang='grc' dir='ltr'>τῇ</span> <span class='ocrx_word' id='word_1_495' title='bbox 2187 2898 2318 2971; x_wconf 78' lang='grc' dir='ltr'>περὶ</span> <span class='ocrx_word' id='word_1_496' title='bbox 2345 2898 2509 2952; x_wconf 81' lang='grc' dir='ltr'>αὑτὸν</span> <span class='ocrx_word' id='word_1_497' title='bbox 2565 2902 2767 2972; x_wconf 82' lang='grc' dir='ltr'>στοργῇ</span> <span class='ocrx_word' id='word_1_498' title='bbox 2792 2902 2886 2954; x_wconf 78' lang='grc' dir='ltr'>καὶ</span> <span class='ocrx_word' id='word_1_499' title='bbox 2915 2901 3097 2955; x_wconf 87' lang='grc' dir='ltr'>πίστει</span> <span class='ocrx_word' id='word_1_500' title='bbox 3147 2899 3487 2971; x_wconf 65' lang='grc' dir='ltr'>συνδεδεμαι,</span> <span class='ocrx_word' id='word_1_501' title='bbox 3525 2901 3667 2955; x_wconf 80' lang='grc' dir='ltr'>ὥστε</span> 
     </span>
    </p>
   </div>
   <div class='ocr_carea' id='block_1_73' title="bbox 2084 2991 3666 3065">
    <p class='ocr_par' dir='ltr' id='par_1_73' title="bbox 2084 2991 3666 3065">
     <span class='ocr_line' id='line_1_73' title="bbox 2084 2991 3666 3065; baseline 0.003 -21"><span class='ocrx_word' id='word_1_502' title='bbox 2084 2993 2132 3044; x_wconf 85' lang='grc' dir='ltr'>εἰ</span> <span class='ocrx_word' id='word_1_503' title='bbox 2169 2991 2245 3064; x_wconf 77' lang='grc' dir='ltr'>μὴ</span> <span class='ocrx_word' id='word_1_504' title='bbox 2274 2991 2498 3048; x_wconf 73' lang='grc' dir='ltr'>ἐδεδίειν</span> <span class='ocrx_word' id='word_1_505' title='bbox 2528 2992 2587 3046; x_wconf 83' lang='grc' dir='ltr'><strong>τδ</strong></span> <span class='ocrx_word' id='word_1_506' title='bbox 2626 2994 2893 3065; x_wconf 79' lang='grc' dir='ltr'>ὑπερέχον</span> <span class='ocrx_word' id='word_1_507' title='bbox 2914 2994 3016 3064; x_wconf 81' lang='grc' dir='ltr'>τῆς</span> <span class='ocrx_word' id='word_1_508' title='bbox 3047 2993 3154 3048; x_wconf 85' lang='grc' dir='ltr'><strong>τῶν</strong></span> <span class='ocrx_word' id='word_1_509' title='bbox 3186 2993 3475 3065; x_wconf 86' lang='grc' dir='ltr'>Ῥωμαίων</span> <span class='ocrx_word' id='word_1_510' title='bbox 3503 2993 3666 3048; x_wconf 81' lang='grc' dir='ltr'>δυνά-</span> 
     </span>
    </p>
   </div>
   <div class='ocr_carea' id='block_1_74' title="bbox 2090 3086 3666 3158">
    <p class='ocr_par' dir='ltr' id='par_1_74' title="bbox 2090 3086 3666 3158">
     <span class='ocr_line' id='line_1_74' title="bbox 2090 3086 3666 3158; baseline 0.002 -21"><span class='ocrx_word' id='word_1_511' title='bbox 2090 3100 2257 3154; x_wconf 88' lang='grc' dir='ltr'>μεως,</span> <span class='ocrx_word' id='word_1_512' title='bbox 2289 3086 2340 3139; x_wconf 82' lang='grc' dir='ltr'>οἳ</span> <span class='ocrx_word' id='word_1_513' title='bbox 2367 3087 2492 3150; x_wconf 77' lang='grc' dir='ltr'>τοὺς</span> <span class='ocrx_word' id='word_1_514' title='bbox 2527 3086 2632 3140; x_wconf 78' lang='grc' dir='ltr'><strong>ὑπὸ</strong></span> <span class='ocrx_word' id='word_1_515' title='bbox 2659 3086 2798 3155; x_wconf 75' lang='grc' dir='ltr'>σφᾶς</span> <span class='ocrx_word' id='word_1_516' title='bbox 2827 3086 2927 3141; x_wconf 82' lang='grc' dir='ltr'>οὐκ</span> <span class='ocrx_word' id='word_1_517' title='bbox 2956 3086 3240 3158; x_wconf 82' lang='grc' dir='ltr'>ἀνέχονται</span> <span class='ocrx_word' id='word_1_518' title='bbox 3269 3088 3392 3141; x_wconf 84' lang='grc' dir='ltr'>κατ’</span> <span class='ocrx_word' id='word_1_519' title='bbox 3419 3086 3666 3158; x_wconf 78' lang='grc' dir='ltr'>ἀλλήλων</span> 
     </span>
    </p>
   </div>
   <div class='ocr_carea' id='block_1_75' title="bbox 2086 3175 3668 3249">
    <p class='ocr_par' dir='ltr' id='par_1_75' title="bbox 2086 3175 3668 3249">
     <span class='ocr_line' id='line_1_75' title="bbox 2086 3175 3668 3249; baseline 0 -19"><span class='ocrx_word' id='word_1_520' title='bbox 2086 3175 2424 3241; x_wconf 77' lang='grc' dir='ltr'>ὁπλίζεσθαι,</span> <span class='ocrx_word' id='word_1_521' title='bbox 2448 3177 2591 3247; x_wconf 81' lang='grc' dir='ltr'>τάχα</span> <span class='ocrx_word' id='word_1_522' title='bbox 2619 3176 2686 3231; x_wconf 80' lang='grc' dir='ltr'>ἂν</span> <span class='ocrx_word' id='word_1_523' title='bbox 2720 3176 2861 3231; x_wconf 86' lang='grc' dir='ltr'>κατά</span> <span class='ocrx_word' id='word_1_524' title='bbox 2919 3175 3030 3231; x_wconf 87' lang='grc' dir='ltr'><strong>τῶν</strong></span> <span class='ocrx_word' id='word_1_525' title='bbox 3089 3178 3525 3249; x_wconf 83' lang='grc' dir='ltr'>σταυρωσάντων</span> <span class='ocrx_word' id='word_1_526' title='bbox 3572 3178 3668 3231; x_wconf 80' lang='grc' dir='ltr'>τὸν</span> 
     </span>
    </p>
   </div>
   <div class='ocr_carea' id='block_1_76' title="bbox 2088 3263 3670 3336">
    <p class='ocr_par' dir='ltr' id='par_1_76' title="bbox 2088 3263 3670 3336">
     <span class='ocr_line' id='line_1_76' title="bbox 2088 3263 3670 3336; baseline -0.001 -17"><span class='ocrx_word' id='word_1_527' title='bbox 2088 3263 2297 3333; x_wconf 76' lang='grc' dir='ltr'>Κύριον</span> <span class='ocrx_word' id='word_1_528' title='bbox 2334 3264 2602 3320; x_wconf 88' lang='grc' dir='ltr'>Ἰουδαίων</span> <span class='ocrx_word' id='word_1_529' title='bbox 2641 3265 2782 3319; x_wconf 84' lang='grc' dir='ltr'>ὅπλα.</span> <span class='ocrx_word' id='word_1_530' title='bbox 2816 3264 3065 3336; x_wconf 74' lang='grc' dir='ltr'>ἑκίνησα,</span> <span class='ocrx_word' id='word_1_531' title='bbox 3099 3265 3194 3320; x_wconf 74' lang='grc' dir='ltr'>καὶ</span> <span class='ocrx_word' id='word_1_532' title='bbox 3230 3265 3670 3336; x_wconf 80' lang='grc' dir='ltr'>παρεπησάμην</span> 
     </span>
    </p>
   </div>
   <div class='ocr_carea' id='block_1_77' title="bbox 2086 3355 3665 3428">
    <p class='ocr_par' dir='ltr' id='par_1_77' title="bbox 2086 3355 3665 3428">
     <span class='ocr_line' id='line_1_77' title="bbox 2086 3355 3665 3428; baseline 0 -19"><span class='ocrx_word' id='word_1_533' title='bbox 2086 3357 2302 3421; x_wconf 82' lang='grc' dir='ltr'>αὐτούς.</span> <span class='ocrx_word' id='word_1_534' title='bbox 2339 3356 2452 3412; x_wconf 79' lang='grc' dir='ltr'><strong>Νῦν</strong></span> <span class='ocrx_word' id='word_1_535' title='bbox 2478 3358 2538 3412; x_wconf 80' lang='grc' dir='ltr'>δὲ</span> <span class='ocrx_word' id='word_1_536' title='bbox 2566 3359 2687 3412; x_wconf 71' lang='grc' dir='ltr'>ἐπεὶ</span> <span class='ocrx_word' id='word_1_537' title='bbox 2727 3356 2912 3412; x_wconf 77' lang='grc' dir='ltr'>καὶτὸ</span> <span class='ocrx_word' id='word_1_538' title='bbox 2948 3355 3119 3421; x_wconf 83' lang='grc' dir='ltr'>πάθος</span> <span class='ocrx_word' id='word_1_539' title='bbox 3165 3357 3332 3413; x_wconf 78' lang='grc' dir='ltr'>αὑτοῦ</span> <span class='ocrx_word' id='word_1_540' title='bbox 3379 3356 3665 3428; x_wconf 66' lang='grc' dir='ltr'>ἐδιδάχθην</span> 
     </span>
    </p>
   </div>
   <div class='ocr_carea' id='block_1_78' title="bbox 2086 3446 3666 3518">
    <p class='ocr_par' dir='ltr' id='par_1_78' title="bbox 2086 3446 3666 3518">
     <span class='ocr_line' id='line_1_78' title="bbox 2086 3446 3666 3518; baseline -0.001 -17"><span class='ocrx_word' id='word_1_541' title='bbox 2086 3446 2359 3513; x_wconf 77' lang='grc' dir='ltr'>ἑκούσιον,</span> <span class='ocrx_word' id='word_1_542' title='bbox 2378 3447 2470 3500; x_wconf 80' lang='grc' dir='ltr'>καὶ</span> <span class='ocrx_word' id='word_1_543' title='bbox 2501 3448 2804 3517; x_wconf 79' lang='grc' dir='ltr'>πέπεισμαι</span> <span class='ocrx_word' id='word_1_544' title='bbox 2830 3446 2906 3511; x_wconf 80' lang='grc' dir='ltr'>ὼς</span> <span class='ocrx_word' id='word_1_545' title='bbox 2932 3446 3030 3501; x_wconf 82' lang='grc' dir='ltr'>οὐκ</span> <span class='ocrx_word' id='word_1_546' title='bbox 3063 3446 3151 3511; x_wconf 81' lang='grc' dir='ltr'>ἂν,</span> <span class='ocrx_word' id='word_1_547' title='bbox 3190 3446 3265 3518; x_wconf 82' lang='grc' dir='ltr'>μὴ</span> <span class='ocrx_word' id='word_1_548' title='bbox 3315 3447 3666 3518; x_wconf 77' lang='grc' dir='ltr'>βουληθέντος</span> 
     </span>
    </p>
   </div>
   <div class='ocr_carea' id='block_1_79' title="bbox 2086 3532 3669 3606">
    <p class='ocr_par' dir='ltr' id='par_1_79' title="bbox 2086 3532 3669 3606">
     <span class='ocr_line' id='line_1_79' title="bbox 2086 3532 3669 3606; baseline 0 -17"><span class='ocrx_word' id='word_1_549' title='bbox 2086 3532 2284 3601; x_wconf 80' lang='grc' dir='ltr'>αὐτοῦ,</span> <span class='ocrx_word' id='word_1_550' title='bbox 2310 3533 2646 3606; x_wconf 85' lang='grc' dir='ltr'>κατίσχυσαν</span> <span class='ocrx_word' id='word_1_551' title='bbox 2667 3536 2719 3588; x_wconf 78' lang='lat' dir='ltr'><strong>oi</strong></span> <span class='ocrx_word' id='word_1_552' title='bbox 2767 3533 3084 3605; x_wconf 80' lang='grc' dir='ltr'>ἀγνώμονες</span> <span class='ocrx_word' id='word_1_553' title='bbox 3123 3536 3244 3589; x_wconf 82' lang='grc' dir='ltr'>κατ’</span> <span class='ocrx_word' id='word_1_554' title='bbox 3280 3534 3468 3599; x_wconf 72' lang='grc' dir='ltr'>αὐτοῦ,</span> <span class='ocrx_word' id='word_1_555' title='bbox 3510 3534 3669 3590; x_wconf 73' lang='grc' dir='ltr'>οὐδὲν</span> 
     </span>
    </p>
   </div>
   <div class='ocr_carea' id='block_1_80' title="bbox 2086 3626 3660 3700">
    <p class='ocr_par' dir='ltr' id='par_1_80' title="bbox 2086 3626 3660 3700">
     <span class='ocr_line' id='line_1_80' title="bbox 2086 3626 3660 3700; baseline -0.001 -18"><span class='ocrx_word' id='word_1_556' title='bbox 2086 3626 2692 3700; x_wconf 72' lang='grc' dir='ltr'>προσπεριεργάξομαι.</span> <span class='ocrx_word' id='word_1_557' title='bbox 2718 3626 2923 3696; x_wconf 81' lang='grc' dir='ltr'>Δέομαι</span> <span class='ocrx_word' id='word_1_558' title='bbox 2954 3627 3012 3681; x_wconf 80' lang='grc' dir='ltr'><strong>δι</strong></span> <span class='ocrx_word' id='word_1_559' title='bbox 3032 3628 3127 3682; x_wconf 73' lang='grc' dir='ltr'>καὶ</span> <span class='ocrx_word' id='word_1_560' title='bbox 3153 3627 3249 3681; x_wconf 79' lang='grc' dir='ltr'><strong>τοῦ</strong></span> <span class='ocrx_word' id='word_1_561' title='bbox 3282 3628 3430 3682; x_wconf 82' lang='grc' dir='ltr'>θείου</span> <span class='ocrx_word' id='word_1_562' title='bbox 3466 3628 3660 3699; x_wconf 81' lang='grc' dir='ltr'>βαπτί-</span> 
     </span>
    </p>
   </div>
   <div class='ocr_carea' id='block_1_81' title="bbox 2087 3719 3662 3792">
    <p class='ocr_par' dir='ltr' id='par_1_81' title="bbox 2087 3719 3662 3792">
     <span class='ocr_line' id='line_1_81' title="bbox 2087 3719 3662 3792; baseline 0.001 -18"><span class='ocrx_word' id='word_1_563' title='bbox 2087 3737 2294 3792; x_wconf 87' lang='grc' dir='ltr'>σματος</span> <span class='ocrx_word' id='word_1_564' title='bbox 2350 3719 2676 3790; x_wconf 78' lang='grc' dir='ltr'>ἀξιωθῆναι,</span> <span class='ocrx_word' id='word_1_565' title='bbox 2720 3719 2819 3775; x_wconf 77' lang='grc' dir='ltr'>καὶ</span> <span class='ocrx_word' id='word_1_566' title='bbox 2869 3719 3091 3774; x_wconf 75' lang='grc' dir='ltr'>πανοικὶ</span> <span class='ocrx_word' id='word_1_567' title='bbox 3149 3720 3662 3791; x_wconf 73' lang='grc' dir='ltr'>προσοικειωθῆναι,</span> 
     </span>
    </p>
   </div>
   <div class='ocr_carea' id='block_1_82' title="bbox 2086 3806 3669 3881">
    <p class='ocr_par' dir='ltr' id='par_1_82' title="bbox 2086 3806 3669 3881">
     <span class='ocr_line' id='line_1_82' title="bbox 2086 3806 3669 3881; baseline -0.004 -13"><span class='ocrx_word' id='word_1_568' title='bbox 2086 3814 2181 3868; x_wconf 74' lang='grc' dir='ltr'>καὶ</span> <span class='ocrx_word' id='word_1_569' title='bbox 2229 3810 2515 3867; x_wconf 76' lang='grc' dir='ltr'>ἀναθεῖναι</span> <span class='ocrx_word' id='word_1_570' title='bbox 2559 3810 2639 3881; x_wconf 79' lang='grc' dir='ltr'><strong>τῷ</strong></span> <span class='ocrx_word' id='word_1_571' title='bbox 2688 3809 2938 3881; x_wconf 76' lang='grc' dir='ltr'>Δεσπότῃ</span> <span class='ocrx_word' id='word_1_572' title='bbox 2986 3806 3230 3879; x_wconf 82' lang='grc' dir='ltr'>Χριστῷ.</span> <span class='ocrx_word' id='word_1_573' title='bbox 3271 3807 3451 3862; x_wconf 82' lang='grc' dir='ltr'>Πολλά</span> <span class='ocrx_word' id='word_1_574' title='bbox 3485 3810 3669 3863; x_wconf 81' lang='grc' dir='ltr'>τοίνυν</span> 
     </span>
    </p>
   </div>
   <div class='ocr_carea' id='block_1_83' title="bbox 2084 3899 3663 3975">
    <p class='ocr_par' dir='ltr' id='par_1_83' title="bbox 2084 3899 3663 3975">
     <span class='ocr_line' id='line_1_83' title="bbox 2084 3899 3663 3975; baseline -0.006 -12"><span class='ocrx_word' id='word_1_575' title='bbox 2084 3903 2408 3969; x_wconf 62' lang='grc' dir='ltr'>ἄπιτελέσας</span> <span class='ocrx_word' id='word_1_576' title='bbox 2433 3903 2688 3975; x_wconf 73' lang='grc' dir='ltr'>θαύματα</span> <span class='ocrx_word' id='word_1_577' title='bbox 2714 3902 2983 3974; x_wconf 85' lang='grc' dir='ltr'>πρότερον</span> <span class='ocrx_word' id='word_1_578' title='bbox 3010 3901 3040 3955; x_wconf 86' lang='grc' dir='ltr'><strong>ό</strong></span> <span class='ocrx_word' id='word_1_579' title='bbox 3065 3899 3162 3955; x_wconf 79' lang='grc' dir='ltr'><strong>τοῦ</strong></span> <span class='ocrx_word' id='word_1_580' title='bbox 3186 3900 3395 3972; x_wconf 81' lang='grc' dir='ltr'>Κυρίου</span> <span class='ocrx_word' id='word_1_581' title='bbox 3425 3900 3663 3955; x_wconf 60' lang='lat' dir='ltr'><strong>suam.</strong></span> 
     </span>
    </p>
   </div>
   <div class='ocr_carea' id='block_1_84' title="bbox 2085 3991 3665 4064">
    <p class='ocr_par' dir='ltr' id='par_1_84' title="bbox 2085 3991 3665 4064">
     <span class='ocr_line' id='line_1_84' title="bbox 2085 3991 3665 4064; baseline -0.004 -12"><span class='ocrx_word' id='word_1_582' title='bbox 2085 3998 2195 4064; x_wconf 85' lang='grc' dir='ltr'>λος,</span> <span class='ocrx_word' id='word_1_583' title='bbox 2231 3998 2326 4052; x_wconf 71' lang='grc' dir='ltr'>καὶ</span> <span class='ocrx_word' id='word_1_584' title='bbox 2358 3997 2567 4061; x_wconf 83' lang='grc' dir='ltr'>πάντας</span> <span class='ocrx_word' id='word_1_585' title='bbox 2597 3991 2706 4050; x_wconf 68' lang='grc' dir='ltr'>ἀπὸ</span> <span class='ocrx_word' id='word_1_586' title='bbox 2729 3996 2839 4051; x_wconf 87' lang='grc' dir='ltr'><strong>τῶν</strong></span> <span class='ocrx_word' id='word_1_587' title='bbox 2869 3994 3042 4048; x_wconf 84' lang='grc' dir='ltr'>νόσων</span> <span class='ocrx_word' id='word_1_588' title='bbox 3056 3992 3236 4048; x_wconf 81' lang='grc' dir='ltr'>αὐτῶν</span> <span class='ocrx_word' id='word_1_589' title='bbox 3260 3993 3575 4063; x_wconf 70' lang='grc' dir='ltr'>ἰασάμενος,</span> <span class='ocrx_word' id='word_1_590' title='bbox 3603 3994 3665 4045; x_wconf 79' lang='grc' dir='ltr'>ὲν</span> 
     </span>
    </p>
   </div>
   <div class='ocr_carea' id='block_1_85' title="bbox 2083 4079 3661 4159">
    <p class='ocr_par' dir='ltr' id='par_1_85' title="bbox 2083 4079 3661 4159">
     <span class='ocr_line' id='line_1_85' title="bbox 2083 4079 3661 4159; baseline -0.005 -18"><span class='ocrx_word' id='word_1_591' title='bbox 2083 4081 2164 4152; x_wconf 74' lang='grc' dir='ltr'>οἷς</span> <span class='ocrx_word' id='word_1_592' title='bbox 2192 4083 2262 4159; x_wconf 81' lang='grc' dir='ltr'>ἦν</span> <span class='ocrx_word' id='word_1_593' title='bbox 2290 4086 2384 4141; x_wconf 70' lang='grc' dir='ltr'>καὶ</span> <span class='ocrx_word' id='word_1_594' title='bbox 2405 4087 2436 4139; x_wconf 87' lang='grc' dir='ltr'><strong>δ</strong></span> <span class='ocrx_word' id='word_1_595' title='bbox 2460 4083 2677 4158; x_wconf 85' lang='grc' dir='ltr'>πρῶτος</span> <span class='ocrx_word' id='word_1_596' title='bbox 2719 4082 2818 4154; x_wconf 85' lang='grc' dir='ltr'>τὴν</span> <span class='ocrx_word' id='word_1_597' title='bbox 2866 4082 2995 4152; x_wconf 76' lang='grc' dir='ltr'>περὶ</span> <span class='ocrx_word' id='word_1_598' title='bbox 3043 4081 3207 4138; x_wconf 83' lang='grc' dir='ltr'><strong>αὑτοῦ</strong></span> <span class='ocrx_word' id='word_1_599' title='bbox 3233 4083 3419 4152; x_wconf 77' lang='grc' dir='ltr'>φήμην</span> <span class='ocrx_word' id='word_1_600' title='bbox 3449 4079 3526 4149; x_wconf 81' lang='grc' dir='ltr'><strong>τῷ</strong></span> <span class='ocrx_word' id='word_1_601' title='bbox 3548 4081 3661 4133; x_wconf 75' lang='grc' dir='ltr'><strong>Αὑ-</strong></span> 
     </span>
    </p>
   </div>
   <div class='ocr_carea' id='block_1_86' title="bbox 2082 4171 3659 4252">
    <p class='ocr_par' dir='ltr' id='par_1_86' title="bbox 2082 4171 3659 4252">
     <span class='ocr_line' id='line_1_86' title="bbox 2082 4171 3659 4252; baseline -0.007 -17"><span class='ocrx_word' id='word_1_602' title='bbox 2082 4179 2240 4252; x_wconf 83' lang='grc' dir='ltr'>γάρῳ</span> <span class='ocrx_word' id='word_1_603' title='bbox 2275 4177 2606 4246; x_wconf 78' lang='grc' dir='ltr'>ἀνενεγκὼν,</span> <span class='ocrx_word' id='word_1_604' title='bbox 2638 4175 2697 4230; x_wconf 83' lang='grc' dir='ltr'>ὃν</span> <span class='ocrx_word' id='word_1_605' title='bbox 2729 4174 3057 4243; x_wconf 79' lang='grc' dir='ltr'>ποδαλγικοῦ</span> <span class='ocrx_word' id='word_1_606' title='bbox 3082 4173 3403 4245; x_wconf 82' lang='grc' dir='ltr'>παθήματος</span> <span class='ocrx_word' id='word_1_607' title='bbox 3430 4171 3659 4244; x_wconf 69' lang='grc' dir='ltr'>ἠλευθέ-</span> 
     </span>
    </p>
   </div>
   <div class='ocr_carea' id='block_1_87' title="bbox 2086 4262 3654 4344">
    <p class='ocr_par' dir='ltr' id='par_1_87' title="bbox 2086 4262 3654 4344">
     <span class='ocr_line' id='line_1_87' title="bbox 2086 4262 3654 4344; baseline -0.004 -20"><span class='ocrx_word' id='word_1_608' title='bbox 2086 4286 2249 4344; x_wconf 89' lang='grc' dir='ltr'>ρωσε,</span> <span class='ocrx_word' id='word_1_609' title='bbox 2279 4270 2599 4341; x_wconf 79' lang='grc' dir='ltr'>προσήγαγε</span> <span class='ocrx_word' id='word_1_610' title='bbox 2614 4269 2682 4339; x_wconf 78' lang='grc' dir='ltr'>τῇ</span> <span class='ocrx_word' id='word_1_611' title='bbox 2699 4267 2823 4337; x_wconf 74' lang='grc' dir='ltr'>θείᾳ</span> <span class='ocrx_word' id='word_1_612' title='bbox 2857 4265 3223 4338; x_wconf 80' lang='grc' dir='ltr'>κολυμδήθρᾳ</span> <span class='ocrx_word' id='word_1_613' title='bbox 3256 4264 3347 4319; x_wconf 84' lang='grc' dir='ltr'><strong>τδν</strong></span> <span class='ocrx_word' id='word_1_614' title='bbox 3375 4262 3654 4336; x_wconf 71' lang='grc' dir='ltr'>Δῦγαρον.</span> 
     </span>
    </p>
   </div>
   <div class='ocr_carea' id='block_1_88' title="bbox 395 4353 1983 4445">
    <p class='ocr_par' dir='ltr' id='par_1_88' title="bbox 395 4354 1977 4437">
     <span class='ocr_line' id='line_1_88' title="bbox 395 4354 1977 4437; baseline 0.009 -30"><span class='ocrx_word' id='word_1_615' title='bbox 395 4354 676 4425; x_wconf 81' lang='lat' dir='ltr'><strong>Augarum</strong></span> <span class='ocrx_word' id='word_1_616' title='bbox 701 4356 932 4425; x_wconf 74' lang='lat' dir='ltr'><strong>piscinae</strong></span> <span class='ocrx_word' id='word_1_617' title='bbox 951 4357 1194 4420; x_wconf 78' lang='lat' dir='ltr'><strong>admovit</strong></span> <span class='ocrx_word' id='word_1_618' title='bbox 1222 4378 1236 4416; x_wconf 89' lang='lat'><strong>:</strong></span> <span class='ocrx_word' id='word_1_619' title='bbox 1273 4360 1644 4434; x_wconf 82' lang='lat' dir='ltr'><strong>legitimisque</strong></span> <span class='ocrx_word' id='word_1_620' title='bbox 1677 4365 1733 4421; x_wconf 92' lang='lat' dir='ltr'><strong>in</strong></span> <span class='ocrx_word' id='word_1_621' title='bbox 1763 4379 1829 4421; x_wconf 92' lang='lat' dir='ltr'><strong>eo</strong></span> <span class='ocrx_word' id='word_1_622' title='bbox 1850 4381 1977 4437; x_wconf 74' lang='lat' dir='ltr'><strong>per-</strong></span> 
     </span>
    </p>
   </div>
   <div class='ocr_carea' id='block_1_89' title="bbox 2088 4353 3663 4445">
    <p class='ocr_par' dir='ltr' id='par_1_89' title="bbox 2088 4353 3663 4433">
     <span class='ocr_line' id='line_1_89' title="bbox 2088 4353 3663 4433; baseline -0.008 -14"><span class='ocrx_word' id='word_1_623' title='bbox 2088 4364 2194 4419; x_wconf 76' lang='grc' dir='ltr'>Καὶ</span> <span class='ocrx_word' id='word_1_624' title='bbox 2221 4362 2290 4417; x_wconf 86' lang='grc' dir='ltr'><strong>τὰ</strong></span> <span class='ocrx_word' id='word_1_625' title='bbox 2313 4359 2775 4433; x_wconf 70' lang='grc' dir='ltr'>νενομισμέναὲπ⁹</span> <span class='ocrx_word' id='word_1_626' title='bbox 2797 4358 2948 4430; x_wconf 83' lang='grc' dir='ltr'>αὐτῷ</span> <span class='ocrx_word' id='word_1_627' title='bbox 2975 4357 3226 4423; x_wconf 79' lang='grc' dir='ltr'>τελέσας,</span> <span class='ocrx_word' id='word_1_628' title='bbox 3248 4354 3542 4410; x_wconf 71' lang='grc' dir='ltr'>ἐϐάπτισεν</span> <span class='ocrx_word' id='word_1_629' title='bbox 3561 4353 3663 4408; x_wconf 79' lang='grc' dir='ltr'><strong>αὑ-</strong></span> 
     </span>
    </p>
   </div>
   <div class='ocr_carea' id='block_1_90' title="bbox 396 4445 1981 4527">
    <p class='ocr_par' dir='ltr' id='par_1_90' title="bbox 396 4445 1981 4527">
     <span class='ocr_line' id='line_1_90' title="bbox 396 4445 1981 4527; baseline 0.01 -28"><span class='ocrx_word' id='word_1_630' title='bbox 396 4445 558 4514; x_wconf 84' lang='lat' dir='ltr'><strong>actis,</strong></span> <span class='ocrx_word' id='word_1_631' title='bbox 592 4447 770 4519; x_wconf 82' lang='lat' dir='ltr'><strong>ipsum</strong></span> <span class='ocrx_word' id='word_1_632' title='bbox 801 4463 864 4505; x_wconf 88' lang='lat' dir='ltr'><strong>ac</strong></span> <span class='ocrx_word' id='word_1_633' title='bbox 893 4464 1123 4513; x_wconf 67' lang='lat' dir='ltr'><strong>uxorem</strong></span> <span class='ocrx_word' id='word_1_634' title='bbox 1166 4453 1481 4527; x_wconf 76' lang='lat' dir='ltr'><strong>liberosque</strong></span> <span class='ocrx_word' id='word_1_635' title='bbox 1505 4471 1628 4513; x_wconf 89' lang='lat' dir='ltr'><strong>cum</strong></span> <span class='ocrx_word' id='word_1_636' title='bbox 1663 4465 1777 4514; x_wconf 86' lang='lat' dir='ltr'><strong>tota</strong></span> <span class='ocrx_word' id='word_1_637' title='bbox 1818 4457 1981 4515; x_wconf 78' lang='lat' dir='ltr'><strong>fami—</strong></span> 
     </span>
    </p>
   </div>
   <div class='ocr_carea' id='block_1_91' title="bbox 394 4539 1973 4620">
    <p class='ocr_par' dir='ltr' id='par_1_91' title="bbox 394 4539 1973 4620">
     <span class='ocr_line' id='line_1_91' title="bbox 394 4539 1973 4620; baseline 0.008 -29"><span class='ocrx_word' id='word_1_638' title='bbox 394 4539 467 4592; x_wconf 88' lang='lat' dir='ltr'><strong>lia</strong></span> <span class='ocrx_word' id='word_1_639' title='bbox 496 4539 690 4608; x_wconf 83' lang='lat' dir='ltr'><strong>tiuxit;</strong></span> <span class='ocrx_word' id='word_1_640' title='bbox 731 4542 981 4613; x_wconf 79' lang='lat' dir='ltr'><strong>exiitque</strong></span> <span class='ocrx_word' id='word_1_641' title='bbox 1029 4558 1060 4598; x_wconf 91' lang='lat' dir='ltr'><strong>e</strong></span> <span class='ocrx_word' id='word_1_642' title='bbox 1088 4543 1273 4603; x_wconf 72' lang='lat' dir='ltr'><strong>divina</strong></span> <span class='ocrx_word' id='word_1_643' title='bbox 1312 4546 1415 4604; x_wconf 82' lang='lat' dir='ltr'><strong>hac</strong></span> <span class='ocrx_word' id='word_1_644' title='bbox 1452 4548 1784 4620; x_wconf 76' lang='lat' dir='ltr'><strong>expiationis</strong></span> <span class='ocrx_word' id='word_1_645' title='bbox 1824 4551 1973 4606; x_wconf 89' lang='lat' dir='ltr'><strong>unda</strong></span> 
     </span>
    </p>
   </div>
   <div class='ocr_carea' id='block_1_92' title="bbox 396 4631 1977 4713">
    <p class='ocr_par' dir='ltr' id='par_1_92' title="bbox 396 4631 1977 4713">
     <span class='ocr_line' id='line_1_92' title="bbox 396 4631 1977 4713; baseline 0.01 -30"><span class='ocrx_word' id='word_1_646' title='bbox 396 4631 638 4695; x_wconf 80' lang='lat' dir='ltr'><strong>mundus</strong></span> <span class='ocrx_word' id='word_1_647' title='bbox 694 4642 845 4695; x_wconf 79' lang='lat' dir='ltr'><strong>totus</strong></span> <span class='ocrx_word' id='word_1_648' title='bbox 897 4649 961 4693; x_wconf 82' lang='lat' dir='ltr'><strong>ac</strong></span> <span class='ocrx_word' id='word_1_649' title='bbox 1020 4649 1213 4706; x_wconf 70' lang='lat' dir='ltr'><strong>sanus,</strong></span> <span class='ocrx_word' id='word_1_650' title='bbox 1276 4640 1428 4712; x_wconf 85' lang='lat' dir='ltr'><strong>lepra</strong></span> <span class='ocrx_word' id='word_1_651' title='bbox 1482 4648 1709 4713; x_wconf 81' lang='lat' dir='ltr'><strong>repente</strong></span> <span class='ocrx_word' id='word_1_652' title='bbox 1751 4643 1977 4709; x_wconf 87' lang='lat' dir='ltr'><strong>abolita,</strong></span> 
     </span>
    </p>
   </div>
   <div class='ocr_carea' id='block_1_93' title="bbox 395 4722 1979 4803">
    <p class='ocr_par' dir='ltr' id='par_1_93' title="bbox 395 4722 1979 4803">
     <span class='ocr_line' id='line_1_93' title="bbox 395 4722 1979 4803; baseline 0.01 -27"><span class='ocrx_word' id='word_1_653' title='bbox 395 4722 575 4792; x_wconf 80' lang='lat' dir='ltr'><strong>iisque</strong></span> <span class='ocrx_word' id='word_1_654' title='bbox 593 4723 727 4794; x_wconf 83' lang='lat' dir='ltr'><strong>ipsis</strong></span> <span class='ocrx_word' id='word_1_655' title='bbox 752 4726 944 4796; x_wconf 86' lang='lat' dir='ltr'><strong>paucis</strong></span> <span class='ocrx_word' id='word_1_656' title='bbox 972 4730 1238 4801; x_wconf 83' lang='lat' dir='ltr'><strong>reliquiis,</strong></span> <span class='ocrx_word' id='word_1_657' title='bbox 1257 4734 1459 4803; x_wconf 87' lang='lat' dir='ltr'><strong>quibus</strong></span> <span class='ocrx_word' id='word_1_658' title='bbox 1483 4733 1587 4790; x_wconf 88' lang='lat' dir='ltr'><strong>viri</strong></span> <span class='ocrx_word' id='word_1_659' title='bbox 1610 4734 1760 4792; x_wconf 78' lang='lat' dir='ltr'><strong>frons</strong></span> <span class='ocrx_word' id='word_1_660' title='bbox 1796 4734 1979 4792; x_wconf 89' lang='lat' dir='ltr'><strong>inusta</strong></span> 
     </span>
    </p>
   </div>
   <div class='ocr_carea' id='block_1_94' title="bbox 393 4814 732 4884">
    <p class='ocr_par' dir='ltr' id='par_1_94' title="bbox 393 4814 732 4884">
     <span class='ocr_line' id='line_1_94' title="bbox 393 4814 732 4884; baseline 0 -13"><span class='ocrx_word' id='word_1_661' title='bbox 393 4814 732 4884; x_wconf 83' lang='lat' dir='ltr'><strong>perstiterat.</strong></span> 
     </span>
    </p>
   </div>
   <div class='ocr_carea' id='block_1_95' title="bbox 466 5001 1976 5081">
    <p class='ocr_par' dir='ltr' id='par_1_95' title="bbox 466 5001 1976 5081">
     <span class='ocr_line' id='line_1_95' title="bbox 466 5001 1976 5081; baseline 0.007 -24"><span class='ocrx_word' id='word_1_662' title='bbox 466 5001 582 5063; x_wconf 78' lang='lat' dir='ltr'><strong>XV.</strong></span> <span class='ocrx_word' id='word_1_663' title='bbox 626 5001 768 5065; x_wconf 79' lang='lat' dir='ltr'><strong>Hine</strong></span> <span class='ocrx_word' id='word_1_664' title='bbox 793 5007 995 5064; x_wconf 78' lang='lat' dir='ltr'><strong>factum</strong></span> <span class='ocrx_word' id='word_1_665' title='bbox 1032 5015 1092 5065; x_wconf 78' lang='lat' dir='ltr'><strong>ut</strong></span> <span class='ocrx_word' id='word_1_666' title='bbox 1128 5009 1373 5080; x_wconf 85' lang='lat' dir='ltr'><strong>regulus,</strong></span> <span class='ocrx_word' id='word_1_667' title='bbox 1405 5010 1501 5081; x_wconf 86' lang='lat' dir='ltr'><strong>qui</strong></span> <span class='ocrx_word' id='word_1_668' title='bbox 1521 5009 1645 5080; x_wconf 83' lang='lat' dir='ltr'><strong>ejus</strong></span> <span class='ocrx_word' id='word_1_669' title='bbox 1676 5008 1976 5067; x_wconf 69' lang='lat' dir='ltr'><strong>Dominicze</strong></span> 
     </span>
    </p>
   </div>
   <div class='ocr_carea' id='block_1_96' title="bbox 394 5091 1973 5164">
    <p class='ocr_par' dir='ltr' id='par_1_96' title="bbox 394 5091 1973 5164">
     <span class='ocr_line' id='line_1_96' title="bbox 394 5091 1973 5164; baseline 0.006 -18"><span class='ocrx_word' id='word_1_670' title='bbox 394 5091 587 5164; x_wconf 79' lang='lat' dir='ltr'><strong>eﬂigici</strong></span> <span class='ocrx_word' id='word_1_671' title='bbox 618 5109 682 5150; x_wconf 90' lang='lat' dir='ltr'><strong>ac</strong></span> <span class='ocrx_word' id='word_1_672' title='bbox 708 5095 899 5153; x_wconf 62' lang='lat' dir='ltr'><strong>forma</strong></span> <span class='ocrx_word' id='word_1_673' title='bbox 929 5098 1107 5154; x_wconf 89' lang='lat' dir='ltr'><strong>modis</strong></span> <span class='ocrx_word' id='word_1_674' title='bbox 1136 5099 1403 5157; x_wconf 88' lang='lat' dir='ltr'><strong>omnibus</strong></span> <span class='ocrx_word' id='word_1_675' title='bbox 1430 5110 1721 5157; x_wconf 85' lang='lat' dir='ltr'><strong>venerator</strong></span> <span class='ocrx_word' id='word_1_676' title='bbox 1759 5101 1973 5158; x_wconf 81' lang='lat' dir='ltr'><strong>cultor-</strong></span> 
     </span>
    </p>
   </div>
   <div class='ocr_carea' id='block_1_97' title="bbox 393 5188 1971 5263">
    <p class='ocr_par' dir='ltr' id='par_1_97' title="bbox 393 5188 1971 5263">
     <span class='ocr_line' id='line_1_97' title="bbox 393 5188 1971 5263; baseline 0.005 -25"><span class='ocrx_word' id='word_1_677' title='bbox 393 5200 501 5256; x_wconf 88' lang='lat' dir='ltr'><strong>que</strong></span> <span class='ocrx_word' id='word_1_678' title='bbox 532 5188 845 5254; x_wconf 82' lang='lat' dir='ltr'><strong>exsisteret,</strong></span> <span class='ocrx_word' id='word_1_679' title='bbox 879 5190 980 5245; x_wconf 89' lang='lat' dir='ltr'><strong>hoc</strong></span> <span class='ocrx_word' id='word_1_680' title='bbox 1014 5204 1236 5260; x_wconf 83' lang='lat' dir='ltr'><strong>quoque</strong></span> <span class='ocrx_word' id='word_1_681' title='bbox 1275 5191 1343 5246; x_wconf 88' lang='lat' dir='ltr'><strong>ad</strong></span> <span class='ocrx_word' id='word_1_682' title='bbox 1384 5192 1547 5247; x_wconf 90' lang='lat' dir='ltr'><strong>aliam</strong></span> <span class='ocrx_word' id='word_1_683' title='bbox 1587 5193 1710 5263; x_wconf 81' lang='lat' dir='ltr'><strong>ejus</strong></span> <span class='ocrx_word' id='word_1_684' title='bbox 1742 5192 1971 5263; x_wconf 84' lang='lat' dir='ltr'><strong>religio-</strong></span> 
     </span>
    </p>
   </div>
   <div class='ocr_carea' id='block_1_98' title="bbox 392 5280 1971 5355">
    <p class='ocr_par' dir='ltr' id='par_1_98' title="bbox 392 5280 1971 5355">
     <span class='ocr_line' id='line_1_98' title="bbox 392 5280 1971 5355; baseline 0.001 -21"><span class='ocrx_word' id='word_1_685' title='bbox 392 5294 516 5336; x_wconf 78' lang='lat' dir='ltr'><strong>nem</strong></span> <span class='ocrx_word' id='word_1_686' title='bbox 544 5280 827 5351; x_wconf 79' lang='lat' dir='ltr'><strong>adiiceret.</strong></span> <span class='ocrx_word' id='word_1_687' title='bbox 857 5280 1089 5350; x_wconf 82' lang='lat' dir='ltr'><strong>Nempe,</strong></span> <span class='ocrx_word' id='word_1_688' title='bbox 1121 5282 1365 5355; x_wconf 81' lang='lat' dir='ltr'><strong>antiquis</strong></span> <span class='ocrx_word' id='word_1_689' title='bbox 1389 5282 1609 5339; x_wconf 56' lang='lat' dir='ltr'><strong>Edessa)</strong></span> <span class='ocrx_word' id='word_1_690' title='bbox 1638 5283 1851 5339; x_wconf 87' lang='lat' dir='ltr'><strong>civibus</strong></span> <span class='ocrx_word' id='word_1_691' title='bbox 1885 5283 1971 5339; x_wconf 89' lang='lat' dir='ltr'><strong>dei</strong></span> 
     </span>
    </p>
   </div>
   <div class='ocr_carea' id='block_1_99' title="bbox 392 5370 1975 5445">
    <p class='ocr_par' dir='ltr' id='par_1_99' title="bbox 392 5370 1975 5445">
     <span class='ocr_line' id='line_1_99' title="bbox 392 5370 1975 5445; baseline 0.003 -20"><span class='ocrx_word' id='word_1_692' title='bbox 392 5372 681 5442; x_wconf 81' lang='lat' dir='ltr'><strong>cujusdam</strong></span> <span class='ocrx_word' id='word_1_693' title='bbox 712 5370 1041 5431; x_wconf 65' lang='lat' dir='ltr'><strong>Graecanica:</strong></span> <span class='ocrx_word' id='word_1_694' title='bbox 1067 5373 1480 5444; x_wconf 82' lang='lat' dir='ltr'><strong>superstitionis</strong></span> <span class='ocrx_word' id='word_1_695' title='bbox 1514 5379 1716 5439; x_wconf 88' lang='lat' dir='ltr'><strong>statua,</strong></span> <span class='ocrx_word' id='word_1_696' title='bbox 1743 5387 1842 5443; x_wconf 87' lang='lat' dir='ltr'><strong>pro</strong></span> <span class='ocrx_word' id='word_1_697' title='bbox 1870 5388 1975 5445; x_wconf 71' lang='lat' dir='ltr'><strong>pu~</strong></span> 
     </span>
    </p>
   </div>
   <div class='ocr_carea' id='block_1_100' title="bbox 390 5464 1974 5536">
    <p class='ocr_par' dir='ltr' id='par_1_100' title="bbox 390 5464 1974 5536">
     <span class='ocr_line' id='line_1_100' title="bbox 390 5464 1974 5536; baseline 0.001 -16"><span class='ocrx_word' id='word_1_698' title='bbox 390 5464 536 5523; x_wconf 87' lang='lat' dir='ltr'><strong>blica</strong></span> <span class='ocrx_word' id='word_1_699' title='bbox 563 5465 716 5522; x_wconf 85' lang='lat' dir='ltr'><strong>urbis</strong></span> <span class='ocrx_word' id='word_1_700' title='bbox 756 5471 911 5536; x_wconf 87' lang='lat' dir='ltr'><strong>porta</strong></span> <span class='ocrx_word' id='word_1_701' title='bbox 951 5473 1135 5523; x_wconf 83' lang='lat' dir='ltr'><strong>erecta</strong></span> <span class='ocrx_word' id='word_1_702' title='bbox 1178 5473 1320 5531; x_wconf 86' lang='lat' dir='ltr'><strong>erat,</strong></span> <span class='ocrx_word' id='word_1_703' title='bbox 1364 5465 1455 5521; x_wconf 92' lang='lat' dir='ltr'><strong>cui</strong></span> <span class='ocrx_word' id='word_1_704' title='bbox 1499 5478 1727 5521; x_wconf 88' lang='lat' dir='ltr'><strong>necesse</strong></span> <span class='ocrx_word' id='word_1_705' title='bbox 1764 5467 1974 5521; x_wconf 86' lang='lat' dir='ltr'><strong>cultum</strong></span> 
     </span>
    </p>
   </div>
   <div class='ocr_carea' id='block_1_101' title="bbox 2082 4447 3663 4528">
    <p class='ocr_par' dir='ltr' id='par_1_101' title="bbox 2082 4447 3663 4528">
     <span class='ocr_line' id='line_1_101' title="bbox 2082 4447 3663 4528; baseline -0.008 -17"><span class='ocrx_word' id='word_1_706' title='bbox 2082 4458 2175 4513; x_wconf 90' lang='grc' dir='ltr'><strong>τόν</strong></span> <span class='ocrx_word' id='word_1_707' title='bbox 2193 4475 2254 4513; x_wconf 87' lang='grc' dir='ltr'><strong>τε</strong></span> <span class='ocrx_word' id='word_1_708' title='bbox 2272 4456 2368 4511; x_wconf 73' lang='grc' dir='ltr'>καὶ</span> <span class='ocrx_word' id='word_1_709' title='bbox 2390 4456 2492 4528; x_wconf 78' lang='grc' dir='ltr'>τὴν</span> <span class='ocrx_word' id='word_1_710' title='bbox 2522 4454 2758 4524; x_wconf 76' lang='grc' dir='ltr'>γυναῖκα</span> <span class='ocrx_word' id='word_1_711' title='bbox 2778 4451 2959 4507; x_wconf 78' lang='grc' dir='ltr'>καὶτὰ</span> <span class='ocrx_word' id='word_1_712' title='bbox 2988 4452 3174 4514; x_wconf 80' lang='grc' dir='ltr'>τέκνα,</span> <span class='ocrx_word' id='word_1_713' title='bbox 3194 4450 3289 4503; x_wconf 75' lang='grc' dir='ltr'>καὶ</span> <span class='ocrx_word' id='word_1_714' title='bbox 3304 4449 3517 4510; x_wconf 84' lang='grc' dir='ltr'>πάντας</span> <span class='ocrx_word' id='word_1_715' title='bbox 3535 4447 3663 4508; x_wconf 78' lang='grc' dir='ltr'>τοὺς</span> 
     </span>
    </p>
   </div>
   <div class='ocr_carea' id='block_1_102' title="bbox 2080 4536 3663 4621">
    <p class='ocr_par' dir='ltr' id='par_1_102' title="bbox 2080 4536 3663 4621">
     <span class='ocr_line' id='line_1_102' title="bbox 2080 4536 3663 4621; baseline -0.011 -15"><span class='ocrx_word' id='word_1_716' title='bbox 2080 4548 2220 4621; x_wconf 70' lang='grc' dir='ltr'><strong>ὲνξτῇ</strong></span> <span class='ocrx_word' id='word_1_717' title='bbox 2245 4548 2393 4620; x_wconf 72' lang='grc' dir='ltr'>οἰκίᾳ</span> <span class='ocrx_word' id='word_1_718' title='bbox 2421 4545 2608 4603; x_wconf 81' lang='grc' dir='ltr'>αὑτοῦ.</span> <span class='ocrx_word' id='word_1_719' title='bbox 2642 4546 2753 4602; x_wconf 79' lang='grc' dir='ltr'>Καὶ</span> <span class='ocrx_word' id='word_1_720' title='bbox 2776 4542 3003 4615; x_wconf 71' lang='grc' dir='ltr'>ἐξῆλθεν</span> <span class='ocrx_word' id='word_1_721' title='bbox 3023 4543 3135 4598; x_wconf 77' lang='grc' dir='ltr'><strong>ἀπὸ</strong></span> <span class='ocrx_word' id='word_1_722' title='bbox 3166 4541 3261 4595; x_wconf 79' lang='grc' dir='ltr'>τοῦ</span> <span class='ocrx_word' id='word_1_723' title='bbox 3289 4539 3443 4594; x_wconf 85' lang='grc' dir='ltr'>θείου</span> <span class='ocrx_word' id='word_1_724' title='bbox 3466 4536 3663 4592; x_wconf 73' lang='grc' dir='ltr'>τούτου</span> 
     </span>
    </p>
   </div>
   <div class='ocr_carea' id='block_1_103' title="bbox 2079 4626 3658 4728">
    <p class='ocr_par' dir='ltr' id='par_1_103' title="bbox 2079 4626 3658 4728">
     <span class='ocr_line' id='line_1_103' title="bbox 2079 4626 3658 4728; baseline 0.001 -39"><span class='ocrx_word' id='word_1_725' title='bbox 2079 4635 2181 4708; x_wconf 83' lang='grc' dir='ltr'>τῆς</span> <span class='ocrx_word' id='word_1_726' title='bbox 2222 4634 2546 4707; x_wconf 86' lang='grc' dir='ltr'>καθάρσεως</span> <span class='ocrx_word' id='word_1_727' title='bbox 2591 4634 2833 4728; x_wconf 38' lang='grc' dir='ltr'>ὓδατος.-</span> <span class='ocrx_word' id='word_1_728' title='bbox 2865 4631 3134 4728; x_wconf 60' lang='grc' dir='ltr'>καθαρὸςῇ</span> <span class='ocrx_word' id='word_1_729' title='bbox 3154 4631 3304 4728; x_wconf 38' lang='grc' dir='ltr'>ὅλος.</span> <span class='ocrx_word' id='word_1_730' title='bbox 3330 4630 3425 4683; x_wconf 76' lang='grc' dir='ltr'>καὶ</span> <span class='ocrx_word' id='word_1_731' title='bbox 3474 4626 3658 4728; x_wconf 47' lang='grc' dir='ltr'>ὑγιὴςζ</span> 
     </span>
    </p>
   </div>
   <div class='ocr_carea' id='block_1_104' title="bbox 2080 4719 3661 4797">
    <p class='ocr_par' dir='ltr' id='par_1_104' title="bbox 2080 4719 3661 4797">
     <span class='ocr_line' id='line_1_104' title="bbox 2080 4719 3661 4797; baseline -0.008 -15"><span class='ocrx_word' id='word_1_732' title='bbox 2080 4724 2473 4797; x_wconf 79' lang='grc' dir='ltr'>ἀφανισθέντος</span> <span class='ocrx_word' id='word_1_733' title='bbox 2502 4724 2717 4796; x_wconf 81' lang='grc' dir='ltr'>ἀθρόως</span> <span class='ocrx_word' id='word_1_734' title='bbox 2749 4722 2848 4778; x_wconf 76' lang='grc' dir='ltr'>καὶ</span> <span class='ocrx_word' id='word_1_735' title='bbox 2873 4721 2970 4776; x_wconf 82' lang='grc' dir='ltr'>τοῦ</span> <span class='ocrx_word' id='word_1_736' title='bbox 3010 4719 3433 4789; x_wconf 77' lang='grc' dir='ltr'>ὑπολειφθέντος</span> <span class='ocrx_word' id='word_1_737' title='bbox 3458 4719 3661 4788; x_wconf 77' lang='grc' dir='ltr'>μικροῦ</span> 
     </span>
    </p>
   </div>
   <div class='ocr_carea' id='block_1_105' title="bbox 2080 4808 3379 4888">
    <p class='ocr_par' dir='ltr' id='par_1_105' title="bbox 2080 4808 3379 4888">
     <span class='ocr_line' id='line_1_105' title="bbox 2080 4808 3379 4888; baseline -0.008 -15"><span class='ocrx_word' id='word_1_738' title='bbox 2080 4818 2334 4888; x_wconf 80' lang='grc' dir='ltr'>λειψάνου</span> <span class='ocrx_word' id='word_1_739' title='bbox 2365 4817 2464 4887; x_wconf 84' lang='grc' dir='ltr'>τῆς</span> <span class='ocrx_word' id='word_1_740' title='bbox 2490 4815 2702 4886; x_wconf 70' lang='grc' dir='ltr'>λέπρας</span> <span class='ocrx_word' id='word_1_741' title='bbox 2727 4816 2786 4867; x_wconf 70' lang='grc' dir='ltr'>ἐν</span> <span class='ocrx_word' id='word_1_742' title='bbox 2816 4813 2895 4884; x_wconf 80' lang='grc' dir='ltr'>τῷ</span> <span class='ocrx_word' id='word_1_743' title='bbox 2927 4810 3167 4885; x_wconf 80' lang='grc' dir='ltr'>μετώπῳ</span> <span class='ocrx_word' id='word_1_744' title='bbox 3189 4808 3379 4865; x_wconf 80' lang='grc' dir='ltr'>αὐτοῦ.</span> 
     </span>
    </p>
   </div>
   <div class='ocr_carea' id='block_1_106' title="bbox 2152 4989 3663 5068">
    <p class='ocr_par' dir='ltr' id='par_1_106' title="bbox 2152 4989 3663 5068">
     <span class='ocr_line' id='line_1_106' title="bbox 2152 4989 3663 5068; baseline -0.009 -12"><span class='ocrx_word' id='word_1_745' title='bbox 2152 5001 2252 5058; x_wconf 70' lang='grc' dir='ltr'><strong>ιε’.</strong></span> <span class='ocrx_word' id='word_1_746' title='bbox 2294 4998 2575 5058; x_wconf 77' lang='grc' dir='ltr'>Ἐντεῦθεν</span> <span class='ocrx_word' id='word_1_747' title='bbox 2606 4998 2826 5061; x_wconf 82' lang='grc' dir='ltr'>πάντως</span> <span class='ocrx_word' id='word_1_748' title='bbox 2873 4995 3051 5068; x_wconf 81' lang='grc' dir='ltr'>τιμῶν</span> <span class='ocrx_word' id='word_1_749' title='bbox 3108 4994 3203 5049; x_wconf 71' lang='grc' dir='ltr'>καὶ</span> <span class='ocrx_word' id='word_1_750' title='bbox 3261 4993 3555 5064; x_wconf 73' lang='grc' dir='ltr'>σεϐόμενος</span> <span class='ocrx_word' id='word_1_751' title='bbox 3600 4989 3663 5042; x_wconf 83' lang='grc' dir='ltr'>τὸ</span> 
     </span>
    </p>
   </div>
   <div class='ocr_carea' id='block_1_107' title="bbox 2076 5084 3663 5168">
    <p class='ocr_par' dir='ltr' id='par_1_107' title="bbox 2076 5084 3663 5168">
     <span class='ocr_line' id='line_1_107' title="bbox 2076 5084 3663 5168; baseline -0.011 -15"><span class='ocrx_word' id='word_1_752' title='bbox 2076 5097 2316 5153; x_wconf 81' lang='grc' dir='ltr'>τοιοῦτον</span> <span class='ocrx_word' id='word_1_753' title='bbox 2351 5094 2605 5168; x_wconf 80' lang='grc' dir='ltr'>ὁμοίωμα</span> <span class='ocrx_word' id='word_1_754' title='bbox 2650 5093 2752 5164; x_wconf 80' lang='grc' dir='ltr'>τῆς</span> <span class='ocrx_word' id='word_1_755' title='bbox 2779 5090 2874 5147; x_wconf 75' lang='grc' dir='ltr'><strong>τοῦ</strong></span> <span class='ocrx_word' id='word_1_756' title='bbox 2899 5090 3104 5162; x_wconf 80' lang='grc' dir='ltr'>Κυρίου</span> <span class='ocrx_word' id='word_1_757' title='bbox 3126 5088 3373 5162; x_wconf 78' lang='grc' dir='ltr'>μορφῆς,·</span> <span class='ocrx_word' id='word_1_758' title='bbox 3392 5086 3485 5141; x_wconf 78' lang='grc' dir='ltr'>καὶ</span> <span class='ocrx_word' id='word_1_759' title='bbox 3508 5084 3663 5138; x_wconf 80' lang='grc' dir='ltr'>τοῦτο</span> 
     </span>
    </p>
   </div>
   <div class='ocr_carea' id='block_1_108' title="bbox 2076 5176 3662 5260">
    <p class='ocr_par' dir='ltr' id='par_1_108' title="bbox 2076 5176 3662 5260">
     <span class='ocr_line' id='line_1_108' title="bbox 2076 5176 3662 5260; baseline -0.009 -16"><span class='ocrx_word' id='word_1_760' title='bbox 2076 5192 2188 5255; x_wconf 82' lang='grc' dir='ltr'>τοῖς</span> <span class='ocrx_word' id='word_1_761' title='bbox 2214 5190 2396 5253; x_wconf 75' lang='grc' dir='ltr'>ἄλλοις</span> <span class='ocrx_word' id='word_1_762' title='bbox 2415 5191 2443 5243; x_wconf 89' lang='grc' dir='ltr'><strong>ό</strong></span> <span class='ocrx_word' id='word_1_763' title='bbox 2471 5188 2755 5260; x_wconf 78' lang='grc' dir='ltr'>τοπάρχης</span> <span class='ocrx_word' id='word_1_764' title='bbox 2783 5184 3149 5257; x_wconf 83' lang='grc' dir='ltr'>προσέθηκεν.</span> <span class='ocrx_word' id='word_1_765' title='bbox 3169 5184 3264 5238; x_wconf 83' lang='grc' dir='ltr'>Ἐκ</span> <span class='ocrx_word' id='word_1_766' title='bbox 3281 5181 3395 5235; x_wconf 83' lang='grc' dir='ltr'><strong>τῶν</strong></span> <span class='ocrx_word' id='word_1_767' title='bbox 3418 5176 3662 5233; x_wconf 82' lang='grc' dir='ltr'>παλαιῶν</span> 
     </span>
    </p>
   </div>
   <div class='ocr_carea' id='block_1_109' title="bbox 2085 5269 3655 5353">
    <p class='ocr_par' dir='ltr' id='par_1_109' title="bbox 2085 5269 3655 5353">
     <span class='ocr_line' id='line_1_109' title="bbox 2085 5269 3655 5353; baseline -0.008 -17"><span class='ocrx_word' id='word_1_768' title='bbox 2085 5284 2185 5353; x_wconf 78' lang='grc' dir='ltr'>τῆς</span> <span class='ocrx_word' id='word_1_769' title='bbox 2227 5282 2489 5352; x_wconf 76' lang='grc' dir='ltr'>Ἐδέσσης</span> <span class='ocrx_word' id='word_1_770' title='bbox 2528 5279 2763 5334; x_wconf 87' lang='grc' dir='ltr'>πολιτῶν</span> <span class='ocrx_word' id='word_1_771' title='bbox 2793 5295 2855 5332; x_wconf 86' lang='grc' dir='ltr'><strong>τε</strong></span> <span class='ocrx_word' id='word_1_772' title='bbox 2888 5277 2983 5331; x_wconf 65' lang='grc' dir='ltr'><strong>καλ⁸</strong></span> <span class='ocrx_word' id='word_1_773' title='bbox 3032 5273 3290 5331; x_wconf 74' lang='grc' dir='ltr'>οἰκιστῶν</span> <span class='ocrx_word' id='word_1_774' title='bbox 3318 5273 3429 5327; x_wconf 84' lang='grc' dir='ltr'><strong>τῶν</strong></span> <span class='ocrx_word' id='word_1_775' title='bbox 3470 5269 3655 5340; x_wconf 70' lang='grc' dir='ltr'>ἐπισή-</span> 
     </span>
    </p>
   </div>
   <div class='ocr_carea' id='block_1_110' title="bbox 2089 5361 3663 5448">
    <p class='ocr_par' dir='ltr' id='par_1_110' title="bbox 2089 5361 3663 5448">
     <span class='ocr_line' id='line_1_110' title="bbox 2089 5361 3663 5448; baseline -0.01 -17"><span class='ocrx_word' id='word_1_776' title='bbox 2089 5393 2206 5448; x_wconf 87' lang='grc' dir='ltr'><strong>μων</strong></span> <span class='ocrx_word' id='word_1_777' title='bbox 2260 5375 2404 5439; x_wconf 86' lang='grc' dir='ltr'>τινδς</span> <span class='ocrx_word' id='word_1_778' title='bbox 2432 5372 2536 5447; x_wconf 82' lang='grc' dir='ltr'><strong>[δὲ]</strong></span> <span class='ocrx_word' id='word_1_779' title='bbox 2583 5371 2916 5445; x_wconf 82' lang='grc' dir='ltr'>Ἑλληνικῶν</span> <span class='ocrx_word' id='word_1_780' title='bbox 2934 5370 3075 5426; x_wconf 84' lang='grc' dir='ltr'>θεῶν</span> <span class='ocrx_word' id='word_1_781' title='bbox 3130 5366 3357 5438; x_wconf 78' lang='grc' dir='ltr'>ἄγαλμα</span> <span class='ocrx_word' id='word_1_782' title='bbox 3404 5363 3512 5437; x_wconf 76' lang='grc' dir='ltr'>πρὸ</span> <span class='ocrx_word' id='word_1_783' title='bbox 3563 5361 3663 5432; x_wconf 79' lang='grc' dir='ltr'>τῆς</span> 
     </span>
    </p>
   </div>
   <div class='ocr_carea' id='block_1_111' title="bbox 2084 5449 3669 5541">
    <p class='ocr_par' dir='ltr' id='par_1_111' title="bbox 2084 5449 3669 5541">
     <span class='ocr_line' id='line_1_111' title="bbox 2084 5449 3669 5541; baseline -0.009 -19"><span class='ocrx_word' id='word_1_784' title='bbox 2084 5468 2354 5541; x_wconf 82' lang='grc' dir='ltr'>δημοσίας</span> <span class='ocrx_word' id='word_1_785' title='bbox 2390 5465 2568 5535; x_wconf 83' lang='grc' dir='ltr'>πύλης</span> <span class='ocrx_word' id='word_1_786' title='bbox 2596 5465 2695 5536; x_wconf 83' lang='grc' dir='ltr'>τῆς</span> <span class='ocrx_word' id='word_1_787' title='bbox 2739 5465 2948 5527; x_wconf 81' lang='grc' dir='ltr'>πόλεως</span> <span class='ocrx_word' id='word_1_788' title='bbox 2996 5460 3342 5534; x_wconf 74' lang='grc' dir='ltr'>ἁνεστήλωτο</span> <span class='ocrx_word' id='word_1_789' title='bbox 3364 5497 3381 5525; x_wconf 88' lang='grc'><strong>,</strong></span> <span class='ocrx_word' id='word_1_790' title='bbox 3410 5449 3459 5526; x_wconf 76' lang='grc' dir='ltr'><strong>ᾧ</strong></span> <span class='ocrx_word' id='word_1_791' title='bbox 3488 5455 3669 5511; x_wconf 78' lang='grc' dir='ltr'>πάντα</span> 
     </span>
    </p>
   </div>
   <div class='ocr_carea' id='block_1_112' title="bbox 1897 5643 2134 5703">
    <p class='ocr_par' dir='ltr' id='par_1_112' title="bbox 1897 5643 2134 5703">
     <span class='ocr_line' id='line_1_112' title="bbox 1897 5643 2134 5703; baseline 0 -3"><span class='ocrx_word' id='word_1_792' title='bbox 1897 5643 2134 5703; x_wconf 66' lang='grc' dir='ltr'><strong>ΝΟΤΕ.</strong></span> 
     </span>
    </p>
   </div>
   <div class='ocr_carea' id='block_1_113' title="bbox 461 5721 2381 5816">
    <p class='ocr_par' dir='ltr' id='par_1_113' title="bbox 461 5721 2381 5816">
     <span class='ocr_line' id='line_1_113' title="bbox 461 5721 2381 5816; baseline -0.008 -3"><span class='ocrx_word' id='word_1_793' title='bbox 461 5742 576 5815; x_wconf 68' lang='grc' dir='ltr'><strong>(ιθ)</strong></span> <span class='ocrx_word' id='word_1_794' title='bbox 610 5742 819 5806; x_wconf 61' lang='lat' dir='ltr'><strong>Potius.</strong></span> <span class='ocrx_word' id='word_1_795' title='bbox 859 5749 948 5809; x_wconf 78' lang='lat' dir='ltr'><strong>nui</strong></span> <span class='ocrx_word' id='word_1_796' title='bbox 982 5749 1190 5810; x_wconf 77' lang='lat' dir='ltr'><strong>primus</strong></span> <span class='ocrx_word' id='word_1_797' title='bbox 1221 5748 1419 5805; x_wconf 75' lang='lat' dir='ltr'><strong>famam</strong></span> <span class='ocrx_word' id='word_1_798' title='bbox 1451 5721 1519 5805; x_wconf 83' lang='lat' dir='ltr'><strong>de</strong></span> <span class='ocrx_word' id='word_1_799' title='bbox 1553 5746 1647 5805; x_wconf 93' lang='lat' dir='ltr'><strong>illo</strong></span> <span class='ocrx_word' id='word_1_800' title='bbox 1687 5746 1753 5802; x_wconf 89' lang='lat' dir='ltr'><strong>ad</strong></span> <span class='ocrx_word' id='word_1_801' title='bbox 1788 5744 2062 5816; x_wconf 81' lang='lat' dir='ltr'><strong>Augarum</strong></span> <span class='ocrx_word' id='word_1_802' title='bbox 2105 5743 2381 5799; x_wconf 83' lang='lat' dir='ltr'><strong>attulerat.</strong></span> 
     </span>
    </p>
   </div>
  </div>
