4058 6212
339 333 445 404 ti537

1359 334 1754 397 NARRATIO
1784 334 1881 392 DE
1923 333 2249 392 IMAGINE
2291 331 2699 390 EDESSENA.

3487 333 3593 393 438

334 455 425 506 τὸν
448 453 596 515 ἐντὸς
625 449 718 506 τοῦ
747 453 936 515 ἄστεος
958 451 1211 518 γενέσθαι
1244 451 1586 521 βουλόμενον,
1617 450 1918 518 ἀναγκαῖον

2028 449 2305 508 adhibere,
2331 446 2581 515 quisquis
2609 446 2827 500 demum
2859 445 2912 499 in
2949 447 3134 502 urliem
3169 447 3377 520 ingredi
3411 451 3590 518 vellet,

336 541 404 617 ἦν
434 544 834 614 προσκυνῆσαι,
865 543 956 596 καὶ
988 544 1379 612 νενομισμένας
1408 543 1558 604 τινας
1589 541 1750 609 εὐχὰς
1777 541 1913 591 ἁπο-

340 633 550 698 δοῦναι,
585 635 680 686 καὶ
706 633 877 696 οὕτως
917 633 1134 702 ἔχεσθαι
1171 633 1279 685 τῶν
1319 634 1377 684 ἐν
1419 635 1484 703 τῇ
1517 631 1668 684 πόλει
1698 631 1832 683 ὁδῶν
1856 647 1912 682 τε

341 729 438 782 καὶ
466 727 694 794 ἀγυιῶν.
731 725 899 779 Τοῦτο
929 722 1025 779 οὖν
1054 727 1174 780 τότε
1205 728 1234 779 6
1262 725 1508 794 Αὐγαρος
1535 722 1796 785 καθελὼν,
1825 722 1916 775 καὶ

341 819 634 888 ἀφανισμῷ
694 819 1002 888 παραδοὺς,
1041 821 1122 880 είς
1159 818 1253 871 τὸν
1275 817 1377 886 τῆς
1412 816 1621 869 ἐκείνου
1676 815 1915 875 στάσεως

341 912 522 970 τόπον,
549 910 646 979 τὴν
675 909 1097 980 ἀχειροποίητον
1128 911 1332 978 ταύτην
1372 906 1558 960 είκόνο.
1589 905 1681 957 τοῦ
1711 905 1914 973 Κυρίου

343 1003 502 1072 ἡμῶν
542 1001 712 1071 Ἰησοῦ
738 1001 973 1070 Χριστοῦ
1003 1001 1095 1053 ἐπὶ
1139 1000 1349 1062 σανίδος
1383 997 1664 1067 κολλήσας,
1696 998 1788 1049 καὶ
1828 997 1913 1048 διὰ

343 1091 439 1144 τοῦ
463 1091 554 1143 νῦν
597 1090 922 1158 φαινομένου
955 1090 1159 1160 χρυσοῦ
1192 1090 1560 1152 καλλωπίσας,
1598 1088 1911 1155 ἀνέστησεν,

346 1183 640 1253 ἐπιγράψας
671 1185 726 1235 ἐν
757 1185 836 1253 τῷ
863 1183 1048 1254 χρυσῷ
1072 1183 1241 1237 ταῦτα
1272 1184 1340 1236 τά
1370 1184 1610 1252 ῥήματα.⁸
1639 1181 1854 1249 Χριστέ
1882 1183 1912 1232 ό

345 1272 648 1339 Θεὸς,όείς
675 1273 1142 1332 σὲὲλπίζωνοὺκ
1161 1271 1562 1341 ἀποτυγχάνει
1578 1272 1740 1324 ποτέ.
1763 1271 1913 1324 Ἐθέ-

342 1363 494 1415 σπισέ
520 1379 578 1415 τε
612 1363 791 1416 πάντα
823 1364 914 1416 τὸν
946 1365 1035 1416 διὰ
1088 1363 1190 1432 τῆς
1241 1363 1416 1431 πύλης
1463 1362 1675 1431 ἐκείνης
1706 1362 1914 1429 διέρχε-

339 1458 462 1507 σθαι
507 1455 789 1523 μέλλοντα,
820 1455 942 1507 ἀντὶ
969 1455 1066 1522 τῆς
1095 1453 1330 1513 παλαιᾶς
1364 1452 1577 1520 ἐκείνης
1602 1452 1797 1520 στήλης
1817 1451 1915 1517 τῆς

337 1546 611 1614 ἀχρήστου
659 1547 752 1598 καὶ
798 1545 1133 1612 ἀνωφελοῦς,
1168 1544 1228 1595 τὸ
1265 1543 1541 1611 προσῆκον
1596 1542 1778 1602 σέϐας.
1824 1542 1918 1592 καὶ

335 1639 436 1708 τὴν
467 1638 828 1707 ὀφειλομένην
862 1634 1234 1706 προσκύνησιν
1264 1635 1358 1688 καὶ
1400 1635 1499 1703 τὴν
1525 1633 1689 1702 τιμὴν
1717 1631 1915 1684 ἀπονέ-

341 1747 463 1798 μειν
502 1732 568 1797 τῇ
615 1727 1055 1798 πολυθαυμάστῳ
1089 1724 1489 1797 θαυματουργῷ
1537 1723 1630 1777 τοῦ
1678 1720 1914 1794 Χριστοῦ

2017 547 2272 608 certaque
2318 538 2614 593 simulacro
2663 547 2785 591 vota
2838 537 3086 602 reddere,
3141 555 3203 593 ac
3267 549 3378 594 tum
3423 543 3594 598 libero

2018 629 2165 683 aditu
2213 630 2365 683 urbis
2403 629 2550 683 vicos
2601 629 2919 697 plateasque
2975 644 3315 696 percurrere.
3365 631 3595 686 Sustulit

2019 724 2202 790 itaque
2227 738 2344 776 eam
2377 724 2628 793 Augarus
2675 738 2739 776 ac
2774 723 3034 784 abolevit,
3073 723 3238 792 inque
3285 723 3403 792 ejus
3451 727 3594 780 basis

2018 815 2136 868 loco
2186 814 2252 867 ad
2301 829 2542 868 asserem
2575 813 2789 883 glutino
2843 824 3183 880 compactam
3235 813 3443 869 hancce
3486 831 3592 868 n0n

2018 905 2383 959 manufactam
2420 904 2630 958 Domini
2661 905 2834 958 nostri
2873 903 3000 957 Jesu
3045 904 3245 958 Christi
3281 905 3591 975 imaginem.

2019 1015 2126 1067 quo
2157 1012 2304 1051 nunc
2339 1012 2471 1050 auro
2501 997 2798 1066 conspicua
2831 1003 2913 1051 est
2942 998 3154 1067 egregie
3187 1007 3458 1059 ornatam,
3491 1007 3599 1051 sta-

2018 1089 2142 1148 tuit,
2185 1088 2269 1141 his
2311 1088 2386 1141 illi
2422 1102 2558 1141 auro
2609 1088 2891 1157 inscriptis
2929 1088 3148 1141 verbis:
3186 1086 3391 1141 Christe
3439 1088 3594 1151 Dens,

2016 1182 2105 1249 qui
2157 1180 2208 1233 in
2271 1189 2316 1233 te
2355 1191 2554 1247 sperat,
2602 1195 2871 1246 nunquam
2929 1191 3044 1233 voto
3100 1179 3390 1248 frustratus
3443 1181 3596 1234 abit:

2021 1269 2336 1338 sanxitque,
2369 1276 2428 1323 ut
2453 1269 2710 1340 quisquis
2737 1284 2834 1338 per
2865 1285 2984 1323 eam
3016 1277 3228 1338 portam
3259 1271 3598 1327 transiturus

2018 1372 2184 1426 esset,
2208 1377 2308 1430 pro
2334 1362 2503 1416 veteri
2534 1361 2626 1415 illo
2667 1360 2872 1416 nullius
2914 1360 3087 1429 frugis
3121 1362 3414 1415 sininlacro
3443 1377 3598 1431 pror-

2021 1467 2224 1519 susque
2255 1451 2461 1511 inutili,
2485 1453 2902 1505 convenientem
2933 1452 3141 1503 cultum
3166 1460 3329 1520 atque
3358 1451 3599 1506 debitam

2023 1541 2394 1594 adorationem
2429 1541 2825 1609 honoremque,
2879 1543 3166 1610 multiplici
3220 1543 3380 1596 titulo
3427 1543 3602 1597 admi-

2023 1629 2207 1684 randa:
2230 1629 2622 1682 miraculorum
2647 1628 2908 1682 eiTectrici
2935 1630 3137 1683 Christi
3167 1633 3387 1701 imagini
3416 1634 3602 1687 redde-

2023 1729 2126 1785 ret,
2153 1717 2341 1786 sicque
2369 1716 2631 1772 Edessam
2668 1718 2852 1772 urbem
2890 1719 3097 1772 amicus
3121 1719 3320 1789 hospes
3350 1724 3598 1777 intraret.

338 1779 662 1882 ἐίκόνιίικαὶ
697 1779 876 1882 οὕτως⁵
912 1819 992 1881 είς
1021 1779 1118 1888 τὴν
1177 1779 1333 1871 πόλιν
1371 1779 1623 1885 ἔιέδέσσης
1679 1779 1918 1882 εἰσέρχε-

2028 1809 2359 1879 Duraritque
2387 1809 2609 1879 pietatis
2635 1808 2735 1862 viri
2763 1817 3178 1864 monumentum
3213 1811 3315 1864 hoc
3349 1826 3410 1865 ac
3445 1829 3600 1866 sat-ra

340 1908 485 1962 σθαι.
519 1908 629 1962 Καὶ
679 1908 972 1981 διετηρήθη
1005 1907 1246 1962 τοιοῦτον
1277 1907 1376 1975 τῆς
1407 1906 1500 1959 τοῦ
1532 1905 1721 1972 ἀνδρὸς
1764 1902 1918 1954 εὐσε-

341 1999 492 2061 ϐείας
531 1993 642 2051 οἷον
676 1999 1051 2069 προχάραγμα
1080 1997 1174 2050 καὶ
1213 1997 1493 2064 ἀνάθημα,
1530 1992 1806 2064 μέχρις-τῆς
1861 1992 1918 2043 ἐν

339 2087 418 2154 τῷ
468 2087 565 2157 βίῳ
613 2089 905 2158 παροικίας
933 2088 1099 2139 αὐτοῦ
1145 2103 1207 2138 τε
1241 2086 1337 2138 τοῦ
1372 2085 1646 2153 Αὐγάρου,
1686 2085 1776 2134 καὶ
1823 2081 1918 2134 τοῦ

342 2176 534 2228 τούτου
567 2177 706 2242 υἱοῦ,
735 2177 792 2239 6;
821 2176 921 2245 τῆς
956 2176 1234 2245 βασιλείας
1268 2175 1358 2227 καὶ
1384 2175 1484 2242 τῆς
1514 2171 1796 2233 εὐσεϐείας
1821 2172 1920 2239 τῆς

341 2267 620 2336 πατρικῆς
665 2268 902 2337 κατέστη
937 2267 1200 2336 διάδοχος.
1244 2265 1381 2318 Ἀλλ’
1404 2265 1432 2316 ὀ
1460 2263 1668 2318 τούτων
1704 2263 1816 2324 υἱός
1861 2277 1920 2314 τε

337 2357 432 2408 καὶ
465 2357 672 2420 οἰωνὸς,
704 2358 802 2425 τῆς
836 2359 935 2426 μὲν
991 2355 1254 2426 πατρῴας
1307 2355 1399 2407 καὶ
1439 2353 1718 2422 παππῴας
1749 2353 1922 2423 ἀρχῆς

301 2445 579 2516 «διάδοχος
608 2448 852 2514 γέγονεν,
884 2449 945 2499 οὐ
980 2449 1086 2517 μὴν
1123 2450 1215 2500 καὶ
1249 2448 1348 2516 τῆς
1391 2445 1678 2507 εὐσεϐείας
1723 2446 1919 2514 κληροο

336 2539 500 2608 νόμος
547 2539 764 2605 ἐγένετο
787 2558 800 2571 ·
855 2540 971 2594 ἀλλ’
1029 2540 1416 2603 ἀπελάκτισεν,
1445 2539 1537 2606 ὡς,
1561 2541 1733 2590 εἰπεῖν
1757 2578 1769 2599 ,
1815 2537 1920 2606 ’τὴν

337 2630 654 2696 εὐσέϐειαν,
685 2631 780 2683 καὶ
816 2632 951 2702 πρὸς
994 2631 1119 2692 τοὺς
1167 2630 1450 2699 δαίμονας,
1485 2630 1579 2682 καὶ
1613 2630 1681 2682 τὰ
1725 2629 1947 2686 εἴδωλα.

337 2722 697 2793 αὐτομόλησε.
730 2723 820 2775 Διὸ
851 2724 946 2775 καὶ
979 2721 1143 2775 οἱονεὶ
1171 2722 1231 2773 τὺ
1259 2722 1614 2791 ἀνταπόδομα
1642 2723 1754 2785 τοῖς
1800 2722 1919 2775 δαί-

341 2831 499 2882 μοσιν
524 2813 937 2877 ἀνταποδιδοὺς,
973 2812 1261 2883 ἐϐουλήθη,
1290 2813 1416 2866 ἐπεὶ
1444 2816 1472 2866 6
1505 2813 1730 2876 πάππος
1757 2814 1920 2866 αὐτοῦ

338 2905 436 2973 τὴν
455 2904 741 2974 είδωλικὴν
762 2904 978 2974 ἐκείνην
1000 2903 1206 2974 στήλην
1230 2903 1525 2973 ἀφανισμῷ
1545 2903 1919 2972 παραδέδωκε,

338 2997 436 3067 τὴν
456 2996 623 3068 αὐτὴν
648 2996 948 3066 καταδίκην
973 2996 1066 3050 καὶ
1099 2997 1168 3067 τῇ
1187 2994 1279 3048 τοῦ
1307 2995 1516 3065 Κυρίου
1548 2995 1715 3049 εῐκόνι
1745 3013 1921 3066 πρησ-

2019 1901 2262 1963 devotio,
2326 1902 2591 1971 quamdiu
2648 1911 2758 1955 tum
2811 1901 2928 1971 ipse
2979 1903 3251 1970 Augarus,
3304 1912 3414 1954 tum
3462 1903 3603 1957 [ilius

2022 1995 2130 2047 vita
2165 2004 2451 2064 superstes
2487 1994 2621 2058 fuit;
2655 1993 2858 2064 quippe
2893 1994 2986 2064 qui
3020 1996 3230 2064 paterni
3265 1995 3414 2063 regni
3455 1997 3604 2064 pari-

2022 2098 2214 2154 terque
2250 2089 2468 2156 pietatis
2503 2102 2795 2142 successor
2822 2087 3053 2141 exstitit.
3085 2085 3289 2140 Horum
3327 2085 3599 2140 nihilomi-

1975 2191 2128 2236 .nus
2161 2176 2306 2230 [ilius
2343 2193 2643 2246 neposqne,
2696 2177 2796 2230 fuit
2843 2178 2890 2232 is
2935 2179 3152 2247 quidem
3201 2177 3372 2247 patris
3411 2179 3604 2245 avique

2027 2269 2368 2337 principatus
2403 2283 2716 2333 successor,
2748 2276 2801 2320 at
2840 2269 2972 2321 nihil
3006 2271 3198 2322 horum
3249 2269 3466 2338 pietatis
3499 2269 3605 2321 liac-

2028 2375 2134 2414 res.
2164 2359 2307 2425 Quin
2345 2361 2397 2412 in
2425 2361 2704 2428 pietatem,
2739 2367 2797 2412 ut
2827 2359 2905 2413 sic
2927 2359 3126 2424 dicam,
3163 2361 3405 2414 calcibus
3435 2361 3604 2414 insul-

2027 2453 2179 2514 tavit,
2215 2458 2377 2519 atque
2408 2451 2471 2504 ad
2505 2451 2781 2505 d.cmones
2810 2464 2872 2504 ac
2896 2451 3190 2523 simulacra
3215 2450 3464 2504 descivit.
3494 2449 3600 2503 Vc-

2028 2545 2106 2596 lnt
2134 2544 2318 2612 itaque
2349 2543 2692 2597 daemonibus
2718 2543 2890 2597 vicem
2924 2541 3261 2604 redditurus,
3288 2543 3388 2594 hoc
3419 2556 3618 2594 secum,

2026 2635 2242 2698 statuit,
2274 2642 2332 2687 ut
2370 2635 2516 2687 sicut
2563 2649 2698 2688 avus
2750 2635 3200 2704 superstitiosum
3252 2633 3605 2686 simulacrum

2026 2729 2158 2780 illml
2220 2726 2552 2792 aboleverat,
2597 2727 2676 2780 sic
2725 2727 2842 2794 ipse
2900 2725 3245 2780 Dominieam
3314 2724 3605 2793 imaginem

2026 2821 2202 2873 eidem
2243 2833 2395 2873 noxae
2439 2819 2755 2886 subjiceret.
2799 2816 2955 2870 Hand
2995 2823 3174 2869 tamen
3209 2815 3287 2868 vir
3318 2814 3444 2868 dolo
3475 2830 3610 2867 con.-

2028 2909 2226 2967 fertus.
2271 2909 2464 2978 praedae
2498 2922 2724 2976 compos
2771 2905 2998 2961 effectus
3048 2914 3149 2960 est.
3195 2903 3325 2959 Loci
3372 2919 3608 2973 namque

2027 3003 2342 3070 episcopus,
2380 3001 2454 3052 rei
2485 3000 2765 3068 prmscins,
2793 3006 3051 3066 quantam
3085 2997 3235 3050 licuit
3269 2997 3386 3066 ipse
3411 3010 3599 3050 curam

339 3093 588 3158 αγαγείν.
646 3090 786 3142 Ἀλλ’
835 3091 933 3142 οὐκ
1006 3088 1240 3158 ἐπέτυχε
1297 3087 1396 3156 τῆς
1450 3087 1620 3158 θήρας
1669 3090 1700 3140 6
1731 3088 1921 3151 δόλιος.

2031 3095 2303 3150 adhibuit.
2341 3091 2606 3160 Quodque
2649 3091 2800 3143 locus
2832 3091 2920 3144 ubi
2964 3091 3140 3159 imago
3180 3090 3443 3142 collocata
3468 3096 3605 3154 erat,

353 3182 411 3234 '0
441 3181 548 3251 γὰρ
598 3181 892 3243 ἐπίσκοπος
940 3180 1036 3234 τοῦ
1097 3181 1262 3233 τόπου
1311 3177 1471 3231 τοῦτο
1511 3181 1802 3245 προγνοὺς,
1825 3179 1921 3248 τὴν

340 3272 696 3344 ἐνδεχομένην
720 3273 872 3326 ἔθετο
903 3271 1183 3342 πρόνοιαν,
1209 3270 1304 3323 καὶ
1329 3272 1449 3323 ἐπεὶ
1467 3273 1494 3324 ό
1514 3270 1700 3336 τόπος,
1726 3271 1846 3324 καθ’
1863 3272 1922 3324 ὂν

340 3366 588 3420 ἀνέκειτο
617 3367 650 3436 ή
680 3365 865 3430 εἰκὼν,
883 3365 1309 3435 κυλινδροειδοῦς
1340 3365 1701 3436 ἡμισφαιρίου
1736 3366 1922 3436 σχῆμα

339 3457 621 3519 διέσωσεν,
654 3456 912 3528 θρυαλτδα
944 3458 1048 3529 1:96
1069 3459 1166 3528 τῆς
1188 3457 1394 3521 εἰκόνος
1421 3457 1594 3525 ἅψας,
1631 3458 1724 3510 καὶ
1759 3458 1922 3528 κέρα-

348 3566 447 3619 μον
479 3550 708 3615 ἐπιθεὶς,
734 3547 852 3604 εἶτα
878 3549 1076 3615 ἔξωθεν
1097 3551 1295 3621 τιτάνῳ
1321 3551 1416 3604 καὶ
1452 3549 1692 3613 πλίνθοις
1724 3551 1918 3613 ὀπταῖς

344 3643 664 3714 ἀποφράξας
711 3645 772 3696 τὺ
820 3642 1093 3712 ἐμϐαδὸν,
1141 3645 1219 3706 είς
1263 3643 1465 3712 ὁμαλὸν
1510 3643 1831 3709 ἐπιφάνειαν
1861 3643 1920 3694 τὸ

344 3737 527 3805 τεῖχος
581 3733 878 3802 ἐπηύθυνε.
917 3733 1024 3786 Καὶ
1068 3735 1125 3784 ἐν
1172 3732 1250 3802 τῷ
1295 3732 1368 3802 μὴ
1397 3733 1628 3801 ὁρᾶσθαι
1657 3732 1755 3802 τὴν
1788 3732 1920 3799 φθο-

346 3826 613 3896 νουμένην
632 3825 869 3895 μορφὴν,
899 3825 1108 3894 ἀπέστη
1141 3826 1236 3889 τῆς
1269 3825 1635 3894 ἐγχειρήσεως
1669 3825 1875 3884 ἐκεῖνος
1897 3824 1926 3872 6

345 3918 636 3989 δυσσεϐὴς.
672 3919 728 3970 ’0
767 3918 824 3971 δέ
854 3917 1094 3986 κέραμος
1122 3918 1211 3970 διὰ
1239 3916 1420 3979 τοῦτο,
1455 3911 1632 3984 οἶμαι,
1681 3915 1787 3984 1:96
1823 3913 1924 3981 τῆς

347 4010 556 4072 εἰκόνος
592 4008 818 4078 τεθῆναι
848 4007 982 4079 πρὸς
1010 4006 1106 4059 τοῦ
1138 4005 1328 4076 ἱερέως
1357 4004 1626 4074 διώριστο,
1649 4003 1725 4065 ὡς
1754 4004 1819 4055 ἂν
1853 4004 1925 4073 μή

348 4119 470 4156 τινα
517 4102 683 4171 σῆψιν
709 4103 774 4155 ἐκ
800 4100 896 4154 τοῦ
945 4099 1055 4155 ἀπο
1089 4100 1192 4170 τῆς
1223 4095 1512 4166 οἰκοδομῆς
1541 4093 1801 4165 εὐρῶτος,
1837 4098 1932 4148 καὶ

2029 3186 2260 3258 cylindri
2315 3186 2554 3254 speciem
2604 3182 2894 3237 referentis
2944 3181 3314 3250 be'misphaarii
3380 3179 3605 3250 figuram

2031 3279 2335 3342 retinebat;
2366 3291 2597 3330 accensa
2626 3283 2753 3328 ante
2782 3273 3078 3342 imaginem
3118 3273 3365 3333 lucerna,
3399 3271 3610 3341 tegula-

2029 3388 2134 3442 que
2169 3369 2443 3437 imposita.
2478 3380 2542 3420 ac
2570 3372 2686 3418 tmn
2722 3362 2930 3418 deforis
2967 3361 3120 3416 calce
3155 3359 3438 3427 coctisque
3474 3359 3610 3412 late-

2031 3463 2186 3516 ribus
2219 3461 2506 3515 obstructo
2546 3459 2652 3513 loci
2694 3456 2927 3520 ambitu,
2959 3453 3228 3524 quidquid
3259 3451 3378 3520 ejus
3409 3458 3527 3505 erat
3555 3449 3609 3503 in

2030 3557 2247 3625 planam
2274 3552 2620 3622 superﬁciem
2657 3549 2887 3619 redegit,
2914 3554 3211 3617 ereptaque
3235 3543 3413 3599 oculis
3439 3541 3609 3596 forma

2031 3646 2249 3702 invidiae
2282 3645 2486 3709 habita,
2521 3658 2550 3697 a
2581 3643 2818 3699 consilio
2847 3656 2912 3697 ac
2947 3639 3230 3694 molitione
3263 3638 3467 3709 impiqs
3509 3634 3610 3688 ho-

2032 3753 2122 3792 mo
2146 3737 2378 3791 abstitit.
2407 3734 2534 3790 Ideo
2560 3743 2769 3798 autem,
2803 3741 2864 3787 ut
2886 3732 3150 3794 arbitror,
3172 3736 3300 3784 ante
3323 3726 3612 3796 imaginem

2034 3835 2171 3881 testa
2201 3826 2472 3880 sacerdoti
2507 3826 2777 3880 collocata
2812 3833 2917 3888 est,
2959 3837 3029 3876 ne
3056 3837 3124 3875 ex
3166 3820 3275 3874 situ
3314 3816 3534 3872 aadi-ticii
3563 3824 3615 3868 et

2033 3917 2201 3972 calcis
2236 3917 2488 3977 humore,
2517 3915 2605 3969 cui
2639 3916 2909 3981 impressa
2949 3913 3132 3980 imago
3165 3911 3393 3963 linteum
3427 3912 3614 3974 putre-

2035 4007 2182 4062 dinis
2205 4005 2413 4075 aliquid.
2445 4003 2828 4066 contraheret,
2871 4015 2936 4055 ac
2965 4015 3063 4070 per
3092 3999 3370 4068 longiores
3399 4005 3614 4063 tempo-

2039 4100 2118 4152 ris
2149 4113 2328 4152 moras
2353 4097 2615 4151 damnum
2643 4095 2938 4163 acciperet.

347 4203 447 4271 τῆς
477 4203 540 4254 ἐκ
571 4198 663 4253 τοῦ
691 4199 904 4254 τιτάνου
932 4195 1136 4259 νοτίδος
1168 4193 1486 4263 ἐγγενέσθαι
1519 4195 1575 4245 ἐν
1612 4192 1690 4263 τῷ
1732 4180 1986 4263 ὑποδοχεῖ
2017 4196 2115 4264 τῆς
2151 4197 2378 4257 εἰκόνος,
2413 4195 2504 4246 καὶ
2533 4194 2634 4263 τὴν
2657 4192 2720 4244 ἐκ
2782 4188 2878 4242 τοῦ
2937 4187 3131 4258 χρόνου
3175 4183 3380 4256 βλάϐην
3450 4200 3618 4254 προσ-

349 4292 584 4360 δέξηται.

425 4384 538 4453 ις’.
576 4385 767 4456 Ἕῤῥει
804 4383 980 4437 τοίνυν
1008 4383 1036 4436 6
1065 4382 1256 4452 χρόνος
1279 4380 1369 4434 διὰ
1401 4379 1567 4450 μέσου
1615 4380 1802 4442 πολὺς,
1844 4381 1924 4434 καῖ

2113 4375 2248 4429 XVI.
2291 4374 2523 4427 Multum
2571 4370 2790 4426 interim
2837 4369 3099 4437 temporis
3143 4377 3410 4420 annorum
3456 4363 3625 4436 longa

347 4480 451 4548 τῆς
475 4477 534 4540 ἐξ
557 4475 858 4544 ἀνθρώπων
884 4475 1105 4544 μνήμης
1135 4474 1386 4544 ἀπερρύη
1421 4473 1511 4524 καὶ
1545 4473 1576 4540 ἡ
1619 4471 1935 4543 ἀναστήλω-

355 4589 442 4634 σις
476 4573 576 4640 τῆς
608 4571 760 4642 ἱερᾶς
789 4569 992 4639 ταύτης
1021 4569 1248 4634 εἰκόνος,
1284 4567 1378 4620 καὶ⁵
1405 4569 1438 4636 η
1473 4566 1801 4636 ἀπόκρυψις.
1847 4567 1938 4629 Ὠς

353 4661 450 4714 οῦν
489 4664 546 4714 ἐν
589 4663 700 4722 τοῖς
745 4660 964 4721 οἰκείοις
994 4660 1206 4728 καιροῖς
1235 4658 1482 4728 Χοσρόης
1509 4659 1537 4710 6
1561 4657 1670 4710 τῶν
1711 4657 1938 4726 Περσῶν

358 4751 611 4822 βασιλεὺς
661 4751 757 4813 τὰς
813 4752 913 4819 τῆς
955 4751 1136 4814 Ἀσίας
1183 4749 1368 4813 πόλεις
1401 4749 1640 4819 πορθῶν,
1679 4752 1771 4802 καὶ
1804 4750 1938 4818 πρὸς

355 4843 456 4912 τὴν
502 4843 765 4897 Ἔδεσσαν
815 4844 1039 4912 ἔφθασε,
1065 4844 1159 4898 καὶ
1213 4842 1319 4914 1:96
1365 4841 1572 4913 ταύτης
1628 4842 1940 4911 πηξάμενος

360 4936 610 5008 χάρακα,
655 4938 834 4990 πᾶσαν
877 4937 1124 5007 μηχανὴν
1173 4935 1363 5000 ἐκίνει,
1399 4935 1492 4988 καὶ
1544 4936 1650 4987 πᾶν
1697 4934 1758 4986 τὸ
1802 4933 1938 5004 πρὸς

362 5026 562 5080 ἅλωσιν
595 5027 800 5090 πόλεως
823 5029 1129 5098 ἐπιτήδειον
1166 5027 1397 5098 ὄργανον
1448 5025 1762 5098 ἐξηρτύετο,
1823 5029 1941 5077 ἐτε-

363 5117 611 5171 κταίνετο
649 5120 706 5172 δὲ
740 5120 917 5173 πάντα
950 5119 1016 5172 τὰ
1048 5120 1181 5189 πρὸς
1215 5119 1436 5188 ἀφέσεις
1469 5116 1658 5187 βελῶν,
1686 5115 1942 5170 κατασεί-

363 5226 475 5271 σεις
519 5213 736 5280 τεῖχων,
770 5211 1118 5280 διατραύσεις
1164 5211 1276 5279 (Η)
1314 5208 1518 5262 πυλῶν.
1569 5209 1656 5260 Ἐν
1703 5205 1942 5274 τοσούτῳ

364 5298 591 5369 κινδύνῳ
635 5302 684 5353 oi
749 5301 1057 5370 Ἑδεσσηνοὶ
1096 5299 1403 5368 γεγονότες,
1440 5297 1697 5350 ἐπενόουν
1733 5295 1831 5364 μὲν
1874 5294 1941 5347 τὰ

363 5387 562 5442 δυνατά
597 5391 690 5443 καὶ
719 5391 870 5443 αὐτοὶ
898 5393 1035 5462 πρὸς
1077 5393 1179 5460 τὴν
1240 5385 1694 5460 ἀντιπαράταξιν,
1724 5387 1940 5454 διεπρε-

368 5481 621 5533 σϐεύοντο
651 5482 707 5534 δὲ
744 5484 867 5551 περὶ
900 5481 1156 5554 βοηθείας
1189 5481 1283 5536 καὶ
1311 5480 1446 5551 πρὸς
1478 5479 1601 5542 τοὺς
1647 5477 1939 5548 Ῥωμαίων

2037 4471 2181 4524 serie
2217 4467 2469 4528 ﬂuxerat,
2505 4481 2680 4534 exque
2731 4463 2996 4518 memoria
3045 4458 3327 4514 hominum
3372 4468 3427 4512 et
3471 4459 3618 4527 quod

2039 4573 2222 4616 erecta
2247 4574 2402 4615 sacra
2437 4560 2551 4612 haec
2580 4559 2779 4627 imago,
2808 4562 2861 4609 et
2889 4551 3033 4623 quod
3065 4549 3364 4626 occultata,
3397 4547 3620 4605 eﬂluxe-

2041 4658 2145 4702 rat.
2180 4645 2282 4700 Ubi
2319 4647 2504 4716 itaque
2543 4645 2661 4700 suis
2705 4643 2982 4699 Chosroes
3013 4640 3309 4696 Persarum
3354 4653 3448 4694 rex
3481 4649 3618 4694 tem-

2041 4741 2288 4811 poribus,
2319 4739 2461 4793 Asiae
2491 4739 2739 4792 civitates
2777 4735 3065 4805 diripiens,
3108 4731 3368 4788 Edessam
3399 4745 3620 4802 quoque

2043 4834 2292 4902 petierat,
2323 4833 2577 4900 valloque
2605 4830 2788 4900 posito
2826 4829 3031 4882 nullam
3078 4841 3185 4879 non
3221 4825 3475 4880 movebat
3504 4837 3620 4878 ma-

2046 4926 2288 4989 chinam,
2327 4939 2390 4979 ac
2424 4922 2693 4993 quidquid
2725 4920 3104 4990 expugnandae
3144 4917 3353 4972 civitati
3398 4915 3640 4968 videbam.

2047 5029 2158 5079 tur,
2203 5017 2500 5084 diligenter
2550 5014 2920 5075 instruxerat;
2974 5007 3310 5066 constructis
3355 5005 3640 5064 nimirum,

2046 5107 2229 5162 omnis
2248 5105 2464 5177 generis
2488 5103 2798 5170 tormentis,
2824 5103 3028 5171 quibus
3049 5101 3154 5157 tela
3169 5100 3400 5169 iaceret,
3433 5108 3642 5149 muros.

2047 5207 2316 5270 quateret,
2360 5205 2545 5268 portas
2597 5197 2948 5264 eﬂ‘ringerct;
2991 5191 3257 5249 Edesseni
3307 5189 3362 5244 in
3409 5195 3636 5240 tantum.

2049 5293 2267 5347 adducti
2298 5290 2630 5360 periculum,
2661 5289 2765 5357 ipsi
2799 5303 3020 5358 quoque
3055 5300 3162 5356 qua
3195 5297 3254 5338 se
3287 5281 3373 5336 via
3403 5289 3626 5333 tueren-

2049 5391 2138 5436 tur
2167 5381 2448 5451 aciemque
2476 5388 2847 5450 opponerent,
2883 5379 3032 5435 serio
3067 5376 3331 5446 cogitare.
3363 5368 3516 5426 Missi
3547 5368 3626 5423 le-

2049 5473 2160 5542 gati
2201 5481 2254 5527 et
2305 5472 2371 5526 ad
2432 5472 2810 5526 Romanorum
2867 5471 3058 5536 duces,
3108 5479 3137 5518 a
3185 5462 3387 5532 quibus
3436 5456 3629 5514 sociali

1865 5647 2072 5705 NOT/E

443 5750 491 5820 (ι
508 5751 554 5816 ι)
583 5747 953 5818 διαθραύσεις.
