4084 6208
478 267 585 332 430

1465 277 1750 339 CONSTA
1761 283 1804 340 Ν
1813 283 1888 341 Tl
1900 286 1949 343 Ν
1958 284 1980 342 Ι
1994 279 2274 348 ῘΡΟΒΡΗ
2284 293 2692 357 YROGENlTl

3630 307 3737 370 tto

479 405 703 443 munt-re
732 392 933 469 auxilia
968 392 1344 461 impetrarent.
1376 395 1603 450 Romani
1632 408 1759 454 tunc
1779 402 2039 456 exercitus

2161 410 2520 478 στρατηγούς.
2566 414 2760 467 Ἠλίων
2782 414 2857 477 δὲ,
2877 418 2905 468 ό
2936 418 3055 470 τότε
3080 418 3189 479 τῶν
3235 419 3556 489 Ῥωμαϊκῶν
3580 440 3743 493 στραο

481 490 681 548 prmtor
725 463 877 535 llvlio
905 492 1042 544 erat,
1079 484 1302 553 ipseque
1335 501 1363 540 a
1405 503 1485 551 se,
1524 488 1815 545 Persarum
1846 496 1894 547 vi
1937 496 2055 549 acie

480 574 757 633 laborans,
785 572 1080 628 auxiliares
1106 577 1293 644 copias
1323 578 1572 636 sullicere
1591 581 1813 639 Edessa:
1844 585 2055 641 civibus

478 678 582 715 non
608 663 840 723 valebat,
862 664 1075 719 animos
1105 676 1284 723 tamen
1316 672 1538 740 scriptis
1570 672 1768 729 litteris
1796 676 2049 738 addebat.

478 752 799 820 nominique
830 756 1117 822 epistolam
1162 773 1225 813 ac
1271 776 1455 815 veram
1507 762 1560 816 in
1596 778 1655 818 ea
1699 768 2049 832 sententiam,

471 859 576 904 qua
614 843 906 899 incolumis
953 844 1163 913 futura,
1198 850 1460 920 nullaque
1505 853 1742 909 hostium
1789 857 1839 910 vi
1879 874 2051 928 expu-

470 932 687 995 gnanda
716 933 913 991 civitas
940 946 995 991 et
1026 937 1267 995 ferretur
1292 950 1346 996 et
1388 943 1725 1010 crederetur,
1759 948 1812 1001 in
1845 964 2050 1005 memo-

472 1024 609 1077 riam
646 1028 962 1083 revocabat.
997 1028 1169 1086 Porro
1203 1032 1387 1088 Persa:
1427 1048 1553 1088 cum
1603 1038 1782 1105 palam
1834 1040 2050 1095 adorie-

470 1114 696 1181 bantur,
733 1125 847 1173 tum
883 1135 949 1174 ex
985 1122 1201 1178 insidiis
1234 1126 1573 1196 structisque
1613 1129 1882 1185 cuniculis
1916 1133 2049 1186 civi-

470 1217 636 1262 tatem
678 1211 956 1266 tenebant.
985 1211 1183 1269 Procul
1221 1216 1388 1287 igitur
1416 1228 1641 1287 occepta
1687 1222 1904 1285 scrobe,
1951 1239 2049 1292 per

469 1300 864 1357 subterraneos
898 1313 1113 1361 meatus
1144 1307 1248 1362 sibi
1292 1307 1344 1361 in
1391 1309 1577 1364 urbem
1618 1312 1823 1364 aditum
1866 1321 2046 1368 strue-

468 1392 621 1444 bant.
651 1392 898 1463 Cumque
936 1394 1048 1464 jam
1091 1398 1319 1466 perinde
1356 1415 1421 1454 ac
1465 1402 1686 1471 quidam
1736 1406 2045 1462 urinatores

469 1484 612 1537 intra
646 1500 834 1541 muros
868 1503 934 1541 ex
967 1488 1242 1545 cuniculis
1266 1494 1688 1556 successissent,
1710 1497 1937 1567 contigit
1960 1501 2045 1552 in-

467 1574 638 1631 sidias
663 1575 841 1647 detegi
868 1594 967 1648 per
994 1580 1153 1635 talem
1179 1584 1548 1640 occasionem.
1575 1585 1844 1641 Nimirum
1877 1591 1963 1644 illa
1989 1591 2040 1644 in

468 1666 624 1721 urbis
650 1677 803 1736 parte
827 1668 981 1724 faber
1008 1672 1232 1740 quidam
1259 1676 1488 1732 aerarius
1511 1678 1649 1732 intra
1683 1696 1870 1736 muros
1897 1682 2039 1737 aedes

464 1755 724 1821 habebat,
755 1758 914 1835 cuius
940 1776 1068 1817 vasa
1099 1779 1247 1820 aenea
1278 1766 1332 1821 in
1358 1768 1520 1822 domo
1552 1771 1831 1838 sublimia,
1861 1774 2040 1832 Persis

468 1849 569 1901 sub
610 1858 752 1904 terra
804 1852 1165 1911 tundentibus
1217 1872 1282 1912 ac
1334 1860 1613 1926 pulverem
1666 1867 2038 1933 egerentibus,

466 1941 707 1994 sonitum
743 1945 1069 1999 emiserunt.
1117 1947 1310 2018 Itaque
1352 1952 1566 2007 consilii
1621 1954 1830 2022 inopes,
1882 1966 1935 2009 et
1973 1959 2038 2011 ad

463 2042 770 2089 extremam
816 2038 962 2093 cives
1004 2039 1444 2111 desperationem
1489 2045 1719 2114 redacti,
1761 2049 1828 2103 ad
1875 2050 2039 2105 Deum

463 2124 813 2195 confugiunt,
863 2129 1154 2200 ipsumque
1200 2135 1383 2190 cordis
1430 2137 1621 2193 dolore
1665 2154 1730 2194 ac
1784 2142 2083 2217 lacrymis,

463 2217 787 2285 exquirunt.
816 2220 984 2276 Porro
1009 2235 1173 2279 noctu
1204 2227 1401 2281 mulier
1431 2230 1679 2299 quaedam
1716 2241 1912 2287 ornato
1947 2234 2041 2286 ha-

466 2308 605 2374 bitu,
642 2311 905 2382 gravique
933 2328 996 2368 ac
1040 2316 1286 2371 modesta
1328 2322 1533 2390 specie,
1562 2324 1915 2391 praestantior
1944 2325 2040 2379 de-

465 2400 631 2469 nique
660 2417 823 2472 quam
864 2413 923 2459 ut
959 2406 1122 2462 homo
1157 2408 1453 2477 videretur,
1494 2413 1789 2484 episcopo,
1833 2415 2042 2469 Eulalia

463 2494 595 2548 huic
624 2510 822 2551 nomen
867 2494 1017 2564 erat,
1060 2509 1306 2571 apparet,
1345 2514 1636 2575 monetque
1675 2515 1892 2576 arrepta
1932 2522 2039 2562 non

462 2586 779 2642 manulacta
814 2588 1016 2645 Christi
1062 2592 1320 2663 imagine,
1366 2609 1490 2650 cum
1528 2597 1645 2666 ipsa
1684 2599 2041 2667 supplicatio-

464 2694 587 2733 nem
613 2680 848 2749 habcat;
880 2680 1107 2753 foreque
1135 2685 1363 2741 omnino
1410 2695 1469 2741 ut
1502 2686 1766 2744 Dominus
1790 2698 2041 2759 portenta

463 2786 562 2825 sua
595 2786 658 2826 ac
693 2774 956 2829 miracula
982 2776 1254 2832 ostendat.
1286 2778 1487 2834 Aiebat
1511 2781 1828 2852 episcopus,
1859 2783 2043 2838 nesei-

462 2874 523 2914 re
557 2875 617 2915 se
655 2876 907 2931 prorsus,
958 2880 1026 2918 an
1072 2867 1294 2922 omnino
1329 2868 1455 2923 talis
1490 2869 1673 2939 imago
1710 2871 1853 2941 apud
1893 2872 2043 2927 cives

463 2952 673 3008 aliosve
702 2953 845 3010 ullos
876 2966 1138 3013 exstaret.
1164 2957 1321 3015 Tunc
1354 2960 1421 3015 ad
1456 2960 1611 3015 illum
1641 2976 1761 3031 qua:
1789 2962 2040 3017 muliebri

2158 498 2441 566 τευμάτων
2467 502 2788 571 ἡγούμενος,
2823 507 2915 558 καὶ
2940 508 3058 560 καθ’
3094 508 3286 562 ἑαυτὸν
3307 511 3414 563 ὑπὸ
3439 514 3548 564 τῶν
3582 515 3742 567 πολε-

2159 582 2298 649 μίων
2328 588 2691 656 πονούμενος,
2728 594 2840 654 τοῖς
2871 594 2927 644 ἐν
2966 595 3189 667 Ἐδέσσῃ
3227 601 3545 670 συμμαχίαν
3594 604 3737 674 πέμ-

2153 671 2251 739 ψαι
2290 675 2388 745 οὐχ
2435 671 2546 739 οἷός
2591 695 2651 731 τε
2691 676 2781 749 ἦν.
2811 682 2908 735 Διά
2941 687 3286 755 γραμμάτων
3311 688 3365 741 δέ
3398 671 3735 761 διεθάῤῥυνε,

2162 761 2260 829 τῆς
2288 762 2382 814 τοῦ
2418 765 2619 833 Κυρίου
2675 769 3109 840 ἀναμιμνήσκων
3161 774 3475 844 ἐπιστολῆς,
3509 780 3602 829 καὶ
3640 780 3737 846 τῆς

2153 853 2418 922 ἀψευδοῦς
2466 859 2524 911 ἐν
2561 860 2695 930 αὐτῇ
2742 862 3092 931 ἀποφάσεως,
3124 865 3192 917 δι’
3217 862 3283 938 ἧς
3312 868 3619 939 ἀπόρθητον
3645 889 3738 940 τη-

2157 943 2367 1013 ρεῖσθαι
2393 944 2670 1016 τὴνἾπόλιν
2716 951 2810 1002 καὶ
2857 951 3073 1019 λέγεται
3097 955 3191 1007 καὶ⁵
3219 958 3559 1012 πιστεύεται.
3592 961 3656 1012 Ol
3684 961 3738 1012 δέ

2153 1036 2361 1106 Πέρσαι
2389 1040 2527 1109 μετά
2563 1040 2663 1111 τῆς
2692 1042 2966 1112 ἐμφανοῦς
3009 1046 3331 1112 ἐπιθέσεως,
3370 1050 3464 1101 καὶ
3494 1051 3562 1103 τὰ
3595 1053 3737 1118 ἁφα-

2151 1127 2256 1191 νῶς
2307 1131 2560 1183 ἐπενόουν
2601 1132 3064 1205 ὲπιόουλεύματα.
3102 1138 3211 1191 Καὶ
3260 1138 3548 1210 πόρῤωθεν
3580 1141 3739 1211 ὀρύτ-

2151 1237 2262 1273 τειν
2302 1221 2620 1291 ἀρξάμενοι,
2679 1224 2748 1278 δι’
2792 1226 3085 1296 ὑπονόμων
3141 1230 3287 1283 ἔνδον
3337 1232 3591 1298 γενέσθαι
3637 1234 3737 1302 τῆς

2149 1308 2358 1373 πόλεως
2410 1310 2781 1380 ὲτεχνάζοντο.
2833 1314 2927 1378 Ὠς
2974 1316 3029 1369 δὲ
3073 1312 3213 1386 ἦσαν
3242 1314 3353 1371 οἷον
3385 1319 3609 1390 ὖφυδροι
3640 1339 3735 1374 κο-

2147 1400 2419 1472 λυμϐηταὶ
2439 1403 2529 1455 τοῦ
2592 1406 2801 1475 τείχους
2852 1408 3001 1472 ἐντδς
3046 1410 3150 1462 ὑπὸ
3190 1411 3311 1480 γῆν,
3366 1413 3428 1464 ἐκ
3476 1413 3735 1482 τοιαύτης

2149 1496 2329 1559 αἰτίας
2360 1501 2695 1566 καταφανεῖς
2726 1502 2837 1564 τοῖς
2869 1501 3015 1555 ἔνδον
3039 1502 3131 1555 τοῦ
3164 1505 3574 1574 τείχους........
3607 1503 3737 1572 χαλ-

2147 1590 2250 1638 κέα
2270 1588 2460 1650 οἰκεῖν,
2485 1582 2545 1642 οὗ
2579 1590 2649 1643 τά
2666 1592 2809 1644 κατά
2846 1591 2949 1661 τὴν
2975 1593 3153 1645 οἰκίαν
3189 1594 3535 1662 αἰωρούμενα
3565 1596 3732 1664 σκεύη

2148 1674 2325 1743 χαλκᾶ
2366 1670 2498 1744 ἦχον
2532 1678 2805 1740 ἀπετέλει,
2829 1678 2937 1731 τῶν
2970 1680 3198 1749 Περσῶν
3234 1681 3338 1733 ὑπὸ
3364 1683 3466 1750 γῆν
3502 1682 3733 1735 κοπτόν-

2142 1784 2251 1820 των
2286 1768 2380 1820 καὶ
2426 1769 2806 1840 ἐκφορούντων
2840 1771 2932 1824 τὸν
2980 1772 3128 1841 χοῦν.
3179 1773 3269 1825 Ἐν
3297 1774 3582 1843 ἀμηχανίᾳ
3614 1770 3730 1827 οῦν,

2144 1859 2238 1911 καὶ
2264 1861 2329 1930 τῇ
2361 1861 2561 1931 ἐσχάτῃ
2593 1861 2902 1929 ἀπογνώσει
2923 1864 2974 1916 οἱ
2994 1864 3090 1933 τῆς
3108 1863 3315 1927 πόλεως
3341 1881 3476 1917 κατα
3487 1865 3732 1928 στάντες⁹

2146 1951 2283 2019 πρὸς
2314 1952 2406 2005 τὸν
2442 1952 2577 2006 Θεὸν
2620 1954 3054 2024 καταφεύγουσι,
3087 1956 3184 2009 καὶ
3214 1957 3331 2025 μετ’
3362 1956 3557 2025 ὀδύνης
3593 1974 3733 2025 καρ-

2143 2041 2261 2106 δίας
2287 2044 2380 2097 καὶ
2398 2044 2649 2113 δακρύων
2671 2046 2958 2116 ἐξεζήτουν
2985 2047 3170 2101 αὐτόν.
3188 2047 3635 2101 Φαίνεταιτοίνυν
3647 2046 3733 2100 διὰ

2145 2134 2339 2197 νυκτὸς
2360 2135 2741 2208 τῷέπισκόπῳ
2761 2138 3044 2208 (Εύλάλιος
3073 2138 3129 2192 δὲ
3162 2133 3316 2202 οὗτος
3352 2134 3441 2209 ἦν)
3481 2140 3615 2210 γυνή
3648 2157 3729 2202 τις

2144 2224 2410 2294 εὐσταλὴς
2445 2226 2539 2279 κα)⁵
2587 2227 2879 2297 σεδασμία,
2900 2228 3163 2299 κρείττων
3197 2230 3229 2300 ἢ
3266 2231 3386 2283 κατ’
3422 2228 3724 2301 ἄνθρωπον,

2146 2317 2512 2388 ύποτιθεμένη
2546 2320 2697 2389 αὐτῷ
2724 2321 2822 2390 τὴν
2871 2321 3289 2391 ἀχειροποίητον
3330 2321 3515 2374 εἰκόνα
3542 2322 3726 2373 λαϐεῖν

2144 2409 2238 2463 τοῦ
2262 2411 2521 2481 Χριστοῦ,
2556 2414 2651 2465 καὶ
2678 2413 2957 2466 λιτανείαν
2988 2415 3103 2482 μετ’
3144 2415 3316 2480 αὐτῆς
3372 2415 3722 2483 ποιήσασθαι·

2145 2500 2367 2564 πάντως
2390 2502 2564 2565 δεῖξαι
2595 2503 2684 2556 τὸν
2711 2504 2912 2573 Κύριον
2942 2504 3010 2558 τὰ
3038 2504 3321 2575 θαυμάσια
3351 2504 3537 2559 αὑτοῦ.
3591 2507 3648 2559 '0
3669 2506 3727 2559 δὲ

2146 2591 2443 2657 ἐπίσκοπος
2488 2595 2765 2659 παντελῶς
2814 2598 3031 2664 ἀγνοεῖν
3068 2597 3251 2665 ἔλεγεν
3284 2598 3333 2649 εί
3378 2597 3526 2650 ἔστιν
3555 2597 3724 2664 ὅλως,

2145 2684 2254 2737 εἴτε
2295 2683 2424 2754 παρ’
2476 2685 2681 2749 αὐτοῖς,
2709 2685 2817 2739 εἴτε
2862 2688 2991 2758 παρ’
3034 2688 3214 2751 ἄλλοις
3269 2688 3411 2741 τισὶν
3440 2690 3495 2758 ,ἡ
3539 2688 3723 2741 εἰκών.

2144 2776 2279 2829 Τότε
2316 2775 2465 2844 λέγει
2496 2776 2631 2847 πρὸς
2664 2778 2826 2831 αὑτὸν
2855 2779 2889 2848 ἡ
2916 2780 2973 2831 ἐν
3002 2780 3298 2849 γυναικείῳ
3323 2780 3619 2849 φαινομένη
3648 2780 3724 2850 τῷ

2147 2868 2407 2937 σχήματι,
2437 2868 2519 2920 δτι
2552 2868 2739 2923 ἐπάνω
2776 2870 2874 2940 τῆς
2927 2871 3101 2941 πύλης
3129 2872 3229 2941 τῆς
3278 2871 3482 2934 πόλεως
3538 2874 3596 2924 ἐν
3646 2872 3724 2943 τῷ

2146 2959 2296 3029 τόπῳ
2316 2960 2402 3012 διὰ
2441 2960 2588 3014 τόνδε
2638 2962 2730 3014 τὴν
2775 2963 2979 3031 τρόπον
3023 2964 3057 3033 ἡ
3084 2965 3308 3034 τοιαύτη
3342 2963 3723 3035 εἰκὼν-κέκρυ-

465 3045 651 3100 habitu
687 3062 746 3102 se
779 3048 1134 3119 conspicuam
1169 3051 1400 3119 fecerat,
1434 3069 1601 3123 super
1630 3063 1843 3125 portam
1891 3054 2044 3110 urbis
2070 3076 2114 3138 ρ
2150 3066 2305 3102 πταιο

461 3136 555 3190 tali
599 3137 719 3194 loco
760 3154 858 3209 per
903 3142 1066 3198 talem
1110 3144 1330 3199 modum
1379 3145 1670 3215 imaginem
1714 3147 2038 3201 absconsam

461 3228 721 3297 subjecit.

532 3321 694 3378 XVII.
735 3325 1096 3400 Mane‘igitur
1121 3333 1443 3405 episcopus,
1476 3345 1665 3408 aperta
1697 3338 1912 3393 visione
1934 3336 2042 3391 frc-

458 3427 572 3485 tus,
596 3435 723 3475 cum
757 3424 1163 3493 supplicatione
1196 3430 1264 3484 ad
1298 3431 1477 3485 locum
1502 3433 1860 3494 conveniens.
1885 3447 2042 3488 scru-

457 3518 719 3581 tansque,
766 3515 1035 3585 integram
1077 3533 1141 3574 ac
1182 3520 1511 3579 incolumem
1542 3525 1783 3581 divinam
1813 3525 2042 3582 offendit

458 3603 779 3671 ἱηιθεῖηοω.
816 3605 1098 3663 lucernam
1140 3623 1481 3683 quoquevtot
1519 3624 1667 3673 retro
1698 3618 1859 3674 annis
1887 3618 2041 3672 inex~

458 3694 720 3751 stinctam
753 3715 767 3753 :
803 3698 969 3770 inque
1005 3710 1146 3758 testa
1194 3713 1323 3761 ante
1360 3707 1642 3765 lucernam
1671 3709 1790 3780 ejus
1817 3725 2041 3768 conser-

458 3787 651 3843 vanda:
703 3805 872 3848 causa
911 3793 1186 3865 imposita,
1230 3798 1461 3855 alteram
1506 3802 1768 3874 imaginis
1819 3820 2041 3876 expres-

458 3894 576 3936 sam
610 3879 867 3952 eﬂigiem,
894 3900 1017 3954 quae
1047 3887 1165 3954 ipsa
1200 3889 1471 3948 hactenus
1499 3893 1717 3950 Edessa:
1746 3896 2041 3955 incolumis

456 3979 562 4026 est.
589 3970 819 4041 Sumpta
844 3974 1012 4044 igitur
1044 3977 1098 4032 in
1130 3994 1327 4036 manus
1358 3978 1544 4037 divina
1576 3983 1782 4041 Christi
1818 3986 1909 4041 Dei
1939 3987 2038 4043 ho-

457 4059 624 4117 minis
657 4061 856 4133 eﬂigie,
884 4065 1256 4135 praetidentior
1287 4071 1579 4144 episcopus
1607 4075 1673 4129 ad
1704 4076 1884 4133 locum
1916 4093 2037 4148 per-

456 4152 557 4223 git,
595 4155 688 4209 ubi
723 4155 909 4213 Persa:
938 4175 1004 4215 ex
1037 4176 1298 4217 vasorum
1342 4179 1451 4220 aere
1487 4168 1802 4223 sonantium
1836 4169 2034 4225 tinnitu

456 4246 779 4303 cuniculum
821 4256 1102 4307 struentes
1148 4253 1475 4322 deprehensi
1528 4266 1685 4311 erant
1732 4275 1745 4312 :
1801 4273 2036 4330 eumque

456 4336 606 4393 cives
617 4345 670 4392 et
690 4338 793 4408 ipsi
814 4340 963 4396 intus
977 4343 1221 4412 aggressi
1242 4344 1296 4399 in
1315 4345 1453 4402 alios
1467 4346 1560 4401 alii
1577 4348 1956 4415 incurrissent,
1976 4351 2029 4405 in

2216 3334 2315 3390 lZ'.
2347 3336 2555 3390 Ἔωθεν
2585 3337 2679 3392 οὖν
2708 3338 2736 3391 ὁ
2762 3339 3060 3404 ἐπίσκοπος
3088 3341 3165 3412 τῷ
3186 3344 3411 3413 ἐναργεῖ
3425 3344 3522 3414 τῆς
3545 3344 3720 3413 ὅψεως

2146 3428 2441 3493 πεποιθὼς,
2477 3430 2612 3499 μετὰ
2663 3431 2817 3501 λιτῆς
2866 3433 3005 3503 προς
3036 3434 3126 3486 τὸν
3176 3434 3342 3487 τόπον
3396 3435 3586 3498 ἐλθὼν,
3625 3436 3719 3487 καὶ

2142 3520 2629 3590 διερευνησάμενος
2657 3517 2781 3593 εὗρε
2798 3523 2897 3596 τὴν
2926 3525 3075 3578 Θείαν
3116 3526 3321 3595 ταύτην
3350 3528 3533 3580 εἰκόνα
3567 3527 3719 3580 ἀδια-

2141 3612 2404 3682 λὼὅητον,
2441 3613 2537 3669 καὶ
2588 3614 2687 3684 τὴν
2741 3616 3037 3685 ϐρυαλλίδα
3084 3620 3143 3671 ἐν
3186 3621 3301 3682 τοῖς
3332 3619 3606 3683 τοσούτοις
3643 3619 3715 3687 μὴ

2140 3702 2569 3756 ἀποσϐεσθεῖσαν
2609 3704 2775 3759 ἔτεσι.
2804 3707 2913 3759 Kal.
2940 3709 2998 3760 ἐν
3025 3708 3103 3780 τῷ
3135 3710 3271 3780 πρὸς
3302 3710 3549 3777 φυλακὴν
3599 3713 3715 3764 ἐπι-

2141 3792 2348 3846 τεθέντι
2376 3792 2483 3863 πρὸ
2511 3793 2603 3846 τοῦ
2634 3795 2828 3865 λύχνου
2855 3797 3086 3868 κεράμῳ
3122 3800 3514 3852 ἐπεκτυπωοὲν
3533 3800 3717 3869 ἓτερον

2139 3880 2395 3952 ὁμοίωμα
2427 3880 2522 3934 τοῦ
2567 3884 2930 3955 όμοιώματος,
2966 3886 2994 3938 ὃ
3038 3886 3133 3941 καὶ
3175 3889 3336 3958 μέχρι
3378 3889 3473 3943 τοῦ
3516 3888 3611 3943 νῦν
3659 3892 3718 3941 ἐν

2153 3972 2376 4044 Ἐδέσσῃ
2402 3975 2662 4046 τυγχάνει
2704 3977 3035 4048 σωζόμενον.
3078 3979 3276 4032 Λαϐὼν
3314 3976 3407 4034 οῦν
3438 3982 3577 4033 κατά
3604 3983 3716 4049 χεῖ·

2140 4082 2241 4137 ρας
2283 4066 2345 4119 τὸ
2394 4067 2536 4121 Θεῖον
2582 4067 2741 4122 τοῦτο
2771 4070 3128 4139 θεανθρώπου
3169 4072 3404 4142 Χριστοῦ
3434 4073 3712 4125 ἀπεικόνι-

2139 4174 2274 4228 σμα,
2302 4157 2399 4211 καὶ
2425 4159 2522 4211 ἐπὶ
2543 4160 2852 4230 κρείττονος
2882 4162 3102 4227 ἐλπίδος
3141 4166 3448 4233 γενόμενος,
3491 4165 3713 4235 ἔρχεται

2138 4251 2261 4302 κατ’
2309 4250 2517 4303 ἐκεῖνον
2554 4252 2646 4304 τὸν
2676 4252 2866 4318 τόπον,
2907 4256 3031 4309 καθ’
3061 4257 3120 4309 ὃν
3147 4260 3193 4310 οξ
3240 4258 3442 4328 Πέρσαι
3495 4257 3711 4329 διορύτ-

2135 4356 2319 4403 τοντες
2364 4340 2472 4394 ἀπὸ
2510 4341 2604 4395 τοῦ
2659 4342 2770 4397 τῶν
2816 4346 3193 4417 χαλκωμάτων
3226 4350 3360 4419 ἦχον
3396 4350 3713 4421 κατάφωροι

451 4429 635 4499 ignem
671 4430 805 4500 ipsis
834 4431 889 4486 in
923 4431 1113 4490 hostes
1145 4444 1392 4505 paratum
1448 4452 1515 4493 ex
1576 4438 1799 4497 lucerna
1849 4442 2029 4499 oleum

2143 4430 2567 4502 καθεστήκεσαν.
2596 4434 2705 4487 Καὶ
2738 4415 3033 4507 ἀρξάμενοι
3056 4415 3297 4492 ἔνδοθεν-τ
3320 4415 3569 4511 ὀρύττειν
3603 4415 3713 4513 (l2)

454 4518 756 4587 stillantes,
776 4520 943 4591 inque
960 4524 1160 4580 Persas
1194 4524 1248 4578 in
1267 4526 1524 4581 cuniculo
1541 4537 1787 4599 repertos
1811 4531 2031 4587 mitten-

456 4615 563 4673 tes,
587 4623 780 4666 omnes
802 4606 1179 4682 perdiderunt.
1202 4616 1382 4687 lisque
1408 4618 1628 4674 demum
1655 4620 1870 4677 liberati
1896 4623 2031 4680 insi-

456 4699 565 4754 diis
585 4699 773 4755 eodem
813 4705 1093 4763 molimine
1122 4709 1288 4763 etiam
1334 4711 1617 4768 machinas
1642 4722 1796 4769 extra
1842 4732 2030 4773 muros

457 4792 661 4861 positas
693 4796 900 4864 adorsi,
940 4800 1037 4854 bas
1068 4815 1287 4873 quoque
1321 4812 1547 4874 repente
1572 4806 2026 4875 combusserunt,

453 4883 753 4956 pluresque
786 4887 842 4942 in
871 4889 952 4944 eis
985 4891 1253 4949 militares
1290 4893 1440 4949 viros
1479 4896 1846 4952 sustulerunt.
1879 4896 2029 4953 Jam-

454 4990 561 5045 que
589 4976 729 5033 adeo
757 4980 904 5035 aucti
936 4981 1154 5049 tiducia,
1185 4984 1409 5041 crebros
1441 4986 1606 5041 etiam
1638 5002 1668 5042 e
1708 4989 1880 5044 muris
1905 4989 2031 5043 mit--

454 5072 628 5121 tentes
660 5067 892 5137 lapides.
940 5084 1131 5124 eorum
1170 5070 1324 5138 jaetu
1369 5087 1433 5128 ac
1482 5074 1776 5139 rotatione,
1827 5075 2026 5146 impuri

449 5158 727 5216 exercitus
767 5160 892 5216 duci
926 5161 1157 5231 aliisque
1199 5178 1307 5218 non
1353 5166 1545 5235 paucis
1586 5181 1774 5222 necem
1808 5166 2025 5222 consci-

451 5256 667 5303 verunt.
694 5247 883 5319 Neque
915 5250 965 5305 id
1002 5250 1183 5317 modo,
1213 5253 1306 5308 sed
1341 5263 1395 5309 et
1423 5255 1768 5312 extrinsecus
1790 5271 1818 5310 a
1840 5257 2022 5313 Persis

448 5340 715 5396 adversus
764 5343 915 5398 cives
959 5357 1249 5400 accensam
1300 5361 1509 5416 pyram,
1564 5362 1726 5416 quam
1773 5347 2018 5404 olearum

447 5429 853 5501 multarumque
896 5432 1147 5499 aliarum,
1190 5450 1329 5505 quas
1374 5435 1714 5493 immiserant
1757 5439 2014 5495 arborum

2140 4525 2247 4579 τῶν
2272 4526 2375 4597 τῆς
2410 4528 2640 4597 πόλεως,
2669 4530 2747 4595 ὡς
2800 4534 2969 4601 ἐγγὺς
3011 4534 3258 4606 ἀλλήλων
3304 4536 3575 4604 ἐγένοντο,
3608 4538 3713 4591 ἀπὸ

2138 4618 2237 4688 τῆς
2265 4619 2485 4690 λυχνίας
2496 4624 2711 4695 ἐκείνης
2735 4624 2910 4679 ἔλαιον
2934 4628 3347 4692 ἐπιστάξαντες,
3377 4631 3457 4694 εἰς
3480 4631 3545 4683 τὸ
3572 4631 3712 4683 κατὰ

2136 4710 2245 4764 τῶν
2277 4712 2551 4782 πολεμίων
2578 4715 2760 4779 αὐτοῖς
2788 4716 3214 4787 εύτρεπισμὲνον
3262 4719 3396 4790 πῦρ,
3445 4723 3539 4774 καὶ
3571 4723 3711 4774 κατά

2136 4800 2245 4854 τῶν
2266 4803 2324 4855 ἐν
2358 4803 2438 4873 τῷ
2467 4805 2727 4877 ὑπονόμῳ
2753 4809 2982 4879 Περσῶν
3039 4809 3291 4879 ἀφέντες,
3344 4813 3552 4875 πάντας
3603 4813 3709 4865 ἀπ-

2138 4891 2366 4949 ώλεσαν.
2395 4896 2507 4948 Καὶ
2528 4897 2628 4967 τῆς
2652 4899 2901 4954 ἐντεῦθεν
2919 4902 3208 4970 ρυσθέντες
3236 4904 3549 4974 ἐπιϐουλῆς,
3582 4903 3708 4974 πρὸς

2140 4984 2205 5039 τά
2236 4986 2393 5049 ἐκτὸς
2441 4986 2536 5041 τοῦ
2577 4990 2791 5063 τείχους
2824 4994 3075 5063 μηχανὰς
3133 4995 3230 5064 τὴν
3273 4997 3459 5065 ὅμοιον
3517 4999 3707 5065 πεῖραν

2137 5076 2503 5147 προήνεγκαν,
2538 5080 2633 5134 καὶ
2679 5081 2884 5147 ταύτας
2937 5085 3149 5156 ἀθρόως
3207 5087 3566 5156 κατέφλεξαν.
3599 5087 3707 5138 Καὶ

2131 5166 2359 5231 πολλοὺς
2380 5169 2487 5221 τῶν
2520 5170 2579 5223 ἐν
2609 5171 2801 5236 αὐταῖς
2830 5175 3107 5246 πολεμίων
3134 5177 3442 5232 ἀνάλωσαν.
3480 5178 3617 5247 Ἤδη
3648 5175 3704 5228 δὲ

2126 5256 2656 5331 ἀνατεθαρῤηκότες,
2685 5264 2780 5318 καὶ
2840 5264 3005 5319 λίθων
3055 5267 3280 5337 ἀφέσεις
3327 5270 3539 5339 συχνῶν
3599 5268 3706 5321 ἀπὸ

2124 5348 2232 5402 τῶν
2262 5351 2459 5422 τειχῶν
2496 5354 2840 5427 ἐπεποίηντο,
2874 5359 2964 5428 ὑφ’
2987 5352 3063 5414 ὧν
3106 5361 3324 5415 καὶθτδν
3371 5361 3702 5431 στρατοπεδ-

2123 5439 2299 5511 άρχην
2350 5442 2444 5497 τοῦ
2491 5446 2690 5518 μιαροῦ
2736 5451 3143 5524 στρατεύματος
3169 5454 3365 5525 συνέϐη
3400 5456 3586 5507 πεσεῖν
3612 5452 3705 5506 καὶ

1933 5622 2163 5683 NOTAE.

524 5699 638 5771 (l2)
680 5701 854 5763 Locus
889 5708 1125 5767 fortasse
1156 5724 1263 5765 non
1297 5726 1484 5769 sanus.
