4058 6212
450 236 551 300 Ml

1391 245 1786 309 NARRATIO
1829 253 1922 312 DE
1959 255 2288 318 lMAGlNE
2325 261 2738 322 EDESSENA.

3609 276 3716 339 4ίέ

449 357 644 425 ἀλλους
666 355 892 418 πολλοὺς
926 356 1023 410 σῦν
1050 357 1216 428 αὐτῷ.
1245 360 1318 412 Οὐ
1349 362 1511 429 μόνον
1533 363 1611 428 δὲ,
1642 366 1778 419 ἀλλά
1807 368 1901 419 καὶ
1927 369 2025 439 τὴν

2131 375 2341 428 infinita
2374 385 2597 446 aggesta
2623 379 2850 432 materia
2879 379 3080 448 alebat,
3110 383 3164 438 in
3211 384 3362 453 ipsos
3389 386 3483 454 qui
3517 403 3714 445 accen-

451 445 654 512 ἕξωθεν
680 445 786 498 ὑπὸ
808 445 916 498 τῶν
947 446 1172 516 Περσῶν
1211 448 1546 518 ἀναφθεῖσαν
1578 455 1720 508 κατά
1744 456 1852 508 τῶν
1878 457 2026 512 ἔνδον

453 536 655 605 πυρὰν,
684 538 752 608 ἢν
779 537 1004 607 ἄπειρος
1028 537 1128 608 ῦλη
1161 539 1356 594 ἐλαιῶν
1386 558 1448 595 τε
1478 543 1574 596 καί
1600 544 1777 598 ἄλλων
1818 548 2031 617 συχνῶν

453 629 873 683 καταπεσόντων
914 630 1146 700 δένδρων
1176 632 1472 702 ὑπέτρεφε,
1508 637 1628 688 κατ’
1657 637 1841 690 αὐτῶν
1872 642 2029 707 γενέ-

459 718 580 771 σθαι
631 719 666 789 ἡ
714 720 812 786 τῆς
863 720 1150 791 συμμάχου
1209 721 1361 786 θείας
1410 725 1884 791 εἰκόνος.......ὼς
1924 730 2031 800 γὰρ

457 809 662 863 ἄνωθεν
693 811 948 881 Εύλάλιος
977 814 1098 876 ταῖς
1144 812 1373 878 οἰκείαις
1394 816 1485 869 τοῦ
1519 818 1731 887 τείχους
1771 820 2026 887 ἐφαπλὼ-

460 917 556 964 σας
587 901 791 972 ταύτην
820 902 1099 972 παλάμαις
1131 905 1230 974 τὴν
1257 906 1411 960 πόλιν
1439 907 1692 962 διώδευεν
1737 911 2021 982 ἐξαίφνης,

457 991 530 1057 ὡς
574 995 714 1047 κατὰ
758 994 848 1047 τὸν
903 995 1068 1050 τόπον
1099 996 1285 1051 τοῦτον
1315 999 1551 1067 ἐγένετο,
1583 1001 1758 1071 βίαιος
1824 1004 2026 1074 ἄνεμος

2130 464 2348 529 derant,
2389 467 2590 522 divina:
2619 469 2798 526 virtus
2835 471 3095 542 imaginis
3121 475 3353 544 benigne
3389 478 3713 546 opitulantis

2127 555 2418 608 convertit.
2446 555 2582 609 Cum
2609 558 2758 611 enim
2782 574 2901 613 eam
2929 575 2960 614 c
2991 577 3152 616 muro
3175 563 3408 633 desuper
3438 569 3554 622 suis
3590 570 3707 640 ipse
3773 585 3782 596 δ

2130 646 2383 700 manibus
2410 645 2656 702 Eulalius
2683 650 2970 717 explicans
3003 652 3282 707 civitatem
3310 657 3508 719 obiret,
3549 669 3606 712 ιιι
3643 661 3709 713 all

2130 749 2254 789 eum
2290 736 2469 789 locum
2500 737 2788 801 successit,
2825 740 3053 794 obortus
3085 751 3312 810 repente
3352 756 3548 802 ventus
3577 750 3711 801 vali-

2132 824 2260 890 dus,
2293 826 2346 878 iu
2375 841 2471 880 eos
2498 828 2590 896 qui
2620 818 2810 898 rogum
2844 831 3240 896 accendebant,
3273 833 3546 889 ﬂammam
3583 853 3714 890 ron-

2130 918 2331 979 vertit;
2371 918 2483 972 haec
2528 920 2652 974 illos
2703 930 3015 990 persecuta,
3073 923 3218 978 haud
3264 941 3426 981 secus
3474 943 3538 982 ac
3583 929 3712 983 olim

2131 1004 2444 1073 Chaldaeos,
2473 1010 2741 1064 incendit.

457 1084 780 1152 ἐξεγερθεὶς,
828 1088 970 1138 κατά
1021 1087 1130 1140 τῶν
1182 1090 1599 1158 ἀναφλεγόντων
1637 1093 1738 1164 τὴν
1761 1096 2024 1166 τοιαύτην
2061 1099 2339 1167 πυρκαῖαν
2363 1099 2462 1171 τὴν
2492 1101 2665 1171 φλόγα
2688 1103 3026 1173 ἐπέστρεψεο
3052 1104 3146 1159 καὶ
3215 1106 3403 1173 ἐδίωξε
3467 1110 3710 1181 τούτους,

453 1177 542 1229 καὶ
564 1176 905 1249 ἐνεπύριζεν,
938 1179 1012 1244 ὡς
1038 1182 1162 1246 τοὺς
1195 1183 1500 1248 Χαλδαίους
1520 1185 1582 1239 τὸ
1601 1186 1750 1258 πρίν.

520 1263 627 1319 IH'.
657 1265 843 1319 Ταῦτα
871 1267 972 1320 οὐκ
1000 1268 1316 1339 ἀμάρτυρός
1347 1272 1465 1324 ἐστι
1488 1272 1681 1339 λόγος,
1728 1274 1810 1337 εἰς
1836 1276 2031 1346 ἡδονὴν

449 1355 674 1427 ἀκοῆςῆ
702 1356 920 1426 ἀπάτην
951 1355 1083 1426 παρ’
1106 1358 1264 1427 ἡμῶν
1294 1375 1358 1410 συ
1367 1358 1694 1427 μπλασθεὶς,
1723 1362 1860 1415 ἀλλὰ
1878 1367 2026 1433 τρεῖς

449 1447 584 1515 ὁμοῦ
620 1449 977 1518 πατριάρχαι,
1020 1447 1143 1500 ’1ὼὸ
1203 1447 1630 1520 Ἀλεξανδρείας,
1660 1451 2027 1522 Χριστοφόρος

462 1539 812 1610 Ἀντιοχείας,
835 1538 932 1593 καὶ
964 1537 1243 1602 Βασίλειος
1277 1538 1664 1610 Ἱεροσολύμων
1685 1542 2025 1612 ἀνέγραψαν,

450 1630 546 1684 καὶ
573 1629 746 1692 οὕτως
773 1628 920 1698 ἔχειν
957 1627 1133 1684 ταῦτα
1155 1629 1482 1700 ἐγνώρισαν,
1506 1631 1748 1703 Θεοφίλῳ
1779 1633 2025 1703 γράψανο

2210 1275 2397 1333 XVIII.
2441 1278 2556 1334 Non
2590 1280 2702 1336 haec
2735 1297 2898 1338 aures
2931 1284 3204 1341 tnulcendi
3260 1301 3452 1351 causa,
3483 1299 3578 1344 aut
3612 1308 3711 1348 vc-

2135 1367 2282 1421 ritati
2330 1368 2512 1424 fucum
2556 1371 2814 1438 faciendi,
2851 1376 3019 1431 nullis
3059 1378 3292 1434 testibus
3327 1395 3356 1433 a
3393 1381 3556 1436 nobis
3587 1399 3718 1439 con-

2136 1456 2257 1510 ficta
2295 1461 2540 1514 narratio
2601 1479 2616 1516 :
2668 1465 2918 1534 quinimo
2978 1475 3092 1523 tres
3147 1469 3312 1524 simul
3368 1473 3716 1541 patriarcba',

2133 1543 2238 1599 Job
2273 1548 2700 1616 Alexandrinus,
2751 1554 3179 1624 Cbristopborus
3217 1560 3620 1632 Antiocheuus,
3661 1576 3717 1620 et

2135 1635 2375 1694 Basilius
2404 1640 2960 1712 Ilierosolymitanus,
2999 1648 3100 1716 ipsi
3133 1651 3502 1720 scripserunt,
3551 1667 3716 1727 atque

448 1737 542 1783 τες
589 1719 669 1790 τῷ
721 1720 929 1790 βασιλεῖ
963 1721 1061 1786 τὰς
1101 1722 1253 1791 ἱερὰς
1289 1724 1504 1785 εἰκόνας
1533 1723 1862 1795 ὲξυϐρικότι.
1897 1725 2025 1778 Ὅτε

2135 1729 2247 1784 haec
2269 1731 2350 1786 sic
2377 1748 2436 1786 se
2464 1733 2688 1798 habere,
2711 1734 2858 1790 datis
2881 1735 3188 1807 Theophila
3217 1719 3532 1809 imperatori
3569 1719 3714 1803 lit-te-

449 1809 538 1862 διὰ
569 1809 778 1861 πολλῶν
832 1811 1279 1876 ἀποδεικνύοντες
1327 1815 1387 1868 τὸ
1444 1814 1554 1866 τῶν
1589 1815 1749 1868 θείων
1803 1817 2028 1870 εἰκόνων

450 1900 594 1970 ἱερὸν
618 1902 710 1954 καὶ
742 1901 1060 1972 σεϐάσμιον,
1093 1904 1186 1956 καὶ
1216 1903 1346 1974 περὶ
1377 1904 1570 1959 τούτου
1619 1906 1884 1960 διέλαϐον.
1916 1908 2028 1961 Καὶ

454 1990 630 2053 ἔξεστι
673 1991 981 2063 βουλομένῳ
1003 1995 1103 2064 τήν
1132 1995 1454 2064 πολύστιχον
1483 1996 1698 2064 ἐκείνην
1739 1999 2029 2068 ἐπιστολὴν

455 2079 832 2144 ἀναλέξασθαι,
869 2082 1116 2152 καὶπερί
1143 2083 1334 2136 τούτου
1371 2085 1585 2154 μαθεῖν.
1650 2087 1811 2140 ’Λλλά
1835 2088 1931 2139 acati.
1962 2091 2028 2158 τῇ

456 2170 728 2240 Εύαγρίου
785 2171 1215 2245 ἑκκλησιαστικῇ
1252 2174 1486 2246 Ἱστορίᾳ
1537 2178 1697 2239 εἴτις
1728 2177 2033 2246 φιλοπόνως

451 2261 723 2330 ἐνέτυχεν,
752 2264 894 2330 ἔγνω
924 2263 1142 2324 πάντως
1192 2263 1283 2320 οἷα
1334 2270 1461 2338 περὶ
1494 2267 1592 2337 τῆς
1635 2269 1787 2339 ίερᾶς
1828 2267 2032 2340 ταύτης

453 2350 660 2412 εἰκόνος
694 2352 835 2407 κατά
865 2355 954 2406 τὸν
987 2354 1248 2423 τέταρτον
1281 2355 1438 2424 λόγον
1463 2358 1616 2426 φησί.

521 2638 622 2692 lf‘)’.
652 2639 985 2710 Ἀναγράφει
1001 2637 1132 2709 γὰρ,
1147 2638 1222 2702 ὡς
1245 2639 1384 2708 μετὰ
1405 2639 1519 2693 τῶν
1538 2639 1713 2693 ἄλλων
1737 2640 1765 2693 ό
1783 2639 2030 2710 Χοσρόης

452 2735 548 2788 καὶ
573 2733 731 2786 τοῦτο
762 2733 1054 2801 πεποίηκε,
1081 2732 1250 2786 θέλων
1283 2734 1599 2804 περιφανῶς
1625 2733 1838 2799 ἐλέγξαι
1859 2733 2026 2802 ψευδῆ

451 2824 543 2878 τὸν
571 2821 723 2893 παρὰ
750 2821 1099 2890 Χριστιανοῖς
1132 2821 1528 2891 θρυλλούμενον
1564 2821 1692 2892 περὶ
1715 2825 1814 2892 τῆς
1843 2821 2029 2874 τοιαύ-

452 2933 551 2984 της
574 2914 778 2976 πόλεως
809 2912 989 2980 λόγον,
1022 2913 1098 2974 ὡς
1117 2914 1203 2982 εἴη
1234 2913 1564 2982 ἀπόρθητος.
1615 2913 1801 2967 Ξύλων
1833 2915 1942 2984 γάρ
1976 2931 2030 2967 τι

456 2992 598 3077 μέγα
619 3007 830 3077 χρῆμα,
857 3004 951 3058 καὶ
973 3003 1175 3073 πλῆθος
1207 3004 1458 3074 ἄπειρον,
1487 3006 1544 3056 ἐν
1576 3004 1770 3080 βραχεῖ
1815 3009 1882 3076 τῇ
1933 3004 2028 3058 τοῦ

2137 1820 2234 1885 ris,
2265 1821 2357 1891 qui
2393 1837 2676 1877 sacrarum
2722 1825 2961 1880 violator
2999 1826 3298 1897 imaginum
3331 1840 3494 1892 esset,
3537 1835 3714 1903 palam

2135 1910 2430 1967 fecerunt:
2475 1923 2588 1966 tum
2636 1915 2892 1969 nimirum
2943 1931 3070 1970 cum
3123 1918 3280 1988 longa
3330 1919 3717 1978 dissertatione

2133 2002 2350 2057 divinas
2379 2003 2649 2072 imagines
2671 2017 2894 2062 sanctas
2925 2017 3238 2063 astruentes
3267 2024 3330 2064 ac
3361 2013 3715 2068 veneratione

2135 2094 2439 2160 habendas,
2470 2098 2610 2151 istud
2641 2114 2860 2168 quoque
2889 2109 3200 2156 tractarunt
3235 2121 3250 2158 :
3278 2117 3342 2157 ac
3373 2104 3502 2160 licet
3527 2121 3713 2169 nosse,

2135 2184 2179 2236 si
2229 2185 2356 2252 quis
2401 2186 2452 2238 in
2502 2187 2703 2240 mtdtos
2735 2204 2926 2244 versus
2963 2189 3138 2245 fusam
3173 2205 3293 2246 eam
3325 2193 3617 2263 epistolam
3653 2205 3714 2250 ut

2135 2271 2279 2343 legat
2309 2276 2362 2328 in
2392 2277 2632 2330 animum
2668 2278 2964 2334 imluxerit.
3014 2281 3120 2336 Sed
3171 2289 3224 2337 ct
3277 2282 3490 2354 Evagrii
3539 2287 3716 2341 eccle-

2135 2363 2414 2418 siasﬁcam
2454 2369 2750 2421 Historiam
2781 2370 2826 2423 si
2855 2372 2978 2439 quis
3002 2375 3268 2431 attentius
3306 2375 3519 2446 legerit,
3555 2375 3714 2445 plane

2133 2455 2283 2508 novit
2315 2469 2518 2527 quanta
2547 2459 2638 2514 ille
2665 2460 2731 2515 de
2757 2460 2862 2516 hac
2889 2477 3050 2519 sacra
3082 2465 3322 2537 imagine
3352 2467 3495 2522 libro
3517 2476 3717 2536 quarto

2133 2547 2350 2602 scribit.

2203 2635 2346 2697 XIX.
2388 2639 2576 2697 Refert
2622 2643 2793 2710 enim,
2831 2647 2980 2716 quod
3042 2662 3169 2703 cum
3217 2648 3342 2706 aliis
3376 2649 3456 2705 'de
3504 2650 3718 2716 causis,

2133 2739 2245 2784 tum
2279 2732 2349 2787 ob
2377 2747 2498 2788 eam
2527 2735 2874 2803 potissimum
2902 2739 3172 2795 rationem
3201 2741 3477 2798 Cbosroes
3503 2743 3716 2797 exerci-

2135 2829 2247 2874 tum
2271 2824 2510 2888 duxerit,
2535 2834 2593 2880 ut
2613 2837 2798 2896 aperte
2817 2831 3138 2886 ostenderet
3165 2847 3290 2888 esse
3317 2832 3540 2899 falsmn,
3566 2835 3710 2903 quod

2131 2912 2198 2967 de
2237 2913 2440 2970 Edessa
2477 2916 2700 2972 civitate
2729 2917 3034 2975 Christiani
3069 2920 3376 2991 iactabant.
3413 2938 3530 2976 eam
3567 2925 3717 2976 nulla

2133 3004 2183 3056 vi
2211 2999 2511 3077 expugnari
2544 3023 2708 3076 posse
2755 3023 2820 3063 ac
2861 3008 3048 3079 diripi.
3081 3010 3216 3067 Cdm
3259 3011 3406 3067 enim
3441 3013 3717 3080 ingentem

454 3098 858 3169 στρατεύματος
917 3095 1236 3166 πολυχειρίᾳ
1277 3095 1637 3165 συναθροίσας
1711 3097 1775 3161 ἐξ
1835 3097 2025 3149 ἐπιτά-

2133 3096 2398 3165 Iiguorum
2423 3104 2632 3153 struem
2658 3107 2712 3152 et
2738 3114 2874 3168 pene
2900 3101 3168 3155 infinitam
3201 3104 3449 3158 conferta
3477 3079 3712 3158 militum

452 3205 684 3258 γματος,
714 3189 807 3240 καὶ
840 3185 1018 3239 ταῦτα
1050 3187 1192 3239 κατά
1221 3185 1314 3238 δύο
1349 3186 1562 3256 τείχους
1588 3186 1901 3256 πηξάμενος
1931 3187 2030 3240 κύ-

452 3284 566 3354 κλῳ
587 3284 683 3352 τῆς
712 3284 916 3346 πόλεως
937 3295 952 3310 ο
1003 3278 1123 3336 εἶτα
1164 3279 1294 3350 χοῦν
1312 3270 1460 3334 ’κατά
1487 3280 1550 3333 τὸ
1586 3279 1750 3350 μέσον
1781 3281 2029 3350 ἐπεμϐα-

453 3372 582 3436 λὼν,
608 3373 699 3426 καὶ
727 3372 1105 3442 ἀντιμέτωπον
1140 3369 1270 3423 ἄλλο
1313 3372 1490 3440 τεῖχος
1529 3369 1850 3439 οἰκοδομῶν,
1890 3370 2029 3440 ὑψη-

456 3464 670 3535 λότερος
691 3464 899 3531 ἐγίνετο
923 3462 1032 3515 τῶν
1060 3460 1157 3533 τῆς
1197 3460 1450 3531 Ἐδέσσης
1480 3459 1698 3530 τειχῶν,
1736 3462 1831 3514 καὶ
1861 3460 1938 3524 ὼς
1966 3460 2026 3524 ἐξ

456 3555 784 3628 ὑπερδεξίων
811 3554 878 3608 τά
908 3554 1036 3624 βέλη
1057 3553 1195 3606 κατά
1231 3552 1340 3607 τῶν
1371 3553 1510 3622 ὑπὲρ
1537 3553 1638 3622 τῆς
1668 3552 1876 3617 πόλεως
1895 3560 2028 3624 πρό-

452 3645 870 3699 κινδυνευόντων
923 3646 1046 3697 ὅσον
1099 3642 1254 3696 οῦπω
1278 3643 1535 3712 ἀφίεσθαι
1567 3642 1810 3712 ἔμελλεν.
1847 3645 2026 3712 Ὅπερ

449 3739 502 3790 οἱ
539 3736 848 3806 Ἐδεσσηνοὶ
901 3736 975 3797 ὡς
1005 3736 1130 3801 ὅρος
1174 3735 1403 3804 ἀντικρὺ
1435 3736 1542 3787 τῶν
1567 3736 1760 3804 τειχῶν
1789 3735 2027 3804 δρῶντες

452 3829 885 3898 ἐξεγειρόμενον.
914 3825 982 3880 δι’
1011 3820 1072 3880 οὗ
1102 3827 1177 3890 ὼς
1208 3829 1272 3880 ὲκ
1302 3827 1397 3880 τοῦ
1438 3826 1682 3879 ἰσοπέδου
1702 3828 1831 3888 τοὺς
1865 3827 2026 3879 πολε-

454 3923 611 3993 μίους
643 3920 903 3990 ἐπιϐῆναι
955 3918 1051 3972 τοῦ
1099 3919 1290 3980 ἄστεος
1346 3917 1609 3986 ἦλπιζον·
1659 3918 1717 3970 ἐν
1746 3917 2026 3986 ἀμηχανία

450 4010 656 4081 καίπερ
683 4009 856 4073 ὄντες,
886 4006 1398 4078 ἀντιμηχανώμενοι
1434 4002 1502 4059 δὲ
1550 4007 1699 4076 ὅμως
1730 4006 1801 4058 τὰ
1825 4007 2026 4059 δυνατά

451 4101 547 4154 καὶ
580 4100 755 4164 αὐτοὶ,
786 4098 1059 4169 διόρυγμα
1104 4096 1424 4166 ἐπεχείρουν
1473 4095 1580 4166 πρὸ
1611 4095 1706 4148 τοῦ
1739 4095 2025 4149 νεουτάτου

452 4192 662 4245 ἐκείνου
708 4190 922 4260 τείχους
973 4187 1294 4259 ὀρύξασθαι,
1343 4187 1418 4250 ὡς
1449 4186 1518 4240 ἂν
1550 4189 1597 4240 εἰ
1649 4187 1926 4257 δυνηθεῖεν
1957 4188 2026 4241 τά

454 4283 560 4353 πρὸ
585 4281 679 4335 τοῦ
730 4279 984 4351 χώματος
1033 4278 1242 4350 ὑφάψαι
1303 4275 1692 4348 σταυρώματα,
1741 4277 1877 4347 πρὸς
1926 4278 2024 4348 τὴν

2132 3202 2299 3241 manu
2357 3189 2697 3243 succedanea
2751 3205 2855 3258 ope
2904 3205 3046 3260 epus
3115 3195 3503 3248 maturantium
3563 3196 3717 3249 brevi

2131 3280 2430 3351 coegisset,
2459 3287 2624 3350 atque
2655 3281 2739 3335 bis
2775 3281 2882 3336 fixo
2929 3282 3076 3336 vallo
3120 3284 3326 3354 duplici
3369 3286 3524 3352 quasi
3556 3301 3718 3340 muro

2129 3373 2402 3428 civitatem
2427 3373 2714 3436 cinxisset.
2747 3381 2974 3444 tumque
2999 3375 3234 3431 mediam
3271 3392 3454 3431 aream
3498 3378 3713 3448 ingesta

2130 3463 2298 3520 humo
2330 3466 2682 3536 opplevisset.
2722 3467 2848 3521 inde
2898 3482 3133 3533 surgens
3177 3469 3468 3538 Oppositus
3520 3485 3718 3524 murus

2127 3557 2290 3622 alius,
2318 3559 2558 3613 civitatis
2586 3560 2860 3615 mmoibus
2885 3560 3049 3614 altior
3083 3559 3313 3615 ell'ectus
3339 3568 3446 3624 est,
3475 3576 3718 3630 moxque

2129 3643 2372 3700 futurum
2412 3657 2554 3712 erat,
2598 3657 2657 3701 ut
2710 3663 2740 3702 e
2796 3649 3179 3719 superioribus
3232 3649 3286 3702 iu
3339 3650 3715 3718 praasidiarios

2122 3736 2436 3804 jaculorum
2466 3739 2640 3792 imber
2668 3738 2975 3807 depluerel.
3015 3737 3215 3792 Vident
3242 3739 3426 3807 itaque
3469 3740 3618 3793 cives
3647 3754 3714 3792 ex

2127 3828 2363 3880 adverso
2419 3841 2704 3880 murorum
2757 3828 2906 3879 velut
2963 3836 3205 3880 montem
3256 3841 3568 3896 assurgere,
3616 3843 3714 3895 per

2128 3931 2288 3984 quem
2325 3916 2534 3980 hostes,
2569 3913 2728 3983 quasi
2763 3930 2828 3968 ex
2872 3916 3034 3983 plano
3074 3915 3218 3968 haud
3265 3916 3476 3970 incerto
3515 3928 3712 3971 eventu

2131 4009 2182 4062 in
2216 4007 2405 4062 urbem
2440 4007 2743 4075 ingressuri
2788 4012 2996 4060 essent.
3046 4005 3374 4074 Quanquam
3427 4008 3594 4078 igitur
3625 4009 3710 4062 vix

2129 4113 2237 4152 non
2268 4096 2483 4150 consilii
2519 4096 2726 4162 inopes,
2770 4093 2874 4163 ipsi
2919 4108 3138 4162 quoque
3185 4102 3390 4162 quanta
3451 4096 3710 4159 facultas,

2128 4190 2360 4244 adverso
2399 4186 2681 4241 molimine
2718 4185 2990 4255 objectam
3027 4199 3169 4239 novo
3198 4185 3274 4238 illi
3307 4202 3466 4240 muro
3495 4186 3702 4242 fossam

2131 4283 2364 4344 ducere;
2398 4280 2451 4334 in
2481 4279 2640 4346 cujus
2677 4278 3019 4349 voraginem,
3052 4279 3097 4334 si
3128 4277 3287 4332 modo
3324 4278 3516 4332 liceret
3556 4295 3709 4332 cmu—

389 4381 392 4389 '
449 4373 689 4444 διὼρυχα
719 4372 810 4424 τὸν
838 4369 967 4441 χοῦν
999 4369 1444 4435 ὑποσπάσωνται,
1467 4368 1562 4421 καὶ
1589 4367 1761 4432 οὕτως
1793 4368 1854 4422 τὺ
1879 4369 2022 4437 μέγα

2131 4373 2442 4428 "tinnientes
2480 4371 2656 4426 vallos
2702 4369 3058 4435 succendere,
3096 4369 3346 4424 detracto
3393 4385 3612 4441 aggere,
3649 4387 3713 4424 ea

448 4467 627 4535 τεῖχος
673 4464 849 4516 ἐκεῖνο
902 4457 1014 4515 οἷον
1058 4463 1117 4526 ἐξ
1153 4461 1362 4532 ὀνείρου
1418 4460 1789 4523 ἀναπλασοὲν,
1831 4460 2024 4514 θᾶττον

450 4556 747 4627 κατενεχθῇ
781 4555 874 4608 καὶ
899 4555 1151 4625 διαῤῥυῇ.
1191 4553 1344 4607 Ἐπεὶ
1375 4553 1432 4604 δὲ
1465 4553 1522 4606 τὸ
1554 4553 1653 4623 μὲν
1684 4554 1900 4623 δρυγμα
1939 4553 2022 4606 δι-

451 4646 674 4720 ήνυστο,
705 4646 816 4716 πῦρ
857 4646 913 4699 δὲ
944 4647 1057 4708 τοῖς
1108 4644 1285 4709 ξύλοις
1313 4644 1549 4707 ἐνιέντες
1580 4643 1673 4697 τοῦ
1710 4643 1914 4698 σκοποῦ
1944 4643 2024 4696 δι-

451 4742 716 4810 ήμαρτον,
744 4739 836 4792 καὶ
865 4737 1165 4808 δυναμένου
1190 4735 1282 4789 τοῦ
1321 4735 1492 4806 πυρὸς
1528 4736 1614 4788 διὰ
1650 4736 1712 4788 τὺ
1743 4751 2022 4804 συμπεπι-

449 4833 683 4902 λημένον
705 4831 854 4884 ἔνδον
873 4824 1010 4883 εἶναι
1034 4829 1125 4882 τὸν
1143 4828 1292 4899 χοῦν,
1325 4829 1419 4882 καὶ
1439 4828 1508 4880 τὰ
1538 4828 1668 4903 ξύλα
1706 4828 1786 4881 ἔτι
1814 4826 2019 4896 χλωρὰ,

452 4923 639 4976 καινοῦ
674 4939 815 4985 τινος
862 4922 986 4993 δίχα
1019 4921 1119 4992 τῆς
1149 4921 1282 4991 ῦλης
1335 4921 1864 4992 ἐμπεριδράξασθαι,
1918 4920 2022 4988 τὴν

453 5013 604 5082 ἰεράν
633 5013 837 5083 ταύτην
866 5013 1053 5066 εἰκόνα
1076 5013 1154 5076 εἰς
1186 5012 1286 5083 τὴν
1331 5012 1644 5065 νεότευκτον
1684 5011 1900 5079 ἐκείνην
1929 5011 2022 5063 τά-

451 5121 586 5174 φρον
607 5104 1012 5172 εἰσαγαγόντες,
1035 5104 1129 5157 καὶ
1156 5102 1300 5173 ὕδωρ
1331 5103 1393 5154 ἐκ
1414 5101 1616 5171 ταύτης
1647 5101 2020 5168 καθαγιάσανο

449 5212 561 5261 τες,
593 5197 688 5250 καὶ
714 5197 870 5250 τοῦτο
897 5199 961 5266 τῇ
997 5197 1147 5267 πυρᾷ
1181 5195 1409 5257 καὶτοῖς
1439 5194 1616 5259 ξύλοις
1645 5193 2018 5264 πφσεπιρράςο

448 5305 656 5354 ναντες,
685 5289 909 5358 ἐνεργὸν
932 5287 1186 5357 γενέσθαι
1210 5286 1272 5340 τὸ
1295 5286 1405 5357 πῦρ
1433 5285 1864 5356 κατεπράξαντο.
1911 5285 2021 5338 Καὶ

449 5382 517 5451 τῇ
542 5381 724 5434 πίστει
751 5381 860 5434 τῶν
893 5381 1232 5452 δεδρακότων
1262 5383 1362 5450 τῆς
1391 5379 1543 5443 θείας
1592 5376 2018 5446 συνεπιλαϐομὲο

447 5487 544 5539 νης
572 5471 873 5540 δυνάμεως,
912 5470 988 5534 ὠς
1023 5471 1202 5524 ἔλαιον
1232 5471 1294 5524 τὸ
1323 5469 1466 5540 ὕδωρ
1497 5469 1716 5538 ἐγένετο
1753 5467 1831 5538 τῷ
1858 5468 2028 5538 πυρὶ,

451 5565 542 5616 καὶ
592 5563 758 5632 ἐξῆψε
802 5563 902 5628 τὴν
957 5563 1130 5630 φλόγα
1156 5602 1172 5626 ,
1214 5562 1307 5616 καὶ
1340 5561 1722 5615 κατανάλωσεν
1781 5561 1927 5614 ἅπαν
1957 5559 2015 5611 τὸ

451 5654 774 5723 προστυχόν.
801 5654 932 5707 Τότε
969 5649 1060 5706 οὖν
1085 5655 1112 5707 ὁ
1134 5654 1354 5724 Περσῶν
1394 5653 1644 5722 βασιλεὺς
1678 5653 1774 5722 τὴν
1817 5651 2014 5704 ἅλωσιν

2130 4468 2340 4522 ratione
2374 4464 2520 4519 velut
2572 4463 2848 4519 insomnio
2899 4470 3120 4532 repente
3164 4469 3385 4516 enatum
3437 4463 3710 4532 ingentem

2128 4557 2282 4611 illum
2312 4572 2528 4610 murum
2565 4556 2986 4626 pessumdarent
3035 4570 3098 4609 ac
3142 4555 3260 4609 solo
3294 4561 3599 4622 aequarent.
3645 4555 3713 4605 At

2130 4648 2221 4700 ubi
2256 4647 2508 4701 absoluta
2541 4645 2758 4716 quidem
2794 4645 2943 4700 fossa
2986 4652 3091 4708 est,
3125 4644 3376 4714 ignisque
3412 4643 3573 4714 lignis
3607 4643 3710 4695 im-

2129 4736 2355 4802 missus,
2387 4751 2488 4790 nec
2518 4751 2583 4789 ex
2625 4745 2750 4788 voto
2795 4748 2883 4787 res
2934 4734 3289 4797 succedebat,
3340 4733 3486 4798 quod
3545 4731 3710 4784 Immo

2127 4828 2456 4896 constipata,
2491 4842 2555 4882 ac
2581 4843 2705 4881 cum
2744 4825 2890 4895 ligna
2921 4825 3102 4880 adhuc
3127 4827 3322 4879 viridia
3355 4832 3563 4887 essent,
3599 4839 3708 4875 non

2126 4926 2336 4986 poterat
2371 4917 2510 4986 ignis
2537 4918 2742 4987 absque
2775 4932 2913 4972 novo
2937 4917 3138 4986 pabulo
3167 4916 3364 4968 vallum
3394 4913 3666 4980 corripere
3691 4928 3709 4980 ;

2126 5007 2179 5060 in
2234 5007 2435 5062 fossam
2498 5018 2747 5063 recentcr
2801 5009 3022 5062 ductam
3087 5021 3242 5061 sacra
3304 5003 3416 5057 lucc
3473 5003 3706 5056 adducta

2126 5100 2326 5168 imago,
2359 5115 2538 5170 exque
2582 5101 2674 5154 illa
2720 5102 3064 5155 sanctificata
3117 5111 3256 5168 aqua
3305 5110 3528 5164 asperso
3574 5110 3704 5162 rogo

2124 5190 2376 5244 effectum
2407 5197 2514 5255 est,
2549 5198 2607 5243 ut
2641 5190 2854 5245 llaumia
2894 5191 3050 5243 vivax
3091 5198 3253 5258 atque
3287 5185 3473 5240 cllicax
3505 5184 3701 5246 exiret,

2124 5281 2335 5352 fuitque
2368 5283 2478 5353 igni
2526 5283 2630 5338 olei
2665 5284 2786 5339 loco
2835 5300 2998 5354 aqua,
3034 5283 3220 5337 divina
3253 5280 3454 5333 virtute
3488 5277 3574 5331 bis
3605 5277 3698 5346 qui

2123 5389 2236 5427 rem
2303 5375 2475 5430 moliti
2537 5385 2695 5430 erant
2758 5376 2992 5445 propitia
3060 5392 3073 5427 :
3137 5373 3372 5441 imleque
3433 5383 3698 5424 succensa

2123 5465 2338 5519 flatuma
2397 5469 2745 5535 absumptum
2791 5465 3060 5535 quidquid
3106 5463 3328 5518 obvium
3370 5469 3508 5516 erat.
3541 5459 3696 5516 Tunc

2118 5571 2248 5624 ergo
2285 5554 2576 5610 Persarum
2613 5571 2706 5610 rex
2742 5555 2896 5610 urbis
2925 5551 3303 5622 expugnanda:
3333 5567 3428 5620 spe
3461 5551 3691 5612 omissa,

2120 5664 2181 5700 ac
2216 5665 2336 5702 cum
2374 5665 2481 5703 non
2529 5649 2722 5706 lateret
2758 5645 2904 5700 unde
2949 5644 3161 5700 civibus
3211 5653 3497 5714 corrogata
3532 5641 3702 5696 auxi-.
