4084 6208
341 241 506 330 na‘

1285 259 1792 321 CONSTANTINI
1832 257 2505 321 PORPHYROGENITI

3471 263 3581 327 4H

340 384 435 448 lia,
464 381 531 436 ad
567 381 961 436 conventiones
992 377 1196 444 adiecit
1233 377 1499 440 animum,
1534 388 1904 446 percussoquc

2007 371 2106 441 τῆς
2139 374 2343 436 πόλεως
2399 375 2693 442 ἁπογνους,
2724 374 2816 428 καὶ
2848 375 2948 447 τὴν
2996 374 3249 448 βοήθειαν
3278 377 3404 432 ὃθεν
3431 379 3587 450 ἔσχον

339 475 493 544 pacis
522 473 750 536 findere,
781 471 836 524 in
867 483 1022 523 suam
1057 467 1331 537 regionem
1363 482 1619 525 reversus
1644 476 1748 524 est.

410 751 525 805 XX.
568 749 698 803 Erat
740 758 922 805 autem
972 751 1059 805 hic
1104 764 1325 821 quoque
1374 752 1518 808 haud
1569 753 1642 808 ita
1675 761 1801 824 post
1838 754 1917 809 ab‘

340 843 439 896 hac
463 855 619 896 sacra
662 840 900 911 imagine
947 841 1272 897 beneficium
1320 852 1670 915 accepturus,
1720 846 1907 901 hostes

336 933 673 997 demerente,
721 932 954 1001 ejusque
1011 936 1450 990 necessariorum
1499 936 1747 992 hostibus
1791 937 1908 992 exi-

338 1024 471 1077 tium
500 1032 749 1091 parante.
786 1021 953 1092 Regis
974 1024 1117 1078 enim
1143 1025 1251 1079 lilia
1287 1041 1452 1096 quam
1484 1028 1662 1083 malus
1692 1028 1907 1084 daemon

336 1115 635 1178 invaserat,
674 1115 985 1188 mentisun
1023 1123 1168 1170 statu
1199 1118 1290 1187 qui
1321 1132 1386 1171 ex
1420 1126 1615 1173 natura
1641 1126 1723 1173 est
1761 1118 1909 1185 deje-

336 1210 507 1268 ecrat,
543 1202 852 1257 obsidentis
899 1203 1081 1258 aﬂlatu
1112 1205 1377 1259 damonis
1407 1207 1667 1261 continue
1700 1206 1907 1262 clama-

336 1294 430 1348 bat
461 1311 478 1348 :
515 1295 619 1362 Qui
654 1294 708 1348 in
741 1292 919 1364 puella
949 1296 1287 1351 domicilium
1321 1297 1483 1352 habet
1513 1297 1762 1368 spiritus,
1797 1313 1906 1353 non

334 1400 712 1456 egressurum,
755 1385 861 1440 nisi
906 1385 1162 1455 imaginis
1190 1401 1300 1441 non
1350 1387 1677 1442 manufarlre
1705 1386 1908 1443 Edessa

336 1477 570 1532 adventu
602 1491 664 1531 ac
696 1480 1011 1546 praesentia.
1043 1477 1265 1531 Audivit
1306 1494 1425 1540 rex,
1458 1494 1523 1533 ac
1566 1494 1750 1534 secum
1789 1479 1911 1533 ani--

336 1583 427 1623 tuo
460 1578 722 1637 reputans
755 1584 876 1638 qua:
922 1567 977 1621 in
1025 1568 1311 1623 obsidione
1356 1577 1508 1638 gesta
1554 1570 1905 1637 acciderant;

335 1674 438 1714 nec
469 1659 615 1711 enim
655 1658 899 1712 inaudita
936 1666 1160 1727 repente
1190 1660 1593 1715 Edessenorum
1642 1660 1908 1716 fortitudo

332 1749 672 1818 audaciaque
699 1765 822 1804 eum
849 1748 1086 1803 latuerat
1111 1765 1126 1814 ;
1170 1748 1324 1804 missi
1369 1751 1556 1805 statim
1582 1751 1648 1807 ad
1667 1751 1906 1808 civitatis
1938 1730 1985 1791 Β

334 1837 619 1907 pra-sidem
666 1838 1045 1909 Eulaliumque
1094 1842 1519 1910 metropolitam,
1554 1855 1618 1895 ac
1665 1841 1905 1897 civitatis

336 1930 514 1997 ipsum
548 1942 838 1983 commune
865 1929 1086 1994 litteris,
1110 1929 1349 1984 divinam
1381 1930 1450 1986 ad
1471 1946 1531 1986 se
1552 1931 1718 1987 citius
1747 1947 1904 1988 sum—

333 2033 532 2086 maque
565 2019 615 2072 vi
652 2020 944 2088 pollentem
982 2020 1119 2074 mitti
1160 2022 1294 2090 petit
1328 2020 1642 2092 imaginem,
1680 2024 1907 2078 omnino

334 2123 552 2175 rogans,
580 2125 646 2164 ne
665 2125 855 2178 preces
879 2125 1050 2166 cassa:
1073 2120 1220 2167 eant.
1247 2112 1329 2166 Illi
1352 2123 1559 2178 autem,
1587 2107 1703 2169 tum
1728 2113 1906 2185 gentis

336 2195 530 2253 inﬁdos
573 2214 754 2253 mores
789 2207 1077 2269 suspectos
1122 2201 1407 2269 habentes,
1458 2210 1573 2257 tum
1627 2204 1789 2258 veriti
1839 2220 1907 2261 ne

333 2286 624 2344 Persarum
655 2306 747 2345 rex
779 2293 883 2348 hoc
911 2294 1221 2360 moliretur,
1257 2304 1315 2350 ut
1340 2296 1589 2365 ipsorum
1624 2297 1705 2354 eis
1737 2298 1908 2353 robur

333 2395 399 2434 ac
426 2381 743 2449 praesidium
777 2383 1022 2442 auferret
1056 2405 1069 2440 :
1103 2386 1360 2458 serioque
1390 2387 1694 2458 cogitantes
1723 2403 1791 2444 ne
1822 2399 1906 2444 te-

334 2468 480 2526 tuere
507 2472 826 2541 proderent,
858 2491 966 2545 qua
992 2491 1081 2532 res
1109 2477 1219 2532 illis
1243 2478 1298 2531 in
1326 2486 1445 2532 tuto
1478 2479 1670 2548 positae
1698 2488 1905 2546 essent,

333 2578 398 2619 ae
431 2565 573 2620 unde
602 2565 864 2622 beneficia
908 2568 1227 2631 allluerent;
1266 2584 1504 2638 cumque
1549 2572 1905 2629 nihilominus

331 2669 393 2709 ca
428 2657 719 2712 occasione
747 2674 934 2727 pacem
957 2660 1260 2716 dissolvere
1288 2661 1515 2725 nollent,
1543 2663 1719 2720 solers
1743 2673 1906 2734 atque

331 2748 536 2817 oppido
578 2750 712 2805 utile
761 2752 1052 2805 consilium
1107 2752 1316 2807 ineunt.
1350 2753 1426 2808 Ex
1481 2756 1661 2825 primo
1694 2758 1907 2814 scilicet

328 2840 653 2908 exemplari,
682 2838 842 2894 aliam
878 2841 1106 2896 omnino
1134 2844 1423 2914 aequalem,
1455 2860 1519 2900 ac
1559 2862 1723 2916 quam
1754 2847 1906 2905 licuit

332 2926 565 2982 similem
613 2928 878 2986 ducentes
926 2932 1236 3002 imaginem,
1282 2950 1349 2990 ex
1396 2951 1505 2990 non
1553 2937 1719 3007 picta,
1770 2940 1922 3011 artis,

2014 465 2222 535 μαθὼν,
2275 467 2411 535 πρὸς
2461 452 2822 537 συμσιδάσεις
2875 467 3145 540 ἐχώρησε,
3209 471 3304 524 καί
3355 473 3587 538 σπονδὰς

2010 555 2292 626 εἰρηνικὰς
2315 556 2703 627 ποιησάμενος,
2726 555 2863 626 πρὸς
2882 557 2952 610 τὰ
2978 558 3153 611 οἰκεῖα
3182 558 3587 631 ἀνθυπενόστη·

2012 663 2124 700 σεν.

2090 740 2174 795 K'.
2220 739 2453 808 Ἔμελλε
2497 740 2554 794 δὲ
2608 738 2718 810 ἄρα
2771 739 2866 793 καὶ
2899 732 3055 804 οὗτος
3105 739 3207 794 οὑκ
3259 741 3589 811 εἰς-μακρὰν

2010 831 2333 902 εὐεργεσίας
2396 834 2576 902 τυχεῖν
2603 830 2714 885 ἀπὸ
2761 830 2865 901 τῆς
2914 832 3066 901 ἰερᾶς
3098 831 3305 902 ταύτης
3357 834 3587 899 εἰκόνος,

2010 926 2110 995 τῆς
2132 923 2244 978 τῶν
2280 924 2555 994 πολεμίων
2579 921 2745 978 αὑτοῦ
2781 924 3148 993 εὐεργέτιδος,
3188 927 3284 979 καὶ
3311 927 3421 981 τῶν
3458 929 3587 981 ἑαυ-

2009 1014 2104 1069 τοῦ
2135 1015 2494 1086 ἀναιρέτίδος.
2527 1015 2602 1067 Th
2645 1015 2755 1085 γὰρ
2785 1013 2978 1067 τούτου
3012 1013 3308 1087 θυγάτριον
3342 1017 3445 1072 ὑπὸ
3471 1019 3587 1072 δαιο

2013 1105 2199 1178 μονίου
2263 1106 2576 1177 πνεύματος
2627 1104 2912 1174 συσχεθὲν,
2943 1104 3039 1160 καὶ
3090 1105 3191 1175 τῆς
3242 1107 3383 1161 κατὰ
3426 1108 3589 1176 φύσιν

2009 1197 2212 1252 ὲκστὰν
2243 1196 2653 1259 καταστάσεως,
2681 1196 2813 1250 ἰὸόα
2846 1197 3089 1266 συνεχῶς
3120 1198 3189 1251 δι’
3239 1198 3401 1252 αὑτοῦ
3432 1200 3582 1271 ἐνερ-

2010 1290 2309 1361 γοὺμενον⁹
2350 1289 2413 1343 Εἰ
2441 1288 2516 1360 μὴ
2550 1287 2610 1353 ἐξ
2658 1288 2917 1359 Ἐδέσσης
2943 1290 2977 1359 ἡ
3009 1288 3422 1360 ἀχειροποίητος
3454 1290 3584 1362 ἔλθῃ

2010 1382 2196 1449 εἰκὼν,
2252 1378 2505 1434 ἐντεῦθεν
2534 1379 2595 1433 τὸ
2624 1380 2834 1434 ἔνοικον
2861 1378 3050 1433 τούτου
3088 1378 3164 1451 μὴ
3218 1379 3579 1448 ἐξελεύσεται.

2011 1470 2191 1540 Ὅπερ
2215 1468 2452 1532 ἀκούσας
2477 1471 2505 1523 ό
2529 1468 2802 1538 βασιλεὺς,
2829 1468 3016 1523 καὶτὰ
3039 1470 3130 1523 ἐπὶ
3149 1469 3248 1537 τῆς
3267 1470 3586 1540 πολιορκίας

2009 1565 2368 1637 λογισάμενος
2411 1565 2553 1635 (οὑδὲ
2580 1565 2687 1637 γὰρ
2711 1565 2820 1619 οὐδ’
2855 1565 3019 1620 αὑτὸν
3040 1567 3073 1635 ἡ
3105 1564 3407 1637 παράδοξος
3435 1565 3586 1630 ἐξαί-

2011 1674 2149 1726 φνης
2186 1658 2357 1726 ἰσχὺς,
2384 1656 2478 1710 καὶ
2506 1656 2568 1710 τὸ
2594 1655 2796 1727 θάρσος
2820 1655 3035 1710 διέλαθε
3063 1656 3172 1710 τῶν
3202 1657 3580 1728 Ἐδεσσηνῶν),

2008 1749 2210 1820 γράφει
2240 1747 2579 1818 παραχρῆμα
2601 1746 2740 1817 πρός
2759 1764 2819 1802 τε
2842 1746 2933 1801 τὸν
2955 1750 3054 1817 τῆς
3088 1747 3294 1812 πόλεως
3319 1748 3586 1819 προεξάρ⁴

2011 1855 2193 1910 χοντα,
2253 1838 2348 1891 καὶ
2402 1838 2539 1909 πρὸς
2592 1841 2684 1891 τὸν
2716 1837 3123 1909 μητροπολίτην
3177 1836 3458 1899 Εὑλάλιον,
3490 1838 3586 1893 καὶ

2010 1931 2146 2002 πρὸς
2165 1931 2226 1984 τδ
2248 1930 2425 1984 κοινὸν
2444 1928 2543 1997 τῆς
2568 1929 2795 1996 πόλεως,
2822 1928 3203 2000 ἀποσταλῆναι,
3221 1928 3416 1982 θᾶττον
3435 1928 3584 1997 αὑτῷ

2007 2022 2069 2076 τὸ
2108 2022 2249 2093 θεῖον
2285 2021 2381 2076 καὶ
2409 2020 2707 2083 πανσθενὲς
2758 2019 3149 2090 ἁπεικόνισμα,
3202 2018 3585 2091 προσθεὶς-,καὶ

2007 2111 2105 2185 τὴν
2130 2112 2331 2177 αἰτίαν,
2369 2111 2468 2184 τὴν
2497 2110 2598 2182 τῆς
2639 2110 2910 2182 θυγατρὸς
2959 2113 3267 2183 συμφοράν.
3301 2111 3411 2166 Καὶ
3450 2128 3584 2165 πανο

2008 2203 2168 2265 τοίως
2224 2198 2390 2267 ἀξιῶν
2427 2219 2487 2255 τε
2519 2201 2615 2255 καὶ
2671 2200 3010 2272 βιαζόμενος.
3058 2202 3133 2271 μὴ
3164 2203 3460 2271 ἀποτυχεῖν
3487 2202 3584 2271 τῆς

2009 2293 2295 2365 αἰτήσεως.
2350 2295 2412 2346 Οἰ
2441 2292 2500 2346 δὲ
2540 2292 2602 2346 τό
2630 2309 2690 2345 τε
2717 2290 2810 2345 τοῦ
2836 2292 3106 2363 Περσικοῦ
3141 2290 3302 2362 ἤθους
3358 2291 3584 2346 ἄπιστον

2009 2383 2389 2450 ὑπονοοῦντες,
2442 2385 2538 2439 καὶ
2567 2382 2966 2445 ὑποπτεύοντες
2996 2383 3134 2451 δόλῳ
3183 2382 3468 2453 βούλεσθαι
3491 2382 3584 2437 τὸν

2010 2477 2229 2550 Πέρσην
2258 2476 2358 2546 τὴν
2386 2474 2596 2528 ἑαυτῶν
2623 2472 2918 2560 ὑφελέσθαι
2956 2474 3143 2545 ἰσχὺν,
3194 2475 3288 2527 καί.
3326 2473 3401 2545 μὴ
3452 2491 3583 2547 προ-

2009 2570 2165 2624 έσθαι
2193 2568 2293 2640 τὴν
2340 2568 2632 2639 προστάτιν
2688 2566 2783 2620 καὶ
2815 2566 3145 2637 εὑεργέτιδα
3174 2565 3579 2638 προνοοὺμενοι,

2007 2660 2146 2716 ἀλλὰ
2177 2658 2311 2732 μηδὲ
2362 2659 2462 2731 τὴν
2488 2658 2715 2729 εἰρήνην
2742 2655 2905 2711 λῦσαι
2952 2658 3049 2727 τῆς
3076 2656 3333 2727 τοιαύτης
3372 2657 3582 2726 προφά-

2011 2770 2150 2817 σεως
2187 2753 2373 2820 ἕνεκα,
2407 2749 2604 2823 βουλὴν
2650 2748 2996 2821 βουλεύονται
3029 2752 3277 2820 συνετὴν,
3311 2751 3400 2802 καὶ
3433 2749 3585 2803 λυσιο

2007 2831 2270 2900 τελοῦσαν
2311 2845 2518 2907 αὑτοῖς.
2579 2841 3047 2914 Μεταγρὰψαντες
3103 2841 3212 2913 γὰρ
3263 2843 3388 2912 ἴσην
3441 2842 3580 2896 κατὰ

2010 2939 2188 2994 πάντα
2236 2935 2331 2992 καὶ
2368 2935 2584 3007 ὁμοίαν,
2620 2933 2697 2998 ὡς
2744 2934 2894 3003 ἐνῆν,
2927 2933 3111 2987 εἰκόνα
3159 2933 3256 3003 τῆς
3295 2933 3579 3004 ἀγράπτου
3626 2960 3643 2971 ~

329 3032 494 3086 opera
530 3019 755 3088 pictam,
791 3037 1004 3076 summa
1035 3025 1273 3095 quadam
1304 3029 1554 3097 possibili
1599 3029 1745 3086 illius
1781 3032 1903 3086 imi-

2008 3029 2280 3102 γραπτὴν,
2304 3029 2399 3082 καὶ
2427 3026 2566 3098 πρὸς
2594 3024 2655 3079 τδ
2673 3024 2912 3095 ἐμφερὲς
2932 3022 3076 3078 κατά
3102 3023 3163 3077 τὺ
3185 3023 3413 3078 δυνατὸν
3431 3025 3581 3078 ἀπει-

331 3110 557 3172 tatioue,
593 3110 659 3165 ad
690 3125 868 3183 regem
892 3114 989 3183 qui
1018 3126 1365 3186 poposcerat,
1391 3119 1665 3190 ablegant.
1693 3121 1902 3195 Vixque

2009 3119 2296 3185 κάσαντες,
2324 3117 2462 3189 πρὸς
2492 3117 2584 3170 τὸν
2610 3115 2988 3187 αἰτησάμενον
3013 3113 3454 3170 ἀποστέλλουσιν.
3493 3116 3581 3179 Ὠς

330 3199 466 3254 adeo
491 3215 664 3257 sacrae
691 3205 925 3260 sarcina;
958 3205 1127 3276 baiuli
1159 3209 1452 3265 Persarum
1496 3212 1633 3272 fines
1664 3215 1905 3273 iutravc-

330 3301 473 3355 rant,
501 3309 625 3349 cum
653 3298 836 3352 statim
881 3298 1094 3355 damon
1146 3301 1338 3373 puellae
1381 3321 1476 3361 ore
1520 3307 1746 3375 clamat,
1779 3325 1902 3365 mox

329 3401 389 3439 se
416 3383 762 3444 adventantis
793 3391 1014 3456 virtute,
1046 3392 1322 3447 exiturum
1350 3409 1415 3450 ac
1441 3395 1679 3466 hospitio
1707 3399 1906 3469 migra-

329 3486 534 3538 turum,
563 3478 725 3532 modo
767 3480 945 3534 solum
992 3482 1260 3536 accersita
1299 3484 1481 3553 imago
1517 3495 1901 3555 reverteretur,

327 3581 390 3619 ac
417 3582 590 3635 neque
613 3568 680 3621 ad
712 3569 939 3638 regiam,
974 3586 1150 3641 neque
1189 3573 1258 3629 ad
1303 3571 1596 3631 Persarum
1628 3579 1902 3635 civitatem

329 3658 634 3714 accederet.
664 3658 720 3714 Id
749 3661 963 3718 dmmon
1005 3678 1034 3717 a
1074 3680 1201 3737 rege
1239 3681 1571 3738 magnopere
1608 3672 1905 3728 contende-

327 3749 420 3803 bat
457 3752 798 3823 supplexque
830 3754 1181 3826 efllagitabat.
1212 3758 1507 3816 Pollicctur
1541 3778 1634 3818 rex
1670 3783 1683 3819 :
1719 3780 1903 3836 egres-

328 3857 500 3912 soque
523 3843 869 3902 dazmoueac
899 3846 1005 3902 filia
1032 3851 1257 3905 sanitati
1290 3852 1523 3919 reddita,
1557 3855 1714 3911 fidem
1761 3857 1905 3914 Clio-

324 3948 479 3990 sroes
511 3935 841 3993 liberaturus
867 3954 1032 4009 quant
1059 3941 1430 3999 obstrinxerat
1458 3946 1716 4013 dauuoni,
1738 3959 1902 4021 atque

323 4026 656 4095 promissqu
708 4039 1064 4098 servaturus,
1122 4033 1239 4090 sive
1284 4035 1447 4091 etiam
1499 4051 1719 4109 propter
1762 4043 1902 4099 mala

322 4134 489 4187 opera
519 4128 574 4176 et
603 4121 838 4192 impura,
868 4125 1138 4180 venientis
1167 4129 1468 4196 potentiam
1498 4132 1723 4195 veritus.
1758 4146 1818 4189 ut
1847 4136 1899 4191 in

323 4209 514 4264 urbem
540 4211 684 4269 unde
713 4215 926 4270 exierat
957 4216 1136 4287 imago
1168 4217 1440 4274 referatur
1462 4220 1644 4290 jubet.
1669 4241 1734 4280 ac
1765 4242 1902 4296 prae-

319 4312 468 4357 terea
505 4319 600 4360 eos
634 4307 724 4375 qui
762 4307 1046 4373 miserant,
1079 4311 1400 4368 muneribus
1429 4312 1617 4370 donat.

2005 3213 2063 3268 δὲ
2105 3212 2258 3274 ἐντὸς
2309 3210 2417 3265 τῶν
2447 3210 2546 3280 τῆς
2585 3206 2848 3279 Περσίδος
2904 3206 3069 3276 ὁρίων
3115 3207 3367 3274 ἐγένοντο
3391 3209 3442 3261 οἰ
3482 3206 3581 3279 τὴν

2006 3308 2188 3362 εἰκόνα
2225 3301 2658 3377 διακομίζοντες,
2688 3299 2888 3362 ὲνθέως
2927 3300 3014 3354 διὰ
3042 3300 3141 3369 τῆς
3185 3298 3282 3353 τοῦ
3318 3300 3582 3371 βασιλέως

2006 3397 2275 3469 θυγατρὸς
2298 3398 2326 3449 ό
2349 3395 2558 3465 δαίμων
2584 3390 2877 3465 ἁνέκραξε.
2903 3391 3098 3446 θᾶττον
3121 3388 3464 3460 ὲξέρχισθαι,
3486 3392 3581 3445 καὶ

2004 3487 2308 3559 διαμείδειν
2344 3485 2442 3557 τὴν
2467 3485 2682 3554 οἴκησιν
2711 3484 2809 3553 τῆς
2832 3481 2928 3537 τοῦ
2957 3482 3255 3553 ἐρχομένου
3297 3481 3579 3552 δυνάμεως

2005 3582 2187 3646 ἕνεκα,
2223 3578 2381 3649 μόνον
2413 3578 2461 3630 εἰ
2486 3577 2555 3631 τὸ
2586 3574 2925 3646 μετακληθὲν
2951 3573 3335 3646 ἀποστραφείη
3376 3574 3579 3645 ὁμοίω-

2008 3691 2106 3745 μα,
2161 3673 2255 3726 καὶ
2287 3672 2361 3741 μὴ
2394 3671 2504 3733 τοῖς
2552 3666 2867 3740 βασιλείοις,
2913 3665 3050 3737 μηδέ
3072 3668 3138 3737 τῇ
3172 3665 3325 3720 πόλει
3354 3666 3583 3739 Περσῶν

2006 3762 2401 3836 προσπελάσει.
2434 3761 2545 3816 Καὶ
2576 3760 2713 3829 πρὸς
2763 3757 2923 3812 τοῦτο
2978 3756 3151 3811 πολλὰ
3185 3755 3279 3811 τοῦ
3317 3756 3581 3828 βασιλέως

2004 3860 2175 3914 ἐδεῖτο
2204 3857 2297 3910 καὶ
2326 3853 2704 3910 καθικέτευεν.
2763 3850 3167 3922 Ύποσχομένου
3201 3849 3258 3903 δὲ
3291 3850 3577 3921 βασιλέως,

2004 3948 2311 4017 ἐξελθόντος
2344 3945 2451 4000 ἀπὸ
2503 3942 2603 4014 τῆς
2659 3941 2828 4011 κόρης
2874 3938 2970 3994 τοῦ
3019 3937 3296 4009 δαίμονος,
3361 3940 3456 3992 καὶ
3518 3940 3579 3991 ἑν

2005 4042 2180 4109 ὑγειεῖ
2201 4036 2534 4093 καταστάσει
2565 4031 2854 4103 γεγονυίας
2875 4031 2977 4101 τῆς
3002 4030 3268 4100 βασιλείου
3304 4028 3512 4093 παιδὸς,
3548 4032 3577 4083 ό

2004 4132 2271 4204 Χοσρόης,
2301 4130 2412 4183 εἴτε
2440 4126 2538 4199 τὴν
2557 4125 2650 4180 τοῦ
2675 4122 3046 4196 αἰτησαμένου
3077 4121 3328 4192 δαίμονος
3350 4120 3575 4184 ἀξίωσιν

2004 4223 2316 4296 ἐκπληρῶν,
2366 4221 2461 4274 καὶ
2511 4217 2610 4288 τὴν
2663 4217 2958 4286 ὑπόσχεσιν
3015 4212 3289 4283 ἐμπεδῶν,
3336 4212 3445 4265 εἴτε
3477 4212 3578 4279 τὴν
3666 4294 3669 4297 ν

2004 4315 2097 4373 τοῦ
2129 4311 2423 4386 ἐρχομένου
2462 4308 2695 4378 δύναμιν
2725 4306 2936 4371 δεδιὼς,
2963 4306 3052 4359 διὰ
3075 4306 3137 4360 τὸ
3174 4304 3379 4377 φαῦλον
3409 4302 3579 4358 αὑτοῦ

316 4389 424 4445 τῶν
479 4393 656 4464 ἔργων
714 4398 809 4450 καὶ
850 4398 1116 4467 μυσαρὸν,
1154 4399 1485 4465 ἀποστείλας
1535 4403 1873 4478 ὑποστρέψαι
1915 4411 2050 4483 πρὸς
2095 4406 2216 4478 τὴν,
2256 4402 2348 4469 ἀφ’
2381 4394 2448 4470 ἦς
2479 4396 2691 4469 ἐξῆλθε,
2742 4396 2898 4450 πόλιν
2918 4394 3016 4466 τὴν
3072 4396 3330 4466 τοιαύτην
3396 4396 3580 4450 εἰκόνα

316 4485 592 4543 ἐκέλευσε.
631 4489 741 4542 Καὶ
772 4489 920 4563 δῶρα
942 4492 1198 4563 προσθεὶς
1225 4494 1358 4565 παρ’
1386 4497 1580 4552 ἑαυτοῦ
1610 4501 1748 4571 πρὸς
1772 4483 1895 4568 τοὺς
1929 4504 2135 4571 ταύτην
2170 4493 2585 4566 ἐκπέμψαντας.

384 4576 527 4634 XXI.
570 4578 739 4642 Erant
781 4596 912 4652 ergo
960 4586 1104 4655 apud
1155 4586 1464 4646 Edessenos
1507 4595 1760 4661 pretiosae
1810 4596 1890 4651 lue

2069 4595 2200 4648 ΚΝ.
2230 4586 2339 4643 Ἦν
2370 4585 2463 4641 οὖν
2485 4585 2640 4657 παρὰ
2669 4587 2780 4650 τοῖς
2842 4584 3185 4655 Ἐδεσσηνοΐς
3206 4583 3233 4636 ό
3282 4579 3580 4650 πολὺτιμος

316 4667 583 4736 reliquire,
624 4669 984 4727 inexhaustus
1023 4674 1354 4743 thesaurus,
1404 4680 1584 4753 imago
1634 4685 1725 4739 illa
1778 4688 1890 4756 pri-

315 4756 488 4811 maria
526 4758 787 4829 nullaque
816 4761 1043 4829 picturae
1074 4774 1193 4822 arte
1226 4768 1424 4834 eﬂieta,
1449 4771 1634 4843 jugem
1665 4775 1775 4830 illic
1804 4793 1890 4832 ve-

316 4850 651 4906 nerationem
686 4851 917 4920 habens,
950 4872 1192 4930 suosque
1225 4862 1470 4918 vicissim
1504 4865 1732 4923 clientes
1772 4885 1889 4925 scr-

315 4956 449 4997 vans
478 4960 542 4998 ae
569 4954 750 5000 tuens.
780 4943 1078 5019 Postquam
1114 4960 1295 5007 autem
1328 4953 1395 5008 ad
1429 4966 1714 5027 augustam
1751 4961 1889 5014 hanc

314 5034 499 5091 urben.
560 5039 761 5106 aptima
811 5055 1046 5111 quaeque
1092 5057 1157 5098 ac
1207 5046 1572 5115 pulcherrima
1612 5050 1890 5107 confluxe-

315 5134 457 5193 rant,
488 5127 792 5200 diviuaaque
837 5132 1135 5189 voluntatis
1176 5145 1316 5200 erat,
1359 5147 1418 5193 ut
1450 5151 1505 5194 et
1538 5141 1641 5196 hoc
1670 5144 1917 5198 sacrum"

315 5217 512 5287 pignus
545 5236 671 5275 cum
717 5223 946 5295 reliquis
993 5225 1114 5294 ejus
1144 5229 1427 5296 praeclaris
1459 5237 1800 5290 ornamentis
1835 5237 1887 5289 in

315 5320 377 5361 ca
410 5312 832 5381 reconderetur;
878 5316 972 5385 qui
1009 5316 1223 5387 imperii
1275 5318 1501 5375 llnntani
1534 5323 1746 5377 clavum
1787 5324 1891 5378 llu-

315 5412 507 5454 tuanns
535 5410 747 5460 teneret
782 5420 847 5460 ac
890 5422 1073 5463 rerum
1112 5425 1326 5465 summa
1367 5412 1651 5483 potiretur,
1684 5415 1737 5469 in
1770 5431 1889 5471 eam

315 5500 429 5539 rem
463 5488 730 5548 ineuutbit
763 5509 826 5551 ac
858 5505 1021 5552 naval
1050 5500 1437 5569 operam,suis
1478 5508 1537 5554 ut
1574 5502 1725 5557 curis
1766 5504 1896 5557 urbs

319 5587 543 5647 augusta
578 5581 853 5642 felicitatis
878 5591 1120 5657 cumulo,
1162 5591 1215 5647 id
1258 5607 1477 5664 quoque
1522 5592 1893 5649 naucisratur.

324 5665 536 5739 Stepius
569 5672 713 5729 enim
751 5676 873 5735 aliis
904 5680 1138 5754 aliisque
1166 5686 1506 5756 temporibus
1539 5683 1722 5745 missis
1758 5701 1891 5742 nun-

1834 5852 1871 5868 Ι

1989 4687 2146 4749 ὄλϐος
2175 4677 2354 4748 οὗτος,
2382 4681 2411 4732 ό
2442 4679 2714 4742 ἀκένωτος
2754 4677 3050 4748 θησαυρὸς,
3100 4678 3134 4747 ή
3167 4673 3333 4728 εἰκὼν
3362 4675 3395 4743 ἡ
3426 4689 3576 4742 πρω-

1990 4777 2224 4840 τότυπός
2244 4792 2304 4828 τε
2331 4772 2424 4826 καὶ
2451 4772 2720 4843 ἄγραφος,
2761 4768 3048 4840 τιμωμένη
3079 4767 3168 4819 ἀεὶ
3206 4764 3344 4835 πρὸς
3373 4763 3574 4823 αὑτιῖιν,

1990 4871 2083 4924 καὶ
2111 4863 2554 4938 ἀντιφρουροὺσα
2585 4860 2805 4924 αὑτοὺς.
2848 4860 3003 4914 Ἐπεὶ
3025 4859 3081 4913 δὲ
3104 4858 3243 4928 πρὸς
3280 4856 3383 4927 τὴν
3422 4855 3576 4927 βασι·

1988 4959 2255 5014 λεύουσαν
2286 4955 2491 5026 ταύτην
2523 4952 2638 5007 τῶν
2666 4951 2877 5005 πόλεων
2915 4950 2983 5003 τὰ
3012 4947 3356 5019 πανταχόθεν
3380 4947 3572 5017 συνερ-

1994 5052 2196 5122 ρύηκεν
2217 5044 2549 5116 ἀγαθώτατά
2574 5058 2634 5095 τε
2659 5042 2752 5096 καὶ
2781 5040 3044 5096 κάλλιστα
3062 5055 3077 5070 ⁸
3107 5035 3176 5110 ἦν
3201 5039 3259 5092 δὲ
3300 5036 3410 5107 ἄρα
3433 5036 3574 5090 θεῖόν

1991 5158 2051 5194 τε
2087 5138 2337 5210 βούλημα
2376 5136 2475 5189 καὶ
2522 5134 2622 5204 τὴν
2662 5131 2817 5202 ἱερὰν
2864 5130 3072 5201 ταύτην
3104 5130 3292 5184 εἰκόνα
3342 5126 3575 5181 ἐνταῦθα

1996 5230 2134 5300 μετὰ
2162 5229 2271 5283 τῶν
2302 5228 2480 5282 ἇλλων
2537 5221 3086 5294 ἁποθησαυρισθῆναι
3123 5220 3305 5274 καλῶν
3339 5234 3355 5249 ·
3403 5220 3433 5272 ό
3477 5217 3576 5279 sic

2003 5322 2294 5391 Ῥωμαίων
2345 5316 2617 5387 κυριεύων
2668 5314 2846 5385 ἀρχῆς
2891 5312 3196 5383 Ῥωμανδς,
3251 5308 3577 5378 σπούδασμα

1997 5413 2229 5464 ποιεῖται
2261 5410 2327 5463 δι’
2354 5407 2549 5463 ἑαυτοῦ
2581 5406 2784 5473 ταύτης
2814 5405 3251 5474 κατευμοιρῆσαι
3281 5403 3375 5455 καὶ
3406 5413 3576 5453 κατα-

1998 5502 2299 5570 πλουτῆσαι
2324 5500 2421 5571 τὴν
2450 5496 2857 5569 βασιλεύουσαν.
2886 5496 2994 5551 Καὶ
3018 5495 3083 5567 δὴ
3108 5495 3251 5554 κατὰ
3285 5492 3576 5561 διαφόρους

1998 5593 2226 5664 καιροὺς
2281 5590 2608 5653 ἀποστείλας
2663 5589 2803 5660 πρδς
2840 5588 3129 5654 Ἔδεσσαν,
3160 5588 3340 5658 ᾐτεῖτο
3366 5583 3575 5653 ταύτην

2002 5682 2151 5751 αὐτῷ
2181 5684 2320 5753 μετὰ
2342 5684 2438 5755 τῆς
2468 5682 2817 5755 αὑτογράφου
2842 5681 2934 5737 τοῦ
2959 5681 3164 5753 Κυρίου
3191 5675 3575 5749 ἑκπεμφθῆναι
