4084 6208
386 302 494 366 445

1361 297 1756 357 NARRATIO
1798 298 1894 357 DE
1939 298 2265 359 lMAGINE
2303 301 2717 363 EDESSENA.

3541 308 3647 373 446

387 416 697 485 ἐπιστολῆς,
718 414 815 468 καὶ
840 412 1169 466 ἀντιδιδόναι
1205 412 1629 482 καθυπισχνεῖτο
1671 413 1855 475 αὐτοῖς
1888 413 1965 476 εἰς

2072 414 2183 471 liis.
2217 414 2421 470 Edessa
2458 417 2778 470 mittendam
2813 432 2918 470 una
2952 431 3074 470 cum
3104 416 3334 487 epistola
3360 433 3520 488 quam
3548 437 3649 478 sua

388 507 770 576 ἀντάλλαγμα,
794 500 1152 576 Σαρακηνούς
1177 519 1235 555 τε
1264 502 1426 572 μέχρι
1453 502 1649 572 διπλῆς
1674 504 1970 556 ἑκατοντά-

387 601 477 664 δος
506 600 599 652 τδν
630 595 887 667 ἀριθμὸν,
919 593 1013 648 καὶ
1041 593 1286 665 ἀργύρου
1311 595 1589 664 ἐπισήμου
1612 594 1853 667 χιλιάδας
1877 595 1971 649 δύο

388 695 529 765 πρὸς
557 692 779 764 μυριάδι
803 691 922 761 μιᾷ.
950 690 1012 742 Οἰ
1035 688 1090 741 δὲ
1121 689 1222 759 τῆς
1262 688 1539 756 Ἐδέσσης,
1569 690 1643 760 μὴ
1669 689 1970 741 λυσιτελεῖν

390 786 572 845 αὐτοῖς
626 783 813 850 ἔλεγον
858 780 959 851 τὴν
990 781 1208 850 φύλακα
1257 781 1349 834 καὶ
1377 784 1614 854 φρουρὸν
1635 782 1734 851 τῆς
1765 782 1969 844 οἰκείας

385 873 598 935 πόλεως
621 869 888 941 ἀργυρίου
915 871 1013 923 καὶ
1039 868 1251 940 θνητῶν
1285 871 1591 939 ἀνθρώπων
1610 871 1967 937 ἀλλάξασθαι.

461 1149 589 1206 KB’.
626 1148 716 1215 Ὦς
741 1149 799 1204 δὲ
820 1149 849 1205 ό
875 1150 972 1221 μὲν
998 1149 1285 1203 ἐπείκειτο
1314 1147 1423 1219 (l3)
1458 1150 1554 1203 ml
1577 1146 1734 1213 αὖθις
1766 1150 1965 1215 αὐτῶν,

390 1244 437 1295 οἱ
464 1241 519 1295 δέ
545 1241 810 1303 πολλάκις
830 1239 931 1310 τὴν
963 1238 1151 1310 δέησιν
1182 1237 1588 1309 παρεκρούοντο
1607 1251 1620 1267 ο
1650 1237 1804 1299 τέλος
1829 1234 1970 1290 κατὰ

390 1330 482 1385 τοῦ
544 1328 1014 1400 ἑξακισχιλιοστοῦ
1080 1328 1535 1399 τετρακοσιοστοῦ
1600 1327 1966 1397 πεντηκοστοῦ

388 1422 647 1492 δευτέρου
698 1423 797 1491 τῆς
831 1418 927 1473 τοῦ
983 1419 1191 1489 κόσμου
1255 1419 1521 1486 γενέσεως
1576 1418 1751 1481 ἔτους,
1801 1419 1829 1470 ὁ
1873 1418 1971 1487 τῆς

404 1512 662 1581 Ἐδέσσης
734 1511 1058 1563 ἀπέστειλεν
1141 1512 1405 1580 ἀμηρᾶς,
1482 1510 1647 1573 ἀξιῶν
1708 1510 1970 1581 ἐγγράφῳ

391 1603 661 1673 ἀσφαλείᾳ
695 1603 785 1656 διὰ
818 1601 1112 1671 σφραγῖδος
1137 1605 1346 1672 χρυσῆς
1371 1603 1601 1671 ἐχούσης
1639 1602 1699 1655 τὸ
1723 1602 1963 1671 βέϐαιον,

390 1693 483 1748 τὸν
537 1694 764 1764 βασιλέα
807 1692 1328 1762 κατεγγυήσασθαι,
1388 1692 1484 1744 τοῦ
1535 1694 1609 1761 μὴ
1679 1691 1970 1760 πολεμίους

2074 504 2340 559 Dominus
2395 520 2557 558 manu
2610 506 3036 577 conscripserat,
3091 523 3304 562 sacram
3356 509 3653 582 imaginem

2074 609 2382 670 rogaverat,
2412 615 2477 654 ac
2518 600 2760 654 vicissim
2805 603 3070 657 ducentos
3102 602 3427 669 Saracenos,
3459 620 3654 674 argen-

2072 695 2225 762 tique
2264 692 2464 763 signati
2504 691 2794 746 duodecim
2842 694 3011 748 millia
3053 695 3499 750 commutationis
3528 696 3655 766 jure

2071 782 2327 837 daturum
2374 796 2432 836 se
2482 781 2762 851 pollicitus
2795 792 2935 837 erat.
2977 782 3130 838 Haud
3162 794 3345 839 tamen
3388 784 3653 841 Edesseni

2071 888 2134 927 cx
2163 872 2278 927 suis
2303 873 2611 927 rationibus
2641 887 2763 928 esse
2789 874 3065 937 dicebant,
3097 875 3245 944 quod
3273 891 3385 932 suae
3415 877 3655 933 civitatis

2071 964 2354 1019 custodem
2384 979 2448 1019 ac
2476 965 2938 1020 conservatricem
2966 967 3217 1036 pecunia,
3239 983 3302 1022 ac
3329 969 3654 1023 mortalibus

2071 1055 2346 1123 capitibus
2380 1064 2809 1111 commutarent.

2140 1144 2309 1199 XXII.
2355 1146 2623 1216 chetitaz
2660 1148 2864 1217 smpius
2889 1162 3103 1216 preces,
3143 1149 3345 1218 saepius
3377 1151 3653 1220 repulsam

2070 1251 2248 1307 passa:
2284 1255 2296 1291 :
2326 1238 2498 1292 donec
2534 1238 2751 1293 tandem
2777 1254 2804 1292 a
2840 1240 3027 1294 mundi
3056 1240 3281 1294 conditu
3321 1242 3502 1295 sexies
3532 1243 3655 1295 mil-

2072 1328 2267 1382 lesimo
2331 1328 2881 1399 quadringentesimo
2945 1330 3406 1400 quinquagesimo
3460 1346 3657 1383 secun-

2072 1419 2141 1473 do
2167 1418 2301 1489 (l4),
2340 1420 2529 1476 missis
2572 1435 2787 1477 ameras
2821 1422 3132 1477 Edessenus
3167 1422 3397 1484 nuntiis,
3433 1423 3488 1473 ul
3519 1421 3658 1474 scri-

2072 1516 2161 1576 pta
2221 1510 2483 1565 cautione
2538 1526 2709 1565 aureo
2766 1512 3051 1579 signaculo
3100 1513 3314 1565 firmata
3364 1512 3658 1579 imperator

2074 1598 2419 1667 Iidejuberet,
2472 1600 2593 1656 fore
2638 1602 2854 1657 scilicet
2887 1612 2945 1655 nt
2984 1604 3246 1672 deinceps
3292 1603 3519 1656 hostiles
3553 1600 3660 1654 Ro-

2077 1705 2364 1745 manorum
2398 1694 2568 1763 copiae
2599 1696 2766 1749 hasce
2794 1702 3030 1763 quatuor
3073 1696 3326 1749 civitates
3362 1710 3468 1749 non
3500 1696 3655 1747 inva-

388 1786 723 1858 ἐπέρχεσθαι
750 1786 813 1839 τά
834 1786 940 1839 τῶν
968 1784 1254 1852 Ῥωμαίων
1279 1784 1664 1855 στρατεύματα
1694 1782 1834 1836 κατά
1857 1781 1964 1835 τῶν

2072 1780 2298 1834 derent:
2335 1781 2581 1848 Rochan,
2618 1798 2783 1853 quam
2817 1799 2919 1838 vox
2967 1785 3200 1838 barbara
3251 1785 3511 1838 Edessam
3563 1798 3659 1836 vo-

386 1883 676 1947 τεσσάρων
703 1878 907 1933 τούτων
930 1878 1156 1943 πόλεων,
1192 1878 1335 1948 φημί
1361 1878 1446 1949 δὴ,
1468 1877 1561 1931 τοῦ
1591 1878 1804 1948 Ῥοχᾶν,
1827 1879 1964 1949 ὅπερ

387 1972 486 2043 τὴν
522 1972 787 2025 Ἔδεσσαν
832 1973 864 2041 ἠ
904 1970 1178 2041 βάρϐαρος
1206 1970 1463 2039 ὀνομάζει
1506 1971 1656 2039 φωνή
1685 1986 1698 2000 ο
1728 1968 1821 2022 τοῦ
1854 1970 1967 2023 Χα-

398 2066 521 2137 ρᾶν,
553 2063 645 2116 τοῦ
671 2063 971 2135 Σαράτους,
1009 2063 1103 2115 καί
1132 2061 1242 2115 τῶν
1281 2062 1634 2130 Σαμοσάτων.
1668 2062 1819 2132 Μηδὲ
1847 2061 1965 2132 ληΐ-

396 2153 589 2218 ζεσθαι
612 2153 735 2216 τοὺς
761 2152 964 2206 τούτων
988 2154 1211 2222 ἀγροὺς,
1246 2153 1278 2222 ἢ
1310 2154 1437 2215 τοὺς
1474 2155 1531 2205 ἐν
1564 2153 1747 2215 αὐτοῖς
1776 2170 1962 2206 κατοι-

392 2244 626 2308 κοῦντας
657 2244 1143 2314 ἀνδραποδίζεσθαι
1173 2260 1186 2272 ⁸
1244 2243 1579 2311 ἀπολυθῆναι
1609 2244 1665 2296 δὲ
1702 2243 1966 2312 αὐτῷκαὶ

387 2336 517 2396 τοὺς
563 2334 868 2398 διακοσίους
906 2336 1015 2389 ἀπὸ
1073 2334 1183 2389 τῶν
1243 2334 1530 2405 ὁμοφύλων
1590 2336 1962 2404 Σαρακηνοδς,

391 2430 532 2498 μετά
563 2432 660 2499 τῆς
690 2420 1190 2502 προΰπεσχημ“ένης
1219 2431 1313 2484 τοῦ
1344 2431 1609 2502 ἀργυρίου
1646 2433 1963 2505 ποσότητος,

387 2522 485 2573 καὶ
514 2522 911 2576 ἀνταποδοῦναι
953 2525 1115 2577 αὑτὸν
1147 2524 1247 2594 τὴν
1291 2524 1725 2597 ἐπιζητουμένην
1757 2527 1965 2595 εἰκόνα,

387 2610 482 2661 καὶ
513 2608 611 2679 τὴν
648 2611 942 2681 ἐπιστολὴν
975 2611 1069 2665 τοῦ
1104 2612 1368 2683 Χριστοῦ.

459 2700 588 2755 KI".
619 2702 679 2754 '0
704 2703 759 2755 δὲ
787 2702 1041 2772 βασιλεὺς
1071 2708 1135 2775 τῇ
1163 2704 1347 2773 ἐφέσει
1396 2707 1490 2760 τοῦ
1520 2707 1762 2761 τοιούτου
1798 2708 1964 2761 καλοῦ

388 2790 530 2861 πρὸς
580 2793 756 2847 πάντα
791 2794 1018 2875 ὑπείξας
1050 2797 1116 2849 τά
1165 2798 1617 2868 προϐαλλόμενα,
1671 2800 1967 2869 Ἀὀράμιον

387 2886 484 2937 τὸν
513 2886 730 2957 θεοφιλῆ
762 2887 854 2939 τοῦ
884 2888 1201 2958 Σαμοσάτου
1238 2889 1557 2955 ἐπίσκοπον,
1583 2891 1815 2944 ἐνταῦθα
1844 2893 1966 2945 κατ’

388 2980 575 3032 ἐκεῖνο
599 2978 793 3048 καιροῦ
848 2980 1302 3050 ἐπιχωριάζοντα,
1332 2983 1419 3034 ἐπί
1460 2986 1525 3054 τῇ
1566 2984 1829 3054 ἀναλήψει
1866 2984 1965 3052 τῆς

391 3066 542 3129 θείας
566 3068 794 3133 εἰκόνος,
819 3068 915 3121 καὶ
950 3069 1046 3139 τῆς
1082 3069 1373 3139 ἐπιστολῆς
1419 3072 1658 3141 Χριστοῦ
1710 3073 1801 3125 τοῦ
1828 3071 1963 3127 Θεοῦ

390 3158 551 3229 ἡμῶν
577 3158 949 3225 ἐξαπέστειλε.
976 3161 1202 3214 Σκοπῶν
1231 3161 1286 3215 δὲ
1316 3164 1409 3215 καὶ
1430 3165 1457 3216 ό
1483 3164 1811 3228 ἀποστείλας
1828 3206 1842 3229 ,
1873 3167 1968 3218 καὶ

388 3249 419 3301 ὁ
447 3249 862 3321 διακονούμενος
886 3249 961 3320 μὴ
991 3250 1369 3322 κατασοφισθῇ
1402 3250 1533 3321 περὶ
1555 3253 1655 3322 τὴν
1688 3252 1964 3315 ἀπόδοσιν,

391 3340 485 3393 καὶ
526 3340 645 3395 ἀντὶ
692 3340 790 3411 τῆς
818 3340 1069 3410 ἀγράφου
1124 3342 1218 3394 καὶ
1249 3341 1505 3410 ἀληθοῦς,
1555 3344 1968 3412 μεταγραφεὶσα

390 3430 509 3484 τότε
546 3432 634 3486 διὰ
663 3432 761 3505 τὴν
816 3433 1092 3504 Περσικὴν
1132 3435 1461 3505 περίστασιν
1498 3435 1673 3506 τούτῳ
1720 3434 1966 3506 ἐπιδοθῇ,

391 3524 706 3595 ἀμφοτέρας
754 3526 960 3588 ταύτας
1012 3526 1152 3596 μετά
1194 3528 1288 3580 καὶ
1316 3526 1511 3597 ἐτέρας
1536 3527 1639 3597 τῆς
1670 3530 1726 3581 ἐν
1758 3530 1823 3599 τῇ
1860 3528 1969 3580 τῶν

390 3617 771 3688 Νεστοριανῶν
828 3616 1128 3688 Ἐκκλησία
1160 3618 1498 3689 τιμωμένης,
1540 3619 1707 3672 πάλαι
1736 3622 1830 3672 καὶ
1869 3621 1967 3672 αύ-

388 3711 510 3782 τῆς,
540 3712 615 3775 ὡς
649 3711 847 3777 ἔοικεν,
906 3711 1013 3765 ἀπὸ
1069 3711 1169 3781 τῆς
1203 3712 1562 3784 πρωτοτύπου
1598 3713 1963 3784 μεταληφθεί-

392 3819 513 3873 σης,
539 3801 894 3872 ἐπιζητήσας,
918 3804 1054 3874 πρὸς
1080 3803 1345 3858 πίστωσιν
1366 3805 1577 3859 ἔλαϐεν.
1604 3805 1669 3858 Αἵ
1690 3806 1784 3859 καὶ
1811 3802 1967 3869 αὖθις

388 3892 857 3962 ἀνταπεδόθησαν,
910 3893 1078 3965 μόνης
1128 3895 1565 3966 ἐγκρατηθείσης
1620 3897 1721 3965 τῆς
1771 3900 1967 3965 κυρίας

390 3985 489 4037 καὶ
515 3982 774 4054 ἀληθοῦς.

459 4162 584 4216 KA’.
618 4161 787 4215 Τοῦτο
827 4162 925 4231 μὲν
948 4159 1196 4232 ὕστερον.
1220 4164 1331 4216 Καὶ
1360 4164 1481 4217 τότε
1512 4163 1567 4216 δὲ
1598 4165 1782 4227 στάσις
1816 4164 1966 4234 παρά

388 4251 498 4306 τῶν
523 4253 581 4305 ἐν
614 4252 836 4323 Ἐδέσσῃ
877 4254 1088 4307 πιστῶν
1121 4254 1448 4326 διηγείρετο,
1475 4256 1570 4310 καὶ
1599 4255 1828 4328 θόρυϐος
1865 4258 1967 4327 τὴν

388 4345 545 4398 πόλιν
570 4347 789 4415 κατεῖχε
820 4345 1033 4414 συχνὸς,
1066 4345 1141 4417 μὴ
1172 4346 1469 4417 μεθιέντων
1498 4348 1864 4418 ἀφαιρεθῆναι
1898 4351 1967 4403 τὰ

2072 1880 2154 1925 cat
2180 1890 2194 1938 ;
2225 1872 2479 1938 Charam,
2525 1873 2739 1936 Sarate,
2782 1883 2837 1931 et
2877 1874 3204 1930 Samosata:
3248 1892 3423 1945 neque
3463 1890 3654 1930 eorum

2072 1978 2234 2033 agros
2259 1965 2578 2035 diriperent,
2608 1977 2704 2022 aut
2738 1983 2806 2022 ex
2834 1967 3029 2022 incolis
3063 1969 3309 2037 captivos
3340 1967 3655 2037 abigerent;

2073 2055 2341 2111 ducentos
2372 2072 2588 2127 quoque
2622 2057 2929 2114 Saracenos
2969 2075 3035 2113 es
3078 2059 3481 2114 contribulibns
3523 2058 3657 2111 libe-

2075 2161 2165 2201 ros
2199 2147 2351 2200 abire
2379 2148 2607 2213 sineret,
2657 2162 2727 2206 ac
2762 2163 2924 2217 quam
2955 2155 3080 2202 ante
3120 2147 3466 2217 promiserat,
3494 2161 3657 2214 pecu-

2075 2239 2177 2293 nia:
2210 2241 2315 2293 vim
2343 2241 2675 2310 dependeret
2701 2260 2712 2295 :
2739 2241 2863 2296 llaec
2889 2241 2935 2296 si
2966 2247 3383 2310 praastarentur,
3415 2238 3656 2291 redditu-

2076 2347 2194 2385 rqu
2235 2349 2293 2388 se
2335 2350 2497 2405 quam
2539 2334 2821 2405 ﬂagitabat
2858 2333 3155 2404 imaginem
3197 2346 3262 2387 ac
3301 2329 3501 2386 Christi
3541 2327 3656 2397 epi—

2076 2426 2297 2480 stolam.

2147 2704 2339 2760 XXIII.
2383 2708 2452 2759 At
2484 2706 2781 2775 imperator
2813 2703 2933 2773 ejus
2966 2701 3095 2758 boni
3128 2700 3404 2757 desiderio
3430 2701 3495 2755 ad
3532 2715 3652 2755 om-

2077 2802 2163 2854 nia
2202 2800 2314 2851 haec
2348 2799 2625 2868 proposita
2655 2797 2849 2861 facilis,
2876 2804 3041 2865 atque
3070 2809 3131 2849 ea
3167 2809 3291 2863 qua:
3325 2794 3653 2862 petebantur

2077 2887 2328 2941 nniniIIce
2353 2887 2619 2951 tribuens,
2640 2886 3118 2955 religiosissimum
3149 2883 3420 2939 Samosati
3439 2885 3654 2953 episco-

2078 2994 2200 3049 pum
2242 2978 2559 3030 Abramiunt
2607 2985 2737 3029 tunc
2777 2977 3042 3045 temporis
3089 2976 3338 3047 Byzantii
3377 2983 3653 3045 agentem,

2075 3072 2139 3123 ad
2168 3071 2408 3124 divinam
2439 3070 2754 3140 imaginem,
2792 3069 3110 3138 Christique
3137 3069 3228 3124 Dei
3258 3070 3432 3124 nostri
3459 3068 3658 3138 episto-

2069 3164 2177 3216 lam
2228 3162 2592 3231 recipiendam
2652 3162 2817 3215 misit.
2879 3160 3091 3215 Cavens
3146 3170 3328 3215 autem
3379 3169 3492 3215 tum
3558 3158 3654 3229 qui

2072 3255 2318 3319 miserat,
2346 3262 2459 3307 tum
2492 3252 2579 3322 qui
2616 3251 2924 3307 ministerio
2955 3252 3383 3322 tlcl‘ungcbatur,
3428 3269 3496 3307 ne
3523 3251 3653 3321 quid

2074 3345 2280 3401 fraudis
2325 3360 2483 3400 sacro
2526 3345 2753 3414 pignore
2794 3342 3177 3413 consignando
3222 3343 3534 3413 obreperet,
3589 3358 3653 3396 ac

2072 3454 2172 3509 pro
2210 3438 2448 3508 imagine
2479 3452 2583 3491 non
2618 3434 2934 3489 manufacta
2961 3450 3217 3505 veraque,
3252 3451 3313 3488 ea
3344 3433 3655 3489 traderetur

2071 3545 2192 3599 qua;
2224 3529 2293 3584 ob
2329 3530 2675 3598 ingruentem
2707 3525 2987 3582 Persicam
3026 3528 3415 3582 necessitatem
3453 3542 3518 3581 ex
3559 3525 3649 3579 illa

2072 3630 2203 3675 tunc
2252 3620 2415 3675 ducta
2469 3619 2683 3688 fuerat;
2726 3620 2913 3674 ambas
2962 3620 3063 3675 has
3100 3634 3313 3674 necnon
3351 3630 3404 3673 et
3436 3620 3651 3672 tertiam

2072 3711 2257 3775 aliam,
2302 3726 2424 3780 qua:
2453 3710 2507 3763 in
2543 3711 2784 3765 Ecclesia
2834 3709 3288 3765 Nestorianornm
3340 3710 3649 3773 colebatur,

2073 3802 2333 3871 quaeipsa
2374 3816 2613 3869 quoque.
2653 3810 2711 3854 ιιι
2756 3810 2838 3856 est
2868 3802 3192 3863 verisimile,
3235 3817 3302 3855 ex
3350 3802 3524 3870 primo
3560 3802 3652 3854 illo

2070 3893 2232 3947 ducta
2265 3892 2561 3961 exemplari
2592 3891 2792 3956 fuerat,
2828 3907 2953 3945 cum
2980 3893 3290 3961 quaesiissct
3321 3892 3554 3960 accepit,
3582 3892 3648 3944 ad

2072 3986 2230 4040 Iidem
2283 3983 2361 4038 rei
2414 3983 2791 4046 astruendam,
2839 3998 2961 4053 qua:
2996 3999 3191 4038 rursus
3240 3982 3463 4037 redditae
3499 3994 3648 4045 sunt.

2071 4090 2131 4130 ea
2165 4073 2341 4128 solum
2382 4080 2613 4137 retenta,
2648 4088 2768 4143 quae
2805 4073 3025 4143 propria
3063 4087 3302 4141 veraque
3333 4080 3473 4125 erat.

2145 4164 2333 4219 XXIV.
2370 4164 2474 4219 Sed
2504 4164 2615 4219 hmc
2650 4166 2865 4235 quidem
2902 4173 3105 4235 postea.
3135 4162 3289 4217 Tunc
3310 4173 3489 4217 autem
3520 4165 3588 4218 Iid
3627 4196 3653 4207 -

2072 4260 2200 4313 lium
2259 4257 2475 4313 Edessae
2535 4259 2772 4312 excitata
2827 4258 3047 4323 seditio,
3107 4258 3473 4327 frequensque
3534 4269 3652 4313 erat

2072 4353 2311 4406 civitatis
2335 4352 2656 4413 commotio,
2687 4367 2809 4405 cum
2839 4351 2941 4405 sibi
2969 4350 3373 4421 pretiosissima
3403 4351 3649 4420 pignora,

386 4436 696 4505 τιμιώτατα
747 4435 855 4489 τῶν
901 4438 1261 4507 παράύτοῖς,
1308 4438 1406 4492 καὶ
1457 4440 1556 4509 τῆς
1588 4442 1957 4511 ἐνεγκαμένης

2072 4452 2122 4499 et
2162 4445 2362 4512 quibus
2409 4445 2596 4512 patriar.
2647 4443 2799 4497 salus
2852 4445 3143 4497 constabat
3194 4458 3256 4497 ac
3302 4444 3649 4499 incolumitas

386 4525 569 4581 αὐτῶν
594 4526 955 4597 φυλακτήρια,
973 4526 1077 4589 ἕως
1100 4528 1129 4579 ὁ
1152 4527 1259 4580 τῶν
1288 4528 1623 4598 Σαρακηνῶν
1648 4529 1859 4598 ἀφηγού
1869 4547 1964 4599 με-

385 4635 501 4681 νος,
554 4618 679 4680 τοὺς
719 4618 1080 4688 μὲν,πείσας,
1116 4618 1242 4682 τοὺς
1284 4620 1339 4672 δέ
1366 4619 1717 4691 βιασάμενος,
1748 4623 1875 4684 τοὺς
1906 4622 1962 4675 δὲ

386 4709 483 4761 καί
514 4708 767 4772 ἀπειλαῖς
802 4710 1017 4779 σφαγῆς
1054 4709 1420 4779 δεδιξάμενος,
1454 4713 1764 4784 ἐπιδοθῆναι
1796 4714 1963 4784 αὐτὴν

384 4798 797 4869 κατεπράξατο.
823 4800 1073 4870 Βροντῶν
1102 4802 1160 4853 δὲ
1185 4800 1281 4855 καὶ
1315 4802 1613 4872 ἀστραπῶν
1652 4804 1770 4873 μεθ’
1807 4804 1963 4857 ὑετοῦ

383 4888 721 4959 λαϐροτάτου
752 4891 895 4945 κατά
942 4909 1065 4946 τινα
1104 4893 1300 4964 τέχνην
1327 4892 1360 4964 ἢ
1396 4890 1651 4961 πρόνοιαν
1682 4896 1966 4965 αἰφνιδίως

385 4984 843 5054 καταρῤαγεισῶν
873 4986 933 5039 ἐν
959 4984 1037 5055 τῷ
1065 4986 1281 5056 μέλλειν
1313 4986 1630 5058 ἐξέρχεσθαι
1652 4988 1753 5056 τῆς
1787 4989 1965 5042 Ἐδέσ-

386 5088 485 5143 σης
506 5074 605 5144 τὴν
635 5076 823 5129 εἰκόνα
848 5077 943 5129 καὶ
970 5078 1070 5149 τὴν
1094 5079 1389 5146 ἐπιστολὴν
1432 5079 1525 5131 τοῦ
1555 5079 1819 5150 Χριστοῦ,
1858 5081 1962 5133 τεά-

380 5165 468 5217 λιν
498 5167 545 5217 οἰ
576 5168 669 5219 καὶ
692 5169 960 5240 πρότερον
986 5172 1338 5242 ἀντεχόμενοι
1360 5172 1566 5225 τούτων
1594 5173 1961 5237 ἀνεκινοῦντο,

380 5253 481 5306 καὶ
510 5254 571 5307 τὸ
598 5254 742 5310 θεῖον
786 5259 1249 5329 ἐπισημαίνεσθαι
1285 5261 1384 5331 τὴν
1417 5261 1530 5331 (15)
1582 5263 1694 5324 τοῖς
1731 5280 1962 5330 πραττο-

381 5344 570 5415 μένοις
600 5348 961 5417 διεδεῦαίουν,
989 5353 1066 5424 μὴ
1089 5355 1230 5408 κατὰ
1254 5354 1406 5407 θείαν
1430 5354 1681 5425 βούλησιν
1715 5355 1963 5423 γίνεσθαι

375 5437 484 5506 τὴν
517 5438 770 5494 ἐντεῦθεν
824 5444 935 5497 τῶν
984 5445 1305 5510 ἁγιωτάτων
1343 5445 1548 5500 τούτων
1613 5449 1961 5519 μετάστασιν.

2065 4537 2264 4591 auferri
2317 4554 2422 4589 non
2460 4536 2668 4591 ferrent
2700 4537 2912 4591 :donec
2940 4535 3341 4593 Saracenorum
3372 4539 3481 4593 dux
3506 4537 3645 4591 alios

2065 4627 2421 4683 suasionibus
2455 4626 2757 4689 adducens,
2793 4627 2928 4681 alios
2965 4628 3014 4681 vi
3049 4643 3274 4697 cogens,
3308 4638 3473 4698 atque
3505 4626 3647 4680 alios

2064 4719 2215 4771 necis
2247 4730 2390 4772 metu
2422 4717 2777 4787 subigens,ut
2800 4720 2905 4773 sibi
2935 4720 3024 4772 illa
3051 4720 3401 4775 traderentur
3436 4720 3642 4774 ell'ccit.

2062 4810 2197 4865 Cum
2230 4819 2413 4863 autem
2463 4812 2707 4865 tonitrua
2754 4822 2808 4866 et
2851 4812 3065 4883 fulgura
3093 4830 3217 4869 cum
3252 4815 3509 4869 imbrium
3546 4814 3651 4867 im-

2076 4917 2264 4956 mensa
2304 4902 2378 4965 vi,
2413 4903 2649 4971 quadam
2682 4904 2798 4957 sive
2841 4913 2957 4959 arte
3015 4906 3130 4960 sive
3179 4906 3517 4975 providentia
3562 4920 3651 4958 re-

2074 5001 2236 5062 pente
2284 4994 2619 5061 erupissent,
2673 5008 2784 5061 quo
2830 4995 2950 5063 ipso
2994 5002 3269 5048 momento
3312 4992 3648 5062 exportanda

2075 5084 2277 5140 Edessa
2309 5094 2454 5140 esset
2481 5100 2635 5139 sacra
2660 5084 2838 5154 imago
2868 5096 2923 5140 ct
2951 5086 3155 5141 Christi
3183 5086 3651 5155 epistola,rursus

2073 5194 2259 5233 eorum
2293 5186 2409 5232 orta
2446 5178 2744 5231 commotio
2772 5177 2862 5247 qui
2906 5179 3057 5247 prius
3102 5175 3464 5238 obsistebant,
3501 5178 3647 5240 ejus-

2074 5286 2180 5339 que
2220 5270 2295 5324 rei
2339 5280 2595 5339 portento
2637 5269 2853 5323 aiebant
2887 5268 3201 5337 signiﬁcare
3234 5266 3467 5325 Numen,
3506 5264 3647 5316 haud

2073 5363 2273 5417 divina:
2324 5362 2623 5416 voluntatis
2654 5376 2795 5425 esse,
2836 5360 2980 5430 quod
3022 5358 3372 5415 sanctissima
3406 5356 3518 5408 hrcc
3563 5356 3640 5422 pi-

2076 5468 2246 5521 gnora
2299 5454 2427 5508 inde
2477 5452 2931 5523 connnigrabant.
2986 5448 3184 5505 Verum
3246 5447 3649 5501 Saracenorum

1919 5562 2156 5619 NO'F/E.

615 5645 775 5716 Forte
821 5648 1098 5716 ἐπέκειτο.

454 5713 569 5776 (HI
598 5715 826 5773 Calculo
854 5713 1068 5783 nostro.
1095 5722 1298 5778 Christi
1336 5722 1458 5777 9H.

2143 5657 2251 5727 (I5)
2279 5658 2372 5727 τὴν
2397 5658 2608 5714 videtur
2641 5658 2964 5715 rcdttndarc.
