4058 6212
385 270 492 333 417

1372 272 1880 334 CONSTANTINI
1919 273 2476 335 PORPIIYROGEN
2489 273 2590 334 [TI

3542 271 3651 337 £43

392 383 554 444 duce,
603 395 774 452 penes
815 395 975 449 quem
1008 393 1166 434 omne
1204 379 1488 434 arbitrium
1533 391 1673 450 erat,
1712 388 1968 441 standum

2091 387 2249 440 Ἀλλὰ
2269 387 2363 440 τοῦ
2396 388 2504 441 τῶν
2534 386 2869 458 Σαρακηνῶν
2901 385 3237 455 στρατηγοῦ,
3271 386 3360 456 ὑφ’
3391 381 3437 454 ᾧ
3460 389 3519 441 τὸ
3545 394 3655 442 πᾶν

395 490 522 531 esse
567 475 856 530 conventis
910 482 1207 536 statuente,
1261 488 1324 528 ac
1368 477 1634 546 explenda
1673 481 1967 548 promissa,

395 569 676 639 egreditur
753 581 784 621 e
853 565 1077 620 civitate
1162 564 1364 637 elligies
1431 570 1831 639 pretiosissima
1907 588 1973 628 ac

396 659 600 713 Christi
625 672 786 711 mantt
814 656 1018 728 scripta
1043 657 1227 714 brevis
1257 659 1511 730 epistola,
1545 661 1763 732 hucque
1793 671 1972 718 trans-

398 749 669 804 feruntur.

468 930 635 987 XXV.
693 931 936 1000 Denique
983 933 1089 987 iter
1133 933 1512 997 conﬁcientes.
1558 935 1625 988 ad
1688 934 1979 1006 Euphratis

396 1041 549 1079 oram
569 1039 741 1080 saera:
761 1026 992 1080 sarcinae
1016 1033 1263 1080 vectores
1281 1026 1615 1080 advenerant
1636 1043 1651 1089 ;
1677 1041 1980 1097 rursusque

400 1118 553 1170 nullo
589 1115 834 1183 priorum
879 1116 1063 1168 minor
1113 1115 1384 1170 excitatus
1425 1117 1718 1182 tumultus,
1759 1119 1980 1173 concla-

400 1209 679 1263 mantibus
727 1207 1042 1271 Edessenis,
1082 1207 1188 1263 nisi
1229 1207 1450 1262 caelitus
1499 1208 1714 1278 signum
1761 1207 1979 1279 aliquod

399 1301 748 1364 exhibentur,
777 1299 1044 1369 quidquid
1082 1299 1324 1362 accidat,
1356 1315 1465 1354 non
1497 1298 1827 1354 dimissuros
1856 1301 1980 1369 qui-

403 1393 506 1447 bus
538 1407 726 1446 eorum
778 1401 892 1445 tuta
935 1391 1086 1447 salus
1117 1399 1266 1446 esset
1298 1400 1351 1446 et
1386 1391 1756 1448 incolumitas.
1808 1391 1981 1446 Datur

404 1482 592 1550 itaque
614 1481 692 1536 eis
723 1481 963 1547 signum,
999 1481 1090 1550 qui
1123 1481 1370 1536 iulideles
1396 1488 1584 1535 essent
1610 1491 1662 1536 et
1688 1489 1980 1537 tentarent.

403 1573 573 1629 Navis
633 1573 778 1629 enim
831 1590 954 1628 cum
1003 1590 1110 1643 qua
1160 1574 1523 1629 constitutum
1577 1581 1637 1626 ut
1687 1575 1980 1644 Ephratem

404 1669 726 1731 transirent,
761 1665 890 1720 dum
936 1665 1113 1720 adlmc
1160 1666 1226 1720 ad
1278 1673 1460 1734 partes
1511 1665 1684 1736 Syria:
1713 1665 1766 1720 in
1802 1666 1984 1721 littore

407 1766 598 1822 staret,
636 1756 725 1812 ubi
761 1759 936 1812 solum
973 1758 1207 1826 ingressi
1243 1759 1296 1813 in
1325 1774 1443 1813 cam
1473 1759 1714 1828 episcopi
1745 1758 1982 1813 divinam

2073 482 2170 550 τῆς
2198 481 2445 546 ἐξουσίας
2470 481 2742 543 ἀνέκειτο,
2766 479 3027 558 ἐμμένριν
3055 481 3168 540 τοῖς
3201 480 3655 550 ὡμολογημένοις

2075 571 2359 640 κρίναντος
2395 569 2525 634 δεῖν,
2556 569 2652 622 καὶ
2683 567 2995 639 ἐκπληροῦν
3031 569 3128 638 τὴν
3164 569 3480 638 ὑπόσχεσιν,
3507 569 3655 640 ἐξῄει

2075 662 2174 730 τῆς
2206 661 2414 722 πόλεως
2435 660 2496 712 τὸ
2531 661 2968 730 τιμαλφέστατον
3025 661 3418 730 ἀπεικόνισμα,
3467 662 3560 714 καὶ
3594 663 3655 716 τὸ

2076 753 2498 824 Χριστόγραφον
2532 753 2858 818 ἐπιστόλιον,
2895 754 2991 806 καὶ
3041 753 3180 824 πρὸς
3207 755 3276 807 τὰ.
3314 755 3548 808 ἐνταῦθα
3572 756 3652 809 δι-

2079 845 2385 914 ἐκομίζετο.

2149 932 2278 987 κε’.
2307 935 2416 987 Καὶ
2453 934 2517 1004 δὴ
2540 935 2638 1005 τὴν
2668 936 2785 989 ὁδὸν
2823 935 3135 999 δια-θύοντες
3164 937 3214 990 oi
3262 935 3438 990 ταῦτα
3464 937 3657 1006 ἐπιφε-

2081 1022 2322 1094 ρόμενοι,
2363 1026 2456 1079 τὸν
2490 1027 2780 1096 Εὐφράτην
2808 1027 3134 1093 κατέλαϐον,
3163 1031 3260 1082 καὶ
3309 1029 3472 1084 πάλιν
3494 1030 3656 1100 θόρυ-

2081 1115 2174 1179 ϐος
2203 1117 2434 1186 μηδενὸς
2478 1119 2588 1170 τῶν
2621 1119 2903 1188 προτέρων
2949 1119 3189 1174 ἐλάττων
3217 1121 3513 1191 ἐγείρεται,
3549 1121 3658 1174 τῶν

2081 1209 2178 1279 τῆς
2220 1207 2476 1279 Ἐδέσσης
2513 1209 2804 1279 λεγόντων,
2830 1211 2906 1275 ὼς
2937 1213 2986 1265 εἰ
3020 1214 3094 1283 μή
3121 1230 3174 1264 τι
3221 1215 3446 1283 σημεῖον
3469 1213 3656 1266 θεόθεν

2082 1299 2290 1370 δειχθῇ,
2347 1301 2456 1354 οὐδ’
2511 1303 2579 1355 ἂν
2637 1303 2690 1356 εἴ
2739 1320 2790 1355 τι
2829 1302 3074 1371 γένηται,
3129 1305 3416 1373 προῖσοντο
3441 1303 3554 1373 (I6)
3587 1303 3658 1356 τὰ

2084 1391 2379 1445 συνεκτικὰ
2410 1393 2509 1462 τῆς
2540 1393 2842 1462 ἀσφαλείας
2868 1392 3067 1448 αὐτῶν.
3098 1394 3316 1450 Δέδοται
3345 1395 3528 1448 τοίνυν
3561 1412 3659 1463 ση-

2087 1484 2236 1551 μεῖον
2277 1482 2462 1546 αὐτοῖς
2511 1482 2764 1547 ἀπίστοις
2817 1479 2957 1546 οὖσι,
2984 1484 3078 1538 καὶ⁵
3111 1483 3551 1555 ἐκπειράζουσιν.
3594 1486 3658 1538 'II

2083 1574 2191 1642 γὰρ
2221 1572 2374 1639 ναῦς,
2405 1574 2524 1644 μεθ’
2547 1570 2615 1647 ἦς
2644 1575 2735 1628 τὸν
2755 1575 3047 1646 Εὐφράτην
3068 1575 3445 1644 περαιωθῆναι
3477 1577 3660 1640 αὐτοῖς

2088 1663 2404 1734 προῦκειτο,
2464 1665 2545 1718 ἐτι
2598 1666 2736 1736 πρὸς
2789 1667 2857 1719 τὰ
2900 1665 3001 1736 τῆς
3061 1667 3263 1735 Συρίας
3318 1666 3659 1736 ὀρμιζομένη

2087 1756 2252 1825 μέρη,
2275 1754 2350 1818 ὡς
2396 1755 2554 1826 μόνον
2605 1756 2856 1826 εἰσῆλθον
2887 1759 2944 1809 ἐν
2971 1757 3108 1827 αὐτῇ
3143 1758 3193 1810 οἱ
3234 1758 3525 1810 ἐπίσκοποι
3555 1759 3654 1828 τὴν

407 1849 717 1906 deterentes
762 1851 1055 1921 imaginem
1092 1866 1155 1905 ac
1180 1853 1493 1920 epistolam,
1520 1866 1644 1905 cum
1681 1851 1860 1905 adhuc
1895 1867 1986 1906 se.-

2091 1843 2238 1897 θείαν
2267 1845 2453 1898 εἰκόνα
2479 1845 2573 1900 καὶ
2601 1847 2698 1916 τὴν
2739 1847 3030 1917 ἐπιστολὴν
3069 1847 3538 1917 ἐπικομιζόμενοι,
3579 1848 3660 1901 ἐτι

408 1943 642 1999 ditiosos
682 1952 982 2014 tempestas
1010 1942 1306 2008 detineret,
1340 1952 1562 2013 repente
1595 1943 1744 1997 nullo
1780 1944 1985 2011 remige

409 2045 505 2089 aut
539 2035 934 2107 gubernatore,
986 2049 1083 2090 seu
1131 2035 1295 2089 etiam
1343 2022 1708 2101 trahentefad
1759 2036 1982 2090 alteram

409 2128 607 2196 ripam,
626 2127 812 2183 divina
841 2128 1107 2182 duntaxat
1129 2127 1409 2182 voluntate
1431 2128 1824 2197 gurbernante,
1856 2141 1983 2197 pro-

410 2221 556 2276 {ccta
599 2230 685 2276 est
733 2221 1074 2291 appulitqne.
1127 2219 1260 2286 Qua:
1312 2237 1400 2277 res
1435 2232 1706 2292 quotquot
1760 2221 1990 2277 aderant

411 2320 466 2364 et
489 2311 764 2373 viderant,
812 2319 1036 2382 stupore
1075 2311 1321 2382 implevit
1369 2319 1424 2366 et
1471 2313 1853 2375 admiratione,
1913 2312 1989 2367 Ie-

413 2403 600 2475 citque
624 2414 684 2458 ut
717 2412 915 2474 sponte
945 2405 1211 2459 mittenda
1241 2420 1398 2460 sacra
1431 2405 1656 2476 pignora
1699 2406 1987 2474 permitte-

413 2502 556 2550 rent.
1926 2504 1928 2506 ’

482 2585 674 2640 XXVI.
705 2586 844 2643 llinc
883 2587 1170 2643 Samosata
1212 2587 1536 2657 perveniunt
1575 2586 1669 2656 qui
1726 2584 1826 2656 pize
1867 2601 1987 2639 sar-

412 2679 552 2735 cinae
574 2679 808 2736 ministri
829 2688 1007 2735 erant.
1046 2679 1216 2733 Erant
1247 2689 1429 2732 autem
1465 2677 1878 2734 Samosatorum
1912 2688 1992 2732 at-

413 2785 524 2841 que
575 2769 796 2826 Edessa:
819 2771 1133 2840 episcopus,
1162 2769 1392 2840 ejusque
1421 2769 1862 2840 presbyterorum
1889 2769 1990 2839 pri-

417 2875 564 2925 mus,
616 2861 820 2930 aliique
865 2861 1091 2931 quidam
1142 2861 1386 2932 religiosi
1431 2860 1754 2926 Christiani,
1813 2863 1991 2931 iiSquc

416 2964 604 3006 comes
641 2966 746 3005 una
778 2952 968 3006 aderat
1006 2951 1219 3007 Amerze
1257 2952 1510 3008 minister
1550 2962 1917 3024 cognomento
1961 2971 1990 3006 ιι

419 3039 614 3096 Roma.
675 3041 749 3097 lbi
791 3041 908 3098 dies
954 3043 1164 3114 aliquot
1206 3059 1330 3098 cum
1388 3043 1649 3114 egissent,
1694 3043 1878 3098 multis
1925 3043 1990 3098 ad

2083 1935 2178 1990 τοῦ
2206 1937 2372 1990 σάλου
2393 1939 2522 2003 τοὺς
2553 1937 2862 2002 στασιώτας
2892 1939 3238 2011 κατέχοντος,
3266 1939 3526 2010 ἐξαίφνης
3556 1959 3665 2011 χω-

2087 2029 2173 2098 ρὶς
2199 2028 2422 2098 ἐρετῶν,
2449 2031 2618 2100 χωρὶς
2645 2029 2738 2083 τοῦ
2767 2030 3138 2102 κυϐερνῶντος
3171 2031 3204 2103 ἢ
3229 2031 3500 2095 ἕλκοντος,
3528 2031 3664 2102 πρὸς

2084 2121 2186 2192 τὴν
2218 2123 2514 2194 ἀντιπέραν
2548 2124 2754 2195 κατῆρε
2784 2126 2909 2194 γῆν,
2941 2125 3087 2195 μόνῳ
3118 2125 3195 2196 τῷ
3225 2126 3355 2196 θείῳ
3388 2125 3664 2196 κυϐερνω-

2091 2214 2230 2284 μένη
2263 2215 2584 2284 βουλήματι.
2620 2218 2685 2269 Ὃ
2709 2216 2774 2286 δὴ
2795 2217 2921 2281 τοὺς
2957 2217 3364 2289 προστυχόντας
3393 2218 3487 2269 καὶ
3520 2218 3658 2270 ίδόν.ο

2087 2322 2186 2368 τας
2208 2305 2474 2372 ἅπαντας,
2503 2307 2748 2377 θάμϐους
2769 2307 3058 2378 ἐπλήρωσε
3091 2309 3184 2361 καὶ
3213 2308 3546 2379 ἐκπλήξεως,
3567 2308 3662 2360 καὶ

2091 2397 2314 2460 ἑκόντας
2341 2399 2746 2469 παραχωρῆσαι
2772 2399 2871 2470 τὴν
2897 2399 3173 2470 ἔκπεμψιν
3200 2399 3436 2453 ἔπεισεν.

2163 2575 2308 2640 KQ’.
2349 2573 2632 2628 Ἐντεῦθεν
2661 2576 3145 2648 καταλαμϐάνουσι
3173 2577 3245 2630 τὰ
3289 2577 3582 2648 Σαμόσατα
3615 2579 3666 2631 οἰ

2090 2665 2198 2718 τῶν
2229 2667 2546 2738 φερομένων
2577 2667 2836 2723 διάκονοι.
2886 2665 3069 2724 *Ησαν
3115 2670 3195 2734 δέ,
3226 2671 3254 2723 ὁ
3278 2669 3386 2724 τῶν
3419 2669 3666 2740 Σαμοσά-

2091 2775 2199 2811 των
2229 2760 2323 2813 xal
2352 2759 2450 2829 τῆς
2484 2760 2739 2832 Ἐδέσσης
2765 2763 3077 2833 ἀρχιερεὺς,
3111 2762 3203 2815 καὶ
3223 2765 3250 2816 ὁ
3279 2762 3467 2816 τούτου
3508 2783 3663 2834 πρω-

2091 2836 2568 2922 τοπρεσϐύτεροςξ
2589 2853 2684 2906 καὶ
2715 2853 2894 2923 ἕτεροί
2923 2871 3068 2920 τινες
3118 2855 3240 2908 τῶν¹
3257 2855 3664 2927 εύλαϐεστέρων

2094 2943 2456 3013 Χριστιανῶν,
2487 2937 2569 3006 οἷς
2615 2945 2708 2996 καὶ
2736 2945 2763 2996 ό
2790 2944 2884 2998 τοῦ
2916 2945 3106 3015 ἀμηρᾶ
3156 2946 3435 3016 ὑπηρέτης
3477 2948 3667 3016 συνῆν,

2093 3034 2151 3097 ὃς
2175 3033 2282 3087 ἀπὸ
2322 3033 2539 3107 Ῥώμης
2571 3037 3014 3107 κατωνομάζετο.
3080 3037 3348 3092 Ἐνταῦθα
3400 3037 3482 3090 ἔτι
3510 3037 3667 3098 τινὰς

417 3147 576 3188 sacra
611 3133 836 3206 pignora
873 3135 1156 3191 miraculis
1189 3135 1373 3202 editis,
1402 3137 1506 3192 iter
1559 3146 1986 3208 prosequuntur.

2095 3125 2307 3196 ἡμέρας
2334 3127 2874 3198 χρονοτριϐῆσαντες,
2906 3128 3119 3182 πολλῶν
3159 3130 3338 3182 ἐκεῖσε
3371 3129 3667 3200 θαυμάτων

419 3223 635 3279 Rursus
666 3225 718 3278 in
748 3225 1035 3294 procinctu
1068 3225 1288 3281 itineris
1329 3240 1424 3296 per
1452 3240 1666 3280 sacram
1699 3227 1991 3298 imaginem

417 3329 483 3370 ac
518 3314 720 3371 Christi
765 3317 1054 3387 epistolam
1101 3317 1388 3371 innumera
1423 3325 1638 3387 patrata
1676 3317 1938 3371 miracula
1974 3333 1990 3372 :

416 3407 546 3463 caeci
582 3425 650 3464 ex
687 3408 992 3478 itnproviso
1047 3409 1198 3465 visus
1251 3408 1512 3463 facultate
1557 3409 1768 3474 donati,
1811 3410 1992 3465 claudi

417 3498 537 3552 sani
567 3506 732 3569 atque
761 3498 1023 3553 membris
1046 3497 1278 3567 integris
1307 3496 1502 3552 redditi
1527 3515 1541 3564 ;
1562 3498 1827 3552 saliebant
1853 3514 1994 3568 quos

419 3585 548 3639 olim
595 3587 821 3641 morbus
858 3586 999 3641 lecto
1031 3586 1294 3651 allixerat,
1330 3602 1393 3640 ac
1424 3603 1658 3658 quorum
1696 3598 1855 3644 erant
1883 3604 1996 3644 ma-

417 3693 525 3733 nus
551 3677 738 3741 aridae,
777 3689 968 3749 vegeto
1003 3679 1200 3734 robore
1232 3680 1473 3734 exibant.
1515 3676 1577 3732 Et
1605 3689 1664 3734 ut
1701 3682 1872 3736 semel
1914 3681 1995 3734 di-

419 3784 567 3834 eam,
614 3769 840 3826 morbus
875 3771 1055 3825 omnis
1087 3779 1140 3826 et
1171 3771 1404 3841 languor
1446 3771 1736 3843 l'ugabatur
1766 3789 1780 3825 :
1808 3789 1872 3827 ac
1900 3773 1993 3844 qui

420 3859 538 3914 sani
568 3869 882 3926 evaserant,
913 3859 1078 3917 Deum
1115 3862 1520 3934 gloriﬁcabant,
1553 3873 1715 3934 atque
1745 3865 1866 3936 ejus
1892 3867 1994 3921 mi-

421 3951 613 4006 rabilia
637 3952 957 4008 laudabant.

491 4040 705 4098 XXVII.
740 4042 858 4098 Jam
899 4059 1039 4115 pene
1071 4045 1321 4101 confecta
1360 4047 1468 4112 via,
1513 4047 1579 4101 ad
1622 4057 1825 4104 sanctae
1874 4045 1995 4102 Dei-

420 4147 566 4203 para:
593 4137 988 4190 monasterium
1025 4137 1273 4200 veniunt.
1303 4139 1445 4206 quod
1477 4139 1694 4194 Eusebii
1723 4138 1868 4193 aedes
1899 4152 1994 4192 vo-

421 4230 572 4288 cant,
621 4238 686 4279 ac
722 4223 776 4278 in
806 4223 1071 4280 Themate
1116 4225 1280 4280 situm
1312 4235 1418 4290 est,
1457 4227 1601 4296 quod
1654 4224 1993 4297 Optimatum

423 4315 715 4384 appellant.
745 4315 802 4370 In
833 4315 954 4384 ejus
983 4317 1299 4372 monasterii
1332 4318 1534 4388 templo
1576 4317 1663 4388 pie
1715 4317 1996 4386 religiose-

423 4422 532 4475 que
557 4406 802 4477 deposita
838 4422 1004 4478 capsa
1047 4415 1154 4473 est,
1185 4422 1308 4478 quae
1345 4407 1719 4478 prodigiorum
1758 4406 1997 4462 eli‘ectri-

2095 3217 2416 3286 γεγονότων,
2444 3219 2650 3290 εἴχοντο
2680 3220 2778 3290 τῆς
2808 3219 2949 3275 ὀδοῦ.
2984 3222 3095 3274 Καὶ
3119 3220 3282 3276 πάλιν
3303 3221 3505 3285 ἄπειρα
3538 3219 3670 3273 θαύ-

2098 3323 2244 3375 ματα
2277 3307 2511 3360 ὲτελεῖτο
2534 3309 2591 3360 ἐν
2621 3310 2686 3378 τῇ
2713 3308 2818 3380 ὁδῷ
2853 3310 2960 3365 ὑπὸ
3009 3313 3106 3382 τῆς
3130 3313 3300 3382 ,ἱερᾶς
3329 3312 3535 3374 εἰκόνος
3573 3311 3670 3364 καὶ

2094 3399 2193 3468 τῆς
2218 3400 2506 3469 ἐπιστολῆς
2538 3400 2632 3453 τοῦ
2665 3401 2924 3472 Χριστοῦ.
2962 3404 3168 3473 Τυφλολ⁵
3205 3405 3314 3476 γὰρ
3341 3405 3670 3473 ἀπροόπτως

2095 3486 2409 3554 ἀνέϐλεπον,
2443 3493 2536 3544 καί
2571 3491 2736 3561 χωλοὶ
2781 3493 3086 3548 ἐδείκνυντο
3117 3496 3315 3565 ἄρτιοι.
3381 3497 3670 3568 Κλινήρεις

2095 3593 2153 3629 τε
2185 3578 2528 3651 πολυχρόνιοι
2556 3583 2774 3653 ἥλαντο,
2803 3585 2900 3638 καὶ
2918 3587 2966 3638 οἱ
2991 3585 3161 3656 ξηρὰς
3188 3585 3404 3656 ἔχοντες
3440 3589 3536 3652 τὰς
3560 3591 3670 3658 χεῖ-

2099 3686 2194 3739 ρας
2241 3671 2514 3742 ὑγιοῦντο.
2554 3675 2664 3729 Kal
2695 3677 2969 3730 συνελόντι
2997 3677 3182 3747 φάναι,
3215 3681 3363 3732 πᾶσα
3395 3680 3548 3742 νόσος
3578 3679 3672 3732 καὶ

2099 3759 2339 3828 μαλακία
2383 3762 2798 3834 ἐδραπετεύετο,
2867 3767 2958 3819 καὶ
3017 3767 3267 3832 ἐδόξαζον
3325 3768 3696 3838 ὑγιαζόμενοιν

2093 3852 2186 3904 τὸν
2215 3852 2368 3920 Θεὸν,
2405 3855 2498 3908 καὶ
2524 3856 2794 3928 ἀνύμνουν
2821 3858 2989 3913 αὐτοῦ
3023 3861 3090 3914 τὰ
3119 3859 3422 3931 θαυμάσια.

2173 4044 2297 4097 ΚΖ’.
2335 4043 2471 4113 Ἤδη
2494 4040 2587 4098 οῦν
2614 4044 2673 4098 τὸ
2702 4045 2836 4098 πολὺ
2869 4045 2969 4117 τῆς
2993 4046 3114 4100 ὁδοῦ
3143 4046 3510 4111 διανύσαντες,
3529 4049 3669 4118 φθά-

2096 4149 2277 4184 νουσιν
2299 4133 2379 4195 είς
2406 4133 2505 4204 τὴν
2533 4134 2632 4203 τῆς
2669 4133 2857 4204 Ἀγίας
2885 4137 3151 4192 Θεοτόκου
3183 4139 3368 4209 μονὴν,
3401 4141 3434 4210 ἦ
3464 4140 3534 4192 τὰ
3564 4141 3667 4193 εὑ-

2099 4223 2278 4275 σεϐίου
2311 4227 2761 4294 κατονομάζεται,
2786 4230 2844 4282 ἐν
2874 4229 2952 4300 τῷ
2982 4231 3090 4283 τῶν
3131 4232 3478 4302 Ὀπτιμάτων
3515 4234 3675 4301 λεγο-

2101 4311 2246 4381 μένῳ
2289 4313 2664 4381 τυγχάνουσαν
2705 4317 2922 4386 θέματι.
2972 4318 3059 4371 Ἑν
3088 4319 3163 4388 τῷ
3205 4319 3317 4388 ναῷ
3343 4319 3400 4372 δὲ
3427 4319 3670 4373 τοιούτου

2099 4421 2389 4475 φροντιστη
2399 4407 2514 4475 ρίου
2536 4407 2891 4478 ἁγιοπρεπῶς
2915 4411 2946 4479 ἡ
2976 4409 3077 4480 τὴν
3095 4411 3461 4480 τερατουργὸν
3486 4413 3672 4466 είκόνα

423 4509 540 4548 cem
596 4495 886 4565 imaginem
935 4499 1285 4566 contegebat,
1340 4495 1608 4566 multique
1654 4497 1868 4550 sincere
1926 4510 1988 4550 ex

2102 4494 2419 4565 κρύπτουσα
2453 4495 2594 4566 θήκη
2633 4497 3030 4550 ἐναποτίθεται.
3085 4499 3190 4550 Kal
3219 4498 3405 4551 πολλοὶ
3441 4501 3674 4568 προσελ-

423 4586 610 4640 animo
643 4585 967 4642 accedentes
1013 4587 1221 4642 morbis
1257 4587 1456 4642 curati.
1487 4586 1607 4653 Quo
1637 4588 1801 4643 etiam
1846 4588 1995 4643 venit

423 4674 648 4744 quidam
680 4675 940 4732 obsessus
984 4692 1012 4730 a
1062 4678 1329 4744 daemone,
1373 4692 1482 4745 quo
1526 4684 1584 4731 ut
1619 4693 1826 4748 organo
1863 4694 1997 4734 usus

425 4767 654 4837 spiritus
694 4784 950 4838 nequam,
994 4771 1047 4825 in
1085 4771 1302 4826 laudem
1346 4770 1602 4841 imaginis
1640 4785 1704 4823 ac
1750 4769 1998 4839 epistolre

425 4860 580 4929 plura
613 4861 1080 4932 proloquebatur;
1118 4863 1317 4933 quippe
1341 4877 1465 4918 cum
1497 4862 1745 4930 ejusdem
1779 4864 1997 4934 generis

421 4953 550 5008 olim
583 4954 809 5024 spiritus
839 4953 1070 5010 Domino
1105 4956 1348 5010 dicerent
1383 4973 1396 5009 :
1433 4952 1642 5010 Scimus
1674 4963 1721 5006 te
1752 4953 1869 5024 quis
1897 4954 1991 5014 sis,

426 5057 636 5100 sanctus
667 5044 859 5101 Israel.
892 5046 992 5101 llic
1020 5057 1297 5118 postremo
1329 5045 1462 5100 illud
1488 5046 1747 5100 vaticinio
1779 5045 1947 5099 edidit
1977 5060 1992 5101 :

425 5135 632 5207 Recipe,
654 5138 996 5194 Constantini
1019 5141 1164 5204 urbs,
1202 5141 1499 5193 claritatem
1521 5149 1568 5193 et
1600 5139 1881 5202 lmtitiam;
1908 5146 1993 5189 at-

421 5247 520 5300 que
539 5240 615 5297 tu,
634 5230 979 5287 Constantine
995 5231 1514 5303 Porphyrogenneta,
1529 5241 1674 5283 tuum
1690 5229 1988 5298 imperium.

422 5320 544 5386 Quo
573 5323 742 5388 dicto,
785 5323 949 5379 homo
997 5333 1223 5379 curatus
1265 5333 1370 5386 est.
1407 5337 1470 5377 ac
1501 5321 1684 5376 statim
1731 5318 1994 5373 daemonis

428 5415 714 5472 vexatione
746 5415 983 5474 solutus.
1029 5414 1236 5472 Horum
1288 5424 1466 5469 autem
1511 5412 1801 5468 verborqu
1837 5409 1994 5464 multi

2103 4578 2288 4644 οόντες
2319 4579 2380 4645 ἐξ
2412 4581 2742 4653 εἰλικρινοῦς
2761 4584 3050 4650 διαθέσεως
3076 4625 3091 4650 ,
3138 4586 3245 4638 ἀπὸ
3298 4586 3406 4638 τῶν
3457 4589 3672 4640 οἰκείων

2100 4673 2271 4727 νόσων
2301 4673 2552 4740 ίάθησαν.
2591 4675 2760 4728 Ἔνθα
2784 4677 2875 4729 καί
2905 4693 2991 4739 τις
3022 4676 3328 4747 προσῆλθεν
3353 4676 3458 4729 ὑπὸ
3488 4677 3675 4745 δαίμοο

2101 4781 2189 4828 νος
2233 4765 2635 4836 ἐνοχλούμενος,
2690 4761 2733 4835 ᾧ
2761 4768 3012 4838 καθάπερ
3069 4768 3286 4838 ὀργάνῳ
3332 4769 3393 4820 τὸ
3441 4769 3676 4837 πονηρὸν

2101 4855 2492 4926 ἀποχρώμενον
2545 4857 2784 4927 πνεῦμα,
2850 4859 2944 4912 καὶ
2980 4859 3154 4912 πολλὰ
3203 4861 3311 4910 τῶν
3342 4859 3422 4922 είς
3451 4858 3676 4911 ἔπαινον

2102 4946 2344 5016 ἡκόντων
2397 4949 2499 5016 τῆς
2557 4948 2764 5010 εἰκόνος
2818 4951 3036 5020 καὶτῆς
3073 4951 3362 5020 ἐπιστολῆς
3408 4951 3474 5003 δι’
3511 4951 3675 5004 αὐτοῦ

2101 5037 2398 5106 ἐκφωνοῦν.
2472 5039 2624 5092 Ἐπεὶ
2657 5041 2748 5092 καὶ
2800 5041 2994 5094 πάλαι·
3033 5042 3288 5110 Οἵδαμὲν
3327 5059 3401 5096 σε
3437 5043 3526 5108 τίς
3557 5043 3664 5106 εἷς,

2101 5129 2267 5197 ἅγιος
2291 5130 2395 5184 τοῦ
2443 5131 2711 5199 Ἰσραὴλ,
2744 5133 2878 5202 προς
2905 5133 2996 5186 τὸν
3030 5133 3232 5204 Κύριον
3274 5133 3481 5202 ἔλεγον,
3500 5133 3550 5186 oi
3580 5134 3675 5200 τῆς

2101 5219 2292 5289 ὁμοίας
2324 5221 2542 5290 μερίδος
2577 5221 2747 5291 αύτῷ.
2787 5223 2973 5287 Τέλος,
3001 5224 3128 5276 τάδε
3173 5225 3339 5277 οἱονεὶ
3369 5223 3671 5292 ἁπεφοίϐα·

2103 5314 2229 5378 ξεν,
2303 5314 2612 5380 ’Λπόλαϐε,
2668 5315 2862 5383 λέγων,
2904 5317 2941 5384 ἡ
3007 5317 3666 5381 Κωνσταντινούπολις,

2102 5406 2291 5470 δόξαν
2319 5407 2414 5460 καὶ
2441 5407 2654 5477 χαράνο
2685 5408 2780 5461 καί
2799 5407 2903 5475 σὺ,
2937 5407 3352 5464 Κωνσταντῖνε
3375 5410 3675 5476 Πορφυροο
3739 5485 3756 5501 ἱ

1933 5600 2164 5658 NOTAE.

502 5695 616 5766 (16)
655 5694 816 5753 Forte
853 5697 1182 5768 προτσονται,
1210 5695 1294 5751 vel
1326 5693 1680 5751 προείσονται.
