4084 6208
373 347 482 409 4ί9

1324 336 1718 395 Nanm'rm
1761 335 1856 394 DE
1905 334 2231 393 mxume
2271 314 2675 393 massam.

3524 336 3631 398 450

378 460 647 527 γένη-ητις,
668 450 783 516 τὴν
798 448 1122 514 βασιλείαν
1144 461 1280 500 σου.
1304 448 1412 501 Καὶ
1432 447 1637 499 τούτων
1662 447 1954 517 ῥηθέντων,

2067 452 2230 497 testes
2260 445 2549 498 exsistunt.
2580 442 2713 496 Nam
2747 458 2870 497 cum
2905 444 3200 512 imperator
3239 444 3444 514 primos
3467 461 3635 515 quos~

382 549 506 618 ίάθη
544 548 571 599 ό
602 544 909 613 ἄνθρωπος,
964 541 1058 592 καὶ
1086 538 1332 605 ἀπελύθη
1366 541 1706 607 παραχρῆμα
1735 539 1833 605 τῆς
1860 538 1952 589 τοῦ

379 639 635 706 δαίμονος
669 633 988 693 ἐπιθέσεως.
1027 630 1244 681 Τούτων
1270 628 1325 680 δὲ
1358 628 1542 680 πολλοὶ
1579 630 1954 697 καθεστήκασι

381 730 663 797 μάρτυρες
688 725 797 776 τῶν
819 721 1100 792 ῥημάτων.
1133 720 1241 770 Τοῦ
1270 720 1379 787 γὰρ
1403 718 1664 787 βασιλέως
1692 720 1770 781 είς
1792 719 1957 787 τιμὴν

378 819 471 870 καὶ
500 816 806 883 ὑπάντησιν
827 811 923 863 τοῦ
959 808 1296 879 ποθουμένου
1323 810 1449 871 τοὺς
1491 809 1739 877 πρώτους
1771 811 1869 877 τῆς
1900 812 1958 861 ὲν

378 909 520 961 τέλει
547 906 743 976 βουλῆς
784 902 1232 963 ἀποστείλαντος,
1266 903 1360 954 καὶ
1392 901 1603 962 τούτοις
1630 902 1738 954 τῶν
1770 903 1833 954 ἐκ
1858 902 1958 972 τῆς

383 1000 683 1070 δορυφόρου
735 997 944 1062 τάξεως
1003 993 1429 1058 συνεξελθόντων
1488 993 1719 1058 πολλῶν,
1760 994 1958 1063 συνέϐη

391 1089 721 1157 μαγίστρους
751 1087 846 1138 καὶ
872 1083 1195 1154 πατρικίους
1223 1083 1361 1151 μετὰ
1410 1082 1518 1134 τῶν
1546 1083 1960 1152 ὑποϐεϐηκυιῶν

386 1180 591 1244 τάξεων
624 1176 763 1233 εἶναι
809 1180 937 1240 τοὺς
968 1177 1241 1239 ἀκουστάς
1270 1193 1330 1228 τε
1360 1176 1453 1228 καὶ
1488 1178 1791 1246 μάρτυρας.
1850 1177 1961 1229 Καὶ

386 1271 509 1322 ἐπεὶ
537 1272 603 1323 τὰ
656 1269 891 1339 ρηθέντα
940 1268 1037 1339 τὴν
1058 1267 1281 1320 ἔκϐασιν
1305 1269 1499 1321 θᾶττον
1530 1269 1797 1334 ἐδέξαντο,
1826 1270 1963 1321 ἀπο-

388 1359 552 1429 ρῆσαι
609 1360 759 1425 ἄξιον
807 1359 972 1411 πόθεν
1013 1360 1046 1428 ή
1080 1359 1393 1427 πρόγνωσις
1429 1358 1508 1428 τῷ
1547 1359 1760 1428 δαίμονι
1795 1375 1962 1428 προσ-

386 1453 623 1518 εγένετο.
655 1452 730 1503 Οὐ
762 1451 873 1520 γὰρ
903 1450 1049 1520 ἔχειν
1088 1450 1440 1503 πιστεύονται
1475 1450 1681 1519 ταύτην
1727 1450 1961 1515 οἴκοθεν,

387 1545 489 1612 τῆς
537 1542 689 1606 θείας
742 1542 901 1611 δόξης
952 1542 1447 1612 ἀπολισθήσαντες,
1492 1544 1586 1595 καὶ
1627 1542 1815 1603 σκότος
1843 1544 1964 1596 ἀντὶ

389 1634 566 1702 φωτὸς
620 1634 1082 1705 χρηματίσαντες.
1150 1635 1219 1685 ’Ἡ
1263 1635 1444 1702 δῆλον,
1500 1636 1578 1688 ὃτι
1610 1635 1861 1705 καθάπερ
1888 1636 1964 1705 τῷ

390 1724 621 1794 Βαλαὰμ
679 1727 713 1794 ή
777 1724 897 1776 θεία
949 1724 1178 1793 δύναμις
1232 1725 1431 1794 ἐχρῆτο
1464 1725 1694 1794 διακόνῳ
1718 1726 1813 1778 τοῦ
1841 1727 1961 1778 τότε

387 1814 900 1885 προαγορεύματος,
928 1815 1020 1868 καὶ
1050 1815 1235 1868 ἄλλοτε
1268 1814 1449 1878 ἄλλοις
1474 1817 1573 1868 οὐκ
1604 1816 1775 1880 ἀξίοις
1830 1818 1959 1869 πολ-

385 1906 543 1968 λάκις
567 1905 663 1958 τοῦ
700 1906 1042 1975 πράγματος,
1081 1905 1204 1958 κατ’
1235 1907 1551 1975 οἰκονομίαν
1597 1908 1814 1971 πάντως
1840 1908 1963 1961 τινὰ

386 1998 554 2068 σοφὴν
608 1998 703 2050 καὶ
737 1996 1081 2068 εὖμήχανον’
1136 1997 1280 2052 οὕτω
1310 1999 1403 2052 καὶ
1436 1999 1529 2053 νῦν
1557 2002 1590 2071 ἡ
1619 2002 1675 2052 ὲν
1716 2001 1795 2073 τῷ
1834 2000 1962 2071 θείῳ

391 2090 803 2163 ἀπεικονίσμαβι
830 2090 1081 2159 δύναμις,
1114 2092 1192 2164 τῷ
1211 2093 1427 2163 δαίμονι
1453 2095 1827 2164 ἀπεχρήσατο.
1854 2095 1963 2147 Καὶ

2059 550 2169 604 que
2202 533 2314 587 fere
2346 542 2575 587 senatus
2620 548 2683 588 ac
2733 534 3089 602 magistratus
3124 533 3179 586 in
3211 533 3507 589 desiderati
3554 539 3638 606 pi-

2058 626 2245 695 gnoris
2287 639 2584 678 occursum
2635 625 2905 693 obsequio
2954 623 3216 691 misisset,
3255 640 3472 696 unaque
3509 643 3637 683 cum

2059 718 2171 772 illis
2202 718 2524 787 stipantium
2568 718 2731 771 turba
2769 718 2960 783 ingens
2992 717 3273 784 exivisset,
3312 722 3543 791 contigit
3574 732 3634 778 ut

2060 813 2304 883 Magistri
2329 821 2383 868 et
2416 812 2665 876 Patricii,
2694 827 2756 866 ac
2779 813 2871 882 qui
2903 811 3182 869 inferioris
3210 815 3420 870 ordinis
3455 827 3635 875 erant.

2061 905 2316 959 audirent
2351 920 2412 959 ac
2444 912 2615 961 testes
2665 911 2871 959 essent.
2922 902 3168 972 Cumque
3197 906 3460 959 vaticinio
3491 907 3637 963 dicta

2062 998 2213 1053 brevi
2243 1006 2363 1067 post
2394 1007 2648 1052 eventum
2674 997 2869 1052 sortita
2901 996 3173 1065 sint,jure
3196 998 3391 1053 merito
3420 999 3641 1054 dubita-

2064 1092 2109 1144 ri
2138 1092 2332 1160 possit,
2360 1090 2630 1144 undenam
2660 1087 3015 1158 priescientia
3038 1088 3269 1142 da’moni
3293 1092 3641 1147 accessisset.

2064 1183 2181 1237 Non
2210 1182 2355 1235 enim
2388 1196 2416 1234 a
2453 1195 2511 1234 se
2543 1180 2853 1234 creduntur
2884 1179 2972 1232 illa
3006 1179 3240 1248 prmditi,
3268 1182 3359 1249 qui
3393 1197 3421 1235 a
3452 1183 3638 1237 divina

2064 1272 2318 1327 claritate
2343 1272 2579 1341 prolapsi
2616 1279 2766 1332 sunt,
2795 1285 2857 1323 ac
2887 1284 2985 1339 pro
3018 1271 3140 1324 luce
3162 1273 3403 1326 tenebrae
3438 1274 3639 1328 eﬂ‘ecti.

2066 1364 2201 1418 Nam
2237 1364 2414 1433 palam
2439 1364 2583 1417 sicut
2607 1362 2791 1416 divina
2820 1362 2993 1415 virtus
3021 1360 3238 1414 Balaam
3263 1363 3340 1416 rei
3368 1371 3481 1415 tum
3514 1379 3644 1433 prte-

2067 1455 2315 1509 dicanda:
2356 1455 2669 1508 ministrum
2705 1452 2979 1516 adhibuit,
3024 1452 3275 1521 aliasque
3307 1452 3444 1507 alios
3474 1469 3538 1507 ea
3586 1469 3647 1507 re

2066 1560 2210 1613 srepc
2246 1542 2522 1612 indignos,
2553 1557 2781 1611 prorsus
2813 1541 3048 1611 sapienti
3078 1542 3317 1610 quodam
3347 1543 3648 1613 solertique

2066 1637 2342 1693 consilio:
2387 1636 2457 1688 ita
2507 1648 2651 1687 nunc
2686 1648 2904 1703 qunque
2936 1634 2989 1685 in
3027 1634 3211 1687 divina
3244 1634 3325 1689 vis
3371 1636 3648 1690 exsistens

2068 1728 2263 1797 eﬂigie,
2294 1727 2539 1780 dmmoue
2563 1742 2661 1781 usa
2693 1733 2800 1789 est,
2833 1735 2888 1779 et
2920 1725 3042 1779 ideo
3076 1740 3171 1793 per
3198 1741 3321 1779 eum
3345 1741 3464 1794 qua:
3495 1726 3647 1780 brevi

2071 1828 2195 1886 post
2236 1826 2393 1873 erant
2435 1826 2697 1871 eventura
2745 1824 2871 1871 ante
2918 1815 3311 1872 manifestavit.
3365 1815 3471 1871 Sed
3520 1832 3647 1870 cum

2074 1908 2176 1960 hoc
2206 1906 2426 1959 interim
2457 1906 2758 1968 evenisset,
2801 1905 2921 1972 ejus
2965 1906 3285 1960 meminisse
3329 1905 3473 1959 haud
3509 1904 3649 1959 forte

2074 1999 2473 2068 importunum.
2508 1996 2590 2050 Ad
2616 2011 2682 2051 ea
2707 2011 2839 2050 vero
2879 2011 3196 2066 pergamus,
3225 2011 3347 2066 quae
3373 1997 3648 2051 narranda

2074 2099 2405 2161 sequuntur.

392 2178 480 2231 διὰ
504 2177 660 2231 τοῦτο
679 2178 748 2231 τὰ
786 2181 907 2250 μετ’
956 2180 1139 2250 ὀλίγον
1169 2183 1514 2254 ἐκϐησόμενα
1564 2185 1961 2255 προεδήλωσεν.
2015 2183 2177 2238 Ἀλλὰ
2203 2182 2396 2235 τούτου
2428 2181 2526 2251 μὲν
2549 2179 2721 2244 οὕτως
2746 2179 3054 2251 συμϐάντος
3114 2181 3342 2252 μεταξὺ,
3407 2183 3648 2254 μνησθῇ-

390 2288 477 2324 ναι
514 2274 643 2335 ἴσως
664 2273 762 2326 ούκ
782 2272 1029 2342 ἄκαιρον.
1066 2275 1189 2328 Ἐπὶ
1216 2276 1271 2328 δὲ
1296 2274 1365 2329 τά
1388 2276 1620 2345 ἐχόμενα
1646 2277 1742 2346 τῆς
1764 2275 2067 2345 διηγήσεως
2100 2271 2452 2343 βαδιούμεθα.

459 2366 589 2420 κη’.
622 2367 699 2437 Τῇ
742 2369 976 2442 πέμπτῃ
999 2370 1097 2422 καὶ
1126 2370 1327 2442 δεκάτῃ
1347 2372 1441 2424 τοῦ
1464 2371 1776 2440 Αὐγούστου
1797 2372 1963 2443 μηνὸς

390 2456 635 2525 συνήθως
678 2458 791 2511 τῶν
849 2459 1116 2529 βασιλέων
1178 2461 1276 2530 τὴν
1307 2462 1501 2531 ἑορτὴν
1560 2463 1803 2529 ἀγόντων
1862 2463 1964 2531 τῆς

391 2547 774 2613 μεταστάσεως
793 2548 895 2619 τῆς
928 2550 1119 2603 Ἀειπα
1129 2550 1316 2621 ρθένου
1340 2552 1434 2603 καὶ
1451 2554 1797 2625 Θεομήτορος
1814 2555 1873 2606 ἒν
1886 2552 1962 2621 τῷ

390 2638 684 2709 ωνσέπτῳ
716 2640 919 2711 ταύτης
969 2642 1113 2695 κατὰ
1148 2642 1476 2712 Βλαχέρναις
1516 2642 1649 2712 ναῷ,
1688 2645 1816 2712 περὶ
1854 2643 1962 2696 δεί-

388 2726 489 2797 λης
519 2729 679 2799 ὀψίας
725 2733 1023 2786 κατέλαϐον
1080 2735 1257 2786 ἐκεῖσε
1289 2739 1337 2786 οί
1379 2734 1488 2788 τῶν
1534 2736 1730 2805 τιμίων
1762 2738 1967 2789 τούτων

390 2819 651 2885 διάκονοι,
683 2824 777 2876 καὶ
825 2825 1062 2896 ἀπετέθη
1116 2828 1173 2878 ὲν
1203 2825 1282 2896 τῷ
1316 2824 1550 2896 ὑπερῴῳ
1576 2827 1851 2897 εὐκτηρίῳ
1874 2826 1967 2880 τοῦ

390 2912 636 2967 τοιούτου
670 2914 840 2980 ςθείου
894 2918 1025 2971 ναοῦ
1071 2920 1106 2988 ἡ
1133 2914 1277 2971 ἔνδον
1307 2918 1507 2988 ἔχουσα
1536 2917 1635 2989 τὴν
1666 2920 1851 2972 εἰκόνα
1874 2920 1969 2972 καὶ

390 3004 492 3074 τὴν
532 3006 824 3078 ἐπιστολὴν
857 3008 1109 3072 κιϐωτός.
1162 3010 1272 3063 Καὶ
1320 3009 1707 3080 προσελθόντες
1736 3012 1785 3063 oi
1818 3010 1968 3081 βασι-

2143 2366 2384 2424 XXVlll.
2416 2365 2835 2432 Quiutadecima
2876 2366 2963 2421 die
3000 2368 3233 2438 Augusti
3263 2372 3489 2437 mensis,
3518 2387 3645 2426 cum

2071 2476 2134 2515 ex
2172 2475 2323 2513 more
2351 2458 2548 2513 festum
2580 2458 2925 2528 migrationis
2954 2472 3171 2529 semper
3202 2462 3432 2530 virginis
3464 2476 3527 2515 ac
3557 2462 3649 2515 Dei

2070 2554 2261 2607 matris
2287 2551 2471 2606 Maria:
2508 2552 2562 2605 in
2594 2555 2712 2621 ejus
2739 2552 3039 2606 venerabili
3072 2553 3278 2622 templo
3304 2552 3449 2623 quod
3474 2561 3559 2609 est
3591 2556 3648 2607 in

2072 2643 2413 2709 Blacheruis,
2458 2642 2886 2713 imperatoribus
2924 2644 3168 2698 solemne
3202 2654 3499 2716 ageretur:
3537 2647 3649 2701 alto

2070 2737 2398 2805 crepusculo
2422 2752 2704 2791 sacrorum
2739 2735 3025 2805 pignorum
3056 2737 3295 2791 ministri
3322 2737 3455 2794 illuc
3484 2740 3649 2794 adve-

2071 2839 2290 2891 nerunt,
2327 2837 2490 2897 atque
2518 2830 2570 2881 in
2601 2828 2847 2897 ejusdem
2883 2829 3078 2899 templi
3124 2830 3410 2897 superiore
3450 2830 3648 2885 Orato-

2069 2921 2173 2982 rio,
2204 2936 2385 2973 arcam
2414 2922 2466 2973 iu
2492 2935 2597 2989 qua
2631 2920 2870 2988 reposita
2897 2921 3075 2992 imago
3112 2936 3175 2975 ac
3198 2922 3448 2990 epistola,
3480 2923 3621 2976 collo

2069 3018 2287 3063 caruut.
2317 3010 2763 3080 Accedentesque
2791 3011 3150 3081 imperatores
3182 3027 3300 3067 eam
3337 3022 3648 3069 reverenter

390 3091 524 3157 λεῖς,
549 3093 751 3158 ἔξωθεν
770 3097 974 3168 ταύτην
1006 3098 1319 3168 σεϐασμίως
1369 3099 1690 3168 ἠσπάσαντο
1725 3117 1961 3169 προσκυ-

2074 3116 2102 3153 a
2130 3101 2262 3155 foris
2287 3100 2392 3155 lixo
2424 3102 2585 3156 oculo
2614 3102 2933 3156 adoravere.
2972 3104 3176 3157 Deinde
3199 3105 3500 3160 honoriﬁce
3535 3104 3647 3158 fre-

390 3185 675 3253 νήσαντες.
700 3184 837 3241 Εἶτα
867 3190 1005 3259 μετὰ
1034 3190 1201 3259 τιμῆς
1231 3192 1323 3243 καὶ
1349 3191 1677 3261 δορυφορίας
1706 3193 1799 3244 καὶ
1819 3193 1959 3262 λαμ-

393 3276 575 3328 πάδων
605 3280 815 3348 συχνῶν
850 3282 988 3352 πρὸς
1042 3282 1140 3353 τὴν
1173 3282 1441 3351 βασίλειον
1488 3284 1707 3353 τρίηριν
1756 3283 1963 3356 ταύτην

390 3365 823 3438 διακομίσαντες,
893 3375 991 3427 σὺν
1048 3376 1188 3446 αὐτῇ
1239 3376 1538 3429 κατέλαϐον
1586 3377 1654 3429 τὰ
1694 3376 1959 3447 βασίλεια.

394 3457 501 3509 Καὶ
557 3460 615 3512 ὲν
659 3461 738 3531 τῷ
762 3462 891 3534 θείῳ
924 3466 1104 3517 ἐκεῖσε
1154 3466 1288 3536 ναῷ,
1347 3466 1404 3529 ὃς
1440 3468 1615 3538 Φάρος
1652 3468 1963 3538 ὠνόμασται

388 3549 542 3623 (ἴσως
574 3553 663 3607 διὰ
693 3555 756 3607 τὸ
785 3550 895 3609 οἷον
955 3557 1168 3628 ἱμάτιον
1208 3559 1462 3630 λαμπρὸν
1512 3561 1959 3615 κεκαλλωπίσθαι

389 3643 523 3696 αὐτὸ
544 3645 838 3714 περιττῶς)
878 3648 1083 3720 ταύτην
1105 3650 1391 3705 ἀπέθεντο.
1422 3651 1501 3722 Τῇ
1535 3653 1825 3725 ἱκνουμένη
1850 3654 1959 3707 τῶν

389 3734 636 3803 ἡμερῶν,
662 3737 785 3807 ἥτις
825 3739 1188 3813 ἐκκαιδεκάτη
1217 3742 1311 3795 τοῦ
1336 3744 1504 3813 μηνὸς
1528 3740 1615 3814 ἦν,
1638 3747 1757 3815 μετ’
1778 3745 1959 3809 αίδοῦς

386 3826 481 3876 καὶ
505 3824 794 3890 εὐλαϐείας
834 3829 996 3884 πάλιν
1030 3831 1121 3884 τὸν
1152 3833 1442 3903 ἀσπασμὸν
1473 3836 1567 3888 καὶ
1597 3836 1695 3906 τὴν
1721 3837 1962 3904 προσκύ-

388 3928 544 3982 νησιν
589 3916 975 3987 ποιησάμενοι,
1043 3920 1139 3973 καὶ
1167 3922 1425 3987 λαϐόντες
1463 3926 1636 3997 αὐτὴν
1665 3930 1874 3984 ἐκεῖθεν
1912 3930 1964 3983 οῖ

385 4019 447 4056 τι
502 4006 668 4076 ἱερεῖς
706 4010 802 4061 καὶ
851 4010 902 4062 ot
957 4011 1240 4077 νεάζοντες
1288 4014 1531 4082 βασιλεῖς
1573 4018 1623 4084 (ό
1651 4018 1758 4088 γὰρ
1781 4020 1961 4089 γέρων

383 4099 637 4169 οἰκουρός
662 4102 729 4153 δι’
765 4102 1051 4157 ἀσθένειαν
1095 4107 1509 4178 κατελείπετο),
1546 4110 1684 4179 μετὰ
1728 4111 1961 4183 ψαλμῶν

384 4189 481 4242 καὶ
503 4188 709 4260 ὕμνων,
748 4195 841 4247 καὶ
890 4194 1148 4264 δαψιλοῦς
1179 4198 1274 4250 τοῦ
1310 4199 1511 4267 φωτὸς,
1534 4196 1540 4201 ’
1567 4201 1657 4255 διὰ
1687 4202 1788 4273 τῆς
1827 4206 1961 4277 πρὸς

385 4280 665 4337 θάλασσαν
699 4286 927 4340 καθόδου
966 4289 1047 4349 είς
1096 4290 1197 4361 τὴν
1248 4291 1518 4361 βασίλειον
1560 4296 1778 4367 τρίηριν
1807 4293 1961 4362 αὖθις

387 4372 711 4443 ἐνθέμενοι,
768 4378 869 4447 τῆς
928 4381 1138 4445 πόλεως
1199 4384 1258 4436 ὲν
1287 4383 1404 4455 χρῷ
1458 4387 1643 4456 σχεδὸν
1680 4388 1779 4459 τὴν
1824 4393 1965 4460 εἰρε-

2070 3194 2368 3264 quentique
2393 3195 2679 3264 obsequio,
2704 3210 2767 3249 ac
2792 3195 3064 3249 lumiumn
3098 3198 3397 3265 gestatione
3425 3197 3489 3251 ad
3516 3212 3650 3266 prac-

2072 3286 2270 3340 toriam
2299 3285 2413 3355 (l8)
2447 3286 2781 3353 detulerunt,
2817 3301 2991 3355 eaque
3031 3284 3085 3339 in
3122 3286 3326 3356 regiam
3358 3298 3646 3351 venerunt,

2070 3383 2234 3443 atque
2282 3376 2336 3429 in
2386 3376 2573 3430 divino
2609 3377 2810 3446 templo
2856 3376 3000 3445 quod
3045 3375 3157 3429 illic
3179 3383 3285 3440 est,
3327 3391 3392 3439 ac
3431 3374 3645 3429 Pharus

2069 3467 2378 3538 appellatur
2405 3467 2717 3539 (propterea
2749 3469 2888 3524 forte
2916 3469 3059 3538 quod
3090 3470 3233 3524 sicut
3261 3468 3427 3522 vestis
3456 3467 3646 3537 splen-

2068 3559 2196 3614 dida
2239 3561 2292 3615 id
2326 3561 2396 3616 sit
2431 3561 2646 3631 egregie
2684 3561 2973 3630 ornatmu)
3017 3562 3192 3629 ipsam
3233 3568 3640 3629 exposuerunt.

2067 3652 2366 3721 Alteroque
2390 3653 2574 3707 statim
2605 3652 2713 3718 die,
2736 3653 2940 3707 mensis
2971 3654 3182 3706 scilicet
3222 3660 3377 3707 sexto
3407 3652 3647 3716 decimo,

2068 3745 2157 3814 pie
2203 3745 2399 3799 iterum
2448 3759 2513 3798 ac
2559 3754 2875 3799 reverenter
2911 3745 3097 3797 oscula
3148 3745 3403 3809 libantes,
3447 3745 3664 3798 adora-..

2070 3836 2219 3889 tione
2258 3833 2554 3901 perfuncti,
2610 3842 2777 3902 atque
2816 3833 2944 3886 inde
3007 3834 3282 3896 tollentes,
3330 3832 3649 3887 sacerdotes

2069 3924 2274 3995 pariter
2303 3932 2468 3993 atque
2502 3921 2757 3991 juniOres
2800 3921 3167 3989 imperatores
3196 3937 3211 3986 ;
3258 3922 3445 3975 senior
3472 3923 3644 3986 enim,

2069 4022 2215 4086 quod
2246 4031 2371 4068 eum
2416 4014 2561 4069 vires
2602 4012 2920 4078 deﬁcerent,
2964 4012 3111 4068 domi
3158 4014 3383 4067 relictus
3420 4012 3644 4079 fuerat;

2068 4122 2192 4161 cum
2238 4106 2465 4176 psalmis
2504 4113 2557 4160 et
2602 4104 2840 4159 canticis
2882 4120 2945 4158 ac
2982 4104 3207 4174 copioso
3266 4103 3495 4167 lumine,
3551 4120 3647 4174 per

2070 4197 2397 4252 descensum
2434 4196 2501 4249 ad
2546 4210 2715 4255 mare,
2752 4208 2814 4249 ea
2857 4209 3051 4248 rursus
3087 4192 3138 4245 in
3175 4193 3427 4261 pratoria
3467 4193 3646 4262 impo-

2070 4289 2205 4352 sita,
2239 4287 2304 4341 ad
2348 4287 2520 4356 ipsam
2553 4285 2790 4340 civitatis
2823 4299 2976 4339 oram
3019 4283 3261 4338 citimam
3301 4282 3644 4350 navigantes,

2070 4396 2180 4451 quo
2210 4380 2425 4435 scilicet
2456 4378 2624 4432 maris
2656 4378 2776 4446 ipso
2817 4376 3014 4429 itinere
3046 4372 3165 4427 urbi
3207 4372 3642 4427 incolumitatem

388 4462 512 4554 σίαν
546 4465 658 4535 (17)
714 4469 1053 4539 ποιούμενοι,
1112 4474 1199 4527 ἶνα
1225 4476 1424 4545 τρόπον
1450 4478 1571 4530 τινά
1625 4478 1868 4554 διασώσῃ
1902 4486 1961 4535 τὸ

2071 4480 2375 4544 praestaret,
2410 4478 2566 4524 extra
2601 4469 2719 4533 ejus
2755 4481 2999 4531 murum,
3035 4465 3129 4535 qui
3166 4471 3252 4519 est
3284 4464 3351 4517 ad
3384 4464 3643 4518 occiden-

382 4552 523 4607 ἄστυ
577 4554 665 4610 διὰ
695 4558 795 4629 τῆς
827 4559 885 4613 ὲν
920 4560 1163 4636 θαλάσσῃ
1196 4566 1421 4637 πορείας
1451 4567 1642 4638 αὐτῆς,
1685 4552 1967 4635 ἐκτὸςῂτοῦ

383 4648 527 4729 πρὸς
561 4649 712 4703 δύσιν
766 4651 984 4723 τείχους
1034 4655 1133 4725 τῆς
1176 4656 1384 4720 πόλεως
1442 4661 1965 4731 προσωρμίσθησαν,

384 4737 519 4791 ἔνθα
544 4741 642 4804 τῆς
670 4740 813 4806 νεὼς
867 4744 1152 4812 ἐκϐάντες,
1184 4746 1618 4818 πεζοποροῦντες
1644 4751 1779 4804 οἵτε
1814 4751 1968 4822 βασι-

358 4827 519 4896 νλεῖς,
544 4831 638 4883 καὶ
668 4833 871 4895 πάντες
903 4834 952 4886 οἱ
973 4835 1071 4903 τῆς
1092 4834 1384 4905 γερουσίας
1423 4837 1638 4906 βουλῆς,
1669 4840 1764 4890 καὶ
1804 4842 1830 4892 ό
1860 4840 1969 4893 τῶν

386 4917 552 4985 ιερῶν
608 4920 901 4992 κατάρχων
947 4925 1087 4992 μετὰ
1138 4924 1338 4988 παντὸς
1370 4924 1463 4977 τοῦ
1516 4926 1616 4996 τῆς
1670 4927 1963 4998 ἐκκλησίας

384 5009 781 5081 πληρώματος,
812 5017 879 5084 τῇ
922 5016 1278 5087 προσηκούσῃ
1333 5017 1651 5088 δορυφορίᾳ,
1681 5018 1755 5081 ὡς
1797 5019 1964 5090 ἄλλην

383 5102 642 5169 κιϐωτὸν,
676 5106 877 5176 μᾶλλον
906 5107 962 5160 δὲ
997 5108 1089 5160 καὶ
1125 5108 1266 5178 ὑπὲρ
1310 5109 1536 5179 ταύτην,
1567 5111 1627 5163 τὸ
1655 5110 1761 5164 τῶν
1790 5112 1961 5179 ἁγιω-

380 5196 563 5249 τάτων
594 5198 690 5250 καὶ
720 5198 918 5268 τιμίων
953 5200 1189 5270 φρουρὸν
1220 5199 1411 5263 σκεῦος
1436 5200 1819 5271 παρέπεμπον.
1854 5202 1963 5255 Καὶ

380 5287 451 5340 τὰ
484 5289 638 5352 ἐκτὸς
670 5289 765 5343 τοῦ
814 5291 1026 5361 τείχους
1061 5292 1222 5364 μέχρι
1252 5294 1351 5362 τῆς
1389 5292 1617 5363 Χρυσῆς
1660 5290 1961 5355 διελθόντες

379 5378 578 5448 πύλης,
607 5376 726 5433 εἶτα
751 5382 959 5435 ἐκεῖθεν
990 5383 1139 5445 ἐντὸς
1165 5384 1448 5451 γεγονότες
1468 5382 1560 5435 τοῦ
1587 5382 1797 5445 ἄστεος,
1820 5383 1957 5451 μετὰ

386 5472 681 5547 μετεώρων
710 5473 1038 5544 ψαλμῳδιῶν
1070 5475 1163 5528 καὶ
1192 5474 1376 5544 ὓμνων
1409 5474 1502 5528 καὶ
1520 5472 1674 5541 ᾠδῶν
1706 5489 1952 5542 πνευμα-

2069 4575 2175 4620 tem
2220 4563 2574 4633 appulerunt.
2616 4559 2738 4626 Quo
2782 4559 2901 4613 loco
2948 4573 3085 4611 nave
3132 4557 3374 4626 egressi,
3411 4554 3642 4624 pedabus

2067 4664 2181 4709 tum
2227 4655 2331 4722 ipsi
2366 4654 2749 4721 imperatores,
2795 4659 2908 4703 tum
2954 4657 3179 4703 senatus
3237 4647 3418 4700 omnis
3479 4652 3644 4713 atque

2067 4760 2352 4799 sacrorum
2412 4744 2670 4803 antistes,
2712 4741 3005 4809 omnisque
3043 4739 3291 4793 ecclesia:
3340 4747 3536 4802 cactus,
3577 4751 3644 4789 eo

2068 4850 2180 4904 quo
2210 4850 2305 4903 par
2340 4841 2459 4887 erat
2498 4831 2760 4885 comitatu
2791 4827 3092 4898 prosecuti,
3145 4835 3405 4893 tanquam
3460 4837 3640 4876 arcam

2067 4928 2253 4991 aliam,
2300 4940 2395 4979 seu
2432 4924 2614 4993 potius
2656 4936 2770 4977 rem
2797 4934 2924 4974 arca
2968 4918 3335 4988 superiorem,
3375 4929 3469 4968 vas
3507 4912 3638 4965 illud

2066 5032 2175 5087 quo
2213 5015 2563 5069 sanctissima
2594 5028 2659 5067 ac
2691 5010 3022 5065 venerabilia
3057 5008 3337 5062 recondita
3386 5006 3634 5073 pignora,

2066 5107 2431 5165 deducebant.
2479 5102 2829 5172 Emensaque
2867 5110 3020 5155 extra
3070 5113 3255 5152 muros
3299 5097 3366 5150 ad
3402 5097 3636 5150 Auream

2069 5212 2244 5267 usque
2281 5204 2494 5265 portam
2537 5192 2752 5253 itinere.
2790 5201 3015 5259 tumque
3049 5188 3174 5242 inde
3208 5188 3260 5241 in
3288 5186 3481 5240 urbem
3509 5187 3640 5241 sub-

2065 5297 2282 5353 euntes,
2320 5287 2433 5341 alto
2466 5284 2800 5355 psalmorum
2837 5291 2893 5337 et
2923 5281 3262 5337 canticorum
3306 5278 3639 5345 laudumque

2067 5380 2394 5447 spiritalium
2426 5392 2564 5433 sono
2593 5385 2757 5447 atque
2782 5375 3043 5446 tripudio,
3082 5374 3404 5441 inﬁnitaque
3432 5371 3640 5438 lampa-

2064 5470 2191 5523 dum
2218 5470 2444 5533 lumine,
2468 5468 2643 5538 plebis
2668 5468 2935 5523 universa:
2958 5480 3232 5522 concursu
3253 5463 3637 5520 deductionem

1893 5652 1935 5705 Ν
1939 5651 2095 5707 ΟΤΑΞ
2108 5692 2119 5705 .

448 5749 563 5818 (17)
598 5746 833 5819 ἑρεσίαν.

2139 5746 2247 5818 (18)
2281 5746 2601 5803 Triretnem.
