4084 6208
441 306 542 372 όὸὶ

1442 283 1826 348 CONSTANT
1837 283 1946 342 [Nl
1977 278 2534 340 PORPHYRO’JEN
2546 277 2650 338 [TI

3589 273 3700 337 452

443 423 812 485 celebrantes,
844 433 940 488 per
977 411 1210 468 mediam
1238 405 1517 464 civitatem
1557 405 1662 458 iter
1695 407 2014 462 tenuerunt,

2137 398 2311 463 ςικῶν,
2342 397 2438 452 καὶ
2469 395 2696 466 ἀπείρου
2729 393 3030 464 λαμπάδων
3079 392 3256 463 φωτὸς
3287 391 3384 464 τὴν
3417 391 3703 464 πάνδημον

441 525 566 566 cum
598 526 664 564 eo
683 507 934 561 videlicet
965 501 1113 555 cultu
1139 494 1559 567 impertiendam
1583 493 1864 547 civitatem
1888 505 2020 544 san-

444 602 632 656 ctitate
687 611 751 651 ac
800 591 1181 664 praestantiore
1222 589 1438 652 robore,
1478 585 1921 651 incolumemque
1963 579 2016 633 in

439 704 614 746 avum
636 695 690 742 et
724 682 1202 755 inexpugnabilem
1237 679 1562 735 servandam
1597 677 2016 734 arbitrarentur.

447 783 606 836 Plebe
641 788 824 833 autem
866 777 1076 830 urbana
1113 789 1209 843 per
1247 775 1384 844 lueis
1420 772 1590 826 ferias
1632 771 1698 823 ad
1730 779 2020 841 speetacn-

444 872 557 923 lum
607 877 990 930 concurrente,
1054 864 1364 934 populoque
1421 862 1660 929 undique
1717 862 2019 940 ingentium

447 963 709 1014 ﬂuctuum
763 975 914 1012 more
957 959 1296 1028 glomerante
1349 969 1414 1009 ac
1469 952 1802 1020 conﬂuente,
1855 954 2024 1009 homo

445 1052 668 1121 quidam
703 1052 816 1120 jam
845 1051 974 1104 olim
1010 1047 1346 1118 paralyticus
1381 1053 1548 1114 atque
1583 1046 1854 1110 inlirmus,
1887 1060 2024 1100 suo-

446 1158 565 1195 rum
597 1141 819 1194 lacertis
847 1143 1008 1194 nixus
1039 1152 1348 1202 servorum,
1380 1134 1625 1190 videndae
1675 1151 1846 1192 causa
1883 1137 2024 1192 divi-

448 1250 530 1288 tire
587 1233 840 1301 imaginis
890 1229 1195 1284 assurrexit
1221 1245 1250 1291 ;.
1304 1242 1542 1296 moxque
1601 1229 1722 1296 ejus
1779 1237 2022 1297 aspectu,

449 1341 590 1378 novo
615 1324 976 1392 inauditoque
998 1321 1266 1374 miraculo
1290 1335 1461 1374 sanus
1481 1318 1723 1383 eil‘eetus,
1745 1335 1807 1373 ac
1828 1319 2022 1389 pedum

452 1431 678 1472 suorum
731 1415 891 1468 bases
929 1410 1304 1466 consolidatas
1340 1410 1672 1480 intelligens,
1715 1410 1832 1478 ipse
1871 1410 2026 1479 pedi-

448 1510 550 1562 lms
600 1505 889 1560 ambulans
939 1502 1204 1565 accurrit,
1257 1512 1421 1570 atque
1463 1502 1718 1572 imaginis
1757 1502 2025 1556 cistellam

447 1598 799 1658 exosculans,
854 1593 1141 1663 magniﬁce
1191 1593 1358 1649 Deum
1407 1595 1745 1663 praedicavit,
1787 1609 2023 1649 narrans

448 1686 591 1754 quod
625 1686 678 1737 in
704 1699 762 1738 se
793 1681 998 1736 factum
1039 1685 1219 1735 fuerat
1249 1683 1572 1736 miraculum
1612 1697 1627 1734 :
1659 1698 1895 1752 eumque
1931 1683 2022 1752 qui

449 1775 680 1830 aderant
705 1786 892 1825 omnes
918 1771 1248 1838 conspicati,
1275 1771 1505 1840 ejusque
1531 1770 1734 1826 auditis
1759 1771 2031 1827 sermoni.

451 1867 574 1928 bus,
606 1865 718 1918 Deo
751 1863 843 1931 qui
883 1873 966 1916 est
996 1878 1161 1930 super
1195 1861 1375 1914 omnia
1406 1875 1734 1928 semperque
1763 1860 2030 1915 mirabilia

452 1955 582 2012 fecit
602 1971 667 2009 ac
698 1954 990 2024 stupenda,
1017 1952 1231 2006 laudem
1257 1952 1658 2024 submiserunt.

524 2133 715 2188 XXIX.
739 2133 913 2187 Tanta
943 2147 1105 2202 porro
1141 2147 1252 2202 pra:
1283 2131 1466 2198 gaudii
1501 2131 1880 2202 magnitudine
1906 2130 2029 2186 fusa

454 2228 826 2297 lacrymarum
875 2227 978 2289 vis,
1029 2233 1138 2277 tam
1180 2225 1365 2277 multa:
1415 2225 1480 2276 ad
1528 2223 1694 2277 Deum
1743 2238 1931 2294 preces
1979 2231 2033 2277 et

456 2320 756 2388 gratiarum
805 2317 1074 2377 actiones,
1121 2327 1246 2370 vota
1301 2316 1567 2378 tanta_ab
1616 2316 1765 2370 omni
1814 2315 2034 2369 civitate

457 2426 580 2464 cum
623 2409 739 2478 ipsa
787 2408 964 2462 media
1012 2406 1124 2478 (l9)
1175 2407 1361 2460 divina
1397 2409 1577 2477 imago
1617 2416 1669 2462 et
1706 2405 2035 2461 venerabilis

456 2502 690 2570 epistola
724 2501 1043 2562 transirent,
1075 2508 1132 2551 nt
1162 2499 1308 2553 nulla
1335 2499 1622 2553 verborum
1656 2498 1704 2551 vi
1734 2513 2032 2566 repraesen-

460 2592 561 2644 tari
601 2589 847 2657 possint;
876 2591 1022 2658 quod
1053 2589 1314 2643 nimirum
1348 2589 1466 2656 ipso
1501 2587 1658 2657 longe
1681 2598 1901 2656 aspectu
1935 2601 2034 2640 au-

459 2681 610 2734 ditus
650 2679 879 2733 inferior
906 2679 999 2732 sit.
1045 2676 1152 2731 lies
1189 2679 1334 2732 enim
1373 2677 1602 2732 eximias
1643 2667 1824 2731 videre
1871 2693 2033 2747 quam

371 2803 381 2808 ι
456 2773 649 2827 audire
679 2781 922 2842 praestat,
966 2771 1112 2842 quod
1143 2771 1321 2825 oratio
1361 2770 1590 2824 minoris
1615 2785 1777 2840 quam
1818 2785 1913 2838 pro
1948 2785 2032 2823 re-

459 2879 580 2917 rum
614 2862 882 2934 dignitate
906 2877 1027 2919 esse
1056 2862 1250 2917 soleat.
1270 2862 1404 2916 Cum
1433 2876 1562 2932 ergo
1583 2861 1649 2914 ad
1681 2860 1856 2915 forum
1885 2860 2029 2931 quod

457 2962 586 3010 ante
626 2953 963 3024 Augusteum
1023 2963 1126 3020 est,
1170 2953 1451 3009 venissent
1502 2953 1596 3023 qui
1649 2952 1813 3022 hujus
1861 2953 2032 3008 duces

2125 489 2557 560 συγκροτοῦντες
2607 485 2965 557 προπομπὴν,
3019 485 3109 539 διά
3141 484 3314 555 μέσης
3373 485 3473 554 τῆς
3499 484 3706 549 πόλεως

2123 581 2221 652 τὴν
2243 581 2467 650 πορείαν
2487 579 2701 647 διήνυον
2719 593 2731 606 ·
2760 574 3036 646 ἀγιασμοῦ
3061 575 3388 644 μεταλαϐεῖν
3413 575 3508 630 καὶ
3528 577 3707 648 κρείτ-

2122 689 2270 735 τονος
2303 671 2525 732 σθένους
2557 670 2656 738 τὴν
2705 669 2862 722 πόλιν
2895 667 2986 720 διὰ
3009 667 3168 722 τοῦτο
3207 668 3579 730 πιστεύοντες.
3614 670 3705 722 καὶ

2123 764 2335 833 ἀϐλαϐῆ
2365 763 2458 815 xui.
2508 761 2816 832 ἀπόρθητον
2849 761 2929 823 είς
2972 760 3065 814 τὸν
3090 759 3266 814 αἰῶνα
3297 761 3706 833 συντηρηθήσε-

2127 855 2399 912 σθαι.Τοῦ
2422 855 2480 911 δὲ
2508 852 2861 924 σχολάζοντος
2887 852 3045 924 ὄχλου
3088 852 3224 924 πρὸς
3277 853 3375 925 τὴν
3417 853 3545 907 θέαν
3585 871 3706 908 συν·

2125 949 2430 1020 τρέχοντος,
2488 946 2583 999 καὶ
2642 945 2832 1015 ὥσπερ
2887 944 3108 1014 κύματα
3147 945 3356 1014 μακρά,
3409 944 3504 998 τοῦ
3533 945 3703 1014 δήμου

2128 1040 2463 1110 πανταχόθεν
2495 1036 2818 1105 κινουμένου
2844 1053 2904 1089 τε
2928 1037 3023 1090 καλ⁸
3053 1036 3396 1108 συρρέοντος,
3421 1035 3705 1106 ἄνθρωπός

2124 1150 2210 1195 τις
2236 1133 2332 1193 τὰς
2362 1131 2547 1202 βάσεις
2585 1128 2938 1200 παρειμένος,
2973 1129 3067 1183 καὶ
3103 1128 3334 1200 ἀσθενὴς
3363 1129 3472 1181 ἀπὸ
3509 1127 3702 1198 χρόνου

2131 1224 2368 1296 μακροῦ,
2402 1227 2512 1284 τοῖς
2539 1223 2762 1284 οἰκείοις
2795 1221 3064 1285 διακόνοις
3104 1221 3517 1291 ἐπερειδόμενος
3560 1220 3708 1273 διαν-

2132 1316 2265 1387 έστη
2298 1304 2431 1386 πρὸς
2450 1315 2508 1368 τὸ
2535 1314 2631 1385 τὴν
2649 1314 2799 1366 Θείαν
2822 1313 3010 1367 εἰκόνα
3037 1313 3389 1384 διερχομένην
3427 1312 3577 1368 ἰδεῖν.
3596 1313 3708 1366 Καὶ

2129 1411 2244 1480 ἅμα
2265 1412 2332 1480 τῇ
2368 1409 2467 1478 θέα⁴
2496 1405 2814 1477 παραδόξως
2840 1406 3140 1475 ὑγιασθεὶς,
3172 1407 3265 1460 καὶ
3290 1407 3450 1475 γνοὺς
3490 1408 3708 1475 ἰσχυρο-

2131 1501 2424 1569 ποιηθέντα
2471 1498 2580 1551 τῶν
2633 1497 2842 1567 βάσεων
2870 1495 3035 1551 αὑτοῦ
3065 1498 3132 1550 τά
3162 1497 3360 1568 σφυρά,
3401 1498 3709 1568 προσέδραο

2135 1611 2232 1663 μεν
2283 1592 2542 1647 αύτοποδὶ
2576 1589 2827 1660 βαδίζων,
2882 1590 2975 1642 καὶ
3029 1590 3412 1659 κατησπάζετο
3468 1587 3568 1658 τὴν
3610 1589 3709 1657 τῆς

2133 1684 2340 1745 εἰκόνος
2369 1681 2549 1751 σορόν,
2580 1682 2675 1733 καί⁵
2711 1679 3016 1750 ὲμεγάλυνε
3054 1678 3148 1732 τὸν
3171 1679 3324 1745 Θεὸν,
3347 1679 3408 1732 τὸ
3435 1678 3623 1748 θαῦμα
3649 1680 3709 1730 τὸ

2138 1779 2224 1831 ἐπ’
2252 1778 2399 1847 αὐτῷ
2428 1777 2806 1848 διηγούμενος,
2857 1776 2919 1829 ὃν
2948 1777 2998 1829 οἰ
3053 1776 3436 1847 συμπαρόντες
3473 1775 3710 1838 ἅπαντες

2138 1868 2488 1937 θεασάμενοι,
2523 1867 2618 1920 καὶ
2648 1865 2756 1918 τῶν
2793 1865 3053 1936 ῥημάτων
3082 1865 3247 1920 αὐτοῦ
3284 1867 3708 1929 ἐπακούσαντες,

2136 1960 2291 2025 δόξαν
2314 1957 2647 2028 ἀπέπεμψαν
2675 1957 2752 2028 τῷ
2786 1957 2878 2012 ἐπὶ
2925 1957 3147 2011 πάντων
3177 1956 3316 2027 Θεῷ,
3363 1957 3442 2028 τῷ
3465 1956 3710 2010 ποιοῦντι

2138 2054 2224 2104 ἀεὶ
2257 2051 2540 2121 θαυμάσια
2570 2052 2665 2105 καὶ
2695 2050 2927 2115 ἐξαίσια.

2210 2144 2340 2198 KG’.
2393 2142 2644 2213 Τοσαύτη
2697 2143 2753 2197 δὲ
2779 2143 2933 2213 χύσις
2954 2142 3208 2213 δακρύων
3253 2143 3344 2213 ὑφ’
3370 2142 3586 2212 ἡδονῆς,
3619 2142 3710 2195 καὶ

2139 2237 2404 2307 πρεσϐεία
2431 2237 2524 2291 καὶ
2561 2238 2745 2307 δέησις
2775 2237 2910 2305 πρὸς
2932 2236 3068 2290 Θεὸν
3095 2236 3191 2290 καὶ
3221 2237 3537 2308 εὐχαριστία
3562 2243 3710 2305 παρα

2139 2331 2319 2400 πάσης
2363 2330 2463 2399 τῆς
2514 2330 2722 2393 πόλεως
2773 2328 2990 2398 γέγονε,
3023 2329 3123 2399 τῆς
3161 2328 3312 2392 θείας
3360 2327 3566 2390 εἰκόνος
3617 2327 3711 2378 καὶ

2137 2421 2235 2488 τῆς
2266 2420 2568 2490 σεϐασμίας
2597 2420 2891 2490 ἐπιστολῆς
2919 2419 3007 2472 διά
3037 2420 3204 2490 μέσου
3227 2419 3592 2489 διερχομένων
3617 2416 3708 2486 τοῦ

2138 2510 2349 2576 ἄστεος,
2379 2512 2510 2582 ὅσην
2526 2512 2626 2566 οὐκ
2650 2511 2727 2564 ἔνι
2753 2511 2897 2581 λόγῳ
2919 2510 3274 2576 ἐνδείξασθαι,
3301 2511 3377 2573 ὼς
3399 2508 3709 2579 ἡττωμένου

2138 2603 2230 2654 τοῦ
2267 2601 2426 2670 λόγου
2449 2603 2545 2672 τῆς
2577 2602 2772 2671 ὅψεως.
2810 2602 2891 2654 Τά
2920 2603 3029 2670 γὰρ
3058 2602 3364 2673 ὑπερϐολήν
3387 2601 3575 2671 ἔχοντα
3604 2600 3710 2653 τῶν

2139 2693 2505 2764 πραγμάτων,
2535 2694 2666 2764 ὁρᾷν
2692 2692 2840 2746 ἔστιν
2868 2692 3069 2762 μᾶλλον
3117 2692 3148 2762 ἢ
3175 2691 3414 2755 ἀκούειν,
3441 2693 3561 2744 ἐπεὶ
3584 2707 3712 2742 κατ-

2141 2787 2266 2838 όπιν
2296 2789 2324 2838 ὁ
2366 2785 2522 2852 λόγος
2567 2784 2674 2836 τῶν
2703 2785 3046 2854 πραγμάτων
3073 2784 3263 2837 εἴωθεν
3296 2782 3570 2854 ἔρχεσθαι.
3602 2781 3711 2850 Τὴν

2141 2877 2246 2944 πρὸ
2261 2875 2355 2929 τοῦ
2379 2875 2748 2944 Αύγουστείου
2770 2877 2948 2929 τοίνυν
2983 2874 3289 2943 φθάσαντες
3311 2874 3515 2944 ἀγορὰν
3542 2875 3591 2926 οἰ
3616 2873 3711 2942 τῆς

2141 2969 2500 3038 πανηγύρεως
2547 2967 2787 3038 έξαρχοι,
2826 2967 2920 3020 καὶ
2953 2966 3054 3035 τῆς
3100 2966 3315 3029 εὐθείας
3365 2963 3483 3018 ὁδοῦ
3519 2964 3712 3034 μικρὸν

378 3072 381 3075 -
459 3059 668 3114 pompze
693 3049 873 3109 erant,
900 3051 1061 3112 atque
1085 3057 1114 3096 a
1142 3050 1298 3096 recta
1343 3041 1623 3113 paululum
1652 3042 1719 3096 ad
1749 3041 2030 3096 sinistram

2140 3059 2274 3131 πρὸς
2306 3060 2374 3112 τά
2434 3057 2563 3110 λαιὰ
2588 3057 3084 3128 παρεκνεύσαντες.
3130 3057 3192 3110 τὸ
3223 3059 3320 3126 τῆς
3350 3055 3546 3124 Σοφίας
3575 3053 3709 3107 Θεοῦ

459 3133 852 3198 declinassent,
903 3131 971 3186 ad
1006 3131 1427 3188 celeberrimum
1472 3131 1568 3186 Dei
1611 3130 1905 3201 Sapientiae
1947 3147 2036 3186 sa-

459 3242 616 3280 crum
644 3226 930 3281 delubrum
961 3224 1211 3290 veniunt,
1236 3235 1400 3296 atque
1424 3225 1569 3279 intra
1594 3224 1880 3296 adyterum
1906 3238 2035 3294 pro-

463 3318 798 3388 pitiatorium
821 3317 1191 3374 venerabilem
1217 3317 1508 3389 imaginem
1531 3331 1596 3372 ac
1617 3316 1907 3386 epistolam
1935 3315 2033 3370 de-

459 3418 690 3481 ponunt.

532 3521 703 3578 XXX.
755 3519 856 3576 llic
885 3520 978 3575 ubi
1007 3519 1296 3575 adorasset
1333 3519 1581 3574 ecclesite
1622 3519 1802 3575 omnis
1837 3529 2034 3583 coetus,

464 3630 529 3668 ac
558 3629 719 3683 quem
746 3626 842 3682 par
870 3622 990 3668 erat
1013 3615 1276 3669 honorem
1295 3613 1612 3682 cultumque
1630 3612 2034 3677 adhibuissent;

465 3706 591 3762 inde
632 3720 828 3761 rursus
866 3706 1069 3776 egressi
1107 3705 1199 3775 qui
1239 3720 1411 3761 saera:
1448 3706 1685 3760 sarcinae
1731 3706 2036 3775 gestatione

467 3812 788 3866 processum
814 3796 1112 3862 habebant,
1140 3804 1304 3865 atque
1327 3795 1395 3850 ad
1424 3795 1630 3865 regiam
1651 3795 1954 3859 venientes,
1981 3795 2034 3848 iu

463 3903 630 3943 aureo
664 3887 810 3958 quod
847 3895 1044 3941 vocant
1091 3885 1377 3952 Triclinio,
1420 3887 1473 3940 in
1506 3886 1713 3941 throno
1762 3886 1938 3956 regio,
1980 3885 2035 3940 in

465 3997 576 4052 quo
620 3981 688 4036 de
737 3981 902 4036 rebus
939 3980 1194 4034 maximis
1242 3979 1574 4049 respondere
1609 3983 2036 4041 consueverunt,

467 4072 712 4126 divinam
749 4071 1019 4126 hactenus
1053 4070 1345 4138 imaginem
1368 4069 1642 4125 collocant
1671 4084 1686 4121 :
1718 4069 1822 4123 hoc
1846 4081 2040 4136 nempe

467 4178 575 4217 non
606 4162 882 4216 immerito
913 4160 1316 4222 existimantes,
1352 4158 1703 4228 imperatoris
1738 4159 1916 4227 ipsum
1945 4172 2039 4214 so-

468 4255 613 4321 lium
643 4254 871 4308 omnino
899 4269 965 4307 ex
1007 4265 1071 4306 ea
1101 4251 1393 4306 sanctitate
1425 4250 1799 4316 imbuendum,
1835 4265 1900 4304 ac
1924 4249 2039 4306 fore

469 4357 530 4403 ut
552 4351 606 4402 in
625 4363 692 4402 eo
708 4346 948 4402 sessuris
967 4345 1234 4414 justitiam
1261 4344 1426 4399 simul
1443 4354 1494 4398 et
1519 4344 1796 4398 lenitatem
1823 4343 2040 4399 abunde

473 4444 786 4506 pra-staret.
825 4437 1048 4492 lntensa
1077 4452 1206 4491 vero
1253 4435 1577 4506 prolixaque
1621 4451 1686 4489 ex
1728 4451 1879 4490 more
1917 4451 2042 4494 ora-

470 4532 618 4582 tione
652 4529 858 4592 habita,
902 4537 1066 4598 atque
1094 4542 1156 4582 ea
1185 4527 1479 4596 completa,
1515 4527 1646 4581 hinc
1681 4542 1876 4582 rursus
1905 4529 2040 4582 sub-

480 4620 590 4672 lata
629 4620 813 4672 divina
843 4619 1044 4688 imago,
1076 4629 1239 4688 atque
1269 4619 1322 4672 in
1350 4635 1417 4673 eo
1444 4619 1590 4689 quod
1613 4618 1856 4676 diximus
1879 4619 2042 4674 Phori

471 4710 700 4777 templo,
744 4709 798 4762 in
835 4710 1060 4764 dextera
1093 4719 1244 4780 parte
1273 4726 1395 4776 qute
1435 4710 1614 4781 vergit
1644 4711 1711 4765 ad
1752 4713 2042 4776 orientem,

472 4809 796 4853 consecrata
821 4799 924 4854 fuit
953 4816 1016 4856 ac
1044 4803 1280 4871 reposita
1317 4801 1380 4853 ad
1417 4801 1655 4856 ﬁdelium
1689 4803 1944 4872 gloriam,
1977 4803 2044 4857 ad

473 4891 783 4946 custodiam
856 4894 1268 4962 imperatorum,
1337 4893 1619 4962 totiusque
1677 4894 1918 4950 civitatis
1981 4910 2046 4949 ac

474 4982 800 5037 Christianae
827 4984 1140 5053 rcipuhlira:
1175 4984 1527 5039 securitatem
1551 4999 1614 5038 ac
1637 4993 1901 5039 tutamen.

546 5072 740 5128 XXXI.
779 5073 907 5135 Sed,
933 5089 966 5128 o
991 5073 1176 5128 divina
1206 5074 1552 5130 invariahilis
1579 5073 1764 5130 Patris
1789 5075 2049 5130 similitu-

475 5165 622 5220 dinis
677 5165 980 5220 similitudo
1025 5180 1090 5218 ac
1139 5164 1379 5234 elligies;
1420 5181 1454 5220 ο
1500 5168 1673 5236 ligura
1705 5165 1826 5236 ejus
1860 5167 1953 5236 qui
1988 5166 2048 5220 [i-

476 5271 610 5327 gura
642 5267 725 5312 est
753 5255 998 5311 Paternae
1021 5257 1367 5324 substantiae;
1394 5273 1427 5313 o
1451 5259 1760 5313 venerabile
1791 5260 2050 5327 omnique

479 5348 687 5404 honore
743 5347 1189 5417 prosequendum
1246 5348 1513 5419 principis
1571 5347 1790 5403 deroris
1841 5348 2048 5403 Christi

480 5438 574 5495 Dei
621 5440 796 5496 nostri
842 5439 1188 5511 signaculum
1231 5457 1242 5490 :
1280 5441 1424 5494 velat
1464 5440 1608 5494 enim
1657 5455 1780 5494 cum
1827 5455 1884 5494 re
1927 5441 2045 5492 ani—

2145 3149 2432 3219 ὲπώνυμον
2466 3148 2608 3218 ἰερδν
2643 3148 3128 3218 καταλαμϐάνουσι
3157 3149 3413 3217 τέμενος,
3463 3147 3558 3200 καὶ
3604 3146 3714 3200 τῶν

2145 3245 2356 3299 ἀδύτων
2380 3241 2474 3295 τοῦ
2507 3241 2821 3313 ἰλαστηρίου
2849 3242 2999 3305 ἐντὸς
3028 3242 3129 3310 τὴν
3154 3241 3343 3312 τιμίαν
3391 3241 3574 3294 εἰκόνα
3617 3240 3715 3292 καὶ

2143 3341 2242 3411 τὴν
2270 3339 2558 3409 ἐπιστολὴν
2584 3337 2954 3393 ἀποτίθενται.

2217 3523 2296 3575 A'.
2338 3521 2599 3576 Ἐνταῦθα
2620 3522 2676 3576 δὲ
2707 3521 2908 3584 παντδς
2929 3521 3023 3573 τοῦ
3047 3522 3147 3590 τῆς
3175 3520 3472 3591 ἐκκλησίας
3494 3519 3714 3590 πληρῶ-

2150 3631 2318 3685 ματος
2352 3616 2853 3684 προσκυνήσαντος,
2904 3612 2998 3666 καὶ
3037 3612 3109 3665 τά
3137 3612 3324 3666 εἰκότα
3361 3617 3711 3682 τιμήσαντος,

2146 3705 2374 3774 ἐξῆλθον
2407 3706 2568 3760 ⁴τιάλιν
2602 3705 2813 3758 ἐκεῖθεν
2835 3704 2975 3775 μετὰ
3006 3704 3097 3757 τοῦ
3137 3704 3337 3775 φόρτου
3368 3704 3462 3757 τοῦ
3490 3703 3635 3776 ἰεροῦ
3667 3706 3714 3756 οἰ

2145 3799 2427 3862 τελοῦντες
2448 3798 2548 3869 τὴν
2578 3799 2825 3870 πρόοδον,
2856 3799 2951 3851 καὶ
2995 3797 3066 3850 τὰ
3099 3798 3208 3880 τῷν
3229 3785 3520 3868 βασιλείων
3553 3815 3720 3851 κατα-

2145 3891 2402 3954 λαϐόντες
2418 3891 2714 3962 ἀνάκτορα,
2751 3892 2810 3944 έν
2836 3889 2914 3961 τῷ
2954 3889 3076 3944 κατ’
3116 3891 3435 3960 ἐπωνυμίαν
3462 3890 3718 3960 τρικλίνῳ

2145 3985 2332 4056 χρυσῷ
2361 3985 2456 4037 ἐπὶ
2485 3984 2579 4038 τοῦ
2615 3983 2889 4055 βασιλείου
2921 3983 3133 4056 θρόνου,
3169 3985 3226 4037 ἐν
3259 4001 3303 4052 ῳ
3328 3983 3588 4053 περὶτῶν
3619 3999 3718 4051 με-

2147 4078 2352 4144 γίστων
2384 4077 2744 4148 χρηματίζειν
2774 4076 3020 4141 εἰώθασι,
3065 4077 3166 4146 τὴν
3199 4075 3346 4129 θείαν
3372 4075 3554 4128 εἰκόνα
3578 4074 3716 4139 τέως

2151 4167 2422 4238 ἱδρύουσιν
2442 4184 2457 4199 ·
2487 4168 2816 4238 ἀγιασθῆναι
2855 4168 3074 4232 πάντως
3101 4171 3195 4223 καὶ
3231 4168 3329 4238 τὴν
3351 4166 3718 4239 ἀνακτορικὴν

2151 4259 2445 4329 καθέδραν,
2494 4260 2588 4313 καὶ
2639 4259 2986 4331 δικαιοσύνης
3046 4259 3183 4330 ὁμοῦ
3227 4264 3318 4312 καὶ
3351 4259 3720 4330 χρηστότητος

2148 4352 2407 4414 ἐπιεικῶς
2439 4350 2754 4422 μεταδοῦναι
2793 4353 2907 4415 τοϊς
2957 4351 3051 4405 ὲπὶ
3107 4350 3314 4421 ταύτης
3345 4351 3719 4419 ὲφεζομένοις,

2067 4430 2122 4489 ἶ)
2149 4445 2250 4498 οὐκ
2280 4444 2585 4506 ἀπεικότως
2605 4442 3012 4505 πιστεύσαντες.
3072 4442 3358 4506 Ἐκτενοῦς
3388 4443 3443 4496 δὲ
3475 4441 3722 4513 συνήθως

2151 4537 2440 4607 γεγονυίας
2467 4537 2727 4606 δεήσεως,
2754 4536 2896 4607 ήρθη
2933 4536 3071 4606 μετά
3102 4536 3202 4604 τὴν
3231 4535 3438 4606 ταύτης
3471 4535 3723 4606 συμπλή-

2101 4617 2106 4620 ’
2157 4644 2323 4698 ρωσιν
2354 4626 2604 4681 ἐντεῦθεν
2627 4627 2789 4682 πάλιν
2819 4628 2852 4697 ή
2877 4626 2995 4680 θεία
3033 4626 3219 4689 εἰκὼν,
3246 4628 3341 4680 καὶ
3373 4628 3431 4679 ἐν
3463 4627 3540 4697 τῷ
3560 4628 3722 4698 προρ-

2155 4716 2375 4787 ῥηθέντι
2411 4716 2505 4770 τοῦ
2539 4718 2720 4788 Φάρου
2761 4715 2893 4786 ναῷ,
2928 4717 2986 4771 έν
3010 4715 3088 4786 τῷ
3110 4716 3270 4788 δεξιῷ
3297 4716 3435 4786 πρὸς
3461 4715 3725 4779 ἀνατολὰς

2153 4808 2436 4879 ἁφιερώθη
2467 4807 2562 4862 καὶ
2594 4808 2821 4878 ἀνετέθη
2875 4809 3054 4880 μέρει,
3099 4809 3181 4872 εἰς
3205 4808 3364 4872 δόξαν
3387 4809 3613 4875 πιστῶν,
3645 4809 3727 4871 εἰς

2155 4899 2404 4968 φυλακὴν
2436 4899 2717 4969 βασιλέων,
2758 4900 2852 4952 καὶ
2887 4900 2968 4963 εἰς
3000 4898 3308 4969 ἀσφάλειαν
3342 4900 3473 4970 ὅλης
3510 4899 3608 4970 τῆς
3631 4899 3728 4952 πό.

2153 4991 2312 5054 λεως,
2335 4992 2546 5060 καὶτῆς
2577 4992 2684 5044 τῶν
2713 4991 3060 5061 Χριστιανῶν
3087 4992 3499 5054 καταστάσεως.

2222 5079 2349 5138 AA'.
2395 5082 2557 5149 Ἀλλ’,
2598 5076 2644 5136 ὦ
2693 5083 2834 5136 θεῖον
2862 5084 3114 5153 ὁμοίωμα
3165 5083 3260 5136 τοῦ
3307 5081 3728 5155 ἀπαραλλάκτου

2156 5174 2369 5244 Harpe;
2427 5173 2804 5244 όμοιὼματοςί
2859 5167 2905 5227 ὦ
2946 5173 3234 5244 χαρακτὴρ
3251 5173 3348 5226 τοῦ
3385 5173 3732 5244 χαρακτῆρος

2156 5266 2254 5334 τῆς
2313 5265 2596 5335 Πατρικῆς
2651 5255 3038 5328 ὑποστάσεωςε
3074 5258 3120 5319 ὦ
3150 5263 3323 5336 σεπτή
3379 5266 3473 5317 καὶ
3493 5265 3729 5333 πάντιμε

2161 5358 2399 5426 σφραγὶς
2445 5357 2540 5411 τοῦ
2595 5358 2906 5427 ἀρχετύπου
2937 5357 3166 5420 κάλλους
3193 5356 3431 5429 Χριστοῦ
3461 5357 3556 5411 τοῦ
3594 5353 3732 5409 Θεοῦ

2153 5447 2340 5516 ἠμῶιί
2370 5447 2465 5516 (ὡς
2495 5447 2601 5519 γὰρ
2623 5450 2645 5500 ὲ
2656 5447 2852 5520 μψύχῳ
2879 5465 2962 5502 σοι
2989 5448 3194 5514 πιστῶς
3217 5448 3561 5522 διαλέγομαι)
3592 5446 3735 5511 σῶζε

1979 5615 2213 5673 NOTAE.

551 5706 666 5782 (l9)
698 5709 802 5764 Per
826 5711 1059 5769 mediam
1093 5718 1303 5772 urbem.
