4058 6212
393 306 510 368 453
1666 301 1761 360 DE
1773 300 1995 359 LECTE

2040 302 2056 357 ἱ
2096 300 2378 360 LEGUM.
2597 337 2604 343 -
3538 304 3642 368 454

402 422 501 476 καὶ
533 418 762 489 φρούρει
800 416 891 470 ἀεὶ
917 415 1008 468 τὸν
1026 413 1262 478 εὐσεϐῶς
1293 414 1388 468 καὶ
1418 431 1608 485 πραως
1637 415 1793 484 ἡμῶν
1828 416 1975 485 βασι-

2040 426 2248 478 ,mata.
2307 415 2450 469 tideli
2499 422 2677 470 tecum
2743 423 2922 472 mente
2976 417 3168 488 loquor
3233 436 3246 473 :
3297 433 3452 474 serva
3497 430 3551 474 et
3589 426 3642 477 in

399 512 650 573 λεύοντα,
688 509 782 561 καὶ
808 509 907 577 τὴν
927 507 1024 574 τῆς
1057 509 1155 577 σῆς
1178 505 1473 576 ἐπιδημίας
1503 505 1807 574 ἀνάμνησιν
1838 507 1978 574 λαμ-

2076 520 2251 560 azvum
2297 507 2514 560 custodi
2570 520 2719 570 eum,
2769 506 2862 576 qui
2907 507 2995 576 pie
3040 523 3103 563 ac
3156 520 3440 564 mansuete
3486 512 3644 565 nobis

401 600 558 670 πρῶς
590 596 916 666 ἑορτάζοντα
938 612 950 624 ·
979 595 1036 646 ὃν
1058 597 1123 664 τῇ
1161 593 1436 664 παρουσίᾳ
1467 611 1562 646 σου
1593 595 1686 646 ἐπὶ
1713 595 1804 648 τὸν
1830 611 1978 648 παπ-

2077 595 2328 662 iniperat.
2360 596 2550 664 tuique
2587 597 2857 652 adventus
2891 598 3210 652 memoriam
3244 601 3529 668 splendide
3554 618 3643 656 ce-

404 691 555 761 πῷον
590 692 683 743 καὶ
733 686 980 755 πατρῷον
1017 687 1207 757 θρόνον
1265 685 1582 754 ἀνύψωσας.
1608 685 1846 740 Φύλαττε
1886 687 1977 739 τὸν

2075 683 2281 747 lebrat;
2322 700 2480 753 quem
2508 685 2585 739 tui
2619 687 2908 754 prcsentia
2943 687 2996 740 in
3025 687 3238 740 avitum
3269 703 3331 742 ac
3358 698 3643 756 paternum

403 781 599 836 τούτου
655 779 881 848 βλαστὸν
935 780 1013 840 εἰς
1062 777 1317 846 διαδοχὴν
1347 777 1440 829 τοῦ
1475 777 1688 844 γένους,
1722 779 1818 831 καὶ
1865 777 1976 831 τῶν

2076 775 2276 832 Solium
2323 777 2593 832 extulisti.
2635 777 2765 846 Ejus
2810 778 3018 847 prolem
3065 778 3281 832 custodi
3319 781 3642 835 incolumem

411 874 697 943 σκήπτρων
711 869 1035 939 ἀνώλεθρον.
1068 868 1310 940 Βράδευε
1327 871 1393 939 τῇ
1423 869 1669 938 πολιτείᾳ
1689 869 1972 940 είρηναίαν

2076 867 2142 922 ad
2175 869 2393 937 generis
2426 869 2856 933 successionem,
2889 882 2953 923 ac
2980 878 3324 938 sceptrorum
3365 874 3642 938 perpetui-

413 962 753 1015 κατάστασιν.
781 960 892 1029 Τὴν
922 959 1174 1029 βασιλίδα
1199 960 1405 1030 ταύτην
1429 959 1539 1012 τῶν
1587 959 1795 1013 πόλεων
1830 961 1970 1014 ἀπο·

2077 968 2265 1016 tatem.
2294 959 2491 1015 Pacem
2523 960 2840 1030 reipublicae
2873 961 3052 1028 przehc
3076 969 3129 1014 et
3161 963 3639 1031 tranquillitatem.

411 1053 682 1121 λιὸρκητον
709 1051 1064 1122 διατήρησον.
1099 1051 1210 1105 Καὶ
1239 1050 1328 1114 δὺς
1363 1052 1511 1121 ἡμᾶς
1539 1051 1972 1122 εὐαρεστοῦντας

2075 1047 2274 1104 Urbem
2311 1057 2597 1119 augustam
2639 1065 2796 1103 serva
2845 1050 3320 1118 inexpugnabilem
3351 1067 3365 1104 :
3404 1067 3468 1105 ac
3503 1069 3644 1121 pra:-

406 1140 482 1210 τῷ
502 1141 786 1211 ἀρχετύπῳ
811 1158 907 1193 σου
929 1140 1152 1210 Χριστῷ
1176 1138 1254 1210 τῷ
1282 1139 1402 1210 Θεῷ
1427 1140 1605 1211 ἡμῶν,
1632 1143 1688 1192 ὲν
1717 1143 1783 1211 τῇ
1812 1142 1972 1193 ἐπου-

2071 1149 2176 1206 sta,
2207 1149 2267 1195 ut
2293 1155 2393 1195 nos
2419 1141 2716 1209 exemplari
2763 1151 2856 1194 tuo
2900 1140 3122 1194 Christo
3157 1141 3266 1194 Deo
3297 1150 3491 1196 nostro
3530 1144 3648 1210 pla-

402 1231 566 1301 ρανίῳ
610 1231 956 1302 εἰσδεχθῆναι
1009 1231 1259 1302 βασιλείᾳ
1311 1231 1499 1296 αὑτοῦ,
1554 1231 1968 1298 δοξολογοῦντας

2071 1239 2278 1292 centes,
2331 1230 2385 1283 in
2423 1230 2543 1298 ejus
2585 1231 2810 1285 caeleste
2855 1243 3082 1298 regnum
3120 1231 3494 1292 adniittamnr,
3543 1231 3644 1299 ipsi

398 1323 492 1374 καὶ
519 1322 893 1392 ἀπαυμνοῦντας
939 1323 1124 1388 αὐτὸν,
1157 1323 1240 1374 ὅτι
1293 1321 1443 1392 αὐτῷ
1476 1322 1676 1391 πρέπει
1704 1322 1830 1387 δόξα
1879 1324 1972 1375 καὶ⁸

2079 1323 2305 1391 gloriam
2324 1322 2680 1377 concinentes
2697 1331 2858 1390 atque
2880 1321 3164 1376 laudantes
3189 1338 3201 1385 ;
3235 1338 3264 1390 q
3277 1323 3495 1376 uoniam
3517 1337 3582 1375 eu
3595 1336 3644 1374 in

394 1413 428 1481 ἡ
455 1413 826 1484 προσκύνησις
860 1412 940 1475 εἰς
979 1412 1106 1474 τοὺς
1133 1410 1338 1472 αἰῶνας
1376 1410 1486 1461 τῶν
1518 1410 1750 1463 αἰώνων.
1772 1411 1967 1480 Ἀμήν.

2081 1412 2422 1481 decetgluria
2442 1421 2491 1468 et
2517 1414 2764 1468 adoratio
2781 1414 2834 1467 in
2863 1415 3060 1468 siecnla
3079 1415 3426 1468 seculorum.
3449 1416 3639 1468 Amen.

416 1621 634 1636 ὀη-’,υ-

661 1714 1434 2005 LEONIS
1529 1828 1811 2000 ET
1953 1817 3399 2006 CONSTANTINI

1322 2137 2220 2258 ROMANORUM
2337 2145 2715 2254 lMPP.

901 2375 1508 2466 DELECTUS
1603 2376 2002 2467 LEGUM
2098 2375 3133 2473 COMPENDIABIUS.

1209 2565 1377 2627 (Apud
1400 2567 1538 2614 Joan.
1577 2564 1927 2614 Leunclavinm
1951 2568 2002 2615 in
2029 2566 2154 2614 Jure
2177 2568 2604 2626 Gra’co-Romano,
2636 2569 2696 2626 ll,
2724 2569 2824 2631 79.)

435 1621 3635 1661 Μ

1963 2747 2031 2757 ο.-

1508 2933 1516 2939 .
1587 2877 1971 2942 MONITUM
2017 2877 2467 2940 EDITORUM.

467 3069 718 3124 Delectas
739 3067 830 3122 ille
859 3066 1060 3123 dicitur
1082 3063 1366 3120 confectus
1395 3079 1541 3118 anno
1574 3064 1761 3117 mundi
1785 3062 1923 3116 6547
1946 3077 2070 3116 aera:
2093 3060 2736 3132 Constantinopolitanae,
2770 3067 3066 3124 indictione
3097 3088 3262 3128 nona.
3289 3071 3357 3130 At
3380 3090 3535 3131 error
3555 3084 3643 3133 est

389 3167 740 3226 manifestus.
770 3165 865 3220 llle
895 3179 1072 3218 annus
1098 3160 1394 3232 respondet
1424 3175 1568 3214 anno
1591 3176 1712 3214 terte
1745 3159 1980 3230 vulgaris
2001 3159 2127 3224 8'59,
2153 3175 2261 3228 quo
2293 3177 2465 3229 neque
2493 3163 2602 3219 Leo
2624 3180 2801 3233 neque
2821 3165 3212 3225 Constantinus
3239 3172 3350 3225 nati
3381 3180 3556 3233 erant,
3588 3179 3644 3222 et

386 3259 679 3317 indictioni
720 3257 993 3314 secunde.
1021 3255 1180 3311 Anno
1213 3253 1318 3309 839
1359 3251 1695 3321 Theophilus
1739 3251 2207 3320 Constantinopoli
2235 3251 2558 3320 imperabat.
2584 3256 2774 3310 Annus
2807 3258 2990 3312 mundi
3025 3259 3162 3312 6M7
3211 3277 3332 3314 atrae
3371 3261 3641 3316 Constan-

386 3352 760 3422 tinopolitane
801 3349 1094 3420 respondet
1130 3360 1276 3402 anno
1304 3360 1426 3400 atrae
1453 3343 1685 3415 vulgaris
1714 3342 1836 3407 959,
1867 3341 2162 3398 indictione
2189 3342 2535 3412 duodecima,
2580 3362 2690 3416 quo
2716 3346 3110 3402 Constantinus
3149 3349 3642 3421 Porphyrogenitus

382 3447 646 3518 regnabat
676 3463 690 3514 ;
718 3445 813 3500 sed
848 3442 1076 3500 indictio
1100 3457 1210 3498 non
1241 3440 1554 3499 concordat.
1587 3437 1826 3495 Snﬂiciat
1853 3437 2011 3495 nobis
2039 3439 2302 3494 mendum
2331 3441 2538 3497 codicis
2568 3442 2857 3499 indicasse.

727 3805 1019 3859 ΕΚΛΟΙἮ
1067 3805 1206 3858 ΤΩΝ
1249 3803 1499 3856 ΝΟΜΩΝ
1532 3802 1633 3854 ΕΝ
1974 3797 2026 3856 Δ
2326 3837 2329 3845 λ

1974 3797 2026 3856 Α
2326 3792 2704 3845 DELECTUS
2748 3791 2996 3846 LEGUM
3046 3793 3384 3848 COMPEN—

1016 3894 1367 3961 ΣγΝτοΜρ,

2700 3878 3018 3934 DlAlllUS.

380 4011 692 4084 Γενομένη
713 4009 873 4078 παρὰ
920 4007 1177 4071 Λέοντος
1203 4005 1301 4058 καὶ
1339 4002 1793 4056 Κωνσταντίνου
1853 4000 1970 4054 τῶν

2071 3989 2274 4043 Factus
2303 3992 2366 4042 ab
2406 3988 2610 4050 Leone,
2676 3999 2722 4040 et
2754 3987 3121 4053 Constantino,
3183 3993 3504 4056 rapientibus
3539 3995 3644 4048 Au-

453 4105 666 4175 σοφῶν
717 4101 1048 4168 βασιλέων,
1087 4097 1208 4153 ἀπὸ
1256 4095 1376 4150 τῶν
1402 4095 1833 4154 ’1νστιτούτων,
1869 4094 1968 4147 καὶ

2139 4083 2326 4152 gustis,
2360 4097 2424 4136 επ
2447 4079 2896 4144 Institutionibus,
2918 4091 2965 4133 et
2991 4081 3238 4150 Digestis,
3275 4094 3321 4136 et
3353 4083 3560 4148 Codice,
3593 4096 3641 4138 et

453 4167 575 4254 raris
627 4195 939 4264 Διγέστων,
981 4189 1215 4246 καὶτοῦ
1253 4187 1531 4253 Κώδικος,
1566 4188 1663 4240 καὶ
1685 4185 1802 4240 τῶν
1821 4188 1968 4241 Νεα-

2141 4172 2355 4226 novellis
2375 4171 2552 4242 magni
2572 4171 2711 4223 illius
2735 4167 3026 4223 Iustiniani
3043 4172 3494 4225 constitutionibus
3514 4191 3532 4228 :
3554 4185 3636 4227 at-

444 4291 578 4361 ρῶν
605 4289 711 4343 τοῦ
734 4286 1000 4356 μεγάλου
1027 4281 1454 4338 Ἰουστινιανοῦ
1489 4279 1834 4344 διατάξεων-ο
1867 4277 1965 4333 καὶ

2136 4279 2233 4332 que
2251 4263 2409 4317 etiam
2443 4261 2694 4316 correctio
2723 4261 2776 4314 in
2804 4260 2882 4322 id,
2911 4261 3050 4330 quod
3081 4260 3278 4330 trquius
3307 4261 3492 4316 melius
3516 4274 3590 4317 est
3619 4277 3638 4316 :

451 4351 864 4446 ίέπιδιόρθωσίς
891 4379 977 4442 είς
996 4376 1062 4428 τὸ
1079 4373 1652 4443 φιλανθρωπότερον-ο
1671 4371 1965 4427 ἐκτιθεῖσα

2136 4354 2280 4408 edita
2329 4368 2502 4408 mense
2545 4353 2755 4418 Martio,
2815 4351 3100 4406 indictione
3126 4366 3202 4416 Ix,
3248 4369 3388 4407 anno
3419 4354 3481 4406 ab
3518 4354 3638 4408 orbe

444 4475 596 4547 μηνὶ
652 4445 906 4539 Μαρτίῳ,
961 4464 1327 4531 ίνδικτιῶνος
1403 4467 1472 4529 θ’,
1537 4464 1656 4518 ἀπὸ
1717 4464 1964 4529 κτίσεως

1297 4483 1327 4531 ς
1403 4467 1472 4529 θ’,
1537 4464 1656 4518 ἀπὸ
1717 4464 1964 4529 κτίσεως
2139 4445 2350 4500 condito
2379 4457 2543 4501 vrcm.
2573 4457 2820 4500 ccchvtt
2859 4447 2899 4496 ‘.

450 4569 688 4634 κόσμου
722 4564 838 4618 ἔτει
869 4557 1070 4630 ,ςτμζζ

973 4670 1382 4726 ΠΡΟΟΙΜΙΟΝ.

2661 4667 3048 4730 PREFATIO.

479 4802 526 4846 υ
583 4787 859 4856 Δεσπότης
887 4784 982 4838 καὶ
1028 4783 1255 4855 ποιητὴς
1281 4783 1390 4836 τῶν
1428 4782 1679 4837 ἁπάντων
1732 4783 1864 4847 Θεὸς
1891 4785 1959 4855 ἡ-

2137 4780 2399 4836 l)ominus
2427 4789 2483 4836 et
2523 4780 2773 4837 conditor
2808 4782 2898 4836 ille
2942 4785 3204 4849 omnium,
3249 4783 3392 4840 Deus
3433 4793 3634 4848 noster,

307 4917 309 4920 -
385 4886 524 4958 μῶν,
559 4884 590 4935 ό
615 4881 809 4942 κτίσας
836 4879 928 4931 τὸν
959 4877 1267 4948 ἄνθρωπον,
1302 4877 1396 4928 καὶ
1417 4875 1655 4946 τιμήσας
1682 4876 1844 4929 αὐτὸν
1891 4893 1909 4928 ιι

2062 4870 2154 4940 qui
2183 4869 2391 4925 creavit
2419 4869 2717 4938 hominem,
2765 4880 2819 4924 et
2861 4871 3114 4928 libertate
3148 4873 3307 4943 plena
3336 4874 3633 4937 decoravit,

378 4972 846 5043 αὐτεξουσιότητι,
884 4970 1047 5039 νόμον
1089 4967 1258 5038 αὐτῷ,
1285 4967 1428 5022 κατά
1475 4966 1567 5020 τὸν
1605 4966 1960 5037 προφητικῶς

2061 4961 2237 5018 eidem
2272 4960 2410 5032 lege,
2444 4961 2896 5032 quemadmodum
2927 4967 3190 5036 propheta
3215 4965 3424 5019 locutus
3452 4971 3554 5026 est,
3581 4963 3633 5016 in

378 5061 690 5137 εἰρημένον,
719 5057 964 5122 δεδωκὼς
995 5057 1074 5120 είς
1105 5056 1375 5128 βοήθειαν,
1403 5053 1578 5109 πάντα
1615 5054 1762 5124 αὐτῷ
1791 5056 1860 5109 τά
1897 5073 1957 5109 τε

2060 5052 2325 5108 auxilium
2379 5052 2526 5121 data,
2578 5067 2676 5122 per
2707 5056 2848 5110 hanc
2890 5065 2999 5110 tam
3045 5055 3273 5125 agenda,
3329 5068 3490 5123 quam
3522 5067 3633 5107 non

380 5149 630 5224 πρακτέα
651 5149 744 5202 καὶ
763 5148 822 5201 οὐ
843 5146 1090 5218 πρακτέα
1105 5146 1172 5199 δι’
1185 5145 1349 5200 αὐτοῦ
1366 5144 1660 5216 κατέστησε
1683 5144 1953 5215 γνώριμαο

2028 5143 2266 5214 :agenda
2311 5144 2493 5198 omnia
2543 5144 2832 5214 patefecit;
2886 5157 2946 5202 ut
2991 5153 3268 5217 appeteret
3312 5145 3423 5211 illa,
3469 5144 3630 5198 veluti

381 5244 476 5299 καὶ
499 5241 568 5294 τὰ
588 5241 687 5310 μὲν
724 5238 994 5306 ἐφίεσθαι,
1010 5238 1086 5302 ὡς
1110 5238 1380 5309 σωτηρίας
1405 5237 1712 5307 ὑπάρχοντα
1759 5237 1954 5305 πρόξε-

2060 5234 2288 5291 salutem
2325 5233 2707 5302 conciliantia;
2739 5237 3024 5306 repelleret
3056 5237 3190 5299 haec,
3225 5245 3478 5303 tanquam
3506 5247 3633 5302 sup—

383 5345 468 5384 ναο
497 5326 567 5381 τὰ
604 5326 659 5380 δὲ
686 5325 1129 5392 ἀπωθεῖσθαι,ὠς
1154 5325 1423 5388 κολάσεως
1453 5326 1620 5378 αἴτια.
1654 5325 1762 5379 Καὶ
1781 5325 1957 5389 οὐδεὶς

2063 5323 2225 5395 plicio
2251 5339 2468 5381 causam
2502 5328 2819 5396 praebentia.
2848 5327 2960 5384 Nec
2990 5329 3274 5398 quisquam
3299 5340 3508 5383 eorum.
3539 5336 3637 5393 Qui

379 5419 490 5475 τῶν
521 5417 594 5471 τὰ
631 5417 796 5472 αὐτοῦ
848 5417 1249 5487 φυλασσόντων,
1297 5417 1330 5488 ἢ
1362 5417 1520 5487 (ὅπερ
1559 5417 1799 5484 ἀπέστω)
1831 5417 1958 5470 ἀθε-

2067 5416 2134 5471 ab
2162 5431 2226 5472 eo
2253 5409 2520 5488 praecepta
2551 5429 2792 5488 servant,
2820 5428 2914 5476 aut
2940 5421 3106 5492 (quod
3131 5421 3294 5486 absit)
3328 5418 3492 5488 ipsius
3516 5417 3637 5487 jura

384 5505 628 5561 τούντων
653 5505 816 5558 αὑτοῦ
839 5504 907 5558 τὰ
944 5503 1304 5575 δικαιώματα,
1344 5505 1444 5574 τῆς
1469 5504 1801 5576 καταλλήλου
1850 5504 1958 5558 τῶν

2069 5509 2296 5580 violant,
2342 5514 2700 5572 conveniente
2745 5528 2958 5584 quoque
3005 5515 3161 5570 modo
3209 5514 3365 5571 factis
3404 5516 3635 5569 retribu-

455 5664 476 5685 ‘
503 5659 697 5718 Christi
725 5661 846 5718 839.
