4084 6208
410 303 517 366 455

1417 296 1925 359 CONSTANTINI
1963 297 2631 358 PORPHYROGENITI

3543 291 3649 358 456

406 426 554 470 tione
585 413 953 468 frnstrabitur.
983 407 1192 478 Quippe
1219 406 1360 460 Deus
1383 416 1487 473 est,
1520 409 1611 477 qui
1649 409 1799 478 prius
1829 419 1976 461 utra-

2085 409 2338 464 ὁπωσοῦν
2368 409 2756 480 πραττομένων
2805 406 3260 476 διαψευσθήσεται
3315 407 3658 471 ἀντιδόσεως.

405 521 510 574 que
554 503 887 558 dentmtiavit
933 516 949 554 :
995 498 1150 567 cujus
1197 499 1485 552 verborum
1533 501 1615 553 vis
1644 515 1708 554 ac
1736 509 1976 567 potestas

407 610 530 648 cum
578 591 927 645 mutationem
973 588 1175 642 nullam
1199 588 1468 653 admittat,
1504 599 1562 644 et
1594 591 1834 658 cujusvis
1855 604 1978 658 Ope-

409 687 603 742 rationi
643 685 830 737 merita
865 683 1086 751 praemia
1129 683 1470 748 remetiatur,
1507 686 1805 738 secundum
1845 685 1974 738 illud

409 775 684 843 Evangelii
723 773 949 834 dictum,
1005 787 1109 826 non
1156 773 1434 827 transibit.
1491 775 1756 840 Quoniam
1812 775 1976 841 igitur

407 863 654 931 imperio
682 863 828 930 regio
877 875 974 930 pro
1013 861 1239 930 benigna
1285 861 1555 917 voluntate
1593 877 1694 916 sua
1737 864 1890 918 nobis
1921 863 1974 918 iu

406 958 834 1020 manustradito,
867 956 1095 1024 idipsum
1125 957 1424 1025 conjuncta:
1443 973 1564 1011 cum
1585 959 1780 1015 timore
1809 959 1976 1013 dilec-

404 1051 567 1105 tionis
598 1064 724 1119 erga
757 1063 817 1103 se
851 1058 1048 1104 nostrae
1071 1049 1454 1104 documentum
1477 1065 1598 1104 esse
1627 1051 1819 1115 voluit,
1849 1053 1974 1106 dum

404 1140 698 1194 secundum
744 1139 984 1205 Petrum,
1025 1142 1232 1210 apicem
1270 1141 1636 1211 aposmlorum
1679 1158 1972 1205 summum,

406 1231 778 1286 fidelissimum
816 1245 1031 1300 gregem
1065 1246 1222 1284 suum
1271 1246 1493 1297 pascere
1533 1247 1629 1287 nos
1657 1233 1858 1302 jussit:
1895 1233 1975 1284 ui-

406 1327 478 1380 bil
506 1328 557 1379 ei
588 1327 737 1394 prius
778 1336 870 1378 aut
915 1324 1092 1393 tnajus
1120 1339 1273 1391 requa
1303 1321 1556 1390 justaque
1586 1323 1977 1392 gubernatione

403 1418 763 1480 sobditorum,
805 1417 872 1468 ab
915 1415 1030 1483 ipso
1079 1415 1232 1468 nobis
1282 1415 1702 1469 commissorum
1737 1415 1974 1467 vicissim
2025 1449 2037 1459 κ

408 1504 596 1558 relerri
629 1519 787 1573 posse
817 1505 1197 1572 agnoscimus;
1237 1512 1293 1556 ut
1333 1503 1456 1557 inde
1486 1518 1655 1556 nexus
1685 1504 1859 1556 omnis
1893 1505 1974 1556 in-

409 1594 635 1662 justitiae
661 1593 922 1652 solvatur,
943 1601 998 1645 et
1023 1591 1375 1645 violentorum
1406 1601 1778 1644 contractuum
1801 1590 1974 1644 tendi-

407 1686 540 1739 culae
563 1685 968 1752 dirumpantur,
999 1693 1053 1735 et
1077 1684 1310 1751 impetus
1334 1683 1762 1750 delinquentium
1795 1695 1976 1736 retun-

2096 500 2231 562 Θεὸς
2257 501 2441 570 γάρ,ό
2497 499 3081 570 προαπηγγειλάμενος
3133 499 3202 550 τά
3240 497 3546 566 ἀμφότερα,
3597 495 3660 554 οὐ

2081 590 2196 642 τῶν
2220 589 2393 656 λόγων
2414 592 2447 660 ἡ
2464 590 2693 657 δύναμις
2723 589 3036 657 κεκτημένη
3063 588 3125 640 τὸ
3175 587 3530 657 ἀμετάθετον,
3567 594 3660 642 καί

2083 685 2148 752 τῇ
2190 683 2421 754 ἑκάστου
2469 683 2701 752 ἐργασία
2738 679 3141 751 ἀντιμετροῦσα
3203 681 3273 734 τὰ
3315 680 3478 744 ἀξια,
3516 684 3657 736 κατὰ

2083 773 2147 826 τὸ
2203 774 2576 841 εὐαγγελικῶς
2607 774 2916 844 εἰρημένον,
2947 773 3008 826 οὐ
3051 771 3468 842 παρελεύσεται.
3507 775 3661 828 Ἐπεὶ

2082 861 2177 914 οῦν
2201 862 2261 915 τδ
2289 863 2488 932 κράτος
2511 864 2609 932 τῆς
2645 863 2920 932 βασιλείας
2943 863 3074 932 ἡμῖν
3099 861 3435 932 ἐγχειρίσας,
3458 863 3535 924 ὠς
3558 864 3658 932 ηὐ-

2081 955 2303 1028 δόκησε,
2335 957 2534 1025 δεῖγμα
2563 955 2723 1009 τοῦτο
2751 956 2848 1025 τῆς
2883 957 2940 1008 ἐν
2976 955 3126 1025 φόϐῳ
3176 955 3313 1026 πρὸς
3343 957 3502 1010 αὐτὸν
3529 959 3661 1024 ἀγαο

2083 1045 2302 1116 πήσεως
2336 1045 2494 1114 ἡμῶν
2541 1046 2872 1114 ἐποιήσατο,
2920 1044 3057 1099 κατὰ
3099 1044 3305 1114 Πέτρον
3351 1045 3452 1116 τὴν
3503 1064 3660 1116 κορυ-

2084 1136 2385 1204 φαιοτάτην
2407 1135 2516 1188 τῶν
2531 1136 2840 1189 ἀποστόλων
2867 1136 3160 1206 ἀκρότητα,
3187 1137 3492 1204 ποιμαίνειν
3509 1139 3658 1207 ἡμᾶς

2085 1228 2348 1290 κελεύσας
2386 1228 2447 1280 τὸ
2471 1229 2793 1281 πιστότατον
2829 1227 3098 1297 ποίμνιον,
3142 1227 3292 1281 οὐδὲν
3330 1227 3478 1298 αὐτῷ
3515 1230 3652 1299 πρό-

2082 1336 2239 1386 τερον
2269 1319 2301 1388 ἦ
2335 1320 2516 1385 μεῖζον
2543 1319 2640 1388 τῆς
2677 1321 2735 1373 ἐν
2767 1319 2990 1388 κρίματι
3049 1320 3140 1372 καὶ
3191 1318 3500 1390 δικαιοσύνῃ
3545 1320 3652 1372 τῶν

2085 1412 2176 1462 ὐπ’
2213 1410 2378 1462 αὐτοῦ
2408 1409 2948 1464 καταπιστευθέντων
2979 1412 3109 1480 ἡμῖν
3155 1410 3528 1481 κυϐερνήσεως
3572 1413 3654 1473 είς

2085 1499 2356 1552 ἀντίδοσιν
2388 1497 2528 1553 εἶναι
2562 1500 2920 1570 γινώσκομεν,
2949 1501 3022 1563 ὡς
3052 1501 3298 1556 ἐντεῦθεν
3332 1503 3513 1572 πάσης
3543 1502 3656 1556 ἀδι-

2084 1591 2208 1653 κίας
2234 1590 2459 1642 λύεσθαι
2485 1590 2802 1657 σύνδεσμον,
2845 1592 2939 1644 καὶ
2969 1591 3159 1661 βιαίων
3188 1592 3655 1662 συναλλαγμάτων

2087 1683 2453 1752 πραγγαλιὰς
2481 1683 2812 1749 διαλύεσθαι,
2841 1683 3046 1746 καὶτὰς
3068 1681 3177 1736 τῶν
3199 1683 3659 1754 πλημμελούντων

407 1776 588 1836 datur,
626 1781 787 1840 atque
830 1774 903 1827 ita
975 1773 1221 1828 victoriis
1258 1773 1522 1828 adversus
1554 1773 1737 1826 hastes
1765 1774 1832 1826 ab
1859 1787 1974 1824 om-

2085 1775 2256 1844 ὁρμάς
2298 1776 2719 1837 ἀνακόπτεσθαι,
2757 1777 2850 1830 καὶ
2895 1773 3069 1837 οὔτως
3101 1780 3221 1838 ταῖς
3276 1773 3392 1828 κατ’
3448 1773 3658 1846 ἐχθρῶν

408 1868 685 1935 nipotente
732 1882 893 1920 tnauu
923 1867 1092 1934 ipsius
1108 1865 1299 1919 Imulto
1329 1865 1620 1932 pretiosius
1647 1874 1700 1918 et
1723 1865 1979 1919 honorifi-

407 1958 642 2023 centius,
679 1971 844 2025 quam
882 1957 1188 2009 diademate
1217 1956 1370 2010 nobis
1407 1955 1790 2025 circumposita
1819 1970 1980 2010 coro-

410 2063 617 2108 netuur,
660 2055 714 2101 et
765 2046 1048 2114 imperium
1094 2047 1251 2100 nobis
1298 2047 1608 2114 pacificum,
1671 2050 1857 2117 reique
1886 2065 1981 2118 pu-

410 2136 561 2191 blica:
587 2136 986 2191 administratio
1021 2137 1170 2190 firma
1205 2145 1257 2192 et
1285 2137 1492 2193 stabilis
1519 2137 1800 2193 emt-iatur.

481 2338 636 2392 Unde
665 2337 813 2393 curis
843 2339 1106 2407 ejusmodi
1141 2338 1415 2409 occupati,
1440 2349 1495 2394 et
1516 2341 1583 2393 ad
1617 2341 1978 2395 inventionem

410 2438 688 2498 gratorum
723 2428 850 2494 Deo,
887 2429 1220 2498 publicaeque
1260 2430 1337 2484 rei
1377 2429 1794 2484 conducibilium
1831 2447 1981 2485 men-

413 2533 519 2576 tem
564 2523 866 2578 insomnem
896 2533 1305 2593 componentes,
1341 2531 1392 2576 et
1415 2521 1679 2592 justitiam
1711 2524 1982 2577 terrestri-

413 2615 512 2666 bus
538 2614 806 2668 universis
834 2623 1250 2682 anteponentes,
1283 2612 1444 2666 veluti
1471 2611 1772 2667 cmlestium
1806 2615 1983 2668 conci-

413 2703 698 2767 liatricem,
733 2712 786 2756 et
830 2703 974 2757 illius
1022 2703 1242 2766 virtute,
1271 2703 1365 2771 qui
1411 2718 1506 2773 per
1545 2704 1714 2772 ipsam
1761 2705 1979 2769 colitur,

411 2794 588 2862 gladio
610 2795 800 2862 quovis
825 2793 1086 2848 adversus
1117 2793 1299 2849 hostes
1326 2795 1658 2860 acutiorem;
1689 2813 1810 2850 cum
1837 2797 1981 2866 leges

413 2885 481 2936 ab
527 2883 942 2952 imperatoribus
983 2893 1109 2940 ante
1158 2900 1255 2940 nos
1302 2901 1466 2956 regno
1505 2888 1689 2957 politis
1739 2889 1896 2954 latas,
1929 2891 1980 2942 in

417 2977 596 3030 uiultis
621 2976 773 3030 libris
795 2976 1102 3046 descriptas
1125 2977 1413 3044 sciremus,
1441 2990 1496 3033 et
1528 2965 1802 3048 aliquibus
1835 2981 1984 3036 intel-

413 3067 553 3120 lectu
597 3066 864 3122 dillicilem
915 3083 1036 3124 esse
1079 3085 1325 3134 sensum,
1375 3071 1464 3140 qui
1517 3073 1596 3126 eis
1639 3073 1966 3126 continetur.

412 3159 537 3212 aliis
567 3175 793 3228 prorsus
819 3161 1080 3230 ignotum.
1115 3176 1178 3216 ac
1208 3162 1509 3232 praesertim
1541 3163 1666 3226 illis,
1697 3165 1786 3233 qui
1823 3172 1972 3218 extra

412 3253 736 3305 custoditam
771 3253 908 3307 banc
933 3253 1188 3309 divinitus
1213 3262 1270 3309 et
1301 3255 1502 3324 regiam
1526 3255 1712 3309 urbem
1739 3265 1977 3309 nostram

411 3343 694 3396 constituti
723 3352 870 3406 sunt,
903 3357 1186 3398 nossemus
1212 3358 1227 3394 :
1259 3345 1520 3397 arcessito
1543 3343 1748 3407 Niceta,
1782 3344 1979 3412 glorio-

414 3430 633 3483 sissimo
671 3430 923 3495 patricio,
957 3440 1012 3482 et
1042 3439 1310 3498 qua-store
1339 3441 1548 3497 nostro,
1587 3433 1825 3499 itemque
1870 3433 1986 3501 glo-

417 3517 731 3570 riosissiniis
766 3517 1009 3584 patriciis
1046 3520 1269 3584 nostris,
1298 3517 1482 3573 Niceta
1523 3529 1577 3574 et
1604 3519 1832 3584 Marino,
1859 3536 1982 3575 cum

416 3606 825 3675 gloriosissimis
860 3608 1172 3664 consulibus
1203 3623 1265 3662 ac
1299 3611 1742 3680 rescriptoribus,
1773 3622 1826 3667 et
1860 3613 1986 3667 reli-

415 3697 538 3764 quis
571 3695 660 3748 Dei
693 3696 885 3750 timore
913 3697 1176 3766 praeditis,
1208 3713 1399 3753 omnes
1424 3715 1611 3754 eorum
1648 3700 1814 3755 libros
1843 3705 1984 3770 apud

417 3802 515 3840 uos
542 3785 719 3857 eulligi
741 3787 1002 3854 ju-simus
1023 3806 1038 3855 ;
1060 3798 1114 3843 et
1130 3791 1384 3846 omnibus
1407 3808 1530 3845 cum
1546 3793 1842 3847 attentione
1867 3795 1986 3848 dili-

416 3880 560 3948 genti
595 3878 940 3944 exatuiuatis,
971 3891 1078 3935 tam
1121 3897 1216 3950 per
1253 3897 1338 3946 ea,
1385 3899 1508 3953 quae
1543 3885 1596 3939 in
1627 3886 1732 3940 illis
1761 3887 1889 3956 ipsis
1921 3887 1986 3940 li-

416 3970 531 4024 bris
561 3978 684 4039 apte
733 3972 910 4039 posita
965 3972 1407 4038 continebantur,
1454 3991 1614 4044 quam
1649 3993 1742 4047 per
1774 3981 1984 4034 saucita

420 4074 608 4114 recens
637 4075 665 4112 a
694 4061 872 4125 nobis,
893 4064 1193 4117 sententias
1214 4074 1265 4118 et
1291 4064 1496 4134 judicia
1525 4067 1590 4122 de
1617 4067 1985 4137 frequentibus

419 4149 648 4216 negotiis
693 4160 750 4204 et
805 4153 1198 4217 contractibus,
1248 4163 1302 4207 ct
1349 4157 1735 4211 convenientes
1773 4158 1985 4214 delictis

416 4238 792 4292 erituiualibus
830 4254 1020 4308 pinnas
1053 4241 1105 4293 in
1137 4241 1239 4296 hoc
1287 4241 1426 4298 libro
1457 4252 1567 4296 tum
1619 4247 1980 4312 manifestius,

419 4336 530 4380 tum
577 4327 749 4396 magis
801 4328 1004 4382 minute
1033 4330 1200 4398 repeti
1244 4331 1443 4386 debere
1484 4345 1779 4402 congruum
1829 4337 1984 4391 duxi-

2082 1867 2259 1929 νίκαις
2287 1867 2391 1920 ὐπὸ
2433 1868 2535 1936 τῆς
2575 1867 2740 1921 αὐτοῦ
2791 1865 3200 1936 παντοδυνάμου
3230 1866 3412 1938 χειρὸς
3453 1883 3656 1935 στεφαο

2096 1958 2319 2011 νοῦσθαι
2370 1960 2537 2028 ἡμᾶς,
2562 1959 2654 2011 τοῦ
2686 1957 3066 2029 περικειμένου
3087 1955 3409 2027 διαδήματος
3436 1956 3658 2010 πολυτε-

2083 2047 2336 2117 λέστερόν
2373 2066 2432 2100 τε
2463 2051 2554 2102 καὶ
2582 2048 2927 2120 τιμιώτερον,
2959 2049 3228 2119 εἱρηιαίόν
3259 2065 3319 2100 τε
3351 2049 3483 2118 ἡμῖν
3517 2050 3657 2102 ἀπο-

2085 2137 2449 2194 καθίστασθαι
2503 2139 2600 2211 τὴν
2647 2139 2946 2210 βασιλείαν,
2979 2138 3073 2194 καὶ
3115 2139 3370 2203 εὐσταθὲς
3421 2139 3483 2193 τὸ
3509 2139 3659 2192 πολί-

2083 2247 2282 2301 τευμα.

2159 2321 2323 2374 Ὅθεν
2350 2324 2468 2384 ταῖς
2515 2321 2790 2385 τοιαύταις
2842 2322 3131 2393 μερίμναις
3187 2320 3653 2392 ἐνασχολούμενοι,

2085 2413 2177 2466 καὶ
2207 2414 2344 2482 πρὸς
2372 2413 2472 2485 τὴν
2514 2414 2623 2466 τῶν
2656 2413 2998 2484 ἀρεσκόντων
3027 2415 3167 2485 Θεῷ,
3216 2417 3312 2468 καὶ
3360 2414 3438 2485 τῷ
3490 2413 3654 2484 κοινῷ

2086 2504 2474 2573 συμφερόντων
2513 2505 2755 2576 εῦρεσιν,
2791 2506 3091 2577 ἀκοίμητον
3114 2507 3206 2560 τὸν
3231 2507 3355 2560 νοῦν
3382 2507 3655 2577 καταστή-

2088 2616 2300 2664 σαντες,
2329 2602 2432 2673 τήν
2478 2619 2535 2654 τε
2573 2601 2921 2672 δικαιοσύνην
2979 2603 3197 2656 πάντων
3233 2602 3342 2656 τῶν
3399 2603 3655 2670 ἐπιγείων

2086 2693 2539 2762 προτιμήσαντες,
2594 2693 2670 2756 ὡς
2719 2693 2975 2763 πρόξενον
3021 2694 3131 2748 τῶν
3160 2694 3429 2762 οὐρανίων
3477 2693 3656 2764 ὐπάρ-

2084 2799 2304 2852 χουσαν,
2355 2785 2449 2837 καὶ
2498 2785 2815 2856 τομωτέραν
2861 2783 3061 2848 παντὸς
3113 2785 3300 2854 ξίφους
3337 2787 3402 2856 τῇ
3448 2784 3542 2860 τοῦ
3569 2784 3656 2838 ἐπ’

2083 2876 2222 2946 αὐτῇ
2275 2875 2714 2946 θεραπευομένου
2760 2877 3006 2946 δυνάμει,
3039 2879 3180 2931 κατά
3218 2876 3326 2931 τῶν
3383 2875 3656 2947 πολεμίων

2082 2966 2474 3036 τυγχάνουσαν,
2493 2969 2552 3020 ἐν
2578 2968 2798 3030 πολλαῖς
2821 2968 3020 3038 βίϐλοις
3035 2968 3102 3021 τά
3130 2968 3233 3021 ὑπὸ
3261 2969 3367 3022 τῶν
3389 2968 3657 3038 προϐεϐα-

2086 3057 2411 3111 σιλευκότων
2438 3059 2907 3130 νενομοθετημένα
2937 3058 3245 3130 γεγράφθαι
3277 3057 3653 3138 γινώσκοντες,

2029 3141 2041 3162 ⁸
2089 3149 2320 3211 καὶτοῖς
2353 3148 2451 3218 μὲν
2481 3149 2909 3217 δυσδιάγνωστον
2931 3150 3023 3204 τὸν
3069 3151 3130 3203 ἐν
3175 3150 3360 3211 αὐτοῖς
3406 3151 3655 3219 περιεχό-

2091 3256 2252 3308 μενον
2282 3240 2429 3305 νοῦν,
2473 3244 2581 3302 τοῖς
2603 3241 2658 3294 δὲ
2682 3243 2776 3294 καὶ
2814 3241 3095 3304 παντελῶς
3122 3241 3510 3307 ἀδιάγνωστον,
3559 3242 3656 3294 καὶ

2092 3330 2326 3397 μάλιστα
2354 3332 2465 3392 τοῖς
2492 3330 2595 3394 ἔξω
2620 3330 2716 3399 τῆς
2743 3329 3105 3398 θεοφυλάκτου
3135 3329 3338 3401 ταύτης
3362 3330 3458 3384 καὶ
3497 3329 3654 3400 βασι-

2089 3419 2230 3482 λίδος
2262 3420 2418 3489 ἡμῶν
2450 3420 2678 3482 πόλεως,
2715 3421 2937 3486 εἰδότες,
2962 3422 3318 3491 τυγχάνοντα,
3359 3420 3656 3492 μετακαλεο

2091 3510 2313 3579 σάμενοι
2369 3511 2613 3580 Νικήταν
2667 3512 2758 3566 τὸν
2822 3513 3164 3577 ἐνδοξότατον
3215 3514 3500 3584 πατρίκιον
3559 3511 3657 3566 καὶ

2093 3600 2429 3672 κοιαίστωρα
2482 3601 2661 3671 ἡμῶν,
2716 3601 2841 3666 τούς
2867 3619 2926 3656 τε
2965 3602 3338 3668 ἐνδοξοτάτους
3367 3602 3522 3673 ήμῶν
3556 3620 3658 3654 παν

2091 3691 2354 3762 τρικίους,
2412 3693 2661 3765 Νικήταν
2701 3695 2796 3749 καὶ
2822 3697 3084 3768 Μαρτνον,
3120 3697 3245 3760 τοὺς
3283 3695 3656 3760 ἐνδοξοτάτους

2091 3781 2328 3845 ὑπάτους
2355 3782 2450 3836 καὶ
2483 3784 2858 3855 ἀντιγραφείς,
2888 3785 2984 3839 καὶ
3023 3786 3240 3851 λοιποὺς
3275 3787 3368 3841 τὸν
3394 3787 3488 3841 τοῦ
3518 3785 3655 3841 Θεοῦ

2090 3871 2254 3939 φόϐον
2275 3870 2517 3944 ἔχοντας,
2534 3875 2712 3939 πάσας
2727 3876 2825 3937 τάς
2835 3876 3014 3930 αὐτῶν
3039 3876 3249 3946 βίϐλους
3273 3878 3656 3949 συναθροισθῆ-

2088 3979 2177 4015 ναι
2247 3964 2747 4037 παρεκελεύεαμεν,
2805 3966 2898 4020 καὶ
2967 3967 3148 4022 πάντα
3213 3969 3332 4038 μετ’
3364 3967 3654 4040 ἐπιμελοῦς

2089 4056 2424 4126 ἐπισχέσεως
2456 4058 2866 4130 ἀνακρίναντες,
2907 4059 2994 4114 διά
3021 4077 3080 4112 τε
3107 4060 3213 4113 τῶν
3244 4062 3300 4113 ἐν
3325 4063 3444 4123 ταῖς
3463 4062 3652 4124 αὐταῖς

2085 4147 2290 4219 βίϐλοις
2313 4148 2550 4213 εὐθέτως
2580 4151 2990 4220 ἐμφερομένων,
3018 4152 3107 4206 διά
3126 4170 3184 4207 τε
3201 4152 3304 4206 τῶν
3333 4153 3464 4223 παρ’
3492 4151 3651 4223 ἡμῶν

2084 4241 2295 4311 νεαρῶς
2335 4241 2755 4308 θεσπισθέντων,
2787 4245 2879 4298 ἐπὶ
2914 4246 3122 4315 συχνῶν
3154 4247 3261 4301 τῶν
3312 4247 3651 4316 πραγμάτων

2087 4330 2203 4402 [ἐπὶ
2236 4333 2609 4402 συχναζόντων
2635 4335 3002 4406 πραγμάτων]
3045 4338 3137 4390 καὶ
3192 4337 3654 4407 συναλλαγμάτων

421 4429 569 4480 mus;
601 4424 658 4468 ut
685 4415 958 4471 intellectu
992 4416 1235 4476 faciliore
1269 4420 1350 4474 vis
1378 4421 1642 4492 ejusmodi
1669 4426 1878 4496 piarum
1904 4429 1981 4482 le-

2090 4423 2184 4485 τάς
2223 4423 2450 4495 κρίσεις,
2487 4426 2579 4479 καὶ
2621 4427 2722 4490 τὰς
2756 4428 3120 4498 καταλλήλους
3151 4428 3259 4482 τῶν
3296 4431 3656 4500 ἐγκλημάτων

418 4521 543 4574 gum
575 4507 778 4576 percipi
816 4509 1005 4576 possit,
1050 4520 1102 4563 ct
1143 4511 1258 4579 ipsa
1303 4515 1513 4582 negotia
1547 4516 1737 4586 majori
1772 4520 1982 4589 perspi-

419 4599 623 4650 cuitate
667 4599 874 4664 decidi,
927 4616 991 4654 ac
1027 4601 1172 4670 justa
1217 4607 1564 4660 exsecutione
1609 4607 1984 4677 delinquentes

421 4686 627 4756 puniri,
659 4691 860 4758 quique
889 4693 1155 4758 procliies
1185 4695 1248 4746 ad
1279 4696 1608 4760 peccandum
1639 4709 1842 4764 essent,
1875 4709 1981 4754 tam

423 4779 687 4843 coerceri,
719 4795 881 4849 quant
914 4785 1132 4854 corrigi.
1167 4785 1267 4852 Qui
1297 4800 1422 4840 vero
1451 4789 1517 4840 ad
1561 4789 1869 4846 tractandas
1907 4791 1984 4848 le-

423 4871 644 4940 gitimas
689 4886 974 4928 causarum
1021 4877 1366 4945 cognitiones
1412 4878 1649 4933 ordinati
1695 4893 1844 4948 sunt,
1891 4895 1987 4937 eos

426 4976 706 5018 monemus
761 4972 814 5018 et
873 4965 1176 5024 hortamur.
1224 4977 1281 5020 ut
1328 4966 1397 5021 ab
1443 4969 1693 5025 oumibus
1738 4971 1987 5026 humanis

423 5051 712 5109 aﬂectibus
757 5055 1090 5119 abstineant,
1121 5066 1175 5111 et
1205 5073 1270 5111 ex
1306 5057 1517 5114 sincera
1541 5075 1781 5130 satiaque
1811 5071 1989 5118 mente

420 5140 622 5209 judicia
651 5157 792 5198 vera:
816 5143 1040 5213 justitia:
1069 5144 1364 5212 proferant,
1403 5162 1468 5200 ac
1503 5163 1675 5215 neque
1702 5163 1986 5218 pauperem

425 5243 798 5301 contemnant,
844 5249 1018 5304 neque
1045 5244 1314 5303 potentem
1349 5238 1549 5306 injuste
1580 5240 1784 5308 aliquid
1819 5255 1986 5311 agen-

427 5332 534 5377 tem
589 5323 901 5392 relinquant
940 5323 1402 5394 irreprebensum,
1431 5341 1529 5381 uec
1559 5328 1610 5380 iu
1659 5329 1893 5397 speciem
1926 5345 1990 5386 ac

427 5402 608 5469 verbis
647 5416 947 5484 nimiopere
985 5415 1246 5482 justitiam
1282 5427 1333 5470 et
1377 5418 1686 5485 aequitatem
1719 5418 1991 5474 admiren-

431 5509 542 5562 tur,
586 5517 776 5570 reapse
809 5519 935 5556 vero
964 5504 1308 5573 iujustitiant,
1337 5515 1392 5559 et
1428 5506 1546 5572 plus
1575 5507 1804 5561 habendi
1841 5511 1990 5578 cupi-

429 5590 653 5644 ditatem
705 5595 1017 5662 praeferant,
1073 5597 1236 5650 veluti
1291 5597 1622 5652 fructuosam
1681 5603 1821 5654 :sed
1864 5615 1991 5656 cum

430 5682 570 5742 apud
596 5695 692 5738 eos
712 5697 877 5740 causa
915 5688 1142 5743 duorum
1176 5691 1374 5758 agitur,
1404 5704 1631 5760 quorum
1664 5691 1799 5747 alter
1823 5693 1991 5763 copiis

2084 4513 2275 4576 ποινὰς
2328 4515 2384 4566 ἐν
2415 4515 2540 4586 τῇδε
2563 4519 2625 4587 τῇ
2678 4515 2843 4590 βίϐλῳ
2899 4519 3290 4590 φανερωτέρως
3336 4538 3395 4574 τε
3438 4523 3529 4575 καὶ
3565 4523 3656 4575 λε-

2085 4603 2363 4674 πτοτέρως
2407 4606 2781 4678 ἀναληφθῆναι
2841 4609 3097 4681 ἁρμόδιον
3125 4611 3471 4682 ἡγησάμεθα,
3521 4614 3655 4684 πρὶς

2085 4695 2417 4749 εὐσύνοπτον
2445 4697 2544 4767 τῆς
2571 4698 2680 4751 τῶν
2715 4699 2971 4754 τοιούτων
3005 4701 3248 4754 εὐσεϐῶν
3277 4703 3458 4774 νόμων
3491 4705 3652 4758 δυνά-

2090 4802 2238 4856 μεως
2271 4786 2500 4858 εἴδησιν,
2524 4788 2619 4843 καὶ
2643 4788 2741 4860 τὴν
2769 4791 2826 4843 ἐν
2849 4791 3127 4870 εὐκρινείᾳ
3156 4791 3267 4846 τῶν
3315 4795 3652 4866 πραγμάτων

2087 4873 2402 4942 εὐλύτωσιν,
2460 4877 2555 4929 καὶ
2601 4876 2699 4948 τὴν
2755 4879 2969 4934 δικαίαν
3031 4881 3141 4936 τῶν
3191 4882 3654 4953 πλημμελούντων

2086 4967 2450 5035 ἐπεξέλευσιν,
2483 4967 2576 5021 καὶ
2595 4969 2694 5038 τὴν
2721 4969 2831 5022 τῶν
2869 4969 3184 5041 ἐπιρρεπῶς
3215 4974 3350 5044 πρὸς
3381 4975 3442 5029 τὸ
3473 4976 3654 5045 πλημ-

2091 5056 2272 5126 μελεῖν
2297 5056 2655 5126 διακειμένων
2687 5058 2985 5129 ἀναστολὴν
3023 5063 3117 5114 καὶ
3151 5063 3455 5133 διόρθωσιν.
3519 5066 3654 5129 Τοὺς

2087 5147 2144 5200 δὲ
2185 5148 2428 5217 μετιέναι
2471 5150 2837 5219 τεταγμένους
2883 5151 2953 5205 τὰ
3017 5153 3241 5224 νόμιμα,
3289 5156 3506 5212 πάντων
3549 5159 3654 5210 τῶν

2089 5240 2445 5309 ἀνθρωπίνων
2463 5241 2650 5294 παθῶν
2667 5241 3040 5314 παραινοῦμεν
3063 5245 3179 5316 ἅμα
3208 5245 3301 5300 καὶ
3327 5249 3653 5318 παρεγγυῶ·

2093 5348 2191 5400 μεν
2217 5332 2538 5400 ἀπέχεσθαι,
2575 5333 2667 5386 καὶ
2711 5333 2820 5387 άπδ
2855 5334 3042 5403 ὑγιοῦς
3075 5336 3317 5404 διανοίας
3359 5341 3654 5411 προφέρειν

2089 5422 2189 5491 τῆς
2214 5421 2446 5492 ἀληθοῦς
2474 5421 2818 5493 δικαιοσύνης
2845 5424 2916 5476 τά
2953 5425 3217 5496 κρίματα,
3247 5427 3341 5483 καὶ
3370 5429 3510 5500 μήτε
3562 5431 3654 5483 πέ-

2090 5530 2249 5583 νητος
2297 5516 2689 5584 καταφρονεῖν,
2723 5516 2860 5586 μήτε
2909 5514 3175 5588 δυνάστην
3223 5519 3510 5576 ἀδικοῦντα
3565 5523 3658 5589 ἐᾷν

2093 5603 2496 5674 ἀνεξέλεγκτον,
2521 5606 2657 5678 μήτε
2683 5607 2792 5692 μὴν
2833 5608 3074 5679 σχήματι
3103 5611 3202 5679 μὲν
3241 5611 3334 5664 καὶ
3387 5612 3530 5684 λόγῳ
3558 5613 3660 5683 τὴν

2095 5696 2440 5768 δικαιοσύνην
2478 5698 2921 5770 ὐπερθαυμάζειν
2959 5702 3052 5755 καὶ
3087 5702 3185 5775 τὴν
3216 5702 3464 5775 ἰσότητα·
3509 5703 3658 5776 ἔργῳ
