  <div class='ocr_page' id='page_1' title='image "/cluster/home/n/w/nwhite01/storage/ocr_20150623/113/hvd.32044073502270/232.png"; bbox 0 0 4084 6208; ppageno 0'>
   <div class='ocr_carea' id='block_1_1' title="bbox 439 291 544 356">
    <p class='ocr_par' dir='ltr' id='par_1_1' title="bbox 439 291 544 356">
     <span class='ocr_line' id='line_1_1' title="bbox 439 291 544 356; baseline 0 -1"><span class='ocrx_word' id='word_1_1' title='bbox 439 291 544 356; x_wconf 69' lang='grc'><strong>457</strong></span> 
     </span>
    </p>
   </div>
   <div class='ocr_carea' id='block_1_2' title="bbox 1692 294 2420 360">
    <p class='ocr_par' dir='ltr' id='par_1_2' title="bbox 1692 294 2420 360">
     <span class='ocr_line' id='line_1_2' title="bbox 1692 294 2420 360; baseline 0.007 -7"><span class='ocrx_word' id='word_1_2' title='bbox 1692 294 2083 357; x_wconf 80' lang='lat' dir='ltr'><strong>DELECTUS</strong></span> <span class='ocrx_word' id='word_1_3' title='bbox 2127 299 2420 360; x_wconf 84' lang='lat' dir='ltr'><strong>LEGUM.</strong></span> 
     </span>
    </p>
   </div>
   <div class='ocr_carea' id='block_1_3' title="bbox 2733 257 2760 273">
    <p class='ocr_par' dir='ltr' id='par_1_3' title="bbox 2733 257 2760 273">
     <span class='ocr_line' id='line_1_3' title="bbox 2733 257 2760 273; baseline 0 -2"><span class='ocrx_word' id='word_1_4' title='bbox 2733 257 2760 273; x_wconf 65' lang='grc' dir='ltr'><strong>ὶ-</strong></span> 
     </span>
    </p>
   </div>
   <div class='ocr_carea' id='block_1_4' title="bbox 3581 312 3692 376">
    <p class='ocr_par' dir='ltr' id='par_1_4' title="bbox 3581 312 3692 376">
     <span class='ocr_line' id='line_1_4' title="bbox 3581 312 3692 376; baseline 0.009 -2"><span class='ocrx_word' id='word_1_5' title='bbox 3581 312 3692 376; x_wconf 73' lang='grc'><strong>458</strong></span> 
     </span>
    </p>
   </div>
   <div class='ocr_carea' id='block_1_5' title="bbox 424 396 2022 492">
    <p class='ocr_par' dir='ltr' id='par_1_5' title="bbox 424 396 2022 474">
     <span class='ocr_line' id='line_1_5' title="bbox 424 396 2022 474; baseline 0.001 -20"><span class='ocrx_word' id='word_1_6' title='bbox 424 403 480 455; x_wconf 83' lang='grc' dir='ltr'>δὲ</span> <span class='ocrx_word' id='word_1_7' title='bbox 500 401 592 454; x_wconf 81' lang='grc' dir='ltr'>τὸν</span> <span class='ocrx_word' id='word_1_8' title='bbox 615 397 804 453; x_wconf 76' lang='grc' dir='ltr'>ἄδικον</span> <span class='ocrx_word' id='word_1_9' title='bbox 853 398 946 450; x_wconf 78' lang='grc' dir='ltr'>καὶ</span> <span class='ocrx_word' id='word_1_10' title='bbox 986 396 1365 452; x_wconf 81' lang='grc' dir='ltr'>πλεονεκτικὸν</span> <span class='ocrx_word' id='word_1_11' title='bbox 1397 401 1688 470; x_wconf 77' lang='grc' dir='ltr'>προτιμᾷν,</span> <span class='ocrx_word' id='word_1_12' title='bbox 1711 403 1786 466; x_wconf 83' lang='grc' dir='ltr'><strong>ὡς</strong></span> <span class='ocrx_word' id='word_1_13' title='bbox 1823 405 2022 474; x_wconf 66' lang='grc' dir='ltr'>ὠφέλι-</span> 
     </span>
    </p>
   </div>
   <div class='ocr_carea' id='block_1_6' title="bbox 2122 396 3702 492">
    <p class='ocr_par' dir='ltr' id='par_1_6' title="bbox 2127 408 3702 492">
     <span class='ocr_line' id='line_1_6' title="bbox 2127 408 3702 492; baseline 0.012 -32"><span class='ocrx_word' id='word_1_14' title='bbox 2127 408 2387 474; x_wconf 88' lang='lat' dir='ltr'><strong>abnndat,</strong></span> <span class='ocrx_word' id='word_1_15' title='bbox 2436 410 2570 465; x_wconf 99' lang='lat' dir='ltr'><strong>alter</strong></span> <span class='ocrx_word' id='word_1_16' title='bbox 2613 413 2790 467; x_wconf 85' lang='lat' dir='ltr'><strong>minus</strong></span> <span class='ocrx_word' id='word_1_17' title='bbox 2837 413 3020 482; x_wconf 86' lang='lat' dir='ltr'><strong>habet,</strong></span> <span class='ocrx_word' id='word_1_18' title='bbox 3070 417 3134 471; x_wconf 87' lang='lat' dir='ltr'><strong>ad</strong></span> <span class='ocrx_word' id='word_1_19' title='bbox 3173 416 3434 487; x_wconf 64' lang='lat' dir='ltr'><strong>aequalem</strong></span> <span class='ocrx_word' id='word_1_20' title='bbox 3469 435 3595 492; x_wconf 76' lang='lat' dir='ltr'><strong>erga</strong></span> <span class='ocrx_word' id='word_1_21' title='bbox 3640 439 3702 479; x_wconf 87' lang='lat' dir='ltr'><strong>se</strong></span> 
     </span>
    </p>
   </div>
   <div class='ocr_carea' id='block_1_7' title="bbox 429 491 2021 565">
    <p class='ocr_par' dir='ltr' id='par_1_7' title="bbox 429 491 2021 565">
     <span class='ocr_line' id='line_1_7' title="bbox 429 491 2021 565; baseline 0.004 -21"><span class='ocrx_word' id='word_1_22' title='bbox 429 509 550 565; x_wconf 83' lang='grc' dir='ltr'>μον·</span> <span class='ocrx_word' id='word_1_23' title='bbox 581 491 718 546; x_wconf 88' lang='grc' dir='ltr'><strong>ἀλλά</strong></span> <span class='ocrx_word' id='word_1_24' title='bbox 744 491 838 544; x_wconf 84' lang='grc' dir='ltr'><strong>δύο</strong></span> <span class='ocrx_word' id='word_1_25' title='bbox 879 492 1216 560; x_wconf 80' lang='grc' dir='ltr'><strong>κρινομένων</strong></span> <span class='ocrx_word' id='word_1_26' title='bbox 1234 493 1362 563; x_wconf 85' lang='grc' dir='ltr'>παρ’</span> <span class='ocrx_word' id='word_1_27' title='bbox 1391 493 1596 559; x_wconf 83' lang='grc' dir='ltr'>αὐτοῖς,</span> <span class='ocrx_word' id='word_1_28' title='bbox 1622 495 1714 548; x_wconf 84' lang='grc' dir='ltr'><strong>τοῦ</strong></span> <span class='ocrx_word' id='word_1_29' title='bbox 1742 513 1802 549; x_wconf 87' lang='grc' dir='ltr'><strong>τε</strong></span> <span class='ocrx_word' id='word_1_30' title='bbox 1830 498 2021 552; x_wconf 88' lang='grc' dir='ltr'>πλεον-</span> 
     </span>
    </p>
   </div>
   <div class='ocr_carea' id='block_1_8' title="bbox 429 580 2024 656">
    <p class='ocr_par' dir='ltr' id='par_1_8' title="bbox 429 580 2024 656">
     <span class='ocr_line' id='line_1_8' title="bbox 429 580 2024 656; baseline 0.004 -20"><span class='ocrx_word' id='word_1_31' title='bbox 429 583 737 647; x_wconf 82' lang='grc' dir='ltr'>εκτοῦντος,</span> <span class='ocrx_word' id='word_1_32' title='bbox 801 582 898 634; x_wconf 78' lang='grc' dir='ltr'>καὶ</span> <span class='ocrx_word' id='word_1_33' title='bbox 926 580 1017 633; x_wconf 90' lang='grc' dir='ltr'><strong>τοῦ</strong></span> <span class='ocrx_word' id='word_1_34' title='bbox 1055 582 1116 633; x_wconf 78' lang='grc' dir='ltr'>τὸ</span> <span class='ocrx_word' id='word_1_35' title='bbox 1157 582 1376 637; x_wconf 78' lang='grc' dir='ltr'>ἔλαττον</span> <span class='ocrx_word' id='word_1_36' title='bbox 1405 584 1641 654; x_wconf 79' lang='grc' dir='ltr'>ἔχοντος,</span> <span class='ocrx_word' id='word_1_37' title='bbox 1671 588 1750 650; x_wconf 81' lang='grc' dir='ltr'><strong>είς</strong></span> <span class='ocrx_word' id='word_1_38' title='bbox 1796 589 1858 641; x_wconf 86' lang='grc' dir='ltr'>τὸ</span> <span class='ocrx_word' id='word_1_39' title='bbox 1887 589 2024 656; x_wconf 84' lang='grc' dir='ltr'>πρὸς</span> 
     </span>
    </p>
   </div>
   <div class='ocr_carea' id='block_1_9' title="bbox 428 675 2023 749">
    <p class='ocr_par' dir='ltr' id='par_1_9' title="bbox 428 675 2023 749">
     <span class='ocr_line' id='line_1_9' title="bbox 428 675 2023 749; baseline 0.004 -21"><span class='ocrx_word' id='word_1_40' title='bbox 428 676 693 747; x_wconf 83' lang='grc' dir='ltr'><strong>ἀλλήλους</strong></span> <span class='ocrx_word' id='word_1_41' title='bbox 718 676 830 728; x_wconf 78' lang='grc' dir='ltr'>ἴσον</span> <span class='ocrx_word' id='word_1_42' title='bbox 858 675 1059 737; x_wconf 84' lang='grc' dir='ltr'>αὐτοὺς</span> <span class='ocrx_word' id='word_1_43' title='bbox 1086 675 1360 741; x_wconf 79' lang='grc' dir='ltr'><strong>ἵστασθαι,</strong></span> <span class='ocrx_word' id='word_1_44' title='bbox 1392 678 1488 730; x_wconf 76' lang='grc' dir='ltr'>καὶ</span> <span class='ocrx_word' id='word_1_45' title='bbox 1523 679 1778 732; x_wconf 85' lang='grc' dir='ltr'>τοσοῦτον</span> <span class='ocrx_word' id='word_1_46' title='bbox 1804 681 2023 749; x_wconf 77' lang='grc' dir='ltr'>ἀφελεῖν</span> 
     </span>
    </p>
   </div>
   <div class='ocr_carea' id='block_1_10' title="bbox 428 769 2019 844">
    <p class='ocr_par' dir='ltr' id='par_1_10' title="bbox 428 769 2019 844">
     <span class='ocr_line' id='line_1_10' title="bbox 428 769 2019 844; baseline 0.004 -22"><span class='ocrx_word' id='word_1_47' title='bbox 428 769 522 822; x_wconf 85' lang='grc' dir='ltr'><strong>τοῦ</strong></span> <span class='ocrx_word' id='word_1_48' title='bbox 584 769 969 838; x_wconf 81' lang='grc' dir='ltr'><strong>ὑπερέχοντος,</strong></span> <span class='ocrx_word' id='word_1_49' title='bbox 1028 769 1152 820; x_wconf 82' lang='grc' dir='ltr'>ὅσον</span> <span class='ocrx_word' id='word_1_50' title='bbox 1208 769 1598 840; x_wconf 83' lang='grc' dir='ltr'>ἐλαττούμενον</span> <span class='ocrx_word' id='word_1_51' title='bbox 1633 773 1837 842; x_wconf 77' lang='grc' dir='ltr'>εὕρωσι</span> <span class='ocrx_word' id='word_1_52' title='bbox 1867 791 2019 844; x_wconf 81' lang='grc' dir='ltr'>τηνιο</span> 
     </span>
    </p>
   </div>
   <div class='ocr_carea' id='block_1_11' title="bbox 430 859 2020 934">
    <p class='ocr_par' dir='ltr' id='par_1_11' title="bbox 430 859 2020 934">
     <span class='ocr_line' id='line_1_11' title="bbox 430 859 2020 934; baseline 0.003 -19"><span class='ocrx_word' id='word_1_53' title='bbox 430 861 609 915; x_wconf 84' lang='grc' dir='ltr'>καῦτα</span> <span class='ocrx_word' id='word_1_54' title='bbox 662 865 752 912; x_wconf 76' lang='grc' dir='ltr'>τὸν</span> <span class='ocrx_word' id='word_1_55' title='bbox 793 859 1170 928; x_wconf 80' lang='grc' dir='ltr'>ἀδικούμενον.</span> <span class='ocrx_word' id='word_1_56' title='bbox 1224 862 1285 914; x_wconf 82' lang='grc' dir='ltr'><strong>Οἱ</strong></span> <span class='ocrx_word' id='word_1_57' title='bbox 1320 863 1429 934; x_wconf 83' lang='grc' dir='ltr'>γὰρ</span> <span class='ocrx_word' id='word_1_58' title='bbox 1477 865 1577 933; x_wconf 84' lang='grc' dir='ltr'>τ’ὴν</span> <span class='ocrx_word' id='word_1_59' title='bbox 1606 864 1779 934; x_wconf 87' lang='grc' dir='ltr'>ἀληθῆ</span> <span class='ocrx_word' id='word_1_60' title='bbox 1811 867 2020 921; x_wconf 87' lang='grc' dir='ltr'>δικαιο-</span> 
     </span>
    </p>
   </div>
   <div class='ocr_carea' id='block_1_12' title="bbox 431 951 2020 1029">
    <p class='ocr_par' dir='ltr' id='par_1_12' title="bbox 431 951 2020 1029">
     <span class='ocr_line' id='line_1_12' title="bbox 431 951 2020 1029; baseline 0.004 -23"><span class='ocrx_word' id='word_1_61' title='bbox 431 953 599 1020; x_wconf 87' lang='grc' dir='ltr'>σύνην</span> <span class='ocrx_word' id='word_1_62' title='bbox 639 955 760 1014; x_wconf 86' lang='grc' dir='ltr'>ταῖς</span> <span class='ocrx_word' id='word_1_63' title='bbox 812 951 1024 1005; x_wconf 81' lang='grc' dir='ltr'><strong>ἑαυτῶν</strong></span> <span class='ocrx_word' id='word_1_64' title='bbox 1098 951 1299 1022; x_wconf 77' lang='grc' dir='ltr'><strong>ψυχαῖς</strong></span> <span class='ocrx_word' id='word_1_65' title='bbox 1357 957 1899 1028; x_wconf 85' lang='grc' dir='ltr'>προεναποκειμὲνην</span> <span class='ocrx_word' id='word_1_66' title='bbox 1946 961 2020 1029; x_wconf 78' lang='grc' dir='ltr'>μὴ</span> 
     </span>
    </p>
   </div>
   <div class='ocr_carea' id='block_1_13' title="bbox 430 1042 2022 1123">
    <p class='ocr_par' dir='ltr' id='par_1_13' title="bbox 430 1042 2022 1123">
     <span class='ocr_line' id='line_1_13' title="bbox 430 1042 2022 1123; baseline 0.003 -25"><span class='ocrx_word' id='word_1_67' title='bbox 430 1047 666 1115; x_wconf 83' lang='grc' dir='ltr'>ἔχοντες,</span> <span class='ocrx_word' id='word_1_68' title='bbox 711 1042 830 1097; x_wconf 88' lang='grc' dir='ltr'>ἀλλ’</span> <span class='ocrx_word' id='word_1_69' title='bbox 876 1043 910 1113; x_wconf 85' lang='grc' dir='ltr'>ἢ</span> <span class='ocrx_word' id='word_1_70' title='bbox 979 1044 1228 1114; x_wconf 87' lang='grc' dir='ltr'>χρήμασι</span> <span class='ocrx_word' id='word_1_71' title='bbox 1285 1045 1694 1117; x_wconf 82' lang='grc' dir='ltr'>διεφθαρμένοι,</span> <span class='ocrx_word' id='word_1_72' title='bbox 1759 1050 2022 1123; x_wconf 77' lang='grc' dir='ltr'>ἢὲχθραν</span> 
     </span>
    </p>
   </div>
   <div class='ocr_carea' id='block_1_14' title="bbox 430 1135 2022 1213">
    <p class='ocr_par' dir='ltr' id='par_1_14' title="bbox 430 1135 2022 1213">
     <span class='ocr_line' id='line_1_14' title="bbox 430 1135 2022 1213; baseline 0.004 -24"><span class='ocrx_word' id='word_1_73' title='bbox 430 1137 801 1208; x_wconf 88' lang='grc' dir='ltr'>ἀμυνόμενοι,</span> <span class='ocrx_word' id='word_1_74' title='bbox 875 1136 909 1207; x_wconf 81' lang='grc' dir='ltr'>ἢ</span> <span class='ocrx_word' id='word_1_75' title='bbox 967 1135 1289 1190; x_wconf 82' lang='grc' dir='ltr'><strong>δυναστείαν</strong></span> <span class='ocrx_word' id='word_1_76' title='bbox 1360 1139 1770 1211; x_wconf 82' lang='grc' dir='ltr'><strong>δυσωπούμενοι</strong></span> <span class='ocrx_word' id='word_1_77' title='bbox 1846 1145 2022 1213; x_wconf 89' lang='grc' dir='ltr'>κρῖμα</span> 
     </span>
    </p>
   </div>
   <div class='ocr_carea' id='block_1_15' title="bbox 428 1228 2024 1303">
    <p class='ocr_par' dir='ltr' id='par_1_15' title="bbox 428 1228 2024 1303">
     <span class='ocr_line' id='line_1_15' title="bbox 428 1228 2024 1303; baseline 0.004 -21"><span class='ocrx_word' id='word_1_78' title='bbox 428 1228 792 1282; x_wconf 82' lang='grc' dir='ltr'><strong>κατευθύνειν</strong></span> <span class='ocrx_word' id='word_1_79' title='bbox 848 1228 909 1280; x_wconf 88' lang='grc' dir='ltr'><strong>οὐ</strong></span> <span class='ocrx_word' id='word_1_80' title='bbox 968 1228 1264 1295; x_wconf 90' lang='grc' dir='ltr'>δύνανται,</span> <span class='ocrx_word' id='word_1_81' title='bbox 1320 1230 1628 1295; x_wconf 74' lang='grc' dir='ltr'><strong>δεικνύντες</strong></span> <span class='ocrx_word' id='word_1_82' title='bbox 1678 1233 1764 1303; x_wconf 77' lang='grc' dir='ltr'><strong>ἐφ’</strong></span> <span class='ocrx_word' id='word_1_83' title='bbox 1810 1235 2024 1298; x_wconf 78' lang='grc' dir='ltr'>ἑαυτοῖς</span> 
     </span>
    </p>
   </div>
   <div class='ocr_carea' id='block_1_16' title="bbox 426 1320 2023 1395">
    <p class='ocr_par' dir='ltr' id='par_1_16' title="bbox 426 1320 2023 1395">
     <span class='ocr_line' id='line_1_16' title="bbox 426 1320 2023 1395; baseline -0.004 -21"><span class='ocrx_word' id='word_1_84' title='bbox 426 1323 516 1374; x_wconf 66' lang='grc' dir='ltr'><strong>τὸν</strong></span> <span class='ocrx_word' id='word_1_85' title='bbox 545 1320 853 1390; x_wconf 80' lang='grc' dir='ltr'>Ψαλμῳδὸν</span> <span class='ocrx_word' id='word_1_86' title='bbox 905 1320 1256 1390; x_wconf 88' lang='grc' dir='ltr'>ἀληθεύοντα·</span> <span class='ocrx_word' id='word_1_87' title='bbox 1287 1339 1306 1373; x_wconf 80' lang='lat' dir='ltr'><strong>t</strong></span> <span class='ocrx_word' id='word_1_88' title='bbox 1330 1322 1394 1376; x_wconf 81' lang='grc' dir='ltr'><strong>ΕΞ</strong></span> <span class='ocrx_word' id='word_1_89' title='bbox 1428 1322 1643 1394; x_wconf 84' lang='grc' dir='ltr'>ἀληθῶς</span> <span class='ocrx_word' id='word_1_90' title='bbox 1673 1325 1782 1395; x_wconf 73' lang='grc' dir='ltr'>ἄρα</span> <span class='ocrx_word' id='word_1_91' title='bbox 1813 1326 2023 1380; x_wconf 61' lang='lat' dir='ltr'><strong>suum-</strong></span> 
     </span>
    </p>
   </div>
   <div class='ocr_carea' id='block_1_17' title="bbox 431 1412 2023 1487">
    <p class='ocr_par' dir='ltr' id='par_1_17' title="bbox 431 1412 2023 1487">
     <span class='ocr_line' id='line_1_17' title="bbox 431 1412 2023 1487; baseline 0.004 -22"><span class='ocrx_word' id='word_1_92' title='bbox 431 1413 596 1484; x_wconf 80' lang='grc' dir='ltr'>σύνην</span> <span class='ocrx_word' id='word_1_93' title='bbox 651 1412 884 1476; x_wconf 81' lang='grc' dir='ltr'><strong>λαλεῖτε,</strong></span> <span class='ocrx_word' id='word_1_94' title='bbox 945 1412 1169 1476; x_wconf 78' lang='grc' dir='ltr'><strong>εὐθείας</strong></span> <span class='ocrx_word' id='word_1_95' title='bbox 1200 1413 1426 1483; x_wconf 78' lang='grc' dir='ltr'>κρίνατε</span> <span class='ocrx_word' id='word_1_96' title='bbox 1471 1415 1573 1478; x_wconf 87' lang='grc' dir='ltr'><strong>τὰς</strong></span> <span class='ocrx_word' id='word_1_97' title='bbox 1633 1417 1866 1487; x_wconf 86' lang='grc' dir='ltr'><strong>κρίσεις,</strong></span> <span class='ocrx_word' id='word_1_98' title='bbox 1917 1419 2023 1471; x_wconf 76' lang='grc' dir='ltr'>υἱοὶ</span> 
     </span>
    </p>
   </div>
   <div class='ocr_carea' id='block_1_18' title="bbox 439 1503 2024 1581">
    <p class='ocr_par' dir='ltr' id='par_1_18' title="bbox 439 1503 2024 1581">
     <span class='ocr_line' id='line_1_18' title="bbox 439 1503 2024 1581; baseline 0.004 -26"><span class='ocrx_word' id='word_1_99' title='bbox 439 1506 549 1557; x_wconf 77' lang='grc' dir='ltr'><strong>τῶν</strong></span> <span class='ocrx_word' id='word_1_100' title='bbox 582 1503 905 1576; x_wconf 84' lang='grc' dir='ltr'>ἀνθρώπων.</span> <span class='ocrx_word' id='word_1_101' title='bbox 937 1503 1050 1556; x_wconf 73' lang='grc' dir='ltr'>Καὶ</span> <span class='ocrx_word' id='word_1_102' title='bbox 1084 1503 1194 1573; x_wconf 86' lang='grc' dir='ltr'><strong>γάρ</strong></span> <span class='ocrx_word' id='word_1_103' title='bbox 1229 1506 1287 1558; x_wconf 77' lang='grc' dir='ltr'>ἐν</span> <span class='ocrx_word' id='word_1_104' title='bbox 1333 1505 1529 1577; x_wconf 76' lang='grc' dir='ltr'>καρδίᾳ</span> <span class='ocrx_word' id='word_1_105' title='bbox 1587 1508 1816 1578; x_wconf 84' lang='grc' dir='ltr'>ἀνομίας</span> <span class='ocrx_word' id='word_1_106' title='bbox 1857 1511 2024 1581; x_wconf 85' lang='grc' dir='ltr'>ἐργά-</span> 
     </span>
    </p>
   </div>
   <div class='ocr_carea' id='block_1_19' title="bbox 436 1595 2024 1671">
    <p class='ocr_par' dir='ltr' id='par_1_19' title="bbox 436 1595 2024 1671">
     <span class='ocr_line' id='line_1_19' title="bbox 436 1595 2024 1671; baseline 0.004 -24"><span class='ocrx_word' id='word_1_107' title='bbox 436 1595 594 1659; x_wconf 81' lang='grc' dir='ltr'>ζεσθε</span> <span class='ocrx_word' id='word_1_108' title='bbox 638 1598 697 1649; x_wconf 84' lang='grc' dir='ltr'><strong>ἑν</strong></span> <span class='ocrx_word' id='word_1_109' title='bbox 745 1599 812 1666; x_wconf 81' lang='grc' dir='ltr'>τῇ</span> <span class='ocrx_word' id='word_1_110' title='bbox 867 1598 960 1666; x_wconf 83' lang='grc' dir='ltr'><strong>γῇ,</strong></span> <span class='ocrx_word' id='word_1_111' title='bbox 997 1595 1214 1649; x_wconf 80' lang='grc' dir='ltr'>ἀδικίαν</span> <span class='ocrx_word' id='word_1_112' title='bbox 1274 1599 1330 1650; x_wconf 83' lang='grc' dir='ltr'>αἱ</span> <span class='ocrx_word' id='word_1_113' title='bbox 1379 1600 1558 1667; x_wconf 87' lang='grc' dir='ltr'>χεῖρες</span> <span class='ocrx_word' id='word_1_114' title='bbox 1590 1598 1743 1669; x_wconf 92' lang='grc' dir='ltr'>ὑμῶν</span> <span class='ocrx_word' id='word_1_115' title='bbox 1783 1601 2024 1671; x_wconf 72' lang='grc' dir='ltr'>συμπλέ-</span> 
     </span>
    </p>
   </div>
   <div class='ocr_carea' id='block_1_20' title="bbox 432 1688 2023 1766">
    <p class='ocr_par' dir='ltr' id='par_1_20' title="bbox 432 1688 2023 1766">
     <span class='ocr_line' id='line_1_20' title="bbox 432 1688 2023 1766; baseline 0.003 -24"><span class='ocrx_word' id='word_1_116' title='bbox 432 1707 646 1742; x_wconf 85' lang='grc' dir='ltr'>κουσιν.</span> <span class='ocrx_word' id='word_1_117' title='bbox 689 1707 708 1740; x_wconf 74' lang='grc' dir='ltr'><strong>ι</strong></span> <span class='ocrx_word' id='word_1_118' title='bbox 770 1688 983 1758; x_wconf 79' lang='grc' dir='ltr'>Ὠσπερ</span> <span class='ocrx_word' id='word_1_119' title='bbox 1021 1690 1115 1742; x_wconf 79' lang='grc' dir='ltr'><strong>καὶ</strong></span> <span class='ocrx_word' id='word_1_120' title='bbox 1162 1692 1190 1742; x_wconf 86' lang='grc' dir='ltr'>ὁ</span> <span class='ocrx_word' id='word_1_121' title='bbox 1233 1690 1488 1761; x_wconf 83' lang='grc' dir='ltr'>Σολομῶν</span> <span class='ocrx_word' id='word_1_122' title='bbox 1521 1694 1549 1745; x_wconf 87' lang='grc' dir='ltr'><strong>ό</strong></span> <span class='ocrx_word' id='word_1_123' title='bbox 1589 1694 1752 1764; x_wconf 79' lang='grc' dir='ltr'>σοφὸς</span> <span class='ocrx_word' id='word_1_124' title='bbox 1795 1694 1856 1747; x_wconf 80' lang='grc' dir='ltr'>τὸ</span> <span class='ocrx_word' id='word_1_125' title='bbox 1895 1696 2023 1766; x_wconf 72' lang='grc' dir='ltr'>περὶ</span> 
     </span>
    </p>
   </div>
   <div class='ocr_carea' id='block_1_21' title="bbox 431 1763 2097 1859">
    <p class='ocr_par' dir='ltr' id='par_1_21' title="bbox 431 1763 2097 1859">
     <span class='ocr_line' id='line_1_21' title="bbox 431 1763 2097 1859; baseline 0.004 -26"><span class='ocrx_word' id='word_1_126' title='bbox 431 1781 532 1851; x_wconf 84' lang='grc' dir='ltr'>τὴν</span> <span class='ocrx_word' id='word_1_127' title='bbox 597 1781 780 1851; x_wconf 83' lang='grc' dir='ltr'>κρίσιν</span> <span class='ocrx_word' id='word_1_128' title='bbox 834 1781 1016 1834; x_wconf 81' lang='grc' dir='ltr'>ἄνισον</span> <span class='ocrx_word' id='word_1_129' title='bbox 1074 1784 1140 1852; x_wconf 78' lang='grc' dir='ltr'>τῇ</span> <span class='ocrx_word' id='word_1_130' title='bbox 1199 1782 1306 1836; x_wconf 89' lang='grc' dir='ltr'><strong>τῶν</strong></span> <span class='ocrx_word' id='word_1_131' title='bbox 1376 1785 1632 1855; x_wconf 84' lang='grc' dir='ltr'>σταθμῶν</span> <span class='ocrx_word' id='word_1_132' title='bbox 1683 1763 2022 1859; x_wconf 82' lang='grc' dir='ltr'>προσηγορίᾳ</span> <span class='ocrx_word' id='word_1_133' title='bbox 2054 1763 2097 1820; x_wconf 76' lang='grc' dir='ltr'><strong>Β</strong></span> 
     </span>
    </p>
   </div>
   <div class='ocr_carea' id='block_1_22' title="bbox 436 1871 2016 1948">
    <p class='ocr_par' dir='ltr' id='par_1_22' title="bbox 436 1871 2016 1948">
     <span class='ocr_line' id='line_1_22' title="bbox 436 1871 2016 1948; baseline 0.004 -24"><span class='ocrx_word' id='word_1_134' title='bbox 436 1871 851 1943; x_wconf 78' lang='grc' dir='ltr'>παρωμοιακὼς</span> <span class='ocrx_word' id='word_1_135' title='bbox 899 1871 1324 1945; x_wconf 75' lang='grc' dir='ltr'>[παροιμιακῶς]</span> <span class='ocrx_word' id='word_1_136' title='bbox 1400 1877 1774 1947; x_wconf 73' lang='grc' dir='ltr'>αἰνιττόμενος</span> <span class='ocrx_word' id='word_1_137' title='bbox 1823 1878 2016 1948; x_wconf 80' lang='grc' dir='ltr'>ἔφησε·</span> 
     </span>
    </p>
   </div>
   <div class='ocr_carea' id='block_1_23' title="bbox 436 1965 2015 2040">
    <p class='ocr_par' dir='ltr' id='par_1_23' title="bbox 436 1965 2015 2040">
     <span class='ocr_line' id='line_1_23' title="bbox 436 1965 2015 2040; baseline 0.004 -25"><span class='ocrx_word' id='word_1_138' title='bbox 436 1983 455 2015; x_wconf 75' lang='grc' dir='ltr'><strong>ι</strong></span> <span class='ocrx_word' id='word_1_139' title='bbox 481 1965 730 2034; x_wconf 86' lang='grc' dir='ltr'>Σταθμὸν</span> <span class='ocrx_word' id='word_1_140' title='bbox 756 1965 901 2033; x_wconf 85' lang='grc' dir='ltr'>μέγα</span> <span class='ocrx_word' id='word_1_141' title='bbox 929 1965 1023 2018; x_wconf 66' lang='grc' dir='ltr'>καὶ</span> <span class='ocrx_word' id='word_1_142' title='bbox 1057 1966 1274 2035; x_wconf 78' lang='grc' dir='ltr'>μικρὸν,</span> <span class='ocrx_word' id='word_1_143' title='bbox 1300 1966 1561 2034; x_wconf 80' lang='grc' dir='ltr'>βδελυκτά</span> <span class='ocrx_word' id='word_1_144' title='bbox 1579 1971 1730 2039; x_wconf 88' lang='grc' dir='ltr'><strong>παρά</strong></span> <span class='ocrx_word' id='word_1_145' title='bbox 1757 1971 1980 2040; x_wconf 82' lang='grc' dir='ltr'>Κυρίου.</span> <span class='ocrx_word' id='word_1_146' title='bbox 1998 1991 2015 2022; x_wconf 75' lang='grc' dir='ltr'><strong><em>ι</em></strong></span> 
     </span>
    </p>
   </div>
   <div class='ocr_carea' id='block_1_24' title="bbox 431 2054 2020 2131">
    <p class='ocr_par' dir='ltr' id='par_1_24' title="bbox 431 2054 2020 2131">
     <span class='ocr_line' id='line_1_24' title="bbox 431 2054 2020 2131; baseline 0.005 -25"><span class='ocrx_word' id='word_1_147' title='bbox 431 2055 540 2106; x_wconf 70' lang='grc' dir='ltr'>Καὶ</span> <span class='ocrx_word' id='word_1_148' title='bbox 559 2055 730 2107; x_wconf 87' lang='grc' dir='ltr'>ταῦτα</span> <span class='ocrx_word' id='word_1_149' title='bbox 751 2056 863 2117; x_wconf 88' lang='grc' dir='ltr'>τοῖς</span> <span class='ocrx_word' id='word_1_150' title='bbox 882 2054 1061 2107; x_wconf 80' lang='grc' dir='ltr'>νοοῦσι</span> <span class='ocrx_word' id='word_1_151' title='bbox 1090 2056 1188 2122; x_wconf 82' lang='grc' dir='ltr'>μὲν</span> <span class='ocrx_word' id='word_1_152' title='bbox 1207 2056 1509 2123; x_wconf 79' lang='grc' dir='ltr'>τὸδίκαιον,</span> <span class='ocrx_word' id='word_1_153' title='bbox 1532 2062 1942 2131; x_wconf 78' lang='grc' dir='ltr'>παρατρέπουσι</span> <span class='ocrx_word' id='word_1_154' title='bbox 1964 2061 2020 2113; x_wconf 84' lang='grc' dir='ltr'>δὲ</span> 
     </span>
    </p>
   </div>
   <div class='ocr_carea' id='block_1_25' title="bbox 434 2145 2022 2225">
    <p class='ocr_par' dir='ltr' id='par_1_25' title="bbox 434 2145 2022 2225">
     <span class='ocr_line' id='line_1_25' title="bbox 434 2145 2022 2225; baseline 0.006 -29"><span class='ocrx_word' id='word_1_155' title='bbox 434 2148 532 2214; x_wconf 71' lang='grc' dir='ltr'>τὴν</span> <span class='ocrx_word' id='word_1_156' title='bbox 555 2145 833 2216; x_wconf 78' lang='grc' dir='ltr'>ἀλήθειαν,</span> <span class='ocrx_word' id='word_1_157' title='bbox 858 2148 1263 2218; x_wconf 84' lang='grc' dir='ltr'>παραινετικῶς</span> <span class='ocrx_word' id='word_1_158' title='bbox 1293 2149 1411 2218; x_wconf 75' lang='grc' dir='ltr'>ἅμα</span> <span class='ocrx_word' id='word_1_159' title='bbox 1441 2150 1536 2203; x_wconf 70' lang='grc' dir='ltr'><strong>κα)⁸</strong></span> <span class='ocrx_word' id='word_1_160' title='bbox 1556 2154 2022 2225; x_wconf 76' lang='grc' dir='ltr'>προμαρτυρικῶς</span> 
     </span>
    </p>
   </div>
   <div class='ocr_carea' id='block_1_26' title="bbox 437 2234 2021 2315">
    <p class='ocr_par' dir='ltr' id='par_1_26' title="bbox 437 2234 2021 2315">
     <span class='ocr_line' id='line_1_26' title="bbox 437 2234 2021 2315; baseline 0.008 -28"><span class='ocrx_word' id='word_1_161' title='bbox 437 2237 567 2308; x_wconf 65' lang='grc' dir='ltr'>παρ’</span> <span class='ocrx_word' id='word_1_162' title='bbox 595 2238 749 2307; x_wconf 83' lang='grc' dir='ltr'>ήμῶν</span> <span class='ocrx_word' id='word_1_163' title='bbox 793 2237 1163 2292; x_wconf 84' lang='grc' dir='ltr'>διατέτακται.</span> <span class='ocrx_word' id='word_1_164' title='bbox 1208 2234 1302 2302; x_wconf 75' lang='grc' dir='ltr'><strong>Οἷς</strong></span> <span class='ocrx_word' id='word_1_165' title='bbox 1343 2240 1400 2292; x_wconf 85' lang='grc' dir='ltr'>δὲ</span> <span class='ocrx_word' id='word_1_166' title='bbox 1421 2241 1600 2306; x_wconf 89' lang='grc' dir='ltr'>τοῦτο,</span> <span class='ocrx_word' id='word_1_167' title='bbox 1671 2243 1758 2296; x_wconf 90' lang='grc' dir='ltr'><strong>διά</strong></span> <span class='ocrx_word' id='word_1_168' title='bbox 1786 2243 1846 2299; x_wconf 72' lang='grc' dir='ltr'>τὸ</span> <span class='ocrx_word' id='word_1_169' title='bbox 1893 2251 2021 2315; x_wconf 78' lang='grc' dir='ltr'>περὶ</span> 
     </span>
    </p>
   </div>
   <div class='ocr_carea' id='block_1_27' title="bbox 385 2329 2018 2404">
    <p class='ocr_par' dir='ltr' id='par_1_27' title="bbox 385 2329 2018 2404">
     <span class='ocr_line' id='line_1_27' title="bbox 385 2329 2018 2404; baseline 0.005 -23"><span class='ocrx_word' id='word_1_170' title='bbox 385 2366 390 2368; x_wconf 96' lang='grc'><strong>-</strong></span> <span class='ocrx_word' id='word_1_171' title='bbox 430 2330 526 2399; x_wconf 80' lang='grc' dir='ltr'>τὴν</span> <span class='ocrx_word' id='word_1_172' title='bbox 553 2329 812 2401; x_wconf 79' lang='grc' dir='ltr'>φρόνησιν</span> <span class='ocrx_word' id='word_1_173' title='bbox 837 2329 1104 2396; x_wconf 82' lang='grc' dir='ltr'>ἑλλειπὲς,</span> <span class='ocrx_word' id='word_1_174' title='bbox 1150 2332 1383 2403; x_wconf 79' lang='grc' dir='ltr'>ὑπάρχει</span> <span class='ocrx_word' id='word_1_175' title='bbox 1407 2334 1761 2404; x_wconf 83' lang='grc' dir='ltr'>δυσθήρατον,</span> <span class='ocrx_word' id='word_1_176' title='bbox 1793 2337 1887 2388; x_wconf 75' lang='grc' dir='ltr'>καὶ</span> <span class='ocrx_word' id='word_1_177' title='bbox 1912 2336 2018 2389; x_wconf 82' lang='grc' dir='ltr'>δια·</span> 
     </span>
    </p>
   </div>
   <div class='ocr_carea' id='block_1_28' title="bbox 427 2424 2015 2498">
    <p class='ocr_par' dir='ltr' id='par_1_28' title="bbox 427 2424 2015 2498">
     <span class='ocr_line' id='line_1_28' title="bbox 427 2424 2015 2498; baseline 0.004 -24"><span class='ocrx_word' id='word_1_178' title='bbox 427 2425 610 2492; x_wconf 88' lang='grc' dir='ltr'>νεῖμαι</span> <span class='ocrx_word' id='word_1_179' title='bbox 632 2424 692 2476; x_wconf 84' lang='grc' dir='ltr'>τὸ</span> <span class='ocrx_word' id='word_1_180' title='bbox 726 2425 840 2476; x_wconf 82' lang='grc' dir='ltr'>ἴσον</span> <span class='ocrx_word' id='word_1_181' title='bbox 872 2424 1108 2494; x_wconf 77' lang='grc' dir='ltr'>ἑκάστῳ,</span> <span class='ocrx_word' id='word_1_182' title='bbox 1135 2425 1415 2489; x_wconf 80' lang='grc' dir='ltr'>παντελῶς</span> <span class='ocrx_word' id='word_1_183' title='bbox 1443 2427 1678 2498; x_wconf 83' lang='grc' dir='ltr'>ὑπάρχει</span> <span class='ocrx_word' id='word_1_184' title='bbox 1705 2427 2015 2497; x_wconf 73' lang='grc' dir='ltr'>ἀνέφικτον,</span> 
     </span>
    </p>
   </div>
   <div class='ocr_carea' id='block_1_29' title="bbox 427 2507 2019 2589">
    <p class='ocr_par' dir='ltr' id='par_1_29' title="bbox 427 2507 2019 2589">
     <span class='ocr_line' id='line_1_29' title="bbox 427 2507 2019 2589; baseline 0.003 -23"><span class='ocrx_word' id='word_1_185' title='bbox 427 2507 574 2567; x_wconf 71' lang='grc' dir='ltr'>οὗτοι</span> <span class='ocrx_word' id='word_1_186' title='bbox 597 2516 735 2568; x_wconf 83' lang='grc' dir='ltr'><strong>κατά</strong></span> <span class='ocrx_word' id='word_1_187' title='bbox 756 2514 816 2567; x_wconf 79' lang='grc' dir='ltr'>τὸ</span> <span class='ocrx_word' id='word_1_188' title='bbox 835 2515 938 2567; x_wconf 84' lang='grc' dir='ltr'>ὑπὸ</span> <span class='ocrx_word' id='word_1_189' title='bbox 959 2514 1136 2585; x_wconf 81' lang='grc' dir='ltr'>Ἰησοῦ</span> <span class='ocrx_word' id='word_1_190' title='bbox 1161 2515 1256 2568; x_wconf 92' lang='grc' dir='ltr'><strong>τοῦ</strong></span> <span class='ocrx_word' id='word_1_191' title='bbox 1289 2517 1463 2587; x_wconf 82' lang='grc' dir='ltr'>Σιράχ</span> <span class='ocrx_word' id='word_1_192' title='bbox 1507 2517 1820 2587; x_wconf 90' lang='grc' dir='ltr'>λεγόμενον,</span> <span class='ocrx_word' id='word_1_193' title='bbox 1881 2519 2019 2589; x_wconf 88' lang='grc' dir='ltr'>μήτε</span> 
     </span>
    </p>
   </div>
   <div class='ocr_carea' id='block_1_30' title="bbox 429 2605 2019 2680">
    <p class='ocr_par' dir='ltr' id='par_1_30' title="bbox 429 2605 2019 2680">
     <span class='ocr_line' id='line_1_30' title="bbox 429 2605 2019 2680; baseline 0.003 -21"><span class='ocrx_word' id='word_1_194' title='bbox 429 2607 580 2677; x_wconf 81' lang='grc' dir='ltr'><strong>παρά</strong></span> <span class='ocrx_word' id='word_1_195' title='bbox 601 2605 808 2678; x_wconf 81' lang='grc' dir='ltr'>Κυρίου</span> <span class='ocrx_word' id='word_1_196' title='bbox 863 2608 1191 2677; x_wconf 79' lang='grc' dir='ltr'>ἡγεμονείαν</span> <span class='ocrx_word' id='word_1_197' title='bbox 1245 2607 1602 2678; x_wconf 75' lang='grc' dir='ltr'>ζητείτωσαν,</span> <span class='ocrx_word' id='word_1_198' title='bbox 1676 2611 1812 2679; x_wconf 84' lang='grc' dir='ltr'>μήτε</span> <span class='ocrx_word' id='word_1_199' title='bbox 1868 2611 2019 2680; x_wconf 73' lang='grc' dir='ltr'>παρὰ</span> 
     </span>
    </p>
   </div>
   <div class='ocr_carea' id='block_1_31' title="bbox 431 2694 2016 2768">
    <p class='ocr_par' dir='ltr' id='par_1_31' title="bbox 431 2694 2016 2768">
     <span class='ocr_line' id='line_1_31' title="bbox 431 2694 2016 2768; baseline 0.002 -21"><span class='ocrx_word' id='word_1_200' title='bbox 431 2695 697 2764; x_wconf 71' lang='grc' dir='ltr'>βασιλέως</span> <span class='ocrx_word' id='word_1_201' title='bbox 723 2694 992 2766; x_wconf 83' lang='grc' dir='ltr'>καθέδραν</span> <span class='ocrx_word' id='word_1_202' title='bbox 1012 2695 1170 2765; x_wconf 82' lang='grc' dir='ltr'>δόξης</span> <span class='ocrx_word' id='word_1_203' title='bbox 1201 2696 1547 2762; x_wconf 79' lang='grc' dir='ltr'>αἱτείτωσαν,</span> <span class='ocrx_word' id='word_1_204' title='bbox 1590 2698 1728 2768; x_wconf 81' lang='grc' dir='ltr'>μήτε</span> <span class='ocrx_word' id='word_1_205' title='bbox 1771 2698 2016 2766; x_wconf 88' lang='grc' dir='ltr'>γίνεσθαι</span> 
     </span>
    </p>
   </div>
   <div class='ocr_carea' id='block_1_32' title="bbox 430 2789 2018 2860">
    <p class='ocr_par' dir='ltr' id='par_1_32' title="bbox 430 2789 2018 2860">
     <span class='ocr_line' id='line_1_32' title="bbox 430 2789 2018 2860; baseline 0.003 -20"><span class='ocrx_word' id='word_1_206' title='bbox 430 2789 614 2858; x_wconf 71' lang='grc' dir='ltr'>κριταὶ</span> <span class='ocrx_word' id='word_1_207' title='bbox 667 2790 1122 2860; x_wconf 84' lang='grc' dir='ltr'>προαιρείτωσαν,</span> <span class='ocrx_word' id='word_1_208' title='bbox 1179 2789 1395 2853; x_wconf 75' lang='grc' dir='ltr'>ἀδικίας</span> <span class='ocrx_word' id='word_1_209' title='bbox 1451 2790 1704 2860; x_wconf 78' lang='grc' dir='ltr'>οὐδαμῶς</span> <span class='ocrx_word' id='word_1_210' title='bbox 1776 2792 2018 2860; x_wconf 82' lang='grc' dir='ltr'>ἐξαιρεῖν</span> 
     </span>
    </p>
   </div>
   <div class='ocr_carea' id='block_1_33' title="bbox 433 2877 2018 2952">
    <p class='ocr_par' dir='ltr' id='par_1_33' title="bbox 433 2877 2018 2952">
     <span class='ocr_line' id='line_1_33' title="bbox 433 2877 2018 2952; baseline 0.003 -22"><span class='ocrx_word' id='word_1_211' title='bbox 433 2879 729 2948; x_wconf 85' lang='grc' dir='ltr'>ἰσχύοντες.</span> <span class='ocrx_word' id='word_1_212' title='bbox 801 2880 865 2932; x_wconf 82' lang='grc' dir='ltr'>Οἱ</span> <span class='ocrx_word' id='word_1_213' title='bbox 925 2879 983 2931; x_wconf 80' lang='grc' dir='ltr'>δὲ</span> <span class='ocrx_word' id='word_1_214' title='bbox 1012 2877 1105 2932; x_wconf 92' lang='grc' dir='ltr'><strong>νοῦ</strong></span> <span class='ocrx_word' id='word_1_215' title='bbox 1137 2879 1231 2932; x_wconf 77' lang='grc' dir='ltr'><strong>καὶ</strong></span> <span class='ocrx_word' id='word_1_216' title='bbox 1291 2882 1607 2950; x_wconf 78' lang='grc' dir='ltr'>φρονήσεως</span> <span class='ocrx_word' id='word_1_217' title='bbox 1655 2881 1892 2952; x_wconf 79' lang='grc' dir='ltr'>μέτοχοι,</span> <span class='ocrx_word' id='word_1_218' title='bbox 1925 2883 2018 2936; x_wconf 70' lang='grc' dir='ltr'>καὶ</span> 
     </span>
    </p>
   </div>
   <div class='ocr_carea' id='block_1_34' title="bbox 434 2969 2016 3044">
    <p class='ocr_par' dir='ltr' id='par_1_34' title="bbox 434 2969 2016 3044">
     <span class='ocr_line' id='line_1_34' title="bbox 434 2969 2016 3044; baseline 0.003 -23"><span class='ocrx_word' id='word_1_219' title='bbox 434 2969 782 3039; x_wconf 86' lang='grc' dir='ltr'>δικαιοσύνης</span> <span class='ocrx_word' id='word_1_220' title='bbox 841 2970 1076 3040; x_wconf 80' lang='grc' dir='ltr'>ἀληθοῦς</span> <span class='ocrx_word' id='word_1_221' title='bbox 1134 2971 1379 3041; x_wconf 81' lang='grc' dir='ltr'>ἐναργῶς</span> <span class='ocrx_word' id='word_1_222' title='bbox 1437 2973 1827 3042; x_wconf 84' lang='grc' dir='ltr'>ἐπιστήμονες,</span> <span class='ocrx_word' id='word_1_223' title='bbox 1883 2974 2016 3044; x_wconf 86' lang='grc' dir='ltr'><strong>όρθά</strong></span> 
     </span>
    </p>
   </div>
   <div class='ocr_carea' id='block_1_35' title="bbox 428 3062 2022 3158">
    <p class='ocr_par' dir='ltr' id='par_1_35' title="bbox 428 3062 2014 3135">
     <span class='ocr_line' id='line_1_35' title="bbox 428 3062 2014 3135; baseline 0.004 -22"><span class='ocrx_word' id='word_1_224' title='bbox 428 3062 561 3132; x_wconf 79' lang='grc' dir='ltr'>περὶ</span> <span class='ocrx_word' id='word_1_225' title='bbox 583 3063 680 3127; x_wconf 78' lang='grc' dir='ltr'>τὰς</span> <span class='ocrx_word' id='word_1_226' title='bbox 701 3062 913 3135; x_wconf 86' lang='grc' dir='ltr'>κρίσεις</span> <span class='ocrx_word' id='word_1_227' title='bbox 941 3063 1314 3133; x_wconf 84' lang='grc' dir='ltr'>βλεπέτωσαν,</span> <span class='ocrx_word' id='word_1_228' title='bbox 1361 3065 1454 3116; x_wconf 71' lang='grc' dir='ltr'>καὶ</span> <span class='ocrx_word' id='word_1_229' title='bbox 1507 3064 1730 3127; x_wconf 87' lang='grc' dir='ltr'>ἀπαθῶς</span> <span class='ocrx_word' id='word_1_230' title='bbox 1783 3066 1850 3118; x_wconf 80' lang='grc' dir='ltr'><strong>τά</strong></span> <span class='ocrx_word' id='word_1_231' title='bbox 1896 3067 2014 3119; x_wconf 86' lang='grc' dir='ltr'>κατ’</span> 
     </span>
    </p>
   </div>
   <div class='ocr_carea' id='block_1_36' title="bbox 2122 3062 2634 3158">
    <p class='ocr_par' dir='ltr' id='par_1_36' title="bbox 2123 3075 2634 3136">
     <span class='ocr_line' id='line_1_36' title="bbox 2123 3075 2634 3136; baseline 0.016 -8"><span class='ocrx_word' id='word_1_232' title='bbox 2123 3075 2328 3131; x_wconf 90' lang='lat' dir='ltr'><strong>nientia</strong></span> <span class='ocrx_word' id='word_1_233' title='bbox 2369 3081 2634 3136; x_wconf 74' lang='lat' dir='ltr'><strong>tribuant.</strong></span> 
     </span>
    </p>
   </div>
   <div class='ocr_carea' id='block_1_37' title="bbox 427 3151 2015 3227">
    <p class='ocr_par' dir='ltr' id='par_1_37' title="bbox 427 3151 2015 3227">
     <span class='ocr_line' id='line_1_37' title="bbox 427 3151 2015 3227; baseline 0.001 -18"><span class='ocrx_word' id='word_1_234' title='bbox 427 3156 587 3221; x_wconf 79' lang='grc' dir='ltr'>ἀξίαν</span> <span class='ocrx_word' id='word_1_235' title='bbox 625 3156 838 3224; x_wconf 79' lang='grc' dir='ltr'>ἑκάστῳ</span> <span class='ocrx_word' id='word_1_236' title='bbox 896 3155 1232 3225; x_wconf 87' lang='grc' dir='ltr'>νεμέτωσαν.</span> <span class='ocrx_word' id='word_1_237' title='bbox 1274 3151 1430 3207; x_wconf 78' lang='grc' dir='ltr'>Οὕτω</span> <span class='ocrx_word' id='word_1_238' title='bbox 1474 3155 1582 3226; x_wconf 85' lang='grc' dir='ltr'><strong>γὰρ</strong></span> <span class='ocrx_word' id='word_1_239' title='bbox 1612 3157 1702 3208; x_wconf 77' lang='grc' dir='ltr'>καὶ</span> <span class='ocrx_word' id='word_1_240' title='bbox 1733 3158 1760 3208; x_wconf 89' lang='grc' dir='ltr'><strong>ὁ</strong></span> <span class='ocrx_word' id='word_1_241' title='bbox 1817 3157 2015 3227; x_wconf 84' lang='grc' dir='ltr'>Κύριος</span> 
     </span>
    </p>
   </div>
   <div class='ocr_carea' id='block_1_38' title="bbox 427 3247 2021 3319">
    <p class='ocr_par' dir='ltr' id='par_1_38' title="bbox 427 3247 2021 3319">
     <span class='ocr_line' id='line_1_38' title="bbox 427 3247 2021 3319; baseline 0.002 -19"><span class='ocrx_word' id='word_1_242' title='bbox 427 3248 590 3318; x_wconf 83' lang='grc' dir='ltr'>ήμῶν</span> <span class='ocrx_word' id='word_1_243' title='bbox 622 3247 833 3318; x_wconf 85' lang='grc' dir='ltr'>Ἰησοῦς</span> <span class='ocrx_word' id='word_1_244' title='bbox 890 3247 1146 3318; x_wconf 84' lang='grc' dir='ltr'>Χριστὸς,</span> <span class='ocrx_word' id='word_1_245' title='bbox 1197 3249 1231 3318; x_wconf 84' lang='grc' dir='ltr'>ἡ</span> <span class='ocrx_word' id='word_1_246' title='bbox 1290 3248 1385 3301; x_wconf 88' lang='grc' dir='ltr'><strong>τοῦ</strong></span> <span class='ocrx_word' id='word_1_247' title='bbox 1453 3248 1586 3300; x_wconf 80' lang='grc' dir='ltr'>Θεοῦ</span> <span class='ocrx_word' id='word_1_248' title='bbox 1638 3247 1868 3319; x_wconf 84' lang='grc' dir='ltr'>δύναμις</span> <span class='ocrx_word' id='word_1_249' title='bbox 1927 3251 2021 3303; x_wconf 79' lang='grc' dir='ltr'>καὶ</span> 
     </span>
    </p>
   </div>
   <div class='ocr_carea' id='block_1_39' title="bbox 430 3339 2018 3411">
    <p class='ocr_par' dir='ltr' id='par_1_39' title="bbox 430 3339 2018 3411">
     <span class='ocr_line' id='line_1_39' title="bbox 430 3339 2018 3411; baseline 0 -18"><span class='ocrx_word' id='word_1_250' title='bbox 430 3341 613 3409; x_wconf 70' lang='grc' dir='ltr'>σοφία,</span> <span class='ocrx_word' id='word_1_251' title='bbox 659 3341 1068 3411; x_wconf 86' lang='grc' dir='ltr'>περισσοτέρως</span> <span class='ocrx_word' id='word_1_252' title='bbox 1098 3340 1282 3403; x_wconf 87' lang='grc' dir='ltr'>αὐτοῖς</span> <span class='ocrx_word' id='word_1_253' title='bbox 1311 3339 1409 3410; x_wconf 86' lang='grc' dir='ltr'>τὴν</span> <span class='ocrx_word' id='word_1_254' title='bbox 1440 3339 1640 3406; x_wconf 89' lang='grc' dir='ltr'>γνῶσιν</span> <span class='ocrx_word' id='word_1_255' title='bbox 1679 3340 1774 3393; x_wconf 92' lang='grc' dir='ltr'><strong>τοῦ</strong></span> <span class='ocrx_word' id='word_1_256' title='bbox 1809 3341 2018 3395; x_wconf 86' lang='grc' dir='ltr'>δικαίου</span> 
     </span>
    </p>
   </div>
   <div class='ocr_carea' id='block_1_40' title="bbox 428 3432 2070 3504">
    <p class='ocr_par' dir='ltr' id='par_1_40' title="bbox 428 3432 2070 3504">
     <span class='ocr_line' id='line_1_40' title="bbox 428 3432 2070 3504; baseline 0.001 -19"><span class='ocrx_word' id='word_1_257' title='bbox 428 3433 740 3504; x_wconf 78' lang='grc' dir='ltr'>χαρίζεται,</span> <span class='ocrx_word' id='word_1_258' title='bbox 819 3434 912 3486; x_wconf 74' lang='grc' dir='ltr'>καὶ</span> <span class='ocrx_word' id='word_1_259' title='bbox 961 3432 1334 3502; x_wconf 77' lang='grc' dir='ltr'>ἀνακαλύπτει</span> <span class='ocrx_word' id='word_1_260' title='bbox 1382 3433 1494 3486; x_wconf 86' lang='grc' dir='ltr'><strong>τῶν</strong></span> <span class='ocrx_word' id='word_1_261' title='bbox 1540 3434 1882 3504; x_wconf 83' lang='grc' dir='ltr'>πραγμάτων</span> <span class='ocrx_word' id='word_1_262' title='bbox 1951 3434 2020 3487; x_wconf 84' lang='grc' dir='ltr'>τὰ</span> <span class='ocrx_word' id='word_1_263' title='bbox 2068 3472 2070 3474; x_wconf 57' lang='grc' dir='ltr'><strong>τ</strong></span> 
     </span>
    </p>
   </div>
   <div class='ocr_carea' id='block_1_41' title="bbox 429 3523 2018 3599">
    <p class='ocr_par' dir='ltr' id='par_1_41' title="bbox 429 3523 2018 3599">
     <span class='ocr_line' id='line_1_41' title="bbox 429 3523 2018 3599; baseline 0.001 -20"><span class='ocrx_word' id='word_1_264' title='bbox 429 3523 818 3596; x_wconf 80' lang='grc' dir='ltr'>δυσεξεύρητα’</span> <span class='ocrx_word' id='word_1_265' title='bbox 875 3525 934 3588; x_wconf 84' lang='grc' dir='ltr'>ὂς</span> <span class='ocrx_word' id='word_1_266' title='bbox 986 3527 1082 3579; x_wconf 78' lang='grc' dir='ltr'>καὶ</span> <span class='ocrx_word' id='word_1_267' title='bbox 1129 3526 1220 3580; x_wconf 83' lang='grc' dir='ltr'>τὸν</span> <span class='ocrx_word' id='word_1_268' title='bbox 1275 3525 1599 3597; x_wconf 86' lang='grc' dir='ltr'>Σολομῶντα</span> <span class='ocrx_word' id='word_1_269' title='bbox 1641 3527 2018 3599; x_wconf 76' lang='grc' dir='ltr'>ἐκζητήσαντα</span> 
     </span>
    </p>
   </div>
   <div class='ocr_carea' id='block_1_42' title="bbox 429 3617 2016 3690">
    <p class='ocr_par' dir='ltr' id='par_1_42' title="bbox 429 3617 2016 3690">
     <span class='ocr_line' id='line_1_42' title="bbox 429 3617 2016 3690; baseline 0.004 -20"><span class='ocrx_word' id='word_1_270' title='bbox 429 3617 492 3671; x_wconf 82' lang='grc' dir='ltr'><strong>τὸ</strong></span> <span class='ocrx_word' id='word_1_271' title='bbox 525 3618 731 3671; x_wconf 88' lang='grc' dir='ltr'>δίκαιον</span> <span class='ocrx_word' id='word_1_272' title='bbox 756 3618 986 3690; x_wconf 79' lang='grc' dir='ltr'>ἀληθείᾳ</span> <span class='ocrx_word' id='word_1_273' title='bbox 1019 3619 1262 3686; x_wconf 82' lang='grc' dir='ltr'>ἑσόφισε,</span> <span class='ocrx_word' id='word_1_274' title='bbox 1287 3620 1382 3672; x_wconf 76' lang='grc' dir='ltr'>καὶ</span> <span class='ocrx_word' id='word_1_275' title='bbox 1397 3622 1495 3690; x_wconf 77' lang='grc' dir='ltr'>τὴν</span> <span class='ocrx_word' id='word_1_276' title='bbox 1519 3637 1582 3672; x_wconf 87' lang='grc' dir='ltr'><strong>πε</strong></span> <span class='ocrx_word' id='word_1_277' title='bbox 1592 3619 1648 3688; x_wconf 64' lang='lat' dir='ltr'><strong>pi.</strong></span> <span class='ocrx_word' id='word_1_278' title='bbox 1682 3621 1776 3673; x_wconf 88' lang='grc' dir='ltr'><strong>τοῦ</strong></span> <span class='ocrx_word' id='word_1_279' title='bbox 1800 3623 2016 3676; x_wconf 79' lang='grc' dir='ltr'>παιδίου</span> 
     </span>
    </p>
   </div>
   <div class='ocr_carea' id='block_1_43' title="bbox 434 3711 2022 3784">
    <p class='ocr_par' dir='ltr' id='par_1_43' title="bbox 434 3711 2022 3784">
     <span class='ocr_line' id='line_1_43' title="bbox 434 3711 2022 3784; baseline 0.003 -21"><span class='ocrx_word' id='word_1_280' title='bbox 434 3711 612 3782; x_wconf 83' lang='grc' dir='ltr'>κρίσιν</span> <span class='ocrx_word' id='word_1_281' title='bbox 634 3711 808 3782; x_wconf 83' lang='grc' dir='ltr'>ὀρθῶς</span> <span class='ocrx_word' id='word_1_282' title='bbox 836 3713 929 3765; x_wconf 81' lang='grc' dir='ltr'><strong>καὶ</strong></span> <span class='ocrx_word' id='word_1_283' title='bbox 994 3712 1300 3776; x_wconf 80' lang='grc' dir='ltr'>εὐθυὸόλως</span> <span class='ocrx_word' id='word_1_284' title='bbox 1357 3716 1475 3778; x_wconf 87' lang='grc' dir='ltr'>ταῖς</span> <span class='ocrx_word' id='word_1_285' title='bbox 1514 3715 1760 3782; x_wconf 72' lang='grc' dir='ltr'>γυναιξὶν</span> <span class='ocrx_word' id='word_1_286' title='bbox 1810 3716 2022 3784; x_wconf 81' lang='grc' dir='ltr'>ἐξενεγ-</span> 
     </span>
    </p>
   </div>
   <div class='ocr_carea' id='block_1_44' title="bbox 433 3807 2021 3883">
    <p class='ocr_par' dir='ltr' id='par_1_44' title="bbox 433 3807 2021 3883">
     <span class='ocr_line' id='line_1_44' title="bbox 433 3807 2021 3883; baseline 0.003 -21"><span class='ocrx_word' id='word_1_287' title='bbox 433 3811 552 3863; x_wconf 83' lang='grc' dir='ltr'>κεῖν</span> <span class='ocrx_word' id='word_1_288' title='bbox 582 3809 910 3880; x_wconf 78' lang='grc' dir='ltr'>ἐχαρίσατο.</span> <span class='ocrx_word' id='word_1_289' title='bbox 964 3810 1184 3881; x_wconf 84' lang='grc' dir='ltr'>Ἐπειδὴ</span> <span class='ocrx_word' id='word_1_290' title='bbox 1213 3811 1323 3880; x_wconf 85' lang='grc' dir='ltr'>γὰρ</span> <span class='ocrx_word' id='word_1_291' title='bbox 1371 3811 1666 3882; x_wconf 84' lang='grc' dir='ltr'>ἀμάρτυρα</span> <span class='ocrx_word' id='word_1_292' title='bbox 1696 3807 1764 3881; x_wconf 80' lang='grc' dir='ltr'>ἦν</span> <span class='ocrx_word' id='word_1_293' title='bbox 1783 3813 1851 3864; x_wconf 81' lang='grc' dir='ltr'>τὰ</span> <span class='ocrx_word' id='word_1_294' title='bbox 1889 3814 2021 3883; x_wconf 85' lang='grc' dir='ltr'>παρ’</span> 
     </span>
    </p>
   </div>
   <div class='ocr_carea' id='block_1_45' title="bbox 432 3905 2018 3977">
    <p class='ocr_par' dir='ltr' id='par_1_45' title="bbox 432 3905 2018 3977">
     <span class='ocr_line' id='line_1_45' title="bbox 432 3905 2018 3977; baseline 0.002 -19"><span class='ocrx_word' id='word_1_295' title='bbox 432 3906 705 3977; x_wconf 78' lang='grc' dir='ltr'>ἑκατέρας</span> <span class='ocrx_word' id='word_1_296' title='bbox 750 3905 1042 3976; x_wconf 86' lang='grc' dir='ltr'>λεγόμενα,</span> <span class='ocrx_word' id='word_1_297' title='bbox 1082 3907 1173 3960; x_wconf 75' lang='grc' dir='ltr'><strong>ἐπὶ</strong></span> <span class='ocrx_word' id='word_1_298' title='bbox 1198 3905 1296 3977; x_wconf 81' lang='grc' dir='ltr'>τὴν</span> <span class='ocrx_word' id='word_1_299' title='bbox 1324 3907 1485 3975; x_wconf 80' lang='grc' dir='ltr'>φύσιν</span> <span class='ocrx_word' id='word_1_300' title='bbox 1534 3909 1782 3977; x_wconf 81' lang='grc' dir='ltr'>χωρῆσαι</span> <span class='ocrx_word' id='word_1_301' title='bbox 1814 3907 2018 3961; x_wconf 83' lang='grc' dir='ltr'>τούτων</span> 
     </span>
    </p>
   </div>
   <div class='ocr_carea' id='block_1_46' title="bbox 429 3996 2017 4068">
    <p class='ocr_par' dir='ltr' id='par_1_46' title="bbox 429 3996 2017 4068">
     <span class='ocr_line' id='line_1_46' title="bbox 429 3996 2017 4068; baseline 0.003 -20"><span class='ocrx_word' id='word_1_302' title='bbox 429 3997 708 4061; x_wconf 81' lang='grc' dir='ltr'>ἐκέλευσε,</span> <span class='ocrx_word' id='word_1_303' title='bbox 742 3999 837 4050; x_wconf 84' lang='grc' dir='ltr'>καὶ</span> <span class='ocrx_word' id='word_1_304' title='bbox 862 3996 931 4050; x_wconf 85' lang='grc' dir='ltr'><strong>δι’</strong></span> <span class='ocrx_word' id='word_1_305' title='bbox 958 3997 1129 4068; x_wconf 80' lang='grc' dir='ltr'>αὐτῆς</span> <span class='ocrx_word' id='word_1_306' title='bbox 1152 3998 1337 4068; x_wconf 81' lang='grc' dir='ltr'>εὑρεῖν</span> <span class='ocrx_word' id='word_1_307' title='bbox 1380 3998 1442 4050; x_wconf 80' lang='grc' dir='ltr'>τὸ</span> <span class='ocrx_word' id='word_1_308' title='bbox 1471 3997 1839 4067; x_wconf 83' lang='grc' dir='ltr'>ἀγνοούμενον</span> <span class='ocrx_word' id='word_1_309' title='bbox 1876 4016 2017 4066; x_wconf 85' lang='grc' dir='ltr'>παρ-</span> 
     </span>
    </p>
   </div>
   <div class='ocr_carea' id='block_1_47' title="bbox 429 4090 2020 4163">
    <p class='ocr_par' dir='ltr' id='par_1_47' title="bbox 429 4090 2020 4163">
     <span class='ocr_line' id='line_1_47' title="bbox 429 4090 2020 4163; baseline 0.003 -23"><span class='ocrx_word' id='word_1_310' title='bbox 429 4090 750 4143; x_wconf 86' lang='grc' dir='ltr'>εσκεύασεν·</span> <span class='ocrx_word' id='word_1_311' title='bbox 777 4091 867 4143; x_wconf 83' lang='grc' dir='ltr'>ὅτε</span> <span class='ocrx_word' id='word_1_312' title='bbox 905 4090 1004 4161; x_wconf 81' lang='grc' dir='ltr'>μὲν</span> <span class='ocrx_word' id='word_1_313' title='bbox 1044 4090 1364 4162; x_wconf 84' lang='grc' dir='ltr'>ήάλλοτρία</span> <span class='ocrx_word' id='word_1_314' title='bbox 1389 4090 1613 4154; x_wconf 85' lang='grc' dir='ltr'>ἀπαθῶς</span> <span class='ocrx_word' id='word_1_315' title='bbox 1655 4090 1715 4142; x_wconf 81' lang='grc' dir='ltr'>τὸ</span> <span class='ocrx_word' id='word_1_316' title='bbox 1753 4093 1880 4163; x_wconf 69' lang='grc' dir='ltr'>περὶ</span> <span class='ocrx_word' id='word_1_317' title='bbox 1922 4093 2020 4163; x_wconf 82' lang='grc' dir='ltr'>τῆς</span> 
     </span>
    </p>
   </div>
   <div class='ocr_carea' id='block_1_48' title="bbox 432 4180 2018 4254">
    <p class='ocr_par' dir='ltr' id='par_1_48' title="bbox 432 4180 2018 4254">
     <span class='ocr_line' id='line_1_48' title="bbox 432 4180 2018 4254; baseline 0.003 -22"><span class='ocrx_word' id='word_1_318' title='bbox 432 4180 764 4251; x_wconf 80' lang='grc' dir='ltr'>ἀναιρέσεως</span> <span class='ocrx_word' id='word_1_319' title='bbox 794 4181 889 4234; x_wconf 81' lang='grc' dir='ltr'><strong>τοῦ</strong></span> <span class='ocrx_word' id='word_1_320' title='bbox 927 4182 1115 4245; x_wconf 86' lang='grc' dir='ltr'>παιδὸς</span> <span class='ocrx_word' id='word_1_321' title='bbox 1145 4182 1470 4247; x_wconf 84' lang='grc' dir='ltr'>κατεδέξατο</span> <span class='ocrx_word' id='word_1_322' title='bbox 1497 4183 1848 4254; x_wconf 85' lang='grc' dir='ltr'>πρόσταγμα·</span> <span class='ocrx_word' id='word_1_323' title='bbox 1897 4185 1926 4254; x_wconf 80' lang='grc' dir='ltr'>ἡ</span> <span class='ocrx_word' id='word_1_324' title='bbox 1961 4183 2018 4236; x_wconf 81' lang='grc' dir='ltr'>δὲ</span> 
     </span>
    </p>
   </div>
   <div class='ocr_carea' id='block_1_49' title="bbox 428 4271 2020 4346">
    <p class='ocr_par' dir='ltr' id='par_1_49' title="bbox 428 4271 2020 4346">
     <span class='ocr_line' id='line_1_49' title="bbox 428 4271 2020 4346; baseline 0.004 -23"><span class='ocrx_word' id='word_1_325' title='bbox 428 4271 648 4340; x_wconf 81' lang='grc' dir='ltr'>ἀληθῶς</span> <span class='ocrx_word' id='word_1_326' title='bbox 679 4273 863 4344; x_wconf 85' lang='grc' dir='ltr'>μήτηρ</span> <span class='ocrx_word' id='word_1_327' title='bbox 911 4274 1030 4327; x_wconf 82' lang='grc' dir='ltr'>οὐδὲ</span> <span class='ocrx_word' id='word_1_328' title='bbox 1072 4273 1171 4344; x_wconf 78' lang='grc' dir='ltr'>τὴν</span> <span class='ocrx_word' id='word_1_329' title='bbox 1207 4275 1376 4345; x_wconf 79' lang='grc' dir='ltr'>ἀκοὴν</span> <span class='ocrx_word' id='word_1_330' title='bbox 1433 4275 1689 4345; x_wconf 82' lang='grc' dir='ltr'>ὑποσχεῖν</span> <span class='ocrx_word' id='word_1_331' title='bbox 1721 4275 1797 4346; x_wconf 78' lang='grc' dir='ltr'>τῷ</span> <span class='ocrx_word' id='word_1_332' title='bbox 1847 4293 2020 4346; x_wconf 87' lang='grc' dir='ltr'>προσ-</span> 
     </span>
    </p>
   </div>
   <div class='ocr_carea' id='block_1_50' title="bbox 425 4362 2015 4438">
    <p class='ocr_par' dir='ltr' id='par_1_50' title="bbox 425 4362 2015 4438">
     <span class='ocr_line' id='line_1_50' title="bbox 425 4362 2015 4438; baseline 0.004 -23"><span class='ocrx_word' id='word_1_333' title='bbox 425 4362 695 4432; x_wconf 80' lang='grc' dir='ltr'>τάγματι,</span> <span class='ocrx_word' id='word_1_334' title='bbox 734 4364 823 4418; x_wconf 64' lang='lat' dir='ltr'><strong>atat</strong></span> <span class='ocrx_word' id='word_1_335' title='bbox 870 4365 970 4435; x_wconf 81' lang='grc' dir='ltr'>τὴν</span> <span class='ocrx_word' id='word_1_336' title='bbox 1000 4365 1238 4436; x_wconf 79' lang='grc' dir='ltr'>φυσικὴν</span> <span class='ocrx_word' id='word_1_337' title='bbox 1289 4365 1696 4436; x_wconf 80' lang='grc' dir='ltr'>φιλοστοργίαν,</span> <span class='ocrx_word' id='word_1_338' title='bbox 1729 4367 2015 4438; x_wconf 75' lang='grc' dir='ltr'>ἠνέσχετο.</span> 
     </span>
    </p>
   </div>
   <div class='ocr_carea' id='block_1_51' title="bbox 499 4445 2094 4528">
    <p class='ocr_par' dir='ltr' id='par_1_51' title="bbox 499 4445 2094 4528">
     <span class='ocr_line' id='line_1_51' title="bbox 499 4445 2094 4528; baseline 0.002 -21"><span class='ocrx_word' id='word_1_339' title='bbox 499 4454 686 4508; x_wconf 86' lang='grc' dir='ltr'>Ταῦτα</span> <span class='ocrx_word' id='word_1_340' title='bbox 707 4455 1021 4522; x_wconf 86' lang='grc' dir='ltr'>νοείτωσαν,</span> <span class='ocrx_word' id='word_1_341' title='bbox 1052 4456 1229 4511; x_wconf 89' lang='grc' dir='ltr'>ταῦτα</span> <span class='ocrx_word' id='word_1_342' title='bbox 1273 4459 1666 4528; x_wconf 81' lang='grc' dir='ltr'>φρονείτωσαν,</span> <span class='ocrx_word' id='word_1_343' title='bbox 1703 4459 1761 4511; x_wconf 86' lang='grc' dir='ltr'><strong>ἑν</strong></span> <span class='ocrx_word' id='word_1_344' title='bbox 1799 4459 2012 4521; x_wconf 82' lang='grc' dir='ltr'>τούτοις</span> <span class='ocrx_word' id='word_1_345' title='bbox 2039 4445 2094 4503; x_wconf 81' lang='lat' dir='ltr'>D</span> 
     </span>
    </p>
   </div>
   <div class='ocr_carea' id='block_1_52' title="bbox 428 4547 2019 4620">
    <p class='ocr_par' dir='ltr' id='par_1_52' title="bbox 428 4547 2019 4620">
     <span class='ocr_line' id='line_1_52' title="bbox 428 4547 2019 4620; baseline 0.003 -22"><span class='ocrx_word' id='word_1_346' title='bbox 428 4547 946 4618; x_wconf 82' lang='grc' dir='ltr'>ἀναστραφήτωσαν</span> <span class='ocrx_word' id='word_1_347' title='bbox 993 4551 1042 4601; x_wconf 82' lang='grc' dir='ltr'>οἱ</span> <span class='ocrx_word' id='word_1_348' title='bbox 1066 4549 1216 4620; x_wconf 84' lang='grc' dir='ltr'><strong>παρά</strong></span> <span class='ocrx_word' id='word_1_349' title='bbox 1267 4550 1366 4618; x_wconf 85' lang='grc' dir='ltr'><strong>τῆς</strong></span> <span class='ocrx_word' id='word_1_350' title='bbox 1404 4549 1680 4619; x_wconf 82' lang='grc' dir='ltr'>ἡμετέρας</span> <span class='ocrx_word' id='word_1_351' title='bbox 1737 4549 2019 4613; x_wconf 79' lang='grc' dir='ltr'>εὐσεϐείας</span> 
     </span>
    </p>
   </div>
   <div class='ocr_carea' id='block_1_53' title="bbox 426 4637 2021 4711">
    <p class='ocr_par' dir='ltr' id='par_1_53' title="bbox 426 4637 2021 4711">
     <span class='ocr_line' id='line_1_53' title="bbox 426 4637 2021 4711; baseline 0.004 -21"><span class='ocrx_word' id='word_1_352' title='bbox 426 4637 641 4706; x_wconf 87' lang='grc' dir='ltr'>κρίνειν</span> <span class='ocrx_word' id='word_1_353' title='bbox 672 4641 998 4711; x_wconf 86' lang='grc' dir='ltr'>τεταγμένοι</span> <span class='ocrx_word' id='word_1_354' title='bbox 1041 4642 1109 4694; x_wconf 80' lang='grc' dir='ltr'><strong>τά</strong></span> <span class='ocrx_word' id='word_1_355' title='bbox 1131 4642 1458 4711; x_wconf 85' lang='grc' dir='ltr'>πράγματα,</span> <span class='ocrx_word' id='word_1_356' title='bbox 1500 4641 1592 4694; x_wconf 80' lang='grc' dir='ltr'><strong>καὶ</strong></span> <span class='ocrx_word' id='word_1_357' title='bbox 1625 4642 1733 4697; x_wconf 84' lang='grc' dir='ltr'><strong>τῶν</strong></span> <span class='ocrx_word' id='word_1_358' title='bbox 1781 4643 2021 4696; x_wconf 75' lang='grc' dir='ltr'>εὐσεϐῶν</span> 
     </span>
    </p>
   </div>
   <div class='ocr_carea' id='block_1_54' title="bbox 424 4730 2019 4806">
    <p class='ocr_par' dir='ltr' id='par_1_54' title="bbox 424 4730 2019 4806">
     <span class='ocr_line' id='line_1_54' title="bbox 424 4730 2019 4806; baseline 0.005 -24"><span class='ocrx_word' id='word_1_359' title='bbox 424 4730 590 4800; x_wconf 78' lang='grc' dir='ltr'>ἡμῶν</span> <span class='ocrx_word' id='word_1_360' title='bbox 658 4731 838 4802; x_wconf 88' lang='grc' dir='ltr'>νόμων</span> <span class='ocrx_word' id='word_1_361' title='bbox 906 4734 1375 4805; x_wconf 84' lang='grc' dir='ltr'>ἑγκεχειρισμένοι</span> <span class='ocrx_word' id='word_1_362' title='bbox 1418 4734 1486 4787; x_wconf 89' lang='grc' dir='ltr'><strong>τά</strong></span> <span class='ocrx_word' id='word_1_363' title='bbox 1527 4735 1710 4788; x_wconf 89' lang='grc' dir='ltr'>δίκαια</span> <span class='ocrx_word' id='word_1_364' title='bbox 1761 4737 2019 4806; x_wconf 84' lang='grc' dir='ltr'>σταθμία.</span> 
     </span>
    </p>
   </div>
   <div class='ocr_carea' id='block_1_55' title="bbox 442 4822 2025 4896">
    <p class='ocr_par' dir='ltr' id='par_1_55' title="bbox 442 4822 2025 4896">
     <span class='ocr_line' id='line_1_55' title="bbox 442 4822 2025 4896; baseline 0.005 -24"><span class='ocrx_word' id='word_1_365' title='bbox 442 4822 533 4874; x_wconf 78' lang='grc' dir='ltr'>Ἐν</span> <span class='ocrx_word' id='word_1_366' title='bbox 580 4822 790 4885; x_wconf 86' lang='grc' dir='ltr'>τούτοις</span> <span class='ocrx_word' id='word_1_367' title='bbox 836 4825 946 4894; x_wconf 77' lang='grc' dir='ltr'><strong>γὰρ</strong></span> <span class='ocrx_word' id='word_1_368' title='bbox 1002 4825 1094 4878; x_wconf 81' lang='grc' dir='ltr'>τὸν</span> <span class='ocrx_word' id='word_1_369' title='bbox 1167 4828 1234 4877; x_wconf 83' lang='grc' dir='ltr'>τὰ</span> <span class='ocrx_word' id='word_1_370' title='bbox 1285 4827 1542 4896; x_wconf 80' lang='grc' dir='ltr'>σκῆπτρα</span> <span class='ocrx_word' id='word_1_371' title='bbox 1614 4826 1714 4895; x_wconf 75' lang='grc' dir='ltr'>τῆς</span> <span class='ocrx_word' id='word_1_372' title='bbox 1750 4827 2025 4895; x_wconf 78' lang='grc' dir='ltr'>βασιλείας</span> 
     </span>
    </p>
   </div>
   <div class='ocr_carea' id='block_1_56' title="bbox 427 4915 2009 4990">
    <p class='ocr_par' dir='ltr' id='par_1_56' title="bbox 427 4915 2009 4990">
     <span class='ocr_line' id='line_1_56' title="bbox 427 4915 2009 4990; baseline 0.005 -25"><span class='ocrx_word' id='word_1_373' title='bbox 427 4915 562 4983; x_wconf 76' lang='grc' dir='ltr'>ἡμῖν</span> <span class='ocrx_word' id='word_1_374' title='bbox 608 4916 994 4988; x_wconf 78' lang='grc' dir='ltr'>ἐγχειρίσαντα</span> <span class='ocrx_word' id='word_1_375' title='bbox 1045 4918 1178 4973; x_wconf 73' lang='grc' dir='ltr'>Θεὸν</span> <span class='ocrx_word' id='word_1_376' title='bbox 1228 4919 1556 4990; x_wconf 85' lang='grc' dir='ltr'>θεραπεύειν</span> <span class='ocrx_word' id='word_1_377' title='bbox 1609 4919 2009 4990; x_wconf 80' lang='grc' dir='ltr'>σπουδάζομεν.</span> 
     </span>
    </p>
   </div>
   <div class='ocr_carea' id='block_1_57' title="bbox 439 5005 2014 5082">
    <p class='ocr_par' dir='ltr' id='par_1_57' title="bbox 439 5005 2014 5082">
     <span class='ocr_line' id='line_1_57' title="bbox 439 5005 2014 5082; baseline 0.003 -25"><span class='ocrx_word' id='word_1_378' title='bbox 439 5005 533 5058; x_wconf 84' lang='grc' dir='ltr'>Ἐν</span> <span class='ocrx_word' id='word_1_379' title='bbox 564 5006 774 5071; x_wconf 83' lang='grc' dir='ltr'>τούτοις</span> <span class='ocrx_word' id='word_1_380' title='bbox 799 5011 911 5072; x_wconf 89' lang='grc' dir='ltr'>τοῖς</span> <span class='ocrx_word' id='word_1_381' title='bbox 936 5009 1142 5073; x_wconf 85' lang='grc' dir='ltr'>ὅπλοις,</span> <span class='ocrx_word' id='word_1_382' title='bbox 1177 5013 1242 5082; x_wconf 80' lang='grc' dir='ltr'>τῇ</span> <span class='ocrx_word' id='word_1_383' title='bbox 1271 5011 1498 5081; x_wconf 78' lang='grc' dir='ltr'>δυνάμει</span> <span class='ocrx_word' id='word_1_384' title='bbox 1529 5010 1716 5075; x_wconf 86' lang='grc' dir='ltr'>αὐτοῦ,</span> <span class='ocrx_word' id='word_1_385' title='bbox 1746 5011 2014 5074; x_wconf 87' lang='grc' dir='ltr'>εὐσθενῶς</span> 
     </span>
    </p>
   </div>
   <div class='ocr_carea' id='block_1_58' title="bbox 424 5096 2017 5173">
    <p class='ocr_par' dir='ltr' id='par_1_58' title="bbox 424 5096 2017 5173">
     <span class='ocr_line' id='line_1_58' title="bbox 424 5096 2017 5173; baseline 0.004 -24"><span class='ocrx_word' id='word_1_386' title='bbox 424 5096 850 5153; x_wconf 76' lang='grc' dir='ltr'>ἀντιτάσσεσθαι</span> <span class='ocrx_word' id='word_1_387' title='bbox 877 5104 988 5165; x_wconf 90' lang='grc' dir='ltr'>τοῖς</span> <span class='ocrx_word' id='word_1_388' title='bbox 1025 5103 1306 5173; x_wconf 87' lang='grc' dir='ltr'>πολεμίοις</span> <span class='ocrx_word' id='word_1_389' title='bbox 1331 5103 1655 5173; x_wconf 78' lang='grc' dir='ltr'>βουλόμεθαο</span> <span class='ocrx_word' id='word_1_390' title='bbox 1700 5104 1758 5156; x_wconf 82' lang='grc' dir='ltr'>ἐν</span> <span class='ocrx_word' id='word_1_391' title='bbox 1805 5103 2017 5167; x_wconf 89' lang='grc' dir='ltr'>τούτοις</span> 
     </span>
    </p>
   </div>
   <div class='ocr_carea' id='block_1_59' title="bbox 421 5178 2018 5266">
    <p class='ocr_par' dir='ltr' id='par_1_59' title="bbox 421 5178 2018 5266">
     <span class='ocr_line' id='line_1_59' title="bbox 421 5178 2018 5266; baseline 0.004 -23"><span class='ocrx_word' id='word_1_392' title='bbox 421 5189 508 5264; x_wconf 81' lang='grc' dir='ltr'><strong>τῷ</strong></span> <span class='ocrx_word' id='word_1_393' title='bbox 535 5191 756 5264; x_wconf 76' lang='grc' dir='ltr'>Χριστῷ</span> <span class='ocrx_word' id='word_1_394' title='bbox 783 5178 1108 5265; x_wconf 71' lang='grc' dir='ltr'>σημείωτὸν,</span> <span class='ocrx_word' id='word_1_395' title='bbox 1145 5197 1238 5249; x_wconf 80' lang='grc' dir='ltr'>καὶ</span> <span class='ocrx_word' id='word_1_396' title='bbox 1266 5195 1416 5266; x_wconf 79' lang='grc' dir='ltr'>παρὰ</span> <span class='ocrx_word' id='word_1_397' title='bbox 1449 5196 1547 5265; x_wconf 85' lang='grc' dir='ltr'>τῆς</span> <span class='ocrx_word' id='word_1_398' title='bbox 1575 5197 1739 5248; x_wconf 84' lang='grc' dir='ltr'>αὐτοῦ</span> <span class='ocrx_word' id='word_1_399' title='bbox 1770 5196 2018 5261; x_wconf 82' lang='grc' dir='ltr'>ἐξουσίας</span> 
     </span>
    </p>
   </div>
   <div class='ocr_carea' id='block_1_60' title="bbox 423 5283 2016 5358">
    <p class='ocr_par' dir='ltr' id='par_1_60' title="bbox 423 5283 2016 5358">
     <span class='ocr_line' id='line_1_60' title="bbox 423 5283 2016 5358; baseline 0.003 -22"><span class='ocrx_word' id='word_1_400' title='bbox 423 5283 874 5356; x_wconf 67' lang='grc' dir='ltr'>ὑποτεταγμένον</span> <span class='ocrx_word' id='word_1_401' title='bbox 901 5289 968 5356; x_wconf 77' lang='grc' dir='ltr'><strong>τῇ</strong></span> <span class='ocrx_word' id='word_1_402' title='bbox 996 5287 1243 5358; x_wconf 75' lang='grc' dir='ltr'>ἡμετέρᾳ</span> <span class='ocrx_word' id='word_1_403' title='bbox 1269 5289 1537 5358; x_wconf 79' lang='grc' dir='ltr'>πραότητι</span> <span class='ocrx_word' id='word_1_404' title='bbox 1560 5288 1810 5357; x_wconf 87' lang='grc' dir='ltr'>ποίμνιον</span> <span class='ocrx_word' id='word_1_405' title='bbox 1831 5287 2016 5353; x_wconf 72' lang='grc' dir='ltr'>αὔξειν</span> 
     </span>
    </p>
   </div>
   <div class='ocr_carea' id='block_1_61' title="bbox 425 5377 2016 5451">
    <p class='ocr_par' dir='ltr' id='par_1_61' title="bbox 425 5377 2016 5451">
     <span class='ocr_line' id='line_1_61' title="bbox 425 5377 2016 5451; baseline 0.003 -23"><span class='ocrx_word' id='word_1_406' title='bbox 425 5377 518 5429; x_wconf 72' lang='grc' dir='ltr'><strong>ἐπ’</strong></span> <span class='ocrx_word' id='word_1_407' title='bbox 549 5377 793 5444; x_wconf 83' lang='grc' dir='ltr'>ἀγαθοῖς,</span> <span class='ocrx_word' id='word_1_408' title='bbox 819 5381 912 5432; x_wconf 77' lang='grc' dir='ltr'>καὶ</span> <span class='ocrx_word' id='word_1_409' title='bbox 943 5381 1276 5451; x_wconf 83' lang='grc' dir='ltr'>προκόπτειν</span> <span class='ocrx_word' id='word_1_410' title='bbox 1305 5379 1656 5448; x_wconf 86' lang='grc' dir='ltr'>πιστεύομεν.</span> <span class='ocrx_word' id='word_1_411' title='bbox 1691 5379 1781 5432; x_wconf 80' lang='grc' dir='ltr'>Ἐν</span> <span class='ocrx_word' id='word_1_412' title='bbox 1805 5381 2016 5444; x_wconf 84' lang='grc' dir='ltr'>τούτοις</span> 
     </span>
    </p>
   </div>
   <div class='ocr_carea' id='block_1_62' title="bbox 428 5470 2017 5544">
    <p class='ocr_par' dir='ltr' id='par_1_62' title="bbox 428 5470 2017 5544">
     <span class='ocr_line' id='line_1_62' title="bbox 428 5470 2017 5544; baseline 0.002 -22"><span class='ocrx_word' id='word_1_413' title='bbox 428 5470 901 5526; x_wconf 85' lang='grc' dir='ltr'>ἀποκαθίστασθαι</span> <span class='ocrx_word' id='word_1_414' title='bbox 931 5475 1060 5543; x_wconf 83' lang='grc' dir='ltr'>ἡμῖν</span> <span class='ocrx_word' id='word_1_415' title='bbox 1086 5474 1182 5543; x_wconf 79' lang='grc' dir='ltr'>τὴν</span> <span class='ocrx_word' id='word_1_416' title='bbox 1216 5475 1450 5544; x_wconf 85' lang='grc' dir='ltr'>ἀρχαίαν</span> <span class='ocrx_word' id='word_1_417' title='bbox 1498 5473 1589 5524; x_wconf 88' lang='grc' dir='ltr'><strong>τοῦ</strong></span> <span class='ocrx_word' id='word_1_418' title='bbox 1623 5471 2017 5541; x_wconf 81' lang='grc' dir='ltr'>πολιτεύματος</span> 
     </span>
    </p>
   </div>
   <div class='ocr_carea' id='block_1_63' title="bbox 424 5564 2016 5637">
    <p class='ocr_par' dir='ltr' id='par_1_63' title="bbox 424 5564 2016 5637">
     <span class='ocr_line' id='line_1_63' title="bbox 424 5564 2016 5637; baseline 0.001 -22"><span class='ocrx_word' id='word_1_419' title='bbox 424 5564 790 5626; x_wconf 77' lang='grc' dir='ltr'>δικαιοδοσίαν</span> <span class='ocrx_word' id='word_1_420' title='bbox 811 5565 1233 5636; x_wconf 75' lang='grc' dir='ltr'>ἑλπίζομεν,τοῦ</span> <span class='ocrx_word' id='word_1_421' title='bbox 1249 5567 1458 5637; x_wconf 84' lang='grc' dir='ltr'>Κυρίου</span> <span class='ocrx_word' id='word_1_422' title='bbox 1481 5565 1572 5618; x_wconf 71' lang='grc' dir='ltr'>καὶ</span> <span class='ocrx_word' id='word_1_423' title='bbox 1591 5565 1839 5634; x_wconf 80' lang='grc' dir='ltr'>Σωτῆρος</span> <span class='ocrx_word' id='word_1_424' title='bbox 1860 5566 2016 5634; x_wconf 83' lang='grc' dir='ltr'>ἡμῶν</span> 
     </span>
    </p>
   </div>
   <div class='ocr_carea' id='block_1_64' title="bbox 506 5744 1574 5812">
    <p class='ocr_par' dir='ltr' id='par_1_64' title="bbox 506 5744 1574 5812">
     <span class='ocr_line' id='line_1_64' title="bbox 506 5744 1574 5812; baseline 0.002 -13"><span class='ocrx_word' id='word_1_425' title='bbox 506 5745 528 5779; x_wconf 74' lang='grc'>⁸</span> <span class='ocrx_word' id='word_1_426' title='bbox 560 5744 704 5805; x_wconf 88' lang='lat' dir='ltr'><strong>Psal.</strong></span> <span class='ocrx_word' id='word_1_427' title='bbox 737 5762 871 5812; x_wconf 79' lang='lat' dir='ltr'><strong>Lvn,</strong></span> <span class='ocrx_word' id='word_1_428' title='bbox 901 5749 1032 5803; x_wconf 67' lang='grc'>2-4.</span> <span class='ocrx_word' id='word_1_429' title='bbox 1109 5751 1127 5778; x_wconf 80' lang='grc'>²</span> <span class='ocrx_word' id='word_1_430' title='bbox 1157 5747 1318 5800; x_wconf 82' lang='lat' dir='ltr'><strong>Prov.</strong></span> <span class='ocrx_word' id='word_1_431' title='bbox 1363 5761 1453 5811; x_wconf 72' lang='lat' dir='ltr'><strong>xx,</strong></span> <span class='ocrx_word' id='word_1_432' title='bbox 1485 5745 1574 5801; x_wconf 75' lang='lat'><strong>9.3.</strong></span> 
     </span>
    </p>
   </div>
   <div class='ocr_carea' id='block_1_65' title="bbox 727 5842 1389 5906">
    <p class='ocr_par' dir='ltr' id='par_1_65' title="bbox 727 5842 1389 5906">
     <span class='ocr_line' id='line_1_65' title="bbox 727 5842 1389 5906; baseline 0.002 -5"><span class='ocrx_word' id='word_1_433' title='bbox 727 5842 1000 5906; x_wconf 76' lang='lat' dir='ltr'><strong>PATRDL.</strong></span> <span class='ocrx_word' id='word_1_434' title='bbox 1034 5846 1149 5906; x_wconf 77' lang='lat' dir='ltr'><strong>Ge.</strong></span> <span class='ocrx_word' id='word_1_435' title='bbox 1176 5842 1389 5903; x_wconf 80' lang='lat' dir='ltr'><strong>CXIII.</strong></span> 
     </span>
    </p>
   </div>
   <div class='ocr_carea' id='block_1_66' title="bbox 1656 5745 2106 5810">
    <p class='ocr_par' dir='ltr' id='par_1_66' title="bbox 1656 5745 2106 5810">
     <span class='ocr_line' id='line_1_66' title="bbox 1656 5745 2106 5810; baseline 0.007 -11"><span class='ocrx_word' id='word_1_436' title='bbox 1656 5748 1674 5778; x_wconf 83' lang='grc'>³</span> <span class='ocrx_word' id='word_1_437' title='bbox 1709 5745 1877 5802; x_wconf 81' lang='lat' dir='ltr'><strong>Eccli.</strong></span> <span class='ocrx_word' id='word_1_438' title='bbox 1911 5761 2008 5810; x_wconf 83' lang='lat' dir='ltr'><strong>vn,</strong></span> <span class='ocrx_word' id='word_1_439' title='bbox 2053 5745 2106 5802; x_wconf 83' lang='lat'><strong>6.</strong></span> 
     </span>
    </p>
   </div>
   <div class='ocr_carea' id='block_1_67' title="bbox 2127 504 3702 574">
    <p class='ocr_par' dir='ltr' id='par_1_67' title="bbox 2127 504 3702 574">
     <span class='ocr_line' id='line_1_67' title="bbox 2127 504 3702 574; baseline 0.011 -20"><span class='ocrx_word' id='word_1_440' title='bbox 2127 509 2326 554; x_wconf 88' lang='lat' dir='ltr'><strong>statum</strong></span> <span class='ocrx_word' id='word_1_441' title='bbox 2377 516 2473 556; x_wconf 88' lang='lat' dir='ltr'><strong>eos</strong></span> <span class='ocrx_word' id='word_1_442' title='bbox 2513 504 2782 574; x_wconf 76' lang='lat' dir='ltr'><strong>redigant,</strong></span> <span class='ocrx_word' id='word_1_443' title='bbox 2827 516 2882 563; x_wconf 82' lang='lat' dir='ltr'><strong>et</strong></span> <span class='ocrx_word' id='word_1_444' title='bbox 2935 517 3145 564; x_wconf 90' lang='lat' dir='ltr'><strong>tantum</strong></span> <span class='ocrx_word' id='word_1_445' title='bbox 3185 515 3532 568; x_wconf 88' lang='lat' dir='ltr'><strong>eminentiori</strong></span> <span class='ocrx_word' id='word_1_446' title='bbox 3580 518 3702 570; x_wconf 83' lang='lat' dir='ltr'><strong>adi-</strong></span> 
     </span>
    </p>
   </div>
   <div class='ocr_carea' id='block_1_68' title="bbox 2127 594 3703 669">
    <p class='ocr_par' dir='ltr' id='par_1_68' title="bbox 2127 594 3703 669">
     <span class='ocr_line' id='line_1_68' title="bbox 2127 594 3703 669; baseline 0.011 -25"><span class='ocrx_word' id='word_1_447' title='bbox 2127 599 2299 656; x_wconf 87' lang='lat' dir='ltr'><strong>mant,</strong></span> <span class='ocrx_word' id='word_1_448' title='bbox 2333 600 2542 660; x_wconf 86' lang='lat' dir='ltr'><strong>quanto</strong></span> <span class='ocrx_word' id='word_1_449' title='bbox 2571 594 2885 652; x_wconf 85' lang='lat' dir='ltr'><strong>inferiorem</strong></span> <span class='ocrx_word' id='word_1_450' title='bbox 2929 607 3058 654; x_wconf 91' lang='lat' dir='ltr'><strong>tunc</strong></span> <span class='ocrx_word' id='word_1_451' title='bbox 3097 601 3408 657; x_wconf 81' lang='lat' dir='ltr'><strong>invenerint</strong></span> <span class='ocrx_word' id='word_1_452' title='bbox 3439 619 3585 669; x_wconf 91' lang='lat' dir='ltr'><strong>eum,</strong></span> <span class='ocrx_word' id='word_1_453' title='bbox 3615 608 3703 661; x_wconf 90' lang='lat' dir='ltr'><strong>cui</strong></span> 
     </span>
    </p>
   </div>
   <div class='ocr_carea' id='block_1_69' title="bbox 2128 681 3705 756">
    <p class='ocr_par' dir='ltr' id='par_1_69' title="bbox 2128 681 3705 756">
     <span class='ocr_line' id='line_1_69' title="bbox 2128 681 3705 756; baseline 0.013 -22"><span class='ocrx_word' id='word_1_454' title='bbox 2128 681 2188 734; x_wconf 88' lang='lat' dir='ltr'><strong>fit</strong></span> <span class='ocrx_word' id='word_1_455' title='bbox 2221 682 2446 752; x_wconf 85' lang='lat' dir='ltr'><strong>injuria.</strong></span> <span class='ocrx_word' id='word_1_456' title='bbox 2480 684 2582 751; x_wconf 90' lang='lat' dir='ltr'><strong>Qui</strong></span> <span class='ocrx_word' id='word_1_457' title='bbox 2607 688 2750 741; x_wconf 91' lang='lat' dir='ltr'><strong>enim</strong></span> <span class='ocrx_word' id='word_1_458' title='bbox 2775 689 3045 756; x_wconf 80' lang='lat' dir='ltr'><strong>justitiam</strong></span> <span class='ocrx_word' id='word_1_459' title='bbox 3072 708 3252 747; x_wconf 86' lang='lat' dir='ltr'><strong>veram</strong></span> <span class='ocrx_word' id='word_1_460' title='bbox 3283 694 3336 748; x_wconf 91' lang='lat' dir='ltr'><strong>in</strong></span> <span class='ocrx_word' id='word_1_461' title='bbox 3363 697 3560 752; x_wconf 90' lang='lat' dir='ltr'><strong>animis</strong></span> <span class='ocrx_word' id='word_1_462' title='bbox 3589 700 3705 756; x_wconf 90' lang='lat' dir='ltr'><strong>suis</strong></span> 
     </span>
    </p>
   </div>
   <div class='ocr_carea' id='block_1_70' title="bbox 2121 773 3707 856">
    <p class='ocr_par' dir='ltr' id='par_1_70' title="bbox 2121 773 3707 856">
     <span class='ocr_line' id='line_1_70' title="bbox 2121 773 3707 856; baseline 0.009 -28"><span class='ocrx_word' id='word_1_463' title='bbox 2121 773 2232 843; x_wconf 86' lang='lat' dir='ltr'><strong>jam</strong></span> <span class='ocrx_word' id='word_1_464' title='bbox 2262 786 2386 830; x_wconf 88' lang='lat' dir='ltr'><strong>ante</strong></span> <span class='ocrx_word' id='word_1_465' title='bbox 2415 777 2576 831; x_wconf 90' lang='lat' dir='ltr'><strong>sitam</strong></span> <span class='ocrx_word' id='word_1_466' title='bbox 2607 795 2715 834; x_wconf 92' lang='lat' dir='ltr'><strong>non</strong></span> <span class='ocrx_word' id='word_1_467' title='bbox 2740 781 2964 849; x_wconf 81' lang='lat' dir='ltr'><strong>habent,</strong></span> <span class='ocrx_word' id='word_1_468' title='bbox 2994 785 3087 839; x_wconf 85' lang='lat' dir='ltr'><strong>sed</strong></span> <span class='ocrx_word' id='word_1_469' title='bbox 3133 786 3218 841; x_wconf 87' lang='lat' dir='ltr'><strong>vel</strong></span> <span class='ocrx_word' id='word_1_470' title='bbox 3247 789 3490 856; x_wconf 88' lang='lat' dir='ltr'><strong>pecuniis</strong></span> <span class='ocrx_word' id='word_1_471' title='bbox 3517 805 3707 844; x_wconf 82' lang='lat' dir='ltr'><strong>corru-</strong></span> 
     </span>
    </p>
   </div>
   <div class='ocr_carea' id='block_1_71' title="bbox 2128 865 3702 950">
    <p class='ocr_par' dir='ltr' id='par_1_71' title="bbox 2128 865 3702 950">
     <span class='ocr_line' id='line_1_71' title="bbox 2128 865 3702 950; baseline 0.014 -35"><span class='ocrx_word' id='word_1_472' title='bbox 2128 865 2202 933; x_wconf 93' lang='lat' dir='ltr'><strong>pti</strong></span> <span class='ocrx_word' id='word_1_473' title='bbox 2234 875 2382 930; x_wconf 88' lang='lat' dir='ltr'><strong>sunt,</strong></span> <span class='ocrx_word' id='word_1_474' title='bbox 2418 867 2500 922; x_wconf 85' lang='lat' dir='ltr'><strong>vel</strong></span> <span class='ocrx_word' id='word_1_475' title='bbox 2527 869 2840 926; x_wconf 86' lang='lat' dir='ltr'><strong>inimicitias</strong></span> <span class='ocrx_word' id='word_1_476' title='bbox 2868 873 3230 942; x_wconf 90' lang='lat' dir='ltr'><strong>ulciscuntur,</strong></span> <span class='ocrx_word' id='word_1_477' title='bbox 3259 879 3341 934; x_wconf 90' lang='lat' dir='ltr'><strong>vel</strong></span> <span class='ocrx_word' id='word_1_478' title='bbox 3365 882 3702 950; x_wconf 86' lang='lat' dir='ltr'><strong>potentiores</strong></span> 
     </span>
    </p>
   </div>
   <div class='ocr_carea' id='block_1_72' title="bbox 2129 961 3772 1044">
    <p class='ocr_par' dir='ltr' id='par_1_72' title="bbox 2129 961 3772 1044">
     <span class='ocr_line' id='line_1_72' title="bbox 2129 961 3772 1044; baseline 0.013 -38"><span class='ocrx_word' id='word_1_479' title='bbox 2129 968 2388 1012; x_wconf 85' lang='lat' dir='ltr'><strong>verentur</strong></span> <span class='ocrx_word' id='word_1_480' title='bbox 2410 974 2472 1014; x_wconf 89' lang='lat' dir='ltr'><strong>ac</strong></span> <span class='ocrx_word' id='word_1_481' title='bbox 2500 961 2896 1030; x_wconf 88' lang='lat' dir='ltr'><strong>reformidant;</strong></span> <span class='ocrx_word' id='word_1_482' title='bbox 2921 965 3156 1036; x_wconf 76' lang='lat' dir='ltr'><strong>dirigere</strong></span> <span class='ocrx_word' id='word_1_483' title='bbox 3177 968 3378 1036; x_wconf 89' lang='lat' dir='ltr'><strong>judicia</strong></span> <span class='ocrx_word' id='word_1_484' title='bbox 3400 985 3700 1042; x_wconf 82' lang='lat' dir='ltr'><strong>nequeunt.</strong></span> <span class='ocrx_word' id='word_1_485' title='bbox 3759 1033 3772 1044; x_wconf 42' lang='lat'><em>.</em></span> 
     </span>
    </p>
   </div>
   <div class='ocr_carea' id='block_1_73' title="bbox 2129 1051 3703 1124">
    <p class='ocr_par' dir='ltr' id='par_1_73' title="bbox 2129 1051 3703 1124">
     <span class='ocr_line' id='line_1_73' title="bbox 2129 1051 3703 1124; baseline 0.016 -25"><span class='ocrx_word' id='word_1_486' title='bbox 2129 1063 2315 1103; x_wconf 88' lang='lat' dir='ltr'><strong>verum</strong></span> <span class='ocrx_word' id='word_1_487' title='bbox 2349 1051 2480 1105; x_wconf 89' lang='lat' dir='ltr'><strong>illud</strong></span> <span class='ocrx_word' id='word_1_488' title='bbox 2515 1055 2582 1108; x_wconf 89' lang='lat' dir='ltr'><strong>de</strong></span> <span class='ocrx_word' id='word_1_489' title='bbox 2613 1068 2672 1108; x_wconf 90' lang='lat' dir='ltr'><strong>se</strong></span> <span class='ocrx_word' id='word_1_490' title='bbox 2695 1057 2920 1110; x_wconf 84' lang='lat' dir='ltr'><strong>verbum</strong></span> <span class='ocrx_word' id='word_1_491' title='bbox 2947 1071 3068 1114; x_wconf 88' lang='lat' dir='ltr'><strong>esse</strong></span> <span class='ocrx_word' id='word_1_492' title='bbox 3093 1059 3430 1119; x_wconf 88' lang='lat' dir='ltr'><strong>Psalmorum</strong></span> <span class='ocrx_word' id='word_1_493' title='bbox 3461 1070 3703 1124; x_wconf 85' lang='lat' dir='ltr'><strong>auctoris</strong></span> 
     </span>
    </p>
   </div>
   <div class='ocr_carea' id='block_1_74' title="bbox 2127 1141 3702 1231">
    <p class='ocr_par' dir='ltr' id='par_1_74' title="bbox 2127 1141 3702 1231">
     <span class='ocr_line' id='line_1_74' title="bbox 2127 1141 3702 1231; baseline 0.016 -36"><span class='ocrx_word' id='word_1_494' title='bbox 2127 1141 2478 1198; x_wconf 85' lang='lat' dir='ltr'><strong>ostendentes</strong></span> <span class='ocrx_word' id='word_1_495' title='bbox 2511 1161 2524 1197; x_wconf 88' lang='lat'><strong>:</strong></span> <span class='ocrx_word' id='word_1_496' title='bbox 2568 1162 2586 1195; x_wconf 82' lang='grc' dir='ltr'><strong>ι</strong></span> <span class='ocrx_word' id='word_1_497' title='bbox 2640 1144 2920 1216; x_wconf 82' lang='lat' dir='ltr'><strong>Siquidem</strong></span> <span class='ocrx_word' id='word_1_498' title='bbox 2960 1165 3086 1207; x_wconf 88' lang='lat' dir='ltr'><strong>vere</strong></span> <span class='ocrx_word' id='word_1_499' title='bbox 3124 1153 3388 1222; x_wconf 83' lang='lat' dir='ltr'><strong>justitiam</strong></span> <span class='ocrx_word' id='word_1_500' title='bbox 3424 1162 3702 1231; x_wconf 82' lang='lat' dir='ltr'><strong>profertis,</strong></span> 
     </span>
    </p>
   </div>
   <div class='ocr_carea' id='block_1_75' title="bbox 2120 1231 3699 1310">
    <p class='ocr_par' dir='ltr' id='par_1_75' title="bbox 2120 1231 3699 1310">
     <span class='ocr_line' id='line_1_75' title="bbox 2120 1231 3699 1310; baseline 0.016 -25"><span class='ocrx_word' id='word_1_501' title='bbox 2120 1231 2350 1300; x_wconf 86' lang='lat' dir='ltr'><strong>judicia,</strong></span> <span class='ocrx_word' id='word_1_502' title='bbox 2400 1245 2548 1291; x_wconf 90' lang='lat' dir='ltr'><strong>recta</strong></span> <span class='ocrx_word' id='word_1_503' title='bbox 2598 1237 2981 1307; x_wconf 84' lang='lat' dir='ltr'><strong>judicate,tilii</strong></span> <span class='ocrx_word' id='word_1_504' title='bbox 3037 1247 3414 1303; x_wconf 75' lang='lat' dir='ltr'><strong>mortalium‘.</strong></span> <span class='ocrx_word' id='word_1_505' title='bbox 3458 1251 3591 1307; x_wconf 87' lang='lat' dir='ltr'><strong>Nam</strong></span> <span class='ocrx_word' id='word_1_506' title='bbox 3645 1256 3699 1310; x_wconf 92' lang='lat' dir='ltr'><strong>in</strong></span> 
     </span>
    </p>
   </div>
   <div class='ocr_carea' id='block_1_76' title="bbox 2127 1327 3704 1408">
    <p class='ocr_par' dir='ltr' id='par_1_76' title="bbox 2127 1327 3704 1408">
     <span class='ocr_line' id='line_1_76' title="bbox 2127 1327 3704 1408; baseline 0.014 -28"><span class='ocrx_word' id='word_1_507' title='bbox 2127 1327 2290 1380; x_wconf 89' lang='lat' dir='ltr'><strong>corde</strong></span> <span class='ocrx_word' id='word_1_508' title='bbox 2324 1338 2506 1383; x_wconf 88' lang='lat' dir='ltr'><strong>vestro</strong></span> <span class='ocrx_word' id='word_1_509' title='bbox 2547 1330 2730 1400; x_wconf 87' lang='lat' dir='ltr'><strong>iniqua</strong></span> <span class='ocrx_word' id='word_1_510' title='bbox 2759 1334 3004 1388; x_wconf 79' lang='lat' dir='ltr'><strong>facinora</strong></span> <span class='ocrx_word' id='word_1_511' title='bbox 3038 1340 3310 1408; x_wconf 80' lang='lat' dir='ltr'><strong>peragetis</strong></span> <span class='ocrx_word' id='word_1_512' title='bbox 3350 1343 3402 1395; x_wconf 92' lang='lat' dir='ltr'><strong>in</strong></span> <span class='ocrx_word' id='word_1_513' title='bbox 3435 1347 3614 1406; x_wconf 84' lang='lat' dir='ltr'><strong>terris.</strong></span> <span class='ocrx_word' id='word_1_514' title='bbox 3648 1360 3704 1402; x_wconf 87' lang='lat' dir='ltr'><strong>et</strong></span> 
     </span>
    </p>
   </div>
   <div class='ocr_carea' id='block_1_77' title="bbox 2129 1423 3702 1506">
    <p class='ocr_par' dir='ltr' id='par_1_77' title="bbox 2129 1423 3702 1506">
     <span class='ocr_line' id='line_1_77' title="bbox 2129 1423 3702 1506; baseline 0.017 -37"><span class='ocrx_word' id='word_1_515' title='bbox 2129 1432 2322 1472; x_wconf 84' lang='lat' dir='ltr'><strong>manus</strong></span> <span class='ocrx_word' id='word_1_516' title='bbox 2359 1431 2554 1476; x_wconf 76' lang='lat' dir='ltr'><strong>vestra:</strong></span> <span class='ocrx_word' id='word_1_517' title='bbox 2586 1423 2908 1490; x_wconf 88' lang='lat' dir='ltr'><strong>injustitiam</strong></span> <span class='ocrx_word' id='word_1_518' title='bbox 2943 1437 3186 1485; x_wconf 89' lang='lat' dir='ltr'><strong>nectunt.</strong></span> <span class='ocrx_word' id='word_1_519' title='bbox 3226 1451 3243 1482; x_wconf 75' lang='grc' dir='ltr'><strong>ι</strong></span> <span class='ocrx_word' id='word_1_520' title='bbox 3285 1433 3377 1488; x_wconf 85' lang='lat' dir='ltr'><strong>Sic</strong></span> <span class='ocrx_word' id='word_1_521' title='bbox 3408 1444 3460 1489; x_wconf 86' lang='lat' dir='ltr'><strong>et</strong></span> <span class='ocrx_word' id='word_1_522' title='bbox 3488 1439 3702 1506; x_wconf 87' lang='lat' dir='ltr'><strong>sapiens</strong></span> 
     </span>
    </p>
   </div>
   <div class='ocr_carea' id='block_1_78' title="bbox 2128 1508 3700 1598">
    <p class='ocr_par' dir='ltr' id='par_1_78' title="bbox 2128 1508 3700 1598">
     <span class='ocr_line' id='line_1_78' title="bbox 2128 1508 3700 1598; baseline 0.017 -38"><span class='ocrx_word' id='word_1_523' title='bbox 2128 1508 2216 1564; x_wconf 88' lang='lat' dir='ltr'><strong>ille</strong></span> <span class='ocrx_word' id='word_1_524' title='bbox 2269 1509 2486 1568; x_wconf 90' lang='lat' dir='ltr'><strong>Salomo</strong></span> <span class='ocrx_word' id='word_1_525' title='bbox 2527 1515 2953 1586; x_wconf 66' lang='lat' dir='ltr'><strong>inaequalitatem</strong></span> <span class='ocrx_word' id='word_1_526' title='bbox 2999 1522 3372 1592; x_wconf 84' lang='lat' dir='ltr'><strong>injudicando</strong></span> <span class='ocrx_word' id='word_1_527' title='bbox 3402 1530 3700 1598; x_wconf 85' lang='lat' dir='ltr'><strong>ponderum</strong></span> 
     </span>
    </p>
   </div>
   <div class='ocr_carea' id='block_1_79' title="bbox 2127 1601 3698 1688">
    <p class='ocr_par' dir='ltr' id='par_1_79' title="bbox 2127 1601 3698 1688">
     <span class='ocr_line' id='line_1_79' title="bbox 2127 1601 3698 1688; baseline 0.014 -34"><span class='ocrx_word' id='word_1_528' title='bbox 2127 1601 2584 1670; x_wconf 83' lang='lat' dir='ltr'><strong>appellationibus</strong></span> <span class='ocrx_word' id='word_1_529' title='bbox 2629 1613 3034 1679; x_wconf 90' lang='lat' dir='ltr'><strong>comparando,</strong></span> <span class='ocrx_word' id='word_1_530' title='bbox 3085 1630 3180 1684; x_wconf 90' lang='lat' dir='ltr'><strong>per</strong></span> <span class='ocrx_word' id='word_1_531' title='bbox 3226 1619 3456 1688; x_wconf 80' lang='lat' dir='ltr'><strong>aenigma</strong></span> <span class='ocrx_word' id='word_1_532' title='bbox 3508 1623 3645 1678; x_wconf 80' lang='lat' dir='ltr'><strong>dixit</strong></span> <span class='ocrx_word' id='word_1_533' title='bbox 3683 1641 3698 1676; x_wconf 89' lang='lat'>:</span> 
     </span>
    </p>
   </div>
   <div class='ocr_carea' id='block_1_80' title="bbox 2132 1691 3700 1778">
    <p class='ocr_par' dir='ltr' id='par_1_80' title="bbox 2132 1691 3700 1778">
     <span class='ocr_line' id='line_1_80' title="bbox 2132 1691 3700 1778; baseline 0.017 -35"><span class='ocrx_word' id='word_1_534' title='bbox 2132 1711 2149 1743; x_wconf 81' lang='grc' dir='ltr'><strong>ι</strong></span> <span class='ocrx_word' id='word_1_535' title='bbox 2186 1691 2403 1749; x_wconf 84' lang='lat' dir='ltr'><strong>Pondus</strong></span> <span class='ocrx_word' id='word_1_536' title='bbox 2429 1695 2628 1752; x_wconf 87' lang='lat' dir='ltr'><strong>ibidem</strong></span> <span class='ocrx_word' id='word_1_537' title='bbox 2653 1714 2906 1770; x_wconf 82' lang='lat' dir='ltr'><strong>magnum</strong></span> <span class='ocrx_word' id='word_1_538' title='bbox 2935 1713 2989 1758; x_wconf 89' lang='lat' dir='ltr'><strong>et</strong></span> <span class='ocrx_word' id='word_1_539' title='bbox 3016 1705 3216 1772; x_wconf 91' lang='lat' dir='ltr'><strong>minus,</strong></span> <span class='ocrx_word' id='word_1_540' title='bbox 3246 1712 3386 1778; x_wconf 82' lang='lat' dir='ltr'><strong>apud</strong></span> <span class='ocrx_word' id='word_1_541' title='bbox 3417 1711 3700 1770; x_wconf 88' lang='lat' dir='ltr'><strong>Dominum</strong></span> 
     </span>
    </p>
   </div>
   <div class='ocr_carea' id='block_1_81' title="bbox 2127 1786 3700 1875">
    <p class='ocr_par' dir='ltr' id='par_1_81' title="bbox 2127 1786 3700 1875">
     <span class='ocr_line' id='line_1_81' title="bbox 2127 1786 3700 1875; baseline 0.013 -37"><span class='ocrx_word' id='word_1_542' title='bbox 2127 1786 2513 1842; x_wconf 86' lang='lat' dir='ltr'><strong>abominabilia</strong></span> <span class='ocrx_word' id='word_1_543' title='bbox 2561 1802 2687 1845; x_wconf 89' lang='lat' dir='ltr'><strong>sunt</strong></span> <span class='ocrx_word' id='word_1_544' title='bbox 2732 1795 2774 1846; x_wconf 80' lang='grc'>³.</span> <span class='ocrx_word' id='word_1_545' title='bbox 2830 1813 2848 1846; x_wconf 73' lang='grc' dir='ltr'><strong>ι</strong></span> <span class='ocrx_word' id='word_1_546' title='bbox 2897 1795 2965 1849; x_wconf 81' lang='lat' dir='ltr'><strong>Et</strong></span> <span class='ocrx_word' id='word_1_547' title='bbox 3007 1797 3122 1853; x_wconf 60' lang='lat' dir='ltr'><strong>hac</strong></span> <span class='ocrx_word' id='word_1_548' title='bbox 3167 1799 3436 1867; x_wconf 87' lang='lat' dir='ltr'><strong>justitiam</strong></span> <span class='ocrx_word' id='word_1_549' title='bbox 3482 1807 3700 1875; x_wconf 78' lang='lat' dir='ltr'><strong>quidem</strong></span> 
     </span>
    </p>
   </div>
   <div class='ocr_carea' id='block_1_82' title="bbox 2127 1878 3698 1964">
    <p class='ocr_par' dir='ltr' id='par_1_82' title="bbox 2127 1878 3698 1964">
     <span class='ocr_line' id='line_1_82' title="bbox 2127 1878 3698 1964; baseline 0.015 -33"><span class='ocrx_word' id='word_1_550' title='bbox 2127 1878 2578 1950; x_wconf 80' lang='lat' dir='ltr'><strong>intelligentibus,</strong></span> <span class='ocrx_word' id='word_1_551' title='bbox 2616 1885 2712 1940; x_wconf 89' lang='lat' dir='ltr'><strong>sed</strong></span> <span class='ocrx_word' id='word_1_552' title='bbox 2764 1893 3204 1957; x_wconf 88' lang='lat' dir='ltr'><strong>pervertentibus</strong></span> <span class='ocrx_word' id='word_1_553' title='bbox 3239 1897 3548 1964; x_wconf 88' lang='lat' dir='ltr'><strong>veritatem,</strong></span> <span class='ocrx_word' id='word_1_554' title='bbox 3584 1911 3698 1955; x_wconf 90' lang='lat' dir='ltr'><strong>tum</strong></span> 
     </span>
    </p>
   </div>
   <div class='ocr_carea' id='block_1_83' title="bbox 2127 1972 3700 2063">
    <p class='ocr_par' dir='ltr' id='par_1_83' title="bbox 2127 1972 3700 2063">
     <span class='ocr_line' id='line_1_83' title="bbox 2127 1972 3700 2063; baseline 0.017 -41"><span class='ocrx_word' id='word_1_555' title='bbox 2127 1972 2380 2026; x_wconf 90' lang='lat' dir='ltr'><strong>monendi</strong></span> <span class='ocrx_word' id='word_1_556' title='bbox 2404 1988 2590 2042; x_wconf 88' lang='lat' dir='ltr'><strong>causa,</strong></span> <span class='ocrx_word' id='word_1_557' title='bbox 2625 1984 2737 2030; x_wconf 90' lang='lat' dir='ltr'><strong>tum</strong></span> <span class='ocrx_word' id='word_1_558' title='bbox 2776 1983 3138 2050; x_wconf 86' lang='lat' dir='ltr'><strong>protestandi,</strong></span> <span class='ocrx_word' id='word_1_559' title='bbox 3167 2001 3195 2038; x_wconf 88' lang='lat' dir='ltr'><strong>a</strong></span> <span class='ocrx_word' id='word_1_560' title='bbox 3238 1988 3395 2043; x_wconf 90' lang='lat' dir='ltr'><strong>nobis</strong></span> <span class='ocrx_word' id='word_1_561' title='bbox 3433 2005 3700 2063; x_wconf 76' lang='lat' dir='ltr'><strong>praecepta</strong></span> 
     </span>
    </p>
   </div>
   <div class='ocr_carea' id='block_1_84' title="bbox 2125 2059 3704 2150">
    <p class='ocr_par' dir='ltr' id='par_1_84' title="bbox 2125 2059 3704 2150">
     <span class='ocr_line' id='line_1_84' title="bbox 2125 2059 3704 2150; baseline 0.019 -42"><span class='ocrx_word' id='word_1_562' title='bbox 2125 2066 2272 2111; x_wconf 89' lang='lat' dir='ltr'><strong>sunt.</strong></span> <span class='ocrx_word' id='word_1_563' title='bbox 2303 2059 2374 2111; x_wconf 83' lang='lat' dir='ltr'><strong>At</strong></span> <span class='ocrx_word' id='word_1_564' title='bbox 2408 2062 2605 2129; x_wconf 91' lang='lat' dir='ltr'><strong>quibus</strong></span> <span class='ocrx_word' id='word_1_565' title='bbox 2636 2063 2760 2132; x_wconf 90' lang='lat' dir='ltr'><strong>hoc,</strong></span> <span class='ocrx_word' id='word_1_566' title='bbox 2808 2079 3030 2138; x_wconf 86' lang='lat' dir='ltr'><strong>propter</strong></span> <span class='ocrx_word' id='word_1_567' title='bbox 3071 2072 3437 2146; x_wconf 65' lang='lat' dir='ltr'><strong>intelligentia:</strong></span> <span class='ocrx_word' id='word_1_568' title='bbox 3468 2059 3704 2150; x_wconf 81' lang='lat' dir='ltr'><strong>pruden-</strong></span> 
     </span>
    </p>
   </div>
   <div class='ocr_carea' id='block_1_85' title="bbox 2127 2149 3701 2240">
    <p class='ocr_par' dir='ltr' id='par_1_85' title="bbox 2127 2149 3701 2240">
     <span class='ocr_line' id='line_1_85' title="bbox 2127 2149 3701 2240; baseline 0.02 -39"><span class='ocrx_word' id='word_1_569' title='bbox 2127 2149 2331 2220; x_wconf 83' lang='lat' dir='ltr'><strong>tiaeque</strong></span> <span class='ocrx_word' id='word_1_570' title='bbox 2361 2153 2660 2225; x_wconf 85' lang='lat' dir='ltr'><strong>defectum,</strong></span> <span class='ocrx_word' id='word_1_571' title='bbox 2691 2160 2911 2217; x_wconf 88' lang='lat' dir='ltr'><strong>inventu</strong></span> <span class='ocrx_word' id='word_1_572' title='bbox 2951 2175 3006 2220; x_wconf 91' lang='lat' dir='ltr'><strong>et</strong></span> <span class='ocrx_word' id='word_1_573' title='bbox 3035 2171 3402 2240; x_wconf 82' lang='lat' dir='ltr'><strong>pervestigatu</strong></span> <span class='ocrx_word' id='word_1_574' title='bbox 3433 2149 3516 2229; x_wconf 81' lang='lat' dir='ltr'><strong>est</strong></span> <span class='ocrx_word' id='word_1_575' title='bbox 3549 2176 3701 2231; x_wconf 79' lang='lat' dir='ltr'><strong>dim-</strong></span> 
     </span>
    </p>
   </div>
   <div class='ocr_carea' id='block_1_86' title="bbox 2124 2245 3699 2337">
    <p class='ocr_par' dir='ltr' id='par_1_86' title="bbox 2124 2245 3699 2337">
     <span class='ocr_line' id='line_1_86' title="bbox 2124 2245 3699 2337; baseline 0.017 -38"><span class='ocrx_word' id='word_1_576' title='bbox 2124 2245 2246 2308; x_wconf 90' lang='lat' dir='ltr'><strong>cile,</strong></span> <span class='ocrx_word' id='word_1_577' title='bbox 2305 2249 2507 2319; x_wconf 91' lang='lat' dir='ltr'><strong>quique</strong></span> <span class='ocrx_word' id='word_1_578' title='bbox 2565 2266 2788 2321; x_wconf 85' lang='lat' dir='ltr'><strong>prorsus</strong></span> <span class='ocrx_word' id='word_1_579' title='bbox 2845 2255 2976 2312; x_wconf 90' lang='lat' dir='ltr'><strong>illud</strong></span> <span class='ocrx_word' id='word_1_580' title='bbox 3022 2263 3235 2331; x_wconf 86' lang='lat' dir='ltr'><strong>assequi</strong></span> <span class='ocrx_word' id='word_1_581' title='bbox 3290 2278 3592 2337; x_wconf 89' lang='lat' dir='ltr'><strong>nequeunt,</strong></span> <span class='ocrx_word' id='word_1_582' title='bbox 3643 2285 3699 2326; x_wconf 91' lang='lat' dir='ltr'><strong>ut</strong></span> 
     </span>
    </p>
   </div>
   <div class='ocr_carea' id='block_1_87' title="bbox 2054 2338 3698 2432">
    <p class='ocr_par' dir='ltr' id='par_1_87' title="bbox 2054 2338 3698 2432">
     <span class='ocr_line' id='line_1_87' title="bbox 2054 2338 3698 2432; baseline 0.018 -42"><span class='ocrx_word' id='word_1_583' title='bbox 2054 2417 2057 2421; x_wconf 8' lang='grc' dir='ltr'>ἦ</span> <span class='ocrx_word' id='word_1_584' title='bbox 2124 2338 2349 2408; x_wconf 84' lang='lat' dir='ltr'><strong>aequalia</strong></span> <span class='ocrx_word' id='word_1_585' title='bbox 2373 2341 2602 2411; x_wconf 86' lang='lat' dir='ltr'><strong>singulis</strong></span> <span class='ocrx_word' id='word_1_586' title='bbox 2640 2345 2910 2413; x_wconf 88' lang='lat' dir='ltr'><strong>tribuant;</strong></span> <span class='ocrx_word' id='word_1_587' title='bbox 2949 2351 3023 2406; x_wconf 90' lang='lat' dir='ltr'><strong>illi</strong></span> <span class='ocrx_word' id='word_1_588' title='bbox 3057 2357 3355 2412; x_wconf 88' lang='lat' dir='ltr'><strong>secundum</strong></span> <span class='ocrx_word' id='word_1_589' title='bbox 3388 2360 3462 2426; x_wconf 89' lang='lat' dir='ltr'><strong>id,</strong></span> <span class='ocrx_word' id='word_1_590' title='bbox 3486 2367 3631 2432; x_wconf 90' lang='lat' dir='ltr'><strong>quod</strong></span> <span class='ocrx_word' id='word_1_591' title='bbox 3669 2383 3698 2419; x_wconf 83' lang='lat' dir='ltr'><strong>a</strong></span> 
     </span>
    </p>
   </div>
   <div class='ocr_carea' id='block_1_88' title="bbox 2125 2429 3700 2526">
    <p class='ocr_par' dir='ltr' id='par_1_88' title="bbox 2125 2429 3700 2526">
     <span class='ocr_line' id='line_1_88' title="bbox 2125 2429 3700 2526; baseline 0.018 -43"><span class='ocrx_word' id='word_1_592' title='bbox 2125 2429 2408 2488; x_wconf 86' lang='lat' dir='ltr'><strong>Siracbide</strong></span> <span class='ocrx_word' id='word_1_593' title='bbox 2437 2432 2564 2490; x_wconf 84' lang='lat' dir='ltr'><strong>Jesu</strong></span> <span class='ocrx_word' id='word_1_594' title='bbox 2594 2439 2872 2506; x_wconf 81' lang='lat' dir='ltr'><strong>profertur</strong></span> <span class='ocrx_word' id='word_1_595' title='bbox 2901 2443 2943 2510; x_wconf 84' lang='grc'>⁵,</span> <span class='ocrx_word' id='word_1_596' title='bbox 2981 2459 3081 2500; x_wconf 92' lang='lat' dir='ltr'><strong>nec</strong></span> <span class='ocrx_word' id='word_1_597' title='bbox 3111 2462 3142 2501; x_wconf 94' lang='lat' dir='ltr'><strong>a</strong></span> <span class='ocrx_word' id='word_1_598' title='bbox 3171 2449 3396 2506; x_wconf 88' lang='lat' dir='ltr'><strong>Domino</strong></span> <span class='ocrx_word' id='word_1_599' title='bbox 3425 2429 3700 2526; x_wconf 83' lang='lat' dir='ltr'><strong>principa-</strong></span> 
     </span>
    </p>
   </div>
   <div class='ocr_carea' id='block_1_89' title="bbox 2127 2528 3696 2615">
    <p class='ocr_par' dir='ltr' id='par_1_89' title="bbox 2127 2528 3696 2615">
     <span class='ocr_line' id='line_1_89' title="bbox 2127 2528 3696 2615; baseline 0.015 -37"><span class='ocrx_word' id='word_1_600' title='bbox 2127 2534 2236 2579; x_wconf 91' lang='lat' dir='ltr'><strong>tum</strong></span> <span class='ocrx_word' id='word_1_601' title='bbox 2269 2528 2567 2596; x_wconf 88' lang='lat' dir='ltr'><strong>requirant,</strong></span> <span class='ocrx_word' id='word_1_602' title='bbox 2606 2546 2706 2587; x_wconf 89' lang='lat' dir='ltr'><strong>nec</strong></span> <span class='ocrx_word' id='word_1_603' title='bbox 2733 2547 2761 2586; x_wconf 85' lang='lat' dir='ltr'><strong>a</strong></span> <span class='ocrx_word' id='word_1_604' title='bbox 2799 2549 2926 2605; x_wconf 84' lang='lat' dir='ltr'><strong>rege</strong></span> <span class='ocrx_word' id='word_1_605' title='bbox 2956 2538 3148 2594; x_wconf 89' lang='lat' dir='ltr'><strong>solium</strong></span> <span class='ocrx_word' id='word_1_606' title='bbox 3186 2543 3370 2612; x_wconf 76' lang='lat' dir='ltr'><strong>gloriae</strong></span> <span class='ocrx_word' id='word_1_607' title='bbox 3399 2551 3696 2615; x_wconf 77' lang='lat' dir='ltr'><strong>postulent,</strong></span> 
     </span>
    </p>
   </div>
   <div class='ocr_carea' id='block_1_90' title="bbox 2125 2619 3698 2696">
    <p class='ocr_par' dir='ltr' id='par_1_90' title="bbox 2125 2619 3698 2696">
     <span class='ocr_line' id='line_1_90' title="bbox 2125 2619 3698 2696; baseline 0.015 -26"><span class='ocrx_word' id='word_1_608' title='bbox 2125 2633 2225 2672; x_wconf 90' lang='lat' dir='ltr'><strong>nec</strong></span> <span class='ocrx_word' id='word_1_609' title='bbox 2267 2619 2480 2686; x_wconf 89' lang='lat' dir='ltr'><strong>judiccs</strong></span> <span class='ocrx_word' id='word_1_610' title='bbox 2518 2623 2634 2678; x_wconf 84' lang='lat' dir='ltr'><strong>fieri</strong></span> <span class='ocrx_word' id='word_1_611' title='bbox 2671 2636 2978 2693; x_wconf 82' lang='lat' dir='ltr'><strong>exspetant,</strong></span> <span class='ocrx_word' id='word_1_612' title='bbox 3027 2645 3150 2686; x_wconf 87' lang='lat' dir='ltr'><strong>cum</strong></span> <span class='ocrx_word' id='word_1_613' title='bbox 3197 2635 3390 2692; x_wconf 87' lang='lat' dir='ltr'><strong>tollere</strong></span> <span class='ocrx_word' id='word_1_614' title='bbox 3424 2639 3489 2694; x_wconf 89' lang='lat' dir='ltr'><strong>de</strong></span> <span class='ocrx_word' id='word_1_615' title='bbox 3521 2642 3698 2696; x_wconf 68' lang='lat' dir='ltr'><strong>medio</strong></span> 
     </span>
    </p>
   </div>
   <div class='ocr_carea' id='block_1_91' title="bbox 2123 2709 3700 2795">
    <p class='ocr_par' dir='ltr' id='par_1_91' title="bbox 2123 2709 3700 2795">
     <span class='ocr_line' id='line_1_91' title="bbox 2123 2709 3700 2795; baseline 0.016 -32"><span class='ocrx_word' id='word_1_616' title='bbox 2123 2709 2366 2766; x_wconf 88' lang='lat' dir='ltr'><strong>facinora</strong></span> <span class='ocrx_word' id='word_1_617' title='bbox 2401 2714 2601 2782; x_wconf 87' lang='lat' dir='ltr'><strong>injusta</strong></span> <span class='ocrx_word' id='word_1_618' title='bbox 2632 2733 2975 2789; x_wconf 86' lang='lat' dir='ltr'><strong>nequaquam</strong></span> <span class='ocrx_word' id='word_1_619' title='bbox 3005 2727 3232 2794; x_wconf 81' lang='lat' dir='ltr'><strong>possint.</strong></span> <span class='ocrx_word' id='word_1_620' title='bbox 3263 2729 3364 2795; x_wconf 87' lang='lat' dir='ltr'><strong>Qui</strong></span> <span class='ocrx_word' id='word_1_621' title='bbox 3390 2747 3518 2788; x_wconf 88' lang='lat' dir='ltr'><strong>vero</strong></span> <span class='ocrx_word' id='word_1_622' title='bbox 3555 2751 3700 2790; x_wconf 79' lang='lat' dir='ltr'><strong>men-</strong></span> 
     </span>
    </p>
   </div>
   <div class='ocr_carea' id='block_1_92' title="bbox 2124 2804 3700 2894">
    <p class='ocr_par' dir='ltr' id='par_1_92' title="bbox 2124 2804 3700 2894">
     <span class='ocr_line' id='line_1_92' title="bbox 2124 2804 3700 2894; baseline 0.017 -39"><span class='ocrx_word' id='word_1_623' title='bbox 2124 2804 2191 2858; x_wconf 92' lang='lat' dir='ltr'><strong>tis</strong></span> <span class='ocrx_word' id='word_1_624' title='bbox 2225 2819 2288 2859; x_wconf 91' lang='lat' dir='ltr'><strong>ac</strong></span> <span class='ocrx_word' id='word_1_625' title='bbox 2315 2808 2618 2874; x_wconf 87' lang='lat' dir='ltr'><strong>prudentiae</strong></span> <span class='ocrx_word' id='word_1_626' title='bbox 2650 2813 2964 2884; x_wconf 88' lang='lat' dir='ltr'><strong>participes,</strong></span> <span class='ocrx_word' id='word_1_627' title='bbox 2994 2825 3046 2870; x_wconf 92' lang='lat' dir='ltr'><strong>et</strong></span> <span class='ocrx_word' id='word_1_628' title='bbox 3079 2819 3282 2888; x_wconf 88' lang='lat' dir='ltr'><strong>liquido</strong></span> <span class='ocrx_word' id='word_1_629' title='bbox 3309 2838 3448 2878; x_wconf 69' lang='lat' dir='ltr'><strong>verte</strong></span> <span class='ocrx_word' id='word_1_630' title='bbox 3473 2826 3700 2894; x_wconf 82' lang='lat' dir='ltr'><strong>justitiae</strong></span> 
     </span>
    </p>
   </div>
   <div class='ocr_carea' id='block_1_93' title="bbox 2120 2895 3698 2983">
    <p class='ocr_par' dir='ltr' id='par_1_93' title="bbox 2120 2895 3698 2983">
     <span class='ocr_line' id='line_1_93' title="bbox 2120 2895 3698 2983; baseline 0.018 -37"><span class='ocrx_word' id='word_1_631' title='bbox 2120 2895 2277 2962; x_wconf 89' lang='lat' dir='ltr'><strong>periti</strong></span> <span class='ocrx_word' id='word_1_632' title='bbox 2314 2905 2472 2964; x_wconf 86' lang='lat' dir='ltr'><strong>sunt;</strong></span> <span class='ocrx_word' id='word_1_633' title='bbox 2509 2899 2543 2953; x_wconf 92' lang='lat' dir='ltr'><strong>ii</strong></span> <span class='ocrx_word' id='word_1_634' title='bbox 2575 2911 2719 2956; x_wconf 90' lang='lat' dir='ltr'><strong>recta</strong></span> <span class='ocrx_word' id='word_1_635' title='bbox 2754 2906 3098 2964; x_wconf 88' lang='lat' dir='ltr'><strong>considerent</strong></span> <span class='ocrx_word' id='word_1_636' title='bbox 3131 2911 3184 2964; x_wconf 91' lang='lat' dir='ltr'><strong>in</strong></span> <span class='ocrx_word' id='word_1_637' title='bbox 3210 2912 3454 2983; x_wconf 84' lang='lat' dir='ltr'><strong>judiciis,</strong></span> <span class='ocrx_word' id='word_1_638' title='bbox 3487 2928 3540 2972; x_wconf 93' lang='lat' dir='ltr'><strong>et</strong></span> <span class='ocrx_word' id='word_1_639' title='bbox 3573 2921 3698 2974; x_wconf 88' lang='lat' dir='ltr'><strong>abs-</strong></span> 
     </span>
    </p>
   </div>
   <div class='ocr_carea' id='block_1_94' title="bbox 2120 2988 3696 3072">
    <p class='ocr_par' dir='ltr' id='par_1_94' title="bbox 2120 2988 3696 3072">
     <span class='ocr_line' id='line_1_94' title="bbox 2120 2988 3696 3072; baseline 0.019 -35"><span class='ocrx_word' id='word_1_640' title='bbox 2120 2999 2226 3054; x_wconf 89' lang='lat' dir='ltr'><strong>que</strong></span> <span class='ocrx_word' id='word_1_641' title='bbox 2255 2988 2566 3044; x_wconf 84' lang='lat' dir='ltr'><strong>animorum</strong></span> <span class='ocrx_word' id='word_1_642' title='bbox 2612 2991 2804 3048; x_wconf 82' lang='lat' dir='ltr'><strong>affectu</strong></span> <span class='ocrx_word' id='word_1_643' title='bbox 2852 2999 3049 3068; x_wconf 90' lang='lat' dir='ltr'><strong>cuique</strong></span> <span class='ocrx_word' id='word_1_644' title='bbox 3092 3017 3192 3072; x_wconf 90' lang='lat' dir='ltr'><strong>pro</strong></span> <span class='ocrx_word' id='word_1_645' title='bbox 3249 3006 3459 3062; x_wconf 89' lang='lat' dir='ltr'><strong>meritis</strong></span> <span class='ocrx_word' id='word_1_646' title='bbox 3501 3024 3696 3066; x_wconf 84' lang='lat' dir='ltr'><strong>conve-</strong></span> 
     </span>
    </p>
   </div>
   <div class='ocr_carea' id='block_1_95' title="bbox 2682 3082 3701 3154">
    <p class='ocr_par' dir='ltr' id='par_1_95' title="bbox 2682 3082 3701 3154">
     <span class='ocr_line' id='line_1_95' title="bbox 2682 3082 3701 3154; baseline 0.016 -16"><span class='ocrx_word' id='word_1_647' title='bbox 2682 3082 2817 3138; x_wconf 81' lang='lat' dir='ltr'><strong>Nam</strong></span> <span class='ocrx_word' id='word_1_648' title='bbox 2870 3086 2949 3141; x_wconf 88' lang='lat' dir='ltr'><strong>sic</strong></span> <span class='ocrx_word' id='word_1_649' title='bbox 2997 3091 3158 3144; x_wconf 83' lang='lat' dir='ltr'><strong>etiam</strong></span> <span class='ocrx_word' id='word_1_650' title='bbox 3209 3092 3470 3150; x_wconf 88' lang='lat' dir='ltr'><strong>Dominus</strong></span> <span class='ocrx_word' id='word_1_651' title='bbox 3513 3109 3701 3154; x_wconf 90' lang='lat' dir='ltr'><strong>uoster</strong></span> 
     </span>
    </p>
   </div>
   <div class='ocr_carea' id='block_1_96' title="bbox 2120 3169 3698 3252">
    <p class='ocr_par' dir='ltr' id='par_1_96' title="bbox 2120 3169 3698 3252">
     <span class='ocr_line' id='line_1_96' title="bbox 2120 3169 3698 3252; baseline 0.013 -27"><span class='ocrx_word' id='word_1_652' title='bbox 2120 3169 2280 3225; x_wconf 84' lang='lat' dir='ltr'><strong>Jesus</strong></span> <span class='ocrx_word' id='word_1_653' title='bbox 2315 3171 2584 3240; x_wconf 87' lang='lat' dir='ltr'><strong>Christus,</strong></span> <span class='ocrx_word' id='word_1_654' title='bbox 2619 3175 2709 3231; x_wconf 89' lang='lat' dir='ltr'><strong>Dei</strong></span> <span class='ocrx_word' id='word_1_655' title='bbox 2741 3177 2917 3234; x_wconf 90' lang='lat' dir='ltr'><strong>virtus</strong></span> <span class='ocrx_word' id='word_1_656' title='bbox 2955 3191 3010 3234; x_wconf 88' lang='lat' dir='ltr'><strong>et</strong></span> <span class='ocrx_word' id='word_1_657' title='bbox 3045 3183 3338 3252; x_wconf 89' lang='lat' dir='ltr'><strong>sapientia,</strong></span> <span class='ocrx_word' id='word_1_658' title='bbox 3384 3189 3555 3245; x_wconf 90' lang='lat' dir='ltr'><strong>multo</strong></span> <span class='ocrx_word' id='word_1_659' title='bbox 3581 3208 3698 3244; x_wconf 88' lang='lat' dir='ltr'><strong>ma-</strong></span> 
     </span>
    </p>
   </div>
   <div class='ocr_carea' id='block_1_97' title="bbox 2115 3263 3698 3345">
    <p class='ocr_par' dir='ltr' id='par_1_97' title="bbox 2115 3263 3698 3345">
     <span class='ocr_line' id='line_1_97' title="bbox 2115 3263 3698 3345; baseline 0.015 -28"><span class='ocrx_word' id='word_1_660' title='bbox 2115 3263 2236 3332; x_wconf 92' lang='lat' dir='ltr'><strong>jore</strong></span> <span class='ocrx_word' id='word_1_661' title='bbox 2257 3280 2379 3320; x_wconf 92' lang='lat' dir='ltr'><strong>cum</strong></span> <span class='ocrx_word' id='word_1_662' title='bbox 2409 3268 2738 3324; x_wconf 84' lang='lat' dir='ltr'><strong>abundantia</strong></span> <span class='ocrx_word' id='word_1_663' title='bbox 2771 3273 2911 3342; x_wconf 86' lang='lat' dir='ltr'><strong>juris</strong></span> <span class='ocrx_word' id='word_1_664' title='bbox 2937 3283 2992 3328; x_wconf 90' lang='lat' dir='ltr'><strong>et</strong></span> <span class='ocrx_word' id='word_1_665' title='bbox 3035 3277 3174 3345; x_wconf 66' lang='grc' dir='ltr'>ωηιή</span> <span class='ocrx_word' id='word_1_666' title='bbox 3221 3281 3585 3345; x_wconf 77' lang='lat' dir='ltr'><strong>cognitionem</strong></span> <span class='ocrx_word' id='word_1_667' title='bbox 3619 3287 3698 3340; x_wconf 88' lang='lat' dir='ltr'><strong>eis</strong></span> 
     </span>
    </p>
   </div>
   <div class='ocr_carea' id='block_1_98' title="bbox 2121 3355 3699 3444">
    <p class='ocr_par' dir='ltr' id='par_1_98' title="bbox 2121 3355 3699 3444">
     <span class='ocr_line' id='line_1_98' title="bbox 2121 3355 3699 3444; baseline 0.016 -37"><span class='ocrx_word' id='word_1_668' title='bbox 2121 3355 2370 3426; x_wconf 83' lang='lat' dir='ltr'><strong>largitur,</strong></span> <span class='ocrx_word' id='word_1_669' title='bbox 2407 3366 2460 3414; x_wconf 91' lang='lat' dir='ltr'><strong>et</strong></span> <span class='ocrx_word' id='word_1_670' title='bbox 2507 3375 2597 3416; x_wconf 88' lang='lat' dir='ltr'><strong>res</strong></span> <span class='ocrx_word' id='word_1_671' title='bbox 2647 3361 2867 3418; x_wconf 83' lang='lat' dir='ltr'><strong>inventu</strong></span> <span class='ocrx_word' id='word_1_672' title='bbox 2913 3364 3158 3422; x_wconf 73' lang='lat' dir='ltr'><strong>difficiles</strong></span> <span class='ocrx_word' id='word_1_673' title='bbox 3207 3371 3451 3438; x_wconf 85' lang='lat' dir='ltr'><strong>revelat;</strong></span> <span class='ocrx_word' id='word_1_674' title='bbox 3499 3376 3590 3444; x_wconf 91' lang='lat' dir='ltr'><strong>qui</strong></span> <span class='ocrx_word' id='word_1_675' title='bbox 3643 3390 3699 3432; x_wconf 89' lang='lat' dir='ltr'><strong>ct</strong></span> 
     </span>
    </p>
   </div>
   <div class='ocr_carea' id='block_1_99' title="bbox 2123 3443 3698 3533">
    <p class='ocr_par' dir='ltr' id='par_1_99' title="bbox 2123 3443 3698 3533">
     <span class='ocr_line' id='line_1_99' title="bbox 2123 3443 3698 3533; baseline 0.013 -35"><span class='ocrx_word' id='word_1_676' title='bbox 2123 3443 2487 3510; x_wconf 89' lang='lat' dir='ltr'><strong>Salomonem.</strong></span> <span class='ocrx_word' id='word_1_677' title='bbox 2521 3464 2642 3504; x_wconf 88' lang='lat' dir='ltr'><strong>cum</strong></span> <span class='ocrx_word' id='word_1_678' title='bbox 2678 3451 2945 3520; x_wconf 85' lang='lat' dir='ltr'><strong>justitiam</strong></span> <span class='ocrx_word' id='word_1_679' title='bbox 2980 3458 3366 3525; x_wconf 89' lang='lat' dir='ltr'><strong>requisivisset,</strong></span> <span class='ocrx_word' id='word_1_680' title='bbox 3401 3443 3698 3533; x_wconf 74' lang='lat' dir='ltr'><strong>sapientem</strong></span> 
     </span>
    </p>
   </div>
   <div class='ocr_carea' id='block_1_100' title="bbox 2122 3541 3700 3622">
    <p class='ocr_par' dir='ltr' id='par_1_100' title="bbox 2122 3541 3700 3622">
     <span class='ocr_line' id='line_1_100' title="bbox 2122 3541 3700 3622; baseline 0.013 -29"><span class='ocrx_word' id='word_1_681' title='bbox 2122 3556 2306 3595; x_wconf 85' lang='lat' dir='ltr'><strong>revera</strong></span> <span class='ocrx_word' id='word_1_682' title='bbox 2338 3541 2497 3608; x_wconf 86' lang='lat' dir='ltr'><strong>fecit;</strong></span> <span class='ocrx_word' id='word_1_683' title='bbox 2530 3553 2586 3598; x_wconf 89' lang='lat' dir='ltr'><strong>et</strong></span> <span class='ocrx_word' id='word_1_684' title='bbox 2622 3547 2853 3616; x_wconf 81' lang='lat' dir='ltr'><strong>gratiam</strong></span> <span class='ocrx_word' id='word_1_685' title='bbox 2891 3551 3201 3618; x_wconf 86' lang='lat' dir='ltr'><strong>concessit,</strong></span> <span class='ocrx_word' id='word_1_686' title='bbox 3239 3553 3520 3622; x_wconf 82' lang='lat' dir='ltr'><strong>ntjndicio</strong></span> <span class='ocrx_word' id='word_1_687' title='bbox 3551 3570 3700 3614; x_wconf 84' lang='lat' dir='ltr'><strong>recte</strong></span> 
     </span>
    </p>
   </div>
   <div class='ocr_carea' id='block_1_101' title="bbox 2122 3634 3699 3716">
    <p class='ocr_par' dir='ltr' id='par_1_101' title="bbox 2122 3634 3699 3716">
     <span class='ocr_line' id='line_1_101' title="bbox 2122 3634 3699 3716; baseline 0.013 -30"><span class='ocrx_word' id='word_1_688' title='bbox 2122 3634 2186 3687; x_wconf 92' lang='lat' dir='ltr'><strong>ad</strong></span> <span class='ocrx_word' id='word_1_689' title='bbox 2214 3649 2438 3703; x_wconf 90' lang='lat' dir='ltr'><strong>scopum</strong></span> <span class='ocrx_word' id='word_1_690' title='bbox 2469 3637 2721 3692; x_wconf 84' lang='lat' dir='ltr'><strong>tendente</strong></span> <span class='ocrx_word' id='word_1_691' title='bbox 2755 3643 3084 3697; x_wconf 83' lang='lat' dir='ltr'><strong>sententiam</strong></span> <span class='ocrx_word' id='word_1_692' title='bbox 3119 3644 3186 3700; x_wconf 89' lang='lat' dir='ltr'><strong>de</strong></span> <span class='ocrx_word' id='word_1_693' title='bbox 3223 3662 3391 3716; x_wconf 90' lang='lat' dir='ltr'><strong>puero</strong></span> <span class='ocrx_word' id='word_1_694' title='bbox 3416 3652 3699 3706; x_wconf 81' lang='lat' dir='ltr'><strong>muliercu-</strong></span> 
     </span>
    </p>
   </div>
   <div class='ocr_carea' id='block_1_102' title="bbox 2122 3725 3696 3808">
    <p class='ocr_par' dir='ltr' id='par_1_102' title="bbox 2122 3725 3696 3808">
     <span class='ocr_line' id='line_1_102' title="bbox 2122 3725 3696 3808; baseline 0.013 -31"><span class='ocrx_word' id='word_1_695' title='bbox 2122 3725 2186 3779; x_wconf 90' lang='lat' dir='ltr'><strong>lis</strong></span> <span class='ocrx_word' id='word_1_696' title='bbox 2232 3727 2520 3795; x_wconf 80' lang='lat' dir='ltr'><strong>profcrrel.</strong></span> <span class='ocrx_word' id='word_1_697' title='bbox 2556 3730 2711 3796; x_wconf 84' lang='lat' dir='ltr'><strong>Quod</strong></span> <span class='ocrx_word' id='word_1_698' title='bbox 2759 3733 2901 3787; x_wconf 92' lang='lat' dir='ltr'><strong>enim</strong></span> <span class='ocrx_word' id='word_1_699' title='bbox 2948 3738 3273 3794; x_wconf 87' lang='lat' dir='ltr'><strong>testimoniis</strong></span> <span class='ocrx_word' id='word_1_700' title='bbox 3317 3756 3380 3795; x_wconf 87' lang='lat' dir='ltr'><strong>ea</strong></span> <span class='ocrx_word' id='word_1_701' title='bbox 3429 3757 3696 3808; x_wconf 85' lang='lat' dir='ltr'><strong>carerent,</strong></span> 
     </span>
    </p>
   </div>
   <div class='ocr_carea' id='block_1_103' title="bbox 2120 3820 3695 3898">
    <p class='ocr_par' dir='ltr' id='par_1_103' title="bbox 2120 3820 3695 3898">
     <span class='ocr_line' id='line_1_103' title="bbox 2120 3820 3695 3898; baseline 0.014 -29"><span class='ocrx_word' id='word_1_702' title='bbox 2120 3835 2241 3888; x_wconf 84' lang='lat' dir='ltr'><strong>quae</strong></span> <span class='ocrx_word' id='word_1_703' title='bbox 2264 3820 2332 3872; x_wconf 91' lang='lat' dir='ltr'><strong>ab</strong></span> <span class='ocrx_word' id='word_1_704' title='bbox 2366 3831 2595 3890; x_wconf 88' lang='lat' dir='ltr'><strong>utraque</strong></span> <span class='ocrx_word' id='word_1_705' title='bbox 2616 3824 2967 3893; x_wconf 85' lang='lat' dir='ltr'><strong>dicebantur;</strong></span> <span class='ocrx_word' id='word_1_706' title='bbox 2998 3829 3063 3882; x_wconf 91' lang='lat' dir='ltr'><strong>ad</strong></span> <span class='ocrx_word' id='word_1_707' title='bbox 3095 3830 3264 3898; x_wconf 87' lang='lat' dir='ltr'><strong>ipsam</strong></span> <span class='ocrx_word' id='word_1_708' title='bbox 3295 3843 3541 3888; x_wconf 86' lang='lat' dir='ltr'><strong>naturam</strong></span> <span class='ocrx_word' id='word_1_709' title='bbox 3573 3852 3695 3891; x_wconf 90' lang='lat' dir='ltr'><strong>eum</strong></span> 
     </span>
    </p>
   </div>
   <div class='ocr_carea' id='block_1_104' title="bbox 2122 3911 3696 3992">
    <p class='ocr_par' dir='ltr' id='par_1_104' title="bbox 2122 3911 3696 3992">
     <span class='ocr_line' id='line_1_104' title="bbox 2122 3911 3696 3992; baseline 0.013 -31"><span class='ocrx_word' id='word_1_710' title='bbox 2122 3911 2371 3980; x_wconf 83' lang='lat' dir='ltr'><strong>progredi</strong></span> <span class='ocrx_word' id='word_1_711' title='bbox 2397 3911 2578 3976; x_wconf 86' lang='lat' dir='ltr'><strong>jussit,</strong></span> <span class='ocrx_word' id='word_1_712' title='bbox 2609 3921 2663 3967; x_wconf 89' lang='lat' dir='ltr'><strong>ct</strong></span> <span class='ocrx_word' id='word_1_713' title='bbox 2691 3915 2766 3967; x_wconf 90' lang='lat' dir='ltr'><strong>uti</strong></span> <span class='ocrx_word' id='word_1_714' title='bbox 2803 3930 2900 3983; x_wconf 87' lang='lat' dir='ltr'><strong>per</strong></span> <span class='ocrx_word' id='word_1_715' title='bbox 2937 3918 3079 3971; x_wconf 90' lang='lat' dir='ltr'><strong>hanc</strong></span> <span class='ocrx_word' id='word_1_716' title='bbox 3129 3919 3397 3977; x_wconf 90' lang='lat' dir='ltr'><strong>inveniret</strong></span> <span class='ocrx_word' id='word_1_717' title='bbox 3442 3925 3515 3989; x_wconf 90' lang='lat' dir='ltr'><strong>id,</strong></span> <span class='ocrx_word' id='word_1_718' title='bbox 3554 3930 3696 3992; x_wconf 88' lang='lat' dir='ltr'><strong>qttod</strong></span> 
     </span>
    </p>
   </div>
   <div class='ocr_carea' id='block_1_105' title="bbox 2123 4003 3696 4082">
    <p class='ocr_par' dir='ltr' id='par_1_105' title="bbox 2123 4003 3696 4082">
     <span class='ocr_line' id='line_1_105' title="bbox 2123 4003 3696 4082; baseline 0.01 -26"><span class='ocrx_word' id='word_1_719' title='bbox 2123 4003 2493 4073; x_wconf 78' lang='lat' dir='ltr'><strong>ignorabatur,</strong></span> <span class='ocrx_word' id='word_1_720' title='bbox 2526 4003 2707 4060; x_wconf 75' lang='lat' dir='ltr'><strong>eﬂecit</strong></span> <span class='ocrx_word' id='word_1_721' title='bbox 2739 4021 2750 4054; x_wconf 86' lang='lat'><strong><em>:</em></strong></span> <span class='ocrx_word' id='word_1_722' title='bbox 2783 4021 2892 4076; x_wconf 88' lang='lat' dir='ltr'><strong>quo</strong></span> <span class='ocrx_word' id='word_1_723' title='bbox 2929 4009 3144 4076; x_wconf 87' lang='lat' dir='ltr'><strong>quidem</strong></span> <span class='ocrx_word' id='word_1_724' title='bbox 3188 4021 3430 4082; x_wconf 87' lang='lat' dir='ltr'><strong>tempore</strong></span> <span class='ocrx_word' id='word_1_725' title='bbox 3479 4018 3696 4082; x_wconf 80' lang='lat' dir='ltr'><strong>mulier,</strong></span> 
     </span>
    </p>
   </div>
   <div class='ocr_carea' id='block_1_106' title="bbox 2121 4093 3699 4166">
    <p class='ocr_par' dir='ltr' id='par_1_106' title="bbox 2121 4093 3699 4166">
     <span class='ocr_line' id='line_1_106' title="bbox 2121 4093 3699 4166; baseline 0.011 -20"><span class='ocrx_word' id='word_1_726' title='bbox 2121 4093 2187 4147; x_wconf 90' lang='lat' dir='ltr'><strong>ad</strong></span> <span class='ocrx_word' id='word_1_727' title='bbox 2239 4108 2401 4162; x_wconf 89' lang='lat' dir='ltr'><strong>quam</strong></span> <span class='ocrx_word' id='word_1_728' title='bbox 2455 4111 2591 4163; x_wconf 85' lang='lat' dir='ltr'><strong>puer</strong></span> <span class='ocrx_word' id='word_1_729' title='bbox 2639 4111 2742 4149; x_wconf 86' lang='lat' dir='ltr'><strong>non</strong></span> <span class='ocrx_word' id='word_1_730' title='bbox 2794 4098 3133 4166; x_wconf 88' lang='lat' dir='ltr'><strong>pertinebat,</strong></span> <span class='ocrx_word' id='word_1_731' title='bbox 3195 4103 3699 4163; x_wconf 57' lang='lat' dir='ltr'><strong>in‘nnisericorditcr</strong></span> 
     </span>
    </p>
   </div>
   <div class='ocr_carea' id='block_1_107' title="bbox 2123 4187 3692 4264">
    <p class='ocr_par' dir='ltr' id='par_1_107' title="bbox 2123 4187 3692 4264">
     <span class='ocr_line' id='line_1_107' title="bbox 2123 4187 3692 4264; baseline 0.008 -23"><span class='ocrx_word' id='word_1_732' title='bbox 2123 4188 2342 4242; x_wconf 84' lang='lat' dir='ltr'><strong>admisit</strong></span> <span class='ocrx_word' id='word_1_733' title='bbox 2388 4187 2692 4244; x_wconf 91' lang='lat' dir='ltr'><strong>Salomonis</strong></span> <span class='ocrx_word' id='word_1_734' title='bbox 2741 4192 2806 4246; x_wconf 90' lang='lat' dir='ltr'><strong>de</strong></span> <span class='ocrx_word' id='word_1_735' title='bbox 2849 4195 3094 4248; x_wconf 81' lang='lat' dir='ltr'><strong>necando</strong></span> <span class='ocrx_word' id='word_1_736' title='bbox 3137 4210 3305 4264; x_wconf 79' lang='lat' dir='ltr'><strong>puero</strong></span> <span class='ocrx_word' id='word_1_737' title='bbox 3353 4202 3692 4262; x_wconf 85' lang='lat' dir='ltr'><strong>mandatum;</strong></span> 
     </span>
    </p>
   </div>
   <div class='ocr_carea' id='block_1_108' title="bbox 2123 4291 3692 4359">
    <p class='ocr_par' dir='ltr' id='par_1_108' title="bbox 2123 4291 3692 4359">
     <span class='ocr_line' id='line_1_108' title="bbox 2123 4291 3692 4359; baseline 0.008 -23"><span class='ocrx_word' id='word_1_738' title='bbox 2123 4291 2179 4336; x_wconf 89' lang='lat' dir='ltr'><strong>at</strong></span> <span class='ocrx_word' id='word_1_739' title='bbox 2231 4297 2351 4351; x_wconf 64' lang='lat' dir='ltr'><strong>quae</strong></span> <span class='ocrx_word' id='word_1_740' title='bbox 2393 4297 2580 4337; x_wconf 85' lang='lat' dir='ltr'><strong>revera</strong></span> <span class='ocrx_word' id='word_1_741' title='bbox 2627 4295 2801 4341; x_wconf 89' lang='lat' dir='ltr'><strong>mater</strong></span> <span class='ocrx_word' id='word_1_742' title='bbox 2844 4297 2981 4354; x_wconf 88' lang='lat' dir='ltr'><strong>erat,</strong></span> <span class='ocrx_word' id='word_1_743' title='bbox 3019 4304 3084 4344; x_wconf 89' lang='lat' dir='ltr'><strong>ne</strong></span> <span class='ocrx_word' id='word_1_744' title='bbox 3122 4291 3338 4359; x_wconf 90' lang='lat' dir='ltr'><strong>quidem</strong></span> <span class='ocrx_word' id='word_1_745' title='bbox 3384 4295 3692 4348; x_wconf 85' lang='lat' dir='ltr'><strong>tnandaltttn</strong></span> 
     </span>
    </p>
   </div>
   <div class='ocr_carea' id='block_1_109' title="bbox 2124 4373 3693 4444">
    <p class='ocr_par' dir='ltr' id='par_1_109' title="bbox 2124 4373 3693 4444">
     <span class='ocr_line' id='line_1_109' title="bbox 2124 4373 3693 4444; baseline 0.006 -18"><span class='ocrx_word' id='word_1_746' title='bbox 2124 4373 2229 4426; x_wconf 92' lang='lat' dir='ltr'><strong>hoc</strong></span> <span class='ocrx_word' id='word_1_747' title='bbox 2275 4373 2484 4437; x_wconf 88' lang='lat' dir='ltr'><strong>audire,</strong></span> <span class='ocrx_word' id='word_1_748' title='bbox 2532 4384 2751 4444; x_wconf 81' lang='lat' dir='ltr'><strong>prepter</strong></span> <span class='ocrx_word' id='word_1_749' title='bbox 2782 4391 3020 4432; x_wconf 89' lang='lat' dir='ltr'><strong>amorem</strong></span> <span class='ocrx_word' id='word_1_750' title='bbox 3073 4379 3375 4434; x_wconf 86' lang='lat' dir='ltr'><strong>naturalem</strong></span> <span class='ocrx_word' id='word_1_751' title='bbox 3418 4385 3693 4437; x_wconf 85' lang='lat' dir='ltr'><strong>sustinuit.</strong></span> 
     </span>
    </p>
   </div>
   <div class='ocr_carea' id='block_1_110' title="bbox 2192 4462 3693 4538">
    <p class='ocr_par' dir='ltr' id='par_1_110' title="bbox 2192 4462 3693 4538">
     <span class='ocr_line' id='line_1_110' title="bbox 2192 4462 3693 4538; baseline 0.007 -22"><span class='ocrx_word' id='word_1_752' title='bbox 2192 4462 2318 4519; x_wconf 55' lang='lat' dir='ltr'><strong>Haec</strong></span> <span class='ocrx_word' id='word_1_753' title='bbox 2356 4465 2721 4529; x_wconf 82' lang='lat' dir='ltr'><strong>considerent,</strong></span> <span class='ocrx_word' id='word_1_754' title='bbox 2757 4467 2870 4521; x_wconf 77' lang='lat' dir='ltr'><strong>btee</strong></span> <span class='ocrx_word' id='word_1_755' title='bbox 2900 4466 2951 4521; x_wconf 93' lang='lat' dir='ltr'><strong>in</strong></span> <span class='ocrx_word' id='word_1_756' title='bbox 2987 4469 3182 4524; x_wconf 91' lang='lat' dir='ltr'><strong>animis</strong></span> <span class='ocrx_word' id='word_1_757' title='bbox 3211 4473 3323 4525; x_wconf 87' lang='lat' dir='ltr'><strong>suis</strong></span> <span class='ocrx_word' id='word_1_758' title='bbox 3354 4473 3611 4538; x_wconf 86' lang='lat' dir='ltr'><strong>sentiant,</strong></span> <span class='ocrx_word' id='word_1_759' title='bbox 3645 4475 3693 4527; x_wconf 90' lang='lat' dir='ltr'><strong>in</strong></span> 
     </span>
    </p>
   </div>
   <div class='ocr_carea' id='block_1_111' title="bbox 2122 4555 3692 4628">
    <p class='ocr_par' dir='ltr' id='par_1_111' title="bbox 2122 4555 3692 4628">
     <span class='ocr_line' id='line_1_111' title="bbox 2122 4555 3692 4628; baseline 0.004 -19"><span class='ocrx_word' id='word_1_760' title='bbox 2122 4555 2206 4610; x_wconf 89' lang='lat' dir='ltr'><strong>his</strong></span> <span class='ocrx_word' id='word_1_761' title='bbox 2230 4567 2512 4611; x_wconf 86' lang='lat' dir='ltr'><strong>versentur</strong></span> <span class='ocrx_word' id='word_1_762' title='bbox 2541 4558 2601 4621; x_wconf 93' lang='lat' dir='ltr'><strong>ii,</strong></span> <span class='ocrx_word' id='word_1_763' title='bbox 2628 4559 2770 4628; x_wconf 90' lang='lat' dir='ltr'><strong>quia</strong></span> <span class='ocrx_word' id='word_1_764' title='bbox 2805 4559 3004 4628; x_wconf 88' lang='lat' dir='ltr'><strong>pietate</strong></span> <span class='ocrx_word' id='word_1_765' title='bbox 3030 4573 3215 4614; x_wconf 89' lang='lat' dir='ltr'><strong>nostra</strong></span> <span class='ocrx_word' id='word_1_766' title='bbox 3240 4563 3521 4617; x_wconf 88' lang='lat' dir='ltr'><strong>constituti</strong></span> <span class='ocrx_word' id='word_1_767' title='bbox 3547 4577 3692 4626; x_wconf 86' lang='lat' dir='ltr'><strong>Sunt,</strong></span> 
     </span>
    </p>
   </div>
   <div class='ocr_carea' id='block_1_112' title="bbox 2122 4646 3698 4724">
    <p class='ocr_par' dir='ltr' id='par_1_112' title="bbox 2122 4646 3698 4724">
     <span class='ocr_line' id='line_1_112' title="bbox 2122 4646 3698 4724; baseline 0.008 -27"><span class='ocrx_word' id='word_1_768' title='bbox 2122 4657 2180 4698; x_wconf 92' lang='lat' dir='ltr'><strong>ut</strong></span> <span class='ocrx_word' id='word_1_769' title='bbox 2213 4646 2334 4701; x_wconf 91' lang='lat' dir='ltr'><strong>lites</strong></span> <span class='ocrx_word' id='word_1_770' title='bbox 2364 4656 2416 4701; x_wconf 90' lang='lat' dir='ltr'><strong>ct</strong></span> <span class='ocrx_word' id='word_1_771' title='bbox 2463 4651 2867 4704; x_wconf 77' lang='lat' dir='ltr'><strong>controversias</strong></span> <span class='ocrx_word' id='word_1_772' title='bbox 2900 4661 3231 4722; x_wconf 76' lang='lat' dir='ltr'><strong>Cognoscant</strong></span> <span class='ocrx_word' id='word_1_773' title='bbox 3255 4669 3317 4708; x_wconf 89' lang='lat' dir='ltr'><strong>ac</strong></span> <span class='ocrx_word' id='word_1_774' title='bbox 3345 4655 3610 4724; x_wconf 87' lang='lat' dir='ltr'><strong>judicent,</strong></span> <span class='ocrx_word' id='word_1_775' title='bbox 3645 4668 3698 4711; x_wconf 92' lang='lat' dir='ltr'><strong>et</strong></span> 
     </span>
    </p>
   </div>
   <div class='ocr_carea' id='block_1_113' title="bbox 2121 4739 3696 4813">
    <p class='ocr_par' dir='ltr' id='par_1_113' title="bbox 2121 4739 3696 4813">
     <span class='ocr_line' id='line_1_113' title="bbox 2121 4739 3696 4813; baseline 0.006 -23"><span class='ocrx_word' id='word_1_776' title='bbox 2121 4739 2316 4806; x_wconf 90' lang='lat' dir='ltr'><strong>quibus</strong></span> <span class='ocrx_word' id='word_1_777' title='bbox 2342 4741 2744 4809; x_wconf 87' lang='lat' dir='ltr'><strong>ponderajusta</strong></span> <span class='ocrx_word' id='word_1_778' title='bbox 2779 4743 3157 4811; x_wconf 80' lang='lat' dir='ltr'><strong>religiosarum</strong></span> <span class='ocrx_word' id='word_1_779' title='bbox 3183 4745 3358 4813; x_wconf 81' lang='lat' dir='ltr'><strong>legum</strong></span> <span class='ocrx_word' id='word_1_780' title='bbox 3390 4759 3696 4801; x_wconf 67' lang='lat' dir='ltr'><strong>no&lt;trarnut</strong></span> 
     </span>
    </p>
   </div>
   <div class='ocr_carea' id='block_1_114' title="bbox 2126 4832 3700 4890">
    <p class='ocr_par' dir='ltr' id='par_1_114' title="bbox 2126 4832 3700 4890">
     <span class='ocr_line' id='line_1_114' title="bbox 2126 4832 3700 4890; baseline 0.004 -6"><span class='ocrx_word' id='word_1_781' title='bbox 2126 4832 2321 4885; x_wconf 86' lang='lat' dir='ltr'><strong>tradita</strong></span> <span class='ocrx_word' id='word_1_782' title='bbox 2360 4841 2485 4884; x_wconf 87' lang='lat' dir='ltr'><strong>sunt</strong></span> <span class='ocrx_word' id='word_1_783' title='bbox 2520 4842 2572 4885; x_wconf 92' lang='lat' dir='ltr'><strong>et</strong></span> <span class='ocrx_word' id='word_1_784' title='bbox 2599 4835 2998 4887; x_wconf 81' lang='lat' dir='ltr'><strong>commendata.</strong></span> <span class='ocrx_word' id='word_1_785' title='bbox 3032 4834 3089 4887; x_wconf 83' lang='lat' dir='ltr'><strong>in</strong></span> <span class='ocrx_word' id='word_1_786' title='bbox 3131 4836 3213 4888; x_wconf 78' lang='lat' dir='ltr'><strong>bis</strong></span> <span class='ocrx_word' id='word_1_787' title='bbox 3255 4838 3399 4890; x_wconf 88' lang='lat' dir='ltr'><strong>enim</strong></span> <span class='ocrx_word' id='word_1_788' title='bbox 3444 4837 3608 4890; x_wconf 66' lang='lat' dir='ltr'><strong>Dt-um</strong></span> <span class='ocrx_word' id='word_1_789' title='bbox 3646 4840 3700 4890; x_wconf 85' lang='lat' dir='ltr'><strong>il-</strong></span> 
     </span>
    </p>
   </div>
   <div class='ocr_carea' id='block_1_115' title="bbox 2121 4923 3698 4994">
    <p class='ocr_par' dir='ltr' id='par_1_115' title="bbox 2121 4923 3698 4994">
     <span class='ocr_line' id='line_1_115' title="bbox 2121 4923 3698 4994; baseline 0.003 -20"><span class='ocrx_word' id='word_1_790' title='bbox 2121 4923 2252 4987; x_wconf 88' lang='lat' dir='ltr'><strong>lum,</strong></span> <span class='ocrx_word' id='word_1_791' title='bbox 2291 4923 2381 4989; x_wconf 91' lang='lat' dir='ltr'><strong>qui</strong></span> <span class='ocrx_word' id='word_1_792' title='bbox 2437 4925 2585 4990; x_wconf 80' lang='lat' dir='ltr'><strong>regni</strong></span> <span class='ocrx_word' id='word_1_793' title='bbox 2632 4933 2844 4994; x_wconf 78' lang='lat' dir='ltr'><strong>sceptra</strong></span> <span class='ocrx_word' id='word_1_794' title='bbox 2900 4925 3057 4979; x_wconf 85' lang='lat' dir='ltr'><strong>nobis</strong></span> <span class='ocrx_word' id='word_1_795' title='bbox 3111 4925 3163 4978; x_wconf 91' lang='lat' dir='ltr'><strong>in</strong></span> <span class='ocrx_word' id='word_1_796' title='bbox 3195 4943 3411 4979; x_wconf 88' lang='lat' dir='ltr'><strong>manum</strong></span> <span class='ocrx_word' id='word_1_797' title='bbox 3455 4929 3698 4987; x_wconf 83' lang='lat' dir='ltr'><strong>tradidit.</strong></span> 
     </span>
    </p>
   </div>
   <div class='ocr_carea' id='block_1_116' title="bbox 2122 5015 3700 5088">
    <p class='ocr_par' dir='ltr' id='par_1_116' title="bbox 2122 5015 3700 5088">
     <span class='ocr_line' id='line_1_116' title="bbox 2122 5015 3700 5088; baseline 0.004 -20"><span class='ocrx_word' id='word_1_798' title='bbox 2122 5015 2266 5068; x_wconf 88' lang='lat' dir='ltr'><strong>Omni</strong></span> <span class='ocrx_word' id='word_1_799' title='bbox 2299 5015 2478 5067; x_wconf 86' lang='lat' dir='ltr'><strong>studio</strong></span> <span class='ocrx_word' id='word_1_800' title='bbox 2527 5015 2704 5069; x_wconf 87' lang='lat' dir='ltr'><strong>colere</strong></span> <span class='ocrx_word' id='word_1_801' title='bbox 2744 5018 2985 5071; x_wconf 81' lang='lat' dir='ltr'><strong>nitimur.</strong></span> <span class='ocrx_word' id='word_1_802' title='bbox 3039 5016 3131 5072; x_wconf 86' lang='lat' dir='ltr'><strong>llis</strong></span> <span class='ocrx_word' id='word_1_803' title='bbox 3174 5019 3361 5080; x_wconf 82' lang='lat' dir='ltr'><strong>armis,</strong></span> <span class='ocrx_word' id='word_1_804' title='bbox 3399 5020 3567 5088; x_wconf 73' lang='lat' dir='ltr'><strong>ipsius</strong></span> <span class='ocrx_word' id='word_1_805' title='bbox 3606 5021 3700 5073; x_wconf 79' lang='lat' dir='ltr'><strong>ad-</strong></span> 
     </span>
    </p>
   </div>
   <div class='ocr_carea' id='block_1_117' title="bbox 2116 5104 3698 5172">
    <p class='ocr_par' dir='ltr' id='par_1_117' title="bbox 2116 5104 3698 5172">
     <span class='ocr_line' id='line_1_117' title="bbox 2116 5104 3698 5172; baseline 0.004 -16"><span class='ocrx_word' id='word_1_806' title='bbox 2116 5104 2217 5172; x_wconf 91' lang='lat' dir='ltr'><strong>jnti</strong></span> <span class='ocrx_word' id='word_1_807' title='bbox 2269 5105 2468 5159; x_wconf 87' lang='lat' dir='ltr'><strong>virtute</strong></span> <span class='ocrx_word' id='word_1_808' title='bbox 2520 5120 2582 5159; x_wconf 90' lang='lat' dir='ltr'><strong>ac</strong></span> <span class='ocrx_word' id='word_1_809' title='bbox 2619 5106 2844 5172; x_wconf 81' lang='lat' dir='ltr'><strong>viribus,</strong></span> <span class='ocrx_word' id='word_1_810' title='bbox 2900 5107 3113 5161; x_wconf 88' lang='lat' dir='ltr'><strong>fortiter</strong></span> <span class='ocrx_word' id='word_1_811' title='bbox 3160 5109 3404 5162; x_wconf 89' lang='lat' dir='ltr'><strong>hostibus</strong></span> <span class='ocrx_word' id='word_1_812' title='bbox 3441 5110 3698 5163; x_wconf 84' lang='lat' dir='ltr'><strong>resistere</strong></span> 
     </span>
    </p>
   </div>
   <div class='ocr_carea' id='block_1_118' title="bbox 2123 5194 3700 5268">
    <p class='ocr_par' dir='ltr' id='par_1_118' title="bbox 2123 5194 3700 5268">
     <span class='ocr_line' id='line_1_118' title="bbox 2123 5194 3700 5268; baseline 0.001 -19"><span class='ocrx_word' id='word_1_813' title='bbox 2123 5197 2391 5251; x_wconf 89' lang='lat' dir='ltr'><strong>volumus.</strong></span> <span class='ocrx_word' id='word_1_814' title='bbox 2422 5194 2526 5251; x_wconf 85' lang='lat' dir='ltr'><strong>Per</strong></span> <span class='ocrx_word' id='word_1_815' title='bbox 2576 5199 2688 5251; x_wconf 72' lang='lat' dir='ltr'><strong>lucc</strong></span> <span class='ocrx_word' id='word_1_816' title='bbox 2728 5199 2995 5268; x_wconf 84' lang='lat' dir='ltr'><strong>signatum</strong></span> <span class='ocrx_word' id='word_1_817' title='bbox 3044 5200 3282 5263; x_wconf 86' lang='lat' dir='ltr'><strong>Christo,</strong></span> <span class='ocrx_word' id='word_1_818' title='bbox 3319 5209 3372 5254; x_wconf 91' lang='lat' dir='ltr'><strong>et</strong></span> <span class='ocrx_word' id='word_1_819' title='bbox 3407 5214 3502 5268; x_wconf 89' lang='lat' dir='ltr'><strong>per</strong></span> <span class='ocrx_word' id='word_1_820' title='bbox 3531 5200 3700 5268; x_wconf 80' lang='lat' dir='ltr'><strong>ipsius</strong></span> 
     </span>
    </p>
   </div>
   <div class='ocr_carea' id='block_1_119' title="bbox 2125 5288 3698 5359">
    <p class='ocr_par' dir='ltr' id='par_1_119' title="bbox 2125 5288 3698 5359">
     <span class='ocr_line' id='line_1_119' title="bbox 2125 5288 3698 5359; baseline -0.001 -15"><span class='ocrx_word' id='word_1_821' title='bbox 2125 5299 2444 5358; x_wconf 80' lang='lat' dir='ltr'><strong>patestatem</strong></span> <span class='ocrx_word' id='word_1_822' title='bbox 2479 5288 2783 5357; x_wconf 88' lang='lat' dir='ltr'><strong>subjectum</strong></span> <span class='ocrx_word' id='word_1_823' title='bbox 2821 5291 3220 5345; x_wconf 86' lang='lat' dir='ltr'><strong>mansuetudini</strong></span> <span class='ocrx_word' id='word_1_824' title='bbox 3255 5301 3455 5345; x_wconf 81' lang='lat' dir='ltr'><strong>nostra:</strong></span> <span class='ocrx_word' id='word_1_825' title='bbox 3481 5305 3698 5359; x_wconf 77' lang='lat' dir='ltr'><strong>gregem</strong></span> 
     </span>
    </p>
   </div>
   <div class='ocr_carea' id='block_1_120' title="bbox 2127 5381 3700 5451">
    <p class='ocr_par' dir='ltr' id='par_1_120' title="bbox 2127 5381 3700 5451">
     <span class='ocr_line' id='line_1_120' title="bbox 2127 5381 3700 5451; baseline 0 -17"><span class='ocrx_word' id='word_1_826' title='bbox 2127 5381 2177 5434; x_wconf 89' lang='lat' dir='ltr'><strong>in</strong></span> <span class='ocrx_word' id='word_1_827' title='bbox 2227 5381 2382 5434; x_wconf 89' lang='lat' dir='ltr'><strong>bonis</strong></span> <span class='ocrx_word' id='word_1_828' title='bbox 2426 5396 2640 5435; x_wconf 89' lang='lat' dir='ltr'><strong>sumere</strong></span> <span class='ocrx_word' id='word_1_829' title='bbox 2688 5381 3104 5447; x_wconf 89' lang='lat' dir='ltr'><strong>incrementum,</strong></span> <span class='ocrx_word' id='word_1_830' title='bbox 3137 5399 3199 5436; x_wconf 87' lang='lat' dir='ltr'><strong>ac</strong></span> <span class='ocrx_word' id='word_1_831' title='bbox 3228 5382 3492 5451; x_wconf 73' lang='lat' dir='ltr'><strong>profit-ere</strong></span> <span class='ocrx_word' id='word_1_832' title='bbox 3523 5381 3700 5435; x_wconf 80' lang='lat' dir='ltr'><strong>credi-</strong></span> 
     </span>
    </p>
   </div>
   <div class='ocr_carea' id='block_1_121' title="bbox 2129 5470 3700 5542">
    <p class='ocr_par' dir='ltr' id='par_1_121' title="bbox 2129 5470 3700 5542">
     <span class='ocr_line' id='line_1_121' title="bbox 2129 5470 3700 5542; baseline 0.003 -19"><span class='ocrx_word' id='word_1_833' title='bbox 2129 5487 2269 5525; x_wconf 89' lang='lat' dir='ltr'><strong>mus.</strong></span> <span class='ocrx_word' id='word_1_834' title='bbox 2309 5470 2400 5525; x_wconf 87' lang='lat' dir='ltr'><strong>llis</strong></span> <span class='ocrx_word' id='word_1_835' title='bbox 2437 5474 2488 5525; x_wconf 92' lang='lat' dir='ltr'><strong>in</strong></span> <span class='ocrx_word' id='word_1_836' title='bbox 2516 5474 2781 5542; x_wconf 83' lang='lat' dir='ltr'><strong>integrum</strong></span> <span class='ocrx_word' id='word_1_837' title='bbox 2815 5471 3105 5528; x_wconf 89' lang='lat' dir='ltr'><strong>restituere</strong></span> <span class='ocrx_word' id='word_1_838' title='bbox 3144 5475 3300 5529; x_wconf 91' lang='lat' dir='ltr'><strong>nobis</strong></span> <span class='ocrx_word' id='word_1_839' title='bbox 3339 5475 3617 5542; x_wconf 83' lang='lat' dir='ltr'><strong>antiquam</strong></span> <span class='ocrx_word' id='word_1_840' title='bbox 3648 5476 3700 5528; x_wconf 90' lang='lat' dir='ltr'><strong>in</strong></span> 
     </span>
    </p>
   </div>
   <div class='ocr_carea' id='block_1_122' title="bbox 2128 5563 3703 5638">
    <p class='ocr_par' dir='ltr' id='par_1_122' title="bbox 2128 5563 3703 5638">
     <span class='ocr_line' id='line_1_122' title="bbox 2128 5563 3703 5638; baseline 0.004 -22"><span class='ocrx_word' id='word_1_841' title='bbox 2128 5563 2560 5620; x_wconf 77' lang='lat' dir='ltr'><strong>administranda</strong></span> <span class='ocrx_word' id='word_1_842' title='bbox 2615 5564 2890 5634; x_wconf 82' lang='lat' dir='ltr'><strong>republica</strong></span> <span class='ocrx_word' id='word_1_843' title='bbox 2933 5565 3371 5635; x_wconf 81' lang='lat' dir='ltr'><strong>jurisdictionem</strong></span> <span class='ocrx_word' id='word_1_844' title='bbox 3419 5583 3576 5638; x_wconf 84' lang='lat' dir='ltr'><strong>posse</strong></span> <span class='ocrx_word' id='word_1_845' title='bbox 3605 5583 3703 5623; x_wconf 86' lang='lat' dir='ltr'><strong>nos</strong></span> 
     </span>
    </p>
   </div>
   <div class='ocr_carea' id='block_1_123' title="bbox 3217 5832 3289 5896">
    <p class='ocr_par' dir='ltr' id='par_1_123' title="bbox 3217 5832 3289 5896">
     <span class='ocr_line' id='line_1_123' title="bbox 3217 5832 3289 5896; baseline -0.028 0"><span class='ocrx_word' id='word_1_846' title='bbox 3217 5832 3289 5896; x_wconf 84' lang='lat'><strong>15</strong></span> 
     </span>
    </p>
   </div>
  </div>
