4084 6208
372 298 482 363 159

1402 284 1913 348 CONSTANTINI
1955 281 2633 344 PORPIIYROGENITI

3522 283 3631 354 460

370 427 678 482 speramus,
715 425 838 466 cum
883 405 1135 463 dominus
1170 409 1224 456 et
1271 401 1531 455 Servatur
1574 409 1762 454 noster
1786 398 1950 453 Jesns

2069 397 2242 468 ,Ιησοῦ
2301 395 2537 466 Χριστοῦ
2591 395 2890 467 εἰρηκότος.
2937 413 2954 445 ι
2991 395 3309 466 Μὴκρίνετε
3349 399 3470 452 κατ’
3499 397 3643 468 ὄψιν,

373 507 625 561 Christus
659 501 857 558 dixerit
892 516 904 552 :
944 514 963 548 ι
995 493 1466 562 Nejudicaveritis
1496 495 1791 546 secundum
1829 505 1951 559 spe-

371 600 510 652 ciem
541 604 848 654 externam,
891 588 986 642 sed
1021 586 1287 655 judicium
1317 588 1523 653 justum
1560 593 1810 638 exercete
1844 582 1886 636 ⁸.
1926 600 1944 633 ι

371 693 452 744 Ab
495 685 642 741 omni
679 679 992 750 captatione
1023 691 1304 732 munerum
1335 676 1620 738 abstineri,
1656 675 1865 743 justum
1899 680 1954 728 et

371 794 584 849 a'quum
621 784 727 839 est,
759 787 882 827 cum
913 771 1174 850 scriptum
1203 768 1276 822 sit
1311 781 1327 819 :
1354 766 1448 822 Vae
1481 767 1608 832 illis,
1641 767 1731 836 qui
1765 779 1954 819 mune-

370 887 491 924 rum
520 883 684 922 causa
725 859 1030 933 justitiCant
1074 861 1321 929 impium,
1372 867 1427 915 et
1467 858 1751 912 humilium
1806 859 1950 910 viam

373 960 730 1021 declinantes,
756 955 960 1024 justam
988 950 1116 1020 justi
1153 965 1374 1005 causam
1405 949 1470 1004 ab
1503 963 1569 1004 eo
1603 948 1818 1002 tollunt.
1845 945 1950 1000 llo-

371 1066 491 1106 run.
525 1050 673 1103 radix
705 1047 879 1101 instar
910 1042 1150 1114 pulveris
1179 1043 1302 1107 erit,
1326 1051 1380 1097 et
1414 1040 1512 1096 llos
1539 1055 1726 1094 eorum
1751 1038 1954 1094 cineris

375 1145 548 1196 instar
595 1142 853 1196 ascendet
881 1147 1192 1209 propterea,
1225 1137 1366 1206 quod
1402 1134 1618 1189 Domini
1650 1135 1820 1204 legem
1851 1134 1953 1187 im-

373 1235 523 1305 plere
572 1250 677 1288 non
722 1233 994 1288 voluerint
1024 1232 1069 1284 '.
1109 1248 1129 1281 ι
1160 1259 1229 1269 -
1259 1247 1278 1280 ι
1334 1227 1553 1282 Munera
1594 1236 1650 1281 et
1700 1231 1839 1281 dona
1869 1239 1958 1280 sa-

374 1329 616 1398 pientum
643 1325 828 1380 oculos
852 1333 1129 1378 excaecant
1153 1322 1193 1374 ⁸.
1234 1339 1252 1372 ›
1292 1317 1406 1385 Qua
1441 1327 1660 1389 propter
1691 1317 1954 1385 ejusmodi

373 1429 530 1486 turpe
563 1417 772 1470 lucrum
807 1428 1063 1469 coercere
1092 1412 1344 1481 protinus
1376 1412 1677 1475 studentes,
1709 1425 1774 1464 ex
1799 1423 1956 1463 sacro

372 1512 489 1565 tisci
524 1509 696 1563 nostri
729 1505 963 1578 ',sacculo
995 1504 1285 1559 Statuinins
1333 1501 1738 1572 gloriosissimo
1781 1514 1958 1568 quaes-

377 1603 499 1664 tori,
550 1599 972 1668 rescriptoribns
1018 1598 1133 1650 sive
1188 1595 1565 1659 dictatoribus,
1602 1601 1655 1647 et
1702 1592 1955 1646 omnibus

372 1709 569 1764 operas
608 1695 658 1745 in
687 1687 1197 1755 causisjudiciariis
1233 1685 1561 1739 navantibus
1595 1683 1794 1738 Salaria
1825 1697 1957 1752 prae-

375 1788 550 1842 benda
584 1796 704 1838 esse
738 1783 790 1835 in
824 1782 965 1834 hunc
1010 1779 1208 1845 ﬁnem;
1245 1787 1303 1832 ut
1334 1793 1363 1832 a
1402 1777 1546 1831 nulla
1581 1775 1955 1844 cujuscunque

375 1877 594 1947 generis
626 1888 880 1945 persona,
932 1872 999 1926 de
1033 1872 1190 1938 cujus
1219 1869 1359 1939 apud
1390 1883 1485 1924 eos
1527 1882 1713 1932 causa,
1753 1881 1954 1935 cogno-

374 1969 568 2033 scitur,
615 1966 908 2036 quidquam
960 1976 1184 2033 prorsus
1229 1960 1531 2030 accipiant;
1582 1973 1671 2025 ne,
1731 1958 1877 2028 quod
1926 1973 1956 2012 a

374 2060 636 2130 propheta
665 2057 884 2118 dicitur,
904 2055 1071 2110 etiam
1097 2053 1150 2107 in
1175 2052 1330 2108 nobis
1356 2051 1644 2122 impleatur
1671 2065 1685 2105 :
1715 2050 1957 2120 Argento
1997 2115 2008 2118 _

368 2153 458 2220 jus
493 2151 770 2204 venditum
798 2147 922 2202 est'
953 2184 969 2200 .
1001 2166 1020 2197 ι
1052 2164 1066 2199 :
1099 2155 1153 2201 et
1182 2161 1248 2200 ne
1283 2144 1410 2198 hinc
1433 2143 1671 2198 divinam
1703 2143 1958 2212 indigna-

375 2244 577 2297 tionem
611 2243 975 2307 incurramus,
1009 2237 1175 2293 veluti
1199 2237 1579 2292 mandatorum
1611 2235 1784 2305 ipsius
1811 2243 1957 2290 tran-

369 2350 656 2408 gressores
684 2333 840 2390 laeti.

800 2444 1529 2525 TITULUS'PRIMUS.

849 2583 927 2639 De
959 2583 1156 2654 legibus
1187 2591 1236 2635 et
1263 2583 1497 2650 justitia.

443 2699 494 2751 l.
533 2695 614 2768 (L.
644 2713 662 2751 ι
688 2702 743 2750 et
790 2709 853 2758 ll,
900 2690 956 2746 ﬂ'.
990 2689 1067 2742 De
1103 2686 1349 2758 legibus.)
1393 2686 1504 2740 Lex
1549 2696 1633 2740 est
1672 2698 1958 2740 commune

371 2792 722 2854 praxeptum,
763 2781 1002 2835 virorum
1051 2776 1400 2846 prudentium
1447 2775 1811 2830 consultum:
1866 2777 1962 2830 de-

373 2874 626 2925 lictorum
662 2883 782 2940 qua:
828 2875 1042 2938 spon'e,
1091 2865 1175 2919 vel
1203 2865 1507 2936 ignorantia
1559 2868 1960 2921 contrahuntur

374 2965 666 3030 coercitio,
720 2960 1026 3018 communis
1060 2958 1371 3028 reipublicae
1412 2960 1658 3031 sponsio,
1694 2971 1956 3030 praeterea

374 3057 652 3112 inventum
679 3055 800 3112 Dei.

440 3149 496 3202 2.
532 3147 618 3218 (L.
652 3163 735 3213 ιιι,
769 3147 826 3211 3,
860 3146 914 3214 4,
948 3147 1003 3214 5,
1034 3155 1090 3202 et
1126 3146 1203 3218 6.)
1230 3144 1404 3216 Leges
1430 3145 1693 3200 constitui
1722 3153 1964 3214 oportet,

371 3259 437 3298 ex
475 3243 539 3296 iis
562 3256 681 3311 qua:
710 3249 772 3294 ut
796 3240 1113 3312 plurimum,
1144 3254 1251 3294 non
1276 3253 1396 3309 quae
1425 3253 1653 3308 perraro
1685 3239 1964 3306 accidunt,

275 3386 278 3390 .
372 3347 547 3402 neque
577 3347 643 3386 ex
679 3330 765 3386 his
794 3345 913 3400 quae
945 3331 998 3384 in
1041 3343 1147 3383 uno
1180 3328 1362 3396 aliquo
1395 3343 1524 3383 casu
1559 3330 1810 3384 accidere
1839 3345 1966 3399 pos-

372 3433 518 3477 snnt.
553 3423 886 3478 Praetereunt
918 3421 1064 3476 enim
1097 3420 1462 3490 legislatores,
1498 3423 1642 3492 quod
1672 3424 1845 3478 semel
1872 3434 1966 3480 attt

371 3515 456 3568 bis
483 3522 690 3567 tantum
722 3513 956 3566 exsistit.

442 3605 497 3658 5.
531 3601 617 3674 (L.
648 3605 769 3668 vn.)
818 3602 979 3674 Legis
1022 3604 1194 3662 virtus
1239 3617 1321 3663 est
1357 3624 1373 3661 :
1417 3606 1710 3676 imperare,
1754 3619 1960 3676 vetare,

375 3695 715 3768 permittere,
743 3696 960 3766 punire.

442 3787 500 3842 4.
534 3787 617 3857 (L.
647 3789 788 3860 vni.)
813 3788 942 3845 Jura
971 3807 1076 3848 non
1108 3791 1176 3847 de
1204 3791 1364 3846 rebus
1391 3791 1640 3861 singulis,
1667 3790 1761 3847 sed
1796 3805 1962 3861 gene-

373 3877 562 3934 raliter
595 3881 1022 3938 constituuntur.

445 3969 500 4025 5.
535 3968 620 4041 (L.
652 3986 708 4037 χ,
748 3972 810 4041 π.
844 3970 921 4027 De
954 3973 1137 4044 justit.
1176 3982 1226 4028 et
1258 3971 1406 4044 jur.)
1440 3971 1659 4030 Justitia
1701 3981 1785 4029 est
1828 3989 1958 4030 con-

373 4069 526 4116 stans
574 4072 628 4117 et
673 4074 937 4135 perpetua
983 4066 1253 4133 voluntas,
1286 4066 1378 4134 jus
1425 4082 1585 4123 suum
1622 4067 1820 4138 cuique
1863 4068 1958 4122 tri-

374 4157 570 4214 bucns.

442 4251 496 4306 6.
533 4251 620 4324 (L.
658 4253 802 4324 ead.)
834 4253 1066 4310 Iustitiae
1115 4256 1340 4325 pr0pria
1387 4262 1514 4310 sunt
1544 4253 1660 4310 haec
1690 4270 1704 4306 :
1731 4256 1957 4312 honeste

375 4341 576 4408 vivere,
602 4342 693 4412 jus
729 4358 888 4397 suum
920 4345 1118 4412 cuique
1157 4345 1422 4400 tribuere.
1629 4355 1632 4358 ’

443 4433 498 4488 7.
537 4431 622 4503 (L.
663 4433 810 4504 ead.)
843 4432 1279 4504 Jurisprudentia
1325 4447 1404 4492 est
1451 4436 1754 4492 divinarum
1792 4446 1954 4509 atque
1985 4421 2031 4478 θ

373 4525 733 4579 humanarum
763 4539 966 4592 rerum,
997 4525 1127 4594 justi
1157 4535 1324 4598 atque
1348 4526 1536 4598 injusti
1565 4527 1818 4583 scientia.

919 4743 1285 4803 TITULUS
1321 4746 1395 4801 ll.

973 4840 1050 4894 De
1082 4842 1336 4911 principe.

441 4957 493 5012 l.
542 4955 806 5024 Princeps
854 4963 956 5020 est,
992 4955 1233 5026 legitima
1279 4956 1627 5027 praefectura,
1665 4974 1955 5016 commune

367 5051 566 5102 honuni
591 5047 833 5102 omnium
862 5046 1225 5111 subditorum,
1259 5063 1433 5118 neque
1458 5065 1523 5104 ex
1555 5051 1680 5105 odio
1703 5053 1952 5120 puniens,

369 5152 544 5206 neque
590 5152 656 5192 ex
695 5137 983 5192 affectione
1034 5138 1383 5193 hencfaeiens
1415 5161 1428 5194 :
1468 5142 1562 5196 svd
1600 5142 1955 5212 velntteqnns

365 5229 586 5298 quidam
635 5229 952 5284 certaminis
997 5227 1204 5282 arbiter
1232 5245 1326 5282 sua
1356 5232 1553 5300 cuique
1599 5235 1822 5302 praemia
1857 5235 1950 5289 tri-r

366 5322 556 5378 bnens.

431 5415 486 5469 2.
531 5416 740 5488 Scopus
779 5414 1009 5486 principi
1063 5414 1374 5485 propositus
1426 5424 1535 5482 est,
1587 5417 1751 5484 vires,
1809 5434 1948 5490 quas

370 5505 550 5572 habet,
577 5509 866 5564 clementia
899 5509 1036 5564 tueri
1073 5519 1126 5564 et
1165 5523 1517 5574 conservare,
1561 5513 1802 5581 perditas
1867 5516 1947 5570 in-

366 5596 577 5652 defessa
608 5615 738 5654 cura
774 5616 1117 5672 recuperare,
1152 5616 1244 5658 eas
1287 5617 1424 5672 quas
1469 5617 1574 5656 non
1623 5605 1782 5659 habet
1818 5623 1948 5675 pru-

432 5729 456 5765 ‘
485 5729 647 5789 Joan.
682 5747 776 5798 vn,
808 5733 895 5790 Ἠ.
976 5738 996 5768 ⁸
1024 5738 1126 5793 lsa.
1155 5756 1208 5806 v,
1245 5741 1334 5807 9.3,
1363 5742 1453 5796 94.

1531 5744 1550 5774 ⁸
1579 5744 1744 5800 Eccli.
1787 5763 1875 5812 xx,
1919 5749 2011 5806 3..

2055 489 2194 542 ἀλλὰ
2237 491 2337 562 τὴν
2385 489 2600 542 δικαίαν
2650 488 2831 558 κρίσιν
2883 487 3128 558 κρίνατε.
3174 507 3192 539 ι
3258 489 3448 560 Πάσης
3479 490 3648 560 δωρο.

2055 581 2255 652 ληψίας
2291 580 2609 652 ἀπέχεσθαι,
2641 581 2870 635 δίκαιον.
2919 581 3240 650 Γέγραπται
3271 582 3400 652 γάρ’
3452 601 3471 633 ι
3509 585 3646 638 Οὐαὶ

2056 677 2105 727 οἱ
2141 675 2476 737 δικαιοῦντες
2514 673 2605 727 τὸν
2635 673 2804 742 ἀσεϐῆ
2839 673 3004 726 ἓνεκα
3042 673 3248 744 δώρων,
3277 675 3370 727 καὶ
3397 676 3516 729 ὁδὸν
3551 693 3648 729 τα-

2057 767 2258 822 πεινῶν
2279 766 2640 830 ὲκκλίνοντες,
2671 767 2731 818 τὸ
2764 765 2982 824 δίκαιον,
3031 767 3124 818 τοῦ
3157 766 3371 820 δικαίου
3400 766 3648 837 αἴροντες

2055 858 2150 914 ἀπ’
2175 857 2362 914 αὑτοῦ.
2409 851 2508 910 Ὦν
2547 859 2580 928 ἡ
2614 857 2739 928 ρίξα
2773 857 2849 920 ὡς
2887 856 3015 927 χοῦς
3040 857 3216 921 ἔσται,
3259 859 3355 911 καὶ
3397 859 3458 912 τὸ
3490 861 3648 924 ἄνθος

2058 943 2240 997 αὐτῶν
2279 943 2354 1008 ὼς
2380 945 2657 1014 κονιορτὸς
2715 944 3074 1015 ἀναϐήσεται,
3111 946 3228 1000 ἀνθ’
3261 940 3335 1002 ὧν
3361 948 3450 1002 τὸν
3482 938 3656 1018 νόμον’

2058 1036 2265 1107 Κυρίου
2316 1035 2560 1108 πληροῦν
2630 1036 2731 1090 οὐκ
2774 1035 3061 1107 ἐθέλησαν.
3102 1056 3121 1090 ι
3165 1070 3236 1081 --
3268 1057 3286 1090 ι
3327 1040 3486 1094 Ξένια
3555 1043 3646 1095 καὶ

2057 1127 2206 1200 δῶρα
2235 1128 2560 1198 ἐκτυφλοῦσι
2590 1129 2769 1197 σοφῶν
2808 1129 3142 1200 ὀφθαλμούς.
3169 1149 3188 1183 ι
3226 1132 3390 1186 Ὅθεν
3417 1133 3516 1204 τὴν
3547 1137 3649 1202 τῆς

2057 1221 2315 1292 τοιαύτης
2352 1220 2803 1291 αἰσχροκερδείας
2830 1221 3127 1293 ἀναστολὴν
3171 1224 3449 1288 παντελῶς
3489 1228 3649 1298 ποιή-

2061 1313 2256 1366 σασθαι
2298 1312 2710 1378 σπουδάζοντες,
2752 1314 2815 1366 ὲκ
2849 1312 2942 1366 τοῦ
2993 1314 3250 1379 εὐσεϐοῦς
3315 1316 3476 1386 ἡμῶν
3507 1335 3644 1371 σακο

2061 1400 2273 1454 κελλίου
2327 1401 2610 1472 ὡρίσαμεν
2671 1402 2749 1473 τῷ
2795 1420 2855 1455 τε
2907 1403 3236 1475 ἐνδοξοτάτῳ
3303 1406 3644 1477 κοιαίστωρι,

2058 1495 2174 1557 τοῖς
2225 1493 2649 1564 ἀντιγραφεῦσι,
2685 1493 2780 1547 καὶ
2837 1495 2971 1548 πᾶσι
3023 1497 3134 1557 τοῖς
3178 1496 3270 1548 ἐπὶ
3319 1495 3648 1559 δικαστικοῖς

2059 1585 2380 1654 κεφαλαίοις
2430 1585 2895 1656 καθυπουργοῦσι,
2949 1593 3075 1648 τοὺς
3116 1587 3340 1657 μισθοὺς
3369 1589 3650 1659 παρασχέ-

2061 1678 2204 1743 σθαι,
2240 1678 2378 1748 πρὸς
2414 1677 2476 1731 τὸ
2505 1678 2563 1744 ἐξ
2616 1679 2930 1750 οίουδήποτε
2958 1678 3277 1748 προσώπου,
3312 1683 3440 1750 παρ’
3464 1683 3650 1745 αὐτοῖς

2060 1768 2416 1838 κρινομένου,
2472 1767 2638 1838 μηδὲν
2699 1768 2898 1830 αὐτοὺς
2941 1767 3240 1838 λαμϐάνειν
3291 1771 3352 1822 τὸ
3404 1769 3642 1823 σύνολον·

2062 1860 2149 1914 ἵνα
2189 1860 2264 1930 μὴ
2324 1859 2386 1911 τὸ
2462 1859 2568 1913 ὑπὸ
2620 1858 2714 1912 τοῦ
2743 1860 3021 1930 προφήτου
3075 1860 3384 1929 λεγόμενον,
3445 1871 3537 1915 και
3572 1863 3649 1923 είς

2059 1953 2207 2024 ἡμᾶς
2267 1952 2711 2025 πληρωθήσεταιε
2784 1973 2802 2006 ι
2846 1953 3104 2007 Ἀπέδοτο
3162 1955 3409 2026 ἀργυρίῳ
3458 1955 3519 2007 τὸ
3569 1956 3648 2008 δί-

2060 2059 2236 2106 καιον,
2272 2061 2292 2094 ι
2355 2044 2448 2095 καὶ
2512 2043 2778 2113 μέλλομεν
2837 2041 3088 2098 ἐντεῦθεν
3146 2043 3297 2108 θείας
3352 2047 3645 2114 τυγχάνειν

2061 2133 2514 2205 ἀγανακτήσεως,
2569 2135 2646 2199 ὡς
2705 2135 2816 2189 τῶν
2847 2133 3075 2190 ἐντολῶν
3108 2135 3274 2190 αὑτοῦ
3331 2135 3647 2207 παραϐάται

2060 2226 2371 2298 γενόμενοι.

2562 2454 2815 2508 ΤΙΤΛΟΣ
2869 2455 3156 2511 ΠΡΩΤΟΣ.

2385 2568 2520 2638 Περὶ
2567 2570 2758 2639 νόμου
2791 2569 2885 2622 καὶ
2920 2568 3332 2640 δικαιοσύνης.

2135 2683 2203 2730 α’.
2246 2677 2429 2747 Νόμος
2487 2677 2604 2730 ἐστὶ
2659 2678 2840 2730 κοινὸν
2895 2677 3302 2749 παράγγελμα,
3373 2683 3652 2752 φρονίμων

2063 2770 2271 2840 ἀνδρῶν
2310 2769 2506 2839 δόγμα,
2551 2769 2814 2822 ἑκουσίων
2847 2773 2941 2824 καὶ
2994 2771 3267 2824 ἀκουσίων
3321 2772 3651 2843 ἁμαρτημά-

2063 2879 2171 2914 των
2199 2861 2524 2932 ἐπιστροφὴ,
2561 2860 2768 2925 πόλεως
2812 2862 3054 2934 συνθήκη
3084 2863 3258 2934 κοινὴ,
3314 2863 3430 2918 ἔστι
3469 2865 3526 2919 δὲ
3557 2867 3650 2919 καὶ

2067 2953 2208 3007 θεῖον
2240 2953 2480 3026 εὕρημα.

2142 3148 2208 3218 β’.
2249 3149 2390 3213 Τοὺς
2449 3149 2647 3221 νόμους
2701 3149 2809 3203 ἀπὸ
2861 3150 2971 3203 τῶν
3012 3150 3088 3214 ὡς
3142 3149 3239 3204 ἐπὶ
3287 3151 3346 3204 τὸ
3403 3151 3652 3206 πλεῖστον

2068 3241 2500 3310 συμϐαινόντων,
2556 3242 2616 3296 οὐ
2661 3241 2768 3313 μὴν
2788 3241 2897 3294 τῶν
2930 3241 3172 3304 σπανίως
3199 3242 3513 3311 εἰσάγεσθαι
3551 3243 3653 3313 δεῖ,

2065 3333 2185 3386 οὐδὲ
2218 3333 2326 3386 ἀπὸ
2375 3333 2482 3386 τῶν
2525 3334 2838 3401 δυναμένων
2886 3335 2944 3387 ἐν
2989 3334 3070 3387 ἐνὶ
3118 3334 3392 3404 συμϐῆναι
3429 3334 3648 3406 θέματιο

2065 3427 2348 3500 παρορῶσι
2381 3427 2490 3497 γὰρ
2540 3428 2590 3479 οἱ
2621 3426 2906 3497 νομοθέται
2950 3426 3042 3480 τὸν
3090 3425 3297 3499 ἅπαξῆ
3338 3428 3439 3491 δίς.

2133 3603 2430 3675 γ’.Ἀρετὴ
2473 3603 2676 3674 νόμου,
2740 3603 2799 3658 τὸ
2853 3603 3122 3673 κελεύειν,
3159 3604 3221 3658 τὸ
3276 3604 3544 3672 κωλύειν,
3591 3605 3653 3658 τὸ

2065 3699 2408 3770 ἐπιτρέπειν,
2443 3699 2505 3752 τὸ
2535 3699 2919 3770 τιμωρεῖσθαι.

2131 3789 2194 3844 δ’.
2237 3791 2311 3843 Οὐ
2360 3791 2490 3861 περὶ
2516 3791 2624 3843 τῶν
2659 3789 2996 3856 καθέκαστα,
3027 3788 3164 3842 ἀλλὰ
3185 3787 3378 3852 κοινῶς
3408 3788 3456 3840 οἱ
3487 3787 3640 3856 νόμοι

2059 3881 2413 3936 διατίθενται.

2131 3972 2192 4028 ε’.
2238 3973 2562 4044 Δικαιοσύνη
2596 3971 2734 4037 ἐστὶ,
2772 3971 3018 4042 σταθηρὰ
3053 3970 3144 4024 καὶ
3175 3969 3429 4040 διηνεκὴς
3454 3968 3650 4039 βούλη-

2063 4081 2168 4130 σις,
2209 4064 2426 4118 ἑκάστω
2459 4064 2520 4117 τὸ
2561 4063 2693 4116 ἴδιον
2731 4062 3085 4132 ἀπονέμουοα
3125 4061 3354 4114 δίκαιον.

2132 4254 2208 4319 ς’.
2253 4253 2386 4307 Ἴδια
2421 4251 2803 4323 δικαιοσύνης,
2839 4253 2899 4306 τὸ
2929 4251 3170 4321 κοσμίως
3201 4248 3320 4320 ζῇν,
3376 4249 3483 4315 καὶ,
3519 4250 3648 4304 ἑκά-

2062 4365 2172 4418 στῳ
2200 4346 2262 4400 τὸ
2303 4346 2434 4399 ἴδιον
2457 4344 2754 4415 ἀπονέμειν
2787 4345 3014 4398 δίκαιον.

2139 4439 2210 4504 ζ’.
2254 4439 2427 4509 Σοφία
2471 4439 2842 4510 δικαιοσύνης,
2898 4438 2961 4492 τὸ
3005 4439 3201 4493 εἰδέναι
3258 4440 3326 4495 τὰ
3375 4438 3496 4492 θεῖα
3557 4437 3649 4490 καὶ

2060 4529 2131 4582 τὰ
2163 4528 2484 4601 ἀνθρώπινα
2531 4529 2854 4600 πράγματα,
2903 4529 2998 4584 καὶ
3041 4529 3101 4582 τὸ
3145 4529 3357 4584 δίκαιον
3414 4528 3512 4582 καὶ
3585 4527 3644 4580 τὸ

2062 4619 2271 4674 ἄδικον.

2665 4759 2915 4812 ΤΙΤΛΟΣ
2963 4761 3038 4813 13'.
3201 4821 3210 4828 ,

2618 4851 2759 4919 Περὶ
2786 4851 3115 4919 βασιλέως.

2137 4959 2205 5014 α’.
2245 4960 2510 5024 Βασιλεύς
2574 4961 2744 5027 ἐστιν,
2808 4962 3032 5033 ἔννομος
3088 4963 3407 5027 ἐπιστασία,
3475 4960 3647 5015 κοινὸν

2063 5053 2266 5122 ἀγαθον
2295 5056 2430 5108 πᾶσι
2459 5055 2569 5118 τοῖς
2608 5055 2894 5126 ὑπηκόοις,
2929 5058 3066 5126 μήτε
3109 5056 3250 5111 κατὰ
3292 5055 3645 5111 ἁντιπάθειαν

2061 5147 2321 5218 τιμωρῶν
2353 5147 2734 5220 [κακοποιῶν],
2761 5151 2899 5221 μήτε
2928 5150 3068 5204 κατὰ
3098 5151 3476 5222 προσπάοειαν
3509 5151 3644 5217 ἀγα-

2063 5239 2329 5303 θοποιῶν,
2374 5240 2492 5293 ἀλλ’
2531 5240 2794 5308 ἀνάλογός
2850 5258 2936 5304 τις
2993 5240 3369 5311 ἀγωνοθέτης,
3434 5241 3527 5294 καὶ
3579 5239 3645 5292 τὰ

2057 5328 2289 5402 βραϐεῖα
2329 5331 2386 5396 ἐξ
2423 5333 2536 5385 ῐσου
2578 5332 2973 5403 παρεχόμενος.

2128 5423 2192 5493 β’.
2233 5423 2442 5488 Σκοπὸς
2483 5424 2560 5494 τῷ
2605 5423 2838 5495 βασιλεῖ,
2892 5426 3000 5481 τῶν
3040 5443 3098 5480 τε
3144 5427 3317 5482 ὄντων
3349 5427 3444 5480 καὶ
3483 5427 3646 5495 ὑπαρ-

2053 5515 2258 5585 χόντων
2316 5513 2619 5584 δυνάμεων,
2677 5516 2744 5568 δι’
2790 5517 3129 5587 ἀγαθότητος
3175 5519 3208 5586 ἡ
3269 5517 3488 5588 φυλακὴ
3555 5515 3649 5568 ειιαῖ⁵

2052 5605 2342 5677 ἀσφάλεια.
2409 5607 2502 5659 καὶ
2555 5607 2664 5662 τῶν
2725 5608 3493 5680 ἁπολωλότωνηδΰὰγρύπνοιι
3531 5611 3652 5662 ἑπι-

2085 5750 2105 5781 ⁷
2129 5749 2232 5802 lsa.
2258 5763 2407 5808 “tv,
2432 5749 2484 5797 Pi.
