  <div class='ocr_page' id='page_1' title='image "/cluster/home/n/w/nwhite01/storage/ocr_20150623/113/hvd.32044073502270/234.png"; bbox 0 0 4084 6208; ppageno 0'>
   <div class='ocr_carea' id='block_1_1' title="bbox 1893 161 1928 172">
    <p class='ocr_par' dir='ltr' id='par_1_1' title="bbox 1893 161 1928 172">
     <span class='ocr_line' id='line_1_1' title="bbox 1893 161 1928 172; baseline 0 0"><span class='ocrx_word' id='word_1_1' title='bbox 1893 161 1928 172; x_wconf 67' lang='grc'><strong>’.-</strong></span> 
     </span>
    </p>
   </div>
   <div class='ocr_carea' id='block_1_2' title="bbox 503 297 608 362">
    <p class='ocr_par' dir='ltr' id='par_1_2' title="bbox 503 297 608 362">
     <span class='ocr_line' id='line_1_2' title="bbox 503 297 608 362; baseline -0.019 0"><span class='ocrx_word' id='word_1_2' title='bbox 503 297 608 362; x_wconf 78' lang='grc'><strong>461</strong></span> 
     </span>
    </p>
   </div>
   <div class='ocr_carea' id='block_1_3' title="bbox 1780 295 2490 354">
    <p class='ocr_par' dir='ltr' id='par_1_3' title="bbox 1780 295 2490 354">
     <span class='ocr_line' id='line_1_3' title="bbox 1780 295 2490 354; baseline -0.003 0"><span class='ocrx_word' id='word_1_3' title='bbox 1780 295 2061 354; x_wconf 85' lang='lat' dir='ltr'>DELECT</span> <span class='ocrx_word' id='word_1_4' title='bbox 2071 295 2166 353; x_wconf 89' lang='lat' dir='ltr'><strong>US</strong></span> <span class='ocrx_word' id='word_1_5' title='bbox 2206 295 2346 354; x_wconf 86' lang='lat' dir='ltr'><strong>LEG</strong></span> <span class='ocrx_word' id='word_1_6' title='bbox 2360 295 2490 354; x_wconf 74' lang='grc' dir='ltr'><strong>ΗΜ.</strong></span> 
     </span>
    </p>
   </div>
   <div class='ocr_carea' id='block_1_4' title="bbox 3637 288 3743 351">
    <p class='ocr_par' dir='ltr' id='par_1_4' title="bbox 3637 288 3743 351">
     <span class='ocr_line' id='line_1_4' title="bbox 3637 288 3743 351; baseline 0.028 -3"><span class='ocrx_word' id='word_1_7' title='bbox 3637 288 3743 351; x_wconf 66' lang='grc'><strong>462</strong></span> 
     </span>
    </p>
   </div>
   <div class='ocr_carea' id='block_1_5' title="bbox 491 399 2086 485">
    <p class='ocr_par' dir='ltr' id='par_1_5' title="bbox 491 405 2082 485">
     <span class='ocr_line' id='line_1_5' title="bbox 491 405 2082 485; baseline -0.008 -18"><span class='ocrx_word' id='word_1_8' title='bbox 491 411 806 485; x_wconf 72' lang='grc' dir='ltr'>μελείας,ή</span> <span class='ocrx_word' id='word_1_9' title='bbox 856 406 1121 476; x_wconf 72' lang='grc' dir='ltr'>ἀνάληψις</span> <span class='ocrx_word' id='word_1_10' title='bbox 1176 405 1270 458; x_wconf 76' lang='grc' dir='ltr'><strong>καὶ</strong></span> <span class='ocrx_word' id='word_1_11' title='bbox 1305 405 1414 458; x_wconf 83' lang='grc' dir='ltr'><strong>τῶν</strong></span> <span class='ocrx_word' id='word_1_12' title='bbox 1439 407 1687 461; x_wconf 73' lang='grc' dir='ltr'>ἁπάντων</span> <span class='ocrx_word' id='word_1_13' title='bbox 1738 405 1826 457; x_wconf 75' lang='grc' dir='ltr'><strong>διὰ</strong></span> <span class='ocrx_word' id='word_1_14' title='bbox 1890 405 2082 473; x_wconf 70' lang='grc' dir='ltr'>σοφίας</span> 
     </span>
    </p>
   </div>
   <div class='ocr_carea' id='block_1_6' title="bbox 2188 399 3742 485">
    <p class='ocr_par' dir='ltr' id='par_1_6' title="bbox 2188 399 3742 475">
     <span class='ocr_line' id='line_1_6' title="bbox 2188 399 3742 475; baseline 0.001 -19"><span class='ocrx_word' id='word_1_15' title='bbox 2188 406 2365 458; x_wconf 76' lang='lat' dir='ltr'><strong>ttcutia</strong></span> <span class='ocrx_word' id='word_1_16' title='bbox 2409 407 2677 475; x_wconf 72' lang='lat' dir='ltr'><strong>justisque</strong></span> <span class='ocrx_word' id='word_1_17' title='bbox 2726 399 3063 460; x_wconf 85' lang='lat' dir='ltr'><strong>victoriis’et</strong></span> <span class='ocrx_word' id='word_1_18' title='bbox 3114 399 3546 471; x_wconf 78' lang='lat' dir='ltr'><strong>expeditionibus</strong></span> <span class='ocrx_word' id='word_1_19' title='bbox 3595 415 3742 470; x_wconf 75' lang='lat' dir='ltr'><strong>quae-</strong></span> 
     </span>
    </p>
   </div>
   <div class='ocr_carea' id='block_1_7' title="bbox 491 497 2074 567">
    <p class='ocr_par' dir='ltr' id='par_1_7' title="bbox 491 497 2074 567">
     <span class='ocr_line' id='line_1_7' title="bbox 491 497 2074 567; baseline -0.007 -6"><span class='ocrx_word' id='word_1_20' title='bbox 491 509 579 560; x_wconf 72' lang='grc' dir='ltr'><strong>ριαὶ</strong></span> <span class='ocrx_word' id='word_1_21' title='bbox 624 503 853 558; x_wconf 81' lang='grc' dir='ltr'>δικαίων</span> <span class='ocrx_word' id='word_1_22' title='bbox 924 498 1204 567; x_wconf 78' lang='grc' dir='ltr'><strong>τροπαίων</strong></span> <span class='ocrx_word' id='word_1_23' title='bbox 1260 499 1356 550; x_wconf 62' lang='grc' dir='ltr'>καὶ.</span> <span class='ocrx_word' id='word_1_24' title='bbox 1419 497 1817 566; x_wconf 77' lang='grc' dir='ltr'>ὲπιτηδεύσεων</span> <span class='ocrx_word' id='word_1_25' title='bbox 1867 499 1900 567; x_wconf 83' lang='grc' dir='ltr'><strong>ἡ</strong></span> <span class='ocrx_word' id='word_1_26' title='bbox 1940 497 2074 550; x_wconf 83' lang='grc' dir='ltr'>ἀνά-</span> 
     </span>
    </p>
   </div>
   <div class='ocr_carea' id='block_1_8' title="bbox 483 589 1618 665">
    <p class='ocr_par' dir='ltr' id='par_1_8' title="bbox 483 589 1618 665">
     <span class='ocr_line' id='line_1_8' title="bbox 483 589 1618 665; baseline -0.009 -15"><span class='ocrx_word' id='word_1_27' title='bbox 483 613 677 665; x_wconf 86' lang='grc' dir='ltr'>κτησις</span> <span class='ocrx_word' id='word_1_28' title='bbox 713 590 1184 664; x_wconf 71' lang='grc' dir='ltr'><strong>[ἐπιτηδευμάτων</strong></span> <span class='ocrx_word' id='word_1_29' title='bbox 1219 590 1251 656; x_wconf 82' lang='grc' dir='ltr'>ἡ</span> <span class='ocrx_word' id='word_1_30' title='bbox 1287 589 1618 660; x_wconf 68' lang='grc' dir='ltr'>ὲπίκτησις].</span> 
     </span>
    </p>
   </div>
   <div class='ocr_carea' id='block_1_9' title="bbox 559 679 2075 754">
    <p class='ocr_par' dir='ltr' id='par_1_9' title="bbox 559 679 2075 754">
     <span class='ocr_line' id='line_1_9' title="bbox 559 679 2075 754; baseline -0.004 -17"><span class='ocrx_word' id='word_1_31' title='bbox 559 686 628 754; x_wconf 82' lang='grc' dir='ltr'>γ’.</span> <span class='ocrx_word' id='word_1_32' title='bbox 677 685 844 746; x_wconf 80' lang='grc' dir='ltr'><strong>Τέλος</strong></span> <span class='ocrx_word' id='word_1_33' title='bbox 872 681 951 751; x_wconf 81' lang='grc' dir='ltr'>τῷ</span> <span class='ocrx_word' id='word_1_34' title='bbox 989 679 1217 748; x_wconf 80' lang='grc' dir='ltr'>βασιλεῖ,</span> <span class='ocrx_word' id='word_1_35' title='bbox 1253 679 1312 732; x_wconf 87' lang='grc' dir='ltr'><strong>τὸ</strong></span> <span class='ocrx_word' id='word_1_36' title='bbox 1345 680 1674 749; x_wconf 79' lang='grc' dir='ltr'>εὐεργετεῖν,</span> <span class='ocrx_word' id='word_1_37' title='bbox 1729 679 1808 730; x_wconf 78' lang='grc' dir='ltr'><strong>διὸ</strong></span> <span class='ocrx_word' id='word_1_38' title='bbox 1859 679 1951 731; x_wconf 65' lang='grc' dir='ltr'><strong>καὶ</strong></span> <span class='ocrx_word' id='word_1_39' title='bbox 1982 679 2075 731; x_wconf 87' lang='grc' dir='ltr'>εύ-</span> 
     </span>
    </p>
   </div>
   <div class='ocr_carea' id='block_1_10' title="bbox 489 769 2077 852">
    <p class='ocr_par' dir='ltr' id='par_1_10' title="bbox 489 769 2077 852">
     <span class='ocr_line' id='line_1_10' title="bbox 489 769 2077 852; baseline 0.008 -28"><span class='ocrx_word' id='word_1_40' title='bbox 489 781 716 852; x_wconf 79' lang='grc' dir='ltr'>εργέτης</span> <span class='ocrx_word' id='word_1_41' title='bbox 751 777 992 843; x_wconf 84' lang='grc' dir='ltr'>λέγεται,</span> <span class='ocrx_word' id='word_1_42' title='bbox 1043 773 1135 825; x_wconf 76' lang='grc' dir='ltr'><strong>καὶ</strong></span> <span class='ocrx_word' id='word_1_43' title='bbox 1167 771 1330 842; x_wconf 84' lang='grc' dir='ltr'>ἡνίκα</span> <span class='ocrx_word' id='word_1_44' title='bbox 1378 771 1478 839; x_wconf 79' lang='grc' dir='ltr'>τῆς</span> <span class='ocrx_word' id='word_1_45' title='bbox 1531 769 1852 839; x_wconf 74' lang='grc' dir='ltr'><strong>εὐεργεσίας</strong></span> <span class='ocrx_word' id='word_1_46' title='bbox 1892 769 2077 835; x_wconf 72' lang='grc' dir='ltr'>ἐξατο·</span> 
     </span>
    </p>
   </div>
   <div class='ocr_carea' id='block_1_11' title="bbox 493 857 2076 942">
    <p class='ocr_par' dir='ltr' id='par_1_11' title="bbox 493 857 2076 942">
     <span class='ocr_line' id='line_1_11' title="bbox 493 857 2076 942; baseline -0.008 -19"><span class='ocrx_word' id='word_1_47' title='bbox 493 874 649 942; x_wconf 63' lang='grc' dir='ltr'><strong>δήσῃ.</strong></span> <span class='ocrx_word' id='word_1_48' title='bbox 695 869 845 920; x_wconf 83' lang='grc' dir='ltr'>δοκεῖ</span> <span class='ocrx_word' id='word_1_49' title='bbox 893 861 1237 932; x_wconf 78' lang='grc' dir='ltr'>κιϐδηλεύειν</span> <span class='ocrx_word' id='word_1_50' title='bbox 1299 861 1439 914; x_wconf 75' lang='grc' dir='ltr'>κατὰ</span> <span class='ocrx_word' id='word_1_51' title='bbox 1484 859 1610 921; x_wconf 73' lang='grc' dir='ltr'>τοὺς</span> <span class='ocrx_word' id='word_1_52' title='bbox 1663 857 1946 922; x_wconf 79' lang='grc' dir='ltr'>παλαιοὺς,</span> <span class='ocrx_word' id='word_1_53' title='bbox 1985 857 2076 910; x_wconf 73' lang='grc' dir='ltr'><strong>τὸν</strong></span> 
     </span>
    </p>
   </div>
   <div class='ocr_carea' id='block_1_12' title="bbox 495 955 1155 1032">
    <p class='ocr_par' dir='ltr' id='par_1_12' title="bbox 495 955 1155 1032">
     <span class='ocr_line' id='line_1_12' title="bbox 495 955 1155 1032; baseline -0.014 -18"><span class='ocrx_word' id='word_1_54' title='bbox 495 960 773 1032; x_wconf 78' lang='grc' dir='ltr'>βασιλικὸν</span> <span class='ocrx_word' id='word_1_55' title='bbox 806 975 872 1028; x_wconf 78' lang='grc' dir='ltr'>χα</span> <span class='ocrx_word' id='word_1_56' title='bbox 884 955 1155 1027; x_wconf 81' lang='grc' dir='ltr'>ρακτῆρα.</span> 
     </span>
    </p>
   </div>
   <div class='ocr_carea' id='block_1_13' title="bbox 560 1129 2070 1209">
    <p class='ocr_par' dir='ltr' id='par_1_13' title="bbox 560 1129 2070 1209">
     <span class='ocr_line' id='line_1_13' title="bbox 560 1129 2070 1209; baseline -0.008 -18"><span class='ocrx_word' id='word_1_57' title='bbox 560 1139 620 1191; x_wconf 83' lang='grc' dir='ltr'>δ’.</span> <span class='ocrx_word' id='word_1_58' title='bbox 675 1136 988 1189; x_wconf 74' lang='grc' dir='ltr'>’Υπόκειται</span> <span class='ocrx_word' id='word_1_59' title='bbox 1020 1133 1257 1209; x_wconf 74' lang='grc' dir='ltr'>ἐκδικεῖν</span> <span class='ocrx_word' id='word_1_60' title='bbox 1293 1131 1384 1191; x_wconf 69' lang='grc' dir='ltr'><strong>καὶ</strong></span> <span class='ocrx_word' id='word_1_61' title='bbox 1423 1130 1700 1201; x_wconf 80' lang='grc' dir='ltr'>διατηρεῖν</span> <span class='ocrx_word' id='word_1_62' title='bbox 1733 1131 1760 1181; x_wconf 87' lang='grc' dir='ltr'><strong>ό</strong></span> <span class='ocrx_word' id='word_1_63' title='bbox 1792 1129 2070 1199; x_wconf 77' lang='grc' dir='ltr'>βασιλεὺς,</span> 
     </span>
    </p>
   </div>
   <div class='ocr_carea' id='block_1_14' title="bbox 498 1222 2070 1300">
    <p class='ocr_par' dir='ltr' id='par_1_14' title="bbox 498 1222 2070 1300">
     <span class='ocr_line' id='line_1_14' title="bbox 498 1222 2070 1300; baseline -0.006 -17"><span class='ocrx_word' id='word_1_64' title='bbox 498 1231 706 1300; x_wconf 78' lang='grc' dir='ltr'>πρῶτον</span> <span class='ocrx_word' id='word_1_65' title='bbox 731 1229 850 1297; x_wconf 78' lang='grc' dir='ltr'>μὲν,</span> <span class='ocrx_word' id='word_1_66' title='bbox 881 1229 1058 1280; x_wconf 84' lang='grc' dir='ltr'>πάντα</span> <span class='ocrx_word' id='word_1_67' title='bbox 1077 1225 1146 1277; x_wconf 81' lang='grc' dir='ltr'><strong>τὰ</strong></span> <span class='ocrx_word' id='word_1_68' title='bbox 1173 1226 1230 1278; x_wconf 80' lang='grc' dir='ltr'>ὲν</span> <span class='ocrx_word' id='word_1_69' title='bbox 1251 1227 1316 1294; x_wconf 78' lang='grc' dir='ltr'>τῇ</span> <span class='ocrx_word' id='word_1_70' title='bbox 1337 1224 1456 1294; x_wconf 75' lang='grc' dir='ltr'>Θεία</span> <span class='ocrx_word' id='word_1_71' title='bbox 1475 1225 1664 1294; x_wconf 75' lang='grc' dir='ltr'>Γραφῇ</span> <span class='ocrx_word' id='word_1_72' title='bbox 1695 1222 2070 1295; x_wconf 83' lang='grc' dir='ltr'>γεγραμμένα,</span> 
     </span>
    </p>
   </div>
   <div class='ocr_carea' id='block_1_15' title="bbox 497 1309 2074 1383">
    <p class='ocr_par' dir='ltr' id='par_1_15' title="bbox 497 1309 2074 1383">
     <span class='ocr_line' id='line_1_15' title="bbox 497 1309 2074 1383; baseline -0.008 -11"><span class='ocrx_word' id='word_1_73' title='bbox 497 1321 579 1372; x_wconf 64' lang='grc' dir='ltr'>ἐπὶ</span> <span class='ocrx_word' id='word_1_74' title='bbox 629 1320 775 1383; x_wconf 86' lang='grc' dir='ltr'>τάδε,</span> <span class='ocrx_word' id='word_1_75' title='bbox 827 1317 924 1370; x_wconf 71' lang='grc' dir='ltr'>καὶ</span> <span class='ocrx_word' id='word_1_76' title='bbox 972 1315 1040 1368; x_wconf 74' lang='grc' dir='ltr'><strong>τά</strong></span> <span class='ocrx_word' id='word_1_77' title='bbox 1088 1314 1241 1383; x_wconf 64' lang='grc' dir='ltr'>παρὰ</span> <span class='ocrx_word' id='word_1_78' title='bbox 1288 1312 1397 1365; x_wconf 83' lang='grc' dir='ltr'>τῶν</span> <span class='ocrx_word' id='word_1_79' title='bbox 1435 1313 1573 1365; x_wconf 75' lang='grc' dir='ltr'>ἑπτὰ</span> <span class='ocrx_word' id='word_1_80' title='bbox 1629 1311 1798 1378; x_wconf 78' lang='grc' dir='ltr'>ἁγίων</span> <span class='ocrx_word' id='word_1_81' title='bbox 1843 1309 2074 1362; x_wconf 86' lang='grc' dir='ltr'>συνόδων</span> 
     </span>
    </p>
   </div>
   <div class='ocr_carea' id='block_1_16' title="bbox 496 1399 2074 1480">
    <p class='ocr_par' dir='ltr' id='par_1_16' title="bbox 496 1399 2074 1480">
     <span class='ocr_line' id='line_1_16' title="bbox 496 1399 2074 1480; baseline -0.01 -15"><span class='ocrx_word' id='word_1_82' title='bbox 496 1409 939 1480; x_wconf 78' lang='grc' dir='ltr'>δογματισοέντα,</span> <span class='ocrx_word' id='word_1_83' title='bbox 973 1407 1052 1459; x_wconf 78' lang='grc' dir='ltr'>ἔτι</span> <span class='ocrx_word' id='word_1_84' title='bbox 1085 1406 1142 1459; x_wconf 76' lang='grc' dir='ltr'>δὲ</span> <span class='ocrx_word' id='word_1_85' title='bbox 1175 1406 1268 1458; x_wconf 71' lang='grc' dir='ltr'><strong>καὶ</strong></span> <span class='ocrx_word' id='word_1_86' title='bbox 1314 1405 1440 1466; x_wconf 80' lang='grc' dir='ltr'>τοὺς</span> <span class='ocrx_word' id='word_1_87' title='bbox 1475 1401 1918 1472; x_wconf 81' lang='grc' dir='ltr'>ὲγκεκρυμένους</span> <span class='ocrx_word' id='word_1_88' title='bbox 1959 1399 2074 1469; x_wconf 75' lang='grc' dir='ltr'><strong>[ἐγ-</strong></span> 
     </span>
    </p>
   </div>
   <div class='ocr_carea' id='block_1_17' title="bbox 496 1497 1440 1573">
    <p class='ocr_par' dir='ltr' id='par_1_17' title="bbox 496 1497 1440 1573">
     <span class='ocr_line' id='line_1_17' title="bbox 496 1497 1440 1573; baseline -0.007 -15"><span class='ocrx_word' id='word_1_89' title='bbox 496 1501 799 1573; x_wconf 66' lang='grc' dir='ltr'>κειμένους]</span> <span class='ocrx_word' id='word_1_90' title='bbox 848 1500 1189 1568; x_wconf 73' lang='grc' dir='ltr'>Ῥωμαῖκοὺς</span> <span class='ocrx_word' id='word_1_91' title='bbox 1223 1497 1440 1566; x_wconf 72' lang='grc' dir='ltr'>νόμους.</span> 
     </span>
    </p>
   </div>
   <div class='ocr_carea' id='block_1_18' title="bbox 566 1583 2072 1662">
    <p class='ocr_par' dir='ltr' id='par_1_18' title="bbox 566 1583 2072 1662">
     <span class='ocr_line' id='line_1_18' title="bbox 566 1583 2072 1662; baseline -0.008 -15"><span class='ocrx_word' id='word_1_92' title='bbox 566 1595 626 1648; x_wconf 89' lang='grc' dir='ltr'>ε’.</span> <span class='ocrx_word' id='word_1_93' title='bbox 681 1592 1115 1662; x_wconf 81' lang='grc' dir='ltr'>Ἐπισημότατος</span> <span class='ocrx_word' id='word_1_94' title='bbox 1162 1591 1218 1642; x_wconf 81' lang='grc' dir='ltr'>ὲν</span> <span class='ocrx_word' id='word_1_95' title='bbox 1256 1588 1536 1660; x_wconf 69' lang='grc' dir='ltr'>όρθοδοξίᾳ.</span> <span class='ocrx_word' id='word_1_96' title='bbox 1568 1585 1663 1638; x_wconf 69' lang='grc' dir='ltr'>καὶ</span> <span class='ocrx_word' id='word_1_97' title='bbox 1716 1583 1967 1653; x_wconf 74' lang='grc' dir='ltr'>εὐσεϐείᾳ</span> <span class='ocrx_word' id='word_1_98' title='bbox 2017 1583 2072 1635; x_wconf 85' lang='grc' dir='ltr'>ό-</span> 
     </span>
    </p>
   </div>
   <div class='ocr_carea' id='block_1_19' title="bbox 497 1667 2067 1757">
    <p class='ocr_par' dir='ltr' id='par_1_19' title="bbox 497 1667 2067 1757">
     <span class='ocr_line' id='line_1_19' title="bbox 497 1667 2067 1757; baseline -0.01 -17"><span class='ocrx_word' id='word_1_99' title='bbox 497 1689 666 1757; x_wconf 74' lang='grc' dir='ltr'>ερείλει</span> <span class='ocrx_word' id='word_1_100' title='bbox 707 1680 847 1737; x_wconf 76' lang='grc' dir='ltr'>εἶναι</span> <span class='ocrx_word' id='word_1_101' title='bbox 871 1685 898 1734; x_wconf 86' lang='grc' dir='ltr'>ὁ</span> <span class='ocrx_word' id='word_1_102' title='bbox 927 1681 1199 1752; x_wconf 78' lang='grc' dir='ltr'>βασιλεὺς,</span> <span class='ocrx_word' id='word_1_103' title='bbox 1236 1667 1328 1732; x_wconf 55' lang='grc' dir='ltr'><strong>καί⁸</strong></span> <span class='ocrx_word' id='word_1_104' title='bbox 1359 1681 1417 1732; x_wconf 81' lang='grc' dir='ltr'><strong>ὲν</strong></span> <span class='ocrx_word' id='word_1_105' title='bbox 1438 1679 1584 1748; x_wconf 76' lang='grc' dir='ltr'><strong>ζήλῳ</strong></span> <span class='ocrx_word' id='word_1_106' title='bbox 1609 1676 1735 1746; x_wconf 82' lang='grc' dir='ltr'>θείῳ</span> <span class='ocrx_word' id='word_1_107' title='bbox 1765 1673 2067 1744; x_wconf 70' lang='grc' dir='ltr'>διαϐόητος,</span> 
     </span>
    </p>
   </div>
   <div class='ocr_carea' id='block_1_20' title="bbox 2180 511 2320 550">
    <p class='ocr_par' dir='ltr' id='par_1_20' title="bbox 2180 511 2320 550">
     <span class='ocr_line' id='line_1_20' title="bbox 2180 511 2320 550; baseline 0.014 -2"><span class='ocrx_word' id='word_1_108' title='bbox 2180 511 2320 550; x_wconf 86' lang='lat' dir='ltr'><strong>rere.</strong></span> 
     </span>
    </p>
   </div>
   <div class='ocr_carea' id='block_1_21' title="bbox 2245 652 3748 740">
    <p class='ocr_par' dir='ltr' id='par_1_21' title="bbox 2245 652 3748 740">
     <span class='ocr_line' id='line_1_21' title="bbox 2245 652 3748 740; baseline -0.003 -17"><span class='ocrx_word' id='word_1_109' title='bbox 2245 670 2300 723; x_wconf 77' lang='lat'><strong>3.</strong></span> <span class='ocrx_word' id='word_1_110' title='bbox 2334 667 2486 724; x_wconf 83' lang='lat' dir='ltr'><strong>Finis</strong></span> <span class='ocrx_word' id='word_1_111' title='bbox 2506 652 3099 740; x_wconf 29' lang='lat' dir='ltr'><strong>&#39;principi&#39;propositus</strong></span> <span class='ocrx_word' id='word_1_112' title='bbox 3129 675 3212 720; x_wconf 89' lang='lat' dir='ltr'><strong>cst</strong></span> <span class='ocrx_word' id='word_1_113' title='bbox 3244 665 3494 719; x_wconf 89' lang='lat' dir='ltr'><strong>omnibus</strong></span> <span class='ocrx_word' id='word_1_114' title='bbox 3532 665 3748 720; x_wconf 85' lang='lat' dir='ltr'><strong>benefa-</strong></span> 
     </span>
    </p>
   </div>
   <div class='ocr_carea' id='block_1_22' title="bbox 2179 755 3745 830">
    <p class='ocr_par' dir='ltr' id='par_1_22' title="bbox 2179 755 3745 830">
     <span class='ocr_line' id='line_1_22' title="bbox 2179 755 3745 830; baseline -0.001 -21"><span class='ocrx_word' id='word_1_115' title='bbox 2179 769 2304 813; x_wconf 83' lang='lat' dir='ltr'><strong>cere</strong></span> <span class='ocrx_word' id='word_1_116' title='bbox 2349 765 2680 830; x_wconf 73' lang='lat' dir='ltr'><strong>quapropter</strong></span> <span class='ocrx_word' id='word_1_117' title='bbox 2729 767 2784 809; x_wconf 88' lang='lat' dir='ltr'><strong>et</strong></span> <span class='ocrx_word' id='word_1_118' title='bbox 2833 755 3196 810; x_wconf 85' lang='lat' dir='ltr'><strong>benefactoris</strong></span> <span class='ocrx_word' id='word_1_119' title='bbox 3247 757 3465 810; x_wconf 83' lang='lat' dir='ltr'><strong>nomine</strong></span> <span class='ocrx_word' id='word_1_120' title='bbox 3497 765 3745 810; x_wconf 84' lang='lat' dir='ltr'><strong>ornatur.</strong></span> 
     </span>
    </p>
   </div>
   <div class='ocr_carea' id='block_1_23' title="bbox 2178 846 3746 915">
    <p class='ocr_par' dir='ltr' id='par_1_23' title="bbox 2178 846 3746 915">
     <span class='ocr_line' id='line_1_23' title="bbox 2178 846 3746 915; baseline 0 -16"><span class='ocrx_word' id='word_1_121' title='bbox 2178 846 2255 900; x_wconf 88' lang='lat' dir='ltr'><strong>Ita</strong></span> <span class='ocrx_word' id='word_1_122' title='bbox 2281 857 2337 900; x_wconf 87' lang='lat' dir='ltr'><strong>ut</strong></span> <span class='ocrx_word' id='word_1_123' title='bbox 2366 863 2408 900; x_wconf 88' lang='lat' dir='ltr'><strong>st</strong></span> <span class='ocrx_word' id='word_1_124' title='bbox 2442 848 2657 915; x_wconf 82' lang='lat' dir='ltr'><strong>quando</strong></span> <span class='ocrx_word' id='word_1_125' title='bbox 2683 847 2749 901; x_wconf 90' lang='lat' dir='ltr'><strong>de</strong></span> <span class='ocrx_word' id='word_1_126' title='bbox 2777 846 3133 900; x_wconf 80' lang='lat' dir='ltr'><strong>beneficentia</strong></span> <span class='ocrx_word' id='word_1_127' title='bbox 3162 847 3431 915; x_wconf 84' lang='lat' dir='ltr'><strong>quippiam</strong></span> <span class='ocrx_word' id='word_1_128' title='bbox 3458 846 3746 912; x_wconf 77' lang='lat' dir='ltr'><strong>remiserit,</strong></span> 
     </span>
    </p>
   </div>
   <div class='ocr_carea' id='block_1_24' title="bbox 2178 938 3749 1010">
    <p class='ocr_par' dir='ltr' id='par_1_24' title="bbox 2178 938 3749 1010">
     <span class='ocr_line' id='line_1_24' title="bbox 2178 938 3749 1010; baseline -0.001 -16"><span class='ocrx_word' id='word_1_129' title='bbox 2178 955 2244 995; x_wconf 81' lang='lat' dir='ltr'><strong>ex</strong></span> <span class='ocrx_word' id='word_1_130' title='bbox 2276 941 2624 1010; x_wconf 83' lang='lat' dir='ltr'><strong>antiquorum</strong></span> <span class='ocrx_word' id='word_1_131' title='bbox 2667 940 2963 1004; x_wconf 90' lang='lat' dir='ltr'><strong>sententia,</strong></span> <span class='ocrx_word' id='word_1_132' title='bbox 2993 938 3289 994; x_wconf 87' lang='lat' dir='ltr'><strong>adulterari</strong></span> <span class='ocrx_word' id='word_1_133' title='bbox 3325 940 3573 994; x_wconf 87' lang='lat' dir='ltr'><strong>videatur</strong></span> <span class='ocrx_word' id='word_1_134' title='bbox 3601 940 3749 1008; x_wconf 90' lang='lat' dir='ltr'><strong>priu-</strong></span> 
     </span>
    </p>
   </div>
   <div class='ocr_carea' id='block_1_25' title="bbox 2180 1031 2884 1100">
    <p class='ocr_par' dir='ltr' id='par_1_25' title="bbox 2180 1031 2884 1100">
     <span class='ocr_line' id='line_1_25' title="bbox 2180 1031 2884 1100; baseline -0.001 -15"><span class='ocrx_word' id='word_1_135' title='bbox 2180 1032 2316 1100; x_wconf 87' lang='lat' dir='ltr'><strong>cipis</strong></span> <span class='ocrx_word' id='word_1_136' title='bbox 2347 1041 2474 1086; x_wconf 91' lang='lat' dir='ltr'><strong>nota</strong></span> <span class='ocrx_word' id='word_1_137' title='bbox 2505 1031 2884 1085; x_wconf 84' lang='lat' dir='ltr'><strong>etcharactcr.</strong></span> 
     </span>
    </p>
   </div>
   <div class='ocr_carea' id='block_1_26' title="bbox 2249 1121 3750 1195">
    <p class='ocr_par' dir='ltr' id='par_1_26' title="bbox 2249 1121 3750 1195">
     <span class='ocr_line' id='line_1_26' title="bbox 2249 1121 3750 1195; baseline -0.001 -16"><span class='ocrx_word' id='word_1_138' title='bbox 2249 1125 2300 1179; x_wconf 77' lang='grc'>4.</span> <span class='ocrx_word' id='word_1_139' title='bbox 2334 1121 2607 1192; x_wconf 78' lang='lat' dir='ltr'><strong>Principis</strong></span> <span class='ocrx_word' id='word_1_140' title='bbox 2636 1121 2868 1178; x_wconf 77' lang='lat' dir='ltr'><strong>oﬂicium</strong></span> <span class='ocrx_word' id='word_1_141' title='bbox 2903 1130 2984 1177; x_wconf 89' lang='lat' dir='ltr'><strong>est</strong></span> <span class='ocrx_word' id='word_1_142' title='bbox 3009 1122 3273 1190; x_wconf 75' lang='lat' dir='ltr'><strong>judicare,</strong></span> <span class='ocrx_word' id='word_1_143' title='bbox 3306 1132 3359 1177; x_wconf 86' lang='lat' dir='ltr'><strong>et</strong></span> <span class='ocrx_word' id='word_1_144' title='bbox 3389 1137 3609 1179; x_wconf 80' lang='lat' dir='ltr'><strong>servare</strong></span> <span class='ocrx_word' id='word_1_145' title='bbox 3638 1125 3750 1195; x_wconf 88' lang='lat' dir='ltr'><strong>pri-</strong></span> 
     </span>
    </p>
   </div>
   <div class='ocr_carea' id='block_1_27' title="bbox 2179 1214 3746 1286">
    <p class='ocr_par' dir='ltr' id='par_1_27' title="bbox 2179 1214 3746 1286">
     <span class='ocr_line' id='line_1_27' title="bbox 2179 1214 3746 1286; baseline -0.001 -15"><span class='ocrx_word' id='word_1_146' title='bbox 2179 1232 2323 1271; x_wconf 91' lang='lat' dir='ltr'><strong>mum</strong></span> <span class='ocrx_word' id='word_1_147' title='bbox 2352 1229 2687 1286; x_wconf 66' lang='lat' dir='ltr'><strong>quaecunque</strong></span> <span class='ocrx_word' id='word_1_148' title='bbox 2708 1215 2904 1270; x_wconf 87' lang='lat' dir='ltr'><strong>divinis</strong></span> <span class='ocrx_word' id='word_1_149' title='bbox 2923 1214 3222 1282; x_wconf 86' lang='lat' dir='ltr'><strong>Scripturis</strong></span> <span class='ocrx_word' id='word_1_150' title='bbox 3247 1216 3564 1286; x_wconf 85' lang='lat' dir='ltr'><strong>consignata</strong></span> <span class='ocrx_word' id='word_1_151' title='bbox 3598 1231 3746 1282; x_wconf 89' lang='lat' dir='ltr'><strong>sunt,</strong></span> 
     </span>
    </p>
   </div>
   <div class='ocr_carea' id='block_1_28' title="bbox 2180 1309 3751 1381">
    <p class='ocr_par' dir='ltr' id='par_1_28' title="bbox 2180 1309 3751 1381">
     <span class='ocr_line' id='line_1_28' title="bbox 2180 1309 3751 1381; baseline -0.001 -14"><span class='ocrx_word' id='word_1_152' title='bbox 2180 1313 2372 1367; x_wconf 89' lang='lat' dir='ltr'><strong>deinde</strong></span> <span class='ocrx_word' id='word_1_153' title='bbox 2403 1321 2458 1366; x_wconf 89' lang='lat' dir='ltr'><strong>et</strong></span> <span class='ocrx_word' id='word_1_154' title='bbox 2493 1311 2584 1366; x_wconf 87' lang='lat' dir='ltr'><strong>illa</strong></span> <span class='ocrx_word' id='word_1_155' title='bbox 2617 1327 2736 1381; x_wconf 82' lang='lat' dir='ltr'><strong>quae</strong></span> <span class='ocrx_word' id='word_1_156' title='bbox 2768 1327 2796 1365; x_wconf 86' lang='lat' dir='ltr'><strong>a</strong></span> <span class='ocrx_word' id='word_1_157' title='bbox 2831 1321 3039 1379; x_wconf 87' lang='lat' dir='ltr'><strong>septem</strong></span> <span class='ocrx_word' id='word_1_158' title='bbox 3068 1309 3271 1364; x_wconf 82' lang='lat' dir='ltr'><strong>sanctis</strong></span> <span class='ocrx_word' id='word_1_159' title='bbox 3299 1311 3521 1381; x_wconf 86' lang='lat' dir='ltr'><strong>synodis</strong></span> <span class='ocrx_word' id='word_1_160' title='bbox 3552 1315 3751 1366; x_wconf 84' lang='lat' dir='ltr'><strong>consti-</strong></span> 
     </span>
    </p>
   </div>
   <div class='ocr_carea' id='block_1_29' title="bbox 2179 1401 3644 1472">
    <p class='ocr_par' dir='ltr' id='par_1_29' title="bbox 2179 1401 3644 1472">
     <span class='ocr_line' id='line_1_29' title="bbox 2179 1401 3644 1472; baseline 0 -16"><span class='ocrx_word' id='word_1_161' title='bbox 2179 1413 2294 1457; x_wconf 88' lang='lat' dir='ltr'><strong>tuta</strong></span> <span class='ocrx_word' id='word_1_162' title='bbox 2324 1410 2469 1469; x_wconf 89' lang='lat' dir='ltr'><strong>sunt,</strong></span> <span class='ocrx_word' id='word_1_163' title='bbox 2499 1412 2763 1472; x_wconf 66' lang='lat' dir='ltr'><strong>praeterea</strong></span> <span class='ocrx_word' id='word_1_164' title='bbox 2791 1411 2848 1456; x_wconf 91' lang='lat' dir='ltr'><strong>et</strong></span> <span class='ocrx_word' id='word_1_165' title='bbox 2881 1403 3086 1471; x_wconf 88' lang='lat' dir='ltr'><strong>positas</strong></span> <span class='ocrx_word' id='word_1_166' title='bbox 3115 1416 3148 1456; x_wconf 85' lang='lat' dir='ltr'><strong>a</strong></span> <span class='ocrx_word' id='word_1_167' title='bbox 3183 1401 3444 1457; x_wconf 79' lang='lat' dir='ltr'><strong>Romanis</strong></span> <span class='ocrx_word' id='word_1_168' title='bbox 3475 1401 3644 1472; x_wconf 82' lang='lat' dir='ltr'><strong>leges.</strong></span> 
     </span>
    </p>
   </div>
   <div class='ocr_carea' id='block_1_30' title="bbox 2249 1580 3754 1650">
    <p class='ocr_par' dir='ltr' id='par_1_30' title="bbox 2249 1580 3754 1650">
     <span class='ocr_line' id='line_1_30' title="bbox 2249 1580 3754 1650; baseline -0.001 -15"><span class='ocrx_word' id='word_1_169' title='bbox 2331 1580 2638 1650; x_wconf 82' lang='lat' dir='ltr'><strong>Principem</strong></span> <span class='ocrx_word' id='word_1_170' title='bbox 2682 1595 2844 1649; x_wconf 89' lang='lat' dir='ltr'><strong>qnam</strong></span> <span class='ocrx_word' id='word_1_171' title='bbox 2873 1580 3317 1636; x_wconf 81' lang='lat' dir='ltr'><strong>manifestissime</strong></span> <span class='ocrx_word' id='word_1_172' title='bbox 3371 1580 3624 1634; x_wconf 77' lang='lat' dir='ltr'><strong>convenit</strong></span> <span class='ocrx_word' id='word_1_173' title='bbox 3669 1595 3754 1634; x_wconf 87' lang='lat' dir='ltr'><strong>re-</strong></span> 
     </span>
    </p>
   </div>
   <div class='ocr_carea' id='block_1_31' title="bbox 2181 1672 3754 1743">
    <p class='ocr_par' dir='ltr' id='par_1_31' title="bbox 2181 1672 3754 1743">
     <span class='ocr_line' id='line_1_31' title="bbox 2181 1672 3754 1743; baseline -0.002 -14"><span class='ocrx_word' id='word_1_174' title='bbox 2181 1685 2326 1729; x_wconf 89' lang='lat' dir='ltr'><strong>ctam</strong></span> <span class='ocrx_word' id='word_1_175' title='bbox 2348 1675 2410 1728; x_wconf 90' lang='lat' dir='ltr'><strong>de</strong></span> <span class='ocrx_word' id='word_1_176' title='bbox 2433 1673 2544 1729; x_wconf 87' lang='lat' dir='ltr'><strong>Deo</strong></span> <span class='ocrx_word' id='word_1_177' title='bbox 2570 1675 2879 1743; x_wconf 88' lang='lat' dir='ltr'><strong>opinionem</strong></span> <span class='ocrx_word' id='word_1_178' title='bbox 2909 1683 2960 1727; x_wconf 91' lang='lat' dir='ltr'><strong>et</strong></span> <span class='ocrx_word' id='word_1_179' title='bbox 2985 1674 3236 1742; x_wconf 83' lang='lat' dir='ltr'><strong>pietatem</strong></span> <span class='ocrx_word' id='word_1_180' title='bbox 3264 1672 3573 1739; x_wconf 77' lang='lat' dir='ltr'><strong>defendere,</strong></span> <span class='ocrx_word' id='word_1_181' title='bbox 3599 1685 3656 1727; x_wconf 87' lang='lat' dir='ltr'><strong>ut</strong></span> <span class='ocrx_word' id='word_1_182' title='bbox 3687 1674 3754 1726; x_wconf 85' lang='lat' dir='ltr'><strong>ab</strong></span> 
     </span>
    </p>
   </div>
   <div class='ocr_carea' id='block_1_32' title="bbox 499 1736 2086 1842">
    <p class='ocr_par' dir='ltr' id='par_1_32' title="bbox 499 1736 2077 1842">
     <span class='ocr_line' id='line_1_32' title="bbox 499 1736 2077 1842; baseline -0.007 -11"><span class='ocrx_word' id='word_1_183' title='bbox 499 1736 553 1831; x_wconf 63' lang='grc' dir='ltr'><strong>έν</strong></span> <span class='ocrx_word' id='word_1_184' title='bbox 579 1795 639 1830; x_wconf 85' lang='grc' dir='ltr'><strong>τε</strong></span> <span class='ocrx_word' id='word_1_185' title='bbox 677 1778 791 1838; x_wconf 83' lang='grc' dir='ltr'>τοῖς</span> <span class='ocrx_word' id='word_1_186' title='bbox 822 1736 956 1842; x_wconf 77' lang='grc' dir='ltr'>ὑπὲρ</span> <span class='ocrx_word' id='word_1_187' title='bbox 1001 1772 1102 1842; x_wconf 79' lang='grc' dir='ltr'>τῆς</span> <span class='ocrx_word' id='word_1_188' title='bbox 1150 1771 1376 1842; x_wconf 80' lang='grc' dir='ltr'>Τριάδος</span> <span class='ocrx_word' id='word_1_189' title='bbox 1414 1736 1878 1838; x_wconf 74' lang='grc' dir='ltr'>δογματισθεῖσιν.</span> <span class='ocrx_word' id='word_1_190' title='bbox 1920 1736 1975 1820; x_wconf 74' lang='grc' dir='ltr'>ἐν</span> <span class='ocrx_word' id='word_1_191' title='bbox 2018 1785 2077 1820; x_wconf 88' lang='grc' dir='ltr'><strong>τε</strong></span> 
     </span>
    </p>
   </div>
   <div class='ocr_carea' id='block_1_33' title="bbox 2188 1736 3751 1842">
    <p class='ocr_par' dir='ltr' id='par_1_33' title="bbox 2188 1763 3751 1833">
     <span class='ocr_line' id='line_1_33' title="bbox 2188 1763 3751 1833; baseline -0.001 -14"><span class='ocrx_word' id='word_1_192' title='bbox 2188 1767 2436 1819; x_wconf 85' lang='lat' dir='ltr'><strong>omnibus</strong></span> <span class='ocrx_word' id='word_1_193' title='bbox 2468 1773 2686 1833; x_wconf 85' lang='lat' dir='ltr'><strong>propter</strong></span> <span class='ocrx_word' id='word_1_194' title='bbox 2718 1766 2891 1818; x_wconf 88' lang='lat' dir='ltr'><strong>zelum</strong></span> <span class='ocrx_word' id='word_1_195' title='bbox 2938 1771 2992 1817; x_wconf 81' lang='lat' dir='ltr'><strong>et.</strong></span> <span class='ocrx_word' id='word_1_196' title='bbox 3038 1763 3380 1818; x_wconf 80' lang='lat' dir='ltr'><strong>aﬂ&#39;ectionem</strong></span> <span class='ocrx_word' id='word_1_197' title='bbox 3425 1778 3550 1831; x_wconf 77' lang='lat' dir='ltr'><strong>erga</strong></span> <span class='ocrx_word' id='word_1_198' title='bbox 3584 1763 3751 1818; x_wconf 88' lang='lat' dir='ltr'><strong>Deum</strong></span> 
     </span>
    </p>
   </div>
   <div class='ocr_carea' id='block_1_34' title="bbox 481 1858 2081 1935">
    <p class='ocr_par' dir='ltr' id='par_1_34' title="bbox 481 1858 2081 1935">
     <span class='ocr_line' id='line_1_34' title="bbox 481 1858 2081 1935; baseline -0.007 -14"><span class='ocrx_word' id='word_1_199' title='bbox 481 1871 604 1930; x_wconf 77' lang='grc' dir='ltr'>τοῖς</span> <span class='ocrx_word' id='word_1_200' title='bbox 630 1867 768 1935; x_wconf 74' lang='grc' dir='ltr'>ὑπὲρ</span> <span class='ocrx_word' id='word_1_201' title='bbox 785 1863 882 1932; x_wconf 79' lang='grc' dir='ltr'>τῆς</span> <span class='ocrx_word' id='word_1_202' title='bbox 907 1861 1212 1931; x_wconf 74' lang='grc' dir='ltr'>οἰκονομίας</span> <span class='ocrx_word' id='word_1_203' title='bbox 1230 1861 1587 1931; x_wconf 75' lang='grc' dir='ltr'>λαμπρότατα</span> <span class='ocrx_word' id='word_1_204' title='bbox 1612 1861 1702 1912; x_wconf 82' lang='grc' dir='ltr'>καὶ</span> <span class='ocrx_word' id='word_1_205' title='bbox 1737 1858 2081 1927; x_wconf 80' lang='grc' dir='ltr'>ἀσφαλέστα-</span> 
     </span>
    </p>
   </div>
   <div class='ocr_carea' id='block_1_35' title="bbox 498 1949 2081 2026">
    <p class='ocr_par' dir='ltr' id='par_1_35' title="bbox 498 1949 2081 2026">
     <span class='ocr_line' id='line_1_35' title="bbox 498 1949 2081 2026; baseline -0.007 -14"><span class='ocrx_word' id='word_1_206' title='bbox 498 1977 560 2013; x_wconf 86' lang='grc' dir='ltr'><strong>τα</strong></span> <span class='ocrx_word' id='word_1_207' title='bbox 588 1960 675 2011; x_wconf 62' lang='grc' dir='ltr'><strong>διὰ</strong></span> <span class='ocrx_word' id='word_1_208' title='bbox 721 1956 819 2026; x_wconf 82' lang='grc' dir='ltr'><strong>τὴν</strong></span> <span class='ocrx_word' id='word_1_209' title='bbox 871 1953 1014 2007; x_wconf 77' lang='grc' dir='ltr'>κατὰ</span> <span class='ocrx_word' id='word_1_210' title='bbox 1041 1953 1140 2023; x_wconf 85' lang='grc' dir='ltr'><strong>τὴν</strong></span> <span class='ocrx_word' id='word_1_211' title='bbox 1191 1953 1366 2019; x_wconf 84' lang='grc' dir='ltr'>σάρκα</span> <span class='ocrx_word' id='word_1_212' title='bbox 1411 1951 1722 2021; x_wconf 82' lang='grc' dir='ltr'>οἰκονομίαν</span> <span class='ocrx_word' id='word_1_213' title='bbox 1751 1950 1844 2003; x_wconf 83' lang='grc' dir='ltr'><strong>τοῦ</strong></span> <span class='ocrx_word' id='word_1_214' title='bbox 1877 1949 2081 2020; x_wconf 84' lang='grc' dir='ltr'>Κυρίου</span> 
     </span>
    </p>
   </div>
   <div class='ocr_carea' id='block_1_36' title="bbox 500 2042 2083 2122">
    <p class='ocr_par' dir='ltr' id='par_1_36' title="bbox 500 2042 2083 2122">
     <span class='ocr_line' id='line_1_36' title="bbox 500 2042 2083 2122; baseline -0.006 -20"><span class='ocrx_word' id='word_1_215' title='bbox 500 2051 649 2122; x_wconf 66' lang='grc' dir='ltr'>ἡμῶν</span> <span class='ocrx_word' id='word_1_216' title='bbox 689 2047 864 2118; x_wconf 82' lang='grc' dir='ltr'>Ἰησοῦ</span> <span class='ocrx_word' id='word_1_217' title='bbox 893 2046 1125 2118; x_wconf 78' lang='grc' dir='ltr'>Χριστοῦ</span> <span class='ocrx_word' id='word_1_218' title='bbox 1150 2045 1463 2116; x_wconf 73' lang='grc' dir='ltr'>ὁρισθεῖσιν,</span> <span class='ocrx_word' id='word_1_219' title='bbox 1501 2043 1646 2097; x_wconf 80' lang='grc' dir='ltr'>τοῦτ’</span> <span class='ocrx_word' id='word_1_220' title='bbox 1669 2043 1783 2095; x_wconf 78' lang='grc' dir='ltr'>ἔστι</span> <span class='ocrx_word' id='word_1_221' title='bbox 1808 2043 1866 2096; x_wconf 65' lang='grc' dir='ltr'>τὸ</span> <span class='ocrx_word' id='word_1_222' title='bbox 1891 2042 2083 2111; x_wconf 78' lang='grc' dir='ltr'>ὁμοσύ-</span> 
     </span>
    </p>
   </div>
   <div class='ocr_carea' id='block_1_37' title="bbox 503 2132 2070 2209">
    <p class='ocr_par' dir='ltr' id='par_1_37' title="bbox 503 2132 2070 2209">
     <span class='ocr_line' id='line_1_37' title="bbox 503 2132 2070 2209; baseline -0.008 -15"><span class='ocrx_word' id='word_1_223' title='bbox 503 2159 614 2194; x_wconf 80' lang='grc' dir='ltr'>σιον</span> <span class='ocrx_word' id='word_1_224' title='bbox 644 2141 738 2209; x_wconf 82' lang='grc' dir='ltr'>τῆς</span> <span class='ocrx_word' id='word_1_225' title='bbox 767 2137 1196 2208; x_wconf 84' lang='grc' dir='ltr'>τρισυποστάτου</span> <span class='ocrx_word' id='word_1_226' title='bbox 1217 2136 1489 2205; x_wconf 79' lang='grc' dir='ltr'>θεότητος,</span> <span class='ocrx_word' id='word_1_227' title='bbox 1517 2135 1758 2203; x_wconf 77' lang='grc' dir='ltr'>ἄτμητον</span> <span class='ocrx_word' id='word_1_228' title='bbox 1786 2132 1881 2186; x_wconf 68' lang='grc' dir='ltr'><strong>καὶ</strong></span> <span class='ocrx_word' id='word_1_229' title='bbox 1903 2133 2070 2184; x_wconf 78' lang='grc' dir='ltr'>ἀσυν-</span> 
     </span>
    </p>
   </div>
   <div class='ocr_carea' id='block_1_38' title="bbox 501 2222 2080 2303">
    <p class='ocr_par' dir='ltr' id='par_1_38' title="bbox 501 2222 2080 2303">
     <span class='ocr_line' id='line_1_38' title="bbox 501 2222 2080 2303; baseline -0.008 -17"><span class='ocrx_word' id='word_1_230' title='bbox 501 2234 714 2303; x_wconf 84' lang='grc' dir='ltr'>αἰρετον</span> <span class='ocrx_word' id='word_1_231' title='bbox 739 2229 1031 2301; x_wconf 74' lang='grc' dir='ltr'>διατηρῶν,</span> <span class='ocrx_word' id='word_1_232' title='bbox 1067 2231 1160 2281; x_wconf 71' lang='grc' dir='ltr'><strong>καὶ</strong></span> <span class='ocrx_word' id='word_1_233' title='bbox 1216 2227 1312 2297; x_wconf 83' lang='grc' dir='ltr'><strong>τὴν</strong></span> <span class='ocrx_word' id='word_1_234' title='bbox 1367 2228 1424 2279; x_wconf 79' lang='grc' dir='ltr'>ἐν</span> <span class='ocrx_word' id='word_1_235' title='bbox 1480 2226 1556 2294; x_wconf 80' lang='grc' dir='ltr'><strong>τῷ</strong></span> <span class='ocrx_word' id='word_1_236' title='bbox 1611 2225 1693 2276; x_wconf 73' lang='grc' dir='ltr'><strong>ἐνὶ</strong></span> <span class='ocrx_word' id='word_1_237' title='bbox 1719 2222 1940 2292; x_wconf 79' lang='grc' dir='ltr'>Χριστῷ</span> <span class='ocrx_word' id='word_1_238' title='bbox 1973 2222 2080 2274; x_wconf 84' lang='grc' dir='ltr'>τῶν</span> 
     </span>
    </p>
   </div>
   <div class='ocr_carea' id='block_1_39' title="bbox 497 2314 2082 2396">
    <p class='ocr_par' dir='ltr' id='par_1_39' title="bbox 497 2314 2082 2396">
     <span class='ocr_line' id='line_1_39' title="bbox 497 2314 2082 2396; baseline -0.009 -18"><span class='ocrx_word' id='word_1_239' title='bbox 497 2325 589 2379; x_wconf 86' lang='grc' dir='ltr'><strong>δύο</strong></span> <span class='ocrx_word' id='word_1_240' title='bbox 613 2324 826 2394; x_wconf 86' lang='grc' dir='ltr'>φύσεων</span> <span class='ocrx_word' id='word_1_241' title='bbox 859 2322 982 2375; x_wconf 86' lang='grc' dir='ltr'>καθ’</span> <span class='ocrx_word' id='word_1_242' title='bbox 1015 2321 1313 2374; x_wconf 75' lang='grc' dir='ltr'>ὑπόστασιν</span> <span class='ocrx_word' id='word_1_243' title='bbox 1355 2317 1576 2381; x_wconf 74' lang='grc' dir='ltr'>ἕνωσιν,</span> <span class='ocrx_word' id='word_1_244' title='bbox 1617 2315 1880 2378; x_wconf 81' lang='grc' dir='ltr'>ὡσαύτως</span> <span class='ocrx_word' id='word_1_245' title='bbox 1909 2314 2082 2396; x_wconf 29' lang='lat' dir='ltr'><strong>easy:</strong></span> 
     </span>
    </p>
   </div>
   <div class='ocr_carea' id='block_1_40' title="bbox 496 2399 2084 2489">
    <p class='ocr_par' dir='ltr' id='par_1_40' title="bbox 496 2399 2084 2489">
     <span class='ocr_line' id='line_1_40' title="bbox 496 2399 2084 2489; baseline -0.01 -18"><span class='ocrx_word' id='word_1_246' title='bbox 496 2434 656 2489; x_wconf 83' lang='grc' dir='ltr'>χυτον</span> <span class='ocrx_word' id='word_1_247' title='bbox 690 2416 785 2468; x_wconf 75' lang='grc' dir='ltr'><strong>καὶ</strong></span> <span class='ocrx_word' id='word_1_248' title='bbox 822 2412 1152 2482; x_wconf 80' lang='grc' dir='ltr'>ἀδιαίρετον,</span> <span class='ocrx_word' id='word_1_249' title='bbox 1182 2409 1388 2462; x_wconf 83' lang='grc' dir='ltr'>τέλειον</span> <span class='ocrx_word' id='word_1_250' title='bbox 1423 2407 1554 2459; x_wconf 76' lang='grc' dir='ltr'>Θεὸν</span> <span class='ocrx_word' id='word_1_251' title='bbox 1611 2406 1704 2458; x_wconf 73' lang='grc' dir='ltr'><strong>καὶ</strong></span> <span class='ocrx_word' id='word_1_252' title='bbox 1745 2405 1952 2456; x_wconf 83' lang='grc' dir='ltr'>τέλειον</span> <span class='ocrx_word' id='word_1_253' title='bbox 1985 2399 2084 2458; x_wconf 74' lang='grc' dir='ltr'><strong>ἄν-’</strong></span> 
     </span>
    </p>
   </div>
   <div class='ocr_carea' id='block_1_41' title="bbox 499 2490 2078 2579">
    <p class='ocr_par' dir='ltr' id='par_1_41' title="bbox 499 2490 2078 2579">
     <span class='ocr_line' id='line_1_41' title="bbox 499 2490 2078 2579; baseline -0.009 -17"><span class='ocrx_word' id='word_1_254' title='bbox 499 2511 718 2579; x_wconf 85' lang='grc' dir='ltr'>θρωπον</span> <span class='ocrx_word' id='word_1_255' title='bbox 769 2506 950 2567; x_wconf 76' lang='grc' dir='ltr'>αὑτὸν,</span> <span class='ocrx_word' id='word_1_256' title='bbox 984 2504 1078 2556; x_wconf 84' lang='grc' dir='ltr'><strong>καὶ</strong></span> <span class='ocrx_word' id='word_1_257' title='bbox 1103 2503 1170 2555; x_wconf 74' lang='grc' dir='ltr'>τὰ</span> <span class='ocrx_word' id='word_1_258' title='bbox 1209 2499 1422 2562; x_wconf 85' lang='grc' dir='ltr'>τούτοις</span> <span class='ocrx_word' id='word_1_259' title='bbox 1455 2498 1719 2568; x_wconf 81' lang='grc' dir='ltr'>ἑπόμενα,</span> <span class='ocrx_word' id='word_1_260' title='bbox 1749 2490 1858 2548; x_wconf 75' lang='grc' dir='ltr'>οἷον</span> <span class='ocrx_word' id='word_1_261' title='bbox 1891 2495 2078 2564; x_wconf 80' lang='grc' dir='ltr'>ἀπαθῆ</span> 
     </span>
    </p>
   </div>
   <div class='ocr_carea' id='block_1_42' title="bbox 497 2588 2080 2671">
    <p class='ocr_par' dir='ltr' id='par_1_42' title="bbox 497 2588 2080 2671">
     <span class='ocr_line' id='line_1_42' title="bbox 497 2588 2080 2671; baseline -0.009 -18"><span class='ocrx_word' id='word_1_262' title='bbox 497 2601 596 2654; x_wconf 68' lang='grc' dir='ltr'><strong>καὶ</strong></span> <span class='ocrx_word' id='word_1_263' title='bbox 627 2598 894 2669; x_wconf 68' lang='grc' dir='ltr'>παθητὸν,</span> <span class='ocrx_word' id='word_1_264' title='bbox 942 2595 1217 2666; x_wconf 67' lang='grc' dir='ltr'>ἄφθαρτον</span> <span class='ocrx_word' id='word_1_265' title='bbox 1264 2593 1358 2646; x_wconf 74' lang='grc' dir='ltr'><strong>καὶ</strong></span> <span class='ocrx_word' id='word_1_266' title='bbox 1402 2590 1662 2662; x_wconf 73' lang='grc' dir='ltr'>φθαρτὸν,</span> <span class='ocrx_word' id='word_1_267' title='bbox 1713 2589 1942 2658; x_wconf 83' lang='grc' dir='ltr'>ἀόρατον</span> <span class='ocrx_word' id='word_1_268' title='bbox 1987 2588 2080 2671; x_wconf 75' lang='grc' dir='ltr'><strong>καὶ</strong></span> 
     </span>
    </p>
   </div>
   <div class='ocr_carea' id='block_1_43' title="bbox 505 2681 2078 2763">
    <p class='ocr_par' dir='ltr' id='par_1_43' title="bbox 505 2681 2078 2763">
     <span class='ocr_line' id='line_1_43' title="bbox 505 2681 2078 2763; baseline -0.009 -17"><span class='ocrx_word' id='word_1_269' title='bbox 505 2694 726 2763; x_wconf 73' lang='grc' dir='ltr'>ὁρατὸν,</span> <span class='ocrx_word' id='word_1_270' title='bbox 764 2692 944 2759; x_wconf 80' lang='grc' dir='ltr'>ἁναφῆ</span> <span class='ocrx_word' id='word_1_271' title='bbox 979 2688 1073 2741; x_wconf 82' lang='grc' dir='ltr'>καὶ</span> <span class='ocrx_word' id='word_1_272' title='bbox 1114 2687 1304 2748; x_wconf 76' lang='grc' dir='ltr'>ἁπτὸν,</span> <span class='ocrx_word' id='word_1_273' title='bbox 1327 2683 1738 2754; x_wconf 84' lang='grc' dir='ltr'>ἀπερίγραπτον</span> <span class='ocrx_word' id='word_1_274' title='bbox 1789 2681 1883 2734; x_wconf 73' lang='grc' dir='ltr'><strong>καὶ</strong></span> <span class='ocrx_word' id='word_1_275' title='bbox 1922 2696 2078 2749; x_wconf 86' lang='grc' dir='ltr'>περι-</span> 
     </span>
    </p>
   </div>
   <div class='ocr_carea' id='block_1_44' title="bbox 501 2773 2080 2856">
    <p class='ocr_par' dir='ltr' id='par_1_44' title="bbox 501 2773 2080 2856">
     <span class='ocr_line' id='line_1_44' title="bbox 501 2773 2080 2856; baseline -0.009 -17"><span class='ocrx_word' id='word_1_276' title='bbox 501 2789 770 2856; x_wconf 74' lang='grc' dir='ltr'>γραπτὸν,</span> <span class='ocrx_word' id='word_1_277' title='bbox 822 2784 918 2837; x_wconf 80' lang='grc' dir='ltr'><strong>καὶ</strong></span> <span class='ocrx_word' id='word_1_278' title='bbox 955 2781 1015 2835; x_wconf 80' lang='grc' dir='ltr'>τὺ</span> <span class='ocrx_word' id='word_1_279' title='bbox 1052 2781 1228 2834; x_wconf 77' lang='grc' dir='ltr'>διττὸν</span> <span class='ocrx_word' id='word_1_280' title='bbox 1269 2779 1376 2832; x_wconf 86' lang='grc' dir='ltr'><strong>τῶν</strong></span> <span class='ocrx_word' id='word_1_281' title='bbox 1411 2778 1469 2829; x_wconf 90' lang='grc' dir='ltr'><strong>θε</strong></span> <span class='ocrx_word' id='word_1_282' title='bbox 1486 2776 1701 2846; x_wconf 79' lang='grc' dir='ltr'>λήσεων</span> <span class='ocrx_word' id='word_1_283' title='bbox 1732 2773 1825 2827; x_wconf 75' lang='grc' dir='ltr'><strong>καὶ</strong></span> <span class='ocrx_word' id='word_1_284' title='bbox 1850 2773 1956 2828; x_wconf 79' lang='grc' dir='ltr'>τῶν</span> <span class='ocrx_word' id='word_1_285' title='bbox 1996 2775 2080 2826; x_wconf 81' lang='grc' dir='ltr'>ὲν·-</span> 
     </span>
    </p>
   </div>
   <div class='ocr_carea' id='block_1_45' title="bbox 499 2863 2079 2949">
    <p class='ocr_par' dir='ltr' id='par_1_45' title="bbox 499 2863 2079 2949">
     <span class='ocr_line' id='line_1_45' title="bbox 499 2863 2079 2949; baseline -0.01 -18"><span class='ocrx_word' id='word_1_286' title='bbox 499 2879 748 2949; x_wconf 77' lang='grc' dir='ltr'>εργειῶν,</span> <span class='ocrx_word' id='word_1_287' title='bbox 781 2875 949 2946; x_wconf 72' lang='grc' dir='ltr'>χωρὶς</span> <span class='ocrx_word' id='word_1_288' title='bbox 976 2873 1349 2942; x_wconf 75' lang='grc' dir='ltr'>ἐναντιότητος</span> <span class='ocrx_word' id='word_1_289' title='bbox 1388 2867 1506 2941; x_wconf 81' lang='grc' dir='ltr'>[καὶ</span> <span class='ocrx_word' id='word_1_290' title='bbox 1545 2867 1605 2921; x_wconf 83' lang='grc' dir='ltr'><strong>τὸ</strong></span> <span class='ocrx_word' id='word_1_291' title='bbox 1657 2866 1939 2936; x_wconf 79' lang='grc' dir='ltr'>ἄγραπτον</span> <span class='ocrx_word' id='word_1_292' title='bbox 1979 2863 2079 2916; x_wconf 70' lang='grc' dir='ltr'>καὶ</span> 
     </span>
    </p>
   </div>
   <div class='ocr_carea' id='block_1_46' title="bbox 502 2969 886 3041">
    <p class='ocr_par' dir='ltr' id='par_1_46' title="bbox 502 2969 886 3041">
     <span class='ocr_line' id='line_1_46' title="bbox 502 2969 886 3041; baseline -0.003 -17"><span class='ocrx_word' id='word_1_293' title='bbox 502 2973 562 3024; x_wconf 85' lang='grc' dir='ltr'><strong>τὸ</strong></span> <span class='ocrx_word' id='word_1_294' title='bbox 596 2969 886 3041; x_wconf 78' lang='grc' dir='ltr'>γραπτόν].</span> 
     </span>
    </p>
   </div>
   <div class='ocr_carea' id='block_1_47' title="bbox 577 3133 2080 3212">
    <p class='ocr_par' dir='ltr' id='par_1_47' title="bbox 577 3133 2080 3212">
     <span class='ocr_line' id='line_1_47' title="bbox 577 3133 2080 3212; baseline -0.006 -15"><span class='ocrx_word' id='word_1_295' title='bbox 577 3148 653 3212; x_wconf 63' lang='grc' dir='ltr'>ς’.</span> <span class='ocrx_word' id='word_1_296' title='bbox 695 3142 774 3195; x_wconf 85' lang='grc' dir='ltr'><strong>Τὰ</strong></span> <span class='ocrx_word' id='word_1_297' title='bbox 807 3143 920 3208; x_wconf 79' lang='grc' dir='ltr'>τοῖς</span> <span class='ocrx_word' id='word_1_298' title='bbox 950 3143 1202 3205; x_wconf 82' lang='grc' dir='ltr'>παλαιοῖς</span> <span class='ocrx_word' id='word_1_299' title='bbox 1228 3136 1690 3209; x_wconf 75' lang='grc' dir='ltr'>νομοθετηθέντα,</span> <span class='ocrx_word' id='word_1_300' title='bbox 1735 3134 1824 3188; x_wconf 75' lang='grc' dir='ltr'><strong>τὸν</strong></span> <span class='ocrx_word' id='word_1_301' title='bbox 1858 3133 2080 3203; x_wconf 80' lang='grc' dir='ltr'>βασιλέα</span> 
     </span>
    </p>
   </div>
   <div class='ocr_carea' id='block_1_48' title="bbox 501 3224 2081 3308">
    <p class='ocr_par' dir='ltr' id='par_1_48' title="bbox 501 3224 2081 3308">
     <span class='ocr_line' id='line_1_48' title="bbox 501 3224 2081 3308; baseline -0.011 -16"><span class='ocrx_word' id='word_1_302' title='bbox 501 3239 582 3292; x_wconf 88' lang='grc' dir='ltr'><strong>δεῖ</strong></span> <span class='ocrx_word' id='word_1_303' title='bbox 607 3235 950 3308; x_wconf 78' lang='grc' dir='ltr'>ἑρμηνεύειν,</span> <span class='ocrx_word' id='word_1_304' title='bbox 983 3233 1078 3287; x_wconf 76' lang='grc' dir='ltr'>καὶ</span> <span class='ocrx_word' id='word_1_305' title='bbox 1109 3234 1173 3286; x_wconf 79' lang='grc' dir='ltr'>ὲκ</span> <span class='ocrx_word' id='word_1_306' title='bbox 1207 3231 1315 3284; x_wconf 83' lang='grc' dir='ltr'><strong>τῶν</strong></span> <span class='ocrx_word' id='word_1_307' title='bbox 1340 3228 1543 3298; x_wconf 84' lang='grc' dir='ltr'>ὁμοίων</span> <span class='ocrx_word' id='word_1_308' title='bbox 1563 3227 1802 3297; x_wconf 83' lang='grc' dir='ltr'>τέμνειν,</span> <span class='ocrx_word' id='word_1_309' title='bbox 1853 3224 1918 3278; x_wconf 80' lang='grc' dir='ltr'>τὰ</span> <span class='ocrx_word' id='word_1_310' title='bbox 1954 3224 2081 3294; x_wconf 74' lang='grc' dir='ltr'>περὶ</span> 
     </span>
    </p>
   </div>
   <div class='ocr_carea' id='block_1_49' title="bbox 501 3327 1091 3397">
    <p class='ocr_par' dir='ltr' id='par_1_49' title="bbox 501 3327 1091 3397">
     <span class='ocr_line' id='line_1_49' title="bbox 501 3327 1091 3397; baseline -0.008 -11"><span class='ocrx_word' id='word_1_311' title='bbox 501 3327 578 3387; x_wconf 81' lang='grc' dir='ltr'>ὧν</span> <span class='ocrx_word' id='word_1_312' title='bbox 604 3331 662 3384; x_wconf 74' lang='grc' dir='ltr'><strong>οὗ</strong></span> <span class='ocrx_word' id='word_1_313' title='bbox 706 3331 882 3383; x_wconf 86' lang='grc' dir='ltr'>κεῖται.</span> <span class='ocrx_word' id='word_1_314' title='bbox 907 3327 1091 3397; x_wconf 70' lang='grc' dir='ltr'>νόμος.</span> 
     </span>
    </p>
   </div>
   <div class='ocr_carea' id='block_1_50' title="bbox 581 3495 2082 3576">
    <p class='ocr_par' dir='ltr' id='par_1_50' title="bbox 581 3495 2082 3576">
     <span class='ocr_line' id='line_1_50' title="bbox 581 3495 2082 3576; baseline -0.013 -14"><span class='ocrx_word' id='word_1_315' title='bbox 581 3509 651 3575; x_wconf 78' lang='grc' dir='ltr'><strong>ζ’.</strong></span> <span class='ocrx_word' id='word_1_316' title='bbox 704 3508 794 3560; x_wconf 83' lang='grc' dir='ltr'>Ἐν</span> <span class='ocrx_word' id='word_1_317' title='bbox 824 3509 890 3576; x_wconf 82' lang='grc' dir='ltr'>τῇ</span> <span class='ocrx_word' id='word_1_318' title='bbox 931 3504 1040 3557; x_wconf 78' lang='grc' dir='ltr'>τῶν</span> <span class='ocrx_word' id='word_1_319' title='bbox 1080 3502 1260 3572; x_wconf 88' lang='grc' dir='ltr'>νόμων</span> <span class='ocrx_word' id='word_1_320' title='bbox 1291 3497 1557 3570; x_wconf 75' lang='grc' dir='ltr'>ἑρμηνείᾳ</span> <span class='ocrx_word' id='word_1_321' title='bbox 1583 3497 1664 3550; x_wconf 85' lang='grc' dir='ltr'><strong>δεῖ</strong></span> <span class='ocrx_word' id='word_1_322' title='bbox 1711 3495 1804 3548; x_wconf 81' lang='grc' dir='ltr'>καὶ</span> <span class='ocrx_word' id='word_1_323' title='bbox 1846 3495 1912 3562; x_wconf 79' lang='grc' dir='ltr'>τῇ</span> <span class='ocrx_word' id='word_1_324' title='bbox 1955 3508 2082 3544; x_wconf 86' lang='grc' dir='ltr'>συν-</span> 
     </span>
    </p>
   </div>
   <div class='ocr_carea' id='block_1_51' title="bbox 505 3583 2083 3672">
    <p class='ocr_par' dir='ltr' id='par_1_51' title="bbox 505 3583 2083 3672">
     <span class='ocr_line' id='line_1_51' title="bbox 505 3583 2083 3672; baseline -0.014 -17"><span class='ocrx_word' id='word_1_325' title='bbox 505 3602 668 3672; x_wconf 66' lang='grc' dir='ltr'>ηθείᾳ</span> <span class='ocrx_word' id='word_1_326' title='bbox 697 3600 986 3670; x_wconf 81' lang='grc' dir='ltr'>προσέχειν</span> <span class='ocrx_word' id='word_1_327' title='bbox 1029 3596 1125 3665; x_wconf 78' lang='grc' dir='ltr'>τῆς</span> <span class='ocrx_word' id='word_1_328' title='bbox 1167 3593 1396 3657; x_wconf 85' lang='grc' dir='ltr'>πόλεως,</span> <span class='ocrx_word' id='word_1_329' title='bbox 1424 3591 1514 3647; x_wconf 80' lang='grc' dir='ltr'><strong>τὸν</strong></span> <span class='ocrx_word' id='word_1_330' title='bbox 1568 3586 1809 3658; x_wconf 81' lang='grc' dir='ltr'>δὲπαρά</span> <span class='ocrx_word' id='word_1_331' title='bbox 1853 3583 2083 3644; x_wconf 84' lang='grc' dir='ltr'>κανόνας</span> 
     </span>
    </p>
   </div>
   <div class='ocr_carea' id='block_1_52' title="bbox 506 3680 1835 3762">
    <p class='ocr_par' dir='ltr' id='par_1_52' title="bbox 506 3680 1835 3762">
     <span class='ocr_line' id='line_1_52' title="bbox 506 3680 1835 3762; baseline -0.011 -15"><span class='ocrx_word' id='word_1_332' title='bbox 506 3692 884 3762; x_wconf 80' lang='grc' dir='ltr'>εἰσαγόμενον,</span> <span class='ocrx_word' id='word_1_333' title='bbox 913 3690 976 3742; x_wconf 84' lang='grc' dir='ltr'><strong>οὐ</strong></span> <span class='ocrx_word' id='word_1_334' title='bbox 1017 3688 1099 3740; x_wconf 88' lang='grc' dir='ltr'><strong>δεῖ</strong></span> <span class='ocrx_word' id='word_1_335' title='bbox 1127 3685 1430 3755; x_wconf 75' lang='grc' dir='ltr'>λαμϐάνειν</span> <span class='ocrx_word' id='word_1_336' title='bbox 1464 3680 1835 3752; x_wconf 83' lang='grc' dir='ltr'>παράδειγμα.</span> 
     </span>
    </p>
   </div>
   <div class='ocr_carea' id='block_1_53' title="bbox 577 3848 2083 3944">
    <p class='ocr_par' dir='ltr' id='par_1_53' title="bbox 577 3848 2083 3944">
     <span class='ocr_line' id='line_1_53' title="bbox 577 3848 2083 3944; baseline -0.015 -18"><span class='ocrx_word' id='word_1_337' title='bbox 577 3873 648 3944; x_wconf 90' lang='grc' dir='ltr'><strong>η’.</strong></span> <span class='ocrx_word' id='word_1_338' title='bbox 687 3869 1007 3938; x_wconf 80' lang='grc' dir='ltr'>Φιλαγάθως</span> <span class='ocrx_word' id='word_1_339' title='bbox 1061 3868 1143 3919; x_wconf 87' lang='grc' dir='ltr'><strong>δεῖ</strong></span> <span class='ocrx_word' id='word_1_340' title='bbox 1199 3865 1325 3926; x_wconf 75' lang='grc' dir='ltr'>τοὺς</span> <span class='ocrx_word' id='word_1_341' title='bbox 1364 3863 1562 3932; x_wconf 86' lang='grc' dir='ltr'>νόμους</span> <span class='ocrx_word' id='word_1_342' title='bbox 1612 3848 1936 3928; x_wconf 80' lang='grc' dir='ltr'>ἑρμηνεύειν</span> <span class='ocrx_word' id='word_1_343' title='bbox 1993 3853 2083 3905; x_wconf 83' lang='grc' dir='ltr'><strong>τὸν</strong></span> 
     </span>
    </p>
   </div>
   <div class='ocr_carea' id='block_1_54' title="bbox 510 3944 2120 4036">
    <p class='ocr_par' dir='ltr' id='par_1_54' title="bbox 510 3944 2120 4036">
     <span class='ocr_line' id='line_1_54' title="bbox 510 3944 2120 4036; baseline -0.016 -17"><span class='ocrx_word' id='word_1_344' title='bbox 510 3965 753 4036; x_wconf 82' lang='grc' dir='ltr'>βασιλέα·</span> <span class='ocrx_word' id='word_1_345' title='bbox 781 3965 837 4015; x_wconf 82' lang='grc' dir='ltr'>ὲν</span> <span class='ocrx_word' id='word_1_346' title='bbox 857 3962 964 4032; x_wconf 85' lang='grc' dir='ltr'>γὰρ</span> <span class='ocrx_word' id='word_1_347' title='bbox 991 3963 1103 4023; x_wconf 89' lang='grc' dir='ltr'>τοῖς</span> <span class='ocrx_word' id='word_1_348' title='bbox 1131 3955 1475 4028; x_wconf 79' lang='grc' dir='ltr'>ἀμφιϐόλοις,</span> <span class='ocrx_word' id='word_1_349' title='bbox 1502 3952 1592 4005; x_wconf 84' lang='grc' dir='ltr'><strong>τὸν</strong></span> <span class='ocrx_word' id='word_1_350' title='bbox 1617 3947 1910 4018; x_wconf 75' lang='grc' dir='ltr'>φιλόκαλον</span> <span class='ocrx_word' id='word_1_351' title='bbox 1939 3944 2085 4014; x_wconf 71' lang='grc' dir='ltr'>[φιλ-</span> <span class='ocrx_word' id='word_1_352' title='bbox 2115 3986 2120 3992; x_wconf 92' lang='grc'><strong>.</strong></span> 
     </span>
    </p>
   </div>
   <div class='ocr_carea' id='block_1_55' title="bbox 510 4044 1523 4128">
    <p class='ocr_par' dir='ltr' id='par_1_55' title="bbox 510 4044 1523 4128">
     <span class='ocr_line' id='line_1_55' title="bbox 510 4044 1523 4128; baseline -0.014 -16"><span class='ocrx_word' id='word_1_353' title='bbox 510 4054 816 4128; x_wconf 72' lang='grc' dir='ltr'>ἄνθρωπον]</span> <span class='ocrx_word' id='word_1_354' title='bbox 847 4054 1140 4124; x_wconf 79' lang='grc' dir='ltr'>ἑρμηνείαν</span> <span class='ocrx_word' id='word_1_355' title='bbox 1165 4044 1523 4120; x_wconf 84' lang='grc' dir='ltr'>προσιέμεθα.</span> 
     </span>
    </p>
   </div>
   <div class='ocr_carea' id='block_1_56' title="bbox 581 4212 2085 4303">
    <p class='ocr_par' dir='ltr' id='par_1_56' title="bbox 581 4212 2085 4303">
     <span class='ocr_line' id='line_1_56' title="bbox 581 4212 2085 4303; baseline -0.019 -11"><span class='ocrx_word' id='word_1_356' title='bbox 581 4236 648 4291; x_wconf 91' lang='lat'><strong>0&#39;.</strong></span> <span class='ocrx_word' id='word_1_357' title='bbox 689 4235 765 4290; x_wconf 84' lang='grc' dir='ltr'><strong>οὐ</strong></span> <span class='ocrx_word' id='word_1_358' title='bbox 818 4235 900 4289; x_wconf 86' lang='grc' dir='ltr'><strong>δεῖ</strong></span> <span class='ocrx_word' id='word_1_359' title='bbox 957 4229 1266 4303; x_wconf 81' lang='grc' dir='ltr'>μεταποιεῖν</span> <span class='ocrx_word' id='word_1_360' title='bbox 1333 4227 1400 4278; x_wconf 82' lang='grc' dir='ltr'>τὰ</span> <span class='ocrx_word' id='word_1_361' title='bbox 1471 4219 1739 4292; x_wconf 88' lang='grc' dir='ltr'>πρόδηλον</span> <span class='ocrx_word' id='word_1_362' title='bbox 1793 4212 2085 4285; x_wconf 81' lang='grc' dir='ltr'>ἑρμηνείαν</span> 
     </span>
    </p>
   </div>
   <div class='ocr_carea' id='block_1_57' title="bbox 418 4331 723 4399">
    <p class='ocr_par' dir='ltr' id='par_1_57' title="bbox 418 4331 723 4399">
     <span class='ocr_line' id='line_1_57' title="bbox 418 4331 723 4399; baseline -0.007 -17"><span class='ocrx_word' id='word_1_363' title='bbox 418 4349 424 4356; x_wconf 94' lang='grc'><strong>·</strong></span> <span class='ocrx_word' id='word_1_364' title='bbox 509 4331 723 4399; x_wconf 80' lang='grc' dir='ltr'>ἔχοντα.</span> 
     </span>
    </p>
   </div>
   <div class='ocr_carea' id='block_1_58' title="bbox 585 4401 2162 4485">
    <p class='ocr_par' dir='ltr' id='par_1_58' title="bbox 585 4401 2162 4485">
     <span class='ocr_line' id='line_1_58' title="bbox 585 4401 2162 4485; baseline -0.016 -15"><span class='ocrx_word' id='word_1_365' title='bbox 585 4425 637 4471; x_wconf 88' lang='grc' dir='ltr'><strong>ι’.</strong></span> <span class='ocrx_word' id='word_1_366' title='bbox 677 4415 814 4485; x_wconf 74' lang='grc' dir='ltr'><strong>Περὶ</strong></span> <span class='ocrx_word' id='word_1_367' title='bbox 853 4408 928 4467; x_wconf 83' lang='grc' dir='ltr'>ὧν</span> <span class='ocrx_word' id='word_1_368' title='bbox 954 4411 1230 4481; x_wconf 68' lang='grc' dir='ltr'>ἔγγραφος</span> <span class='ocrx_word' id='word_1_369' title='bbox 1276 4406 1336 4460; x_wconf 81' lang='grc' dir='ltr'><strong>οὐ</strong></span> <span class='ocrx_word' id='word_1_370' title='bbox 1366 4406 1542 4458; x_wconf 81' lang='grc' dir='ltr'>κεῖται</span> <span class='ocrx_word' id='word_1_371' title='bbox 1597 4401 1778 4471; x_wconf 79' lang='grc' dir='ltr'>νόμος,</span> <span class='ocrx_word' id='word_1_372' title='bbox 1830 4413 2085 4464; x_wconf 76' lang='grc' dir='ltr'>παραφυο</span> <span class='ocrx_word' id='word_1_373' title='bbox 2121 4425 2162 4478; x_wconf 77' lang='lat' dir='ltr'>D</span> 
     </span>
    </p>
   </div>
   <div class='ocr_carea' id='block_1_59' title="bbox 512 4489 2088 4568">
    <p class='ocr_par' dir='ltr' id='par_1_59' title="bbox 512 4489 2088 4568">
     <span class='ocr_line' id='line_1_59' title="bbox 512 4489 2088 4568; baseline -0.013 -8"><span class='ocrx_word' id='word_1_374' title='bbox 512 4509 729 4562; x_wconf 82' lang='grc' dir='ltr'>λάττειν</span> <span class='ocrx_word' id='word_1_375' title='bbox 758 4508 839 4559; x_wconf 87' lang='grc' dir='ltr'><strong>δεῖ</strong></span> <span class='ocrx_word' id='word_1_376' title='bbox 901 4504 963 4558; x_wconf 75' lang='grc' dir='ltr'>τὸ</span> <span class='ocrx_word' id='word_1_377' title='bbox 996 4504 1113 4565; x_wconf 76' lang='grc' dir='ltr'>ἔθος</span> <span class='ocrx_word' id='word_1_378' title='bbox 1151 4501 1246 4554; x_wconf 73' lang='grc' dir='ltr'>καὶ</span> <span class='ocrx_word' id='word_1_379' title='bbox 1291 4497 1388 4568; x_wconf 80' lang='grc' dir='ltr'>τὴν</span> <span class='ocrx_word' id='word_1_380' title='bbox 1426 4494 1736 4566; x_wconf 77' lang='grc' dir='ltr'><strong>συνήθειαν⁸</strong></span> <span class='ocrx_word' id='word_1_381' title='bbox 1795 4490 1930 4543; x_wconf 82' lang='grc' dir='ltr'>εἰδὲ</span> <span class='ocrx_word' id='word_1_382' title='bbox 1996 4489 2088 4541; x_wconf 68' lang='grc' dir='ltr'><strong>καὶ</strong></span> 
     </span>
    </p>
   </div>
   <div class='ocr_carea' id='block_1_60' title="bbox 508 4581 2089 4666">
    <p class='ocr_par' dir='ltr' id='par_1_60' title="bbox 508 4581 2089 4666">
     <span class='ocr_line' id='line_1_60' title="bbox 508 4581 2089 4666; baseline -0.015 -13"><span class='ocrx_word' id='word_1_383' title='bbox 508 4599 672 4653; x_wconf 79' lang='grc' dir='ltr'>τοῦτο</span> <span class='ocrx_word' id='word_1_384' title='bbox 725 4585 990 4659; x_wconf 82' lang='grc' dir='ltr'>ἐκλείπει,</span> <span class='ocrx_word' id='word_1_385' title='bbox 1057 4590 1372 4666; x_wconf 55' lang='grc' dir='ltr'>ἀκολουθεῖν</span> <span class='ocrx_word' id='word_1_386' title='bbox 1413 4588 1491 4642; x_wconf 84' lang='grc' dir='ltr'><strong>δεῖ</strong></span> <span class='ocrx_word' id='word_1_387' title='bbox 1542 4587 1654 4648; x_wconf 83' lang='grc' dir='ltr'>τοῖς</span> <span class='ocrx_word' id='word_1_388' title='bbox 1709 4581 2089 4652; x_wconf 75' lang='grc' dir='ltr'>παραπλήσιον</span> 
     </span>
    </p>
   </div>
   <div class='ocr_carea' id='block_1_61' title="bbox 511 4667 2092 4758">
    <p class='ocr_par' dir='ltr' id='par_1_61' title="bbox 511 4667 2092 4758">
     <span class='ocr_line' id='line_1_61' title="bbox 511 4667 2092 4758; baseline -0.013 -17"><span class='ocrx_word' id='word_1_389' title='bbox 511 4689 698 4758; x_wconf 63' lang='grc' dir='ltr'>ἔχουσι</span> <span class='ocrx_word' id='word_1_390' title='bbox 756 4687 834 4757; x_wconf 81' lang='grc' dir='ltr'><strong>τῷ</strong></span> <span class='ocrx_word' id='word_1_391' title='bbox 894 4684 1233 4754; x_wconf 78' lang='grc' dir='ltr'>ζητουμένῳ·</span> <span class='ocrx_word' id='word_1_392' title='bbox 1285 4679 1350 4733; x_wconf 84' lang='grc' dir='ltr'>ἂν</span> <span class='ocrx_word' id='word_1_393' title='bbox 1401 4678 1455 4730; x_wconf 78' lang='grc' dir='ltr'><strong>δὲ</strong></span> <span class='ocrx_word' id='word_1_394' title='bbox 1489 4675 1624 4746; x_wconf 86' lang='grc' dir='ltr'>μηδὲ</span> <span class='ocrx_word' id='word_1_395' title='bbox 1673 4674 1831 4726; x_wconf 86' lang='grc' dir='ltr'>τοῦτο</span> <span class='ocrx_word' id='word_1_396' title='bbox 1869 4667 1924 4743; x_wconf 80' lang='grc' dir='ltr'><strong>ᾖ,</strong></span> <span class='ocrx_word' id='word_1_397' title='bbox 1983 4669 2092 4722; x_wconf 84' lang='grc' dir='ltr'><strong>τῶν</strong></span> 
     </span>
    </p>
   </div>
   <div class='ocr_carea' id='block_1_62' title="bbox 515 4759 2090 4850">
    <p class='ocr_par' dir='ltr' id='par_1_62' title="bbox 515 4759 2090 4850">
     <span class='ocr_line' id='line_1_62' title="bbox 515 4759 2090 4850; baseline -0.015 -14"><span class='ocrx_word' id='word_1_398' title='bbox 515 4781 898 4850; x_wconf 79' lang='grc' dir='ltr'>συνετωτέρων</span> <span class='ocrx_word' id='word_1_399' title='bbox 938 4778 1053 4847; x_wconf 77' lang='grc' dir='ltr'>ἅμα</span> <span class='ocrx_word' id='word_1_400' title='bbox 1098 4777 1189 4828; x_wconf 74' lang='grc' dir='ltr'><strong>καὶ</strong></span> <span class='ocrx_word' id='word_1_401' title='bbox 1234 4773 1496 4825; x_wconf 86' lang='grc' dir='ltr'>πλειόνων</span> <span class='ocrx_word' id='word_1_402' title='bbox 1542 4769 1576 4837; x_wconf 82' lang='grc' dir='ltr'>ἡ</span> <span class='ocrx_word' id='word_1_403' title='bbox 1618 4765 1816 4834; x_wconf 83' lang='grc' dir='ltr'>γνώμη</span> <span class='ocrx_word' id='word_1_404' title='bbox 1873 4759 2090 4832; x_wconf 83' lang='grc' dir='ltr'>κρατεί-</span> 
     </span>
    </p>
   </div>
   <div class='ocr_carea' id='block_1_63' title="bbox 514 4853 1918 4938">
    <p class='ocr_par' dir='ltr' id='par_1_63' title="bbox 514 4853 1918 4938">
     <span class='ocr_line' id='line_1_63' title="bbox 514 4853 1918 4938; baseline -0.012 -13"><span class='ocrx_word' id='word_1_405' title='bbox 514 4889 594 4924; x_wconf 86' lang='grc' dir='ltr'><strong>τω</strong></span> <span class='ocrx_word' id='word_1_406' title='bbox 625 4887 639 4901; x_wconf 78' lang='lat'><strong>&#39;</strong></span> <span class='ocrx_word' id='word_1_407' title='bbox 685 4870 945 4938; x_wconf 79' lang='grc' dir='ltr'>συγγενὲς</span> <span class='ocrx_word' id='word_1_408' title='bbox 983 4868 1091 4938; x_wconf 84' lang='grc' dir='ltr'>γὰρ</span> <span class='ocrx_word' id='word_1_409' title='bbox 1129 4863 1287 4918; x_wconf 83' lang='grc' dir='ltr'>τοῦτο</span> <span class='ocrx_word' id='word_1_410' title='bbox 1316 4864 1384 4931; x_wconf 84' lang='grc' dir='ltr'>τῇ</span> <span class='ocrx_word' id='word_1_411' title='bbox 1416 4859 1576 4928; x_wconf 82' lang='grc' dir='ltr'>φύσει</span> <span class='ocrx_word' id='word_1_412' title='bbox 1604 4855 1699 4907; x_wconf 80' lang='grc' dir='ltr'><strong>τοῦ</strong></span> <span class='ocrx_word' id='word_1_413' title='bbox 1732 4853 1918 4922; x_wconf 85' lang='grc' dir='ltr'>νόμου.</span> 
     </span>
    </p>
   </div>
   <div class='ocr_carea' id='block_1_64' title="bbox 591 5120 2094 5209">
    <p class='ocr_par' dir='ltr' id='par_1_64' title="bbox 591 5120 2094 5209">
     <span class='ocr_line' id='line_1_64' title="bbox 591 5120 2094 5209; baseline -0.02 -11"><span class='ocrx_word' id='word_1_414' title='bbox 591 5148 680 5198; x_wconf 83' lang='grc' dir='ltr'>ια’.</span> <span class='ocrx_word' id='word_1_415' title='bbox 725 5142 936 5209; x_wconf 80' lang='grc' dir='ltr'>’Ὠσπερ</span> <span class='ocrx_word' id='word_1_416' title='bbox 967 5137 1000 5207; x_wconf 83' lang='grc' dir='ltr'>ἡ</span> <span class='ocrx_word' id='word_1_417' title='bbox 1034 5135 1180 5196; x_wconf 84' lang='grc' dir='ltr'>θέσις</span> <span class='ocrx_word' id='word_1_418' title='bbox 1211 5131 1304 5186; x_wconf 80' lang='grc' dir='ltr'>τοῦ</span> <span class='ocrx_word' id='word_1_419' title='bbox 1337 5128 1526 5198; x_wconf 88' lang='grc' dir='ltr'>νόμου,</span> <span class='ocrx_word' id='word_1_420' title='bbox 1570 5125 1602 5195; x_wconf 82' lang='grc' dir='ltr'>ἦ</span> <span class='ocrx_word' id='word_1_421' title='bbox 1644 5120 1918 5209; x_wconf 77' lang='grc' dir='ltr'>ἔγγραφός</span> <span class='ocrx_word' id='word_1_422' title='bbox 1948 5120 2094 5172; x_wconf 82' lang='grc' dir='ltr'>ἐστιν</span> 
     </span>
    </p>
   </div>
   <div class='ocr_carea' id='block_1_65' title="bbox 516 5208 2092 5303">
    <p class='ocr_par' dir='ltr' id='par_1_65' title="bbox 516 5208 2092 5303">
     <span class='ocr_line' id='line_1_65' title="bbox 516 5208 2092 5303; baseline -0.039 1"><span class='ocrx_word' id='word_1_423' title='bbox 516 5233 550 5303; x_wconf 76' lang='grc' dir='ltr'><strong>ἦ</strong></span> <span class='ocrx_word' id='word_1_424' title='bbox 589 5232 859 5302; x_wconf 79' lang='grc' dir='ltr'>ἄγραφος,</span> <span class='ocrx_word' id='word_1_425' title='bbox 891 5208 1035 5279; x_wconf 77' lang='grc' dir='ltr'>οὕτω</span> <span class='ocrx_word' id='word_1_426' title='bbox 1073 5224 1168 5277; x_wconf 71' lang='grc' dir='ltr'><strong>καὶ</strong></span> <span class='ocrx_word' id='word_1_427' title='bbox 1201 5224 1234 5288; x_wconf 85' lang='grc' dir='ltr'><strong>ἡ</strong></span> <span class='ocrx_word' id='word_1_428' title='bbox 1274 5219 1560 5288; x_wconf 83' lang='grc' dir='ltr'>ἀναίρεσις</span> <span class='ocrx_word' id='word_1_429' title='bbox 1598 5211 1786 5277; x_wconf 78' lang='grc' dir='ltr'>αὑτοῦ,</span> <span class='ocrx_word' id='word_1_430' title='bbox 1816 5209 1850 5303; x_wconf 54' lang='grc' dir='ltr'>ᾖ</span> <span class='ocrx_word' id='word_1_431' title='bbox 1880 5208 1972 5303; x_wconf 45' lang='lat' dir='ltr'><strong>ei:</strong></span> <span class='ocrx_word' id='word_1_432' title='bbox 1998 5209 2092 5273; x_wconf 72' lang='grc' dir='ltr'>ἐγ..</span> 
     </span>
    </p>
   </div>
   <div class='ocr_carea' id='block_1_66' title="bbox 522 5297 2097 5397">
    <p class='ocr_par' dir='ltr' id='par_1_66' title="bbox 522 5297 2097 5397">
     <span class='ocr_line' id='line_1_66' title="bbox 522 5297 2097 5397; baseline -0.019 -20"><span class='ocrx_word' id='word_1_433' title='bbox 522 5297 975 5394; x_wconf 14' lang='grc' dir='ltr'>γράςρουῗγίνεται</span> <span class='ocrx_word' id='word_1_434' title='bbox 1013 5317 1202 5385; x_wconf 86' lang='grc' dir='ltr'>νόμου,</span> <span class='ocrx_word' id='word_1_435' title='bbox 1256 5312 1288 5381; x_wconf 82' lang='grc' dir='ltr'><strong>ἢ</strong></span> <span class='ocrx_word' id='word_1_436' title='bbox 1333 5309 1399 5362; x_wconf 85' lang='grc' dir='ltr'>δι’</span> <span class='ocrx_word' id='word_1_437' title='bbox 1429 5306 1698 5377; x_wconf 71' lang='grc' dir='ltr'>ἀγράφου,</span> <span class='ocrx_word' id='word_1_438' title='bbox 1749 5300 1894 5397; x_wconf 79' lang='grc' dir='ltr'>τοῦτ’</span> <span class='ocrx_word' id='word_1_439' title='bbox 1921 5297 2097 5397; x_wconf 38' lang='grc' dir='ltr'>,ἐστὶν</span> 
     </span>
    </p>
   </div>
   <div class='ocr_carea' id='block_1_67' title="bbox 518 5388 2096 5485">
    <p class='ocr_par' dir='ltr' id='par_1_67' title="bbox 518 5388 2096 5485">
     <span class='ocr_line' id='line_1_67' title="bbox 518 5388 2096 5485; baseline -0.02 -16"><span class='ocrx_word' id='word_1_440' title='bbox 518 5388 608 5469; x_wconf 48' lang='lat' dir='ltr'><strong>(ita:</strong></span> <span class='ocrx_word' id='word_1_441' title='bbox 638 5388 736 5485; x_wconf 77' lang='grc' dir='ltr'>τῆς</span> <span class='ocrx_word' id='word_1_442' title='bbox 761 5409 1084 5484; x_wconf 82' lang='grc' dir='ltr'>ἀχρηστίας.</span> <span class='ocrx_word' id='word_1_443' title='bbox 1145 5403 1442 5474; x_wconf 81' lang='grc' dir='ltr'>Ἀχρηστία</span> <span class='ocrx_word' id='word_1_444' title='bbox 1494 5397 1551 5450; x_wconf 81' lang='grc' dir='ltr'><strong>δέ</strong></span> <span class='ocrx_word' id='word_1_445' title='bbox 1586 5397 1721 5458; x_wconf 77' lang='grc' dir='ltr'>ἐστι,</span> <span class='ocrx_word' id='word_1_446' title='bbox 1761 5391 1858 5485; x_wconf 61' lang='grc' dir='ltr'><strong>ούχ</strong></span> <span class='ocrx_word' id='word_1_447' title='bbox 1910 5388 2096 5485; x_wconf 46' lang='lat' dir='ltr'><strong>citati-t1);</strong></span> 
     </span>
    </p>
   </div>
   <div class='ocr_carea' id='block_1_68' title="bbox 495 5479 2098 5577">
    <p class='ocr_par' dir='ltr' id='par_1_68' title="bbox 495 5479 2098 5577">
     <span class='ocr_line' id='line_1_68' title="bbox 495 5479 2098 5577; baseline -0.021 -17"><span class='ocrx_word' id='word_1_448' title='bbox 495 5506 580 5558; x_wconf 74' lang='grc' dir='ltr'><strong>’τὸ</strong></span> <span class='ocrx_word' id='word_1_449' title='bbox 611 5479 1026 5577; x_wconf 44' lang='grc' dir='ltr'>μὴ’χρησασθαι</span> <span class='ocrx_word' id='word_1_450' title='bbox 1046 5498 1123 5568; x_wconf 82' lang='grc' dir='ltr'><strong>τῷ</strong></span> <span class='ocrx_word' id='word_1_451' title='bbox 1151 5495 1320 5565; x_wconf 74' lang='grc' dir='ltr'>νόμῳο</span> <span class='ocrx_word' id='word_1_452' title='bbox 1357 5491 1490 5545; x_wconf 81' lang='grc' dir='ltr'>ἀλλὰ</span> <span class='ocrx_word' id='word_1_453' title='bbox 1514 5487 1593 5552; x_wconf 78' lang='grc' dir='ltr'><strong>τὸ,</strong></span> <span class='ocrx_word' id='word_1_454' title='bbox 1633 5480 1836 5577; x_wconf 43' lang='grc' dir='ltr'>καιρούέ</span> <span class='ocrx_word' id='word_1_455' title='bbox 1870 5479 2098 5577; x_wconf 32' lang='grc' dir='ltr'>’καλοῠπῗ</span> 
     </span>
    </p>
   </div>
   <div class='ocr_carea' id='block_1_69' title="bbox 518 5568 2098 5665">
    <p class='ocr_par' dir='ltr' id='par_1_69' title="bbox 518 5568 2098 5665">
     <span class='ocr_line' id='line_1_69' title="bbox 518 5568 2098 5665; baseline -0.021 -13"><span class='ocrx_word' id='word_1_456' title='bbox 518 5568 623 5660; x_wconf 45' lang='grc' dir='ltr'>τος.</span> <span class='ocrx_word' id='word_1_457' title='bbox 664 5568 1025 5665; x_wconf 40' lang='grc' dir='ltr'>τὸν-δημόσια</span> <span class='ocrx_word' id='word_1_458' title='bbox 1053 5589 1330 5660; x_wconf 86' lang='grc' dir='ltr'>κρίνοντα,</span> <span class='ocrx_word' id='word_1_459' title='bbox 1381 5581 1553 5649; x_wconf 83' lang='grc' dir='ltr'>τούτῳ</span> <span class='ocrx_word' id='word_1_460' title='bbox 1592 5576 1689 5646; x_wconf 78' lang='grc' dir='ltr'>μὲν</span> <span class='ocrx_word' id='word_1_461' title='bbox 1719 5571 1978 5665; x_wconf 83' lang='grc' dir='ltr'>πολλάκις</span> 
     </span>
    </p>
   </div>
   <div class='ocr_carea' id='block_1_70' title="bbox 520 5660 2100 5757">
    <p class='ocr_par' dir='ltr' id='par_1_70' title="bbox 520 5660 2100 5757">
     <span class='ocr_line' id='line_1_70' title="bbox 520 5660 2100 5757; baseline -0.019 -16"><span class='ocrx_word' id='word_1_462' title='bbox 520 5689 671 5757; x_wconf 80' lang='grc' dir='ltr'>νόμῳ</span> <span class='ocrx_word' id='word_1_463' title='bbox 703 5687 775 5757; x_wconf 82' lang='grc' dir='ltr'>μὴ</span> <span class='ocrx_word' id='word_1_464' title='bbox 800 5660 1108 5756; x_wconf 71' lang='grc' dir='ltr'>χρήσασθαι</span> <span class='ocrx_word' id='word_1_465' title='bbox 1156 5679 1251 5733; x_wconf 73' lang='grc' dir='ltr'><strong>καὶ</strong></span> <span class='ocrx_word' id='word_1_466' title='bbox 1279 5674 1456 5746; x_wconf 82' lang='grc' dir='ltr'>χρόνῳ</span> <span class='ocrx_word' id='word_1_467' title='bbox 1489 5668 1753 5740; x_wconf 73' lang='grc' dir='ltr'>παριδεῖνο</span> <span class='ocrx_word' id='word_1_468' title='bbox 1811 5663 2003 5733; x_wconf 76' lang='grc' dir='ltr'>ἑτέραν</span> <span class='ocrx_word' id='word_1_469' title='bbox 2044 5660 2100 5712; x_wconf 82' lang='grc' dir='ltr'>δὲ</span> 
     </span>
    </p>
   </div>
   <div class='ocr_carea' id='block_1_71' title="bbox 520 5767 1432 5848">
    <p class='ocr_par' dir='ltr' id='par_1_71' title="bbox 520 5767 1432 5848">
     <span class='ocr_line' id='line_1_71' title="bbox 520 5767 1432 5848; baseline -0.023 -14"><span class='ocrx_word' id='word_1_470' title='bbox 520 5778 702 5848; x_wconf 75' lang='grc' dir='ltr'>ψῆφον</span> <span class='ocrx_word' id='word_1_471' title='bbox 733 5777 852 5831; x_wconf 76' lang='grc' dir='ltr'>ἀντὶ</span> <span class='ocrx_word' id='word_1_472' title='bbox 887 5772 1077 5826; x_wconf 85' lang='grc' dir='ltr'>τούτου</span> <span class='ocrx_word' id='word_1_473' title='bbox 1108 5767 1432 5834; x_wconf 74' lang='grc' dir='ltr'>ἐξενεγκεῖν.</span> 
     </span>
    </p>
   </div>
   <div class='ocr_carea' id='block_1_72' title="bbox 2187 1852 3752 1922">
    <p class='ocr_par' dir='ltr' id='par_1_72' title="bbox 2187 1852 3752 1922">
     <span class='ocr_line' id='line_1_72' title="bbox 2187 1852 3752 1922; baseline 0 -16"><span class='ocrx_word' id='word_1_474' title='bbox 2187 1855 2509 1922; x_wconf 69' lang='lat' dir='ltr'><strong>prmdicetur</strong></span> <span class='ocrx_word' id='word_1_475' title='bbox 2538 1870 2551 1906; x_wconf 90' lang='lat'><strong>:</strong></span> <span class='ocrx_word' id='word_1_476' title='bbox 2589 1863 2697 1906; x_wconf 90' lang='lat' dir='ltr'><strong>tam</strong></span> <span class='ocrx_word' id='word_1_477' title='bbox 2733 1853 2783 1906; x_wconf 91' lang='lat' dir='ltr'><strong>in</strong></span> <span class='ocrx_word' id='word_1_478' title='bbox 2817 1854 2882 1907; x_wconf 89' lang='lat' dir='ltr'><strong>iis</strong></span> <span class='ocrx_word' id='word_1_479' title='bbox 2911 1868 3032 1922; x_wconf 65' lang='lat' dir='ltr'><strong>quae</strong></span> <span class='ocrx_word' id='word_1_480' title='bbox 3057 1853 3122 1908; x_wconf 88' lang='lat' dir='ltr'><strong>de</strong></span> <span class='ocrx_word' id='word_1_481' title='bbox 3154 1852 3196 1906; x_wconf 94' lang='lat' dir='ltr'>T</span> <span class='ocrx_word' id='word_1_482' title='bbox 3217 1853 3438 1907; x_wconf 89' lang='lat' dir='ltr'><strong>rinitate</strong></span> <span class='ocrx_word' id='word_1_483' title='bbox 3460 1853 3752 1908; x_wconf 83' lang='lat' dir='ltr'><strong>constituta</strong></span> 
     </span>
    </p>
   </div>
   <div class='ocr_carea' id='block_1_73' title="bbox 2186 1933 3752 2011">
    <p class='ocr_par' dir='ltr' id='par_1_73' title="bbox 2186 1933 3752 2011">
     <span class='ocr_line' id='line_1_73' title="bbox 2186 1933 3752 2011; baseline -0.002 -13"><span class='ocrx_word' id='word_1_484' title='bbox 2186 1954 2333 2006; x_wconf 86' lang='lat' dir='ltr'><strong>sunt,</strong></span> <span class='ocrx_word' id='word_1_485' title='bbox 2355 1943 2584 2011; x_wconf 83' lang='lat' dir='ltr'><strong>quamin</strong></span> <span class='ocrx_word' id='word_1_486' title='bbox 2607 1943 2672 1997; x_wconf 90' lang='lat' dir='ltr'><strong>iis</strong></span> <span class='ocrx_word' id='word_1_487' title='bbox 2701 1957 2819 2011; x_wconf 70' lang='lat' dir='ltr'><strong>qua:</strong></span> <span class='ocrx_word' id='word_1_488' title='bbox 2853 1933 2916 1996; x_wconf 85' lang='lat' dir='ltr'><strong>de</strong></span> <span class='ocrx_word' id='word_1_489' title='bbox 2942 1943 3311 1997; x_wconf 86' lang='lat' dir='ltr'><strong>incarnatione</strong></span> <span class='ocrx_word' id='word_1_490' title='bbox 3349 1943 3558 1998; x_wconf 87' lang='lat' dir='ltr'><strong>Domini</strong></span> <span class='ocrx_word' id='word_1_491' title='bbox 3581 1945 3752 1997; x_wconf 79' lang='lat' dir='ltr'><strong>nostri</strong></span> 
     </span>
    </p>
   </div>
   <div class='ocr_carea' id='block_1_74' title="bbox 2183 2027 3750 2097">
    <p class='ocr_par' dir='ltr' id='par_1_74' title="bbox 2183 2027 3750 2097">
     <span class='ocr_line' id='line_1_74' title="bbox 2183 2027 3750 2097; baseline -0.001 -15"><span class='ocrx_word' id='word_1_492' title='bbox 2183 2028 2309 2083; x_wconf 86' lang='lat' dir='ltr'><strong>Jcsn</strong></span> <span class='ocrx_word' id='word_1_493' title='bbox 2340 2027 2540 2082; x_wconf 80' lang='lat' dir='ltr'><strong>Christi</strong></span> <span class='ocrx_word' id='word_1_494' title='bbox 2567 2043 2730 2097; x_wconf 84' lang='lat' dir='ltr'><strong>quam</strong></span> <span class='ocrx_word' id='word_1_495' title='bbox 2761 2029 3069 2084; x_wconf 87' lang='lat' dir='ltr'><strong>certissime</strong></span> <span class='ocrx_word' id='word_1_496' title='bbox 3099 2029 3314 2084; x_wconf 85' lang='lat' dir='ltr'><strong>definita</strong></span> <span class='ocrx_word' id='word_1_497' title='bbox 3345 2041 3490 2096; x_wconf 90' lang='lat' dir='ltr'><strong>sunt,</strong></span> <span class='ocrx_word' id='word_1_498' title='bbox 3521 2032 3624 2086; x_wconf 90' lang='lat' dir='ltr'><strong>hoc</strong></span> <span class='ocrx_word' id='word_1_499' title='bbox 3644 2043 3750 2094; x_wconf 77' lang='grc' dir='ltr'>εει,</span> 
     </span>
    </p>
   </div>
   <div class='ocr_carea' id='block_1_75' title="bbox 2184 2119 3751 2184">
    <p class='ocr_par' dir='ltr' id='par_1_75' title="bbox 2184 2119 3751 2184">
     <span class='ocr_line' id='line_1_75' title="bbox 2184 2119 3751 2184; baseline 0.001 -11"><span class='ocrx_word' id='word_1_500' title='bbox 2184 2120 2251 2174; x_wconf 90' lang='lat' dir='ltr'><strong>de</strong></span> <span class='ocrx_word' id='word_1_501' title='bbox 2282 2135 2385 2174; x_wconf 91' lang='lat' dir='ltr'><strong>una</strong></span> <span class='ocrx_word' id='word_1_502' title='bbox 2437 2120 2670 2175; x_wconf 88' lang='lat' dir='ltr'><strong>essentia</strong></span> <span class='ocrx_word' id='word_1_503' title='bbox 2717 2119 3064 2174; x_wconf 89' lang='lat' dir='ltr'><strong>subsistentis</strong></span> <span class='ocrx_word' id='word_1_504' title='bbox 3107 2119 3159 2174; x_wconf 90' lang='lat' dir='ltr'><strong>in</strong></span> <span class='ocrx_word' id='word_1_505' title='bbox 3218 2121 3388 2176; x_wconf 89' lang='lat' dir='ltr'><strong>tribus</strong></span> <span class='ocrx_word' id='word_1_506' title='bbox 3431 2122 3751 2184; x_wconf 70' lang='lat' dir='ltr'><strong>divinitatis,</strong></span> 
     </span>
    </p>
   </div>
   <div class='ocr_carea' id='block_1_76' title="bbox 2186 2211 3754 2281">
    <p class='ocr_par' dir='ltr' id='par_1_76' title="bbox 2186 2211 3754 2281">
     <span class='ocr_line' id='line_1_76' title="bbox 2186 2211 3754 2281; baseline 0.002 -17"><span class='ocrx_word' id='word_1_507' title='bbox 2186 2212 2531 2266; x_wconf 83' lang='lat' dir='ltr'><strong>insecabilem</strong></span> <span class='ocrx_word' id='word_1_508' title='bbox 2567 2220 2622 2265; x_wconf 90' lang='lat' dir='ltr'><strong>et</strong></span> <span class='ocrx_word' id='word_1_509' title='bbox 2654 2211 2935 2265; x_wconf 89' lang='lat' dir='ltr'><strong>indivisam</strong></span> <span class='ocrx_word' id='word_1_510' title='bbox 2969 2226 3088 2266; x_wconf 89' lang='lat' dir='ltr'><strong>eam</strong></span> <span class='ocrx_word' id='word_1_511' title='bbox 3124 2211 3448 2281; x_wconf 80' lang='lat' dir='ltr'><strong>proﬁtendo,</strong></span> <span class='ocrx_word' id='word_1_512' title='bbox 3481 2215 3616 2268; x_wconf 88' lang='lat' dir='ltr'><strong>etin</strong></span> <span class='ocrx_word' id='word_1_513' title='bbox 3647 2231 3754 2268; x_wconf 87' lang='lat' dir='ltr'><strong>uno</strong></span> 
     </span>
    </p>
   </div>
   <div class='ocr_carea' id='block_1_77' title="bbox 2183 2303 3750 2378">
    <p class='ocr_par' dir='ltr' id='par_1_77' title="bbox 2183 2303 3750 2378">
     <span class='ocr_line' id='line_1_77' title="bbox 2183 2303 3750 2378; baseline 0.001 -19"><span class='ocrx_word' id='word_1_514' title='bbox 2183 2303 2402 2359; x_wconf 84' lang='lat' dir='ltr'><strong>Christo</strong></span> <span class='ocrx_word' id='word_1_515' title='bbox 2437 2307 2662 2359; x_wconf 88' lang='lat' dir='ltr'><strong>duarum</strong></span> <span class='ocrx_word' id='word_1_516' title='bbox 2694 2315 3011 2360; x_wconf 86' lang='lat' dir='ltr'><strong>naturarum</strong></span> <span class='ocrx_word' id='word_1_517' title='bbox 3057 2307 3312 2372; x_wconf 86' lang='lat' dir='ltr'><strong>unionem</strong></span> <span class='ocrx_word' id='word_1_518' title='bbox 3360 2307 3750 2378; x_wconf 80' lang='lat' dir='ltr'><strong>hypostaticam</strong></span> 
     </span>
    </p>
   </div>
   <div class='ocr_carea' id='block_1_78' title="bbox 2183 2392 3756 2458">
    <p class='ocr_par' dir='ltr' id='par_1_78' title="bbox 2183 2392 3756 2458">
     <span class='ocr_line' id='line_1_78' title="bbox 2183 2392 3756 2458; baseline 0.001 -12"><span class='ocrx_word' id='word_1_519' title='bbox 2183 2394 2438 2447; x_wconf 88' lang='lat' dir='ltr'><strong>similiter</strong></span> <span class='ocrx_word' id='word_1_520' title='bbox 2481 2392 2822 2448; x_wconf 83' lang='lat' dir='ltr'><strong>inconfusatn</strong></span> <span class='ocrx_word' id='word_1_521' title='bbox 2867 2402 2922 2448; x_wconf 91' lang='lat' dir='ltr'><strong>et</strong></span> <span class='ocrx_word' id='word_1_522' title='bbox 2967 2395 3372 2458; x_wconf 88' lang='lat' dir='ltr'><strong>indivisibilem,</strong></span> <span class='ocrx_word' id='word_1_523' title='bbox 3419 2396 3668 2450; x_wconf 86' lang='lat' dir='ltr'><strong>eumdem</strong></span> <span class='ocrx_word' id='word_1_524' title='bbox 3702 2405 3756 2449; x_wconf 87' lang='lat' dir='ltr'><strong>et</strong></span> 
     </span>
    </p>
   </div>
   <div class='ocr_carea' id='block_1_79' title="bbox 2184 2487 3755 2556">
    <p class='ocr_par' dir='ltr' id='par_1_79' title="bbox 2184 2487 3755 2556">
     <span class='ocr_line' id='line_1_79' title="bbox 2184 2487 3755 2556; baseline 0.003 -21"><span class='ocrx_word' id='word_1_525' title='bbox 2184 2501 2366 2540; x_wconf 79' lang='lat' dir='ltr'><strong>verum</strong></span> <span class='ocrx_word' id='word_1_526' title='bbox 2406 2487 2571 2539; x_wconf 91' lang='lat' dir='ltr'><strong>Deum</strong></span> <span class='ocrx_word' id='word_1_527' title='bbox 2608 2495 2662 2540; x_wconf 91' lang='lat' dir='ltr'><strong>et</strong></span> <span class='ocrx_word' id='word_1_528' title='bbox 2712 2501 2899 2540; x_wconf 84' lang='lat' dir='ltr'><strong>verum</strong></span> <span class='ocrx_word' id='word_1_529' title='bbox 2951 2487 3251 2551; x_wconf 84' lang='lat' dir='ltr'><strong>hominem,</strong></span> <span class='ocrx_word' id='word_1_530' title='bbox 3296 2496 3352 2542; x_wconf 84' lang='lat' dir='ltr'><strong>et</strong></span> <span class='ocrx_word' id='word_1_531' title='bbox 3401 2502 3755 2556; x_wconf 69' lang='lat' dir='ltr'><strong>quaecumque</strong></span> 
     </span>
    </p>
   </div>
   <div class='ocr_carea' id='block_1_80' title="bbox 2183 2576 3750 2647">
    <p class='ocr_par' dir='ltr' id='par_1_80' title="bbox 2183 2576 3750 2647">
     <span class='ocr_line' id='line_1_80' title="bbox 2183 2576 3750 2647; baseline 0.001 -18"><span class='ocrx_word' id='word_1_532' title='bbox 2183 2577 2264 2630; x_wconf 87' lang='lat' dir='ltr'><strong>his</strong></span> <span class='ocrx_word' id='word_1_533' title='bbox 2293 2577 2682 2644; x_wconf 83' lang='lat' dir='ltr'><strong>consequentia</strong></span> <span class='ocrx_word' id='word_1_534' title='bbox 2704 2584 2851 2639; x_wconf 90' lang='lat' dir='ltr'><strong>sunt,</strong></span> <span class='ocrx_word' id='word_1_535' title='bbox 2877 2576 3020 2630; x_wconf 85' lang='lat' dir='ltr'><strong>velut</strong></span> <span class='ocrx_word' id='word_1_536' title='bbox 3047 2577 3394 2647; x_wconf 90' lang='lat' dir='ltr'><strong>impatibilem</strong></span> <span class='ocrx_word' id='word_1_537' title='bbox 3427 2585 3482 2633; x_wconf 87' lang='lat' dir='ltr'><strong>et</strong></span> <span class='ocrx_word' id='word_1_538' title='bbox 3514 2579 3750 2647; x_wconf 86' lang='lat' dir='ltr'><strong>passioni</strong></span> 
     </span>
    </p>
   </div>
   <div class='ocr_carea' id='block_1_81' title="bbox 2182 2667 3752 2740">
    <p class='ocr_par' dir='ltr' id='par_1_81' title="bbox 2182 2667 3752 2740">
     <span class='ocr_line' id='line_1_81' title="bbox 2182 2667 3752 2740; baseline -0.002 -17"><span class='ocrx_word' id='word_1_539' title='bbox 2182 2670 2505 2736; x_wconf 75' lang='lat' dir='ltr'><strong>subjectum,</strong></span> <span class='ocrx_word' id='word_1_540' title='bbox 2534 2667 2994 2736; x_wconf 86' lang='lat' dir='ltr'><strong>incorruptibilem</strong></span> <span class='ocrx_word' id='word_1_541' title='bbox 3016 2678 3068 2724; x_wconf 91' lang='lat' dir='ltr'><strong>et</strong></span> <span class='ocrx_word' id='word_1_542' title='bbox 3092 2670 3423 2740; x_wconf 88' lang='lat' dir='ltr'><strong>corruptioni</strong></span> <span class='ocrx_word' id='word_1_543' title='bbox 3439 2671 3752 2735; x_wconf 78' lang='lat' dir='ltr'><strong>obnoxium,</strong></span> 
     </span>
    </p>
   </div>
   <div class='ocr_carea' id='block_1_82' title="bbox 2183 2759 3754 2824">
    <p class='ocr_par' dir='ltr' id='par_1_82' title="bbox 2183 2759 3754 2824">
     <span class='ocr_line' id='line_1_82' title="bbox 2183 2759 3754 2824; baseline -0.001 -8"><span class='ocrx_word' id='word_1_544' title='bbox 2183 2761 2505 2816; x_wconf 83' lang='lat' dir='ltr'><strong>invisibilem</strong></span> <span class='ocrx_word' id='word_1_545' title='bbox 2551 2769 2607 2815; x_wconf 91' lang='lat' dir='ltr'><strong>et</strong></span> <span class='ocrx_word' id='word_1_546' title='bbox 2648 2759 2944 2824; x_wconf 83' lang='lat' dir='ltr'><strong>visibilem,</strong></span> <span class='ocrx_word' id='word_1_547' title='bbox 2980 2761 3332 2815; x_wconf 82' lang='lat' dir='ltr'><strong>intactibilem</strong></span> <span class='ocrx_word' id='word_1_548' title='bbox 3368 2770 3423 2816; x_wconf 90' lang='lat' dir='ltr'><strong>et</strong></span> <span class='ocrx_word' id='word_1_549' title='bbox 3465 2762 3628 2816; x_wconf 78' lang='lat' dir='ltr'><strong>lactei</strong></span> <span class='ocrx_word' id='word_1_550' title='bbox 3660 2775 3754 2815; x_wconf 72' lang='grc' dir='ltr'><strong>εχσ-</strong></span> 
     </span>
    </p>
   </div>
   <div class='ocr_carea' id='block_1_83' title="bbox 2183 2849 3753 2921">
    <p class='ocr_par' dir='ltr' id='par_1_83' title="bbox 2183 2849 3753 2921">
     <span class='ocr_line' id='line_1_83' title="bbox 2183 2849 3753 2921; baseline -0.001 -17"><span class='ocrx_word' id='word_1_551' title='bbox 2183 2853 2438 2921; x_wconf 75' lang='lat' dir='ltr'><strong>pusitutn,</strong></span> <span class='ocrx_word' id='word_1_552' title='bbox 2467 2851 2999 2919; x_wconf 84' lang='lat' dir='ltr'><strong>incircumscriptum</strong></span> <span class='ocrx_word' id='word_1_553' title='bbox 3019 2859 3074 2906; x_wconf 91' lang='lat' dir='ltr'><strong>et</strong></span> <span class='ocrx_word' id='word_1_554' title='bbox 3095 2849 3568 2920; x_wconf 89' lang='lat' dir='ltr'><strong>circumscriptum</strong></span> <span class='ocrx_word' id='word_1_555' title='bbox 3590 2850 3753 2908; x_wconf 76' lang='lat' dir='ltr'><strong>:_,item</strong></span> 
     </span>
    </p>
   </div>
   <div class='ocr_carea' id='block_1_84' title="bbox 2183 2941 3753 3011">
    <p class='ocr_par' dir='ltr' id='par_1_84' title="bbox 2183 2941 3753 3011">
     <span class='ocr_line' id='line_1_84' title="bbox 2183 2941 3753 3011; baseline -0.001 -15"><span class='ocrx_word' id='word_1_556' title='bbox 2183 2943 2487 2998; x_wconf 80' lang='lat' dir='ltr'><strong>\‘nluntates</strong></span> <span class='ocrx_word' id='word_1_557' title='bbox 2535 2941 2916 3010; x_wconf 88' lang='lat' dir='ltr'><strong>potentiasqtte</strong></span> <span class='ocrx_word' id='word_1_558' title='bbox 2966 2941 3210 3011; x_wconf 86' lang='lat' dir='ltr'><strong>duplices</strong></span> <span class='ocrx_word' id='word_1_559' title='bbox 3261 2941 3400 2996; x_wconf 88' lang='lat' dir='ltr'><strong>citra</strong></span> <span class='ocrx_word' id='word_1_560' title='bbox 3451 2941 3753 2998; x_wconf 83' lang='lat' dir='ltr'><strong>contrarie-</strong></span> 
     </span>
    </p>
   </div>
   <div class='ocr_carea' id='block_1_85' title="bbox 2183 3030 3153 3088">
    <p class='ocr_par' dir='ltr' id='par_1_85' title="bbox 2183 3030 3153 3088">
     <span class='ocr_line' id='line_1_85' title="bbox 2183 3030 3153 3088; baseline -0.007 -1"><span class='ocrx_word' id='word_1_561' title='bbox 2183 3042 2367 3088; x_wconf 80' lang='lat' dir='ltr'><strong>tatem.</strong></span> <span class='ocrx_word' id='word_1_562' title='bbox 3131 3030 3153 3053; x_wconf 80' lang='grc'><strong><em>⁸</em></strong></span> 
     </span>
    </p>
   </div>
   <div class='ocr_carea' id='block_1_86' title="bbox 2258 3121 3753 3194">
    <p class='ocr_par' dir='ltr' id='par_1_86' title="bbox 2258 3121 3753 3194">
     <span class='ocr_line' id='line_1_86' title="bbox 2258 3121 3753 3194; baseline -0.001 -17"><span class='ocrx_word' id='word_1_563' title='bbox 2258 3124 2308 3177; x_wconf 87' lang='lat'><strong>6.</strong></span> <span class='ocrx_word' id='word_1_564' title='bbox 2354 3124 2446 3194; x_wconf 89' lang='lat' dir='ltr'><strong>(D.</strong></span> <span class='ocrx_word' id='word_1_565' title='bbox 2477 3139 2552 3188; x_wconf 85' lang='grc' dir='ltr'>ιιι,</span> <span class='ocrx_word' id='word_1_566' title='bbox 2579 3139 2653 3188; x_wconf 84' lang='grc' dir='ltr'>ιιι,</span> <span class='ocrx_word' id='word_1_567' title='bbox 2687 3134 2741 3180; x_wconf 89' lang='lat' dir='ltr'><strong>et</strong></span> <span class='ocrx_word' id='word_1_568' title='bbox 2787 3137 2885 3178; x_wconf 76' lang='grc' dir='ltr'>ιιιι.</span> <span class='ocrx_word' id='word_1_569' title='bbox 2920 3122 2981 3176; x_wconf 91' lang='lat' dir='ltr'><strong>C.</strong></span> <span class='ocrx_word' id='word_1_570' title='bbox 3033 3125 3096 3176; x_wconf 83' lang='lat' dir='ltr'><strong>de</strong></span> <span class='ocrx_word' id='word_1_571' title='bbox 3134 3122 3313 3192; x_wconf 77' lang='lat' dir='ltr'><strong>lcgib.)</strong></span> <span class='ocrx_word' id='word_1_572' title='bbox 3350 3121 3478 3188; x_wconf 63' lang='lat' dir='ltr'><strong>Quae</strong></span> <span class='ocrx_word' id='word_1_573' title='bbox 3507 3123 3573 3178; x_wconf 88' lang='lat' dir='ltr'><strong>ab</strong></span> <span class='ocrx_word' id='word_1_574' title='bbox 3607 3123 3753 3176; x_wconf 86' lang='lat' dir='ltr'><strong>anti-</strong></span> 
     </span>
    </p>
   </div>
   <div class='ocr_carea' id='block_1_87' title="bbox 2188 3213 3753 3284">
    <p class='ocr_par' dir='ltr' id='par_1_87' title="bbox 2188 3213 3753 3284">
     <span class='ocr_line' id='line_1_87' title="bbox 2188 3213 3753 3284; baseline -0.001 -16"><span class='ocrx_word' id='word_1_575' title='bbox 2188 3216 2308 3284; x_wconf 89' lang='lat' dir='ltr'><strong>qttis</strong></span> <span class='ocrx_word' id='word_1_576' title='bbox 2344 3215 2635 3271; x_wconf 86' lang='lat' dir='ltr'><strong>constituta</strong></span> <span class='ocrx_word' id='word_1_577' title='bbox 2692 3223 2818 3270; x_wconf 89' lang='lat' dir='ltr'><strong>sunt</strong></span> <span class='ocrx_word' id='word_1_578' title='bbox 2845 3213 3143 3284; x_wconf 86' lang='lat' dir='ltr'><strong>principem</strong></span> <span class='ocrx_word' id='word_1_579' title='bbox 3197 3214 3543 3282; x_wconf 86' lang='lat' dir='ltr'><strong>interpretari</strong></span> <span class='ocrx_word' id='word_1_580' title='bbox 3578 3215 3753 3279; x_wconf 84' lang='lat' dir='ltr'><strong>decet,</strong></span> 
     </span>
    </p>
   </div>
   <div class='ocr_carea' id='block_1_88' title="bbox 2191 3304 3752 3380">
    <p class='ocr_par' dir='ltr' id='par_1_88' title="bbox 2191 3304 3752 3380">
     <span class='ocr_line' id='line_1_88' title="bbox 2191 3304 3752 3380; baseline -0.001 -20"><span class='ocrx_word' id='word_1_581' title='bbox 2191 3311 2248 3380; x_wconf 85' lang='grc' dir='ltr'><strong>(Ι.</strong></span> <span class='ocrx_word' id='word_1_582' title='bbox 2277 3325 2375 3374; x_wconf 80' lang='grc' dir='ltr'>χιι,</span> <span class='ocrx_word' id='word_1_583' title='bbox 2403 3308 2464 3376; x_wconf 79' lang='lat' dir='ltr'><strong>If.</strong></span> <span class='ocrx_word' id='word_1_584' title='bbox 2496 3307 2638 3377; x_wconf 80' lang='lat' dir='ltr'><strong>eod.)</strong></span> <span class='ocrx_word' id='word_1_585' title='bbox 2677 3317 2734 3362; x_wconf 91' lang='lat' dir='ltr'><strong>et</strong></span> <span class='ocrx_word' id='word_1_586' title='bbox 2763 3310 2828 3361; x_wconf 90' lang='lat' dir='ltr'><strong>de</strong></span> <span class='ocrx_word' id='word_1_587' title='bbox 2861 3306 2944 3360; x_wconf 91' lang='lat' dir='ltr'><strong>his</strong></span> <span class='ocrx_word' id='word_1_588' title='bbox 2971 3320 3090 3374; x_wconf 66' lang='lat' dir='ltr'><strong>quae</strong></span> <span class='ocrx_word' id='word_1_589' title='bbox 3123 3304 3329 3373; x_wconf 81' lang='lat' dir='ltr'><strong>legibus</strong></span> <span class='ocrx_word' id='word_1_590' title='bbox 3367 3307 3752 3376; x_wconf 89' lang='lat' dir='ltr'><strong>comprehensa</strong></span> 
     </span>
    </p>
   </div>
   <div class='ocr_carea' id='block_1_89' title="bbox 2191 3397 3165 3465">
    <p class='ocr_par' dir='ltr' id='par_1_89' title="bbox 2191 3397 3165 3465">
     <span class='ocr_line' id='line_1_89' title="bbox 2191 3397 3165 3465; baseline -0.003 -11"><span class='ocrx_word' id='word_1_591' title='bbox 2191 3418 2296 3454; x_wconf 84' lang='lat' dir='ltr'><strong>non</strong></span> <span class='ocrx_word' id='word_1_592' title='bbox 2325 3408 2472 3463; x_wconf 90' lang='lat' dir='ltr'><strong>sunt,</strong></span> <span class='ocrx_word' id='word_1_593' title='bbox 2506 3414 2571 3454; x_wconf 81' lang='lat' dir='ltr'><strong>ex</strong></span> <span class='ocrx_word' id='word_1_594' title='bbox 2601 3399 2869 3453; x_wconf 85' lang='lat' dir='ltr'><strong>similibus</strong></span> <span class='ocrx_word' id='word_1_595' title='bbox 2893 3397 3165 3465; x_wconf 85' lang='lat' dir='ltr'><strong>judicare.</strong></span> 
     </span>
    </p>
   </div>
   <div class='ocr_carea' id='block_1_90' title="bbox 2261 3489 3755 3563">
    <p class='ocr_par' dir='ltr' id='par_1_90' title="bbox 2261 3489 3755 3563">
     <span class='ocr_line' id='line_1_90' title="bbox 2261 3489 3755 3563; baseline -0.001 -19"><span class='ocrx_word' id='word_1_596' title='bbox 2261 3494 2310 3544; x_wconf 83' lang='lat'><strong>7.</strong></span> <span class='ocrx_word' id='word_1_597' title='bbox 2357 3493 2439 3563; x_wconf 88' lang='lat' dir='ltr'><strong>(L.</strong></span> <span class='ocrx_word' id='word_1_598' title='bbox 2485 3490 2718 3561; x_wconf 78' lang='lat' dir='ltr'><strong>xxxvtt.)</strong></span> <span class='ocrx_word' id='word_1_599' title='bbox 2768 3491 2824 3544; x_wconf 93' lang='lat' dir='ltr'><strong>lu</strong></span> <span class='ocrx_word' id='word_1_600' title='bbox 2873 3489 3080 3558; x_wconf 82' lang='lat' dir='ltr'><strong>legibus</strong></span> <span class='ocrx_word' id='word_1_601' title='bbox 3132 3490 3549 3559; x_wconf 87' lang='lat' dir='ltr'><strong>interpretandis</strong></span> <span class='ocrx_word' id='word_1_602' title='bbox 3584 3492 3755 3561; x_wconf 71' lang='lat' dir='ltr'><strong>inspi-</strong></span> 
     </span>
    </p>
   </div>
   <div class='ocr_carea' id='block_1_91' title="bbox 2189 3581 3756 3652">
    <p class='ocr_par' dir='ltr' id='par_1_91' title="bbox 2189 3581 3756 3652">
     <span class='ocr_line' id='line_1_91' title="bbox 2189 3581 3756 3652; baseline -0.003 -11"><span class='ocrx_word' id='word_1_603' title='bbox 2189 3584 2382 3641; x_wconf 88' lang='lat' dir='ltr'><strong>cienda</strong></span> <span class='ocrx_word' id='word_1_604' title='bbox 2410 3593 2493 3639; x_wconf 89' lang='lat' dir='ltr'><strong>est</strong></span> <span class='ocrx_word' id='word_1_605' title='bbox 2523 3583 2867 3638; x_wconf 88' lang='lat' dir='ltr'><strong>consuetudo</strong></span> <span class='ocrx_word' id='word_1_606' title='bbox 2895 3583 3157 3645; x_wconf 79' lang='lat' dir='ltr'><strong>civitatis,</strong></span> <span class='ocrx_word' id='word_1_607' title='bbox 3189 3581 3250 3650; x_wconf 87' lang='grc' dir='ltr'>(ι.</span> <span class='ocrx_word' id='word_1_608' title='bbox 3288 3597 3364 3635; x_wconf 66' lang='grc' dir='ltr'>χιι</span> <span class='ocrx_word' id='word_1_609' title='bbox 3384 3584 3422 3652; x_wconf 91' lang='grc'>.)</span> <span class='ocrx_word' id='word_1_610' title='bbox 3458 3584 3598 3651; x_wconf 81' lang='lat' dir='ltr'><strong>quod</strong></span> <span class='ocrx_word' id='word_1_611' title='bbox 3628 3598 3756 3637; x_wconf 88' lang='lat' dir='ltr'><strong>vero</strong></span> 
     </span>
    </p>
   </div>
   <div class='ocr_carea' id='block_1_92' title="bbox 2191 3675 3758 3744">
    <p class='ocr_par' dir='ltr' id='par_1_92' title="bbox 2191 3675 3758 3744">
     <span class='ocr_line' id='line_1_92' title="bbox 2191 3675 3758 3744; baseline -0.001 -13"><span class='ocrx_word' id='word_1_612' title='bbox 2191 3687 2377 3732; x_wconf 89' lang='lat' dir='ltr'><strong>contra</strong></span> <span class='ocrx_word' id='word_1_613' title='bbox 2427 3677 2692 3730; x_wconf 85' lang='lat' dir='ltr'><strong>rationem</strong></span> <span class='ocrx_word' id='word_1_614' title='bbox 2740 3675 2882 3744; x_wconf 87' lang='lat' dir='ltr'><strong>juris</strong></span> <span class='ocrx_word' id='word_1_615' title='bbox 2915 3675 3195 3730; x_wconf 84' lang='lat' dir='ltr'><strong>inductum</strong></span> <span class='ocrx_word' id='word_1_616' title='bbox 3238 3687 3344 3742; x_wconf 89' lang='lat' dir='ltr'><strong>est,</strong></span> <span class='ocrx_word' id='word_1_617' title='bbox 3390 3691 3495 3730; x_wconf 89' lang='lat' dir='ltr'><strong>non</strong></span> <span class='ocrx_word' id='word_1_618' title='bbox 3526 3676 3758 3732; x_wconf 88' lang='lat' dir='ltr'><strong>trahitur</strong></span> 
     </span>
    </p>
   </div>
   <div class='ocr_carea' id='block_1_93' title="bbox 2192 3751 2622 3836">
    <p class='ocr_par' dir='ltr' id='par_1_93' title="bbox 2192 3751 2622 3836">
     <span class='ocr_line' id='line_1_93' title="bbox 2192 3751 2622 3836; baseline 0 -16"><span class='ocrx_word' id='word_1_619' title='bbox 2192 3751 2266 3821; x_wconf 8' lang='lat' dir='ltr'><strong>ad]</strong></span> <span class='ocrx_word' id='word_1_620' title='bbox 2297 3767 2622 3836; x_wconf 80' lang='lat' dir='ltr'><strong>exemplum.</strong></span> 
     </span>
    </p>
   </div>
   <div class='ocr_carea' id='block_1_94' title="bbox 2189 3858 3756 3928">
    <p class='ocr_par' dir='ltr' id='par_1_94' title="bbox 2189 3858 3756 3928">
     <span class='ocr_line' id='line_1_94' title="bbox 2189 3858 3756 3928; baseline 0.005 -22"><span class='ocrx_word' id='word_1_621' title='bbox 2189 3891 2208 3906; x_wconf 87' lang='lat'><strong>.</strong></span> <span class='ocrx_word' id='word_1_622' title='bbox 2263 3861 2314 3914; x_wconf 90' lang='lat'><strong>8.</strong></span> <span class='ocrx_word' id='word_1_623' title='bbox 2343 3859 2428 3928; x_wconf 86' lang='lat' dir='ltr'><strong>(L.</strong></span> <span class='ocrx_word' id='word_1_624' title='bbox 2454 3875 2585 3912; x_wconf 76' lang='lat' dir='ltr'><strong>xvut</strong></span> <span class='ocrx_word' id='word_1_625' title='bbox 2614 3868 2668 3912; x_wconf 91' lang='lat' dir='ltr'><strong>et</strong></span> <span class='ocrx_word' id='word_1_626' title='bbox 2701 3874 2774 3913; x_wconf 76' lang='grc' dir='ltr'>ιιι.</span> <span class='ocrx_word' id='word_1_627' title='bbox 2811 3858 2872 3911; x_wconf 81' lang='lat' dir='ltr'><strong>C.</strong></span> <span class='ocrx_word' id='word_1_628' title='bbox 2904 3860 3045 3927; x_wconf 82' lang='lat' dir='ltr'><strong>eod.)</strong></span> <span class='ocrx_word' id='word_1_629' title='bbox 3075 3859 3366 3927; x_wconf 83' lang='lat' dir='ltr'><strong>Benignius</strong></span> <span class='ocrx_word' id='word_1_630' title='bbox 3397 3861 3756 3928; x_wconf 84' lang='lat' dir='ltr'><strong>interpretan-</strong></span> 
     </span>
    </p>
   </div>
   <div class='ocr_carea' id='block_1_95' title="bbox 2195 3948 3753 4018">
    <p class='ocr_par' dir='ltr' id='par_1_95' title="bbox 2195 3948 3753 4018">
     <span class='ocr_line' id='line_1_95' title="bbox 2195 3948 3753 4018; baseline -0.002 -12"><span class='ocrx_word' id='word_1_631' title='bbox 2195 3953 2274 4006; x_wconf 72' lang='lat' dir='ltr'><strong>tlre.</strong></span> <span class='ocrx_word' id='word_1_632' title='bbox 2300 3961 2429 4005; x_wconf 88' lang='lat' dir='ltr'><strong>sunt</strong></span> <span class='ocrx_word' id='word_1_633' title='bbox 2469 3951 2616 4018; x_wconf 81' lang='lat' dir='ltr'><strong>leges</strong></span> <span class='ocrx_word' id='word_1_634' title='bbox 2645 3966 2673 4004; x_wconf 89' lang='lat' dir='ltr'><strong>a</strong></span> <span class='ocrx_word' id='word_1_635' title='bbox 2707 3948 2975 4016; x_wconf 88' lang='lat' dir='ltr'><strong>principe,</strong></span> <span class='ocrx_word' id='word_1_636' title='bbox 3008 3948 3067 4018; x_wconf 87' lang='grc' dir='ltr'>(ι.</span> <span class='ocrx_word' id='word_1_637' title='bbox 3109 3964 3220 4013; x_wconf 60' lang='grc' dir='ltr'>σιν,</span> <span class='ocrx_word' id='word_1_638' title='bbox 3258 3965 3304 4002; x_wconf 87' lang='lat' dir='ltr'><strong>c.</strong></span> <span class='ocrx_word' id='word_1_639' title='bbox 3343 3949 3416 4002; x_wconf 86' lang='lat' dir='ltr'><strong>De</strong></span> <span class='ocrx_word' id='word_1_640' title='bbox 3438 3951 3753 4018; x_wconf 79' lang='lat' dir='ltr'><strong>ﬁdeicomm.</strong></span> 
     </span>
    </p>
   </div>
   <div class='ocr_carea' id='block_1_96' title="bbox 2194 4038 3752 4110">
    <p class='ocr_par' dir='ltr' id='par_1_96' title="bbox 2194 4038 3752 4110">
     <span class='ocr_line' id='line_1_96' title="bbox 2194 4038 3752 4110; baseline 0 -14"><span class='ocrx_word' id='word_1_641' title='bbox 2194 4046 2366 4097; x_wconf 78' lang='lat' dir='ltr'><strong>libert.</strong></span> <span class='ocrx_word' id='word_1_642' title='bbox 2413 4043 2450 4097; x_wconf 85' lang='grc' dir='ltr'>Ι.</span> <span class='ocrx_word' id='word_1_643' title='bbox 2484 4057 2598 4105; x_wconf 77' lang='lat' dir='ltr'><strong>Lt&#39;t,</strong></span> <span class='ocrx_word' id='word_1_644' title='bbox 2636 4049 2690 4095; x_wconf 88' lang='lat' dir='ltr'><strong>et</strong></span> <span class='ocrx_word' id='word_1_645' title='bbox 2721 4054 2946 4102; x_wconf 76' lang='lat' dir='ltr'><strong>(.vattt,</strong></span> <span class='ocrx_word' id='word_1_646' title='bbox 2980 4039 3041 4108; x_wconf 79' lang='grc' dir='ltr'><strong>ΙῙ.</strong></span> <span class='ocrx_word' id='word_1_647' title='bbox 3069 4038 3146 4092; x_wconf 83' lang='lat' dir='ltr'><strong>De</strong></span> <span class='ocrx_word' id='word_1_648' title='bbox 3191 4055 3296 4108; x_wconf 84' lang='lat' dir='ltr'><strong>reg.</strong></span> <span class='ocrx_word' id='word_1_649' title='bbox 3319 4040 3459 4110; x_wconf 88' lang='lat' dir='ltr'><strong>jur.)</strong></span> <span class='ocrx_word' id='word_1_650' title='bbox 3502 4042 3552 4095; x_wconf 89' lang='lat' dir='ltr'><strong>in</strong></span> <span class='ocrx_word' id='word_1_651' title='bbox 3588 4043 3752 4096; x_wconf 86' lang='lat' dir='ltr'><strong>ambi-</strong></span> 
     </span>
    </p>
   </div>
   <div class='ocr_carea' id='block_1_97' title="bbox 2194 4130 3755 4205">
    <p class='ocr_par' dir='ltr' id='par_1_97' title="bbox 2194 4130 3755 4205">
     <span class='ocr_line' id='line_1_97' title="bbox 2194 4130 3755 4205; baseline 0.001 -17"><span class='ocrx_word' id='word_1_652' title='bbox 2194 4136 2313 4205; x_wconf 89' lang='lat' dir='ltr'><strong>gnis</strong></span> <span class='ocrx_word' id='word_1_653' title='bbox 2346 4133 2491 4188; x_wconf 90' lang='lat' dir='ltr'><strong>enim</strong></span> <span class='ocrx_word' id='word_1_654' title='bbox 2542 4132 2836 4186; x_wconf 88' lang='lat' dir='ltr'><strong>humanior</strong></span> <span class='ocrx_word' id='word_1_655' title='bbox 2881 4130 3263 4199; x_wconf 87' lang='lat' dir='ltr'><strong>interpretatio</strong></span> <span class='ocrx_word' id='word_1_656' title='bbox 3302 4130 3614 4199; x_wconf 86' lang='lat' dir='ltr'><strong>accipienda</strong></span> <span class='ocrx_word' id='word_1_657' title='bbox 3651 4144 3755 4189; x_wconf 91' lang='lat' dir='ltr'><strong>est.</strong></span> 
     </span>
    </p>
   </div>
   <div class='ocr_carea' id='block_1_98' title="bbox 2265 4223 3756 4293">
    <p class='ocr_par' dir='ltr' id='par_1_98' title="bbox 2265 4223 3756 4293">
     <span class='ocr_line' id='line_1_98' title="bbox 2265 4223 3756 4293; baseline -0.003 -11"><span class='ocrx_word' id='word_1_658' title='bbox 2265 4228 2320 4282; x_wconf 87' lang='lat'><strong>9.</strong></span> <span class='ocrx_word' id='word_1_659' title='bbox 2367 4226 2586 4280; x_wconf 79' lang='lat' dir='ltr'><strong>Minime</strong></span> <span class='ocrx_word' id='word_1_660' title='bbox 2628 4233 2757 4278; x_wconf 90' lang='lat' dir='ltr'><strong>sunt</strong></span> <span class='ocrx_word' id='word_1_661' title='bbox 2787 4224 3064 4288; x_wconf 79' lang='lat' dir='ltr'><strong>mutanda,</strong></span> <span class='ocrx_word' id='word_1_662' title='bbox 3099 4237 3218 4293; x_wconf 63' lang='lat' dir='ltr'><strong>quae</strong></span> <span class='ocrx_word' id='word_1_663' title='bbox 3255 4223 3756 4290; x_wconf 84' lang='lat' dir='ltr'><strong>interpretationem</strong></span> 
     </span>
    </p>
   </div>
   <div class='ocr_carea' id='block_1_99' title="bbox 2195 4316 2888 4373">
    <p class='ocr_par' dir='ltr' id='par_1_99' title="bbox 2195 4316 2888 4373">
     <span class='ocr_line' id='line_1_99' title="bbox 2195 4316 2888 4373; baseline -0.016 0"><span class='ocrx_word' id='word_1_664' title='bbox 2195 4328 2396 4373; x_wconf 87' lang='lat' dir='ltr'><strong>certam</strong></span> <span class='ocrx_word' id='word_1_665' title='bbox 2427 4316 2649 4369; x_wconf 86' lang='lat' dir='ltr'><strong>habent.</strong></span> <span class='ocrx_word' id='word_1_666' title='bbox 2881 4329 2888 4336; x_wconf 85' lang='grc'><strong>·</strong></span> 
     </span>
    </p>
   </div>
   <div class='ocr_carea' id='block_1_100' title="bbox 2265 4401 3756 4476">
    <p class='ocr_par' dir='ltr' id='par_1_100' title="bbox 2265 4401 3756 4476">
     <span class='ocr_line' id='line_1_100' title="bbox 2265 4401 3756 4476; baseline -0.005 -13"><span class='ocrx_word' id='word_1_667' title='bbox 2265 4409 2354 4463; x_wconf 78' lang='grc'>10.</span> <span class='ocrx_word' id='word_1_668' title='bbox 2386 4405 2470 4476; x_wconf 79' lang='lat' dir='ltr'><strong>(L.</strong></span> <span class='ocrx_word' id='word_1_669' title='bbox 2522 4417 2680 4458; x_wconf 77' lang='lat' dir='ltr'><strong>xxm.</strong></span> <span class='ocrx_word' id='word_1_670' title='bbox 2731 4404 2791 4472; x_wconf 78' lang='lat' dir='ltr'><strong>If.</strong></span> <span class='ocrx_word' id='word_1_671' title='bbox 2846 4401 2927 4455; x_wconf 88' lang='lat' dir='ltr'><strong>Do</strong></span> <span class='ocrx_word' id='word_1_672' title='bbox 2971 4401 3125 4471; x_wconf 78' lang='lat' dir='ltr'><strong>legib.</strong></span> <span class='ocrx_word' id='word_1_673' title='bbox 3163 4401 3202 4454; x_wconf 83' lang='grc'>1.</span> <span class='ocrx_word' id='word_1_674' title='bbox 3235 4401 3433 4472; x_wconf 75' lang='lat' dir='ltr'><strong>um.)</strong></span> <span class='ocrx_word' id='word_1_675' title='bbox 3467 4403 3541 4456; x_wconf 91' lang='lat' dir='ltr'><strong>De</strong></span> <span class='ocrx_word' id='word_1_676' title='bbox 3565 4403 3756 4472; x_wconf 84' lang='lat' dir='ltr'><strong>quibus</strong></span> 
     </span>
    </p>
   </div>
   <div class='ocr_carea' id='block_1_101' title="bbox 2195 4489 3757 4567">
    <p class='ocr_par' dir='ltr' id='par_1_101' title="bbox 2195 4489 3757 4567">
     <span class='ocr_line' id='line_1_101' title="bbox 2195 4489 3757 4567; baseline -0.008 -14"><span class='ocrx_word' id='word_1_677' title='bbox 2195 4499 2396 4567; x_wconf 89' lang='lat' dir='ltr'><strong>scripta</strong></span> <span class='ocrx_word' id='word_1_678' title='bbox 2437 4496 2552 4564; x_wconf 85' lang='lat' dir='ltr'><strong>lege</strong></span> <span class='ocrx_word' id='word_1_679' title='bbox 2580 4493 2714 4547; x_wconf 91' lang='lat' dir='ltr'><strong>nihil</strong></span> <span class='ocrx_word' id='word_1_680' title='bbox 2753 4501 2974 4548; x_wconf 90' lang='lat' dir='ltr'><strong>cautum</strong></span> <span class='ocrx_word' id='word_1_681' title='bbox 3007 4499 3112 4556; x_wconf 90' lang='lat' dir='ltr'><strong>est,</strong></span> <span class='ocrx_word' id='word_1_682' title='bbox 3151 4491 3201 4544; x_wconf 91' lang='lat' dir='ltr'><strong>id</strong></span> <span class='ocrx_word' id='word_1_683' title='bbox 3234 4489 3494 4544; x_wconf 90' lang='lat' dir='ltr'><strong>custodiri</strong></span> <span class='ocrx_word' id='word_1_684' title='bbox 3527 4500 3757 4558; x_wconf 87' lang='lat' dir='ltr'><strong>oportet,</strong></span> 
     </span>
    </p>
   </div>
   <div class='ocr_carea' id='block_1_102' title="bbox 2193 4579 3745 4658">
    <p class='ocr_par' dir='ltr' id='par_1_102' title="bbox 2193 4579 3745 4658">
     <span class='ocr_line' id='line_1_102' title="bbox 2193 4579 3745 4658; baseline -0.006 -16"><span class='ocrx_word' id='word_1_685' title='bbox 2193 4589 2336 4658; x_wconf 89' lang='lat' dir='ltr'><strong>quod</strong></span> <span class='ocrx_word' id='word_1_686' title='bbox 2386 4587 2630 4641; x_wconf 89' lang='lat' dir='ltr'><strong>moribus</strong></span> <span class='ocrx_word' id='word_1_687' title='bbox 2677 4592 2731 4638; x_wconf 90' lang='lat' dir='ltr'><strong>et</strong></span> <span class='ocrx_word' id='word_1_688' title='bbox 2777 4581 3166 4638; x_wconf 87' lang='lat' dir='ltr'><strong>consuetudine</strong></span> <span class='ocrx_word' id='word_1_689' title='bbox 3220 4579 3587 4636; x_wconf 83' lang='lat' dir='ltr'><strong>introductum</strong></span> <span class='ocrx_word' id='word_1_690' title='bbox 3636 4591 3745 4645; x_wconf 88' lang='lat' dir='ltr'><strong>est,</strong></span> 
     </span>
    </p>
   </div>
   <div class='ocr_carea' id='block_1_103' title="bbox 2192 4673 3756 4749">
    <p class='ocr_par' dir='ltr' id='par_1_103' title="bbox 2192 4673 3756 4749">
     <span class='ocr_line' id='line_1_103' title="bbox 2192 4673 3756 4749; baseline -0.006 -15"><span class='ocrx_word' id='word_1_691' title='bbox 2192 4679 2334 4749; x_wconf 89' lang='lat' dir='ltr'><strong>quod</strong></span> <span class='ocrx_word' id='word_1_692' title='bbox 2367 4679 2410 4732; x_wconf 89' lang='lat' dir='ltr'><strong>si</strong></span> <span class='ocrx_word' id='word_1_693' title='bbox 2438 4686 2491 4731; x_wconf 90' lang='lat' dir='ltr'><strong>et</strong></span> <span class='ocrx_word' id='word_1_694' title='bbox 2521 4678 2623 4731; x_wconf 91' lang='lat' dir='ltr'><strong>hoc</strong></span> <span class='ocrx_word' id='word_1_695' title='bbox 2647 4674 2928 4740; x_wconf 81' lang='lat' dir='ltr'><strong>defecerit,</strong></span> <span class='ocrx_word' id='word_1_696' title='bbox 2967 4673 3251 4743; x_wconf 86' lang='lat' dir='ltr'><strong>sequenda</strong></span> <span class='ocrx_word' id='word_1_697' title='bbox 3285 4681 3412 4726; x_wconf 89' lang='lat' dir='ltr'><strong>sunt</strong></span> <span class='ocrx_word' id='word_1_698' title='bbox 3445 4687 3508 4725; x_wconf 89' lang='lat' dir='ltr'><strong>ea</strong></span> <span class='ocrx_word' id='word_1_699' title='bbox 3537 4687 3657 4743; x_wconf 69' lang='lat' dir='ltr'><strong>qua:</strong></span> <span class='ocrx_word' id='word_1_700' title='bbox 3683 4674 3756 4726; x_wconf 85' lang='lat' dir='ltr'><strong>rei</strong></span> 
     </span>
    </p>
   </div>
   <div class='ocr_carea' id='block_1_104' title="bbox 2193 4765 3761 4839">
    <p class='ocr_par' dir='ltr' id='par_1_104' title="bbox 2193 4765 3761 4839">
     <span class='ocr_line' id='line_1_104' title="bbox 2193 4765 3761 4839; baseline -0.006 -15"><span class='ocrx_word' id='word_1_701' title='bbox 2193 4771 2247 4824; x_wconf 92' lang='lat' dir='ltr'><strong>in</strong></span> <span class='ocrx_word' id='word_1_702' title='bbox 2283 4770 2634 4839; x_wconf 74' lang='lat' dir='ltr'><strong>qua-stionem</strong></span> <span class='ocrx_word' id='word_1_703' title='bbox 2662 4767 2904 4820; x_wconf 71' lang='lat' dir='ltr'><strong>deducta:</strong></span> <span class='ocrx_word' id='word_1_704' title='bbox 2928 4765 3172 4832; x_wconf 80' lang='lat' dir='ltr'><strong>proxima</strong></span> <span class='ocrx_word' id='word_1_705' title='bbox 3199 4773 3324 4818; x_wconf 91' lang='lat' dir='ltr'><strong>sunt</strong></span> <span class='ocrx_word' id='word_1_706' title='bbox 3347 4773 3401 4817; x_wconf 90' lang='lat' dir='ltr'><strong>et</strong></span> <span class='ocrx_word' id='word_1_707' title='bbox 3427 4777 3761 4832; x_wconf 81' lang='lat' dir='ltr'><strong>consequen-</strong></span> 
     </span>
    </p>
   </div>
   <div class='ocr_carea' id='block_1_105' title="bbox 2197 4855 3761 4925">
    <p class='ocr_par' dir='ltr' id='par_1_105' title="bbox 2197 4855 3761 4925">
     <span class='ocr_line' id='line_1_105' title="bbox 2197 4855 3761 4925; baseline -0.008 -8"><span class='ocrx_word' id='word_1_708' title='bbox 2197 4864 2267 4916; x_wconf 85' lang='lat' dir='ltr'><strong>tia</strong></span> <span class='ocrx_word' id='word_1_709' title='bbox 2304 4879 2318 4915; x_wconf 91' lang='lat'><strong>:</strong></span> <span class='ocrx_word' id='word_1_710' title='bbox 2354 4862 2401 4916; x_wconf 88' lang='lat' dir='ltr'><strong>si</strong></span> <span class='ocrx_word' id='word_1_711' title='bbox 2436 4873 2658 4915; x_wconf 89' lang='lat' dir='ltr'><strong>verone</strong></span> <span class='ocrx_word' id='word_1_712' title='bbox 2696 4859 2746 4912; x_wconf 91' lang='lat' dir='ltr'><strong>id</strong></span> <span class='ocrx_word' id='word_1_713' title='bbox 2787 4857 3001 4925; x_wconf 90' lang='lat' dir='ltr'><strong>quidem</strong></span> <span class='ocrx_word' id='word_1_714' title='bbox 3047 4856 3372 4919; x_wconf 84' lang='lat' dir='ltr'><strong>inveniatur,</strong></span> <span class='ocrx_word' id='word_1_715' title='bbox 3418 4855 3648 4922; x_wconf 89' lang='lat' dir='ltr'><strong>plurium</strong></span> <span class='ocrx_word' id='word_1_716' title='bbox 3693 4856 3761 4906; x_wconf 89' lang='lat' dir='ltr'><strong>si-</strong></span> 
     </span>
    </p>
   </div>
   <div class='ocr_carea' id='block_1_106' title="bbox 2195 4943 3760 5009">
    <p class='ocr_par' dir='ltr' id='par_1_106' title="bbox 2195 4943 3760 5009">
     <span class='ocr_line' id='line_1_106' title="bbox 2195 4943 3760 5009; baseline -0.01 -1"><span class='ocrx_word' id='word_1_717' title='bbox 2195 4953 2306 5008; x_wconf 89' lang='lat' dir='ltr'><strong>mul</strong></span> <span class='ocrx_word' id='word_1_718' title='bbox 2341 4962 2396 5007; x_wconf 90' lang='lat' dir='ltr'><strong>et</strong></span> <span class='ocrx_word' id='word_1_719' title='bbox 2427 4950 2734 5004; x_wconf 89' lang='lat' dir='ltr'><strong>doctiorutn</strong></span> <span class='ocrx_word' id='word_1_720' title='bbox 2783 4947 3054 5001; x_wconf 89' lang='lat' dir='ltr'><strong>sententia</strong></span> <span class='ocrx_word' id='word_1_721' title='bbox 3095 4945 3360 5009; x_wconf 87' lang='lat' dir='ltr'><strong>obtineat,</strong></span> <span class='ocrx_word' id='word_1_722' title='bbox 3399 4943 3453 4997; x_wconf 91' lang='lat' dir='ltr'><strong>id</strong></span> <span class='ocrx_word' id='word_1_723' title='bbox 3489 4943 3632 4998; x_wconf 88' lang='lat' dir='ltr'><strong>enim</strong></span> <span class='ocrx_word' id='word_1_724' title='bbox 3667 4956 3760 4994; x_wconf 88' lang='lat' dir='ltr'><strong>na-</strong></span> 
     </span>
    </p>
   </div>
   <div class='ocr_carea' id='block_1_107' title="bbox 2197 5039 3236 5112">
    <p class='ocr_par' dir='ltr' id='par_1_107' title="bbox 2197 5039 3236 5112">
     <span class='ocr_line' id='line_1_107' title="bbox 2197 5039 3236 5112; baseline -0.01 -13"><span class='ocrx_word' id='word_1_725' title='bbox 2197 5055 2330 5099; x_wconf 81' lang='lat' dir='ltr'><strong>turae</strong></span> <span class='ocrx_word' id='word_1_726' title='bbox 2361 5044 2495 5112; x_wconf 80' lang='lat' dir='ltr'><strong>legis</strong></span> <span class='ocrx_word' id='word_1_727' title='bbox 2525 5039 3098 5097; x_wconf 77' lang='lat' dir='ltr'><strong>convenientissimum</strong></span> <span class='ocrx_word' id='word_1_728' title='bbox 3133 5045 3236 5091; x_wconf 90' lang='lat' dir='ltr'><strong>est.</strong></span> 
     </span>
    </p>
   </div>
   <div class='ocr_carea' id='block_1_108' title="bbox 2269 5124 3761 5202">
    <p class='ocr_par' dir='ltr' id='par_1_108' title="bbox 2269 5124 3761 5202">
     <span class='ocr_line' id='line_1_108' title="bbox 2269 5124 3761 5202; baseline -0.012 -9"><span class='ocrx_word' id='word_1_729' title='bbox 2269 5138 2356 5192; x_wconf 79' lang='grc'><strong>11.</strong></span> <span class='ocrx_word' id='word_1_730' title='bbox 2389 5132 2854 5202; x_wconf 86' lang='lat' dir='ltr'><strong>Quemadmodum</strong></span> <span class='ocrx_word' id='word_1_731' title='bbox 2900 5127 3032 5198; x_wconf 87' lang='lat' dir='ltr'><strong>legis</strong></span> <span class='ocrx_word' id='word_1_732' title='bbox 3063 5125 3377 5184; x_wconf 87' lang='lat' dir='ltr'><strong>constitutio</strong></span> <span class='ocrx_word' id='word_1_733' title='bbox 3421 5134 3515 5177; x_wconf 87' lang='lat' dir='ltr'><strong>aut</strong></span> <span class='ocrx_word' id='word_1_734' title='bbox 3555 5124 3761 5191; x_wconf 89' lang='lat' dir='ltr'><strong>scripto</strong></span> 
     </span>
    </p>
   </div>
   <div class='ocr_carea' id='block_1_109' title="bbox 2196 5215 3763 5291">
    <p class='ocr_par' dir='ltr' id='par_1_109' title="bbox 2196 5215 3763 5291">
     <span class='ocr_line' id='line_1_109' title="bbox 2196 5215 3763 5291; baseline -0.014 -3"><span class='ocrx_word' id='word_1_735' title='bbox 2196 5238 2411 5288; x_wconf 87' lang='lat' dir='ltr'><strong>constat</strong></span> <span class='ocrx_word' id='word_1_736' title='bbox 2438 5234 2530 5280; x_wconf 87' lang='lat' dir='ltr'><strong>aut</strong></span> <span class='ocrx_word' id='word_1_737' title='bbox 2565 5239 2674 5279; x_wconf 88' lang='lat' dir='ltr'><strong>non</strong></span> <span class='ocrx_word' id='word_1_738' title='bbox 2709 5222 2945 5291; x_wconf 87' lang='lat' dir='ltr'><strong>scripto;</strong></span> <span class='ocrx_word' id='word_1_739' title='bbox 2975 5220 3054 5274; x_wconf 90' lang='lat' dir='ltr'><strong>sic</strong></span> <span class='ocrx_word' id='word_1_740' title='bbox 3086 5219 3324 5286; x_wconf 85' lang='lat' dir='ltr'><strong>ejusdem</strong></span> <span class='ocrx_word' id='word_1_741' title='bbox 3359 5215 3636 5283; x_wconf 84' lang='lat' dir='ltr'><strong>abrOgatio</strong></span> <span class='ocrx_word' id='word_1_742' title='bbox 3668 5225 3763 5266; x_wconf 80' lang='lat' dir='ltr'><strong>aut</strong></span> 
     </span>
    </p>
   </div>
   <div class='ocr_carea' id='block_1_110' title="bbox 2199 5305 3751 5391">
    <p class='ocr_par' dir='ltr' id='par_1_110' title="bbox 2199 5305 3751 5391">
     <span class='ocr_line' id='line_1_110' title="bbox 2199 5305 3751 5391; baseline -0.015 -13"><span class='ocrx_word' id='word_1_743' title='bbox 2199 5325 2404 5391; x_wconf 78' lang='lat' dir='ltr'><strong>scripto</strong></span> <span class='ocrx_word' id='word_1_744' title='bbox 2435 5315 2730 5378; x_wconf 90' lang='lat' dir='ltr'><strong>inducitur,</strong></span> <span class='ocrx_word' id='word_1_745' title='bbox 2773 5320 2867 5366; x_wconf 84' lang='lat' dir='ltr'><strong>aut.</strong></span> <span class='ocrx_word' id='word_1_746' title='bbox 2911 5325 3019 5365; x_wconf 89' lang='lat' dir='ltr'><strong>non</strong></span> <span class='ocrx_word' id='word_1_747' title='bbox 3054 5309 3281 5378; x_wconf 89' lang='lat' dir='ltr'><strong>scripto,</strong></span> <span class='ocrx_word' id='word_1_748' title='bbox 3315 5306 3416 5360; x_wconf 90' lang='lat' dir='ltr'><strong>hoc</strong></span> <span class='ocrx_word' id='word_1_749' title='bbox 3441 5313 3544 5367; x_wconf 89' lang='lat' dir='ltr'><strong>est,</strong></span> <span class='ocrx_word' id='word_1_750' title='bbox 3573 5305 3751 5357; x_wconf 88' lang='lat' dir='ltr'><strong>desue-</strong></span> 
     </span>
    </p>
   </div>
   <div class='ocr_carea' id='block_1_111' title="bbox 2201 5392 3764 5465">
    <p class='ocr_par' dir='ltr' id='par_1_111' title="bbox 2201 5392 3764 5465">
     <span class='ocr_line' id='line_1_111' title="bbox 2201 5392 3764 5465; baseline -0.013 0"><span class='ocrx_word' id='word_1_751' title='bbox 2201 5411 2403 5465; x_wconf 88' lang='lat' dir='ltr'><strong>tudine.</strong></span> <span class='ocrx_word' id='word_1_752' title='bbox 2458 5403 2762 5461; x_wconf 89' lang='lat' dir='ltr'><strong>Desuetudo</strong></span> <span class='ocrx_word' id='word_1_753' title='bbox 2805 5409 2982 5455; x_wconf 89' lang='lat' dir='ltr'><strong>autem</strong></span> <span class='ocrx_word' id='word_1_754' title='bbox 3013 5408 3096 5454; x_wconf 89' lang='lat' dir='ltr'><strong>est</strong></span> <span class='ocrx_word' id='word_1_755' title='bbox 3143 5412 3250 5452; x_wconf 88' lang='lat' dir='ltr'><strong>non</strong></span> <span class='ocrx_word' id='word_1_756' title='bbox 3297 5394 3616 5464; x_wconf 87' lang='lat' dir='ltr'><strong>simpliciter</strong></span> <span class='ocrx_word' id='word_1_757' title='bbox 3646 5392 3764 5460; x_wconf 80' lang='lat' dir='ltr'><strong>lege</strong></span> 
     </span>
    </p>
   </div>
   <div class='ocr_carea' id='block_1_112' title="bbox 2201 5484 3762 5565">
    <p class='ocr_par' dir='ltr' id='par_1_112' title="bbox 2201 5484 3762 5565">
     <span class='ocr_line' id='line_1_112' title="bbox 2201 5484 3762 5565; baseline -0.013 -8"><span class='ocrx_word' id='word_1_758' title='bbox 2201 5517 2307 5556; x_wconf 88' lang='lat' dir='ltr'><strong>non</strong></span> <span class='ocrx_word' id='word_1_759' title='bbox 2337 5499 2451 5565; x_wconf 87' lang='lat' dir='ltr'><strong>uti;</strong></span> <span class='ocrx_word' id='word_1_760' title='bbox 2487 5511 2676 5552; x_wconf 86' lang='lat' dir='ltr'><strong>verum</strong></span> <span class='ocrx_word' id='word_1_761' title='bbox 2714 5507 2835 5547; x_wconf 88' lang='lat' dir='ltr'><strong>eum</strong></span> <span class='ocrx_word' id='word_1_762' title='bbox 2870 5489 2960 5560; x_wconf 88' lang='lat' dir='ltr'><strong>qui</strong></span> <span class='ocrx_word' id='word_1_763' title='bbox 2996 5486 3360 5558; x_wconf 88' lang='lat' dir='ltr'><strong>jurisdictioni</strong></span> <span class='ocrx_word' id='word_1_764' title='bbox 3395 5494 3610 5556; x_wconf 62' lang='grc' dir='ltr'>ιιι-ποθι,</span> <span class='ocrx_word' id='word_1_765' title='bbox 3671 5484 3762 5538; x_wconf 90' lang='lat' dir='ltr'><strong>ubi</strong></span> 
     </span>
    </p>
   </div>
   <div class='ocr_carea' id='block_1_113' title="bbox 2205 5577 3762 5660">
    <p class='ocr_par' dir='ltr' id='par_1_113' title="bbox 2205 5577 3762 5660">
     <span class='ocr_line' id='line_1_113' title="bbox 2205 5577 3762 5660; baseline -0.01 -12"><span class='ocrx_word' id='word_1_766' title='bbox 2205 5603 2418 5660; x_wconf 88' lang='lat' dir='ltr'><strong>tempus</strong></span> <span class='ocrx_word' id='word_1_767' title='bbox 2439 5588 2627 5659; x_wconf 75' lang='lat' dir='ltr'><strong>exigit,</strong></span> <span class='ocrx_word' id='word_1_768' title='bbox 2658 5600 2721 5642; x_wconf 87' lang='lat' dir='ltr'><strong>ea</strong></span> <span class='ocrx_word' id='word_1_769' title='bbox 2751 5584 2869 5651; x_wconf 81' lang='lat' dir='ltr'><strong>lege</strong></span> <span class='ocrx_word' id='word_1_770' title='bbox 2889 5595 2996 5635; x_wconf 90' lang='lat' dir='ltr'><strong>non</strong></span> <span class='ocrx_word' id='word_1_771' title='bbox 3029 5580 3127 5647; x_wconf 91' lang='lat' dir='ltr'><strong>uti,</strong></span> <span class='ocrx_word' id='word_1_772' title='bbox 3160 5578 3442 5634; x_wconf 88' lang='lat' dir='ltr'><strong>et&#39;sensim</strong></span> <span class='ocrx_word' id='word_1_773' title='bbox 3470 5577 3762 5648; x_wconf 78' lang='lat' dir='ltr'><strong>negligere,</strong></span> 
     </span>
    </p>
   </div>
   <div class='ocr_carea' id='block_1_114' title="bbox 2203 5668 3303 5741">
    <p class='ocr_par' dir='ltr' id='par_1_114' title="bbox 2203 5668 3303 5741">
     <span class='ocr_line' id='line_1_114' title="bbox 2203 5668 3303 5741; baseline -0.014 -1"><span class='ocrx_word' id='word_1_774' title='bbox 2203 5692 2256 5741; x_wconf 90' lang='lat' dir='ltr'><strong>ct</strong></span> <span class='ocrx_word' id='word_1_775' title='bbox 2281 5680 2609 5738; x_wconf 86' lang='lat' dir='ltr'><strong>contrariam</strong></span> <span class='ocrx_word' id='word_1_776' title='bbox 2641 5675 2767 5732; x_wconf 89' lang='lat' dir='ltr'><strong>huic</strong></span> <span class='ocrx_word' id='word_1_777' title='bbox 2792 5670 3117 5730; x_wconf 83' lang='lat' dir='ltr'><strong>sententiam</strong></span> <span class='ocrx_word' id='word_1_778' title='bbox 3153 5668 3303 5725; x_wconf 84' lang='lat' dir='ltr'><strong>ferri.</strong></span> 
     </span>
    </p>
   </div>
  </div>
