4058 6212
379 262 486 328 £63

1407 253 1918 314 CONSTAN'I‘INI
1963 254 2648 316 PORPHYROGENITI

3541 271 3652 326 4ῠί

449 376 540 431 12.
591 373 680 446 (ι.
723 369 941 442 xxxiv.)
973 369 1126 423 Tunc
1167 365 1370 420 utimur
1407 365 1797 419 consuetudine
1830 367 1933 418 civi

2140 367 2226 436 ιβ’.
2269 370 2404 422 Τότε
2457 367 2718 440 χρώμεθα
2766 370 2832 440 τῇ
2867 367 3128 440 συνηθείᾳ
3166 368 3309 434 τινὸς
3361 371 3569 438 πόλεως
3620 377 3654 449 ἢ

381 469 512 522 latis
545 477 637 521 aut
677 463 990 534 provinciae,
1032 473 1154 512 cum
1205 458 1262 510 in
1299 455 1502 524 judicio
1543 471 1709 510 causa
1744 457 1956 526 cognita

381 560 698 615 conﬁrmata
728 555 822 616 sit,
853 566 973 620 quae
997 557 1178 602 autem
1209 547 1368 617 longa
1395 548 1792 602 consuetudine
1817 563 1960 602 con:-

379 653 604 722 probala
652 653 800 710 sunt,
832 659 895 696 ac
931 657 1028 711 per
1067 641 1267 695 multos
1297 655 1470 694 annos
1500 640 1815 702 observata,
1851 655 1957 694 non

379 746 556 797 minus
579 751 739 808 quam
764 750 827 790 ea
855 749 974 804 qua:
1003 733 1210 802 scripta
1251 741 1382 786 sunt
1409 731 1533 801 jura
1565 740 1878 786 servantur.

901 865 1278 922 TITULUS
1328 863 1438 918 III.

946 979 1023 1034 De
1048 979 1382 1049 patriarcha.

446 1099 498 1152 l.
529 1091 852 1148 Patriarcha
883 1098 966 1145 est
1009 1087 1216 1144 Christi
1249 1089 1369 1143 viva
1401 1096 1458 1143 et
1487 1088 1728 1144 animata
1755 1087 1958 1160 efﬁgies

376 1189 559 1245 verbis
587 1186 840 1242 omnibus
873 1182 1144 1252 factisque
1164 1182 1477 1252 exprimens
1505 1182 1810 1238 veritatem.

443 1375 498 1428 ει.
525 1370 734 1442 Sc0pus
754 1369 1076 1441 patriarchae
1097 1366 1405 1438 propositus
1429 1373 1512 1422 est
1537 1384 1549 1420 :
1579 1365 1810 1436 primum
1837 1366 1958 1436 qui-

377 1468 497 1520 dem
531 1465 732 1534 pietate
774 1472 830 1517 et
867 1461 990 1515 vitae
1031 1459 1300 1530 gravitate
1356 1468 1541 1514 tenere
1587 1473 1723 1527 quos
1769 1474 1799 1512 a
1848 1461 2000 1514 Deo-

379 1557 606 1610 tuendos
645 1552 906 1621 suscepit,
958 1551 1152 1605 deinde
1203 1558 1258 1605 et
1299 1565 1491 1606 omnes
1535 1551 1820 1607 haereticos
1859 1566 1958 1622 pro

376 1647 522 1701 virili
573 1646 640 1699 ad
690 1652 895 1697 rectam
926 1641 1239 1710 opinionem
1288 1650 1344 1695 et
1392 1641 1649 1696 Ecclesiae
1697 1644 1958 1700 unionem

2066 461 2356 532 ἐπαρχίας,
2397 461 2485 514 ὅτε
2535 459 3014 532 άμφισϐητηθεῖσα
3061 463 3119 514 ἐν
3165 462 3502 536 δικαστηρίῳ
3555 468 3648 536 βε-

2066 554 2298 624 ϐαιωθῇ,
2340 554 2409 608 τὰ
2455 555 2512 607 δὲ
2547 556 2736 626 μακρᾷ
2792 554 3055 626 συνηθείᾳ
3100 555 3525 625 δοκιμασθέντα,
3561 562 3656 614 καὶ

2064 644 2161 696 ἐπὶ
2188 644 2400 707 πολλοῖς
2421 644 2688 707 ἐνιαυτοῖς
2723 645 3067 715 φυλαχθέντα
3108 643 3530 720 [βεϐαιωθέντα]
3554 652 3651 720 οὐχ

2062 730 2227 807 ἦττον
2253 735 2362 789 τῶν
2411 735 2706 805 ἐγγράφων
2736 736 3020 806 κρατοῦσι.

2667 868 2920 924 ΤΙΤΛΟΣ
2951 873 3026 928 Γ’.

2577 982 2717 1051 Περὶ
2749 983 3137 1054 πατριάρχου.

2136 1102 2211 1150 α’.
2251 1095 2612 1168 Πατριάρχης
2668 1095 2814 1149 ἐστὶν
2867 1096 3034 1150 εἰκὼν
3081 1097 3230 1163 ζῶσα
3267 1102 3506 1173 Χριστοῦ
3559 1107 3654 1158 καὶ

2063 1185 2308 1259 ἔμψυχος
2339 1187 2413 1240 δι’
2440 1187 2620 1258 ἔργων
2651 1187 2745 1240 καί
2774 1187 2948 1257 λόγων
2997 1190 3055 1243 ἐν
3095 1190 3260 1262 ἐαυτῇ
3313 1196 3651 1266 χαρακτηρί-

2063 1276 2228 1341 ζουσα
2260 1278 2358 1349 τὴν
2380 1277 2658 1348 ἀλήθειαν.

2134 1367 2201 1438 β’.
2244 1369 2453 1432 Σκοπὸς
2502 1370 2579 1440 τῷ
2621 1371 2937 1444 πατριάρχη
3000 1373 3214 1444 πρῶτον
3252 1375 3370 1445 μὲν,
3430 1377 3524 1440 οὒς
3586 1379 3650 1432 ἐκ

2061 1460 2196 1514 Θεοῦ
2236 1461 2564 1532 παρέλαϐεν,
2594 1463 2853 1534 εὐσεϐείᾳ.
2893 1465 2986 1518 καί
3019 1467 3311 1538 σεμνότητι
3365 1468 3481 1538 βίου
3536 1469 3654 1522 δια-

2063 1552 2318 1622 φυλάξαι,
2343 1554 2534 1608 ἔπειτα
2560 1555 2616 1609 δὲ
2648 1557 2743 1608 καὶ
2766 1556 2970 1620 πάντας
3007 1559 3134 1622 τοὺς
3165 1561 3478 1630 αἰρετικοὺς
3509 1562 3650 1615 κατὰ

2063 1645 2155 1699 τὸν
2188 1647 2413 1701 δυνατὸν
2469 1647 2640 1719 αύτῷ,
2699 1649 2837 1721 πρὸς
2891 1649 2990 1721 τὴν
3031 1650 3340 1722 ὀρθοδοξίαν
3401 1654 3496 1706 καὶ
3553 1654 3650 1725 τὴν

375 1745 716 1792 convertere.
751 1730 1004 1786 llaeretici
1034 1739 1218 1786 autem
1252 1739 1309 1785 et
1345 1745 1414 1786 ex
1444 1733 1655 1802 legibus
1685 1743 1739 1788 et
1767 1749 1833 1789 ex
1862 1749 1941 1790 ca-

2063 1738 2257 1792 ἕνωσιν
2288 1739 2385 1808 τῆς
2425 1739 2753 1814 Ἐκκλησίας
2777 1743 3130 1813 ἐπιστρέψαι,
3160 1744 3430 1814 αἰρετικοὶ
3452 1745 3508 1799 δέ
3538 1749 3651 1809 τοῖς

373 1826 609 1882 nonibus
635 1825 706 1879 ita
733 1831 1016 1888 vocantur,
1042 1831 1096 1878 et
1119 1822 1192 1877 illi
1219 1823 1312 1893 qui
1337 1839 1366 1877 a
1388 1824 1672 1880 catholicae
1700 1824 1956 1881 Ecclesiae

375 1917 757 1974 communione
815 1914 1028 1971 exclusi
1067 1922 1214 1979 sunt,
1266 1922 1321 1968 et
1370 1924 1633 1984 praeterea
1685 1917 1952 1982 inﬁdeles,

371 2011 517 2080 quod
543 2010 633 2064 ille
663 2007 954 2062 manifesta
996 2016 1052 2060 et
1097 2005 1244 2059 clara
1293 2006 1417 2060 vita:
1451 2009 1746 2063 sanctitate
1779 2010 1833 2064 in
1869 2012 1952 2066 sui

371 2103 790 2159 admirationem
823 2107 1173 2166 convertens,
1205 2099 1469 2155 accendet
1511 2101 1580 2156 ad
1613 2101 1736 2158 ﬁdei
1767 2104 1952 2160 imita-

369 2207 594 2254 ιιοηοιη.

441 2287 497 2340 '5.
529 2283 680 2340 Finis
718 2283 1044 2354 patriarchae
1076 2284 1392 2355 propositus
1426 2291 1531 2352 est,
1565 2283 1714 2340 salus
1744 2285 1951 2340 anima-

367 2393 513 2445 rum,
532 2392 641 2448 quo
659 2377 761 2448 ipsi
784 2378 1130 2433 concreditur
1154 2396 1167 2432 :
1191 2387 1247 2432 et
1271 2377 1455 2434 vivere
1467 2377 1686 2448 quidem
1703 2376 1946 2444 Christo,
1988 2382 1998 2387 ’

364 2470 611 2540 cruciﬁgi
652 2477 835 2525 autem
871 2471 1094 2526 mundo.

440 2561 494 2616 4.
540 2560 769 2630 Propria
813 2561 1155 2631 patriarchae
1203 2570 1352 2626 sunt,
1404 2560 1655 2615 idoneum
1703 2573 1825 2616 esse
1879 2559 1948 2615 ad

366 2654 694 2719 docendum,
730 2653 995 2723 aequalem
1032 2668 1092 2708 se
1116 2653 1372 2707 omnibus
1406 2651 1650 2722 prmbere
1687 2661 1743 2708 et
1787 2652 1945 2709 altio-

367 2745 443 2798 ris
496 2753 553 2798 et
599 2745 908 2798 humilioris
959 2743 1192 2798 fortunae
1245 2743 1593 2810 hominibus;
1645 2752 1701 2800 et
1753 2747 1943 2800 mitem

370 2834 589 2904 quidem
625 2848 747 2888 esse
769 2834 820 2888 in
835 2833 1158 2904 judicando,
1192 2834 1626 2892 inobedientibus
1643 2852 1772 2892 vero
1789 2852 1943 2906 aspe-

364 2944 508 2994 rum,
540 2935 802 2997 praeterea
830 2942 928 2998 pro
961 2928 1190 2983 veritate
1212 2937 1277 2982 et
1311 2943 1593 2984 sacrorum
1628 2929 1938 2999 dogmatum

363 3021 689 3078 delensione
706 3035 890 3077 coram
923 3010 1259 3092 piincipibus
1281 3022 1451 3093 loqui,
1483 3037 1658 3094 neque
1689 3038 1940 3081 verecun-

362 3112 502 3168 dari.

435 3205 490 3260 5.
521 3205 654 3273 Quae
682 3206 750 3261 ab
779 3205 1017 3276 antiquis
1059 3207 1353 3263 constituta
1398 3215 1547 3276 sunt,
1583 3219 1636 3264 et
1677 3223 1706 3263 a
1740 3209 1943 3266 sanctis

359 3297 613 3355 Patribus
640 3298 887 3364 deﬁnita,
931 3308 984 3352 et
1045 3313 1078 3353 a
1138 3300 1344 3355 sanctis
1403 3301 1622 3370 synodis
1675 3305 1937 3372 exposita,

361 3387 533 3443 solum
588 3388 953 3456 patriarcham
999 3387 1347 3456 interpretari
1395 3388 1571 3446 decet.

432 3567 489 3620 6.
522 3566 654 3633 Quae
695 3567 763 3622 ab
798 3565 1040 3636 antiquis
1072 3565 1356 3637 Patribus,
1404 3571 1459 3625 in
1490 3572 1731 3642 synodis,
1761 3580 1854 3627 aut
1885 3573 1938 3629 in

359 3658 676 3728 provinciis,
726 3659 1037 3729 specialiter
1083 3661 1166 3716 vel
1223 3663 1602 3720 universaliter
1655 3665 1800 3720 facta
1853 3665 1938 3722 vel

358 3751 651 3806 constituta
679 3763 827 3820 sunt,
856 3752 1225 3822 patriarcham
1256 3755 1554 3826 dijudicare
1583 3759 1759 3814 decet.

428 3929 484 3984 7.
512 3931 864 4000 Antiquiores
885 3947 1122 3991 canones
1143 3933 1309 3991 etiam
1334 3936 1401 3991 ad
1429 3937 1768 4006 posteriores
1794 3939 1934 3994 trahi

357 4023 534 4078 solent
563 4041 579 4090 ;
618 4025 867 4081 similiter
899 4029 1179 4096 etpriores
1223 4029 1462 4085 actiones
1512 4031 1580 4085 ad
1610 4033 1936 4100 posteriores

358 4116 650 4169 trahuntur
681 4116 1056 4188 obtinentque,
1102 4119 1156 4175 in
1203 4119 1469 4176 similibus
1503 4121 1754 4178 videlicet
1797 4137 1933 4192 per-

353 4208 503 4264 sonis
528 4218 583 4263 et
613 4209 792 4264 rebus.

2060 1829 2248 1897 νόμοις
2282 1829 2518 1893 καὶτοῖς
2550 1830 2741 1884 κανόσι
2775 1831 3090 1898 καλοῦνται,
3128 1834 3224 1886 καὶ
3277 1836 3327 1886 οἱ
3375 1838 3440 1904 τῇ
3513 1835 3649 1888 καθ-

2061 1920 2219 1990 ολικῇ
2257 1921 2332 1991 μὴ
2391 1923 2775 1986 κοινωνοῦντες
2820 1924 3138 1996 Ἐκκλησία,
3190 1925 3270 1978 ἔτι
3313 1926 3490 1980 δὲκαὶ
3524 1930 3652 1995 τοὺς

2058 2015 2320 2079 ἀπίστους
2347 2015 2436 2070 διὰ
2463 2017 2561 2088 τῆς
2589 2010 2968 2090 λαμπρᾶς-καί
3007 2021 3485 2091 περιφανεστάτης
3541 2023 3643 2075 καὶ

2056 2107 2371 2177 θαυμασίας
2435 2108 2602 2163 αὑτοῦ
2670 2111 2922 2182 πράξεως
2988 2110 3329 2183 ἐκπλήττων,
3397 2113 3646 2185 μιμητὰς

2054 2201 2275 2270 ποιῆσαι
2304 2204 2405 2270 τῆς
2443 2201 2698 2266 πίστεως.

2125 2297 2193 2358 γ’.
2239 2291 2403 2355 Τέλος
2431 2293 2509 2363 τῷ
2541 2294 2878 2368 πατριάρχῃ,
2920 2298 2953 2367 ἡ
2991 2298 3098 2352 τῶν
3124 2301 3637 2371 καταπεπιστευμέ-

2049 2399 2156 2436 νων
2181 2383 2328 2454 αὐτῷ
2368 2383 2557 2456 ψυχῶν
2601 2388 2872 2459 σωτηρία,
2923 2390 3018 2444 καί
3046 2391 3107 2444 τὸ
3138 2391 3236 2465 ζῇν
3269 2394 3370 2464 μὲν
3395 2395 3642 2466 Χριστῷ,

2047 2474 2428 2546 ἐσταυρῶσθαι
2461 2477 2518 2530 δὲ
2547 2477 2623 2548 τῷ
2661 2479 2870 2551 κόσμῳ.

2119 2564 2179 2617 δ’.
2225 2564 2359 2620 Ἴδια
2427 2571 2799 2641 πατριάρχου,
2865 2573 2927 2626 τὸ
2985 2571 3139 2629 εἶναι
3191 2577 3524 2642 διδακτικδν,
3577 2579 3638 2633 τὸ

2048 2657 2184 2727 πρὸς
2235 2658 2441 2721 πάντας
2471 2660 2708 2732 ὑψηλούς
2759 2679 2819 2716 τε
2879 2665 2974 2719 καὶ
3009 2670 3297 2734 ταπεινοὺς
3329 2672 3635 2742 ἀστενοχω-

2047 2748 2227 2819 ρήτως
2261 2749 2607 2814 ἐξισοῦσθαι·
2656 2755 2752 2808 καὶ
2783 2757 2956 2824 πρᾶον
2997 2759 3097 2827 μὲν
3139 2755 3280 2815 εἶναι
3318 2763 3375 2815 ἐν
3430 2762 3634 2816 δικαιο-

2047 2837 2202 2910 σύνῃ,
2241 2839 2560 2910 ἐλεγκτικὸν
2601 2842 2660 2896 δὲ
2724 2845 2861 2914 πρὸς
2912 2847 3040 2910 τοὺς
3073 2849 3452 2914 ἀπειθοῦντας·
3495 2853 3634 2924 ὑπὲρ

2043 2926 2098 2979 δὲ
2129 2928 2227 2996 τῆς
2260 2928 2519 3000 ἀληθείας
2567 2930 2665 2984 καὶ
2694 2931 2795 3002 τῆς
2856 2937 3240 3007 συντηρήσεως
3273 2939 3368 2992 τοῦ
3423 2941 3631 2995 δικαίου

2043 3019 2136 3073 καὶ
2165 3019 2265 3090 τῆς
2298 3020 2601 3090 εὐσεϐείας,
2638 3022 2817 3078 λαλεῖν
2851 3023 3081 3083 ἐνώπιον
3110 3027 3399 3098 βασιλέων,
3421 3035 3514 3087 καί
3551 3035 3627 3104 μὴ

2047 3111 2415 3182 αἰσχύνεσθαι.

2115 3210 2177 3256 ε’.
2204 3204 2294 3286 ,Τᾲ
2347 3206 2499 3276 παρὰ
2568 3207 2676 3262 τῶν
2754 3210 3002 3266 παλαιῶν
3071 3215 3480 3286 κανονισθέντα,
3527 3219 3624 3273 καὶ

2046 3295 2198 3365 παρὰ
2225 3295 2334 3348 τῶν
2367 3297 2544 3367 ἁγίων
2573 3299 2807 3370 Πάτρων
2836 3302 3147 3372 ὁρισθέντα,
3183 3307 3278 3360 καὶ
3321 3309 3476 3378 παρὰ
3515 3309 3626 3362 τῶν

2049 3389 2220 3458 ἁγίων
2256 3391 2488 3445 συνόδων
2517 3393 2808 3448 ἐκτεθέντα
2837 3395 2929 3450 τὸν
2961 3399 3308 3470 πατριάρχην
3349 3403 3509 3472 μόνον
3549 3404 3630 3458 δεῖ

2045 3479 2391 3551 ἑρμηνεύειν.
3429 3501 3432 3504 ’

2115 3568 2190 3636 ς’.
2228 3572 2310 3625 Τὰ
2339 3573 2492 3642 παρὰ
2534 3575 2644 3630 τῶν
2682 3576 2930 3648 ἀρχαίων
2963 3579 3224 3651 Πατέρων
3248 3581 3307 3634 ἐν
3359 3583 3622 3650 συνόδοις,

2040 3661 2074 3732 ἢ
2105 3663 2163 3715 ἐν
2212 3663 2533 3735 ἐπαρχίαις,
2583 3667 2804 3730 εἰδικῶς
2845 3669 2950 3723 καὶ
2974 3670 3276 3736 καθολικῶς
3306 3675 3622 3744 πραχθέντα

2043 3754 2136 3808 καί
2169 3756 2596 3829 οἰκονομηθέντα
2637 3759 2728 3813 τὸν
2759 3762 3108 3833 πατριάρχην
3151 3763 3234 3817 δεῖ
3276 3764 3490 3836 διαιτᾷν
3526 3767 3622 3821 καὶ

2038 3844 2356 3918 διακρίνειν.

2111 3938 2176 4005 ζ’.
2215 3944 2278 3996 Ol
2319 3946 2746 4018 προγενέστεροι
2791 3949 3038 4017 κανόνες,
3067 3951 3160 4004 καί
3190 3951 3274 4016 εἰς
3300 3953 3426 4016 τοὺς
3453 3967 3619 4022 μετα-

2037 4035 2393 4108 γενεστέρους
2439 4039 2709 4104 ἕλκονται,
2747 4040 3009 4105 ὡσαύτως
3058 4042 3114 4096 δὲ
3158 4044 3253 4098 καὶ
3294 4047 3351 4098 αἱ
3407 4062 3614 4114 προγες

2037 4125 2287 4198 νέστεραι
2315 4129 2565 4200 πράξεις,
2603 4136 2696 4184 καὶ
2727 4134 3050 4204 οἰκονομίαι,
3090 4137 3182 4188 καὶ
3231 4138 3310 4200 εἰς
3354 4137 3482 4199 τοὺς
3509 4153 3612 4206 με·

1937 4243 1947 4262 κ
2034 4221 2464 4300 ταγενεστέρους
2518 4225 2794 4291 ἕλκονται,
2850 4228 2945 4280 καί
2999 4229 3323 4300 κρατοῦσιν,
3358 4223 3450 4284 ἐπὶ
3502 4231 3612 4286 τῶν

2033 4309 2234 4378 ὁμοίων
2265 4311 2508 4382 δηλονότι
2543 4317 2850 4386 προσώπων
2871 4336 2929 4371 τε
2953 4321 3044 4374 καὶ
3079 4323 3441 4393 πραγμάτων.

427 4382 482 4436 8.
525 4381 658 4438 Cum
711 4383 1017 4454 rcSpublica
1051 4402 1114 4442 ex
1149 4387 1394 4458 partibus
1435 4389 1550 4445 suis
1581 4398 1635 4446 et
1669 4390 1928 4448 membris

2105 4405 2176 4471 η’.
2207 4381 2327 4471 Τῆς
2350 4381 2626 4470 πολιτείας
2661 4409 2726 4461 ἐκ
2759 4410 2944 4481 μερῶν
2975 4412 3068 4465 καί
3101 4381 3305 4484 μορίων
3330 4415 3610 4484 ἀναλόγως

349 4475 700 4543 proportione
749 4477 983 4544 quadam
1041 4478 1108 4532 ad
1161 4479 1435 4535 hominem
1502 4483 1792 4538 constituta
1829 4484 1918 4550 sit,

346 4567 596 4620 maximae
627 4566 746 4635 ejus
801 4577 857 4622 et
905 4569 1172 4637 imprimis
1215 4570 1536 4625 necessaria:
1577 4583 1762 4640 partes
1795 4585 1923 4631 sunt

343 4656 600 4727 princeps
655 4665 710 4710 et
738 4659 1045 4726 patriarcha
1087 4676 1100 4713 :
1137 4671 1465 4730 quapropter
1491 4670 1546 4717 et
1578 4664 1919 4721 subditorum

342 4747 498 4817 quies
543 4758 600 4802 et
643 4747 894 4817 felicitas,
933 4759 1041 4805 tam
1089 4752 1342 4809 animalis
1389 4769 1554 4824 quam
1601 4756 1914 4827 corporalis,

341 4839 593 4896 consistit
646 4839 700 4896 in
760 4842 1122 4900 consensione
1181 4854 1238 4900 et
1293 4847 1582 4904 concordia
1609 4849 1761 4920 regni
1793 4865 1914 4906 cum

341 4945 555 4986 summo
585 4931 922 5000 pontiﬁcatu.

411 5022 464 5077 9.
510 5022 680 5078 Sedes
708 5023 1332 5097 Constantinopolitana,
1362 5044 1523 5098 quam
1570 5033 1715 5102 regia
1757 5046 1914 5090 exor-

333 5129 450 5180 nat,
499 5103 826 5187 synodorum
887 5118 1162 5191 suﬁ‘ragiis
1215 5125 1624 5193 praerogativam
1683 5126 1910 5193 obtinet,

335 5210 533 5278 quibus
582 5211 780 5266 divinae
827 5211 975 5282 leges
1018 5211 1380 5281 suﬁ‘ragantes
1423 5195 1825 5271 controversias
1855 5219 1908 5272 in

333 5303 454 5356 aliis
479 5304 700 5360 sedibus
736 5315 908 5360 motas
934 5305 1001 5360 ad
1045 5304 1202 5376 hujus
1234 5308 1508 5363 notionem
1543 5309 1733 5366 referri
1764 5326 1906 5381 prae-

330 5395 557 5465 cipiunt.

401 5565 488 5622 10.
537 5570 787 5630 Omnium
838 5581 1195 5650 metropolion
1238 5591 1292 5638 et
1318 5583 1751 5654 episcopatuum,
1785 5600 1902 5670 m9-

2025 4493 2103 4562 τῷ
2117 4492 2388 4566 ἀνθρώπῳ
2415 4500 2831 4573 συνισταμένης,
2853 4504 2920 4556 τὰ
2939 4505 3173 4574 μέγιστα
3199 4507 3293 4561 καὶ
3309 4507 3578 4576 ἀναγκαιὸ
3593 4537 3605 4550 -

2025 4600 2162 4638 τατα
2226 4585 2390 4658 μέρη,
2424 4588 2680 4659 βασιλεύς
2709 4594 2825 4647 ἐστι
2871 4595 2963 4648 καί
2994 4598 3370 4670 πατριάρχηςο
3402 4599 3483 4653 διὸ
3513 4600 3606 4653 καί

2027 4676 2062 4744 ἡ
2094 4675 2237 4730 κατὰ
2269 4678 2447 4749 ψυχὴν
2481 4683 2575 4736 καί
2605 4684 2766 4754 σῶμα
2799 4686 2909 4740 τῶν
2947 4689 3205 4759 ὑπηκόων
3251 4691 3462 4763 εἰρήνη,
3511 4694 3604 4746 καὶ

2022 4767 2338 4838 εὐδαιμονία
2368 4771 2649 4840 βασιλείας
2695 4777 2814 4830 ἐστί
2864 4779 2957 4834 καὶ
2989 4783 3388 4854 ἁρχιεροσύνης
3413 4787 3472 4840 ἐν
3501 4787 3600 4838 πᾶ-

2023 4875 2106 4914 σιν
2127 4860 2476 4936 ὁμοφροσύνη
2508 4867 2603 4920 καί
2635 4872 2946 4940 συμφωνία.

2091 5041 2154 5096 θ’.
2203 5044 2259 5098 'O
2289 5047 2924 5117 Κωνσταντινουπόλεως
2959 5053 3170 5128 θρονος,
3202 5060 3452 5133 βασιΑείᾳ
3476 5062 3597 5117 ἐπι-

2017 5138 2338 5228 κοσμηθεὶς,
2371 5145 2494 5205 ταῖς
2530 5144 2837 5208 συνοδικαῖς
2857 5147 3061 5219 ψήφοις
3094 5151 3311 5222 πρῶτος
3332 5155 3594 5228 ἀνῃρέθη,

2015 5221 2106 5290 αἷς
2150 5231 2246 5282 καί
2285 5232 2335 5283 οί
2363 5232 2494 5285 θεῖοι
2554 5237 3087 5305 κατακολουθοῦντες
3133 5221 3310 5313 νόμοι,
3360 5221 3454 5297 καί

2015 5320 2120 5372 ὑπὸ
2150 5322 2275 5386 τοὺς
2306 5324 2526 5394 ἐτέρους
2551 5326 2777 5398 θρόνους
2799 5331 3092 5402 γινομένας
3125 5333 3591 5408 ἀμφισϐητήσεις,

2012 5411 2118 5465 ὑπὸ
2157 5414 2256 5484 τὴν
2282 5416 2517 5485 ἐκείνου,
2551 5422 2952 5493 προστάττουσι
2987 5426 3284 5496 διάγνωσιν
3321 5431 3594 5502 ἀναφέρε-

2011 5504 2134 5558 σθαι
2169 5507 2266 5560 καί
2307 5509 2511 5579 κρίσιν.
3582 5514 3598 5526 ⁷

2081 5603 2134 5650 ι’.
2163 5600 2360 5653 Πασῶν
2401 5601 2509 5656 τῶν
2547 5606 2937 5677 μητροπόλεων
2967 5611 3064 5664 καὶ
3095 5612 3467 5666 ἐπισκοπείων
3493 5629 3590 5682 μο-

328 5662 800 5736 nasteriorumque
821 5679 874 5723 et
904 5675 1254 5730 ecclesiarum
1288 5692 1418 5732 cura
1454 5688 1505 5733 et
1539 5678 1799 5747 judicium
1834 5662 1900 5737 ad

2041 5687 2316 5757 αστηρίων
2362 5707 2419 5742 τε
2456 5693 2550 5745 καὶ
2596 5697 2923 5770 ἐκκλησιῶν,
2959 5702 2991 5770 ἡ
3033 5700 3258 5769 πρόνοια
3290 5704 3384 5760 καί
3425 5720 3587 5772 φρον-
