  <div class='ocr_page' id='page_1' title='image "/cluster/home/n/w/nwhite01/storage/ocr_20150623/113/hvd.32044073502270/236.png"; bbox 0 0 4084 6208; ppageno 0'>
   <div class='ocr_carea' id='block_1_1' title="bbox 449 351 558 413">
    <p class='ocr_par' dir='ltr' id='par_1_1' title="bbox 449 351 558 413">
     <span class='ocr_line' id='line_1_1' title="bbox 449 351 558 413; baseline -0.009 0"><span class='ocrx_word' id='word_1_1' title='bbox 449 351 558 413; x_wconf 75' lang='grc'><strong>465</strong></span> 
     </span>
    </p>
   </div>
   <div class='ocr_carea' id='block_1_2' title="bbox 1726 346 2443 416">
    <p class='ocr_par' dir='ltr' id='par_1_2' title="bbox 1726 346 2443 416">
     <span class='ocr_line' id='line_1_2' title="bbox 1726 346 2443 416; baseline 0.001 -2"><span class='ocrx_word' id='word_1_2' title='bbox 1726 355 2116 415; x_wconf 82' lang='lat' dir='ltr'><strong>DELECTUS</strong></span> <span class='ocrx_word' id='word_1_3' title='bbox 2156 346 2443 416; x_wconf 72' lang='lat' dir='ltr'><strong>LEGUM.</strong></span> 
     </span>
    </p>
   </div>
   <div class='ocr_carea' id='block_1_3' title="bbox 3608 358 3714 417">
    <p class='ocr_par' dir='ltr' id='par_1_3' title="bbox 3608 358 3714 417">
     <span class='ocr_line' id='line_1_3' title="bbox 3608 358 3714 417; baseline 0 -1"><span class='ocrx_word' id='word_1_4' title='bbox 3608 358 3714 417; x_wconf 71' lang='grc'><strong>466</strong></span> 
     </span>
    </p>
   </div>
   <div class='ocr_carea' id='block_1_4' title="bbox 449 461 2050 539">
    <p class='ocr_par' dir='ltr' id='par_1_4' title="bbox 449 461 2036 535">
     <span class='ocr_line' id='line_1_4' title="bbox 449 461 2036 535; baseline 0 -16"><span class='ocrx_word' id='word_1_5' title='bbox 449 467 554 529; x_wconf 80' lang='grc' dir='ltr'>τὶς,</span> <span class='ocrx_word' id='word_1_6' title='bbox 586 464 669 516; x_wconf 78' lang='grc' dir='ltr'>ἔτι</span> <span class='ocrx_word' id='word_1_7' title='bbox 703 463 760 516; x_wconf 81' lang='grc' dir='ltr'>δὲ</span> <span class='ocrx_word' id='word_1_8' title='bbox 802 462 897 516; x_wconf 67' lang='grc' dir='ltr'><strong>καὶ</strong></span> <span class='ocrx_word' id='word_1_9' title='bbox 930 461 1111 534; x_wconf 84' lang='grc' dir='ltr'>κρίσις</span> <span class='ocrx_word' id='word_1_10' title='bbox 1162 464 1255 516; x_wconf 75' lang='grc' dir='ltr'>καὶ</span> <span class='ocrx_word' id='word_1_11' title='bbox 1284 463 1608 535; x_wconf 83' lang='grc' dir='ltr'>κατὰκρισις</span> <span class='ocrx_word' id='word_1_12' title='bbox 1640 465 1733 519; x_wconf 72' lang='grc' dir='ltr'>καὶ</span> <span class='ocrx_word' id='word_1_13' title='bbox 1765 467 2036 531; x_wconf 83' lang='grc' dir='ltr'>ἀθὼωσις,</span> 
     </span>
    </p>
   </div>
   <div class='ocr_carea' id='block_1_5' title="bbox 2157 461 3715 539">
    <p class='ocr_par' dir='ltr' id='par_1_5' title="bbox 2157 467 3715 539">
     <span class='ocr_line' id='line_1_5' title="bbox 2157 467 3715 539; baseline 0.004 -20"><span class='ocrx_word' id='word_1_14' title='bbox 2157 468 2421 535; x_wconf 74' lang='lat' dir='ltr'><strong>pmprium</strong></span> <span class='ocrx_word' id='word_1_15' title='bbox 2456 467 2825 536; x_wconf 81' lang='lat' dir='ltr'><strong>patriarcltam</strong></span> <span class='ocrx_word' id='word_1_16' title='bbox 2860 476 3089 537; x_wconf 81' lang='lat' dir='ltr'><strong>spectat,</strong></span> <span class='ocrx_word' id='word_1_17' title='bbox 3115 468 3715 539; x_wconf 82' lang='lat' dir='ltr'><strong>Censtantinopolitauo</strong></span> 
     </span>
    </p>
   </div>
   <div class='ocr_carea' id='block_1_6' title="bbox 447 556 2038 628">
    <p class='ocr_par' dir='ltr' id='par_1_6' title="bbox 447 556 2038 628">
     <span class='ocr_line' id='line_1_6' title="bbox 447 556 2038 628; baseline 0.001 -18"><span class='ocrx_word' id='word_1_18' title='bbox 447 558 527 627; x_wconf 83' lang='grc' dir='ltr'>τῷ</span> <span class='ocrx_word' id='word_1_19' title='bbox 552 556 744 624; x_wconf 77' lang='grc' dir='ltr'>οἰκείῳ</span> <span class='ocrx_word' id='word_1_20' title='bbox 795 556 1112 628; x_wconf 86' lang='grc' dir='ltr'>πατριάρχῃ</span> <span class='ocrx_word' id='word_1_21' title='bbox 1144 556 1450 622; x_wconf 84' lang='grc' dir='ltr'>ἀνάκειται,</span> <span class='ocrx_word' id='word_1_22' title='bbox 1484 559 1560 627; x_wconf 82' lang='grc' dir='ltr'><strong>τῷ</strong></span> <span class='ocrx_word' id='word_1_23' title='bbox 1594 558 1650 611; x_wconf 85' lang='grc' dir='ltr'>δὲ</span> <span class='ocrx_word' id='word_1_24' title='bbox 1689 560 2038 612; x_wconf 87' lang='grc' dir='ltr'>Κωνσταντι-</span> 
     </span>
    </p>
   </div>
   <div class='ocr_carea' id='block_1_7' title="bbox 450 646 2038 717">
    <p class='ocr_par' dir='ltr' id='par_1_7' title="bbox 450 646 2038 717">
     <span class='ocr_line' id='line_1_7' title="bbox 450 646 2038 717; baseline 0.001 -16"><span class='ocrx_word' id='word_1_25' title='bbox 450 648 759 710; x_wconf 61' lang='grc' dir='ltr'>νουποίλεως</span> <span class='ocrx_word' id='word_1_26' title='bbox 800 646 1076 717; x_wconf 83' lang='grc' dir='ltr'>προέδρῳ,</span> <span class='ocrx_word' id='word_1_27' title='bbox 1106 647 1282 711; x_wconf 79' lang='grc' dir='ltr'>ἔξεστι</span> <span class='ocrx_word' id='word_1_28' title='bbox 1314 650 1404 702; x_wconf 79' lang='grc' dir='ltr'><strong>καὶ</strong></span> <span class='ocrx_word' id='word_1_29' title='bbox 1437 650 1494 704; x_wconf 81' lang='grc' dir='ltr'><strong>ἐν</strong></span> <span class='ocrx_word' id='word_1_30' title='bbox 1536 652 1658 714; x_wconf 89' lang='grc' dir='ltr'>ταῖς</span> <span class='ocrx_word' id='word_1_31' title='bbox 1705 651 1814 703; x_wconf 88' lang='grc' dir='ltr'><strong>τῶν</strong></span> <span class='ocrx_word' id='word_1_32' title='bbox 1863 650 2038 703; x_wconf 87' lang='grc' dir='ltr'>ἄλλων</span> 
     </span>
    </p>
   </div>
   <div class='ocr_carea' id='block_1_8' title="bbox 450 733 2036 813">
    <p class='ocr_par' dir='ltr' id='par_1_8' title="bbox 450 733 2036 813">
     <span class='ocr_line' id='line_1_8' title="bbox 450 733 2036 813; baseline 0 -20"><span class='ocrx_word' id='word_1_33' title='bbox 450 741 657 811; x_wconf 88' lang='grc' dir='ltr'>θρόνων</span> <span class='ocrx_word' id='word_1_34' title='bbox 702 738 964 809; x_wconf 84' lang='grc' dir='ltr'>ἐνορίαις,</span> <span class='ocrx_word' id='word_1_35' title='bbox 1007 741 1065 791; x_wconf 83' lang='grc' dir='ltr'><strong>ἐν</strong></span> <span class='ocrx_word' id='word_1_36' title='bbox 1108 733 1196 801; x_wconf 72' lang='grc' dir='ltr'>οἷς</span> <span class='ocrx_word' id='word_1_37' title='bbox 1245 740 1345 792; x_wconf 85' lang='grc' dir='ltr'><strong>οὐκ</strong></span> <span class='ocrx_word' id='word_1_38' title='bbox 1393 740 1509 793; x_wconf 83' lang='grc' dir='ltr'>ἔστι</span> <span class='ocrx_word' id='word_1_39' title='bbox 1578 741 2036 813; x_wconf 86' lang='grc' dir='ltr'>προκαθιέρωσις,</span> 
     </span>
    </p>
   </div>
   <div class='ocr_carea' id='block_1_9' title="bbox 449 828 2040 901">
    <p class='ocr_par' dir='ltr' id='par_1_9' title="bbox 449 828 2040 901">
     <span class='ocr_line' id='line_1_9' title="bbox 449 828 2040 901; baseline 0.001 -18"><span class='ocrx_word' id='word_1_40' title='bbox 449 829 579 883; x_wconf 78' lang='grc' dir='ltr'>ναοῦ</span> <span class='ocrx_word' id='word_1_41' title='bbox 618 829 1000 899; x_wconf 88' lang='grc' dir='ltr'>σταυροπήγια</span> <span class='ocrx_word' id='word_1_42' title='bbox 1031 828 1254 895; x_wconf 77' lang='grc' dir='ltr'><strong>διδόναι,</strong></span> <span class='ocrx_word' id='word_1_43' title='bbox 1291 831 1352 883; x_wconf 85' lang='grc' dir='ltr'><strong>οὐ</strong></span> <span class='ocrx_word' id='word_1_44' title='bbox 1386 829 1494 901; x_wconf 83' lang='grc' dir='ltr'>μὴν</span> <span class='ocrx_word' id='word_1_45' title='bbox 1527 830 1664 884; x_wconf 85' lang='grc' dir='ltr'><strong>ἀλλά</strong></span> <span class='ocrx_word' id='word_1_46' title='bbox 1714 832 1808 883; x_wconf 76' lang='grc' dir='ltr'><strong>καὶ</strong></span> <span class='ocrx_word' id='word_1_47' title='bbox 1840 831 1938 895; x_wconf 81' lang='grc' dir='ltr'><strong>τὰς</strong></span> <span class='ocrx_word' id='word_1_48' title='bbox 1982 832 2040 885; x_wconf 88' lang='grc' dir='ltr'><strong>ἐν</strong></span> 
     </span>
    </p>
   </div>
   <div class='ocr_carea' id='block_1_10' title="bbox 452 920 2040 993">
    <p class='ocr_par' dir='ltr' id='par_1_10' title="bbox 452 920 2040 993">
     <span class='ocr_line' id='line_1_10' title="bbox 452 920 2040 993; baseline 0.002 -20"><span class='ocrx_word' id='word_1_49' title='bbox 452 924 565 983; x_wconf 79' lang='grc' dir='ltr'>τοῖς</span> <span class='ocrx_word' id='word_1_50' title='bbox 592 921 773 981; x_wconf 80' lang='grc' dir='ltr'>ἄλλοις</span> <span class='ocrx_word' id='word_1_51' title='bbox 811 920 1027 989; x_wconf 89' lang='grc' dir='ltr'>θρόνοις</span> <span class='ocrx_word' id='word_1_52' title='bbox 1084 921 1388 991; x_wconf 81' lang='grc' dir='ltr'>γενομένας</span> <span class='ocrx_word' id='word_1_53' title='bbox 1436 923 1899 993; x_wconf 80' lang='grc' dir='ltr'>ἀμφισὸητήσεις,</span> <span class='ocrx_word' id='word_1_54' title='bbox 1928 925 2040 977; x_wconf 79' lang='grc' dir='ltr'>ἐπι-</span> 
     </span>
    </p>
   </div>
   <div class='ocr_carea' id='block_1_11' title="bbox 455 1009 2037 1085">
    <p class='ocr_par' dir='ltr' id='par_1_11' title="bbox 455 1009 2037 1085">
     <span class='ocr_line' id='line_1_11' title="bbox 455 1009 2037 1085; baseline 0 -20"><span class='ocrx_word' id='word_1_55' title='bbox 455 1015 645 1082; x_wconf 76' lang='grc' dir='ltr'>τηρεῖν</span> <span class='ocrx_word' id='word_1_56' title='bbox 676 1012 770 1064; x_wconf 70' lang='grc' dir='ltr'>καὶ</span> <span class='ocrx_word' id='word_1_57' title='bbox 819 1009 1191 1083; x_wconf 78' lang='grc' dir='ltr'><strong>διορθοῦσθαι,</strong></span> <span class='ocrx_word' id='word_1_58' title='bbox 1223 1014 1318 1067; x_wconf 83' lang='grc' dir='ltr'><strong>καὶ</strong></span> <span class='ocrx_word' id='word_1_59' title='bbox 1371 1015 1548 1085; x_wconf 82' lang='grc' dir='ltr'>πέρας</span> <span class='ocrx_word' id='word_1_60' title='bbox 1593 1014 1892 1067; x_wconf 78' lang='grc' dir='ltr'>ἐπιτιθέναι</span> <span class='ocrx_word' id='word_1_61' title='bbox 1920 1017 2037 1077; x_wconf 77' lang='grc' dir='ltr'>ταῖς</span> 
     </span>
    </p>
   </div>
   <div class='ocr_carea' id='block_1_12' title="bbox 461 1105 698 1175">
    <p class='ocr_par' dir='ltr' id='par_1_12' title="bbox 461 1105 698 1175">
     <span class='ocr_line' id='line_1_12' title="bbox 461 1105 698 1175; baseline 0 -18"><span class='ocrx_word' id='word_1_62' title='bbox 461 1105 698 1175; x_wconf 85' lang='grc' dir='ltr'>κρίσεσι.</span> 
     </span>
    </p>
   </div>
   <div class='ocr_carea' id='block_1_13' title="bbox 532 1196 2041 1271">
    <p class='ocr_par' dir='ltr' id='par_1_13' title="bbox 532 1196 2041 1271">
     <span class='ocr_line' id='line_1_13' title="bbox 532 1196 2041 1271; baseline 0.003 -21"><span class='ocrx_word' id='word_1_63' title='bbox 532 1204 621 1251; x_wconf 84' lang='grc' dir='ltr'>ια’.</span> <span class='ocrx_word' id='word_1_64' title='bbox 651 1197 772 1250; x_wconf 86' lang='grc' dir='ltr'>Τῶν</span> <span class='ocrx_word' id='word_1_65' title='bbox 798 1196 1048 1267; x_wconf 79' lang='grc' dir='ltr'>ψυχικῶν</span> <span class='ocrx_word' id='word_1_66' title='bbox 1107 1199 1362 1253; x_wconf 85' lang='grc' dir='ltr'>ἀπάντων</span> <span class='ocrx_word' id='word_1_67' title='bbox 1414 1201 1446 1271; x_wconf 86' lang='grc' dir='ltr'><strong>ή</strong></span> <span class='ocrx_word' id='word_1_68' title='bbox 1494 1201 1740 1271; x_wconf 88' lang='grc' dir='ltr'>πρόνοια,</span> <span class='ocrx_word' id='word_1_69' title='bbox 1799 1202 1877 1271; x_wconf 86' lang='grc' dir='ltr'>τῷ</span> <span class='ocrx_word' id='word_1_70' title='bbox 1934 1219 2041 1255; x_wconf 83' lang='grc' dir='ltr'>πα-</span> 
     </span>
    </p>
   </div>
   <div class='ocr_carea' id='block_1_14' title="bbox 457 1290 2041 1364">
    <p class='ocr_par' dir='ltr' id='par_1_14' title="bbox 457 1290 2041 1364">
     <span class='ocr_line' id='line_1_14' title="bbox 457 1290 2041 1364; baseline 0.004 -24"><span class='ocrx_word' id='word_1_71' title='bbox 457 1290 692 1360; x_wconf 76' lang='grc' dir='ltr'>τριάρχῃ</span> <span class='ocrx_word' id='word_1_72' title='bbox 742 1290 1049 1356; x_wconf 82' lang='grc' dir='ltr'>ἀνάκειται,</span> <span class='ocrx_word' id='word_1_73' title='bbox 1084 1291 1421 1363; x_wconf 83' lang='grc' dir='ltr'>ἀναφέρεται</span> <span class='ocrx_word' id='word_1_74' title='bbox 1461 1293 1517 1345; x_wconf 83' lang='grc' dir='ltr'>δὲ</span> <span class='ocrx_word' id='word_1_75' title='bbox 1569 1294 1664 1347; x_wconf 75' lang='grc' dir='ltr'><strong>καὶ</strong></span> <span class='ocrx_word' id='word_1_76' title='bbox 1712 1294 1790 1357; x_wconf 87' lang='grc' dir='ltr'>εἰς</span> <span class='ocrx_word' id='word_1_77' title='bbox 1818 1295 2041 1364; x_wconf 81' lang='grc' dir='ltr'>ἑτέρους</span> 
     </span>
    </p>
   </div>
   <div class='ocr_carea' id='block_1_15' title="bbox 458 1375 2042 1455">
    <p class='ocr_par' dir='ltr' id='par_1_15' title="bbox 458 1375 2042 1455">
     <span class='ocr_line' id='line_1_15' title="bbox 458 1375 2042 1455; baseline 0.004 -23"><span class='ocrx_word' id='word_1_78' title='bbox 458 1375 537 1443; x_wconf 78' lang='grc' dir='ltr'>οἷς</span> <span class='ocrx_word' id='word_1_79' title='bbox 592 1381 658 1433; x_wconf 81' lang='grc' dir='ltr'>ἂν</span> <span class='ocrx_word' id='word_1_80' title='bbox 716 1382 928 1445; x_wconf 84' lang='grc' dir='ltr'>ἐκεῖνος</span> <span class='ocrx_word' id='word_1_81' title='bbox 963 1382 1336 1453; x_wconf 75' lang='grc' dir='ltr'>ἀναφέρεσθαι</span> <span class='ocrx_word' id='word_1_82' title='bbox 1370 1383 1662 1455; x_wconf 84' lang='grc' dir='ltr'>δοκιμάσῃ,</span> <span class='ocrx_word' id='word_1_83' title='bbox 1693 1385 1956 1449; x_wconf 79' lang='grc' dir='ltr'>ὡσαύτως</span> <span class='ocrx_word' id='word_1_84' title='bbox 1986 1387 2042 1439; x_wconf 83' lang='grc' dir='ltr'><strong>δὲ</strong></span> 
     </span>
    </p>
   </div>
   <div class='ocr_carea' id='block_1_16' title="bbox 459 1472 2043 1547">
    <p class='ocr_par' dir='ltr' id='par_1_16' title="bbox 459 1472 2043 1547">
     <span class='ocr_line' id='line_1_16' title="bbox 459 1472 2043 1547; baseline 0.003 -23"><span class='ocrx_word' id='word_1_85' title='bbox 459 1472 554 1524; x_wconf 75' lang='grc' dir='ltr'>καὶ</span> <span class='ocrx_word' id='word_1_86' title='bbox 590 1473 882 1541; x_wconf 80' lang='grc' dir='ltr'>μετανοίας</span> <span class='ocrx_word' id='word_1_87' title='bbox 905 1473 998 1526; x_wconf 65' lang='grc' dir='ltr'>καὶ</span> <span class='ocrx_word' id='word_1_88' title='bbox 1029 1474 1387 1544; x_wconf 78' lang='grc' dir='ltr'>ἐπιστροφῆς,</span> <span class='ocrx_word' id='word_1_89' title='bbox 1411 1477 1517 1528; x_wconf 85' lang='grc' dir='ltr'><strong>ἀπό</strong></span> <span class='ocrx_word' id='word_1_90' title='bbox 1544 1493 1602 1529; x_wconf 91' lang='grc' dir='ltr'><strong>τε</strong></span> <span class='ocrx_word' id='word_1_91' title='bbox 1628 1477 2043 1547; x_wconf 79' lang='grc' dir='ltr'>ἁμαρτημάτων</span> 
     </span>
    </p>
   </div>
   <div class='ocr_carea' id='block_1_17' title="bbox 459 1562 2044 1638">
    <p class='ocr_par' dir='ltr' id='par_1_17' title="bbox 459 1562 2044 1638">
     <span class='ocr_line' id='line_1_17' title="bbox 459 1562 2044 1638; baseline 0.004 -24"><span class='ocrx_word' id='word_1_92' title='bbox 459 1564 555 1615; x_wconf 81' lang='grc' dir='ltr'><strong>καὶ</strong></span> <span class='ocrx_word' id='word_1_93' title='bbox 589 1562 877 1631; x_wconf 73' lang='grc' dir='ltr'>αἱρέσεων,</span> <span class='ocrx_word' id='word_1_94' title='bbox 905 1563 1065 1627; x_wconf 81' lang='grc' dir='ltr'>αὐτὸς</span> <span class='ocrx_word' id='word_1_95' title='bbox 1095 1564 1189 1617; x_wconf 71' lang='grc' dir='ltr'><strong>καὶ</strong></span> <span class='ocrx_word' id='word_1_96' title='bbox 1218 1564 1379 1632; x_wconf 83' lang='grc' dir='ltr'>μόνος</span> <span class='ocrx_word' id='word_1_97' title='bbox 1408 1565 1733 1620; x_wconf 76' lang='grc' dir='ltr'>καθίσταται</span> <span class='ocrx_word' id='word_1_98' title='bbox 1763 1568 2044 1638; x_wconf 86' lang='grc' dir='ltr'>διαιτητής</span> 
     </span>
    </p>
   </div>
   <div class='ocr_carea' id='block_1_18' title="bbox 458 1651 2043 1728">
    <p class='ocr_par' dir='ltr' id='par_1_18' title="bbox 458 1651 2043 1728">
     <span class='ocr_line' id='line_1_18' title="bbox 458 1651 2043 1728; baseline 0.004 -24"><span class='ocrx_word' id='word_1_99' title='bbox 458 1670 517 1704; x_wconf 86' lang='grc' dir='ltr'><strong>τε</strong></span> <span class='ocrx_word' id='word_1_100' title='bbox 551 1652 644 1705; x_wconf 71' lang='grc' dir='ltr'><strong>καὶ</strong></span> <span class='ocrx_word' id='word_1_101' title='bbox 663 1651 917 1722; x_wconf 85' lang='grc' dir='ltr'>γνώμων,</span> <span class='ocrx_word' id='word_1_102' title='bbox 945 1654 1039 1705; x_wconf 69' lang='grc' dir='ltr'><strong>καὶ</strong></span> <span class='ocrx_word' id='word_1_103' title='bbox 1057 1652 1152 1716; x_wconf 79' lang='grc' dir='ltr'><strong>οὓς</strong></span> <span class='ocrx_word' id='word_1_104' title='bbox 1175 1652 1241 1706; x_wconf 81' lang='grc' dir='ltr'><strong>ἂν</strong></span> <span class='ocrx_word' id='word_1_105' title='bbox 1267 1655 1429 1719; x_wconf 74' lang='grc' dir='ltr'>αὐτὸς</span> <span class='ocrx_word' id='word_1_106' title='bbox 1458 1657 1637 1728; x_wconf 82' lang='grc' dir='ltr'>ὁρίσῃ·</span> <span class='ocrx_word' id='word_1_107' title='bbox 1663 1658 1758 1710; x_wconf 81' lang='grc' dir='ltr'>καὶ</span> <span class='ocrx_word' id='word_1_108' title='bbox 1782 1658 1926 1710; x_wconf 86' lang='grc' dir='ltr'><strong>κατά</strong></span> <span class='ocrx_word' id='word_1_109' title='bbox 1944 1657 2043 1721; x_wconf 78' lang='grc' dir='ltr'>τὰς</span> 
     </span>
    </p>
   </div>
   <div class='ocr_carea' id='block_1_19' title="bbox 465 1748 2044 1825">
    <p class='ocr_par' dir='ltr' id='par_1_19' title="bbox 465 1748 2044 1825">
     <span class='ocr_line' id='line_1_19' title="bbox 465 1748 2044 1825; baseline 0.006 -28"><span class='ocrx_word' id='word_1_110' title='bbox 465 1748 832 1817; x_wconf 77' lang='grc' dir='ltr'>μητροπόλεις</span> <span class='ocrx_word' id='word_1_111' title='bbox 861 1748 917 1799; x_wconf 80' lang='grc' dir='ltr'><strong>δὲ</strong></span> <span class='ocrx_word' id='word_1_112' title='bbox 948 1749 1041 1801; x_wconf 62' lang='grc' dir='ltr'>κα).</span> <span class='ocrx_word' id='word_1_113' title='bbox 1095 1751 1424 1816; x_wconf 81' lang='grc' dir='ltr'>ἐπισκοπάς,</span> <span class='ocrx_word' id='word_1_114' title='bbox 1449 1756 1563 1816; x_wconf 86' lang='grc' dir='ltr'>τοῖς</span> <span class='ocrx_word' id='word_1_115' title='bbox 1617 1755 2044 1825; x_wconf 86' lang='grc' dir='ltr'>μητροπολίταις</span> 
     </span>
    </p>
   </div>
   <div class='ocr_carea' id='block_1_20' title="bbox 460 1839 2045 1915">
    <p class='ocr_par' dir='ltr' id='par_1_20' title="bbox 460 1839 2045 1915">
     <span class='ocr_line' id='line_1_20' title="bbox 460 1839 2045 1915; baseline 0.007 -24"><span class='ocrx_word' id='word_1_116' title='bbox 460 1857 520 1893; x_wconf 85' lang='grc' dir='ltr'><strong>τε</strong></span> <span class='ocrx_word' id='word_1_117' title='bbox 572 1839 669 1893; x_wconf 71' lang='grc' dir='ltr'><strong>καὶ</strong></span> <span class='ocrx_word' id='word_1_118' title='bbox 721 1840 1038 1903; x_wconf 77' lang='grc' dir='ltr'>ἐπισκόποις</span> <span class='ocrx_word' id='word_1_119' title='bbox 1101 1842 1134 1912; x_wconf 87' lang='grc' dir='ltr'>ἡ</span> <span class='ocrx_word' id='word_1_120' title='bbox 1182 1843 1322 1914; x_wconf 79' lang='grc' dir='ltr'>αὑτὴ</span> <span class='ocrx_word' id='word_1_121' title='bbox 1381 1846 1711 1915; x_wconf 84' lang='grc' dir='ltr'>φυλάττεται</span> <span class='ocrx_word' id='word_1_122' title='bbox 1760 1846 1913 1915; x_wconf 78' lang='grc' dir='ltr'>τάξις</span> <span class='ocrx_word' id='word_1_123' title='bbox 1948 1848 2045 1902; x_wconf 83' lang='grc' dir='ltr'><strong>καὶ</strong></span> 
     </span>
    </p>
   </div>
   <div class='ocr_carea' id='block_1_21' title="bbox 460 1930 701 1996">
    <p class='ocr_par' dir='ltr' id='par_1_21' title="bbox 460 1930 701 1996">
     <span class='ocr_line' id='line_1_21' title="bbox 460 1930 701 1996; baseline 0 -13"><span class='ocrx_word' id='word_1_124' title='bbox 460 1930 701 1996; x_wconf 80' lang='grc' dir='ltr'>ἐξουσία.</span> 
     </span>
    </p>
   </div>
   <div class='ocr_carea' id='block_1_22' title="bbox 1065 2030 1425 2086">
    <p class='ocr_par' dir='ltr' id='par_1_22' title="bbox 1065 2030 1425 2086">
     <span class='ocr_line' id='line_1_22' title="bbox 1065 2030 1425 2086; baseline 0.011 -4"><span class='ocrx_word' id='word_1_125' title='bbox 1065 2030 1316 2084; x_wconf 84' lang='grc' dir='ltr'><strong>ΤΙΤΛΟΣ</strong></span> <span class='ocrx_word' id='word_1_126' title='bbox 1355 2031 1425 2086; x_wconf 84' lang='grc' dir='ltr'><strong>Δ’.</strong></span> 
     </span>
    </p>
   </div>
   <div class='ocr_carea' id='block_1_23' title="bbox 746 2123 1728 2194">
    <p class='ocr_par' dir='ltr' id='par_1_23' title="bbox 746 2123 1728 2194">
     <span class='ocr_line' id='line_1_23' title="bbox 746 2123 1728 2194; baseline -0.001 -14"><span class='ocrx_word' id='word_1_127' title='bbox 746 2126 884 2193; x_wconf 79' lang='grc' dir='ltr'><strong>Περὶ</strong></span> <span class='ocrx_word' id='word_1_128' title='bbox 912 2124 1137 2189; x_wconf 78' lang='grc' dir='ltr'>τάξεως</span> <span class='ocrx_word' id='word_1_129' title='bbox 1161 2123 1429 2194; x_wconf 83' lang='grc' dir='ltr'><strong>ἐπάρχου</strong></span> <span class='ocrx_word' id='word_1_130' title='bbox 1469 2126 1728 2192; x_wconf 78' lang='grc' dir='ltr'>πόλεως.</span> 
     </span>
    </p>
   </div>
   <div class='ocr_carea' id='block_1_24' title="bbox 536 2215 2042 2289">
    <p class='ocr_par' dir='ltr' id='par_1_24' title="bbox 536 2215 2042 2289">
     <span class='ocr_line' id='line_1_24' title="bbox 536 2215 2042 2289; baseline 0.001 -20"><span class='ocrx_word' id='word_1_131' title='bbox 536 2222 604 2271; x_wconf 81' lang='grc' dir='ltr'>α’.</span> <span class='ocrx_word' id='word_1_132' title='bbox 657 2216 713 2270; x_wconf 91' lang='lat'><strong>&#39;0</strong></span> <span class='ocrx_word' id='word_1_133' title='bbox 744 2217 845 2285; x_wconf 84' lang='grc' dir='ltr'>τῆς</span> <span class='ocrx_word' id='word_1_134' title='bbox 869 2216 1078 2280; x_wconf 87' lang='grc' dir='ltr'>πόλεως</span> <span class='ocrx_word' id='word_1_135' title='bbox 1098 2215 1339 2286; x_wconf 74' lang='grc' dir='ltr'>ἔπαρχος</span> <span class='ocrx_word' id='word_1_136' title='bbox 1369 2216 1547 2269; x_wconf 86' lang='grc' dir='ltr'>πάντα</span> <span class='ocrx_word' id='word_1_137' title='bbox 1581 2216 1824 2286; x_wconf 84' lang='grc' dir='ltr'>ζητεῖτά</span> <span class='ocrx_word' id='word_1_138' title='bbox 1846 2217 2042 2289; x_wconf 86' lang='grc' dir='ltr'>ἐγκλή-</span> 
     </span>
    </p>
   </div>
   <div class='ocr_carea' id='block_1_25' title="bbox 466 2306 1838 2379">
    <p class='ocr_par' dir='ltr' id='par_1_25' title="bbox 466 2306 1838 2379">
     <span class='ocr_line' id='line_1_25' title="bbox 466 2306 1838 2379; baseline 0.001 -17"><span class='ocrx_word' id='word_1_139' title='bbox 466 2323 634 2376; x_wconf 85' lang='grc' dir='ltr'>ματα,</span> <span class='ocrx_word' id='word_1_140' title='bbox 672 2307 765 2361; x_wconf 77' lang='grc' dir='ltr'>καὶ</span> <span class='ocrx_word' id='word_1_141' title='bbox 796 2307 865 2361; x_wconf 90' lang='grc' dir='ltr'><strong>τά</strong></span> <span class='ocrx_word' id='word_1_142' title='bbox 893 2308 951 2361; x_wconf 80' lang='grc' dir='ltr'><strong>ἐν</strong></span> <span class='ocrx_word' id='word_1_143' title='bbox 978 2309 1045 2378; x_wconf 78' lang='grc' dir='ltr'>τῇ</span> <span class='ocrx_word' id='word_1_144' title='bbox 1077 2306 1229 2360; x_wconf 87' lang='grc' dir='ltr'>πόλει</span> <span class='ocrx_word' id='word_1_145' title='bbox 1258 2307 1520 2378; x_wconf 87' lang='grc' dir='ltr'>γινόμενα</span> <span class='ocrx_word' id='word_1_146' title='bbox 1552 2309 1838 2379; x_wconf 85' lang='grc' dir='ltr'>ἀκροᾶται.</span> 
     </span>
    </p>
   </div>
   <div class='ocr_carea' id='block_1_26' title="bbox 534 2486 2044 2559">
    <p class='ocr_par' dir='ltr' id='par_1_26' title="bbox 534 2486 2044 2559">
     <span class='ocr_line' id='line_1_26' title="bbox 534 2486 2044 2559; baseline 0.005 -20"><span class='ocrx_word' id='word_1_147' title='bbox 534 2486 601 2555; x_wconf 87' lang='grc' dir='ltr'><strong>β’.</strong></span> <span class='ocrx_word' id='word_1_148' title='bbox 646 2486 704 2539; x_wconf 89' lang='grc' dir='ltr'>Ὀ</span> <span class='ocrx_word' id='word_1_149' title='bbox 740 2487 841 2556; x_wconf 75' lang='grc' dir='ltr'>τῆς</span> <span class='ocrx_word' id='word_1_150' title='bbox 891 2487 1100 2550; x_wconf 89' lang='grc' dir='ltr'>πόλεως</span> <span class='ocrx_word' id='word_1_151' title='bbox 1151 2486 1411 2558; x_wconf 78' lang='grc' dir='ltr'>ἔπαρχος,</span> <span class='ocrx_word' id='word_1_152' title='bbox 1448 2488 1557 2541; x_wconf 88' lang='grc' dir='ltr'><strong>τῶν</strong></span> <span class='ocrx_word' id='word_1_153' title='bbox 1590 2491 2044 2559; x_wconf 87' lang='grc' dir='ltr'>προσφευγόντων</span> 
     </span>
    </p>
   </div>
   <div class='ocr_carea' id='block_1_27' title="bbox 461 2578 2044 2652">
    <p class='ocr_par' dir='ltr' id='par_1_27' title="bbox 461 2578 2044 2652">
     <span class='ocr_line' id='line_1_27' title="bbox 461 2578 2044 2652; baseline 0.004 -22"><span class='ocrx_word' id='word_1_154' title='bbox 461 2578 663 2631; x_wconf 87' lang='grc' dir='ltr'>δούλων</span> <span class='ocrx_word' id='word_1_155' title='bbox 693 2578 789 2631; x_wconf 68' lang='lat' dir='ltr'><strong>xu).</strong></span> <span class='ocrx_word' id='word_1_156' title='bbox 818 2578 927 2631; x_wconf 88' lang='grc' dir='ltr'><strong>τῶν</strong></span> <span class='ocrx_word' id='word_1_157' title='bbox 960 2578 1230 2647; x_wconf 89' lang='grc' dir='ltr'>λεγόντων</span> <span class='ocrx_word' id='word_1_158' title='bbox 1251 2580 1497 2651; x_wconf 87' lang='grc' dir='ltr'>ἀργυρίῳ</span> <span class='ocrx_word' id='word_1_159' title='bbox 1526 2582 1637 2651; x_wconf 84' lang='grc' dir='ltr'>ίδίῳ</span> <span class='ocrx_word' id='word_1_160' title='bbox 1668 2582 2044 2652; x_wconf 81' lang='grc' dir='ltr'>ἀγορασθῆνοιι</span> 
     </span>
    </p>
   </div>
   <div class='ocr_carea' id='block_1_28' title="bbox 464 2669 2046 2742">
    <p class='ocr_par' dir='ltr' id='par_1_28' title="bbox 464 2669 2046 2742">
     <span class='ocr_line' id='line_1_28' title="bbox 464 2669 2046 2742; baseline 0.005 -23"><span class='ocrx_word' id='word_1_161' title='bbox 464 2669 557 2720; x_wconf 74' lang='grc' dir='ltr'>ἐπὶ</span> <span class='ocrx_word' id='word_1_162' title='bbox 594 2669 675 2739; x_wconf 83' lang='grc' dir='ltr'><strong>τῷ</strong></span> <span class='ocrx_word' id='word_1_163' title='bbox 725 2670 1159 2740; x_wconf 75' lang='grc' dir='ltr'>ἐλευθερωθῆναι</span> <span class='ocrx_word' id='word_1_164' title='bbox 1210 2673 1739 2742; x_wconf 82' lang='grc' dir='ltr'>αὐτοὺςάκροδῖται,</span> <span class='ocrx_word' id='word_1_165' title='bbox 1793 2674 1886 2726; x_wconf 79' lang='grc' dir='ltr'><strong>καὶ</strong></span> <span class='ocrx_word' id='word_1_166' title='bbox 1938 2674 2046 2727; x_wconf 82' lang='grc' dir='ltr'><strong>τῶν</strong></span> 
     </span>
    </p>
   </div>
   <div class='ocr_carea' id='block_1_29' title="bbox 466 2764 2046 2837">
    <p class='ocr_par' dir='ltr' id='par_1_29' title="bbox 466 2764 2046 2837">
     <span class='ocr_line' id='line_1_29' title="bbox 466 2764 2046 2837; baseline 0.004 -22"><span class='ocrx_word' id='word_1_167' title='bbox 466 2765 770 2833; x_wconf 82' lang='grc' dir='ltr'>πατρὼνων</span> <span class='ocrx_word' id='word_1_168' title='bbox 861 2764 1100 2833; x_wconf 82' lang='grc' dir='ltr'>μάλιστα</span> <span class='ocrx_word' id='word_1_169' title='bbox 1161 2764 1268 2817; x_wconf 81' lang='grc' dir='ltr'><strong>τῶν</strong></span> <span class='ocrx_word' id='word_1_170' title='bbox 1324 2764 1569 2835; x_wconf 90' lang='grc' dir='ltr'>ἀπόρων,</span> <span class='ocrx_word' id='word_1_171' title='bbox 1641 2765 2046 2837; x_wconf 76' lang='grc' dir='ltr'>ἐπιζητούντων</span> 
     </span>
    </p>
   </div>
   <div class='ocr_carea' id='block_1_30' title="bbox 467 2855 1613 2929">
    <p class='ocr_par' dir='ltr' id='par_1_30' title="bbox 467 2855 1613 2929">
     <span class='ocr_line' id='line_1_30' title="bbox 467 2855 1613 2929; baseline 0.003 -21"><span class='ocrx_word' id='word_1_172' title='bbox 467 2855 855 2926; x_wconf 84' lang='grc' dir='ltr'>ἁποτραφῆναι</span> <span class='ocrx_word' id='word_1_173' title='bbox 882 2856 1038 2927; x_wconf 84' lang='grc' dir='ltr'>παρὰ</span> <span class='ocrx_word' id='word_1_174' title='bbox 1070 2856 1180 2910; x_wconf 88' lang='grc' dir='ltr'><strong>τῶν</strong></span> <span class='ocrx_word' id='word_1_175' title='bbox 1208 2856 1613 2929; x_wconf 86' lang='grc' dir='ltr'>ἀπελευθέρων.</span> 
     </span>
    </p>
   </div>
   <div class='ocr_carea' id='block_1_31' title="bbox 539 2948 2046 3020">
    <p class='ocr_par' dir='ltr' id='par_1_31' title="bbox 539 2948 2046 3020">
     <span class='ocr_line' id='line_1_31' title="bbox 539 2948 2046 3020; baseline 0.003 -21"><span class='ocrx_word' id='word_1_176' title='bbox 539 2955 610 3015; x_wconf 81' lang='grc' dir='ltr'>γ’.</span> <span class='ocrx_word' id='word_1_177' title='bbox 657 2948 717 3000; x_wconf 90' lang='lat'>&#39;0</span> <span class='ocrx_word' id='word_1_178' title='bbox 764 2948 866 3018; x_wconf 85' lang='grc' dir='ltr'>τῆς</span> <span class='ocrx_word' id='word_1_179' title='bbox 916 2948 1125 3012; x_wconf 86' lang='grc' dir='ltr'>πόλεως</span> <span class='ocrx_word' id='word_1_180' title='bbox 1183 2948 1441 3020; x_wconf 74' lang='grc' dir='ltr'>ἔπαρχος,</span> <span class='ocrx_word' id='word_1_181' title='bbox 1498 2949 1594 3002; x_wconf 68' lang='grc' dir='ltr'><strong>καὶ</strong></span> <span class='ocrx_word' id='word_1_182' title='bbox 1657 2949 1912 3020; x_wconf 83' lang='grc' dir='ltr'>ἐξορίζει,</span> <span class='ocrx_word' id='word_1_183' title='bbox 1952 2951 2046 3004; x_wconf 73' lang='grc' dir='ltr'><strong>καὶ</strong></span> 
     </span>
    </p>
   </div>
   <div class='ocr_carea' id='block_1_32' title="bbox 468 3041 2046 3113">
    <p class='ocr_par' dir='ltr' id='par_1_32' title="bbox 468 3041 2046 3113">
     <span class='ocr_line' id='line_1_32' title="bbox 468 3041 2046 3113; baseline 0.003 -20"><span class='ocrx_word' id='word_1_184' title='bbox 468 3041 792 3113; x_wconf 86' lang='grc' dir='ltr'>περιορίζει,</span> <span class='ocrx_word' id='word_1_185' title='bbox 846 3041 939 3094; x_wconf 82' lang='grc' dir='ltr'>τοῦ</span> <span class='ocrx_word' id='word_1_186' title='bbox 986 3041 1252 3111; x_wconf 81' lang='grc' dir='ltr'>βασιλέως</span> <span class='ocrx_word' id='word_1_187' title='bbox 1300 3041 1400 3112; x_wconf 85' lang='grc' dir='ltr'>τὴν</span> <span class='ocrx_word' id='word_1_188' title='bbox 1451 3044 1612 3113; x_wconf 87' lang='grc' dir='ltr'>νῆσον</span> <span class='ocrx_word' id='word_1_189' title='bbox 1651 3041 1683 3111; x_wconf 77' lang='grc' dir='ltr'>ἢ</span> <span class='ocrx_word' id='word_1_190' title='bbox 1737 3042 1924 3107; x_wconf 87' lang='grc' dir='ltr'>ἁπλῶς</span> <span class='ocrx_word' id='word_1_191' title='bbox 1956 3044 2046 3097; x_wconf 84' lang='grc' dir='ltr'><strong>τὸν</strong></span> 
     </span>
    </p>
   </div>
   <div class='ocr_carea' id='block_1_33' title="bbox 466 3134 956 3206">
    <p class='ocr_par' dir='ltr' id='par_1_33' title="bbox 466 3134 956 3206">
     <span class='ocr_line' id='line_1_33' title="bbox 466 3134 956 3206; baseline 0.006 -20"><span class='ocrx_word' id='word_1_192' title='bbox 466 3134 630 3186; x_wconf 83' lang='grc' dir='ltr'>τόπον</span> <span class='ocrx_word' id='word_1_193' title='bbox 664 3135 956 3206; x_wconf 85' lang='grc' dir='ltr'>ὁρίζοντος.</span> 
     </span>
    </p>
   </div>
   <div class='ocr_carea' id='block_1_34' title="bbox 540 3224 2055 3297">
    <p class='ocr_par' dir='ltr' id='par_1_34' title="bbox 540 3224 2055 3297">
     <span class='ocr_line' id='line_1_34' title="bbox 540 3224 2055 3297; baseline 0 -18"><span class='ocrx_word' id='word_1_194' title='bbox 540 3227 601 3279; x_wconf 83' lang='grc' dir='ltr'>δ’.</span> <span class='ocrx_word' id='word_1_195' title='bbox 644 3227 703 3279; x_wconf 90' lang='lat'>&#39;0</span> <span class='ocrx_word' id='word_1_196' title='bbox 740 3230 838 3295; x_wconf 80' lang='grc' dir='ltr'>τῆς</span> <span class='ocrx_word' id='word_1_197' title='bbox 882 3226 1091 3289; x_wconf 86' lang='grc' dir='ltr'>πόλεως</span> <span class='ocrx_word' id='word_1_198' title='bbox 1150 3225 1411 3297; x_wconf 75' lang='grc' dir='ltr'>ἔπαρχος,</span> <span class='ocrx_word' id='word_1_199' title='bbox 1442 3224 1597 3297; x_wconf 85' lang='grc' dir='ltr'>ζητεῖ</span> <span class='ocrx_word' id='word_1_200' title='bbox 1636 3225 1729 3279; x_wconf 73' lang='grc' dir='ltr'><strong>καὶ</strong></span> <span class='ocrx_word' id='word_1_201' title='bbox 1779 3226 1846 3279; x_wconf 88' lang='grc' dir='ltr'><strong>τά</strong></span> <span class='ocrx_word' id='word_1_202' title='bbox 1904 3226 2055 3290; x_wconf 79' lang='grc' dir='ltr'>ἐντὸς</span> 
     </span>
    </p>
   </div>
   <div class='ocr_carea' id='block_1_35' title="bbox 471 3317 2055 3390">
    <p class='ocr_par' dir='ltr' id='par_1_35' title="bbox 471 3317 2055 3390">
     <span class='ocr_line' id='line_1_35' title="bbox 471 3317 2055 3390; baseline 0 -19"><span class='ocrx_word' id='word_1_203' title='bbox 471 3318 665 3372; x_wconf 74' lang='grc' dir='ltr'>ἑκατὸν</span> <span class='ocrx_word' id='word_1_204' title='bbox 703 3319 894 3389; x_wconf 75' lang='grc' dir='ltr'>μιλίων</span> <span class='ocrx_word' id='word_1_205' title='bbox 927 3319 1026 3390; x_wconf 82' lang='grc' dir='ltr'>τῆς</span> <span class='ocrx_word' id='word_1_206' title='bbox 1067 3318 1276 3382; x_wconf 87' lang='grc' dir='ltr'>πόλεως</span> <span class='ocrx_word' id='word_1_207' title='bbox 1305 3317 1797 3389; x_wconf 79' lang='grc' dir='ltr'>πλημμελούμενα,</span> <span class='ocrx_word' id='word_1_208' title='bbox 1849 3318 1908 3371; x_wconf 84' lang='grc' dir='ltr'><strong>οὐ</strong></span> <span class='ocrx_word' id='word_1_209' title='bbox 1948 3318 2055 3389; x_wconf 79' lang='grc' dir='ltr'>μὴν</span> 
     </span>
    </p>
   </div>
   <div class='ocr_carea' id='block_1_36' title="bbox 468 3412 925 3483">
    <p class='ocr_par' dir='ltr' id='par_1_36' title="bbox 468 3412 925 3483">
     <span class='ocr_line' id='line_1_36' title="bbox 468 3412 925 3483; baseline 0.002 -18"><span class='ocrx_word' id='word_1_210' title='bbox 468 3412 538 3465; x_wconf 68' lang='grc' dir='ltr'><strong>τὰ</strong></span> <span class='ocrx_word' id='word_1_211' title='bbox 570 3412 925 3483; x_wconf 75' lang='grc' dir='ltr'>πορρωτέρω.</span> 
     </span>
    </p>
   </div>
   <div class='ocr_carea' id='block_1_37' title="bbox 543 3501 2058 3575">
    <p class='ocr_par' dir='ltr' id='par_1_37' title="bbox 543 3501 2058 3575">
     <span class='ocr_line' id='line_1_37' title="bbox 543 3501 2058 3575; baseline -0.003 -17"><span class='ocrx_word' id='word_1_212' title='bbox 543 3511 605 3558; x_wconf 80' lang='grc' dir='ltr'>ε’.</span> <span class='ocrx_word' id='word_1_213' title='bbox 649 3506 809 3574; x_wconf 84' lang='grc' dir='ltr'>Παρὰ</span> <span class='ocrx_word' id='word_1_214' title='bbox 838 3504 916 3575; x_wconf 82' lang='grc' dir='ltr'>τῷ</span> <span class='ocrx_word' id='word_1_215' title='bbox 949 3504 1049 3574; x_wconf 85' lang='grc' dir='ltr'>τῆς</span> <span class='ocrx_word' id='word_1_216' title='bbox 1084 3503 1292 3567; x_wconf 89' lang='grc' dir='ltr'>πόλεως</span> <span class='ocrx_word' id='word_1_217' title='bbox 1323 3503 1551 3573; x_wconf 84' lang='grc' dir='ltr'>ἐπάρχῳ</span> <span class='ocrx_word' id='word_1_218' title='bbox 1594 3501 2058 3572; x_wconf 85' lang='grc' dir='ltr'>παραπέμπονται</span> 
     </span>
    </p>
   </div>
   <div class='ocr_carea' id='block_1_38' title="bbox 472 3592 2057 3666">
    <p class='ocr_par' dir='ltr' id='par_1_38' title="bbox 472 3592 2057 3666">
     <span class='ocr_line' id='line_1_38' title="bbox 472 3592 2057 3666; baseline -0.004 -15"><span class='ocrx_word' id='word_1_219' title='bbox 472 3598 568 3651; x_wconf 75' lang='grc' dir='ltr'><strong>καὶ</strong></span> <span class='ocrx_word' id='word_1_220' title='bbox 623 3598 672 3649; x_wconf 79' lang='grc' dir='ltr'>οἱ</span> <span class='ocrx_word' id='word_1_221' title='bbox 724 3597 911 3659; x_wconf 83' lang='grc' dir='ltr'>κακῶς</span> <span class='ocrx_word' id='word_1_222' title='bbox 962 3595 1238 3665; x_wconf 88' lang='grc' dir='ltr'>γινόμενοι</span> <span class='ocrx_word' id='word_1_223' title='bbox 1298 3595 1618 3666; x_wconf 80' lang='grc' dir='ltr'>κηδεμόνες,</span> <span class='ocrx_word' id='word_1_224' title='bbox 1656 3594 1751 3648; x_wconf 73' lang='grc' dir='ltr'><strong>καὶ</strong></span> <span class='ocrx_word' id='word_1_225' title='bbox 1811 3592 2057 3665; x_wconf 80' lang='grc' dir='ltr'>μείζονος</span> 
     </span>
    </p>
   </div>
   <div class='ocr_carea' id='block_1_39' title="bbox 473 3686 2056 3757">
    <p class='ocr_par' dir='ltr' id='par_1_39' title="bbox 473 3686 2056 3757">
     <span class='ocr_line' id='line_1_39' title="bbox 473 3686 2056 3757; baseline -0.002 -16"><span class='ocrx_word' id='word_1_226' title='bbox 473 3689 878 3755; x_wconf 81' lang='grc' dir='ltr'>ὑπεξελεύσεως</span> <span class='ocrx_word' id='word_1_227' title='bbox 907 3686 1224 3757; x_wconf 82' lang='grc' dir='ltr'>χρῄζοντες,</span> <span class='ocrx_word' id='word_1_228' title='bbox 1256 3688 1351 3741; x_wconf 70' lang='grc' dir='ltr'>καὶ</span> <span class='ocrx_word' id='word_1_229' title='bbox 1374 3690 1421 3740; x_wconf 79' lang='grc' dir='ltr'>οἱ</span> <span class='ocrx_word' id='word_1_230' title='bbox 1452 3686 1747 3749; x_wconf 84' lang='grc' dir='ltr'>δεδωκότες</span> <span class='ocrx_word' id='word_1_231' title='bbox 1771 3686 2056 3756; x_wconf 86' lang='grc' dir='ltr'>χρήματα,</span> 
     </span>
    </p>
   </div>
   <div class='ocr_carea' id='block_1_40' title="bbox 472 3778 2057 3850">
    <p class='ocr_par' dir='ltr' id='par_1_40' title="bbox 472 3778 2057 3850">
     <span class='ocr_line' id='line_1_40' title="bbox 472 3778 2057 3850; baseline -0.002 -17"><span class='ocrx_word' id='word_1_232' title='bbox 472 3783 568 3833; x_wconf 75' lang='grc' dir='ltr'><strong>ἐπὶ</strong></span> <span class='ocrx_word' id='word_1_233' title='bbox 621 3783 679 3835; x_wconf 82' lang='grc' dir='ltr'><strong>τὸ</strong></span> <span class='ocrx_word' id='word_1_234' title='bbox 724 3784 1093 3850; x_wconf 82' lang='grc' dir='ltr'>ἐπιτροπᾶσαι</span> <span class='ocrx_word' id='word_1_235' title='bbox 1128 3780 1162 3850; x_wconf 80' lang='grc' dir='ltr'><strong>ἢ</strong></span> <span class='ocrx_word' id='word_1_236' title='bbox 1195 3779 1455 3843; x_wconf 75' lang='grc' dir='ltr'>λαϐόντες</span> <span class='ocrx_word' id='word_1_237' title='bbox 1512 3780 1591 3842; x_wconf 88' lang='grc' dir='ltr'>εἰς</span> <span class='ocrx_word' id='word_1_238' title='bbox 1644 3778 1706 3831; x_wconf 83' lang='grc' dir='ltr'><strong>τὸ</strong></span> <span class='ocrx_word' id='word_1_239' title='bbox 1747 3778 2057 3848; x_wconf 88' lang='grc' dir='ltr'>ἐμποδίσαι,</span> 
     </span>
    </p>
   </div>
   <div class='ocr_carea' id='block_1_41' title="bbox 474 3869 2058 3943">
    <p class='ocr_par' dir='ltr' id='par_1_41' title="bbox 474 3869 2058 3943">
     <span class='ocr_line' id='line_1_41' title="bbox 474 3869 2058 3943; baseline -0.002 -18"><span class='ocrx_word' id='word_1_240' title='bbox 474 3873 730 3941; x_wconf 78' lang='grc' dir='ltr'>γενέσθαι</span> <span class='ocrx_word' id='word_1_241' title='bbox 758 3872 1103 3943; x_wconf 76' lang='grc' dir='ltr'>ἐπιτηδείους</span> <span class='ocrx_word' id='word_1_242' title='bbox 1136 3873 1231 3926; x_wconf 66' lang='grc' dir='ltr'>καὶ</span> <span class='ocrx_word' id='word_1_243' title='bbox 1264 3872 1313 3924; x_wconf 82' lang='grc' dir='ltr'><strong>οἱ</strong></span> <span class='ocrx_word' id='word_1_244' title='bbox 1347 3870 1603 3940; x_wconf 87' lang='grc' dir='ltr'>ἐπίτηδες</span> <span class='ocrx_word' id='word_1_245' title='bbox 1647 3869 1888 3939; x_wconf 84' lang='grc' dir='ltr'>ἡττόνως</span> <span class='ocrx_word' id='word_1_246' title='bbox 1919 3870 2058 3923; x_wconf 87' lang='grc' dir='ltr'>ἀπο-</span> 
     </span>
    </p>
   </div>
   <div class='ocr_carea' id='block_1_42' title="bbox 474 3961 2061 4037">
    <p class='ocr_par' dir='ltr' id='par_1_42' title="bbox 474 3961 2061 4037">
     <span class='ocr_line' id='line_1_42' title="bbox 474 3961 2061 4037; baseline -0.003 -18"><span class='ocrx_word' id='word_1_247' title='bbox 474 3966 816 4037; x_wconf 76' lang='grc' dir='ltr'>γραψάμενοι</span> <span class='ocrx_word' id='word_1_248' title='bbox 842 3966 911 4019; x_wconf 83' lang='grc' dir='ltr'><strong>τά</strong></span> <span class='ocrx_word' id='word_1_249' title='bbox 935 3965 1037 4020; x_wconf 80' lang='grc' dir='ltr'>τοῦ</span> <span class='ocrx_word' id='word_1_250' title='bbox 1068 3964 1190 4019; x_wconf 87' lang='grc' dir='ltr'>νέου</span> <span class='ocrx_word' id='word_1_251' title='bbox 1218 3963 1544 4035; x_wconf 88' lang='grc' dir='ltr'>πράγματα,</span> <span class='ocrx_word' id='word_1_252' title='bbox 1574 3961 1607 4032; x_wconf 83' lang='grc' dir='ltr'>ἢ</span> <span class='ocrx_word' id='word_1_253' title='bbox 1635 3961 1886 4030; x_wconf 84' lang='grc' dir='ltr'>φανερῶς</span> <span class='ocrx_word' id='word_1_254' title='bbox 1920 3961 2061 4016; x_wconf 88' lang='grc' dir='ltr'><strong>κατά</strong></span> 
     </span>
    </p>
   </div>
   <div class='ocr_carea' id='block_1_43' title="bbox 474 4060 1075 4130">
    <p class='ocr_par' dir='ltr' id='par_1_43' title="bbox 474 4060 1075 4130">
     <span class='ocr_line' id='line_1_43' title="bbox 474 4060 1075 4130; baseline 0.005 -18"><span class='ocrx_word' id='word_1_255' title='bbox 474 4061 626 4113; x_wconf 85' lang='grc' dir='ltr'>δόλον</span> <span class='ocrx_word' id='word_1_256' title='bbox 655 4060 1075 4130; x_wconf 85' lang='grc' dir='ltr'>ἐκποιήσαντες.</span> 
     </span>
    </p>
   </div>
   <div class='ocr_carea' id='block_1_44' title="bbox 550 4144 2059 4219">
    <p class='ocr_par' dir='ltr' id='par_1_44' title="bbox 550 4144 2059 4219">
     <span class='ocr_line' id='line_1_44' title="bbox 550 4144 2059 4219; baseline 0.009 -18"><span class='ocrx_word' id='word_1_257' title='bbox 550 4156 626 4214; x_wconf 80' lang='grc' dir='ltr'>ς’.</span> <span class='ocrx_word' id='word_1_258' title='bbox 669 4149 727 4202; x_wconf 91' lang='lat'><strong>&#39;0</strong></span> <span class='ocrx_word' id='word_1_259' title='bbox 764 4152 863 4219; x_wconf 81' lang='grc' dir='ltr'><strong>τῆς</strong></span> <span class='ocrx_word' id='word_1_260' title='bbox 944 4149 1152 4212; x_wconf 91' lang='grc' dir='ltr'>πόλεως</span> <span class='ocrx_word' id='word_1_261' title='bbox 1207 4148 1448 4217; x_wconf 77' lang='grc' dir='ltr'>ἔπαρχος</span> <span class='ocrx_word' id='word_1_262' title='bbox 1503 4144 1778 4216; x_wconf 75' lang='grc' dir='ltr'>φροντίζει</span> <span class='ocrx_word' id='word_1_263' title='bbox 1835 4144 1929 4198; x_wconf 67' lang='grc' dir='ltr'><strong>τοῦ</strong></span> <span class='ocrx_word' id='word_1_264' title='bbox 1986 4144 2059 4213; x_wconf 74' lang='grc' dir='ltr'><strong>μὴ</strong></span> 
     </span>
    </p>
   </div>
   <div class='ocr_carea' id='block_1_45' title="bbox 476 4234 2059 4312">
    <p class='ocr_par' dir='ltr' id='par_1_45' title="bbox 476 4234 2059 4312">
     <span class='ocr_line' id='line_1_45' title="bbox 476 4234 2059 4312; baseline -0.005 -18"><span class='ocrx_word' id='word_1_265' title='bbox 476 4242 781 4312; x_wconf 79' lang='grc' dir='ltr'>προστῆναι</span> <span class='ocrx_word' id='word_1_266' title='bbox 809 4242 901 4293; x_wconf 76' lang='grc' dir='ltr'><strong>ἐπὶ</strong></span> <span class='ocrx_word' id='word_1_267' title='bbox 949 4239 1179 4311; x_wconf 83' lang='grc' dir='ltr'>πορνείᾳ</span> <span class='ocrx_word' id='word_1_268' title='bbox 1214 4237 1470 4308; x_wconf 80' lang='grc' dir='ltr'>δημοσίᾳ,</span> <span class='ocrx_word' id='word_1_269' title='bbox 1510 4235 1818 4305; x_wconf 85' lang='grc' dir='ltr'>ἀνδράποδα</span> <span class='ocrx_word' id='word_1_270' title='bbox 1844 4234 1937 4288; x_wconf 79' lang='grc' dir='ltr'><strong>καὶ</strong></span> <span class='ocrx_word' id='word_1_271' title='bbox 1964 4234 2059 4287; x_wconf 70' lang='grc' dir='ltr'>τοῦ</span> 
     </span>
    </p>
   </div>
   <div class='ocr_carea' id='block_1_46' title="bbox 480 4327 2062 4402">
    <p class='ocr_par' dir='ltr' id='par_1_46' title="bbox 480 4327 2062 4402">
     <span class='ocr_line' id='line_1_46' title="bbox 480 4327 2062 4402; baseline -0.004 -16"><span class='ocrx_word' id='word_1_272' title='bbox 480 4334 693 4396; x_wconf 79' lang='grc' dir='ltr'>πιστῶς</span> <span class='ocrx_word' id='word_1_273' title='bbox 752 4332 1141 4386; x_wconf 76' lang='grc' dir='ltr'>συναλλάσσειν</span> <span class='ocrx_word' id='word_1_274' title='bbox 1198 4333 1328 4395; x_wconf 77' lang='grc' dir='ltr'>τοὺς</span> <span class='ocrx_word' id='word_1_275' title='bbox 1374 4330 1732 4402; x_wconf 83' lang='grc' dir='ltr'>τραπεζίτας,</span> <span class='ocrx_word' id='word_1_276' title='bbox 1792 4327 1885 4381; x_wconf 72' lang='grc' dir='ltr'><strong>καὶ</strong></span> <span class='ocrx_word' id='word_1_277' title='bbox 1956 4328 2062 4381; x_wconf 81' lang='grc' dir='ltr'>ἀπ-</span> 
     </span>
    </p>
   </div>
   <div class='ocr_carea' id='block_1_47' title="bbox 476 4422 1279 4492">
    <p class='ocr_par' dir='ltr' id='par_1_47' title="bbox 476 4422 1279 4492">
     <span class='ocr_line' id='line_1_47' title="bbox 476 4422 1279 4492; baseline 0.004 -18"><span class='ocrx_word' id='word_1_278' title='bbox 476 4424 697 4492; x_wconf 85' lang='grc' dir='ltr'>έχεσθαι</span> <span class='ocrx_word' id='word_1_279' title='bbox 727 4423 836 4476; x_wconf 88' lang='grc' dir='ltr'><strong>τῶν</strong></span> <span class='ocrx_word' id='word_1_280' title='bbox 859 4422 1279 4492; x_wconf 85' lang='grc' dir='ltr'>κεκωλυμένων.</span> 
     </span>
    </p>
   </div>
   <div class='ocr_carea' id='block_1_48' title="bbox 2145 559 3715 629">
    <p class='ocr_par' dir='ltr' id='par_1_48' title="bbox 2145 559 3715 629">
     <span class='ocr_line' id='line_1_48' title="bbox 2145 559 3715 629; baseline 0.004 -18"><span class='ocrx_word' id='word_1_281' title='bbox 2145 575 2275 614; x_wconf 90' lang='lat' dir='ltr'><strong>vero</strong></span> <span class='ocrx_word' id='word_1_282' title='bbox 2308 559 2433 614; x_wconf 87' lang='lat' dir='ltr'><strong>licet</strong></span> <span class='ocrx_word' id='word_1_283' title='bbox 2476 561 2639 613; x_wconf 85' lang='lat' dir='ltr'><strong>etiam</strong></span> <span class='ocrx_word' id='word_1_284' title='bbox 2683 562 2735 614; x_wconf 93' lang='lat' dir='ltr'><strong>in</strong></span> <span class='ocrx_word' id='word_1_285' title='bbox 2790 562 3017 616; x_wconf 87' lang='lat' dir='ltr'><strong>aliarum</strong></span> <span class='ocrx_word' id='word_1_286' title='bbox 3070 563 3276 617; x_wconf 85' lang='lat' dir='ltr'><strong>sediutn</strong></span> <span class='ocrx_word' id='word_1_287' title='bbox 3311 563 3624 629; x_wconf 88' lang='lat' dir='ltr'><strong>territoriis,</strong></span> <span class='ocrx_word' id='word_1_288' title='bbox 3662 567 3715 618; x_wconf 91' lang='lat' dir='ltr'><strong>in</strong></span> 
     </span>
    </p>
   </div>
   <div class='ocr_carea' id='block_1_49' title="bbox 2146 655 3723 724">
    <p class='ocr_par' dir='ltr' id='par_1_49' title="bbox 2146 655 3723 724">
     <span class='ocr_line' id='line_1_49' title="bbox 2146 655 3723 724; baseline 0.004 -17"><span class='ocrx_word' id='word_1_289' title='bbox 2146 655 2341 724; x_wconf 84' lang='lat' dir='ltr'><strong>quibus</strong></span> <span class='ocrx_word' id='word_1_290' title='bbox 2391 656 2506 708; x_wconf 77' lang='lat' dir='ltr'><strong>haec</strong></span> <span class='ocrx_word' id='word_1_291' title='bbox 2540 656 2895 723; x_wconf 57' lang='lat' dir='ltr'><strong>praerogativa</strong></span> <span class='ocrx_word' id='word_1_292' title='bbox 2927 671 3032 710; x_wconf 89' lang='lat' dir='ltr'><strong>non</strong></span> <span class='ocrx_word' id='word_1_293' title='bbox 3076 664 3180 722; x_wconf 88' lang='lat' dir='ltr'><strong>est,</strong></span> <span class='ocrx_word' id='word_1_294' title='bbox 3213 658 3458 711; x_wconf 89' lang='lat' dir='ltr'><strong>crucium</strong></span> <span class='ocrx_word' id='word_1_295' title='bbox 3494 658 3723 714; x_wconf 78' lang='lat' dir='ltr'><strong>ﬁxiones</strong></span> 
     </span>
    </p>
   </div>
   <div class='ocr_carea' id='block_1_50' title="bbox 2146 743 3724 813">
    <p class='ocr_par' dir='ltr' id='par_1_50' title="bbox 2146 743 3724 813">
     <span class='ocr_line' id='line_1_50' title="bbox 2146 743 3724 813; baseline 0.003 -15"><span class='ocrx_word' id='word_1_296' title='bbox 2146 745 2199 799; x_wconf 92' lang='lat' dir='ltr'><strong>in</strong></span> <span class='ocrx_word' id='word_1_297' title='bbox 2228 743 2439 813; x_wconf 92' lang='lat' dir='ltr'><strong>templis</strong></span> <span class='ocrx_word' id='word_1_298' title='bbox 2470 744 2767 799; x_wconf 77' lang='lat' dir='ltr'><strong>concedere</strong></span> <span class='ocrx_word' id='word_1_299' title='bbox 2799 763 2810 797; x_wconf 92' lang='lat'>:</span> <span class='ocrx_word' id='word_1_300' title='bbox 2848 760 3020 813; x_wconf 89' lang='lat' dir='ltr'><strong>neque</strong></span> <span class='ocrx_word' id='word_1_301' title='bbox 3047 746 3147 800; x_wconf 85' lang='lat' dir='ltr'><strong>hoc</strong></span> <span class='ocrx_word' id='word_1_302' title='bbox 3172 748 3369 810; x_wconf 89' lang='lat' dir='ltr'><strong>solum,</strong></span> <span class='ocrx_word' id='word_1_303' title='bbox 3403 749 3496 801; x_wconf 86' lang='lat' dir='ltr'><strong>sed</strong></span> <span class='ocrx_word' id='word_1_304' title='bbox 3520 758 3574 802; x_wconf 88' lang='lat' dir='ltr'><strong>et</strong></span> <span class='ocrx_word' id='word_1_305' title='bbox 3599 764 3724 803; x_wconf 88' lang='lat' dir='ltr'><strong>con-</strong></span> 
     </span>
    </p>
   </div>
   <div class='ocr_carea' id='block_1_51' title="bbox 2145 838 3720 897">
    <p class='ocr_par' dir='ltr' id='par_1_51' title="bbox 2145 838 3720 897">
     <span class='ocr_line' id='line_1_51' title="bbox 2145 838 3720 897; baseline 0 -3"><span class='ocrx_word' id='word_1_306' title='bbox 2145 840 2438 895; x_wconf 88' lang='lat' dir='ltr'><strong>troversias</strong></span> <span class='ocrx_word' id='word_1_307' title='bbox 2490 840 2543 893; x_wconf 92' lang='lat' dir='ltr'><strong>in</strong></span> <span class='ocrx_word' id='word_1_308' title='bbox 2582 838 2704 893; x_wconf 91' lang='lat' dir='ltr'><strong>aliis</strong></span> <span class='ocrx_word' id='word_1_309' title='bbox 2748 839 2963 895; x_wconf 97' lang='lat' dir='ltr'><strong>sedibus</strong></span> <span class='ocrx_word' id='word_1_310' title='bbox 2995 848 3211 894; x_wconf 70' lang='lat' dir='ltr'><strong>exortas</strong></span> <span class='ocrx_word' id='word_1_311' title='bbox 3239 840 3491 897; x_wconf 83' lang='lat' dir='ltr'><strong>dirimere</strong></span> <span class='ocrx_word' id='word_1_312' title='bbox 3545 855 3608 895; x_wconf 93' lang='lat' dir='ltr'><strong>ac</strong></span> <span class='ocrx_word' id='word_1_313' title='bbox 3638 841 3720 894; x_wconf 79' lang='lat' dir='ltr'><strong>di-</strong></span> 
     </span>
    </p>
   </div>
   <div class='ocr_carea' id='block_1_52' title="bbox 2138 933 2614 1003">
    <p class='ocr_par' dir='ltr' id='par_1_52' title="bbox 2138 933 2614 1003">
     <span class='ocr_line' id='line_1_52' title="bbox 2138 933 2614 1003; baseline -0.004 -16"><span class='ocrx_word' id='word_1_314' title='bbox 2138 933 2385 1003; x_wconf 86' lang='lat' dir='ltr'><strong>judicare</strong></span> <span class='ocrx_word' id='word_1_315' title='bbox 2414 941 2614 1001; x_wconf 82' lang='lat' dir='ltr'><strong>potest.</strong></span> 
     </span>
    </p>
   </div>
   <div class='ocr_carea' id='block_1_53' title="bbox 2125 1138 2136 1167">
    <p class='ocr_par' dir='ltr' id='par_1_53' title="bbox 2125 1138 2136 1167">
     <span class='ocr_line' id='line_1_53' title="bbox 2125 1138 2136 1167; baseline 0 0"><span class='ocrx_word' id='word_1_316' title='bbox 2125 1138 2136 1167; x_wconf 78' lang='lat'><strong><em>\</em></strong></span> 
     </span>
    </p>
   </div>
   <div class='ocr_carea' id='block_1_54' title="bbox 2215 1196 3720 1267">
    <p class='ocr_par' dir='ltr' id='par_1_54' title="bbox 2215 1196 3720 1267">
     <span class='ocr_line' id='line_1_54' title="bbox 2215 1196 3720 1267; baseline -0.002 -15"><span class='ocrx_word' id='word_1_317' title='bbox 2215 1199 2301 1252; x_wconf 76' lang='lat' dir='ltr'><strong>ll.</strong></span> <span class='ocrx_word' id='word_1_318' title='bbox 2336 1196 2414 1252; x_wconf 84' lang='lat' dir='ltr'><strong>Ad</strong></span> <span class='ocrx_word' id='word_1_319' title='bbox 2445 1197 2815 1267; x_wconf 79' lang='lat' dir='ltr'><strong>patriarcltatn</strong></span> <span class='ocrx_word' id='word_1_320' title='bbox 2856 1204 3067 1267; x_wconf 91' lang='lat' dir='ltr'><strong>spectat</strong></span> <span class='ocrx_word' id='word_1_321' title='bbox 3096 1211 3227 1251; x_wconf 89' lang='lat' dir='ltr'><strong>cura</strong></span> <span class='ocrx_word' id='word_1_322' title='bbox 3254 1199 3495 1251; x_wconf 91' lang='lat' dir='ltr'><strong>omnium</strong></span> <span class='ocrx_word' id='word_1_323' title='bbox 3540 1211 3720 1251; x_wconf 90' lang='lat' dir='ltr'><strong>rerum</strong></span> 
     </span>
    </p>
   </div>
   <div class='ocr_carea' id='block_1_55' title="bbox 2146 1288 3723 1357">
    <p class='ocr_par' dir='ltr' id='par_1_55' title="bbox 2146 1288 3723 1357">
     <span class='ocr_line' id='line_1_55' title="bbox 2146 1288 3723 1357; baseline -0.001 -15"><span class='ocrx_word' id='word_1_324' title='bbox 2146 1290 2211 1343; x_wconf 91' lang='lat' dir='ltr'><strong>ad</strong></span> <span class='ocrx_word' id='word_1_325' title='bbox 2248 1290 2443 1343; x_wconf 67' lang='lat' dir='ltr'><strong>animae</strong></span> <span class='ocrx_word' id='word_1_326' title='bbox 2485 1289 2711 1343; x_wconf 91' lang='lat' dir='ltr'><strong>salutem</strong></span> <span class='ocrx_word' id='word_1_327' title='bbox 2764 1289 3176 1357; x_wconf 80' lang='lat' dir='ltr'><strong>pertinentium,</strong></span> <span class='ocrx_word' id='word_1_328' title='bbox 3238 1288 3567 1343; x_wconf 83' lang='lat' dir='ltr'><strong>transfertur</strong></span> <span class='ocrx_word' id='word_1_329' title='bbox 3594 1303 3723 1342; x_wconf 87' lang='lat' dir='ltr'><strong>vero</strong></span> 
     </span>
    </p>
   </div>
   <div class='ocr_carea' id='block_1_56' title="bbox 2146 1379 3725 1450">
    <p class='ocr_par' dir='ltr' id='par_1_56' title="bbox 2146 1379 3725 1450">
     <span class='ocr_line' id='line_1_56' title="bbox 2146 1379 3725 1450; baseline -0.002 -15"><span class='ocrx_word' id='word_1_330' title='bbox 2146 1390 2201 1435; x_wconf 92' lang='lat' dir='ltr'><strong>et</strong></span> <span class='ocrx_word' id='word_1_331' title='bbox 2250 1382 2316 1434; x_wconf 90' lang='lat' dir='ltr'><strong>ad</strong></span> <span class='ocrx_word' id='word_1_332' title='bbox 2367 1380 2501 1435; x_wconf 89' lang='lat' dir='ltr'><strong>alios</strong></span> <span class='ocrx_word' id='word_1_333' title='bbox 2549 1380 2743 1449; x_wconf 86' lang='lat' dir='ltr'><strong>quibus</strong></span> <span class='ocrx_word' id='word_1_334' title='bbox 2800 1381 2915 1450; x_wconf 89' lang='lat' dir='ltr'><strong>ipse</strong></span> <span class='ocrx_word' id='word_1_335' title='bbox 2968 1380 3352 1435; x_wconf 83' lang='lat' dir='ltr'><strong>mandaverit:</strong></span> <span class='ocrx_word' id='word_1_336' title='bbox 3388 1379 3639 1433; x_wconf 80' lang='lat' dir='ltr'><strong>similiter</strong></span> <span class='ocrx_word' id='word_1_337' title='bbox 3669 1390 3725 1434; x_wconf 81' lang='lat' dir='ltr'><strong>et</strong></span> 
     </span>
    </p>
   </div>
   <div class='ocr_carea' id='block_1_57' title="bbox 2145 1471 3722 1543">
    <p class='ocr_par' dir='ltr' id='par_1_57' title="bbox 2145 1471 3722 1543">
     <span class='ocr_line' id='line_1_57' title="bbox 2145 1471 3722 1543; baseline -0.003 -15"><span class='ocrx_word' id='word_1_338' title='bbox 2145 1472 2501 1543; x_wconf 52' lang='lat' dir='ltr'><strong>paenitentiae,</strong></span> <span class='ocrx_word' id='word_1_339' title='bbox 2523 1482 2576 1528; x_wconf 89' lang='lat' dir='ltr'><strong>et</strong></span> <span class='ocrx_word' id='word_1_340' title='bbox 2596 1473 2968 1528; x_wconf 87' lang='lat' dir='ltr'><strong>conversionis</strong></span> <span class='ocrx_word' id='word_1_341' title='bbox 2992 1488 3019 1526; x_wconf 92' lang='lat' dir='ltr'><strong>a</strong></span> <span class='ocrx_word' id='word_1_342' title='bbox 3056 1473 3295 1543; x_wconf 87' lang='lat' dir='ltr'><strong>peccatis</strong></span> <span class='ocrx_word' id='word_1_343' title='bbox 3323 1480 3377 1525; x_wconf 91' lang='lat' dir='ltr'><strong>et</strong></span> <span class='ocrx_word' id='word_1_344' title='bbox 3404 1471 3722 1525; x_wconf 65' lang='lat' dir='ltr'><strong>ltzeresibus.</strong></span> 
     </span>
    </p>
   </div>
   <div class='ocr_carea' id='block_1_58' title="bbox 2147 1558 3723 1631">
    <p class='ocr_par' dir='ltr' id='par_1_58' title="bbox 2147 1558 3723 1631">
     <span class='ocr_line' id='line_1_58' title="bbox 2147 1558 3723 1631; baseline -0.003 -15"><span class='ocrx_word' id='word_1_345' title='bbox 2147 1561 2268 1631; x_wconf 91' lang='lat' dir='ltr'><strong>Ipse</strong></span> <span class='ocrx_word' id='word_1_346' title='bbox 2297 1574 2474 1616; x_wconf 91' lang='lat' dir='ltr'><strong>autem</strong></span> <span class='ocrx_word' id='word_1_347' title='bbox 2522 1566 2671 1617; x_wconf 89' lang='lat' dir='ltr'><strong>solus</strong></span> <span class='ocrx_word' id='word_1_348' title='bbox 2705 1562 3052 1617; x_wconf 84' lang='lat' dir='ltr'><strong>constituitur</strong></span> <span class='ocrx_word' id='word_1_349' title='bbox 3095 1563 3426 1628; x_wconf 86' lang='lat' dir='ltr'><strong>disceptator</strong></span> <span class='ocrx_word' id='word_1_350' title='bbox 3455 1569 3509 1613; x_wconf 90' lang='lat' dir='ltr'><strong>et</strong></span> <span class='ocrx_word' id='word_1_351' title='bbox 3537 1558 3723 1628; x_wconf 80' lang='lat' dir='ltr'><strong>judex,</strong></span> 
     </span>
    </p>
   </div>
   <div class='ocr_carea' id='block_1_59' title="bbox 2151 1654 3726 1725">
    <p class='ocr_par' dir='ltr' id='par_1_59' title="bbox 2151 1654 3726 1725">
     <span class='ocr_line' id='line_1_59' title="bbox 2151 1654 3726 1725; baseline -0.004 -16"><span class='ocrx_word' id='word_1_352' title='bbox 2151 1668 2261 1709; x_wconf 90' lang='lat' dir='ltr'><strong>tum</strong></span> <span class='ocrx_word' id='word_1_353' title='bbox 2292 1665 2346 1710; x_wconf 92' lang='lat' dir='ltr'><strong>et</strong></span> <span class='ocrx_word' id='word_1_354' title='bbox 2377 1657 2411 1709; x_wconf 92' lang='lat' dir='ltr'><strong>ii</strong></span> <span class='ocrx_word' id='word_1_355' title='bbox 2448 1655 2644 1725; x_wconf 87' lang='lat' dir='ltr'><strong>quibus</strong></span> <span class='ocrx_word' id='word_1_356' title='bbox 2690 1654 2808 1724; x_wconf 90' lang='lat' dir='ltr'><strong>ipse</strong></span> <span class='ocrx_word' id='word_1_357' title='bbox 2844 1655 3226 1709; x_wconf 85' lang='lat' dir='ltr'><strong>mandaverit:</strong></span> <span class='ocrx_word' id='word_1_358' title='bbox 3263 1654 3357 1709; x_wconf 90' lang='lat' dir='ltr'><strong>sed</strong></span> <span class='ocrx_word' id='word_1_359' title='bbox 3388 1662 3441 1706; x_wconf 91' lang='lat' dir='ltr'><strong>et</strong></span> <span class='ocrx_word' id='word_1_360' title='bbox 3476 1666 3572 1721; x_wconf 90' lang='lat' dir='ltr'><strong>per</strong></span> <span class='ocrx_word' id='word_1_361' title='bbox 3608 1664 3726 1703; x_wconf 84' lang='lat' dir='ltr'><strong>me-</strong></span> 
     </span>
    </p>
   </div>
   <div class='ocr_carea' id='block_1_60' title="bbox 2152 1739 3731 1813">
    <p class='ocr_par' dir='ltr' id='par_1_60' title="bbox 2152 1739 3731 1813">
     <span class='ocr_line' id='line_1_60' title="bbox 2152 1739 3731 1813; baseline -0.005 -14"><span class='ocrx_word' id='word_1_362' title='bbox 2152 1745 2385 1813; x_wconf 91' lang='lat' dir='ltr'><strong>tropoles</strong></span> <span class='ocrx_word' id='word_1_363' title='bbox 2428 1756 2482 1797; x_wconf 88' lang='lat' dir='ltr'><strong>et</strong></span> <span class='ocrx_word' id='word_1_364' title='bbox 2536 1744 2899 1813; x_wconf 82' lang='lat' dir='ltr'><strong>episcOpatus,</strong></span> <span class='ocrx_word' id='word_1_365' title='bbox 2947 1742 3306 1811; x_wconf 87' lang='lat' dir='ltr'><strong>metropolitis</strong></span> <span class='ocrx_word' id='word_1_366' title='bbox 3360 1750 3414 1796; x_wconf 89' lang='lat' dir='ltr'><strong>et</strong></span> <span class='ocrx_word' id='word_1_367' title='bbox 3457 1739 3731 1811; x_wconf 81' lang='lat' dir='ltr'><strong>episcopis</strong></span> 
     </span>
    </p>
   </div>
   <div class='ocr_carea' id='block_1_61' title="bbox 2150 1834 3382 1904">
    <p class='ocr_par' dir='ltr' id='par_1_61' title="bbox 2150 1834 3382 1904">
     <span class='ocr_line' id='line_1_61' title="bbox 2150 1834 3382 1904; baseline -0.005 -13"><span class='ocrx_word' id='word_1_368' title='bbox 2150 1834 2341 1891; x_wconf 86' lang='lat' dir='ltr'><strong>eadem</strong></span> <span class='ocrx_word' id='word_1_369' title='bbox 2373 1842 2617 1903; x_wconf 84' lang='lat' dir='ltr'><strong>potestas</strong></span> <span class='ocrx_word' id='word_1_370' title='bbox 2646 1844 2697 1891; x_wconf 90' lang='lat' dir='ltr'><strong>et</strong></span> <span class='ocrx_word' id='word_1_371' title='bbox 2729 1834 3085 1904; x_wconf 69' lang='lat' dir='ltr'><strong>praerogativa</strong></span> <span class='ocrx_word' id='word_1_372' title='bbox 3116 1842 3382 1889; x_wconf 85' lang='lat' dir='ltr'><strong>servatur.</strong></span> 
     </span>
    </p>
   </div>
   <div class='ocr_carea' id='block_1_62' title="bbox 2725 2012 3135 2070">
    <p class='ocr_par' dir='ltr' id='par_1_62' title="bbox 2725 2012 3135 2070">
     <span class='ocr_line' id='line_1_62' title="bbox 2725 2012 3135 2070; baseline -0.005 -2"><span class='ocrx_word' id='word_1_373' title='bbox 2725 2012 3031 2070; x_wconf 79' lang='lat' dir='ltr'><strong>TITULUS</strong></span> <span class='ocrx_word' id='word_1_374' title='bbox 3069 2013 3135 2067; x_wconf 83' lang='lat' dir='ltr'><strong>IV</strong></span> 
     </span>
    </p>
   </div>
   <div class='ocr_carea' id='block_1_63' title="bbox 2576 2102 3302 2172">
    <p class='ocr_par' dir='ltr' id='par_1_63' title="bbox 2576 2102 3302 2172">
     <span class='ocr_line' id='line_1_63' title="bbox 2576 2102 3302 2172; baseline -0.003 -15"><span class='ocrx_word' id='word_1_375' title='bbox 2576 2104 2653 2157; x_wconf 87' lang='lat' dir='ltr'><strong>De</strong></span> <span class='ocrx_word' id='word_1_376' title='bbox 2676 2104 2841 2171; x_wconf 71' lang='lat' dir='ltr'><strong>ofﬁcio</strong></span> <span class='ocrx_word' id='word_1_377' title='bbox 2878 2102 3111 2172; x_wconf 73' lang='lat' dir='ltr'><strong>prazfecti</strong></span> <span class='ocrx_word' id='word_1_378' title='bbox 3138 2102 3302 2155; x_wconf 74' lang='lat' dir='ltr'><strong>urbis.</strong></span> 
     </span>
    </p>
   </div>
   <div class='ocr_carea' id='block_1_64' title="bbox 2225 2192 3729 2270">
    <p class='ocr_par' dir='ltr' id='par_1_64' title="bbox 2225 2192 3729 2270">
     <span class='ocr_line' id='line_1_64' title="bbox 2225 2192 3729 2270; baseline -0.004 -16"><span class='ocrx_word' id='word_1_379' title='bbox 2225 2201 2276 2254; x_wconf 79' lang='lat' dir='ltr'><strong>l.</strong></span> <span class='ocrx_word' id='word_1_380' title='bbox 2307 2198 2391 2270; x_wconf 90' lang='lat' dir='ltr'><strong>(L.</strong></span> <span class='ocrx_word' id='word_1_381' title='bbox 2419 2215 2455 2261; x_wconf 83' lang='grc' dir='ltr'><strong>ι,</strong></span> <span class='ocrx_word' id='word_1_382' title='bbox 2484 2198 2540 2252; x_wconf 80' lang='lat' dir='ltr'><strong>in</strong></span> <span class='ocrx_word' id='word_1_383' title='bbox 2568 2214 2650 2266; x_wconf 84' lang='lat' dir='ltr'><strong>pr.</strong></span> <span class='ocrx_word' id='word_1_384' title='bbox 2691 2198 2752 2265; x_wconf 79' lang='grc' dir='ltr'><strong>ῙῙ.</strong></span> <span class='ocrx_word' id='word_1_385' title='bbox 2789 2196 2868 2251; x_wconf 83' lang='lat' dir='ltr'><strong>De</strong></span> <span class='ocrx_word' id='word_1_386' title='bbox 2899 2197 3279 2267; x_wconf 60' lang='lat' dir='ltr'><strong>omapmfect.</strong></span> <span class='ocrx_word' id='word_1_387' title='bbox 3314 2194 3456 2265; x_wconf 84' lang='lat' dir='ltr'><strong>urb.)</strong></span> <span class='ocrx_word' id='word_1_388' title='bbox 3496 2192 3729 2248; x_wconf 79' lang='lat' dir='ltr'><strong>Praefec-</strong></span> 
     </span>
    </p>
   </div>
   <div class='ocr_carea' id='block_1_65' title="bbox 2153 2285 3729 2356">
    <p class='ocr_par' dir='ltr' id='par_1_65' title="bbox 2153 2285 3729 2356">
     <span class='ocr_line' id='line_1_65' title="bbox 2153 2285 3729 2356; baseline -0.006 -10"><span class='ocrx_word' id='word_1_389' title='bbox 2153 2300 2239 2347; x_wconf 90' lang='lat' dir='ltr'><strong>tus</strong></span> <span class='ocrx_word' id='word_1_390' title='bbox 2274 2291 2391 2345; x_wconf 90' lang='lat' dir='ltr'><strong>urbi</strong></span> <span class='ocrx_word' id='word_1_391' title='bbox 2423 2290 2604 2347; x_wconf 87' lang='lat' dir='ltr'><strong>omnia</strong></span> <span class='ocrx_word' id='word_1_392' title='bbox 2634 2289 2854 2344; x_wconf 90' lang='lat' dir='ltr'><strong>omnino</strong></span> <span class='ocrx_word' id='word_1_393' title='bbox 2878 2287 3109 2343; x_wconf 91' lang='lat' dir='ltr'><strong>crimina</strong></span> <span class='ocrx_word' id='word_1_394' title='bbox 3150 2285 3398 2356; x_wconf 88' lang='lat' dir='ltr'><strong>inquirit,</strong></span> <span class='ocrx_word' id='word_1_395' title='bbox 3427 2293 3481 2339; x_wconf 90' lang='lat' dir='ltr'><strong>et</strong></span> <span class='ocrx_word' id='word_1_396' title='bbox 3514 2285 3579 2340; x_wconf 89' lang='lat' dir='ltr'><strong>de</strong></span> <span class='ocrx_word' id='word_1_397' title='bbox 3609 2298 3729 2339; x_wconf 87' lang='lat' dir='ltr'><strong>om-</strong></span> 
     </span>
    </p>
   </div>
   <div class='ocr_carea' id='block_1_66' title="bbox 2154 2379 3621 2452">
    <p class='ocr_par' dir='ltr' id='par_1_66' title="bbox 2154 2379 3621 2452">
     <span class='ocr_line' id='line_1_66' title="bbox 2154 2379 3621 2452; baseline -0.004 -13"><span class='ocrx_word' id='word_1_398' title='bbox 2154 2386 2311 2439; x_wconf 85' lang='lat' dir='ltr'><strong>nibus</strong></span> <span class='ocrx_word' id='word_1_399' title='bbox 2341 2399 2459 2452; x_wconf 66' lang='lat' dir='ltr'><strong>qute</strong></span> <span class='ocrx_word' id='word_1_400' title='bbox 2484 2386 2624 2440; x_wconf 90' lang='lat' dir='ltr'><strong>intra</strong></span> <span class='ocrx_word' id='word_1_401' title='bbox 2658 2384 2847 2437; x_wconf 88' lang='lat' dir='ltr'><strong>urbem</strong></span> <span class='ocrx_word' id='word_1_402' title='bbox 2883 2382 3265 2445; x_wconf 88' lang='lat' dir='ltr'><strong>admittuntur,</strong></span> <span class='ocrx_word' id='word_1_403' title='bbox 3317 2379 3621 2448; x_wconf 74' lang='lat' dir='ltr'><strong>cognoscit.</strong></span> 
     </span>
    </p>
   </div>
   <div class='ocr_carea' id='block_1_67' title="bbox 2224 2471 3730 2545">
    <p class='ocr_par' dir='ltr' id='par_1_67' title="bbox 2224 2471 3730 2545">
     <span class='ocr_line' id='line_1_67' title="bbox 2224 2471 3730 2545; baseline -0.003 -17"><span class='ocrx_word' id='word_1_404' title='bbox 2224 2476 2279 2528; x_wconf 75' lang='lat'><strong>2.</strong></span> <span class='ocrx_word' id='word_1_405' title='bbox 2308 2475 2604 2530; x_wconf 69' lang='lat' dir='ltr'><strong>Praefectus</strong></span> <span class='ocrx_word' id='word_1_406' title='bbox 2633 2475 2775 2540; x_wconf 87' lang='lat' dir='ltr'><strong>urbi,</strong></span> <span class='ocrx_word' id='word_1_407' title='bbox 2812 2489 3020 2539; x_wconf 88' lang='lat' dir='ltr'><strong>servos,</strong></span> <span class='ocrx_word' id='word_1_408' title='bbox 3051 2474 3141 2545; x_wconf 81' lang='lat' dir='ltr'><strong>qui</strong></span> <span class='ocrx_word' id='word_1_409' title='bbox 3175 2474 3243 2529; x_wconf 87' lang='lat' dir='ltr'><strong>ad</strong></span> <span class='ocrx_word' id='word_1_410' title='bbox 3290 2483 3505 2528; x_wconf 86' lang='lat' dir='ltr'><strong>statuas</strong></span> <span class='ocrx_word' id='word_1_411' title='bbox 3536 2471 3730 2526; x_wconf 51' lang='lat' dir='ltr'><strong>contus</strong></span> 
     </span>
    </p>
   </div>
   <div class='ocr_carea' id='block_1_68' title="bbox 2154 2565 3730 2639">
    <p class='ocr_par' dir='ltr' id='par_1_68' title="bbox 2154 2565 3730 2639">
     <span class='ocr_line' id='line_1_68' title="bbox 2154 2565 3730 2639; baseline -0.004 -16"><span class='ocrx_word' id='word_1_412' title='bbox 2154 2568 2357 2639; x_wconf 86' lang='lat' dir='ltr'><strong>gerint,</strong></span> <span class='ocrx_word' id='word_1_413' title='bbox 2405 2568 2605 2637; x_wconf 79' lang='lat' dir='ltr'><strong>quique</strong></span> <span class='ocrx_word' id='word_1_414' title='bbox 2631 2582 2689 2622; x_wconf 88' lang='lat' dir='ltr'><strong>se</strong></span> <span class='ocrx_word' id='word_1_415' title='bbox 2722 2581 2815 2621; x_wconf 90' lang='lat' dir='ltr'><strong>sua</strong></span> <span class='ocrx_word' id='word_1_416' title='bbox 2864 2566 3090 2635; x_wconf 86' lang='lat' dir='ltr'><strong>pecunia</strong></span> <span class='ocrx_word' id='word_1_417' title='bbox 3134 2574 3345 2635; x_wconf 89' lang='lat' dir='ltr'><strong>emptos</strong></span> <span class='ocrx_word' id='word_1_418' title='bbox 3395 2565 3649 2619; x_wconf 60' lang='lat' dir='ltr'><strong>dixerint»</strong></span> <span class='ocrx_word' id='word_1_419' title='bbox 3671 2575 3730 2617; x_wconf 86' lang='lat' dir='ltr'><strong>ut</strong></span> 
     </span>
    </p>
   </div>
   <div class='ocr_carea' id='block_1_69' title="bbox 2158 2654 3732 2725">
    <p class='ocr_par' dir='ltr' id='par_1_69' title="bbox 2158 2654 3732 2725">
     <span class='ocr_line' id='line_1_69' title="bbox 2158 2654 3732 2725; baseline -0.003 -13"><span class='ocrx_word' id='word_1_420' title='bbox 2158 2658 2632 2725; x_wconf 90' lang='lat' dir='ltr'><strong>manumittantur,</strong></span> <span class='ocrx_word' id='word_1_421' title='bbox 2689 2657 2895 2723; x_wconf 88' lang='lat' dir='ltr'><strong>audiet,</strong></span> <span class='ocrx_word' id='word_1_422' title='bbox 2940 2655 3035 2713; x_wconf 86' lang='lat' dir='ltr'><strong>sed</strong></span> <span class='ocrx_word' id='word_1_423' title='bbox 3077 2665 3134 2713; x_wconf 91' lang='lat' dir='ltr'><strong>et</strong></span> <span class='ocrx_word' id='word_1_424' title='bbox 3184 2666 3461 2725; x_wconf 87' lang='lat' dir='ltr'><strong>patronos,</strong></span> <span class='ocrx_word' id='word_1_425' title='bbox 3494 2654 3732 2711; x_wconf 81' lang='lat' dir='ltr'><strong>maxime</strong></span> 
     </span>
    </p>
   </div>
   <div class='ocr_carea' id='block_1_70' title="bbox 2155 2746 3478 2820">
    <p class='ocr_par' dir='ltr' id='par_1_70' title="bbox 2155 2746 3478 2820">
     <span class='ocr_line' id='line_1_70' title="bbox 2155 2746 3478 2820; baseline -0.004 -14"><span class='ocrx_word' id='word_1_426' title='bbox 2155 2751 2201 2806; x_wconf 90' lang='lat' dir='ltr'><strong>si</strong></span> <span class='ocrx_word' id='word_1_427' title='bbox 2238 2758 2458 2820; x_wconf 85' lang='lat' dir='ltr'><strong>egentes</strong></span> <span class='ocrx_word' id='word_1_428' title='bbox 2481 2749 2610 2818; x_wconf 91' lang='lat' dir='ltr'><strong>sint,</strong></span> <span class='ocrx_word' id='word_1_429' title='bbox 2640 2748 3055 2818; x_wconf 87' lang='lat' dir='ltr'><strong>desiderentque</strong></span> <span class='ocrx_word' id='word_1_430' title='bbox 3084 2761 3115 2801; x_wconf 90' lang='lat' dir='ltr'><strong>a</strong></span> <span class='ocrx_word' id='word_1_431' title='bbox 3146 2747 3355 2803; x_wconf 84' lang='lat' dir='ltr'><strong>libertis</strong></span> <span class='ocrx_word' id='word_1_432' title='bbox 3385 2746 3478 2801; x_wconf 91' lang='lat' dir='ltr'><strong>ali.</strong></span> 
     </span>
    </p>
   </div>
   <div class='ocr_carea' id='block_1_71' title="bbox 2224 2933 3735 3010">
    <p class='ocr_par' dir='ltr' id='par_1_71' title="bbox 2224 2933 3735 3010">
     <span class='ocr_line' id='line_1_71' title="bbox 2224 2933 3735 3010; baseline -0.005 -15"><span class='ocrx_word' id='word_1_433' title='bbox 2224 2942 2276 2995; x_wconf 72' lang='lat'><strong>3.</strong></span> <span class='ocrx_word' id='word_1_434' title='bbox 2312 2940 2397 3010; x_wconf 92' lang='lat' dir='ltr'><strong>(L.</strong></span> <span class='ocrx_word' id='word_1_435' title='bbox 2428 2939 2576 3008; x_wconf 79' lang='lat' dir='ltr'><strong>ead.)</strong></span> <span class='ocrx_word' id='word_1_436' title='bbox 2606 2937 2902 2993; x_wconf 69' lang='lat' dir='ltr'><strong>Praefectus</strong></span> <span class='ocrx_word' id='word_1_437' title='bbox 2941 2936 3059 2991; x_wconf 90' lang='lat' dir='ltr'><strong>urbi</strong></span> <span class='ocrx_word' id='word_1_438' title='bbox 3082 2944 3138 2993; x_wconf 87' lang='lat' dir='ltr'><strong>et</strong></span> <span class='ocrx_word' id='word_1_439' title='bbox 3162 2934 3436 3005; x_wconf 87' lang='lat' dir='ltr'><strong>relegandi</strong></span> <span class='ocrx_word' id='word_1_440' title='bbox 3462 2941 3517 2989; x_wconf 84' lang='lat' dir='ltr'><strong>et</strong></span> <span class='ocrx_word' id='word_1_441' title='bbox 3541 2933 3735 3005; x_wconf 83' lang='lat' dir='ltr'><strong>depor-</strong></span> 
     </span>
    </p>
   </div>
   <div class='ocr_carea' id='block_1_72' title="bbox 2157 3028 3736 3099">
    <p class='ocr_par' dir='ltr' id='par_1_72' title="bbox 2157 3028 3736 3099">
     <span class='ocr_line' id='line_1_72' title="bbox 2157 3028 3736 3099; baseline -0.004 -11"><span class='ocrx_word' id='word_1_442' title='bbox 2157 3034 2303 3088; x_wconf 89' lang='lat' dir='ltr'><strong>tandi</strong></span> <span class='ocrx_word' id='word_1_443' title='bbox 2337 3034 2390 3087; x_wconf 94' lang='lat' dir='ltr'><strong>in</strong></span> <span class='ocrx_word' id='word_1_444' title='bbox 2438 3032 2669 3087; x_wconf 91' lang='lat' dir='ltr'><strong>insulam</strong></span> <span class='ocrx_word' id='word_1_445' title='bbox 2710 3030 2796 3086; x_wconf 87' lang='lat' dir='ltr'><strong>vel</strong></span> <span class='ocrx_word' id='word_1_446' title='bbox 2839 3032 3089 3099; x_wconf 85' lang='lat' dir='ltr'><strong>quemvis</strong></span> <span class='ocrx_word' id='word_1_447' title='bbox 3135 3029 3338 3097; x_wconf 88' lang='lat' dir='ltr'><strong>locum,</strong></span> <span class='ocrx_word' id='word_1_448' title='bbox 3364 3042 3527 3099; x_wconf 87' lang='lat' dir='ltr'><strong>quem</strong></span> <span class='ocrx_word' id='word_1_449' title='bbox 3566 3028 3736 3098; x_wconf 87' lang='lat' dir='ltr'><strong>impe-</strong></span> 
     </span>
    </p>
   </div>
   <div class='ocr_carea' id='block_1_73' title="bbox 2080 3118 3167 3205">
    <p class='ocr_par' dir='ltr' id='par_1_73' title="bbox 2080 3118 3167 3205">
     <span class='ocr_line' id='line_1_73' title="bbox 2080 3118 3167 3205; baseline -0.005 -26"><span class='ocrx_word' id='word_1_450' title='bbox 2080 3142 2125 3205; x_wconf 68' lang='grc' dir='ltr'>ρ</span> <span class='ocrx_word' id='word_1_451' title='bbox 2159 3132 2309 3179; x_wconf 85' lang='lat' dir='ltr'><strong>rator</strong></span> <span class='ocrx_word' id='word_1_452' title='bbox 2338 3122 2650 3192; x_wconf 76' lang='lat' dir='ltr'><strong>assignavit,</strong></span> <span class='ocrx_word' id='word_1_453' title='bbox 2686 3120 2957 3175; x_wconf 88' lang='lat' dir='ltr'><strong>licentiam</strong></span> <span class='ocrx_word' id='word_1_454' title='bbox 2987 3118 3167 3175; x_wconf 83' lang='lat' dir='ltr'><strong>habet.</strong></span> 
     </span>
    </p>
   </div>
   <div class='ocr_carea' id='block_1_74' title="bbox 2232 3214 3737 3289">
    <p class='ocr_par' dir='ltr' id='par_1_74' title="bbox 2232 3214 3737 3289">
     <span class='ocr_line' id='line_1_74' title="bbox 2232 3214 3737 3289; baseline -0.003 -15"><span class='ocrx_word' id='word_1_455' title='bbox 2232 3221 2284 3274; x_wconf 78' lang='grc'>4.</span> <span class='ocrx_word' id='word_1_456' title='bbox 2331 3219 2415 3289; x_wconf 90' lang='lat' dir='ltr'><strong>(L.</strong></span> <span class='ocrx_word' id='word_1_457' title='bbox 2455 3220 2573 3272; x_wconf 86' lang='lat' dir='ltr'><strong>ead.</strong></span> <span class='ocrx_word' id='word_1_458' title='bbox 2621 3217 2650 3289; x_wconf 85' lang='lat'>§</span> <span class='ocrx_word' id='word_1_459' title='bbox 2702 3218 2778 3287; x_wconf 83' lang='lat' dir='ltr'><strong>l.)</strong></span> <span class='ocrx_word' id='word_1_460' title='bbox 2826 3216 3119 3271; x_wconf 62' lang='lat' dir='ltr'><strong>Praefectus</strong></span> <span class='ocrx_word' id='word_1_461' title='bbox 3167 3214 3289 3270; x_wconf 90' lang='lat' dir='ltr'><strong>urbi</strong></span> <span class='ocrx_word' id='word_1_462' title='bbox 3340 3214 3618 3283; x_wconf 79' lang='lat' dir='ltr'><strong>cognoscit</strong></span> <span class='ocrx_word' id='word_1_463' title='bbox 3668 3214 3737 3269; x_wconf 87' lang='lat' dir='ltr'><strong>de</strong></span> 
     </span>
    </p>
   </div>
   <div class='ocr_carea' id='block_1_75' title="bbox 2158 3305 3732 3380">
    <p class='ocr_par' dir='ltr' id='par_1_75' title="bbox 2158 3305 3732 3380">
     <span class='ocr_line' id='line_1_75' title="bbox 2158 3305 3732 3380; baseline -0.004 -15"><span class='ocrx_word' id='word_1_464' title='bbox 2158 3311 2412 3366; x_wconf 89' lang='lat' dir='ltr'><strong>omnibus</strong></span> <span class='ocrx_word' id='word_1_465' title='bbox 2434 3325 2553 3380; x_wconf 79' lang='lat' dir='ltr'><strong>quae</strong></span> <span class='ocrx_word' id='word_1_466' title='bbox 2577 3309 2716 3363; x_wconf 91' lang='lat' dir='ltr'><strong>intra</strong></span> <span class='ocrx_word' id='word_1_467' title='bbox 2751 3308 3110 3365; x_wconf 87' lang='lat' dir='ltr'><strong>centesimum</strong></span> <span class='ocrx_word' id='word_1_468' title='bbox 3164 3306 3456 3361; x_wconf 86' lang='lat' dir='ltr'><strong>miliarium</strong></span> <span class='ocrx_word' id='word_1_469' title='bbox 3496 3305 3732 3367; x_wconf 80' lang='lat' dir='ltr'><strong>admissa</strong></span> 
     </span>
    </p>
   </div>
   <div class='ocr_carea' id='block_1_76' title="bbox 2159 3387 3570 3472">
    <p class='ocr_par' dir='ltr' id='par_1_76' title="bbox 2159 3387 3570 3472">
     <span class='ocr_line' id='line_1_76' title="bbox 2159 3387 3570 3472; baseline -0.007 -11"><span class='ocrx_word' id='word_1_470' title='bbox 2159 3413 2306 3471; x_wconf 91' lang='lat' dir='ltr'><strong>sunt,</strong></span> <span class='ocrx_word' id='word_1_471' title='bbox 2341 3416 2447 3458; x_wconf 81' lang='lat' dir='ltr'><strong>non</strong></span> <span class='ocrx_word' id='word_1_472' title='bbox 2474 3402 2541 3457; x_wconf 90' lang='lat' dir='ltr'><strong>de</strong></span> <span class='ocrx_word' id='word_1_473' title='bbox 2571 3402 2635 3457; x_wconf 89' lang='lat' dir='ltr'><strong>iis</strong></span> <span class='ocrx_word' id='word_1_474' title='bbox 2657 3416 2778 3472; x_wconf 77' lang='lat' dir='ltr'><strong>quae</strong></span> <span class='ocrx_word' id='word_1_475' title='bbox 2805 3399 3056 3454; x_wconf 89' lang='lat' dir='ltr'><strong>ulterius.</strong></span> <span class='ocrx_word' id='word_1_476' title='bbox 3232 3392 3235 3397; x_wconf 36' lang='grc' dir='ltr'><strong>λ</strong></span> <span class='ocrx_word' id='word_1_477' title='bbox 3562 3387 3570 3397; x_wconf 87' lang='grc'><em>’</em></span> 
     </span>
    </p>
   </div>
   <div class='ocr_carea' id='block_1_77' title="bbox 2228 3488 3737 3570">
    <p class='ocr_par' dir='ltr' id='par_1_77' title="bbox 2228 3488 3737 3570">
     <span class='ocr_line' id='line_1_77' title="bbox 2228 3488 3737 3570; baseline -0.008 -16"><span class='ocrx_word' id='word_1_478' title='bbox 2228 3499 2281 3555; x_wconf 85' lang='grc'>5.</span> <span class='ocrx_word' id='word_1_479' title='bbox 2318 3496 2366 3570; x_wconf 86' lang='lat'><strong>(§</strong></span> <span class='ocrx_word' id='word_1_480' title='bbox 2390 3497 2469 3567; x_wconf 75' lang='lat'><strong>2.)</strong></span> <span class='ocrx_word' id='word_1_481' title='bbox 2496 3495 2576 3550; x_wconf 88' lang='lat' dir='ltr'><strong>Ad</strong></span> <span class='ocrx_word' id='word_1_482' title='bbox 2607 3494 2918 3565; x_wconf 70' lang='lat' dir='ltr'><strong>praefectum</strong></span> <span class='ocrx_word' id='word_1_483' title='bbox 2950 3492 3100 3547; x_wconf 89' lang='lat' dir='ltr'><strong>urbis</strong></span> <span class='ocrx_word' id='word_1_484' title='bbox 3132 3491 3293 3547; x_wconf 88' lang='lat' dir='ltr'><strong>etiam</strong></span> <span class='ocrx_word' id='word_1_485' title='bbox 3322 3490 3524 3547; x_wconf 87' lang='lat' dir='ltr'><strong>remitti</strong></span> <span class='ocrx_word' id='word_1_486' title='bbox 3558 3488 3737 3544; x_wconf 88' lang='lat' dir='ltr'><strong>solent</strong></span> 
     </span>
    </p>
   </div>
   <div class='ocr_carea' id='block_1_78' title="bbox 2160 3580 3738 3658">
    <p class='ocr_par' dir='ltr' id='par_1_78' title="bbox 2160 3580 3738 3658">
     <span class='ocr_line' id='line_1_78' title="bbox 2160 3580 3738 3658; baseline -0.006 -15"><span class='ocrx_word' id='word_1_487' title='bbox 2160 3589 2197 3645; x_wconf 94' lang='lat' dir='ltr'><strong>ii</strong></span> <span class='ocrx_word' id='word_1_488' title='bbox 2255 3587 2347 3658; x_wconf 91' lang='lat' dir='ltr'><strong>qui</strong></span> <span class='ocrx_word' id='word_1_489' title='bbox 2396 3586 2534 3641; x_wconf 91' lang='lat' dir='ltr'><strong>male</strong></span> <span class='ocrx_word' id='word_1_490' title='bbox 2590 3586 2811 3640; x_wconf 88' lang='lat' dir='ltr'><strong>tutelam</strong></span> <span class='ocrx_word' id='word_1_491' title='bbox 2864 3582 3334 3647; x_wconf 86' lang='lat' dir='ltr'><strong>administrarunt,</strong></span> <span class='ocrx_word' id='word_1_492' title='bbox 3385 3591 3440 3636; x_wconf 89' lang='lat' dir='ltr'><strong>et</strong></span> <span class='ocrx_word' id='word_1_493' title='bbox 3489 3580 3738 3647; x_wconf 79' lang='lat' dir='ltr'><strong>graviore</strong></span> 
     </span>
    </p>
   </div>
   <div class='ocr_carea' id='block_1_79' title="bbox 2161 3671 3737 3745">
    <p class='ocr_par' dir='ltr' id='par_1_79' title="bbox 2161 3671 3737 3745">
     <span class='ocr_line' id='line_1_79' title="bbox 2161 3671 3737 3745; baseline -0.007 -11"><span class='ocrx_word' id='word_1_494' title='bbox 2161 3679 2634 3734; x_wconf 85' lang='lat' dir='ltr'><strong>animadversione</strong></span> <span class='ocrx_word' id='word_1_495' title='bbox 2701 3677 2971 3745; x_wconf 82' lang='lat' dir='ltr'><strong>indigent;</strong></span> <span class='ocrx_word' id='word_1_496' title='bbox 3040 3674 3241 3744; x_wconf 85' lang='lat' dir='ltr'><strong>quique</strong></span> <span class='ocrx_word' id='word_1_497' title='bbox 3302 3682 3528 3728; x_wconf 80' lang='lat' dir='ltr'><strong>tutelam</strong></span> <span class='ocrx_word' id='word_1_498' title='bbox 3594 3671 3737 3726; x_wconf 88' lang='lat' dir='ltr'><strong>datis</strong></span> 
     </span>
    </p>
   </div>
   <div class='ocr_carea' id='block_1_80' title="bbox 2161 3764 3736 3837">
    <p class='ocr_par' dir='ltr' id='par_1_80' title="bbox 2161 3764 3736 3837">
     <span class='ocr_line' id='line_1_80' title="bbox 2161 3764 3736 3837; baseline -0.007 -11"><span class='ocrx_word' id='word_1_499' title='bbox 2161 3771 2399 3826; x_wconf 91' lang='lat' dir='ltr'><strong>nummis</strong></span> <span class='ocrx_word' id='word_1_500' title='bbox 2431 3776 2784 3837; x_wconf 89' lang='lat' dir='ltr'><strong>occuparunt,</strong></span> <span class='ocrx_word' id='word_1_501' title='bbox 2815 3776 2907 3820; x_wconf 90' lang='lat' dir='ltr'><strong>aut</strong></span> <span class='ocrx_word' id='word_1_502' title='bbox 2930 3767 3170 3835; x_wconf 82' lang='lat' dir='ltr'><strong>acceptis</strong></span> <span class='ocrx_word' id='word_1_503' title='bbox 3191 3779 3412 3834; x_wconf 85' lang='lat' dir='ltr'><strong>operam</strong></span> <span class='ocrx_word' id='word_1_504' title='bbox 3447 3764 3736 3827; x_wconf 73' lang='lat' dir='ltr'><strong>dederunt,</strong></span> 
     </span>
    </p>
   </div>
   <div class='ocr_carea' id='block_1_81' title="bbox 2162 3851 3736 3921">
    <p class='ocr_par' dir='ltr' id='par_1_81' title="bbox 2162 3851 3736 3921">
     <span class='ocr_line' id='line_1_81' title="bbox 2162 3851 3736 3921; baseline -0.006 -6"><span class='ocrx_word' id='word_1_505' title='bbox 2162 3871 2222 3915; x_wconf 92' lang='lat' dir='ltr'><strong>ut</strong></span> <span class='ocrx_word' id='word_1_506' title='bbox 2249 3875 2356 3915; x_wconf 90' lang='lat' dir='ltr'><strong>non</strong></span> <span class='ocrx_word' id='word_1_507' title='bbox 2385 3859 2610 3913; x_wconf 83' lang='lat' dir='ltr'><strong>idoneus</strong></span> <span class='ocrx_word' id='word_1_508' title='bbox 2637 3866 2787 3911; x_wconf 87' lang='lat' dir='ltr'><strong>tutor</strong></span> <span class='ocrx_word' id='word_1_509' title='bbox 2812 3855 2972 3908; x_wconf 90' lang='lat' dir='ltr'><strong>alicui</strong></span> <span class='ocrx_word' id='word_1_510' title='bbox 2996 3855 3237 3917; x_wconf 86' lang='lat' dir='ltr'><strong>daretur,</strong></span> <span class='ocrx_word' id='word_1_511' title='bbox 3260 3854 3463 3921; x_wconf 88' lang='lat' dir='ltr'><strong>quique</strong></span> <span class='ocrx_word' id='word_1_512' title='bbox 3489 3851 3736 3907; x_wconf 76' lang='lat' dir='ltr'><strong>consulto</strong></span> 
     </span>
    </p>
   </div>
   <div class='ocr_carea' id='block_1_82' title="bbox 2164 3940 3735 4011">
    <p class='ocr_par' dir='ltr' id='par_1_82' title="bbox 2164 3940 3735 4011">
     <span class='ocr_line' id='line_1_82' title="bbox 2164 3940 3735 4011; baseline -0.006 -10"><span class='ocrx_word' id='word_1_513' title='bbox 2164 3949 2309 4002; x_wconf 90' lang='lat' dir='ltr'><strong>circa</strong></span> <span class='ocrx_word' id='word_1_514' title='bbox 2356 3944 2623 4000; x_wconf 91' lang='lat' dir='ltr'><strong>edendum</strong></span> <span class='ocrx_word' id='word_1_515' title='bbox 2670 3940 3059 4011; x_wconf 90' lang='lat' dir='ltr'><strong>patrimonium</strong></span> <span class='ocrx_word' id='word_1_516' title='bbox 3105 3940 3465 4007; x_wconf 89' lang='lat' dir='ltr'><strong>quantitatem</strong></span> <span class='ocrx_word' id='word_1_517' title='bbox 3520 3941 3735 3994; x_wconf 57' lang='lat' dir='ltr'><strong>minue-r</strong></span> 
     </span>
    </p>
   </div>
   <div class='ocr_carea' id='block_1_83' title="bbox 2162 4032 3658 4107">
    <p class='ocr_par' dir='ltr' id='par_1_83' title="bbox 2162 4032 3658 4107">
     <span class='ocr_line' id='line_1_83' title="bbox 2162 4032 3658 4107; baseline -0.005 -10"><span class='ocrx_word' id='word_1_518' title='bbox 2162 4051 2307 4107; x_wconf 88' lang='lat' dir='ltr'><strong>runt,</strong></span> <span class='ocrx_word' id='word_1_519' title='bbox 2337 4040 2422 4095; x_wconf 89' lang='lat' dir='ltr'><strong>vel</strong></span> <span class='ocrx_word' id='word_1_520' title='bbox 2456 4036 2692 4091; x_wconf 87' lang='lat' dir='ltr'><strong>evidenti</strong></span> <span class='ocrx_word' id='word_1_521' title='bbox 2722 4034 2915 4088; x_wconf 84' lang='lat' dir='ltr'><strong>fraude</strong></span> <span class='ocrx_word' id='word_1_522' title='bbox 2942 4032 3128 4102; x_wconf 90' lang='lat' dir='ltr'><strong>pupilli</strong></span> <span class='ocrx_word' id='word_1_523' title='bbox 3159 4033 3297 4087; x_wconf 84' lang='lat' dir='ltr'><strong>bona</strong></span> <span class='ocrx_word' id='word_1_524' title='bbox 3330 4034 3658 4089; x_wconf 85' lang='lat' dir='ltr'><strong>alienarunt.</strong></span> 
     </span>
    </p>
   </div>
   <div class='ocr_carea' id='block_1_84' title="bbox 2235 4123 3741 4202">
    <p class='ocr_par' dir='ltr' id='par_1_84' title="bbox 2235 4123 3741 4202">
     <span class='ocr_line' id='line_1_84' title="bbox 2235 4123 3741 4202; baseline -0.005 -14"><span class='ocrx_word' id='word_1_525' title='bbox 2235 4132 2289 4188; x_wconf 83' lang='grc'>6.</span> <span class='ocrx_word' id='word_1_526' title='bbox 2332 4129 2383 4202; x_wconf 81' lang='lat'>(§</span> <span class='ocrx_word' id='word_1_527' title='bbox 2410 4128 2489 4199; x_wconf 79' lang='lat'><strong>5.)</strong></span> <span class='ocrx_word' id='word_1_528' title='bbox 2526 4126 2819 4183; x_wconf 57' lang='lat' dir='ltr'><strong>Praefectus</strong></span> <span class='ocrx_word' id='word_1_529' title='bbox 2849 4124 2968 4180; x_wconf 88' lang='lat' dir='ltr'><strong>urbi</strong></span> <span class='ocrx_word' id='word_1_530' title='bbox 3022 4138 3219 4179; x_wconf 89' lang='lat' dir='ltr'><strong>curare</strong></span> <span class='ocrx_word' id='word_1_531' title='bbox 3255 4123 3413 4180; x_wconf 85' lang='lat' dir='ltr'><strong>debet</strong></span> <span class='ocrx_word' id='word_1_532' title='bbox 3447 4134 3506 4180; x_wconf 91' lang='lat' dir='ltr'><strong>ut</strong></span> <span class='ocrx_word' id='word_1_533' title='bbox 3536 4126 3741 4181; x_wconf 82' lang='lat' dir='ltr'><strong>manci-</strong></span> 
     </span>
    </p>
   </div>
   <div class='ocr_carea' id='block_1_85' title="bbox 2164 4219 3742 4297">
    <p class='ocr_par' dir='ltr' id='par_1_85' title="bbox 2164 4219 3742 4297">
     <span class='ocr_line' id='line_1_85' title="bbox 2164 4219 3742 4297; baseline -0.006 -16"><span class='ocrx_word' id='word_1_534' title='bbox 2164 4226 2253 4297; x_wconf 89' lang='lat' dir='ltr'><strong>pia</strong></span> <span class='ocrx_word' id='word_1_535' title='bbox 2279 4233 2493 4280; x_wconf 91' lang='lat' dir='ltr'><strong>tueatur</strong></span> <span class='ocrx_word' id='word_1_536' title='bbox 2518 4234 2585 4275; x_wconf 88' lang='lat' dir='ltr'><strong>ne</strong></span> <span class='ocrx_word' id='word_1_537' title='bbox 2625 4219 3044 4291; x_wconf 86' lang='lat' dir='ltr'><strong>prostituantur,</strong></span> <span class='ocrx_word' id='word_1_538' title='bbox 3082 4224 3345 4288; x_wconf 77' lang='lat' dir='ltr'><strong>praeterea</strong></span> <span class='ocrx_word' id='word_1_539' title='bbox 3386 4228 3444 4272; x_wconf 93' lang='lat' dir='ltr'><strong>ut</strong></span> <span class='ocrx_word' id='word_1_540' title='bbox 3475 4234 3742 4273; x_wconf 79' lang='lat' dir='ltr'><strong>nummu-</strong></span> 
     </span>
    </p>
   </div>
   <div class='ocr_carea' id='block_1_86' title="bbox 2166 4308 3734 4385">
    <p class='ocr_par' dir='ltr' id='par_1_86' title="bbox 2166 4308 3734 4385">
     <span class='ocr_line' id='line_1_86' title="bbox 2166 4308 3734 4385; baseline -0.006 -14"><span class='ocrx_word' id='word_1_541' title='bbox 2166 4316 2287 4371; x_wconf 90' lang='lat' dir='ltr'><strong>larii</strong></span> <span class='ocrx_word' id='word_1_542' title='bbox 2318 4313 2485 4385; x_wconf 89' lang='lat' dir='ltr'><strong>probe</strong></span> <span class='ocrx_word' id='word_1_543' title='bbox 2513 4326 2572 4367; x_wconf 90' lang='lat' dir='ltr'><strong>se</strong></span> <span class='ocrx_word' id='word_1_544' title='bbox 2614 4318 2805 4379; x_wconf 80' lang='lat' dir='ltr'><strong>gerant</strong></span> <span class='ocrx_word' id='word_1_545' title='bbox 2848 4308 2994 4364; x_wconf 90' lang='lat' dir='ltr'><strong>circa</strong></span> <span class='ocrx_word' id='word_1_546' title='bbox 3045 4323 3205 4364; x_wconf 88' lang='lat' dir='ltr'><strong>omne</strong></span> <span class='ocrx_word' id='word_1_547' title='bbox 3250 4308 3525 4378; x_wconf 75' lang='lat' dir='ltr'><strong>negotium</strong></span> <span class='ocrx_word' id='word_1_548' title='bbox 3558 4324 3734 4376; x_wconf 90' lang='lat' dir='ltr'><strong>suum,</strong></span> 
     </span>
    </p>
   </div>
   <div class='ocr_carea' id='block_1_87' title="bbox 2167 4400 3389 4475">
    <p class='ocr_par' dir='ltr' id='par_1_87' title="bbox 2167 4400 3389 4475">
     <span class='ocr_line' id='line_1_87' title="bbox 2167 4400 3389 4475; baseline -0.006 -12"><span class='ocrx_word' id='word_1_549' title='bbox 2167 4418 2221 4465; x_wconf 90' lang='lat' dir='ltr'><strong>et</strong></span> <span class='ocrx_word' id='word_1_550' title='bbox 2247 4411 2551 4475; x_wconf 88' lang='lat' dir='ltr'><strong>temperent</strong></span> <span class='ocrx_word' id='word_1_551' title='bbox 2575 4403 2643 4457; x_wconf 91' lang='lat' dir='ltr'><strong>ab</strong></span> <span class='ocrx_word' id='word_1_552' title='bbox 2670 4402 2755 4456; x_wconf 89' lang='lat' dir='ltr'><strong>his</strong></span> <span class='ocrx_word' id='word_1_553' title='bbox 2789 4415 2911 4471; x_wconf 83' lang='lat' dir='ltr'><strong>quae</strong></span> <span class='ocrx_word' id='word_1_554' title='bbox 2948 4408 3076 4455; x_wconf 89' lang='lat' dir='ltr'><strong>sunt</strong></span> <span class='ocrx_word' id='word_1_555' title='bbox 3099 4400 3389 4469; x_wconf 86' lang='lat' dir='ltr'><strong>prohibita.</strong></span> 
     </span>
    </p>
   </div>
   <div class='ocr_carea' id='block_1_88' title="bbox 549 4492 2050 4582">
    <p class='ocr_par' dir='ltr' id='par_1_88' title="bbox 549 4510 2050 4582">
     <span class='ocr_line' id='line_1_88' title="bbox 549 4510 2050 4582; baseline -0.003 -15"><span class='ocrx_word' id='word_1_556' title='bbox 549 4514 615 4578; x_wconf 84' lang='grc' dir='ltr'>ζ’.</span> <span class='ocrx_word' id='word_1_557' title='bbox 659 4514 718 4566; x_wconf 89' lang='lat'><strong>&#39;0</strong></span> <span class='ocrx_word' id='word_1_558' title='bbox 750 4514 848 4582; x_wconf 81' lang='grc' dir='ltr'>τῆς</span> <span class='ocrx_word' id='word_1_559' title='bbox 900 4513 1108 4575; x_wconf 88' lang='grc' dir='ltr'>πόλεως</span> <span class='ocrx_word' id='word_1_560' title='bbox 1146 4511 1387 4582; x_wconf 77' lang='grc' dir='ltr'>ἔπαρχος</span> <span class='ocrx_word' id='word_1_561' title='bbox 1418 4510 1741 4581; x_wconf 81' lang='grc' dir='ltr'>σωφρονίζει</span> <span class='ocrx_word' id='word_1_562' title='bbox 1795 4511 1888 4563; x_wconf 76' lang='grc' dir='ltr'><strong>καὶ</strong></span> <span class='ocrx_word' id='word_1_563' title='bbox 1934 4510 2050 4572; x_wconf 81' lang='grc' dir='ltr'>τοὺς</span> 
     </span>
    </p>
   </div>
   <div class='ocr_carea' id='block_1_89' title="bbox 2157 4492 3737 4582">
    <p class='ocr_par' dir='ltr' id='par_1_89' title="bbox 2203 4492 3737 4569">
     <span class='ocr_line' id='line_1_89' title="bbox 2203 4492 3737 4569; baseline -0.004 -17"><span class='ocrx_word' id='word_1_564' title='bbox 2203 4499 2292 4569; x_wconf 57' lang='grc' dir='ltr'><strong>ε,7.</strong></span> <span class='ocrx_word' id='word_1_565' title='bbox 2330 4497 2382 4569; x_wconf 69' lang='grc' dir='ltr'>(ς</span> <span class='ocrx_word' id='word_1_566' title='bbox 2412 4496 2490 4567; x_wconf 74' lang='grc'><strong>4.)</strong></span> <span class='ocrx_word' id='word_1_567' title='bbox 2527 4494 2822 4551; x_wconf 63' lang='lat' dir='ltr'><strong>Praefectus</strong></span> <span class='ocrx_word' id='word_1_568' title='bbox 2867 4492 2987 4548; x_wconf 78' lang='lat' dir='ltr'><strong>urbi</strong></span> <span class='ocrx_word' id='word_1_569' title='bbox 3021 4492 3289 4563; x_wconf 82' lang='lat' dir='ltr'><strong>castigare</strong></span> <span class='ocrx_word' id='word_1_570' title='bbox 3319 4493 3457 4548; x_wconf 87' lang='lat' dir='ltr'><strong>solet</strong></span> <span class='ocrx_word' id='word_1_571' title='bbox 3482 4493 3644 4548; x_wconf 80' lang='lat' dir='ltr'><strong>etiam</strong></span> <span class='ocrx_word' id='word_1_572' title='bbox 3674 4493 3737 4547; x_wconf 85' lang='lat' dir='ltr'><strong>ll-</strong></span> 
     </span>
    </p>
   </div>
   <div class='ocr_carea' id='block_1_90' title="bbox 476 4592 2060 4677">
    <p class='ocr_par' dir='ltr' id='par_1_90' title="bbox 476 4592 2060 4677">
     <span class='ocr_line' id='line_1_90' title="bbox 476 4592 2060 4677; baseline -0.004 -18"><span class='ocrx_word' id='word_1_573' title='bbox 476 4592 877 4677; x_wconf 77' lang='grc' dir='ltr'>ἁπελευθέρους</span> <span class='ocrx_word' id='word_1_574' title='bbox 913 4603 1486 4675; x_wconf 77' lang='grc' dir='ltr'>καταφρονοῦντας,ἢ</span> <span class='ocrx_word' id='word_1_575' title='bbox 1549 4602 1875 4672; x_wconf 77' lang='grc' dir='ltr'>ὑϐρίζοντας</span> <span class='ocrx_word' id='word_1_576' title='bbox 1932 4600 2060 4663; x_wconf 80' lang='grc' dir='ltr'>τοὺς</span> 
     </span>
    </p>
   </div>
   <div class='ocr_carea' id='block_1_91' title="bbox 477 4693 2058 4767">
    <p class='ocr_par' dir='ltr' id='par_1_91' title="bbox 477 4693 2058 4767">
     <span class='ocr_line' id='line_1_91' title="bbox 477 4693 2058 4767; baseline -0.003 -17"><span class='ocrx_word' id='word_1_577' title='bbox 477 4696 791 4767; x_wconf 85' lang='grc' dir='ltr'>πατρώνας,</span> <span class='ocrx_word' id='word_1_578' title='bbox 824 4698 857 4767; x_wconf 81' lang='grc' dir='ltr'>ἢ</span> <span class='ocrx_word' id='word_1_579' title='bbox 911 4695 1012 4759; x_wconf 80' lang='grc' dir='ltr'>τὰς</span> <span class='ocrx_word' id='word_1_580' title='bbox 1073 4694 1342 4765; x_wconf 83' lang='grc' dir='ltr'>γαμετὰς,</span> <span class='ocrx_word' id='word_1_581' title='bbox 1377 4694 1411 4764; x_wconf 80' lang='grc' dir='ltr'>ἢ</span> <span class='ocrx_word' id='word_1_582' title='bbox 1444 4694 1578 4757; x_wconf 78' lang='grc' dir='ltr'>τοὺς</span> <span class='ocrx_word' id='word_1_583' title='bbox 1622 4693 1819 4756; x_wconf 84' lang='grc' dir='ltr'>παῖδας</span> <span class='ocrx_word' id='word_1_584' title='bbox 1855 4693 2058 4757; x_wconf 81' lang='grc' dir='ltr'>αὐτῶν,</span> 
     </span>
    </p>
   </div>
   <div class='ocr_carea' id='block_1_92' title="bbox 478 4785 2062 4859">
    <p class='ocr_par' dir='ltr' id='par_1_92' title="bbox 478 4785 2062 4859">
     <span class='ocr_line' id='line_1_92' title="bbox 478 4785 2062 4859; baseline -0.003 -17"><span class='ocrx_word' id='word_1_585' title='bbox 478 4790 719 4843; x_wconf 84' lang='grc' dir='ltr'>ἀπειλῶν</span> <span class='ocrx_word' id='word_1_586' title='bbox 749 4790 844 4842; x_wconf 71' lang='grc' dir='ltr'><strong>καὶ</strong></span> <span class='ocrx_word' id='word_1_587' title='bbox 886 4789 1186 4859; x_wconf 83' lang='grc' dir='ltr'>μαστίζων,</span> <span class='ocrx_word' id='word_1_588' title='bbox 1215 4787 1247 4857; x_wconf 83' lang='grc' dir='ltr'>ἢ</span> <span class='ocrx_word' id='word_1_589' title='bbox 1284 4787 1461 4850; x_wconf 79' lang='grc' dir='ltr'>ἄλλως</span> <span class='ocrx_word' id='word_1_590' title='bbox 1496 4785 1631 4857; x_wconf 82' lang='grc' dir='ltr'>πρὸς</span> <span class='ocrx_word' id='word_1_591' title='bbox 1653 4786 1714 4839; x_wconf 80' lang='grc' dir='ltr'><strong>τὸ</strong></span> <span class='ocrx_word' id='word_1_592' title='bbox 1753 4785 2062 4856; x_wconf 84' lang='grc' dir='ltr'>ἁμάρτημα</span> 
     </span>
    </p>
   </div>
   <div class='ocr_carea' id='block_1_93' title="bbox 478 4878 2061 4950">
    <p class='ocr_par' dir='ltr' id='par_1_93' title="bbox 478 4878 2061 4950">
     <span class='ocr_line' id='line_1_93' title="bbox 478 4878 2061 4950; baseline -0.003 -17"><span class='ocrx_word' id='word_1_593' title='bbox 478 4881 735 4946; x_wconf 56' lang='grc' dir='ltr'>ἐπεξιών</span> <span class='ocrx_word' id='word_1_594' title='bbox 775 4882 824 4933; x_wconf 72' lang='grc' dir='ltr'>εἰ</span> <span class='ocrx_word' id='word_1_595' title='bbox 875 4881 931 4933; x_wconf 84' lang='grc' dir='ltr'>δὲ</span> <span class='ocrx_word' id='word_1_596' title='bbox 980 4880 1466 4950; x_wconf 86' lang='grc' dir='ltr'>συκοφαντήσωσιν</span> <span class='ocrx_word' id='word_1_597' title='bbox 1516 4878 1738 4945; x_wconf 82' lang='grc' dir='ltr'>αὐτοὺς,</span> <span class='ocrx_word' id='word_1_598' title='bbox 1768 4878 1800 4947; x_wconf 83' lang='grc' dir='ltr'>ἢ</span> <span class='ocrx_word' id='word_1_599' title='bbox 1835 4880 1947 4940; x_wconf 84' lang='grc' dir='ltr'>τοῖς</span> <span class='ocrx_word' id='word_1_600' title='bbox 1969 4880 2061 4947; x_wconf 82' lang='grc' dir='ltr'>ἐχ-</span> 
     </span>
    </p>
   </div>
   <div class='ocr_carea' id='block_1_94' title="bbox 480 4970 2062 5044">
    <p class='ocr_par' dir='ltr' id='par_1_94' title="bbox 480 4970 2062 5044">
     <span class='ocr_line' id='line_1_94' title="bbox 480 4970 2062 5044; baseline -0.004 -17"><span class='ocrx_word' id='word_1_601' title='bbox 480 4976 631 5044; x_wconf 84' lang='grc' dir='ltr'>θροῖς</span> <span class='ocrx_word' id='word_1_602' title='bbox 662 4973 843 5027; x_wconf 81' lang='grc' dir='ltr'>αὐτῶν</span> <span class='ocrx_word' id='word_1_603' title='bbox 874 4972 1284 5042; x_wconf 83' lang='grc' dir='ltr'>συμπνεύσωσι,</span> <span class='ocrx_word' id='word_1_604' title='bbox 1322 4970 1654 5040; x_wconf 87' lang='grc' dir='ltr'>τυπτόμενοι</span> <span class='ocrx_word' id='word_1_605' title='bbox 1682 4970 1776 5022; x_wconf 58' lang='grc' dir='ltr'><strong>καὶ⁵</strong></span> <span class='ocrx_word' id='word_1_606' title='bbox 1803 4970 2062 5040; x_wconf 78' lang='grc' dir='ltr'>κουρευόο</span> 
     </span>
    </p>
   </div>
   <div class='ocr_carea' id='block_1_95' title="bbox 484 5063 2060 5136">
    <p class='ocr_par' dir='ltr' id='par_1_95' title="bbox 484 5063 2060 5136">
     <span class='ocr_line' id='line_1_95' title="bbox 484 5063 2060 5136; baseline -0.004 -16"><span class='ocrx_word' id='word_1_607' title='bbox 484 5085 636 5135; x_wconf 83' lang='grc' dir='ltr'>μενοι</span> <span class='ocrx_word' id='word_1_608' title='bbox 692 5067 787 5121; x_wconf 79' lang='grc' dir='ltr'>καὶ</span> <span class='ocrx_word' id='word_1_609' title='bbox 828 5064 1299 5136; x_wconf 78' lang='grc' dir='ltr'>ἀναδουλούμενοι,</span> <span class='ocrx_word' id='word_1_610' title='bbox 1348 5063 1686 5118; x_wconf 84' lang='grc' dir='ltr'>ἀποδίδονται</span> <span class='ocrx_word' id='word_1_611' title='bbox 1734 5064 1848 5125; x_wconf 82' lang='grc' dir='ltr'>τοῖς</span> <span class='ocrx_word' id='word_1_612' title='bbox 1898 5079 2060 5115; x_wconf 85' lang='grc' dir='ltr'>συκο-</span> 
     </span>
    </p>
   </div>
   <div class='ocr_carea' id='block_1_96' title="bbox 479 5161 823 5230">
    <p class='ocr_par' dir='ltr' id='par_1_96' title="bbox 479 5161 823 5230">
     <span class='ocr_line' id='line_1_96' title="bbox 479 5161 823 5230; baseline 0.006 -17"><span class='ocrx_word' id='word_1_613' title='bbox 479 5161 823 5230; x_wconf 81' lang='grc' dir='ltr'>φαντηθεῖσι.</span> 
     </span>
    </p>
   </div>
   <div class='ocr_carea' id='block_1_97' title="bbox 552 5244 2060 5319">
    <p class='ocr_par' dir='ltr' id='par_1_97' title="bbox 552 5244 2060 5319">
     <span class='ocr_line' id='line_1_97' title="bbox 552 5244 2060 5319; baseline -0.001 -21"><span class='ocrx_word' id='word_1_614' title='bbox 552 5245 621 5315; x_wconf 81' lang='grc' dir='ltr'><strong>η’.</strong></span> <span class='ocrx_word' id='word_1_615' title='bbox 668 5247 728 5300; x_wconf 88' lang='lat'>&#39;0</span> <span class='ocrx_word' id='word_1_616' title='bbox 776 5248 875 5317; x_wconf 84' lang='grc' dir='ltr'>τῆς</span> <span class='ocrx_word' id='word_1_617' title='bbox 930 5247 1140 5311; x_wconf 86' lang='grc' dir='ltr'>πόλεως</span> <span class='ocrx_word' id='word_1_618' title='bbox 1186 5247 1445 5319; x_wconf 77' lang='grc' dir='ltr'>ἔπαρχος,</span> <span class='ocrx_word' id='word_1_619' title='bbox 1512 5246 1786 5316; x_wconf 74' lang='grc' dir='ltr'>φροντίζει</span> <span class='ocrx_word' id='word_1_620' title='bbox 1837 5248 1932 5298; x_wconf 80' lang='grc' dir='ltr'>καὶ</span> <span class='ocrx_word' id='word_1_621' title='bbox 1966 5244 2060 5299; x_wconf 83' lang='grc' dir='ltr'>τοῦ</span> 
     </span>
    </p>
   </div>
   <div class='ocr_carea' id='block_1_98' title="bbox 478 5336 2062 5409">
    <p class='ocr_par' dir='ltr' id='par_1_98' title="bbox 478 5336 2062 5409">
     <span class='ocr_line' id='line_1_98' title="bbox 478 5336 2062 5409; baseline -0.001 -20"><span class='ocrx_word' id='word_1_622' title='bbox 478 5338 715 5401; x_wconf 79' lang='grc' dir='ltr'>δικαίοις</span> <span class='ocrx_word' id='word_1_623' title='bbox 746 5341 1027 5409; x_wconf 81' lang='grc' dir='ltr'>τιμήμασι</span> <span class='ocrx_word' id='word_1_624' title='bbox 1059 5338 1120 5394; x_wconf 85' lang='grc' dir='ltr'><strong>τὸ</strong></span> <span class='ocrx_word' id='word_1_625' title='bbox 1151 5339 1319 5408; x_wconf 84' lang='grc' dir='ltr'>κρέας</span> <span class='ocrx_word' id='word_1_626' title='bbox 1348 5337 1757 5409; x_wconf 86' lang='grc' dir='ltr'>πιπράσκεσθαι</span> <span class='ocrx_word' id='word_1_627' title='bbox 1783 5351 1798 5367; x_wconf 76' lang='grc'><strong>⁸</strong></span> <span class='ocrx_word' id='word_1_628' title='bbox 1845 5337 1937 5389; x_wconf 78' lang='grc' dir='ltr'><strong>καὶ</strong></span> <span class='ocrx_word' id='word_1_629' title='bbox 1963 5336 2062 5405; x_wconf 87' lang='grc' dir='ltr'>τῆς</span> 
     </span>
    </p>
   </div>
   <div class='ocr_carea' id='block_1_99' title="bbox 479 5432 2062 5505">
    <p class='ocr_par' dir='ltr' id='par_1_99' title="bbox 479 5432 2062 5505">
     <span class='ocr_line' id='line_1_99' title="bbox 479 5432 2062 5505; baseline 0.002 -23"><span class='ocrx_word' id='word_1_630' title='bbox 479 5434 705 5502; x_wconf 77' lang='grc' dir='ltr'>εἰρήνης</span> <span class='ocrx_word' id='word_1_631' title='bbox 760 5436 856 5487; x_wconf 77' lang='grc' dir='ltr'><strong>καὶ</strong></span> <span class='ocrx_word' id='word_1_632' title='bbox 909 5437 1010 5504; x_wconf 82' lang='grc' dir='ltr'>τῆς</span> <span class='ocrx_word' id='word_1_633' title='bbox 1071 5435 1182 5489; x_wconf 90' lang='grc' dir='ltr'><strong>τῶν</strong></span> <span class='ocrx_word' id='word_1_634' title='bbox 1228 5435 1470 5505; x_wconf 90' lang='grc' dir='ltr'>θεωριῶν</span> <span class='ocrx_word' id='word_1_635' title='bbox 1527 5432 1917 5495; x_wconf 80' lang='grc' dir='ltr'>καταστάσεως</span> <span class='ocrx_word' id='word_1_636' title='bbox 1968 5434 2062 5485; x_wconf 79' lang='grc' dir='ltr'><strong>καὶ</strong></span> 
     </span>
    </p>
   </div>
   <div class='ocr_carea' id='block_1_100' title="bbox 477 5525 2060 5599">
    <p class='ocr_par' dir='ltr' id='par_1_100' title="bbox 477 5525 2060 5599">
     <span class='ocr_line' id='line_1_100' title="bbox 477 5525 2060 5599; baseline 0.003 -23"><span class='ocrx_word' id='word_1_637' title='bbox 477 5526 594 5596; x_wconf 76' lang='grc' dir='ltr'>ἔχει</span> <span class='ocrx_word' id='word_1_638' title='bbox 620 5528 959 5597; x_wconf 83' lang='grc' dir='ltr'>στρατιώτας</span> <span class='ocrx_word' id='word_1_639' title='bbox 985 5530 1078 5581; x_wconf 74' lang='grc' dir='ltr'><strong>ἐπὶ</strong></span> <span class='ocrx_word' id='word_1_640' title='bbox 1100 5530 1167 5599; x_wconf 81' lang='grc' dir='ltr'>τῇ</span> <span class='ocrx_word' id='word_1_641' title='bbox 1200 5529 1415 5599; x_wconf 77' lang='grc' dir='ltr'>εἰρήνῃ,</span> <span class='ocrx_word' id='word_1_642' title='bbox 1435 5526 1528 5580; x_wconf 69' lang='grc' dir='ltr'><strong>καὶ</strong></span> <span class='ocrx_word' id='word_1_643' title='bbox 1553 5525 1648 5579; x_wconf 72' lang='grc' dir='ltr'><strong>ἐπὶ</strong></span> <span class='ocrx_word' id='word_1_644' title='bbox 1674 5526 1735 5579; x_wconf 78' lang='grc' dir='ltr'><strong>τὸ</strong></span> <span class='ocrx_word' id='word_1_645' title='bbox 1763 5525 2060 5596; x_wconf 77' lang='grc' dir='ltr'>ἀναφέρειν</span> 
     </span>
    </p>
   </div>
   <div class='ocr_carea' id='block_1_101' title="bbox 479 5618 1411 5691">
    <p class='ocr_par' dir='ltr' id='par_1_101' title="bbox 479 5618 1411 5691">
     <span class='ocr_line' id='line_1_101' title="bbox 479 5618 1411 5691; baseline 0.003 -21"><span class='ocrx_word' id='word_1_646' title='bbox 479 5618 652 5688; x_wconf 77' lang='grc' dir='ltr'>αὐτῷ.</span> <span class='ocrx_word' id='word_1_647' title='bbox 684 5620 750 5673; x_wconf 66' lang='grc' dir='ltr'>τὰ</span> <span class='ocrx_word' id='word_1_648' title='bbox 784 5619 1065 5691; x_wconf 72' lang='grc' dir='ltr'>πανταχοῦ</span> <span class='ocrx_word' id='word_1_649' title='bbox 1097 5620 1411 5689; x_wconf 80' lang='grc' dir='ltr'>κινούμενα.</span> 
     </span>
    </p>
   </div>
   <div class='ocr_carea' id='block_1_102' title="bbox 556 5792 2058 5863">
    <p class='ocr_par' dir='ltr' id='par_1_102' title="bbox 556 5792 2058 5863">
     <span class='ocr_line' id='line_1_102' title="bbox 556 5792 2058 5863; baseline -0.017 4"><span class='ocrx_word' id='word_1_650' title='bbox 556 5794 623 5849; x_wconf 81' lang='grc' dir='ltr'><strong><em>θό</em></strong></span> <span class='ocrx_word' id='word_1_651' title='bbox 675 5794 731 5847; x_wconf 71' lang='grc' dir='ltr'>ὐ</span> <span class='ocrx_word' id='word_1_652' title='bbox 770 5796 867 5861; x_wconf 73' lang='grc' dir='ltr'><strong>τῆς</strong></span> <span class='ocrx_word' id='word_1_653' title='bbox 902 5796 1103 5861; x_wconf 77' lang='grc' dir='ltr'>πόλεως</span> <span class='ocrx_word' id='word_1_654' title='bbox 1140 5796 1377 5862; x_wconf 67' lang='grc' dir='ltr'>ἔπαρχος</span> <span class='ocrx_word' id='word_1_655' title='bbox 1427 5794 1650 5849; x_wconf 75' lang='grc' dir='ltr'>δύναται</span> <span class='ocrx_word' id='word_1_656' title='bbox 1696 5792 2058 5863; x_wconf 72' lang='grc' dir='ltr'>ἀπαγορεύειν</span> 
     </span>
    </p>
   </div>
   <div class='ocr_carea' id='block_1_103' title="bbox 2164 4584 3739 4658">
    <p class='ocr_par' dir='ltr' id='par_1_103' title="bbox 2164 4584 3739 4658">
     <span class='ocr_line' id='line_1_103' title="bbox 2164 4584 3739 4658; baseline -0.008 -9"><span class='ocrx_word' id='word_1_657' title='bbox 2164 4596 2366 4658; x_wconf 90' lang='lat' dir='ltr'><strong>bertos,</strong></span> <span class='ocrx_word' id='word_1_658' title='bbox 2402 4595 2813 4645; x_wconf 79' lang='lat' dir='ltr'><strong>contemnentes</strong></span> <span class='ocrx_word' id='word_1_659' title='bbox 2845 4596 2940 4641; x_wconf 84' lang='lat' dir='ltr'><strong>aut</strong></span> <span class='ocrx_word' id='word_1_660' title='bbox 2964 4584 3289 4641; x_wconf 88' lang='lat' dir='ltr'><strong>contumelia</strong></span> <span class='ocrx_word' id='word_1_661' title='bbox 3320 4584 3617 4639; x_wconf 82' lang='lat' dir='ltr'><strong>allicientes</strong></span> <span class='ocrx_word' id='word_1_662' title='bbox 3644 4599 3739 4653; x_wconf 89' lang='lat' dir='ltr'><strong>pa-</strong></span> 
     </span>
    </p>
   </div>
   <div class='ocr_carea' id='block_1_104' title="bbox 2165 4680 3739 4743">
    <p class='ocr_par' dir='ltr' id='par_1_104' title="bbox 2165 4680 3739 4743">
     <span class='ocr_line' id='line_1_104' title="bbox 2165 4680 3739 4743; baseline -0.004 -4"><span class='ocrx_word' id='word_1_663' title='bbox 2165 4695 2349 4740; x_wconf 85' lang='lat' dir='ltr'><strong>tronos</strong></span> <span class='ocrx_word' id='word_1_664' title='bbox 2389 4683 2472 4738; x_wconf 89' lang='lat' dir='ltr'><strong>vel</strong></span> <span class='ocrx_word' id='word_1_665' title='bbox 2512 4695 2709 4737; x_wconf 81' lang='lat' dir='ltr'><strong>uxores</strong></span> <span class='ocrx_word' id='word_1_666' title='bbox 2754 4680 2954 4735; x_wconf 88' lang='lat' dir='ltr'><strong>liberos</strong></span> <span class='ocrx_word' id='word_1_667' title='bbox 2994 4694 3068 4734; x_wconf 60' lang='grc' dir='ltr'>«νε</span> <span class='ocrx_word' id='word_1_668' title='bbox 3099 4693 3313 4743; x_wconf 88' lang='lat' dir='ltr'><strong>eorum,</strong></span> <span class='ocrx_word' id='word_1_669' title='bbox 3355 4680 3739 4733; x_wconf 88' lang='lat' dir='ltr'><strong>comminando</strong></span> 
     </span>
    </p>
   </div>
   <div class='ocr_carea' id='block_1_105' title="bbox 2164 4768 3738 4840">
    <p class='ocr_par' dir='ltr' id='par_1_105' title="bbox 2164 4768 3738 4840">
     <span class='ocr_line' id='line_1_105' title="bbox 2164 4768 3738 4840; baseline -0.008 -9"><span class='ocrx_word' id='word_1_670' title='bbox 2164 4774 2373 4831; x_wconf 89' lang='lat' dir='ltr'><strong>scilicet</strong></span> <span class='ocrx_word' id='word_1_671' title='bbox 2400 4780 2495 4827; x_wconf 90' lang='lat' dir='ltr'><strong>aut</strong></span> <span class='ocrx_word' id='word_1_672' title='bbox 2518 4770 2743 4840; x_wconf 83' lang='lat' dir='ltr'><strong>ﬂagellis</strong></span> <span class='ocrx_word' id='word_1_673' title='bbox 2765 4769 3039 4834; x_wconf 63' lang='lat' dir='ltr'><strong>credendo,</strong></span> <span class='ocrx_word' id='word_1_674' title='bbox 3067 4776 3159 4822; x_wconf 84' lang='lat' dir='ltr'><strong>aut</strong></span> <span class='ocrx_word' id='word_1_675' title='bbox 3180 4768 3339 4822; x_wconf 90' lang='lat' dir='ltr'><strong>aliter</strong></span> <span class='ocrx_word' id='word_1_676' title='bbox 3360 4783 3456 4837; x_wconf 89' lang='lat' dir='ltr'><strong>pro</strong></span> <span class='ocrx_word' id='word_1_677' title='bbox 3481 4768 3738 4837; x_wconf 86' lang='lat' dir='ltr'><strong>qualitate</strong></span> 
     </span>
    </p>
   </div>
   <div class='ocr_carea' id='block_1_106' title="bbox 2164 4860 3734 4931">
    <p class='ocr_par' dir='ltr' id='par_1_106' title="bbox 2164 4860 3734 4931">
     <span class='ocr_line' id='line_1_106' title="bbox 2164 4860 3734 4931; baseline -0.006 -9"><span class='ocrx_word' id='word_1_678' title='bbox 2164 4867 2342 4922; x_wconf 86' lang='lat' dir='ltr'><strong>delicti</strong></span> <span class='ocrx_word' id='word_1_679' title='bbox 2372 4879 2494 4918; x_wconf 90' lang='lat' dir='ltr'><strong>eum</strong></span> <span class='ocrx_word' id='word_1_680' title='bbox 2544 4861 2845 4931; x_wconf 87' lang='lat' dir='ltr'><strong>puniendo;</strong></span> <span class='ocrx_word' id='word_1_681' title='bbox 2879 4862 2924 4916; x_wconf 90' lang='lat' dir='ltr'><strong>si</strong></span> <span class='ocrx_word' id='word_1_682' title='bbox 2968 4875 3095 4915; x_wconf 89' lang='lat' dir='ltr'><strong>vero</strong></span> <span class='ocrx_word' id='word_1_683' title='bbox 3124 4868 3178 4913; x_wconf 93' lang='lat' dir='ltr'><strong>et</strong></span> <span class='ocrx_word' id='word_1_684' title='bbox 3222 4860 3518 4914; x_wconf 87' lang='lat' dir='ltr'><strong>detulerint</strong></span> <span class='ocrx_word' id='word_1_685' title='bbox 3570 4860 3734 4927; x_wconf 87' lang='lat' dir='ltr'><strong>ipsos,</strong></span> 
     </span>
    </p>
   </div>
   <div class='ocr_carea' id='block_1_107' title="bbox 2165 4949 3739 5020">
    <p class='ocr_par' dir='ltr' id='par_1_107' title="bbox 2165 4949 3739 5020">
     <span class='ocr_line' id='line_1_107' title="bbox 2165 4949 3739 5020; baseline -0.006 -8"><span class='ocrx_word' id='word_1_686' title='bbox 2165 4959 2247 5014; x_wconf 87' lang='lat' dir='ltr'><strong>vel</strong></span> <span class='ocrx_word' id='word_1_687' title='bbox 2293 4972 2414 5013; x_wconf 89' lang='lat' dir='ltr'><strong>cum</strong></span> <span class='ocrx_word' id='word_1_688' title='bbox 2469 4954 2705 5010; x_wconf 89' lang='lat' dir='ltr'><strong>inimicis</strong></span> <span class='ocrx_word' id='word_1_689' title='bbox 2751 4968 2939 5008; x_wconf 90' lang='lat' dir='ltr'><strong>eorum</strong></span> <span class='ocrx_word' id='word_1_690' title='bbox 2990 4953 3443 5020; x_wconf 84' lang='lat' dir='ltr'><strong>conspiraverint,</strong></span> <span class='ocrx_word' id='word_1_691' title='bbox 3505 4949 3739 5003; x_wconf 81' lang='lat' dir='ltr'><strong>fustibus</strong></span> 
     </span>
    </p>
   </div>
   <div class='ocr_carea' id='block_1_108' title="bbox 2165 5038 3739 5114">
    <p class='ocr_par' dir='ltr' id='par_1_108' title="bbox 2165 5038 3739 5114">
     <span class='ocr_line' id='line_1_108' title="bbox 2165 5038 3739 5114; baseline -0.006 -14"><span class='ocrx_word' id='word_1_692' title='bbox 2165 5043 2413 5114; x_wconf 79' lang='lat' dir='ltr'><strong>castigati</strong></span> <span class='ocrx_word' id='word_1_693' title='bbox 2462 5052 2518 5097; x_wconf 90' lang='lat' dir='ltr'><strong>et</strong></span> <span class='ocrx_word' id='word_1_694' title='bbox 2560 5052 2802 5107; x_wconf 85' lang='lat' dir='ltr'><strong>tonsura,</strong></span> <span class='ocrx_word' id='word_1_695' title='bbox 2843 5040 3007 5109; x_wconf 88' lang='lat' dir='ltr'><strong>inque</strong></span> <span class='ocrx_word' id='word_1_696' title='bbox 3036 5040 3354 5095; x_wconf 89' lang='lat' dir='ltr'><strong>servitutem</strong></span> <span class='ocrx_word' id='word_1_697' title='bbox 3406 5038 3605 5092; x_wconf 89' lang='lat' dir='ltr'><strong>iterum</strong></span> <span class='ocrx_word' id='word_1_698' title='bbox 3652 5050 3739 5091; x_wconf 88' lang='lat' dir='ltr'><strong>rc-</strong></span> 
     </span>
    </p>
   </div>
   <div class='ocr_carea' id='block_1_109' title="bbox 2165 5131 3256 5202">
    <p class='ocr_par' dir='ltr' id='par_1_109' title="bbox 2165 5131 3256 5202">
     <span class='ocr_line' id='line_1_109' title="bbox 2165 5131 3256 5202; baseline -0.005 -11"><span class='ocrx_word' id='word_1_699' title='bbox 2165 5138 2333 5198; x_wconf 88' lang='lat' dir='ltr'><strong>dacti,</strong></span> <span class='ocrx_word' id='word_1_700' title='bbox 2369 5135 2638 5190; x_wconf 89' lang='lat' dir='ltr'><strong>deduntur</strong></span> <span class='ocrx_word' id='word_1_701' title='bbox 2664 5132 2730 5187; x_wconf 88' lang='lat' dir='ltr'><strong>iis</strong></span> <span class='ocrx_word' id='word_1_702' title='bbox 2757 5147 2895 5202; x_wconf 90' lang='lat' dir='ltr'><strong>quos</strong></span> <span class='ocrx_word' id='word_1_703' title='bbox 2924 5131 3256 5187; x_wconf 79' lang='lat' dir='ltr'><strong>detulerunt.</strong></span> 
     </span>
    </p>
   </div>
   <div class='ocr_carea' id='block_1_110' title="bbox 2234 5225 3741 5301">
    <p class='ocr_par' dir='ltr' id='par_1_110' title="bbox 2234 5225 3741 5301">
     <span class='ocr_line' id='line_1_110' title="bbox 2234 5225 3741 5301; baseline -0.003 -17"><span class='ocrx_word' id='word_1_704' title='bbox 2234 5232 2284 5285; x_wconf 90' lang='lat'><strong>8.</strong></span> <span class='ocrx_word' id='word_1_705' title='bbox 2318 5229 2368 5301; x_wconf 57' lang='grc' dir='ltr'>(ᾗ</span> <span class='ocrx_word' id='word_1_706' title='bbox 2402 5229 2435 5284; x_wconf 83' lang='grc'>5</span> <span class='ocrx_word' id='word_1_707' title='bbox 2461 5237 2516 5284; x_wconf 86' lang='lat' dir='ltr'><strong>et</strong></span> <span class='ocrx_word' id='word_1_708' title='bbox 2545 5229 2624 5298; x_wconf 85' lang='lat'><strong>6.)</strong></span> <span class='ocrx_word' id='word_1_709' title='bbox 2656 5226 2949 5282; x_wconf 69' lang='lat' dir='ltr'><strong>Prmfectus</strong></span> <span class='ocrx_word' id='word_1_710' title='bbox 2991 5227 3109 5281; x_wconf 87' lang='lat' dir='ltr'><strong>urbi</strong></span> <span class='ocrx_word' id='word_1_711' title='bbox 3172 5239 3367 5281; x_wconf 89' lang='lat' dir='ltr'><strong>curare</strong></span> <span class='ocrx_word' id='word_1_712' title='bbox 3402 5225 3564 5288; x_wconf 90' lang='lat' dir='ltr'><strong>solet,</strong></span> <span class='ocrx_word' id='word_1_713' title='bbox 3601 5234 3657 5280; x_wconf 92' lang='lat' dir='ltr'><strong>ut</strong></span> <span class='ocrx_word' id='word_1_714' title='bbox 3686 5231 3741 5280; x_wconf 87' lang='lat' dir='ltr'><strong>ct</strong></span> 
     </span>
    </p>
   </div>
   <div class='ocr_carea' id='block_1_111' title="bbox 2163 5316 3739 5389">
    <p class='ocr_par' dir='ltr' id='par_1_111' title="bbox 2163 5316 3739 5389">
     <span class='ocr_line' id='line_1_111' title="bbox 2163 5316 3739 5389; baseline -0.006 -8"><span class='ocrx_word' id='word_1_715' title='bbox 2163 5340 2292 5381; x_wconf 89' lang='lat' dir='ltr'><strong>caro</strong></span> <span class='ocrx_word' id='word_1_716' title='bbox 2322 5324 2501 5377; x_wconf 89' lang='lat' dir='ltr'><strong>omnis</strong></span> <span class='ocrx_word' id='word_1_717' title='bbox 2530 5320 2677 5389; x_wconf 87' lang='lat' dir='ltr'><strong>justo</strong></span> <span class='ocrx_word' id='word_1_718' title='bbox 2712 5319 2885 5389; x_wconf 88' lang='lat' dir='ltr'><strong>pretio</strong></span> <span class='ocrx_word' id='word_1_719' title='bbox 2928 5319 3209 5373; x_wconf 88' lang='lat' dir='ltr'><strong>vendatur.</strong></span> <span class='ocrx_word' id='word_1_720' title='bbox 3252 5316 3347 5371; x_wconf 82' lang='lat' dir='ltr'><strong>sed</strong></span> <span class='ocrx_word' id='word_1_721' title='bbox 3375 5327 3427 5371; x_wconf 92' lang='lat' dir='ltr'><strong>ct</strong></span> <span class='ocrx_word' id='word_1_722' title='bbox 3461 5317 3617 5385; x_wconf 89' lang='lat' dir='ltr'><strong>quies</strong></span> <span class='ocrx_word' id='word_1_723' title='bbox 3643 5334 3739 5388; x_wconf 91' lang='lat' dir='ltr'><strong>po-</strong></span> 
     </span>
    </p>
   </div>
   <div class='ocr_carea' id='block_1_112' title="bbox 2164 5409 3735 5486">
    <p class='ocr_par' dir='ltr' id='par_1_112' title="bbox 2164 5409 3735 5486">
     <span class='ocr_line' id='line_1_112' title="bbox 2164 5409 3735 5486; baseline -0.004 -16"><span class='ocrx_word' id='word_1_724' title='bbox 2164 5415 2432 5486; x_wconf 88' lang='lat' dir='ltr'><strong>pularium</strong></span> <span class='ocrx_word' id='word_1_725' title='bbox 2463 5422 2517 5467; x_wconf 92' lang='lat' dir='ltr'><strong>et</strong></span> <span class='ocrx_word' id='word_1_726' title='bbox 2544 5412 2826 5480; x_wconf 80' lang='lat' dir='ltr'><strong>disciplina</strong></span> <span class='ocrx_word' id='word_1_727' title='bbox 2854 5409 3279 5479; x_wconf 85' lang='lat' dir='ltr'><strong>spectaculorum</strong></span> <span class='ocrx_word' id='word_1_728' title='bbox 3309 5409 3377 5461; x_wconf 85' lang='lat' dir='ltr'><strong>ad</strong></span> <span class='ocrx_word' id='word_1_729' title='bbox 3409 5409 3579 5477; x_wconf 87' lang='lat' dir='ltr'><strong>ipsum</strong></span> <span class='ocrx_word' id='word_1_730' title='bbox 3610 5424 3735 5478; x_wconf 86' lang='lat' dir='ltr'><strong>pcr-</strong></span> 
     </span>
    </p>
   </div>
   <div class='ocr_carea' id='block_1_113' title="bbox 2164 5499 3739 5568">
    <p class='ocr_par' dir='ltr' id='par_1_113' title="bbox 2164 5499 3739 5568">
     <span class='ocr_line' id='line_1_113' title="bbox 2164 5499 3739 5568; baseline -0.005 -4"><span class='ocrx_word' id='word_1_731' title='bbox 2164 5510 2300 5565; x_wconf 89' lang='lat' dir='ltr'><strong>tinet</strong></span> <span class='ocrx_word' id='word_1_732' title='bbox 2332 5523 2344 5559; x_wconf 91' lang='lat'><strong>:</strong></span> <span class='ocrx_word' id='word_1_733' title='bbox 2376 5516 2429 5560; x_wconf 92' lang='lat' dir='ltr'><strong>et</strong></span> <span class='ocrx_word' id='word_1_734' title='bbox 2459 5505 2659 5559; x_wconf 82' lang='lat' dir='ltr'><strong>habere</strong></span> <span class='ocrx_word' id='word_1_735' title='bbox 2689 5503 2848 5557; x_wconf 86' lang='lat' dir='ltr'><strong>debet</strong></span> <span class='ocrx_word' id='word_1_736' title='bbox 2889 5500 3179 5568; x_wconf 88' lang='lat' dir='ltr'><strong>dispositos</strong></span> <span class='ocrx_word' id='word_1_737' title='bbox 3224 5499 3421 5555; x_wconf 89' lang='lat' dir='ltr'><strong>milites</strong></span> <span class='ocrx_word' id='word_1_738' title='bbox 3462 5501 3530 5555; x_wconf 90' lang='lat' dir='ltr'><strong>ad</strong></span> <span class='ocrx_word' id='word_1_739' title='bbox 3577 5510 3739 5557; x_wconf 86' lang='lat' dir='ltr'><strong>tuen-</strong></span> 
     </span>
    </p>
   </div>
   <div class='ocr_carea' id='block_1_114' title="bbox 2165 5591 3738 5669">
    <p class='ocr_par' dir='ltr' id='par_1_114' title="bbox 2165 5591 3738 5669">
     <span class='ocr_line' id='line_1_114' title="bbox 2165 5591 3738 5669; baseline -0.003 -13"><span class='ocrx_word' id='word_1_740' title='bbox 2165 5604 2286 5655; x_wconf 89' lang='lat' dir='ltr'><strong>dam</strong></span> <span class='ocrx_word' id='word_1_741' title='bbox 2325 5599 2584 5669; x_wconf 85' lang='lat' dir='ltr'><strong>quietem,</strong></span> <span class='ocrx_word' id='word_1_742' title='bbox 2616 5604 2669 5651; x_wconf 89' lang='lat' dir='ltr'><strong>ct</strong></span> <span class='ocrx_word' id='word_1_743' title='bbox 2716 5594 2782 5648; x_wconf 90' lang='lat' dir='ltr'><strong>ad</strong></span> <span class='ocrx_word' id='word_1_744' title='bbox 2830 5591 3171 5646; x_wconf 83' lang='lat' dir='ltr'><strong>referendum</strong></span> <span class='ocrx_word' id='word_1_745' title='bbox 3222 5592 3324 5647; x_wconf 85' lang='lat' dir='ltr'><strong>sibi</strong></span> <span class='ocrx_word' id='word_1_746' title='bbox 3376 5595 3504 5665; x_wconf 85' lang='lat' dir='ltr'><strong>quid</strong></span> <span class='ocrx_word' id='word_1_747' title='bbox 3539 5595 3738 5666; x_wconf 85' lang='lat' dir='ltr'><strong>ubique</strong></span> 
     </span>
    </p>
   </div>
   <div class='ocr_carea' id='block_1_115' title="bbox 2165 5702 2375 5763">
    <p class='ocr_par' dir='ltr' id='par_1_115' title="bbox 2165 5702 2375 5763">
     <span class='ocr_line' id='line_1_115' title="bbox 2165 5702 2375 5763; baseline -0.01 -16"><span class='ocrx_word' id='word_1_748' title='bbox 2165 5702 2375 5763; x_wconf 79' lang='lat' dir='ltr'><strong>agatur.</strong></span> 
     </span>
    </p>
   </div>
   <div class='ocr_carea' id='block_1_116' title="bbox 2241 5778 3736 5855">
    <p class='ocr_par' dir='ltr' id='par_1_116' title="bbox 2241 5778 3736 5855">
     <span class='ocr_line' id='line_1_116' title="bbox 2241 5778 3736 5855; baseline 0.001 -19"><span class='ocrx_word' id='word_1_749' title='bbox 2241 5790 2290 5841; x_wconf 82' lang='lat'><strong>9.</strong></span> <span class='ocrx_word' id='word_1_750' title='bbox 2328 5788 2371 5855; x_wconf 14' lang='lat' dir='ltr'><strong>r§</strong></span> <span class='ocrx_word' id='word_1_751' title='bbox 2403 5784 2476 5853; x_wconf 84' lang='lat'><strong>7.)</strong></span> <span class='ocrx_word' id='word_1_752' title='bbox 2513 5782 2803 5838; x_wconf 71' lang='lat' dir='ltr'><strong>Prmlcctus</strong></span> <span class='ocrx_word' id='word_1_753' title='bbox 2832 5778 2948 5834; x_wconf 86' lang='lat' dir='ltr'><strong>urbi</strong></span> <span class='ocrx_word' id='word_1_754' title='bbox 2996 5786 3171 5850; x_wconf 83' lang='lat' dir='ltr'><strong>potest</strong></span> <span class='ocrx_word' id='word_1_755' title='bbox 3206 5778 3363 5837; x_wconf 81' lang='lat' dir='ltr'><strong>alicui</strong></span> <span class='ocrx_word' id='word_1_756' title='bbox 3398 5782 3526 5838; x_wconf 80' lang='lat' dir='ltr'><strong>urbe</strong></span> <span class='ocrx_word' id='word_1_757' title='bbox 3566 5783 3736 5837; x_wconf 72' lang='lat' dir='ltr'><strong>iutur-</strong></span> 
     </span>
    </p>
   </div>
  </div>
