4084 6208
408 313 515 376 467

1452 315 1962 378 CONSTANTINI
2007 319 2686 385 PORPHYROGENITI

3589 333 3696 398 468

408 431 614 492 dicere,
659 436 714 482 et
756 435 910 497 parte
953 425 1132 492 aliqua
1187 421 1358 488 urbis,
1414 434 1470 479 et
1517 427 1894 496 negociatione
1939 439 1981 482 e1

2099 432 2205 511 τινὶ
2257 433 2356 503 τῆς
2411 433 2647 498 πόλεως,
2689 434 2786 487 καὶ
2815 435 3017 507 μέρους
3063 435 3238 508 αὐτῆς
3291 438 3386 491 καὶ
3436 457 3696 511 πραγμας

411 520 760 591 spectaculis,
795 529 849 572 et
895 515 1364 580 advocationibus,
1413 527 1465 572 et
1503 517 1643 582 foro,
1675 529 1728 573 ct
1764 521 1832 575 ad
1861 531 1994 575 tem-

407 629 507 681 pus
553 621 610 665 et
653 610 706 662 in
756 615 1106 676 perpetuum;
1157 617 1212 662 ct
1261 609 1306 663 si
1362 611 1484 678 quis
1545 625 1704 679 quem
1753 613 1990 682 releget,

415 702 694 755 continuere
722 697 894 765 ipsum
916 695 1096 762 debet,
1122 706 1174 751 et
1196 698 1517 756 submovere
1543 701 1707 755 etiam
1728 717 1756 755 a
1784 705 1993 771 provin-

406 793 490 846 tia
523 805 642 845 sua.

477 879 565 958 l0_.
607 877 690 948 (L.
743 880 823 950 Χ.)
861 881 1013 949 Apud
1060 881 1372 950 praefectum
1423 883 1574 938 urbis
1624 884 1676 939 in
1726 886 1989 956 pecunia-

406 971 506 1026 riis
537 973 716 1026 causis
738 981 793 1028 et
823 975 1119 1043 argentarii
1167 975 1517 1042 conveniunt,
1550 976 1633 1032 vel
1656 979 1988 1033 conveniun-

405 1073 513 1117 tur.

473 1154 562 1208 il.
589 1153 676 1225 (L.
707 1157 814 1226 ut.)
841 1155 1140 1212 Praefectus
1165 1157 1283 1212 urbi
1312 1158 1364 1212 in
1389 1159 1524 1214 urbe
1544 1158 1718 1228 major
1739 1159 1992 1214 omnibus

402 1256 486 1302 est
520 1257 640 1318 post
668 1249 966 1318 principem
991 1267 1006 1317 ;
1034 1265 1290 1320 egressus
1313 1262 1493 1306 autem
1522 1251 1784 1306 terminos
1819 1253 1988 1316 urbis,

403 1341 546 1409 quod
574 1341 640 1395 ad
665 1341 1043 1410 praefecturam
1075 1345 1289 1409 attinet,
1317 1353 1639 1412 potestatem
1669 1358 1776 1398 non
1805 1345 1986 1409 liabet,

405 1432 506 1488 nisi
533 1434 680 1504 quod
707 1435 878 1504 possit
901 1435 1095 1507 jubere
1123 1436 1386 1490 indicare.

941 1590 1327 1648 TITULUS
1387 1589 1451 1643 V.

1000 1709 1079 1764 De
1109 1720 1391 1781 quwstore.

474 1825 526 1878 l.
559 1824 810 1891 Quaestor
851 1831 1179 1894 potestatem
1217 1822 1382 1878 habet
1419 1824 1472 1879 in
1515 1839 1636 1887 eos,
1672 1823 1762 1894 qui
1798 1825 1850 1879 in
1884 1824 1988 1879 hac

407 1932 601 1988 magna
632 1917 768 1972 urbe
806 1925 1120 1982 versantur,
1161 1930 1228 1970 ex
1272 1931 1595 1986 quacunque
1628 1919 1867 1989 regione,
1897 1926 1989 1971 aut

401 2008 771 2078 cujuscunque
818 2022 981 2063 sexus
1019 2006 1151 2072 sint,
1189 2006 1303 2062 sive
1325 2007 1507 2062 clerici
1561 2008 1676 2064 sive
1709 2007 1982 2075 monachi,

399 2099 518 2152 sive
550 2098 819 2164 ascetrize,
863 2097 984 2152 sive
1027 2112 1092 2151 ex
1137 2096 1260 2152 aliis
1303 2096 1527 2152 urbibus
1560 2113 1841 2162 convenat,
1894 2107 1988 2152 aut

399 2191 776 2259 cujuscunque
799 2190 1033 2258 denique
1060 2188 1292 2244 fortuna:
1317 2198 1411 2243 aut
1438 2189 1720 2260 dignitatis
1743 2189 1940 2244 fuerint
1966 2205 1981 2241 :

403 2281 680 2350 inquirere
725 2266 870 2336 enim
913 2281 1072 2336 debet
1124 2282 1359 2346 curiose,
1411 2285 1655 2351 quinam,
1692 2282 1858 2345 unde,
1892 2290 1987 2336 aut

306 2377 312 2385 '
403 2387 505 2438 quo
526 2379 790 2441 pratextu
811 2372 1090 2438 venerint;
1121 2381 1174 2428 et
1201 2373 1620 2442 circumspicere
1657 2374 1701 2428 si
1735 2373 1824 2442 qui
1853 2372 1986 2441 ipsis

403 2463 654 2533 mjuriam
687 2462 928 2531 iaciant;
965 2471 1078 2518 tum
1108 2464 1271 2519 etiam
1299 2465 1585 2533 providere
1613 2475 1670 2518 ut
1695 2479 1857 2534 quam
1893 2479 1986 2519 ce-

403 2557 618 2612 .crritne
669 2557 927 2627 expediat
964 2556 1085 2613 illos
1126 2557 1556 2622 dillieultatibus,
1601 2568 1822 2626 propter
1851 2571 1984 2626 quas

402 2651 488 2704 nie
517 2659 950 2714 commorantur,
983 2659 1042 2702 ut
1077 2650 1251 2718 primo
1277 2663 1496 2718 quoque
1528 2657 1769 2718 tempore
1798 2649 1984 2704 remit-

402 2749 590 2793 tantur
617 2754 683 2794 eo
713 2740 860 2795 unde
889 2747 1179 2804 venerunt,
1209 2738 1452 2795 fruentes
1477 2739 1544 2795 iis
1571 2754 1690 2809 quae
1731 2739 1860 2809 ipsis
1888 2739 1984 2796 de-

396 2832 610 2886 bentur.

467 2924 522 2976 2.
552 2921 800 2988 Quaestor
834 2901 1109 2991 agricolas
1142 2923 1452 2992 vectigales.
1474 2924 1565 2993 qui
1601 2924 1850 2981 dominos
1883 2926 1980 2981 ba-

401 3012 529 3066 bent
569 3019 626 3066 et
657 3012 723 3066 ab
751 3013 818 3067 iis
857 3010 1172 3066 desiderant
1209 3012 1311 3066 sibi
1341 3013 1522 3067 debita
1559 3015 1840 3079 exhibent,
1889 3031 1982 3072 eos

401 3104 488 3158 ubi
527 3104 579 3158 in
611 3106 749 3159 lianc
786 3106 990 3175 regiam
1033 3104 1222 3160 urbem
1249 3106 1499 3160 venerint
1527 3107 1666 3161 tueri
1698 3117 1896 3177 potest,
1925 3121 1979 3164 et

2085 3103 2343 3171 ηκόντων,
2395 3103 2619 3167 τούτους

400 3192 652 3249 dominos
696 3209 894 3265 cogere
934 3203 1184 3264 utquam
1228 3196 1460 3265 primum
1495 3196 1628 3266 ipsis
1675 3199 1886 3255 solvant
1914 3215 1977 3255 ea

400 3295 621 3355 propter
649 3301 770 3356 qua:
814 3296 1105 3352 venerunt,
1147 3297 1206 3342 ut
1261 3289 1350 3343 ubi
1394 3289 1480 3356 jus
1510 3305 1667 3345 suum
1700 3292 1979 3346 consecuti

401 3376 624 3440 fuerint,
663 3376 1011 3431 remittantur
1048 3393 1060 3428 :
1096 3378 1142 3433 si
1176 3393 1305 3433 vero
1339 3381 1390 3432 in
1421 3379 1569 3434 litem
1594 3396 1714 3436 cum
1745 3383 1979 3438 dominis

399 3466 715 3532 inciderint,
756 3467 969 3535 ipsique
1025 3469 1453 3524 controversiam
1491 3482 1762 3534 moveant,
1807 3473 1980 3543 siqui-

401 3560 524 3610 olem
555 3556 708 3610 multi
733 3557 962 3622 fuerint,
989 3558 1275 3614 confestim
1304 3576 1398 3616 eos
1427 3562 1494 3616 ad
1541 3578 1700 3632 agros
1739 3580 1865 3620 suos
1895 3581 1980 3622 re-

401 3648 622 3707 mittere.
653 3648 838 3713 debet,
885 3649 1098 3705 duobus
1148 3662 1242 3708 aut
1276 3653 1448 3708 tribus
1477 3655 1680 3711 relictis
1710 3659 1801 3726 qui
1831 3674 1980 3714 com—

401 3755 618 3794 munem
651 3739 797 3795 litem
830 3740 930 3796 soli
971 3753 1390 3812 persequantur.
1442 3747 1548 3802 Sed
1599 3757 1653 3802 et
1681 3749 1750 3802 ita
1786 3765 1979 3806 curare

398 3825 612 3880 debebit
633 3837 871 3896 quaastor
901 3838 958 3884 ut
980 3831 1154 3899 primo
1184 3847 1397 3903 quoque
1429 3843 1671 3907 tempore
1705 3839 1832 3895 finis
1872 3839 1978 3894 im-

399 3927 652 3986 ponatur,
685 3920 958 3992 praeeipue
985 3936 1110 3977 cum
1142 3925 1395 3994 agricolae
1423 3928 1553 3994 sint,
1587 3945 1817 3998 quorum
1849 3947 1980 4001 prae-

398 4009 575 4063 sentia
606 4011 658 4064 in
685 4011 790 4067 liae
819 4012 954 4069 urbe
983 4004 1340 4084 supervacua,
1370 4028 1424 4072 et
1449 4021 1618 4074 otium
1648 4022 1714 4076 ab
1743 4023 1979 4092 agricul-

401 4111 521 4156 tura
556 4113 609 4158 et
635 4104 764 4176 ipsis
793 4115 848 4162 et
879 4107 1114 4164 dominis
1144 4109 1386 4181 ipsorum
1417 4111 1746 4170 detrimento
1775 4128 1880 4174 est.

427 4347 432 4350 I
466 4375 521 4430 '5.
556 4374 807 4441 Quaestor
856 4375 1200 4444 peregrinam
1245 4375 1644 4434 multitudinem
1693 4395 1813 4450 qua:
1853 4385 1978 4448 qui-

2098 510 2248 587 τείας
2299 524 2394 576 καὶ
2431 523 2581 592 θέας,
2618 525 2714 579 καὶ
2758 526 3186 598 ἐπιτηδεύσεως,
3219 528 3312 580 καὶ
3367 510 3688 603 συνηγορίας
3744 541 3748 547 “

2097 615 2289 685 φόρου,
2349 617 2442 669 καὶ
2513 618 2890 690 προσκαίρως,
2946 618 3041 671 καὶ
3094 618 3386 689 διηνεκῶς,
3438 623 3535 675 καὶ
3599 626 3688 678 ἐὰν

2098 707 2320 778 ἐξορίσῃ
2357 707 2439 770 τίς
2472 725 2616 773 τινα,
2677 709 2886 779 εἴργειν
2942 709 3108 763 αὑτὸν
3160 711 3390 780 ὀφείλει,
3444 715 3539 767 καὶ
3595 717 3689 786 τῆς

2100 798 2238 862 ιδίας
2265 800 2525 869 πατρίδος
2554 800 2628 870 μὴ
2659 801 2899 872 ἐξιστᾷν.
3373 876 3380 880 α

2171 891 2222 948 ι’.
2263 893 2424 963 Παρὰ
2456 893 2534 964 τῷ
2565 894 2794 965 ἐπάρχῳ
2826 895 2946 965 ;”τῆς
2995 895 3229 960 πόλεως,
3257 897 3307 949 οἱ
3335 898 3688 969 ἀργυροπρά·

2095 1002 2209 1050 ται,
2247 984 2341 1038 καὶ
2363 985 2726 1055 χρηματικῶς
2760 985 3020 1055 ἐνάγουσι
3053 987 3152 1041 καὶ
3182 988 3498 1057 ἐνάγονται.

2167 1159 2256 1215 ια’.
2295 1159 2352 1214 Ὁ
2394 1163 2494 1231 τῆς
2540 1161 2751 1225 πόλεως
2807 1162 3047 1234 ἔπαρχος
3091 1164 3150 1218 ἐν
3190 1167 3258 1234 τῇ
3297 1164 3449 1217 πόλει
3486 1165 3690 1234 μείζων

2096 1255 2317 1309 πάντων
2367 1255 2486 1309 ἐστὶ
2539 1256 2678 1327 μετὰ
2716 1257 2808 1312 τὸν
2869 1257 3116 1328 βασιλέα,
3163 1259 3394 1326 ἐξελθὼν
3449 1260 3505 1314 δέ
3557 1262 3687 1324 τοὺς

2093 1347 2255 1417 ὅρους
2288 1347 2387 1417 τῆς
2423 1347 2654 1412 πόλεως,
2680 1348 2804 1402 ὅσον
2843 1366 2906 1418 γε
2939 1350 3031 1403 ἐπὶ
3065 1353 3130 1422 τῇ
3163 1352 3501 1422 ἐπαρχότητι
3523 1351 3679 1416 ἐξου-

2094 1438 2218 1490 σίαν
2250 1438 2350 1492 οὐκ
2381 1438 2517 1508 ἔχει,
2560 1439 2702 1509 πλὴν
2737 1441 2833 1494 τοῦ
2874 1441 3119 1496 κελεύειν
3159 1443 3254 1496 καὶ
3288 1441 3556 1507 δικάζειν.

2698 1593 2946 1646 ΤΙΤΛΟΣ
2983 1594 3060 1648 E'.

2517 1704 2656 1773 Περὶ
2692 1703 2798 1759 τοῦ
2837 1706 3247 1774 κοιαίστωρος.
3337 1759 3344 1762 .

2165 1817 2232 1874 α’.
2289 1820 2346 1873 Ὀ
2380 1818 2680 1890 κοιαίστωρ
2716 1818 2965 1893 ἐξουσίαν
3006 1819 3122 1890 ἔχει
3169 1822 3299 1884 τοὺς
3332 1821 3427 1874 ἐπὶ
3456 1821 3552 1890 τῆς
3586 1839 3682 1892 με-

2091 1914 2264 1982 γάλης
2297 1911 2504 1982 ταύτης
2539 1910 2944 1980 ἐπιδημοῦντας
2987 1912 3198 1975 πόλεως
3231 1913 3288 1978 ἐξ
3340 1912 3459 1976 οἵας
3481 1913 3674 1982 δηποτ-

2088 2005 2183 2059 οὖν
2227 2005 2409 2075 χώρας
2435 2004 2533 2074 ἦτε
2575 2002 2798 2072 ἄνδρας,
2833 2003 2866 2075 ἢ
2899 2005 3187 2070 γυναῖκας,
3214 2004 3246 2072 ἢ
3279 2003 3600 2074 κληρικοὺς,
3640 2002 3673 2073 ἢ

2091 2096 2386 2168 μοναχοὺς,
2434 2096 2468 2165 ἢ
2518 2095 2825 2166 ἀσκητρίας
2884 2092 2984 2165 [αι.
3049 2095 3346 2166 ἀσκητάς],
3406 2097 3519 2148 εἴτε
3568 2095 3679 2148 τῶν

2087 2189 2409 2255 ἐξωπόλεων
2453 2187 2809 2258 συνηγόρους,
2839 2186 2870 2253 ἧ
2895 2186 2993 2240 καὶ¹
3027 2186 3196 2257 ἄλλης
3241 2186 3462 2240 οἱασοῦν
3507 2187 3680 2258 τύχης

2087 2298 2145 2333 τε
2187 2280 2283 2333 καὶ
2314 2278 2493 2345 ἀξίας,
2527 2279 2623 2332 καὶ
2647 2276 3115 2348 περιεργάζεσθαι
3158 2276 3306 2343 τίνες
3337 2296 3397 2332 τε
3429 2278 3538 2332 εἶεν
3583 2280 3677 2333 καὶ

2087 2370 2256 2425 πόθεν
2299 2372 2488 2442 ἦκοιεν
2534 2370 2632 2423 καὶ
2675 2370 2766 2423 ἐπὶ
2810 2369 2939 2440 ποίᾳ
2973 2355 3272 2440 προφάσει,
3325 2372 3420 2424 καὶ
3453 2373 3676 2425 σκοπεῖν

2085 2463 2233 2525 τίνες
2261 2463 2459 2525 αὐτοὺς
2489 2459 2763 2524 ἀδικοῦσι,
2798 2461 2894 2514 καὶ
2939 2460 3323 2532 ἐπιμελεῖσθαι
3371 2461 3464 2515 τοῦ
3497 2465 3675 2516 συντό-

2087 2571 2204 2624 μως
2235 2553 2431 2615 αὐτοὺς
2463 2552 2828 2606 ἀπαλλάττειν
2860 2550 2969 2604 τῶν
2997 2551 3272 2606 δυσκόλων
3313 2552 3378 2606 δι’
3419 2553 3562 2622 ἅπερ
3589 2553 3676 2605 ὲν-

2085 2644 2276 2699 ταυθοῖ
2315 2631 2750 2715 παραγεγόνασι,
2787 2643 2883 2696 καὶ
2909 2643 2992 2696 ὅτι
3036 2643 3271 2714 τάχιστα
3303 2644 3516 2707 τούτοις
3552 2645 3674 2699 ὅθεν

2084 2736 2314 2806 ἥκουσιν
2369 2735 2700 2806 ἐκπέμπειν,
2736 2734 2849 2789 τῶν
2891 2736 3284 2806 προσηκόντων
3329 2735 3673 2791 ἀπολαύσαν-

2083 2844 2193 2890 τες.

2157 2916 2223 2988 β’.
2278 2919 2336 2973 Ὀ
2372 2920 2689 2991 κοιαίστωρ,
2735 2919 2864 2983 τοὺς
2920 2919 3210 2984 τελοῦντας
3241 2919 3528 2990 γεωργοὺς
3569 2920 3671 2972 ὑπὸ

2083 3010 2477 3076 δεσπότας,καὶ
2506 3012 2792 3082 δεομένους
2816 3012 2925 3065 τῶν
2963 3013 3148 3077 αὐτοῖς
3183 3011 3243 3077 ἐξ
3275 3011 3458 3065 αὐτῶν
3487 3028 3670 3082 προσ-

2723 3105 2803 3167 είς
2839 3103 3046 3174 ταύτην
3088 3101 3537 3176 παραγεγονότας
3567 3101 3666 3172 τὴν

2086 3194 2336 3266 βασιλίδα
2368 3195 2545 3260 πόλιν,
2581 3196 2904 3249 ἐπισκοπεῖν
2931 3195 3180 3263 δύναται,
3211 3196 3307 3248 καὶ
3334 3193 3667 3262 ἀναγκάζειν

2082 3286 2209 3350 τοὺς
2246 3286 2643 3358 κεκτημένους,
2696 3286 2892 3340 θᾶττον
2939 3288 3126 3350 αὐτοῖς
3157 3287 3454 3342 ἀποδοῦναι
3487 3286 3554 3340 τά
3584 3287 3670 3357 ἐφ’

2083 3372 2161 3440 οἷς
2212 3377 2492 3446 ἀφίκοντο,
2548 3377 2644 3429 καὶ
2692 3378 3003 3448 ἐκπέμπειν
3037 3379 3238 3433 αὐτίκα
3271 3380 3534 3449 τυχόντας
3560 3377 3669 3430 τῶν

2082 3467 2307 3522 δικαίων
2329 3485 2341 3498 ·
2375 3470 2424 3522 εί
2457 3468 2533 3535 δὲ,
2562 3468 2636 3532 ὡς
2670 3468 2837 3534 εἰκὸς,
2873 3471 2953 3531 εἰς
2979 3471 3296 3524 ἐναντίωσιν
3327 3470 3436 3524 τῶν
3467 3487 3669 3539 κεκτη-

2086 3560 2263 3631 μένων
2282 3561 2710 3631 παραγένοιντο,
2742 3563 2836 3617 καὶ
2869 3562 3005 3634 πρὸς
3031 3563 3227 3626 αὐτοὺς
3256 3564 3466 3632 λέγοιεν
3493 3562 3667 3626 δίκας,

2084 3653 2287 3724 πλῆθος
2314 3653 2370 3706 δέ
2391 3653 2583 3723 εἴησαν
2615 3655 2741 3718 τοὺς
2777 3654 2877 3724 μὲν
2931 3655 3164 3718 πολλοὺς
3191 3655 3544 3724 ἀποπέμπειν
3573 3670 3666 3706 πα-

2087 3745 2346 3815 ραχρῆμα
2377 3747 2457 3810 εἰς
2491 3746 2592 3816 τὴν
2624 3745 2809 3817 χώραν
2843 3747 2953 3800 δύω
2984 3748 3015 3819 ἢ
3046 3747 3214 3819 τριῶν
3257 3747 3667 3814 καταλιμπανο-

2086 3838 2286 3907 μὲνων,
2309 3839 2470 3910 οἵπερ
2505 3839 2601 3893 καὶ
2628 3841 2729 3911 τὴν
2756 3841 2864 3894 τῶν
2892 3840 3165 3894 συνδίκων
3191 3840 3345 3912 δίκην
3373 3839 3666 3908 ἁγωνιοῦν·

2081 3951 2196 3999 ται,
2248 3934 2344 3988 καὶ
2394 3932 2567 3996 οὕτως
2614 3933 2778 3988 αὐτὸν
2821 3934 3247 4006 ἐπιμεληθῆναι,
3297 3934 3373 3998 ὡς
3425 3933 3660 4003 τάχιστα

2084 4023 2305 4093 τέμνειν
2353 4023 2454 4086 τὰς
2485 4022 2796 4090 ὑποθέσεις,
2828 4025 2914 4078 ἵνα
2945 4025 3023 4096 μὴ
3057 4028 3235 4096 μῆκος
3285 4026 3470 4090 αὐτοῖς
3519 4024 3661 4094 ἐγγί-

2085 4132 2228 4168 νοιτο
2280 4114 2498 4185 χρόνου,
2547 4115 2642 4168 καὶ
2696 4115 2935 4185 μάλιστα
2991 4118 3260 4188 γεωργοῖς
3314 4111 3485 4181 οὖσιν,
3518 4117 3551 4184 ἡ
3581 4118 3663 4167 ἐνο

2083 4205 2260 4259 ταῦθα
2291 4205 2564 4274 παρουσία
2612 4208 2865 4278 περιττὴ,
2904 4208 2999 4261 καὶ
3055 4209 3088 4276 ή
3138 4209 3202 4260 ἐκ
3250 4208 3350 4278 τῆς
3398 4206 3663 4277 γεωργίας

2085 4299 2276 4369 σχολὴ,
2308 4298 2504 4368 βλάϐος
2527 4298 2712 4362 αὐτοῖς
2742 4317 2798 4352 τε
2832 4300 2928 4354 καὶ
2954 4301 3068 4365 τοῖς
3113 4299 3476 4371 κεκτημένοις
3504 4285 3663 4350 ποιεῖ.

2155 4397 2225 4458 γ’.
2271 4389 2329 4442 ’0
2367 4391 2664 4457 κοιαίστωρ
2689 4392 2751 4442 τὸ
2785 4391 3086 4462 ἐπιδημοῦν
3119 4390 3346 4462 πλῆθος,
3380 4393 3430 4443 εί
3471 4389 3548 4460 μὴ
3575 4405 3664 4456 γε-

397 4467 519 4522 tlcm
553 4468 757 4524 rustica
802 4482 908 4522 non
946 4467 1040 4533 sit,
1087 4469 1133 4523 si
1181 4484 1306 4524 cum
1346 4469 1468 4524 aliis
1504 4471 1627 4528 lites
1661 4487 1974 4543 exerceant,

2085 4453 2324 4554 ωργικδν
2354 4483 2463 4552 εἴη,
2497 4453 2645 4535 άλλά
2668 4482 2830 4552 τυχὸν
2861 4453 3005 4547 τιν’ἐς
3035 4453 3237 4555 ἕτεροι,
3371 4453 3664 4552 δικασόμε-

397 4558 488 4611 diu
535 4556 739 4612 morari
788 4557 842 4610 in
890 4557 992 4613 bac
1041 4557 1175 4613 urbe
1223 4573 1292 4614 ne
1336 4559 1647 4629 permittat;
1683 4566 1777 4618 sed
1811 4581 1974 4636 quam

398 4648 638 4703 inaxitno
665 4647 992 4719 compendio
1018 4649 1239 4720 poterit,
1271 4656 1682 4710 controversias
1714 4656 1892 4723 finiat,
1921 4669 1978 4714 et

397 4751 542 4805 ipsos
561 4739 828 4808 expeditis
855 4741 1088 4811 negotiis
1113 4742 1353 4802 remittat
1374 4746 1441 4801 ad
1457 4748 1707 4817 preprias
1729 4749 1978 4819 regiones

395 4838 491 4884 aut
517 4831 678 4889 urbes
703 4832 972 4890 colendas.

464 5009 519 5063 4.
551 5009 800 5076 Quaestor
836 5013 882 5068 si
927 5014 1124 5085 saepius
1157 5016 1530 5090 interpellatus
1575 5027 1844 5082 invenerit
1873 5027 1975 5082 do-

396 5098 574 5153 minos
628 5103 946 5160 colonorum
979 5108 1058 5160 uti
1109 5110 1483 5182 dilationibus,
1524 5132 1700 5186 neque
1744 5120 1880 5174 velle
1920 5129 1978 5174 ut

397 5201 608 5249 mature
652 5194 866 5262 judicio
928 5195 1248 5266 liberentur,
1306 5203 1419 5273 ipse
1471 5207 1671 5263 sistens
1727 5209 1976 5264 dominos

395 5298 578 5336 curaui
615 5287 962 5353 petitoribus,
1007 5292 1229 5360 gravius
1267 5309 1361 5350 eos
1391 5299 1635 5361 rnulctet,
1673 5309 1726 5352 et
1757 5300 1973 5355 confes-

395 5372 490 5425 tim
517 5373 776 5447 disponat
812 5379 878 5434 de
922 5380 988 5437 iis
1017 5393 1241 5454 propter
1267 5403 1385 5456 quae
1420 5389 1600 5445 coloni
1637 5391 1723 5445 hic
1753 5407 1968 5447 moran-

398 5471 504 5528 tur,
548 5471 900 5540 reniittatque
940 5488 1388 5546 unumquemque
1422 5479 1476 5532 in
1528 5480 1761 5549 patriam
1795 5497 1972 5552 suam,

397 5552 480 5605 vel
512 5554 564 5608 in
595 5574 714 5615 eam
752 5565 1026 5634 regionem
1058 5573 1200 5627 unde
1231 5583 1517 5639 venerunt,
1547 5573 1764 5629 sublato
1791 5576 1844 5630 in
1871 5577 1973 5634 hoc

401 5648 617 5714 negmio
647 5654 794 5706 omni
827 5658 1111 5729 privilegio
1141 5671 1194 5716 ct
1225 5663 1327 5719 fori
1361 5667 1793 5736 praescriptione.

2080 4593 2163 4629 νοι
2205 4576 2347 4647 πρὸς
2396 4577 2640 4648 ἐτέρους,
2675 4578 2773 4632 καὶ
2803 4578 3039 4633 ἐνταῦθα
3065 4574 3494 4650 χρονίζοιεν,⁴ᾒὴ
3525 4575 3662 4629 ἐνδι-

2079 4666 2238 4732 δότω,
2273 4667 2410 4721 ἀλλά
2439 4669 2588 4740 πάσῃ
2627 4669 2896 4742 συντομία
2946 4669 3168 4736 αὐτοὺς,
3225 4670 3334 4722 τῶν
3387 4667 3663 4738 ἀμφισϐη-

2079 4760 2360 4831 τουμένων
2386 4761 2796 4827 ἁπαλλαττέτω,
2827 4763 2922 4817 καὶ
2946 4763 3056 4818 τῶν
3082 4763 3250 4818 δικῶν
3273 4762 3663 4832 ἐλευθερουμέ-

2080 4871 2207 4917 νους
2254 4855 2611 4926 ἐκπεμπέτω,
2646 4856 2787 4912 ὥστε
2833 4857 3030 4921 αὐτοὺς
3076 4857 3178 4922 τὰς
3225 4857 3431 4922 οἰκείας
3477 4856 3663 4928 χώρας

2081 4946 2178 5000 καὶ
2207 4947 2390 5011 πόλεις
2421 4950 2613 5004 οἰκεῖν.

2150 5035 2212 5094 δ’.
2261 5037 2320 5092 Ὀ
2355 5040 2655 5110 κοιαίστωρ
2687 5041 2736 5093 εί
2771 5040 3035 5105 πολλάκις
3067 5041 3369 5112 ἐνοχλήσας
3399 5039 3526 5102 τοὺς
3556 5037 3662 5092 τῶν

2079 5127 2342 5198 γεωργῶν
2409 5129 2631 5200 κυρίους
2692 5130 3164 5202 ἀναϐαλλομένους
3208 5131 3381 5200 εὖροι,
3441 5131 3535 5182 καὶ
3587 5127 3662 5198 μὴ

2081 5218 2278 5272 Θᾶττον
2309 5220 2512 5282 αὐτοὺς
2552 5221 2650 5290 τῆς
2679 5221 3038 5293 προσεδρείας
3072 5220 3379 5287 ἀπαλλάξαι
3410 5221 3659 5280 Θέλοντας

2080 5307 2244 5372 αὐτὸς
2272 5326 2345 5360 πα
2355 5309 2558 5378 ριστῶν
2584 5309 2710 5372 τοὺς
2753 5309 3026 5374 δεσπότας
3054 5309 3391 5364 κατενώπιον
3419 5306 3657 5360 τῶνδεο-

2084 5398 2282 5468 μένων,
2323 5401 2634 5470 ἐπιτιμάτω
2667 5401 3045 5475 σφοδρότερον,
3101 5403 3197 5457 καὶ
3240 5403 3299 5457 ἐν
3344 5401 3499 5473 τάχει
3545 5398 3658 5450 δια-

2078 5488 2275 5543 τιοέτω
2325 5491 2411 5559 ἐφ’
2444 5486 2526 5554 οἷς
2575 5494 2623 5545 οἱ
2685 5495 2926 5566 γεωργοὶ
2975 5496 3354 5566 ἐπεδήμησαν,
3385 5493 3480 5546 καὶ
3528 5489 3662 5560 πρὸς

2078 5580 2433 5646 τὰς,οίκείας
2467 5585 2734 5655 πατρίδας
2804 5588 3161 5658 ἐκπεμπέτω,
3211 5587 3243 5655 ἦ
3296 5585 3435 5648 ὅλως
3477 5583 3538 5647 ἐξ
3589 5573 3664 5635 ὧν

2078 5675 2274 5743 ἥκουσι
2319 5673 2503 5751 τόπων
2555 5676 2738 5748 πάσης
2781 5678 3137 5750 ἀνῃρημένης
3173 5678 3311 5748 πρὸς
3339 5675 3499 5731 τοῦτο
3529 5689 3663 5745 προ-

2083 5765 2269 5829 νουιίας
2301 5783 2357 5819 τε
2391 5769 2484 5820 καὶ
2519 5769 2684 5835 φόρου
2716 5772 3110 5842 παραγραφῆς.
