  <div class='ocr_page' id='page_1' title='image "/cluster/home/n/w/nwhite01/storage/ocr_20150623/113/hvd.32044073502270/238.png"; bbox 0 0 4058 6212; ppageno 0'>
   <div class='ocr_carea' id='block_1_1' title="bbox 496 304 2464 378">
    <p class='ocr_par' dir='ltr' id='par_1_1' title="bbox 496 304 2464 378">
     <span class='ocr_line' id='line_1_1' title="bbox 496 304 2464 378; baseline -0.007 0"><span class='ocrx_word' id='word_1_1' title='bbox 496 312 598 378; x_wconf 67' lang='grc'>469</span> <span class='ocrx_word' id='word_1_2' title='bbox 1751 304 2140 365; x_wconf 81' lang='lat' dir='ltr'><strong>DELECTUS</strong></span> <span class='ocrx_word' id='word_1_3' title='bbox 2179 305 2380 364; x_wconf 83' lang='lat' dir='ltr'><strong>LEG‘U</strong></span> <span class='ocrx_word' id='word_1_4' title='bbox 2391 304 2464 364; x_wconf 81' lang='grc' dir='ltr'><strong>Μ.</strong></span> 
     </span>
    </p>
   </div>
   <div class='ocr_carea' id='block_1_2' title="bbox 562 412 2141 485">
    <p class='ocr_par' dir='ltr' id='par_1_2' title="bbox 562 412 2141 485">
     <span class='ocr_line' id='line_1_2' title="bbox 562 412 2141 485; baseline -0.012 -10"><span class='ocrx_word' id='word_1_5' title='bbox 562 420 624 475; x_wconf 88' lang='grc' dir='ltr'><strong>ε’.</strong></span> <span class='ocrx_word' id='word_1_6' title='bbox 675 417 736 472; x_wconf 84' lang='lat'><strong>&#39;0</strong></span> <span class='ocrx_word' id='word_1_7' title='bbox 766 415 1064 485; x_wconf 85' lang='grc' dir='ltr'>κοιαίστωρ</span> <span class='ocrx_word' id='word_1_8' title='bbox 1105 416 1156 468; x_wconf 84' lang='grc' dir='ltr'><strong>εἰ</strong></span> <span class='ocrx_word' id='word_1_9' title='bbox 1184 412 1301 483; x_wconf 90' lang='grc' dir='ltr'>βίου</span> <span class='ocrx_word' id='word_1_10' title='bbox 1346 412 1621 485; x_wconf 84' lang='grc' dir='ltr'>πρόφασίν</span> <span class='ocrx_word' id='word_1_11' title='bbox 1652 429 1815 479; x_wconf 69' lang='grc' dir='ltr'>τινες,</span> <span class='ocrx_word' id='word_1_12' title='bbox 1846 414 1879 482; x_wconf 84' lang='grc' dir='ltr'>ἢ</span> <span class='ocrx_word' id='word_1_13' title='bbox 1911 412 2065 482; x_wconf 82' lang='grc' dir='ltr'>δίκης</span> <span class='ocrx_word' id='word_1_14' title='bbox 2097 416 2141 471; x_wconf 73' lang='grc' dir='ltr'>Α</span> 
     </span>
    </p>
   </div>
   <div class='ocr_carea' id='block_1_3' title="bbox 501 501 2069 575">
    <p class='ocr_par' dir='ltr' id='par_1_3' title="bbox 501 501 2069 575">
     <span class='ocr_line' id='line_1_3' title="bbox 501 501 2069 575; baseline -0.008 -10"><span class='ocrx_word' id='word_1_15' title='bbox 501 510 674 566; x_wconf 82' lang='grc' dir='ltr'>αἰτίαν</span> <span class='ocrx_word' id='word_1_16' title='bbox 721 507 823 561; x_wconf 77' lang='grc' dir='ltr'><strong>οὐκ</strong></span> <span class='ocrx_word' id='word_1_17' title='bbox 872 504 1113 575; x_wconf 78' lang='grc' dir='ltr'>ἔχοντες,</span> <span class='ocrx_word' id='word_1_18' title='bbox 1141 506 1234 556; x_wconf 80' lang='grc' dir='ltr'><strong>ἐπὶ</strong></span> <span class='ocrx_word' id='word_1_19' title='bbox 1268 502 1473 573; x_wconf 83' lang='grc' dir='ltr'><strong>ταύτης</strong></span> <span class='ocrx_word' id='word_1_20' title='bbox 1517 502 1625 554; x_wconf 77' lang='grc' dir='ltr'>εἰσὶ</span> <span class='ocrx_word' id='word_1_21' title='bbox 1658 504 1759 570; x_wconf 78' lang='grc' dir='ltr'>τῆς</span> <span class='ocrx_word' id='word_1_22' title='bbox 1793 501 2069 571; x_wconf 84' lang='grc' dir='ltr'>ἡμετέρας</span> 
     </span>
    </p>
   </div>
   <div class='ocr_carea' id='block_1_4' title="bbox 502 594 2074 670">
    <p class='ocr_par' dir='ltr' id='par_1_4' title="bbox 502 594 2074 670">
     <span class='ocr_line' id='line_1_4' title="bbox 502 594 2074 670; baseline -0.006 -14"><span class='ocrx_word' id='word_1_23' title='bbox 502 605 728 667; x_wconf 77' lang='grc' dir='ltr'>πόλεως,</span> <span class='ocrx_word' id='word_1_24' title='bbox 760 602 835 664; x_wconf 88' lang='grc' dir='ltr'>ὼς</span> <span class='ocrx_word' id='word_1_25' title='bbox 867 600 1055 670; x_wconf 76' lang='grc' dir='ltr'>διαζῇν</span> <span class='ocrx_word' id='word_1_26' title='bbox 1103 600 1167 651; x_wconf 81' lang='grc' dir='ltr'>ὲκ</span> <span class='ocrx_word' id='word_1_27' title='bbox 1201 596 1293 659; x_wconf 72' lang='grc' dir='ltr'>τοῦ</span> <span class='ocrx_word' id='word_1_28' title='bbox 1350 598 1643 667; x_wconf 80' lang='grc' dir='ltr'><strong>μεταιτεῖν,</strong></span> <span class='ocrx_word' id='word_1_29' title='bbox 1701 595 1876 649; x_wconf 80' lang='grc' dir='ltr'>ὁποῖοί</span> <span class='ocrx_word' id='word_1_30' title='bbox 1930 594 2074 657; x_wconf 85' lang='grc' dir='ltr'>τινές</span> 
     </span>
    </p>
   </div>
   <div class='ocr_carea' id='block_1_5' title="bbox 503 685 2073 761">
    <p class='ocr_par' dir='ltr' id='par_1_5' title="bbox 503 685 2073 761">
     <span class='ocr_line' id='line_1_5' title="bbox 503 685 2073 761; baseline -0.008 -10"><span class='ocrx_word' id='word_1_31' title='bbox 503 700 658 761; x_wconf 81' lang='grc' dir='ltr'>εἰσιν,</span> <span class='ocrx_word' id='word_1_32' title='bbox 685 691 1071 755; x_wconf 82' lang='grc' dir='ltr'>ἐποπτεύεται,</span> <span class='ocrx_word' id='word_1_33' title='bbox 1098 690 1195 743; x_wconf 70' lang='grc' dir='ltr'>καὶ</span> <span class='ocrx_word' id='word_1_34' title='bbox 1225 691 1273 743; x_wconf 89' lang='grc' dir='ltr'><strong>εἰ</strong></span> <span class='ocrx_word' id='word_1_35' title='bbox 1300 689 1538 760; x_wconf 77' lang='grc' dir='ltr'>ἔρρωται</span> <span class='ocrx_word' id='word_1_36' title='bbox 1576 687 1759 750; x_wconf 81' lang='grc' dir='ltr'>αὐτοῖς</span> <span class='ocrx_word' id='word_1_37' title='bbox 1787 685 1855 739; x_wconf 87' lang='grc' dir='ltr'><strong>τά</strong></span> <span class='ocrx_word' id='word_1_38' title='bbox 1886 686 2073 756; x_wconf 84' lang='grc' dir='ltr'>σώμα-</span> 
     </span>
    </p>
   </div>
   <div class='ocr_carea' id='block_1_6' title="bbox 503 782 2075 856">
    <p class='ocr_par' dir='ltr' id='par_1_6' title="bbox 503 782 2075 856">
     <span class='ocr_line' id='line_1_6' title="bbox 503 782 2075 856; baseline -0.006 -11"><span class='ocrx_word' id='word_1_39' title='bbox 503 810 570 845; x_wconf 86' lang='grc' dir='ltr'><strong>τα</strong></span> <span class='ocrx_word' id='word_1_40' title='bbox 622 790 722 843; x_wconf 79' lang='grc' dir='ltr'>καὶ</span> <span class='ocrx_word' id='word_1_41' title='bbox 766 787 981 841; x_wconf 89' lang='grc' dir='ltr'>δυνατοί</span> <span class='ocrx_word' id='word_1_42' title='bbox 1013 787 1256 856; x_wconf 83' lang='grc' dir='ltr'>διαρκεῖν</span> <span class='ocrx_word' id='word_1_43' title='bbox 1301 786 1439 855; x_wconf 85' lang='grc' dir='ltr'>πρὸς</span> <span class='ocrx_word' id='word_1_44' title='bbox 1491 784 1650 837; x_wconf 80' lang='grc' dir='ltr'>πόνον</span> <span class='ocrx_word' id='word_1_45' title='bbox 1700 783 1858 849; x_wconf 70' lang='grc' dir='ltr'>εἰσὶν,</span> <span class='ocrx_word' id='word_1_46' title='bbox 1892 785 1939 836; x_wconf 87' lang='grc' dir='ltr'><strong>εἰ</strong></span> <span class='ocrx_word' id='word_1_47' title='bbox 1976 782 2075 852; x_wconf 83' lang='grc' dir='ltr'><strong>μὲν</strong></span> 
     </span>
    </p>
   </div>
   <div class='ocr_carea' id='block_1_7' title="bbox 506 875 2080 948">
    <p class='ocr_par' dir='ltr' id='par_1_7' title="bbox 506 875 2080 948">
     <span class='ocr_line' id='line_1_7' title="bbox 506 875 2080 948; baseline -0.006 -12"><span class='ocrx_word' id='word_1_48' title='bbox 506 882 712 936; x_wconf 87' lang='grc' dir='ltr'>οἰκέται</span> <span class='ocrx_word' id='word_1_49' title='bbox 764 876 896 942; x_wconf 77' lang='grc' dir='ltr'>εἷεν,</span> <span class='ocrx_word' id='word_1_50' title='bbox 948 876 1367 948; x_wconf 76' lang='grc' dir='ltr'><strong>γνωριζομένων</strong></span> <span class='ocrx_word' id='word_1_51' title='bbox 1391 876 1501 929; x_wconf 78' lang='grc' dir='ltr'>τῶν</span> <span class='ocrx_word' id='word_1_52' title='bbox 1549 876 1827 929; x_wconf 79' lang='grc' dir='ltr'><strong>δεσποτῶν</strong></span> <span class='ocrx_word' id='word_1_53' title='bbox 1857 875 2080 937; x_wconf 81' lang='grc' dir='ltr'><strong>τούτους</strong></span> 
     </span>
    </p>
   </div>
   <div class='ocr_carea' id='block_1_8' title="bbox 509 964 2083 1037">
    <p class='ocr_par' dir='ltr' id='par_1_8' title="bbox 509 964 2083 1037">
     <span class='ocr_line' id='line_1_8' title="bbox 509 964 2083 1037; baseline -0.006 -13"><span class='ocrx_word' id='word_1_54' title='bbox 509 974 600 1024; x_wconf 70' lang='grc' dir='ltr'><strong>καὶ</strong></span> <span class='ocrx_word' id='word_1_55' title='bbox 622 972 851 1032; x_wconf 84' lang='grc' dir='ltr'>ἄκοντας</span> <span class='ocrx_word' id='word_1_56' title='bbox 874 970 984 1031; x_wconf 85' lang='grc' dir='ltr'>τοῖς</span> <span class='ocrx_word' id='word_1_57' title='bbox 1015 967 1375 1037; x_wconf 82' lang='grc' dir='ltr'><strong>κεκτημένοις</strong></span> <span class='ocrx_word' id='word_1_58' title='bbox 1396 965 1755 1037; x_wconf 77' lang='grc' dir='ltr'>ἐκπεμπέτω,</span> <span class='ocrx_word' id='word_1_59' title='bbox 1784 965 1834 1017; x_wconf 91' lang='grc' dir='ltr'><strong>εἰ</strong></span> <span class='ocrx_word' id='word_1_60' title='bbox 1859 964 1915 1018; x_wconf 80' lang='grc' dir='ltr'>δὲ</span> <span class='ocrx_word' id='word_1_61' title='bbox 1937 964 2083 1017; x_wconf 84' lang='grc' dir='ltr'>ὲλεύ-</span> 
     </span>
    </p>
   </div>
   <div class='ocr_carea' id='block_1_9' title="bbox 515 1049 2082 1132">
    <p class='ocr_par' dir='ltr' id='par_1_9' title="bbox 515 1049 2082 1132">
     <span class='ocr_line' id='line_1_9' title="bbox 515 1049 2082 1132; baseline -0.004 -18"><span class='ocrx_word' id='word_1_62' title='bbox 515 1063 661 1132; x_wconf 81' lang='grc' dir='ltr'>Οεροι</span> <span class='ocrx_word' id='word_1_63' title='bbox 714 1061 903 1129; x_wconf 81' lang='grc' dir='ltr'><strong>τύχην,</strong></span> <span class='ocrx_word' id='word_1_64' title='bbox 962 1059 1186 1121; x_wconf 75' lang='grc' dir='ltr'>τούτους</span> <span class='ocrx_word' id='word_1_65' title='bbox 1226 1058 1561 1128; x_wconf 77' lang='grc' dir='ltr'>ἐκπεμπέτω</span> <span class='ocrx_word' id='word_1_66' title='bbox 1609 1059 1688 1120; x_wconf 85' lang='grc' dir='ltr'><strong>εἰς</strong></span> <span class='ocrx_word' id='word_1_67' title='bbox 1744 1057 1841 1119; x_wconf 84' lang='grc' dir='ltr'>τὰς</span> <span class='ocrx_word' id='word_1_68' title='bbox 1895 1054 1954 1119; x_wconf 76' lang='grc' dir='ltr'><strong>ἐξ</strong></span> <span class='ocrx_word' id='word_1_69' title='bbox 2005 1049 2082 1109; x_wconf 88' lang='grc' dir='ltr'><strong>ὧν</strong></span> 
     </span>
    </p>
   </div>
   <div class='ocr_carea' id='block_1_10' title="bbox 510 1142 2085 1227">
    <p class='ocr_par' dir='ltr' id='par_1_10' title="bbox 510 1142 2085 1227">
     <span class='ocr_line' id='line_1_10' title="bbox 510 1142 2085 1227; baseline -0.003 -22"><span class='ocrx_word' id='word_1_70' title='bbox 510 1157 645 1205; x_wconf 86' lang='grc' dir='ltr'>εἰσιν</span> <span class='ocrx_word' id='word_1_71' title='bbox 675 1152 963 1227; x_wconf 45' lang='grc' dir='ltr'>θεαρχίας,</span> <span class='ocrx_word' id='word_1_72' title='bbox 992 1151 1041 1202; x_wconf 87' lang='grc' dir='ltr'><strong>εἰ</strong></span> <span class='ocrx_word' id='word_1_73' title='bbox 1080 1150 1138 1202; x_wconf 82' lang='grc' dir='ltr'>δὲ</span> <span class='ocrx_word' id='word_1_74' title='bbox 1190 1148 1507 1217; x_wconf 80' lang='grc' dir='ltr'>αὐτόχθονες</span> <span class='ocrx_word' id='word_1_75' title='bbox 1564 1142 1693 1211; x_wconf 80' lang='grc' dir='ltr'>εἷεν,</span> <span class='ocrx_word' id='word_1_76' title='bbox 1745 1147 2085 1218; x_wconf 80' lang='grc' dir='ltr'><strong>παραδιδότω</strong></span> 
     </span>
    </p>
   </div>
   <div class='ocr_carea' id='block_1_11' title="bbox 510 1237 2086 1312">
    <p class='ocr_par' dir='ltr' id='par_1_11' title="bbox 510 1237 2086 1312">
     <span class='ocr_line' id='line_1_11' title="bbox 510 1237 2086 1312; baseline -0.003 -18"><span class='ocrx_word' id='word_1_77' title='bbox 510 1243 703 1296; x_wconf 70' lang='grc' dir='ltr'>θᾶττον</span> <span class='ocrx_word' id='word_1_78' title='bbox 750 1243 949 1306; x_wconf 75' lang='grc' dir='ltr'>αὐτοὺς</span> <span class='ocrx_word' id='word_1_79' title='bbox 996 1243 1111 1305; x_wconf 86' lang='grc' dir='ltr'>τοῖς</span> <span class='ocrx_word' id='word_1_80' title='bbox 1160 1258 1220 1293; x_wconf 90' lang='grc' dir='ltr'><strong>τε</strong></span> <span class='ocrx_word' id='word_1_81' title='bbox 1268 1240 1376 1293; x_wconf 83' lang='grc' dir='ltr'><strong>τῶν</strong></span> <span class='ocrx_word' id='word_1_82' title='bbox 1410 1238 1588 1312; x_wconf 78' lang='grc' dir='ltr'>ἔργων</span> <span class='ocrx_word' id='word_1_83' title='bbox 1640 1237 1750 1291; x_wconf 88' lang='grc' dir='ltr'>τῶν</span> <span class='ocrx_word' id='word_1_84' title='bbox 1807 1238 2086 1309; x_wconf 86' lang='grc' dir='ltr'>δημοσίων</span> 
     </span>
    </p>
   </div>
   <div class='ocr_carea' id='block_1_12' title="bbox 508 1330 2087 1405">
    <p class='ocr_par' dir='ltr' id='par_1_12' title="bbox 508 1330 2087 1405">
     <span class='ocr_line' id='line_1_12' title="bbox 508 1330 2087 1405; baseline -0.004 -18"><span class='ocrx_word' id='word_1_85' title='bbox 508 1335 799 1405; x_wconf 75' lang='grc' dir='ltr'>τεχνίταις,</span> <span class='ocrx_word' id='word_1_86' title='bbox 844 1337 923 1397; x_wconf 88' lang='grc' dir='ltr'><strong>εἰς</strong></span> <span class='ocrx_word' id='word_1_87' title='bbox 953 1333 1280 1404; x_wconf 85' lang='grc' dir='ltr'>ὑπουργίαν,</span> <span class='ocrx_word' id='word_1_88' title='bbox 1308 1333 1420 1395; x_wconf 79' lang='grc' dir='ltr'>τοῖς</span> <span class='ocrx_word' id='word_1_89' title='bbox 1452 1347 1512 1383; x_wconf 90' lang='grc' dir='ltr'><strong>τε</strong></span> <span class='ocrx_word' id='word_1_90' title='bbox 1545 1330 1883 1400; x_wconf 76' lang='grc' dir='ltr'>προεστῶσιν</span> <span class='ocrx_word' id='word_1_91' title='bbox 1921 1331 2087 1399; x_wconf 89' lang='grc' dir='ltr'>ἀρτο-</span> 
     </span>
    </p>
   </div>
   <div class='ocr_carea' id='block_1_13' title="bbox 3634 293 3753 358">
    <p class='ocr_par' dir='ltr' id='par_1_13' title="bbox 3634 293 3753 358">
     <span class='ocr_line' id='line_1_13' title="bbox 3634 293 3753 358; baseline 0.017 -2"><span class='ocrx_word' id='word_1_92' title='bbox 3634 293 3753 358; x_wconf 71' lang='grc'><strong>470</strong></span> 
     </span>
    </p>
   </div>
   <div class='ocr_carea' id='block_1_14' title="bbox 2243 402 3744 484">
    <p class='ocr_par' dir='ltr' id='par_1_14' title="bbox 2243 402 3744 484">
     <span class='ocr_line' id='line_1_14' title="bbox 2243 402 3744 484; baseline -0.006 -17"><span class='ocrx_word' id='word_1_93' title='bbox 2243 414 2296 467; x_wconf 83' lang='lat'><strong>5.</strong></span> <span class='ocrx_word' id='word_1_94' title='bbox 2335 413 2419 484; x_wconf 91' lang='lat' dir='ltr'><strong>(L.</strong></span> <span class='ocrx_word' id='word_1_95' title='bbox 2457 429 2494 475; x_wconf 81' lang='grc' dir='ltr'><strong>ι,</strong></span> <span class='ocrx_word' id='word_1_96' title='bbox 2526 428 2573 468; x_wconf 86' lang='lat' dir='ltr'><strong>c.</strong></span> <span class='ocrx_word' id='word_1_97' title='bbox 2604 412 2681 465; x_wconf 86' lang='lat' dir='ltr'><strong>De</strong></span> <span class='ocrx_word' id='word_1_98' title='bbox 2704 409 2864 482; x_wconf 81' lang='lat' dir='ltr'><strong>valid.</strong></span> <span class='ocrx_word' id='word_1_99' title='bbox 2894 406 3236 475; x_wconf 78' lang='lat' dir='ltr'><strong>mendicant.)</strong></span> <span class='ocrx_word' id='word_1_100' title='bbox 3263 402 3508 470; x_wconf 69' lang='lat' dir='ltr'><strong>Quaestor</strong></span> <span class='ocrx_word' id='word_1_101' title='bbox 3530 404 3574 457; x_wconf 87' lang='lat' dir='ltr'><strong>si</strong></span> <span class='ocrx_word' id='word_1_102' title='bbox 3607 419 3744 473; x_wconf 87' lang='lat' dir='ltr'><strong>quos</strong></span> 
     </span>
    </p>
   </div>
   <div class='ocr_carea' id='block_1_15' title="bbox 2173 498 3744 567">
    <p class='ocr_par' dir='ltr' id='par_1_15' title="bbox 2173 498 3744 567">
     <span class='ocr_line' id='line_1_15' title="bbox 2173 498 3744 567; baseline -0.007 -9"><span class='ocrx_word' id='word_1_103' title='bbox 2173 506 2227 558; x_wconf 90' lang='lat' dir='ltr'><strong>in</strong></span> <span class='ocrx_word' id='word_1_104' title='bbox 2276 508 2376 561; x_wconf 90' lang='lat' dir='ltr'><strong>hac</strong></span> <span class='ocrx_word' id='word_1_105' title='bbox 2412 506 2544 559; x_wconf 86' lang='lat' dir='ltr'><strong>urbe</strong></span> <span class='ocrx_word' id='word_1_106' title='bbox 2590 512 2773 559; x_wconf 88' lang='lat' dir='ltr'><strong>nostra</strong></span> <span class='ocrx_word' id='word_1_107' title='bbox 2818 500 3105 561; x_wconf 87' lang='lat' dir='ltr'><strong>invenerit,</strong></span> <span class='ocrx_word' id='word_1_108' title='bbox 3134 498 3227 567; x_wconf 88' lang='lat' dir='ltr'><strong>qui</strong></span> <span class='ocrx_word' id='word_1_109' title='bbox 3274 511 3447 566; x_wconf 89' lang='lat' dir='ltr'><strong>neque</strong></span> <span class='ocrx_word' id='word_1_110' title='bbox 3477 507 3744 564; x_wconf 74' lang='lat' dir='ltr'><strong>qumstum</strong></span> 
     </span>
    </p>
   </div>
   <div class='ocr_carea' id='block_1_16' title="bbox 2175 578 3749 666">
    <p class='ocr_par' dir='ltr' id='par_1_16' title="bbox 2175 578 3749 666">
     <span class='ocr_line' id='line_1_16' title="bbox 2175 578 3749 666; baseline -0.006 -19"><span class='ocrx_word' id='word_1_111' title='bbox 2175 612 2281 666; x_wconf 89' lang='lat' dir='ltr'><strong>quo</strong></span> <span class='ocrx_word' id='word_1_112' title='bbox 2323 612 2381 652; x_wconf 89' lang='lat' dir='ltr'><strong>se</strong></span> <span class='ocrx_word' id='word_1_113' title='bbox 2419 603 2729 650; x_wconf 83' lang='lat' dir='ltr'><strong>sustentem</strong></span> <span class='ocrx_word' id='word_1_114' title='bbox 2760 592 3031 654; x_wconf 82' lang='lat' dir='ltr'><strong>habeam,</strong></span> <span class='ocrx_word' id='word_1_115' title='bbox 3084 603 3259 657; x_wconf 86' lang='lat' dir='ltr'><strong>neque</strong></span> <span class='ocrx_word' id='word_1_116' title='bbox 3298 587 3410 642; x_wconf 89' lang='lat' dir='ltr'><strong>litis</strong></span> <span class='ocrx_word' id='word_1_117' title='bbox 3458 601 3620 640; x_wconf 86' lang='lat' dir='ltr'><strong>causa</strong></span> <span class='ocrx_word' id='word_1_118' title='bbox 3661 578 3749 638; x_wconf 89' lang='lat' dir='ltr'><strong>hic</strong></span> 
     </span>
    </p>
   </div>
   <div class='ocr_carea' id='block_1_17' title="bbox 2177 677 3749 750">
    <p class='ocr_par' dir='ltr' id='par_1_17' title="bbox 2177 677 3749 750">
     <span class='ocr_line' id='line_1_17' title="bbox 2177 677 3749 750; baseline -0.009 -7"><span class='ocrx_word' id='word_1_119' title='bbox 2177 696 2602 750; x_wconf 83' lang='lat' dir='ltr'><strong>commoremur,</strong></span> <span class='ocrx_word' id='word_1_120' title='bbox 2640 686 2713 738; x_wconf 93' lang='lat' dir='ltr'><strong>ita</strong></span> <span class='ocrx_word' id='word_1_121' title='bbox 2746 691 2803 737; x_wconf 92' lang='lat' dir='ltr'><strong>ut</strong></span> <span class='ocrx_word' id='word_1_122' title='bbox 2845 684 3019 736; x_wconf 87' lang='lat' dir='ltr'><strong>victus</strong></span> <span class='ocrx_word' id='word_1_123' title='bbox 3054 681 3185 747; x_wconf 83' lang='lat' dir='ltr'><strong>ipsis</strong></span> <span class='ocrx_word' id='word_1_124' title='bbox 3214 677 3568 734; x_wconf 83' lang='lat' dir='ltr'><strong>mendicando</strong></span> <span class='ocrx_word' id='word_1_125' title='bbox 3597 690 3749 744; x_wconf 67' lang='lat' dir='ltr'><strong>qua?-</strong></span> 
     </span>
    </p>
   </div>
   <div class='ocr_carea' id='block_1_18' title="bbox 2178 768 3759 847">
    <p class='ocr_par' dir='ltr' id='par_1_18' title="bbox 2178 768 3759 847">
     <span class='ocr_line' id='line_1_18' title="bbox 2178 768 3759 847; baseline -0.011 -10"><span class='ocrx_word' id='word_1_126' title='bbox 2178 784 2378 837; x_wconf 86' lang='lat' dir='ltr'><strong>rendus</strong></span> <span class='ocrx_word' id='word_1_127' title='bbox 2426 780 2518 843; x_wconf 92' lang='lat' dir='ltr'><strong>sit,</strong></span> <span class='ocrx_word' id='word_1_128' title='bbox 2564 778 2971 847; x_wconf 81' lang='lat' dir='ltr'><strong>qualescunque</strong></span> <span class='ocrx_word' id='word_1_129' title='bbox 3019 774 3221 829; x_wconf 81' lang='lat' dir='ltr'><strong>fuerint</strong></span> <span class='ocrx_word' id='word_1_130' title='bbox 3267 771 3542 836; x_wconf 81' lang='lat' dir='ltr'><strong>excutiat;</strong></span> <span class='ocrx_word' id='word_1_131' title='bbox 3601 778 3658 825; x_wconf 88' lang='lat' dir='ltr'><strong>et</strong></span> <span class='ocrx_word' id='word_1_132' title='bbox 3701 768 3759 823; x_wconf 31' lang='lat' dir='ltr'><strong>si»</strong></span> 
     </span>
    </p>
   </div>
   <div class='ocr_carea' id='block_1_19' title="bbox 2180 859 3771 936">
    <p class='ocr_par' dir='ltr' id='par_1_19' title="bbox 2180 859 3771 936">
     <span class='ocr_line' id='line_1_19' title="bbox 2180 859 3771 936; baseline -0.007 -14"><span class='ocrx_word' id='word_1_133' title='bbox 2180 881 2406 936; x_wconf 88' lang='lat' dir='ltr'><strong>corpore</strong></span> <span class='ocrx_word' id='word_1_134' title='bbox 2450 867 2627 919; x_wconf 87' lang='lat' dir='ltr'><strong>valido</strong></span> <span class='ocrx_word' id='word_1_135' title='bbox 2663 874 2717 919; x_wconf 91' lang='lat' dir='ltr'><strong>et</strong></span> <span class='ocrx_word' id='word_1_136' title='bbox 2745 864 3060 919; x_wconf 71' lang='lat' dir='ltr'><strong>sufﬁciente</strong></span> <span class='ocrx_word' id='word_1_137' title='bbox 3105 862 3383 916; x_wconf 79' lang='lat' dir='ltr'><strong>laboribus</strong></span> <span class='ocrx_word' id='word_1_138' title='bbox 3429 859 3649 921; x_wconf 83' lang='lat' dir='ltr'><strong>fuerint,</strong></span> <span class='ocrx_word' id='word_1_139' title='bbox 3704 859 3771 912; x_wconf 41' lang='lat' dir='ltr'><strong>si-</strong></span> 
     </span>
    </p>
   </div>
   <div class='ocr_carea' id='block_1_20' title="bbox 2182 951 3754 1028">
    <p class='ocr_par' dir='ltr' id='par_1_20' title="bbox 2182 951 3754 1028">
     <span class='ocr_line' id='line_1_20' title="bbox 2182 951 3754 1028; baseline -0.004 -18"><span class='ocrx_word' id='word_1_140' title='bbox 2182 960 2395 1028; x_wconf 83' lang='lat' dir='ltr'><strong>quidem</strong></span> <span class='ocrx_word' id='word_1_141' title='bbox 2431 958 2575 1013; x_wconf 73' lang='lat' dir='ltr'><strong>servi</strong></span> <span class='ocrx_word' id='word_1_142' title='bbox 2612 958 2721 1011; x_wconf 91' lang='lat' dir='ltr'><strong>sint</strong></span> <span class='ocrx_word' id='word_1_143' title='bbox 2751 955 3049 1010; x_wconf 79' lang='lat' dir='ltr'><strong>scientibus</strong></span> <span class='ocrx_word' id='word_1_144' title='bbox 3080 952 3333 1016; x_wconf 83' lang='lat' dir='ltr'><strong>dominis,</strong></span> <span class='ocrx_word' id='word_1_145' title='bbox 3366 955 3529 1006; x_wconf 85' lang='lat' dir='ltr'><strong>etiam</strong></span> <span class='ocrx_word' id='word_1_146' title='bbox 3558 951 3754 1005; x_wconf 90' lang='lat' dir='ltr'><strong>invitos</strong></span> 
     </span>
    </p>
   </div>
   <div class='ocr_carea' id='block_1_21' title="bbox 2184 1045 3755 1115">
    <p class='ocr_par' dir='ltr' id='par_1_21' title="bbox 2184 1045 3755 1115">
     <span class='ocr_line' id='line_1_21' title="bbox 2184 1045 3755 1115; baseline -0.007 -9"><span class='ocrx_word' id='word_1_147' title='bbox 2184 1052 2413 1106; x_wconf 89' lang='lat' dir='ltr'><strong>dominis</strong></span> <span class='ocrx_word' id='word_1_148' title='bbox 2429 1050 2541 1105; x_wconf 88' lang='lat' dir='ltr'><strong>suis</strong></span> <span class='ocrx_word' id='word_1_149' title='bbox 2557 1050 2833 1115; x_wconf 87' lang='lat' dir='ltr'><strong>remittat;</strong></span> <span class='ocrx_word' id='word_1_150' title='bbox 2862 1049 2904 1101; x_wconf 91' lang='lat' dir='ltr'><strong>si</strong></span> <span class='ocrx_word' id='word_1_151' title='bbox 2938 1056 3116 1101; x_wconf 89' lang='lat' dir='ltr'><strong>autem</strong></span> <span class='ocrx_word' id='word_1_152' title='bbox 3138 1045 3385 1110; x_wconf 86' lang='lat' dir='ltr'><strong>liberi,in</strong></span> <span class='ocrx_word' id='word_1_153' title='bbox 3414 1059 3541 1099; x_wconf 88' lang='lat' dir='ltr'><strong>suas</strong></span> <span class='ocrx_word' id='word_1_154' title='bbox 3562 1057 3755 1112; x_wconf 87' lang='lat' dir='ltr'><strong>quem-</strong></span> 
     </span>
    </p>
   </div>
   <div class='ocr_carea' id='block_1_22' title="bbox 2187 1136 3754 1214">
    <p class='ocr_par' dir='ltr' id='par_1_22' title="bbox 2187 1136 3754 1214">
     <span class='ocr_line' id='line_1_22' title="bbox 2187 1136 3754 1214; baseline -0.008 -14"><span class='ocrx_word' id='word_1_155' title='bbox 2187 1159 2293 1214; x_wconf 90' lang='lat' dir='ltr'><strong>que</strong></span> <span class='ocrx_word' id='word_1_156' title='bbox 2341 1144 2590 1213; x_wconf 84' lang='lat' dir='ltr'><strong>regiones</strong></span> <span class='ocrx_word' id='word_1_157' title='bbox 2649 1143 2922 1207; x_wconf 79' lang='lat' dir='ltr'><strong>remittat;</strong></span> <span class='ocrx_word' id='word_1_158' title='bbox 2973 1140 3031 1194; x_wconf 14' lang='lat' dir='ltr'><strong>si,</strong></span> <span class='ocrx_word' id='word_1_159' title='bbox 3071 1152 3199 1194; x_wconf 83' lang='lat' dir='ltr'><strong>vero</strong></span> <span class='ocrx_word' id='word_1_160' title='bbox 3232 1138 3497 1207; x_wconf 70' lang='lat' dir='ltr'><strong>indigeam</strong></span> <span class='ocrx_word' id='word_1_161' title='bbox 3531 1136 3754 1198; x_wconf 82' lang='lat' dir='ltr'><strong>fuerint,</strong></span> 
     </span>
    </p>
   </div>
   <div class='ocr_carea' id='block_1_23' title="bbox 2188 1227 3760 1306">
    <p class='ocr_par' dir='ltr' id='par_1_23' title="bbox 2188 1227 3760 1306">
     <span class='ocr_line' id='line_1_23' title="bbox 2188 1227 3760 1306; baseline -0.008 -13"><span class='ocrx_word' id='word_1_162' title='bbox 2188 1238 2469 1294; x_wconf 80' lang='lat' dir='ltr'><strong>confestim</strong></span> <span class='ocrx_word' id='word_1_163' title='bbox 2503 1237 2651 1306; x_wconf 86' lang='lat' dir='ltr'><strong>ipsos</strong></span> <span class='ocrx_word' id='word_1_164' title='bbox 2682 1236 2857 1289; x_wconf 83' lang='lat' dir='ltr'><strong>tradat</strong></span> <span class='ocrx_word' id='word_1_165' title='bbox 2896 1233 3232 1302; x_wconf 90' lang='lat' dir='ltr'><strong>publicorum</strong></span> <span class='ocrx_word' id='word_1_166' title='bbox 3278 1245 3504 1299; x_wconf 84' lang='lat' dir='ltr'><strong>operum</strong></span> <span class='ocrx_word' id='word_1_167' title='bbox 3535 1227 3760 1282; x_wconf 89' lang='lat' dir='ltr'><strong>artifici-</strong></span> 
     </span>
    </p>
   </div>
   <div class='ocr_carea' id='block_1_24' title="bbox 2188 1317 3759 1396">
    <p class='ocr_par' dir='ltr' id='par_1_24' title="bbox 2188 1317 3759 1396">
     <span class='ocr_line' id='line_1_24' title="bbox 2188 1317 3759 1396; baseline -0.011 -10"><span class='ocrx_word' id='word_1_168' title='bbox 2188 1331 2288 1386; x_wconf 90' lang='lat' dir='ltr'><strong>bus</strong></span> <span class='ocrx_word' id='word_1_169' title='bbox 2336 1328 2403 1383; x_wconf 89' lang='lat' dir='ltr'><strong>ad</strong></span> <span class='ocrx_word' id='word_1_170' title='bbox 2452 1343 2649 1396; x_wconf 81' lang='lat' dir='ltr'><strong>operas</strong></span> <span class='ocrx_word' id='word_1_171' title='bbox 2685 1326 3055 1395; x_wconf 68' lang='lat' dir='ltr'><strong>praestandas,</strong></span> <span class='ocrx_word' id='word_1_172' title='bbox 3105 1322 3221 1376; x_wconf 85' lang='lat' dir='ltr'><strong>sive</strong></span> <span class='ocrx_word' id='word_1_173' title='bbox 3260 1320 3472 1390; x_wconf 88' lang='lat' dir='ltr'><strong>pistrini</strong></span> <span class='ocrx_word' id='word_1_174' title='bbox 3523 1317 3759 1389; x_wconf 63' lang='lat' dir='ltr'><strong>praefecti</strong></span> 
     </span>
    </p>
   </div>
   <div class='ocr_carea' id='block_1_25' title="bbox 510 1418 2091 1497">
    <p class='ocr_par' dir='ltr' id='par_1_25' title="bbox 510 1418 2091 1497">
     <span class='ocr_line' id='line_1_25' title="bbox 510 1418 2091 1497; baseline -0.005 -18"><span class='ocrx_word' id='word_1_175' title='bbox 510 1427 736 1481; x_wconf 82' lang='grc' dir='ltr'>ποιικῶν</span> <span class='ocrx_word' id='word_1_176' title='bbox 763 1425 1162 1497; x_wconf 76' lang='grc' dir='ltr'>ἐργαστηρίων,</span> <span class='ocrx_word' id='word_1_177' title='bbox 1194 1424 1227 1493; x_wconf 85' lang='grc' dir='ltr'>ἢ</span> <span class='ocrx_word' id='word_1_178' title='bbox 1254 1424 1367 1485; x_wconf 84' lang='grc' dir='ltr'>τοῖς</span> <span class='ocrx_word' id='word_1_179' title='bbox 1407 1424 1532 1485; x_wconf 85' lang='grc' dir='ltr'>τοὺς</span> <span class='ocrx_word' id='word_1_180' title='bbox 1552 1421 1758 1490; x_wconf 79' lang='grc' dir='ltr'>κήπους</span> <span class='ocrx_word' id='word_1_181' title='bbox 1785 1418 2091 1492; x_wconf 78' lang='grc' dir='ltr'>ἐργαζομέ-</span> 
     </span>
    </p>
   </div>
   <div class='ocr_carea' id='block_1_26' title="bbox 510 1510 2092 1589">
    <p class='ocr_par' dir='ltr' id='par_1_26' title="bbox 510 1510 2092 1589">
     <span class='ocr_line' id='line_1_26' title="bbox 510 1510 2092 1589; baseline -0.007 -19"><span class='ocrx_word' id='word_1_182' title='bbox 510 1537 643 1582; x_wconf 74' lang='grc' dir='ltr'>νοις,</span> <span class='ocrx_word' id='word_1_183' title='bbox 675 1519 709 1589; x_wconf 79' lang='grc' dir='ltr'><strong>ἢ</strong></span> <span class='ocrx_word' id='word_1_184' title='bbox 740 1519 836 1570; x_wconf 76' lang='grc' dir='ltr'><strong>καί</strong></span> <span class='ocrx_word' id='word_1_185' title='bbox 885 1517 1050 1578; x_wconf 79' lang='grc' dir='ltr'>ἄλλας</span> <span class='ocrx_word' id='word_1_186' title='bbox 1095 1514 1283 1577; x_wconf 83' lang='grc' dir='ltr'>ἁπλῶς</span> <span class='ocrx_word' id='word_1_187' title='bbox 1336 1511 1622 1582; x_wconf 79' lang='grc' dir='ltr'>διαφόρους</span> <span class='ocrx_word' id='word_1_188' title='bbox 1646 1511 1839 1579; x_wconf 82' lang='grc' dir='ltr'>τέχνας</span> <span class='ocrx_word' id='word_1_189' title='bbox 1875 1510 1969 1563; x_wconf 80' lang='grc' dir='ltr'><strong>καί</strong></span> <span class='ocrx_word' id='word_1_190' title='bbox 1999 1510 2092 1582; x_wconf 86' lang='grc' dir='ltr'><strong>ὲρ-</strong></span> 
     </span>
    </p>
   </div>
   <div class='ocr_carea' id='block_1_27' title="bbox 514 1606 2095 1683">
    <p class='ocr_par' dir='ltr' id='par_1_27' title="bbox 514 1606 2095 1683">
     <span class='ocr_line' id='line_1_27' title="bbox 514 1606 2095 1683; baseline -0.006 -16"><span class='ocrx_word' id='word_1_191' title='bbox 514 1614 734 1682; x_wconf 81' lang='grc' dir='ltr'>γασίας,</span> <span class='ocrx_word' id='word_1_192' title='bbox 765 1612 905 1683; x_wconf 82' lang='grc' dir='ltr'>πρὸς</span> <span class='ocrx_word' id='word_1_193' title='bbox 938 1611 1005 1675; x_wconf 84' lang='grc' dir='ltr'>ἃς</span> <span class='ocrx_word' id='word_1_194' title='bbox 1038 1612 1103 1665; x_wconf 87' lang='grc' dir='ltr'><strong>ἂν</strong></span> <span class='ocrx_word' id='word_1_195' title='bbox 1138 1608 1458 1680; x_wconf 76' lang='grc' dir='ltr'>ἐπιτηδείως</span> <span class='ocrx_word' id='word_1_196' title='bbox 1491 1608 1720 1671; x_wconf 76' lang='grc' dir='ltr'>ἕκαστος</span> <span class='ocrx_word' id='word_1_197' title='bbox 1746 1607 1844 1678; x_wconf 79' lang='grc' dir='ltr'><strong>ἔχῃ</strong></span> <span class='ocrx_word' id='word_1_198' title='bbox 1892 1606 2095 1660; x_wconf 83' lang='grc' dir='ltr'>διακεί-</span> 
     </span>
    </p>
   </div>
   <div class='ocr_carea' id='block_1_28' title="bbox 518 1698 2170 1798">
    <p class='ocr_par' dir='ltr' id='par_1_28' title="bbox 518 1698 2170 1798">
     <span class='ocr_line' id='line_1_28' title="bbox 518 1698 2170 1798; baseline -0.005 -41"><span class='ocrx_word' id='word_1_199' title='bbox 518 1721 678 1798; x_wconf 85' lang='grc' dir='ltr'>μενον</span> <span class='ocrx_word' id='word_1_200' title='bbox 704 1703 764 1757; x_wconf 89' lang='grc' dir='ltr'><strong>τδ</strong></span> <span class='ocrx_word' id='word_1_201' title='bbox 799 1704 1002 1798; x_wconf 74' lang='grc' dir='ltr'>σῶμα,</span> <span class='ocrx_word' id='word_1_202' title='bbox 1036 1703 1151 1773; x_wconf 73' lang='grc' dir='ltr'><strong>ἅμα</strong></span> <span class='ocrx_word' id='word_1_203' title='bbox 1182 1702 1279 1773; x_wconf 80' lang='grc' dir='ltr'>μὲν</span> <span class='ocrx_word' id='word_1_204' title='bbox 1310 1698 1739 1772; x_wconf 65' lang='grc' dir='ltr'>ἀποτρέψεσθαι,</span> <span class='ocrx_word' id='word_1_205' title='bbox 1773 1700 1889 1770; x_wconf 80' lang='grc' dir='ltr'><strong>ἅμα</strong></span> <span class='ocrx_word' id='word_1_206' title='bbox 1918 1698 1976 1751; x_wconf 84' lang='grc' dir='ltr'>δὲ</span> <span class='ocrx_word' id='word_1_207' title='bbox 2004 1698 2096 1750; x_wconf 85' lang='grc' dir='ltr'><strong>τὸν</strong></span> <span class='ocrx_word' id='word_1_208' title='bbox 2128 1743 2170 1798; x_wconf 77' lang='grc' dir='ltr'><strong>Β</strong></span> 
     </span>
    </p>
   </div>
   <div class='ocr_carea' id='block_1_29' title="bbox 516 1790 2097 1863">
    <p class='ocr_par' dir='ltr' id='par_1_29' title="bbox 516 1790 2097 1863">
     <span class='ocr_line' id='line_1_29' title="bbox 516 1790 2097 1863; baseline -0.003 -16"><span class='ocrx_word' id='word_1_209' title='bbox 516 1795 691 1863; x_wconf 81' lang='grc' dir='ltr'>ἀργὸν</span> <span class='ocrx_word' id='word_1_210' title='bbox 729 1794 821 1847; x_wconf 70' lang='grc' dir='ltr'><strong>καὶ</strong></span> <span class='ocrx_word' id='word_1_211' title='bbox 852 1794 1079 1848; x_wconf 79' lang='grc' dir='ltr'>ἔκλυτον</span> <span class='ocrx_word' id='word_1_212' title='bbox 1116 1795 1196 1858; x_wconf 90' lang='grc' dir='ltr'><strong>εἰς</strong></span> <span class='ocrx_word' id='word_1_213' title='bbox 1238 1793 1329 1847; x_wconf 80' lang='grc' dir='ltr'>τὸν</span> <span class='ocrx_word' id='word_1_214' title='bbox 1377 1792 1598 1862; x_wconf 80' lang='grc' dir='ltr'>ἐνεργὸν</span> <span class='ocrx_word' id='word_1_215' title='bbox 1629 1792 1721 1846; x_wconf 73' lang='grc' dir='ltr'><strong>καὶ</strong></span> <span class='ocrx_word' id='word_1_216' title='bbox 1757 1790 1967 1861; x_wconf 78' lang='grc' dir='ltr'>ἀμείνω</span> <span class='ocrx_word' id='word_1_217' title='bbox 2003 1807 2097 1860; x_wconf 67' lang='grc' dir='ltr'><strong>μευ</strong></span> 
     </span>
    </p>
   </div>
   <div class='ocr_carea' id='block_1_30' title="bbox 514 1880 2097 1955">
    <p class='ocr_par' dir='ltr' id='par_1_30' title="bbox 514 1880 2097 1955">
     <span class='ocr_line' id='line_1_30' title="bbox 514 1880 2097 1955; baseline -0.002 -20"><span class='ocrx_word' id='word_1_218' title='bbox 514 1884 801 1937; x_wconf 85' lang='grc' dir='ltr'>ταϐάλλειν</span> <span class='ocrx_word' id='word_1_219' title='bbox 849 1884 1155 1953; x_wconf 83' lang='grc' dir='ltr'>βίονέἰδὲ</span> <span class='ocrx_word' id='word_1_220' title='bbox 1214 1885 1288 1955; x_wconf 88' lang='grc' dir='ltr'>μή</span> <span class='ocrx_word' id='word_1_221' title='bbox 1344 1900 1490 1945; x_wconf 89' lang='grc' dir='ltr'>τινες</span> <span class='ocrx_word' id='word_1_222' title='bbox 1545 1880 1846 1952; x_wconf 74' lang='grc' dir='ltr'>βουληθῶσι</span> <span class='ocrx_word' id='word_1_223' title='bbox 1928 1896 2097 1950; x_wconf 89' lang='grc' dir='ltr'>προσ-</span> 
     </span>
    </p>
   </div>
   <div class='ocr_carea' id='block_1_31' title="bbox 530 1962 2099 2047">
    <p class='ocr_par' dir='ltr' id='par_1_31' title="bbox 530 1962 2099 2047">
     <span class='ocr_line' id='line_1_31' title="bbox 530 1962 2099 2047; baseline -0.002 -21"><span class='ocrx_word' id='word_1_224' title='bbox 530 1974 770 2044; x_wconf 78' lang='grc' dir='ltr'>εδρεύειν</span> <span class='ocrx_word' id='word_1_225' title='bbox 808 1977 927 2037; x_wconf 86' lang='grc' dir='ltr'>ταῖς</span> <span class='ocrx_word' id='word_1_226' title='bbox 976 1976 1261 2047; x_wconf 77' lang='grc' dir='ltr'>ἐργασίαις</span> <span class='ocrx_word' id='word_1_227' title='bbox 1296 1970 1383 2036; x_wconf 78' lang='grc' dir='ltr'>αἷς</span> <span class='ocrx_word' id='word_1_228' title='bbox 1424 1962 1829 2042; x_wconf 83' lang='grc' dir='ltr'>παρεδόθησαν,</span> <span class='ocrx_word' id='word_1_229' title='bbox 1878 1970 2099 2034; x_wconf 85' lang='grc' dir='ltr'>τούτους</span> 
     </span>
    </p>
   </div>
   <div class='ocr_carea' id='block_1_32' title="bbox 524 2060 2101 2134">
    <p class='ocr_par' dir='ltr' id='par_1_32' title="bbox 524 2060 2101 2134">
     <span class='ocr_line' id='line_1_32' title="bbox 524 2060 2101 2134; baseline -0.002 -20"><span class='ocrx_word' id='word_1_230' title='bbox 524 2065 875 2118; x_wconf 76' lang='grc' dir='ltr'>ἀπελαυνέτω</span> <span class='ocrx_word' id='word_1_231' title='bbox 912 2066 1013 2134; x_wconf 85' lang='grc' dir='ltr'>τῆς</span> <span class='ocrx_word' id='word_1_232' title='bbox 1054 2065 1326 2134; x_wconf 84' lang='grc' dir='ltr'>βασιλίδος</span> <span class='ocrx_word' id='word_1_233' title='bbox 1366 2062 1595 2124; x_wconf 89' lang='grc' dir='ltr'>πόλεως.</span> <span class='ocrx_word' id='word_1_234' title='bbox 1649 2061 1958 2131; x_wconf 76' lang='grc' dir='ltr'>Φειδόμενοι</span> <span class='ocrx_word' id='word_1_235' title='bbox 1992 2060 2101 2130; x_wconf 84' lang='grc' dir='ltr'><strong>γὰρ</strong></span> 
     </span>
    </p>
   </div>
   <div class='ocr_carea' id='block_1_33' title="bbox 528 2150 2101 2226">
    <p class='ocr_par' dir='ltr' id='par_1_33' title="bbox 528 2150 2101 2226">
     <span class='ocr_line' id='line_1_33' title="bbox 528 2150 2101 2226; baseline -0.003 -19"><span class='ocrx_word' id='word_1_236' title='bbox 528 2155 707 2208; x_wconf 84' lang='grc' dir='ltr'>αὐτῶν</span> <span class='ocrx_word' id='word_1_237' title='bbox 728 2156 901 2209; x_wconf 77' lang='grc' dir='ltr'>ταῦτα</span> <span class='ocrx_word' id='word_1_238' title='bbox 927 2155 1355 2226; x_wconf 84' lang='grc' dir='ltr'>νομοθετοῦμεν,</span> <span class='ocrx_word' id='word_1_239' title='bbox 1387 2154 1537 2215; x_wconf 84' lang='grc' dir='ltr'>ὅπως</span> <span class='ocrx_word' id='word_1_240' title='bbox 1569 2150 1635 2205; x_wconf 85' lang='grc' dir='ltr'>ἂν</span> <span class='ocrx_word' id='word_1_241' title='bbox 1675 2152 1749 2221; x_wconf 82' lang='grc' dir='ltr'>μὴ</span> <span class='ocrx_word' id='word_1_242' title='bbox 1774 2154 1873 2221; x_wconf 80' lang='grc' dir='ltr'><strong>τῆς</strong></span> <span class='ocrx_word' id='word_1_243' title='bbox 1903 2151 2101 2221; x_wconf 83' lang='grc' dir='ltr'>ἀργίας</span> 
     </span>
    </p>
   </div>
   <div class='ocr_carea' id='block_1_34' title="bbox 528 2242 2104 2318">
    <p class='ocr_par' dir='ltr' id='par_1_34' title="bbox 528 2242 2104 2318">
     <span class='ocr_line' id='line_1_34' title="bbox 528 2242 2104 2318; baseline 0.008 -22"><span class='ocrx_word' id='word_1_244' title='bbox 528 2247 724 2308; x_wconf 75' lang='grc' dir='ltr'>αὐτοὺς</span> <span class='ocrx_word' id='word_1_245' title='bbox 767 2248 845 2309; x_wconf 87' lang='grc' dir='ltr'><strong>εἰς</strong></span> <span class='ocrx_word' id='word_1_246' title='bbox 898 2247 1135 2311; x_wconf 83' lang='grc' dir='ltr'>ἀτόπους</span> <span class='ocrx_word' id='word_1_247' title='bbox 1185 2245 1413 2318; x_wconf 75' lang='grc' dir='ltr'>πράξεις</span> <span class='ocrx_word' id='word_1_248' title='bbox 1458 2242 1828 2313; x_wconf 75' lang='grc' dir='ltr'>συνωθούσηςν</span> <span class='ocrx_word' id='word_1_249' title='bbox 1887 2242 2104 2311; x_wconf 81' lang='grc' dir='ltr'><strong>ἀνάγκη</strong></span> 
     </span>
    </p>
   </div>
   <div class='ocr_carea' id='block_1_35' title="bbox 528 2331 2105 2407">
    <p class='ocr_par' dir='ltr' id='par_1_35' title="bbox 528 2331 2105 2407">
     <span class='ocr_line' id='line_1_35' title="bbox 528 2331 2105 2407; baseline 0.006 -22"><span class='ocrx_word' id='word_1_250' title='bbox 528 2334 635 2386; x_wconf 80' lang='grc' dir='ltr'>τῶν</span> <span class='ocrx_word' id='word_1_251' title='bbox 666 2336 846 2405; x_wconf 87' lang='grc' dir='ltr'>νόμων</span> <span class='ocrx_word' id='word_1_252' title='bbox 874 2338 956 2399; x_wconf 90' lang='grc' dir='ltr'><strong>εἰς</strong></span> <span class='ocrx_word' id='word_1_253' title='bbox 982 2338 1175 2399; x_wconf 77' lang='grc' dir='ltr'>ποινὰς</span> <span class='ocrx_word' id='word_1_254' title='bbox 1220 2335 1581 2407; x_wconf 77' lang='grc' dir='ltr'>ἁρπαζόντων</span> <span class='ocrx_word' id='word_1_255' title='bbox 1611 2338 1723 2396; x_wconf 82' lang='grc' dir='ltr'>τοῖς</span> <span class='ocrx_word' id='word_1_256' title='bbox 1754 2334 1982 2403; x_wconf 82' lang='grc' dir='ltr'>ἄρχουσι</span> <span class='ocrx_word' id='word_1_257' title='bbox 2005 2331 2105 2394; x_wconf 79' lang='grc' dir='ltr'>τὰς</span> 
     </span>
    </p>
   </div>
   <div class='ocr_carea' id='block_1_36' title="bbox 528 2423 2107 2497">
    <p class='ocr_par' dir='ltr' id='par_1_36' title="bbox 528 2423 2107 2497">
     <span class='ocr_line' id='line_1_36' title="bbox 528 2423 2107 2497; baseline 0.006 -23"><span class='ocrx_word' id='word_1_258' title='bbox 528 2423 679 2487; x_wconf 77' lang='grc' dir='ltr'>δίκας</span> <span class='ocrx_word' id='word_1_259' title='bbox 711 2425 991 2495; x_wconf 82' lang='grc' dir='ltr'>ὑποσχεῖν,</span> <span class='ocrx_word' id='word_1_260' title='bbox 1020 2429 1115 2479; x_wconf 77' lang='grc' dir='ltr'><strong>καὶ</strong></span> <span class='ocrx_word' id='word_1_261' title='bbox 1153 2426 1570 2497; x_wconf 85' lang='grc' dir='ltr'>παραδίδοσθαι,</span> <span class='ocrx_word' id='word_1_262' title='bbox 1600 2425 1779 2478; x_wconf 86' lang='grc' dir='ltr'>καίτοι</span> <span class='ocrx_word' id='word_1_263' title='bbox 1810 2424 1904 2477; x_wconf 76' lang='grc' dir='ltr'><strong>καὶ</strong></span> <span class='ocrx_word' id='word_1_264' title='bbox 1936 2423 2107 2492; x_wconf 78' lang='grc' dir='ltr'>χωρὶς</span> 
     </span>
    </p>
   </div>
   <div class='ocr_carea' id='block_1_37' title="bbox 530 2513 2108 2587">
    <p class='ocr_par' dir='ltr' id='par_1_37' title="bbox 530 2513 2108 2587">
     <span class='ocr_line' id='line_1_37' title="bbox 530 2513 2108 2587; baseline -0.001 -21"><span class='ocrx_word' id='word_1_265' title='bbox 530 2514 719 2568; x_wconf 87' lang='grc' dir='ltr'>τούτου</span> <span class='ocrx_word' id='word_1_266' title='bbox 763 2516 825 2569; x_wconf 80' lang='grc' dir='ltr'><strong>τὸ</strong></span> <span class='ocrx_word' id='word_1_267' title='bbox 867 2519 1118 2587; x_wconf 84' lang='grc' dir='ltr'>παρορᾷν</span> <span class='ocrx_word' id='word_1_268' title='bbox 1162 2517 1230 2570; x_wconf 84' lang='grc' dir='ltr'>τὰ</span> <span class='ocrx_word' id='word_1_269' title='bbox 1277 2519 1386 2569; x_wconf 86' lang='grc' dir='ltr'><strong>τῶν</strong></span> <span class='ocrx_word' id='word_1_270' title='bbox 1419 2516 1661 2570; x_wconf 85' lang='grc' dir='ltr'>ἀσθενῶν</span> <span class='ocrx_word' id='word_1_271' title='bbox 1696 2516 1821 2577; x_wconf 77' lang='grc' dir='ltr'>τοὺς</span> <span class='ocrx_word' id='word_1_272' title='bbox 1858 2513 2108 2585; x_wconf 71' lang='grc' dir='ltr'>ὲρῤωμέ·</span> 
     </span>
    </p>
   </div>
   <div class='ocr_carea' id='block_1_38' title="bbox 532 2608 2107 2679">
    <p class='ocr_par' dir='ltr' id='par_1_38' title="bbox 532 2608 2107 2679">
     <span class='ocr_line' id='line_1_38' title="bbox 532 2608 2107 2679; baseline -0.002 -19"><span class='ocrx_word' id='word_1_273' title='bbox 532 2625 653 2670; x_wconf 77' lang='grc' dir='ltr'>νους</span> <span class='ocrx_word' id='word_1_274' title='bbox 683 2608 1012 2675; x_wconf 87' lang='grc' dir='ltr'>κατεσθίειν,</span> <span class='ocrx_word' id='word_1_275' title='bbox 1046 2609 1380 2679; x_wconf 75' lang='grc' dir='ltr'>δυναμένους</span> <span class='ocrx_word' id='word_1_276' title='bbox 1429 2610 1558 2672; x_wconf 78' lang='grc' dir='ltr'>ἴσως</span> <span class='ocrx_word' id='word_1_277' title='bbox 1592 2609 1680 2661; x_wconf 83' lang='grc' dir='ltr'>διὰ</span> <span class='ocrx_word' id='word_1_278' title='bbox 1715 2608 1815 2677; x_wconf 84' lang='grc' dir='ltr'>τῆς</span> <span class='ocrx_word' id='word_1_279' title='bbox 1848 2608 2107 2677; x_wconf 82' lang='grc' dir='ltr'>ἐργασίας</span> 
     </span>
    </p>
   </div>
   <div class='ocr_carea' id='block_1_39' title="bbox 535 2699 1825 2771">
    <p class='ocr_par' dir='ltr' id='par_1_39' title="bbox 535 2699 1825 2771">
     <span class='ocr_line' id='line_1_39' title="bbox 535 2699 1825 2771; baseline 0 -20"><span class='ocrx_word' id='word_1_280' title='bbox 535 2699 627 2751; x_wconf 70' lang='grc' dir='ltr'><strong>καὶ</strong></span> <span class='ocrx_word' id='word_1_281' title='bbox 652 2700 831 2762; x_wconf 76' lang='grc' dir='ltr'>ἄλλοις</span> <span class='ocrx_word' id='word_1_282' title='bbox 860 2701 1144 2770; x_wconf 79' lang='grc' dir='ltr'>ἐπαρκεῖν,</span> <span class='ocrx_word' id='word_1_283' title='bbox 1183 2702 1298 2764; x_wconf 84' lang='grc' dir='ltr'><strong>πῶς</strong></span> <span class='ocrx_word' id='word_1_284' title='bbox 1327 2701 1426 2754; x_wconf 84' lang='grc' dir='ltr'><strong>οὐκ</strong></span> <span class='ocrx_word' id='word_1_285' title='bbox 1456 2700 1825 2771; x_wconf 77' lang='grc' dir='ltr'>ἀπρονόητον;</span> 
     </span>
    </p>
   </div>
   <div class='ocr_carea' id='block_1_40' title="bbox 605 2788 2107 2861">
    <p class='ocr_par' dir='ltr' id='par_1_40' title="bbox 605 2788 2107 2861">
     <span class='ocr_line' id='line_1_40' title="bbox 605 2788 2107 2861; baseline -0.003 -16"><span class='ocrx_word' id='word_1_286' title='bbox 605 2797 680 2854; x_wconf 84' lang='grc' dir='ltr'><strong>ς’.</strong></span> <span class='ocrx_word' id='word_1_287' title='bbox 724 2791 783 2843; x_wconf 87' lang='lat'><strong>&#39;0</strong></span> <span class='ocrx_word' id='word_1_288' title='bbox 817 2790 1114 2861; x_wconf 80' lang='grc' dir='ltr'>κοιαίστωρ</span> <span class='ocrx_word' id='word_1_289' title='bbox 1163 2793 1286 2854; x_wconf 80' lang='grc' dir='ltr'>τοὺς</span> <span class='ocrx_word' id='word_1_290' title='bbox 1338 2790 1748 2861; x_wconf 83' lang='grc' dir='ltr'>βεϐλαμμένους</span> <span class='ocrx_word' id='word_1_291' title='bbox 1775 2790 1835 2842; x_wconf 81' lang='grc' dir='ltr'><strong>τὸ</strong></span> <span class='ocrx_word' id='word_1_292' title='bbox 1866 2790 2045 2858; x_wconf 84' lang='grc' dir='ltr'>σῶμα,</span> <span class='ocrx_word' id='word_1_293' title='bbox 2074 2788 2107 2856; x_wconf 84' lang='grc' dir='ltr'>ἢ</span> 
     </span>
    </p>
   </div>
   <div class='ocr_carea' id='block_1_41' title="bbox 537 2875 2112 2949">
    <p class='ocr_par' dir='ltr' id='par_1_41' title="bbox 537 2875 2112 2949">
     <span class='ocr_line' id='line_1_41' title="bbox 537 2875 2112 2949; baseline 0.001 -23"><span class='ocrx_word' id='word_1_294' title='bbox 537 2876 636 2938; x_wconf 69' lang='grc' dir='ltr'><strong>τὰς</strong></span> <span class='ocrx_word' id='word_1_295' title='bbox 670 2875 1073 2946; x_wconf 80' lang='grc' dir='ltr'>βεϐλαμμένας,</span> <span class='ocrx_word' id='word_1_296' title='bbox 1104 2878 1138 2948; x_wconf 81' lang='grc' dir='ltr'>ἦ</span> <span class='ocrx_word' id='word_1_297' title='bbox 1169 2880 1236 2948; x_wconf 80' lang='grc' dir='ltr'>τῇ</span> <span class='ocrx_word' id='word_1_298' title='bbox 1268 2879 1432 2949; x_wconf 75' lang='grc' dir='ltr'>πολιᾷ</span> <span class='ocrx_word' id='word_1_299' title='bbox 1479 2878 1685 2949; x_wconf 86' lang='grc' dir='ltr'>βαρεῖς,</span> <span class='ocrx_word' id='word_1_300' title='bbox 1722 2877 1944 2939; x_wconf 86' lang='grc' dir='ltr'>τούτους</span> <span class='ocrx_word' id='word_1_301' title='bbox 2013 2878 2112 2929; x_wconf 84' lang='grc' dir='ltr'>ἁν-</span> 
     </span>
    </p>
   </div>
   <div class='ocr_carea' id='block_1_42' title="bbox 539 2968 2112 3040">
    <p class='ocr_par' dir='ltr' id='par_1_42' title="bbox 539 2968 2112 3040">
     <span class='ocr_line' id='line_1_42' title="bbox 539 2968 2112 3040; baseline 0.001 -21"><span class='ocrx_word' id='word_1_302' title='bbox 539 2969 859 3039; x_wconf 76' lang='grc' dir='ltr'>ενοχλήτους</span> <span class='ocrx_word' id='word_1_303' title='bbox 883 2968 1045 3034; x_wconf 86' lang='grc' dir='ltr'>έάτω,</span> <span class='ocrx_word' id='word_1_304' title='bbox 1065 2970 1154 3023; x_wconf 79' lang='grc' dir='ltr'><strong>ἐπὶ</strong></span> <span class='ocrx_word' id='word_1_305' title='bbox 1171 2970 1373 3039; x_wconf 88' lang='grc' dir='ltr'>ταύτης</span> <span class='ocrx_word' id='word_1_306' title='bbox 1408 2970 1509 3040; x_wconf 83' lang='grc' dir='ltr'>τῆς</span> <span class='ocrx_word' id='word_1_307' title='bbox 1541 2970 1805 3039; x_wconf 75' lang='grc' dir='ltr'>βασιλίδος</span> <span class='ocrx_word' id='word_1_308' title='bbox 1834 2972 1931 3023; x_wconf 71' lang='grc' dir='ltr'><strong>καὶ</strong></span> <span class='ocrx_word' id='word_1_309' title='bbox 1983 2970 2112 3039; x_wconf 82' lang='grc' dir='ltr'>φιλ-</span> 
     </span>
    </p>
   </div>
   <div class='ocr_carea' id='block_1_43' title="bbox 2192 1408 3762 1484">
    <p class='ocr_par' dir='ltr' id='par_1_43' title="bbox 2192 1408 3762 1484">
     <span class='ocr_line' id='line_1_43' title="bbox 2192 1408 3762 1484; baseline -0.01 -9"><span class='ocrx_word' id='word_1_310' title='bbox 2192 1422 2317 1484; x_wconf 88' lang='lat' dir='ltr'><strong>sint,</strong></span> <span class='ocrx_word' id='word_1_311' title='bbox 2338 1420 2449 1474; x_wconf 90' lang='lat' dir='ltr'><strong>sive</strong></span> <span class='ocrx_word' id='word_1_312' title='bbox 2470 1420 2519 1472; x_wconf 93' lang='lat' dir='ltr'><strong>in</strong></span> <span class='ocrx_word' id='word_1_313' title='bbox 2540 1418 2712 1473; x_wconf 90' lang='lat' dir='ltr'><strong>hortis</strong></span> <span class='ocrx_word' id='word_1_314' title='bbox 2729 1415 3041 1472; x_wconf 78' lang='lat' dir='ltr'><strong>excolendis</strong></span> <span class='ocrx_word' id='word_1_315' title='bbox 3054 1413 3319 1474; x_wconf 87' lang='lat' dir='ltr'><strong>laborent,</strong></span> <span class='ocrx_word' id='word_1_316' title='bbox 3337 1414 3450 1465; x_wconf 86' lang='lat' dir='ltr'><strong>sive</strong></span> <span class='ocrx_word' id='word_1_317' title='bbox 3467 1408 3762 1476; x_wconf 86' lang='lat' dir='ltr'><strong>cujuscun-</strong></span> 
     </span>
    </p>
   </div>
   <div class='ocr_carea' id='block_1_44' title="bbox 2196 1498 3768 1577">
    <p class='ocr_par' dir='ltr' id='par_1_44' title="bbox 2196 1498 3768 1577">
     <span class='ocr_line' id='line_1_44' title="bbox 2196 1498 3768 1577; baseline -0.009 -14"><span class='ocrx_word' id='word_1_318' title='bbox 2196 1524 2301 1576; x_wconf 90' lang='lat' dir='ltr'><strong>que</strong></span> <span class='ocrx_word' id='word_1_319' title='bbox 2332 1509 2563 1577; x_wconf 89' lang='lat' dir='ltr'><strong>denique</strong></span> <span class='ocrx_word' id='word_1_320' title='bbox 2589 1508 2789 1576; x_wconf 90' lang='lat' dir='ltr'><strong>opificii</strong></span> <span class='ocrx_word' id='word_1_321' title='bbox 2818 1508 2884 1561; x_wconf 91' lang='lat' dir='ltr'><strong>ad</strong></span> <span class='ocrx_word' id='word_1_322' title='bbox 2910 1505 3054 1575; x_wconf 91' lang='lat' dir='ltr'><strong>quod</strong></span> <span class='ocrx_word' id='word_1_323' title='bbox 3083 1503 3324 1572; x_wconf 88' lang='lat' dir='ltr'><strong>corporis</strong></span> <span class='ocrx_word' id='word_1_324' title='bbox 3346 1516 3535 1558; x_wconf 89' lang='lat' dir='ltr'><strong>eorum</strong></span> <span class='ocrx_word' id='word_1_325' title='bbox 3563 1498 3768 1553; x_wconf 85' lang='lat' dir='ltr'><strong>consti-</strong></span> 
     </span>
    </p>
   </div>
   <div class='ocr_carea' id='block_1_45' title="bbox 2198 1586 3767 1661">
    <p class='ocr_par' dir='ltr' id='par_1_45' title="bbox 2198 1586 3767 1661">
     <span class='ocr_line' id='line_1_45' title="bbox 2198 1586 3767 1661; baseline -0.008 -10"><span class='ocrx_word' id='word_1_326' title='bbox 2198 1598 2333 1651; x_wconf 90' lang='lat' dir='ltr'><strong>tutio</strong></span> <span class='ocrx_word' id='word_1_327' title='bbox 2365 1595 2634 1650; x_wconf 79' lang='lat' dir='ltr'><strong>videbitur</strong></span> <span class='ocrx_word' id='word_1_328' title='bbox 2675 1596 2900 1660; x_wconf 89' lang='lat' dir='ltr'><strong>idonea;</strong></span> <span class='ocrx_word' id='word_1_329' title='bbox 2948 1595 3107 1661; x_wconf 91' lang='lat' dir='ltr'><strong>idque</strong></span> <span class='ocrx_word' id='word_1_330' title='bbox 3140 1607 3205 1647; x_wconf 89' lang='lat' dir='ltr'><strong>eo</strong></span> <span class='ocrx_word' id='word_1_331' title='bbox 3245 1591 3372 1656; x_wconf 88' lang='lat' dir='ltr'><strong>fine,</strong></span> <span class='ocrx_word' id='word_1_332' title='bbox 3405 1600 3515 1644; x_wconf 91' lang='lat' dir='ltr'><strong>tum</strong></span> <span class='ocrx_word' id='word_1_333' title='bbox 3563 1596 3623 1641; x_wconf 92' lang='lat' dir='ltr'><strong>ut</strong></span> <span class='ocrx_word' id='word_1_334' title='bbox 3659 1586 3767 1640; x_wconf 73' lang='lat' dir='ltr'><strong>il!ie</strong></span> 
     </span>
    </p>
   </div>
   <div class='ocr_carea' id='block_1_46' title="bbox 2198 1682 3766 1750">
    <p class='ocr_par' dir='ltr' id='par_1_46' title="bbox 2198 1682 3766 1750">
     <span class='ocr_line' id='line_1_46' title="bbox 2198 1682 3766 1750; baseline -0.007 -10"><span class='ocrx_word' id='word_1_335' title='bbox 2198 1685 2432 1750; x_wconf 82' lang='lat' dir='ltr'><strong>alantur,</strong></span> <span class='ocrx_word' id='word_1_336' title='bbox 2468 1693 2577 1738; x_wconf 90' lang='lat' dir='ltr'><strong>tum</strong></span> <span class='ocrx_word' id='word_1_337' title='bbox 2605 1694 2663 1738; x_wconf 90' lang='lat' dir='ltr'><strong>ut</strong></span> <span class='ocrx_word' id='word_1_338' title='bbox 2689 1686 2917 1738; x_wconf 89' lang='lat' dir='ltr'><strong>inertem</strong></span> <span class='ocrx_word' id='word_1_339' title='bbox 2942 1691 2995 1737; x_wconf 91' lang='lat' dir='ltr'><strong>et</strong></span> <span class='ocrx_word' id='word_1_340' title='bbox 3025 1682 3343 1737; x_wconf 86' lang='lat' dir='ltr'><strong>dissolutam</strong></span> <span class='ocrx_word' id='word_1_341' title='bbox 3374 1682 3562 1742; x_wconf 88' lang='lat' dir='ltr'><strong>vitam,</strong></span> <span class='ocrx_word' id='word_1_342' title='bbox 3599 1693 3766 1732; x_wconf 88' lang='lat' dir='ltr'><strong>occu-</strong></span> 
     </span>
    </p>
   </div>
   <div class='ocr_carea' id='block_1_47' title="bbox 2199 1770 3767 1850">
    <p class='ocr_par' dir='ltr' id='par_1_47' title="bbox 2199 1770 3767 1850">
     <span class='ocr_line' id='line_1_47' title="bbox 2199 1770 3767 1850; baseline -0.007 -17"><span class='ocrx_word' id='word_1_343' title='bbox 2199 1788 2325 1850; x_wconf 85' lang='lat' dir='ltr'><strong>pata</strong></span> <span class='ocrx_word' id='word_1_344' title='bbox 2353 1788 2404 1833; x_wconf 89' lang='lat' dir='ltr'><strong>et</strong></span> <span class='ocrx_word' id='word_1_345' title='bbox 2452 1776 2675 1832; x_wconf 89' lang='lat' dir='ltr'><strong>meliore</strong></span> <span class='ocrx_word' id='word_1_346' title='bbox 2715 1782 3066 1831; x_wconf 89' lang='lat' dir='ltr'><strong>commutent.</strong></span> <span class='ocrx_word' id='word_1_347' title='bbox 3108 1772 3165 1827; x_wconf 90' lang='lat' dir='ltr'><strong>Si</strong></span> <span class='ocrx_word' id='word_1_348' title='bbox 3201 1787 3331 1828; x_wconf 88' lang='lat' dir='ltr'><strong>vero</strong></span> <span class='ocrx_word' id='word_1_349' title='bbox 3369 1773 3607 1841; x_wconf 84' lang='lat' dir='ltr'><strong>quipiam</strong></span> <span class='ocrx_word' id='word_1_350' title='bbox 3636 1770 3767 1832; x_wconf 90' lang='lat' dir='ltr'><strong>sint,</strong></span> 
     </span>
    </p>
   </div>
   <div class='ocr_carea' id='block_1_48' title="bbox 2200 1863 3769 1940">
    <p class='ocr_par' dir='ltr' id='par_1_48' title="bbox 2200 1863 3769 1940">
     <span class='ocr_line' id='line_1_48' title="bbox 2200 1863 3769 1940; baseline -0.009 -15"><span class='ocrx_word' id='word_1_351' title='bbox 2200 1872 2291 1940; x_wconf 91' lang='lat' dir='ltr'><strong>qui</strong></span> <span class='ocrx_word' id='word_1_352' title='bbox 2321 1869 2612 1939; x_wconf 81' lang='lat' dir='ltr'><strong>assignatis</strong></span> <span class='ocrx_word' id='word_1_353' title='bbox 2638 1867 2740 1922; x_wconf 87' lang='lat' dir='ltr'><strong>sibi</strong></span> <span class='ocrx_word' id='word_1_354' title='bbox 2782 1864 3013 1935; x_wconf 83' lang='lat' dir='ltr'><strong>opiﬁciis</strong></span> <span class='ocrx_word' id='word_1_355' title='bbox 3042 1863 3217 1918; x_wconf 88' lang='lat' dir='ltr'><strong>nolint</strong></span> <span class='ocrx_word' id='word_1_356' title='bbox 3265 1863 3547 1932; x_wconf 87' lang='lat' dir='ltr'><strong>applicari,</strong></span> <span class='ocrx_word' id='word_1_357' title='bbox 3582 1875 3676 1915; x_wconf 88' lang='lat' dir='ltr'><strong>eos</strong></span> <span class='ocrx_word' id='word_1_358' title='bbox 3704 1874 3769 1912; x_wconf 86' lang='lat' dir='ltr'><strong>ex</strong></span> 
     </span>
    </p>
   </div>
   <div class='ocr_carea' id='block_1_49' title="bbox 2201 1951 3773 2032">
    <p class='ocr_par' dir='ltr' id='par_1_49' title="bbox 2201 1951 3773 2032">
     <span class='ocr_line' id='line_1_49' title="bbox 2201 1951 3773 2032; baseline -0.009 -14"><span class='ocrx_word' id='word_1_359' title='bbox 2201 1965 2303 2019; x_wconf 88' lang='lat' dir='ltr'><strong>hac</strong></span> <span class='ocrx_word' id='word_1_360' title='bbox 2332 1963 2476 2032; x_wconf 90' lang='lat' dir='ltr'><strong>regia</strong></span> <span class='ocrx_word' id='word_1_361' title='bbox 2515 1960 2648 2015; x_wconf 90' lang='lat' dir='ltr'><strong>urbe</strong></span> <span class='ocrx_word' id='word_1_362' title='bbox 2686 1955 2941 2027; x_wconf 83' lang='lat' dir='ltr'><strong>expellat.</strong></span> <span class='ocrx_word' id='word_1_363' title='bbox 2974 1955 3098 2011; x_wconf 82' lang='lat' dir='ltr'><strong>Haec</strong></span> <span class='ocrx_word' id='word_1_364' title='bbox 3136 1954 3281 2010; x_wconf 90' lang='lat' dir='ltr'><strong>enim</strong></span> <span class='ocrx_word' id='word_1_365' title='bbox 3310 1968 3375 2009; x_wconf 92' lang='lat' dir='ltr'><strong>eo</strong></span> <span class='ocrx_word' id='word_1_366' title='bbox 3408 1954 3514 2009; x_wconf 88' lang='lat' dir='ltr'><strong>fine</strong></span> <span class='ocrx_word' id='word_1_367' title='bbox 3553 1969 3581 2005; x_wconf 88' lang='lat' dir='ltr'><strong>a</strong></span> <span class='ocrx_word' id='word_1_368' title='bbox 3618 1951 3773 2005; x_wconf 76' lang='lat' dir='ltr'><strong>nobis</strong></span> 
     </span>
    </p>
   </div>
   <div class='ocr_carea' id='block_1_50' title="bbox 2199 2046 3767 2120">
    <p class='ocr_par' dir='ltr' id='par_1_50' title="bbox 2199 2046 3767 2120">
     <span class='ocr_line' id='line_1_50' title="bbox 2199 2046 3767 2120; baseline -0.011 -10"><span class='ocrx_word' id='word_1_369' title='bbox 2199 2054 2537 2117; x_wconf 88' lang='lat' dir='ltr'><strong>sanciuntur,</strong></span> <span class='ocrx_word' id='word_1_370' title='bbox 2566 2050 2874 2120; x_wconf 88' lang='lat' dir='ltr'><strong>utipsorum</strong></span> <span class='ocrx_word' id='word_1_371' title='bbox 2894 2046 3421 2103; x_wconf 87' lang='lat' dir='ltr'><strong>saluticonsulamus</strong></span> <span class='ocrx_word' id='word_1_372' title='bbox 3446 2060 3459 2097; x_wconf 90' lang='lat'><strong>:</strong></span> <span class='ocrx_word' id='word_1_373' title='bbox 3489 2060 3611 2098; x_wconf 91' lang='lat' dir='ltr'><strong>nam</strong></span> <span class='ocrx_word' id='word_1_374' title='bbox 3644 2058 3767 2097; x_wconf 85' lang='lat' dir='ltr'><strong>eum</strong></span> 
     </span>
    </p>
   </div>
   <div class='ocr_carea' id='block_1_51' title="bbox 2204 2135 3765 2210">
    <p class='ocr_par' dir='ltr' id='par_1_51' title="bbox 2204 2135 3765 2210">
     <span class='ocr_line' id='line_1_51' title="bbox 2204 2135 3765 2210; baseline -0.012 -7"><span class='ocrx_word' id='word_1_375' title='bbox 2204 2149 2369 2203; x_wconf 87' lang='lat' dir='ltr'><strong>otium</strong></span> <span class='ocrx_word' id='word_1_376' title='bbox 2388 2154 2443 2201; x_wconf 90' lang='lat' dir='ltr'><strong>et</strong></span> <span class='ocrx_word' id='word_1_377' title='bbox 2468 2146 2660 2199; x_wconf 89' lang='lat' dir='ltr'><strong>inertia</strong></span> <span class='ocrx_word' id='word_1_378' title='bbox 2689 2144 2756 2197; x_wconf 89' lang='lat' dir='ltr'><strong>ad</strong></span> <span class='ocrx_word' id='word_1_379' title='bbox 2773 2141 2974 2210; x_wconf 67' lang='lat' dir='ltr'><strong>quaevis</strong></span> <span class='ocrx_word' id='word_1_380' title='bbox 2999 2140 3240 2195; x_wconf 86' lang='lat' dir='ltr'><strong>facinora</strong></span> <span class='ocrx_word' id='word_1_381' title='bbox 3264 2137 3436 2193; x_wconf 86' lang='lat' dir='ltr'><strong>soleat</strong></span> <span class='ocrx_word' id='word_1_382' title='bbox 3466 2135 3765 2205; x_wconf 75' lang='lat' dir='ltr'><strong>impellere,</strong></span> 
     </span>
    </p>
   </div>
   <div class='ocr_carea' id='block_1_52' title="bbox 2206 2227 3775 2322">
    <p class='ocr_par' dir='ltr' id='par_1_52' title="bbox 2206 2227 3775 2322">
     <span class='ocr_line' id='line_1_52' title="bbox 2206 2227 3775 2322; baseline -0.01 -28"><span class='ocrx_word' id='word_1_383' title='bbox 2206 2252 2429 2294; x_wconf 90' lang='lat' dir='ltr'><strong>necesse</strong></span> <span class='ocrx_word' id='word_1_384' title='bbox 2457 2236 2563 2292; x_wconf 86' lang='lat' dir='ltr'><strong>iliis</strong></span> <span class='ocrx_word' id='word_1_385' title='bbox 2587 2235 2964 2322; x_wconf 56' lang='lat' dir='ltr'><strong>esset&#39;legibus</strong></span> <span class='ocrx_word' id='word_1_386' title='bbox 2987 2236 3054 2289; x_wconf 92' lang='lat' dir='ltr'><strong>ad</strong></span> <span class='ocrx_word' id='word_1_387' title='bbox 3082 2232 3403 2304; x_wconf 90' lang='lat' dir='ltr'><strong>supplicium</strong></span> <span class='ocrx_word' id='word_1_388' title='bbox 3433 2227 3775 2284; x_wconf 80' lang='lat' dir='ltr'><strong>trahentibus</strong></span> 
     </span>
    </p>
   </div>
   <div class='ocr_carea' id='block_1_53' title="bbox 2208 2317 3775 2397">
    <p class='ocr_par' dir='ltr' id='par_1_53' title="bbox 2208 2317 3775 2397">
     <span class='ocr_line' id='line_1_53' title="bbox 2208 2317 3775 2397; baseline -0.01 -16"><span class='ocrx_word' id='word_1_389' title='bbox 2208 2330 2486 2397; x_wconf 76' lang='lat' dir='ltr'><strong>graviores</strong></span> <span class='ocrx_word' id='word_1_390' title='bbox 2514 2343 2704 2397; x_wconf 75' lang='lat' dir='ltr'><strong>poenas</strong></span> <span class='ocrx_word' id='word_1_391' title='bbox 2729 2317 2983 2383; x_wconf 67' lang='lat' dir='ltr'><strong>sufferre.</strong></span> <span class='ocrx_word' id='word_1_392' title='bbox 3010 2324 3115 2381; x_wconf 88' lang='lat' dir='ltr'><strong>Sed</strong></span> <span class='ocrx_word' id='word_1_393' title='bbox 3144 2334 3200 2381; x_wconf 87' lang='lat' dir='ltr'><strong>et</strong></span> <span class='ocrx_word' id='word_1_394' title='bbox 3226 2323 3329 2379; x_wconf 86' lang='lat' dir='ltr'><strong>alia</strong></span> <span class='ocrx_word' id='word_1_395' title='bbox 3361 2322 3568 2376; x_wconf 88' lang='lat' dir='ltr'><strong>ratione</strong></span> <span class='ocrx_word' id='word_1_396' title='bbox 3590 2317 3775 2372; x_wconf 86' lang='lat' dir='ltr'><strong>feren-</strong></span> 
     </span>
    </p>
   </div>
   <div class='ocr_carea' id='block_1_54' title="bbox 2208 2413 3778 2487">
    <p class='ocr_par' dir='ltr' id='par_1_54' title="bbox 2208 2413 3778 2487">
     <span class='ocr_line' id='line_1_54' title="bbox 2208 2413 3778 2487; baseline -0.009 -14"><span class='ocrx_word' id='word_1_397' title='bbox 2208 2422 2334 2475; x_wconf 88' lang='lat' dir='ltr'><strong>dum</strong></span> <span class='ocrx_word' id='word_1_398' title='bbox 2370 2436 2471 2475; x_wconf 91' lang='lat' dir='ltr'><strong>non</strong></span> <span class='ocrx_word' id='word_1_399' title='bbox 2502 2421 2740 2485; x_wconf 88' lang='lat' dir='ltr'><strong>videtur,</strong></span> <span class='ocrx_word' id='word_1_400' title='bbox 2765 2428 2824 2474; x_wconf 89' lang='lat' dir='ltr'><strong>ut</strong></span> <span class='ocrx_word' id='word_1_401' title='bbox 2855 2432 2917 2474; x_wconf 91' lang='lat' dir='ltr'><strong>ea</strong></span> <span class='ocrx_word' id='word_1_402' title='bbox 2949 2432 3070 2487; x_wconf 63' lang='lat' dir='ltr'><strong>qua;</strong></span> <span class='ocrx_word' id='word_1_403' title='bbox 3108 2415 3339 2473; x_wconf 83' lang='lat' dir='ltr'><strong>infirmis</strong></span> <span class='ocrx_word' id='word_1_404' title='bbox 3370 2413 3651 2474; x_wconf 86' lang='lat' dir='ltr'><strong>debentur,</strong></span> <span class='ocrx_word' id='word_1_405' title='bbox 3683 2423 3778 2460; x_wconf 63' lang='lat' dir='ltr'><strong>va.</strong></span> 
     </span>
    </p>
   </div>
   <div class='ocr_carea' id='block_1_55' title="bbox 2210 2501 3779 2575">
    <p class='ocr_par' dir='ltr' id='par_1_55' title="bbox 2210 2501 3779 2575">
     <span class='ocr_line' id='line_1_55' title="bbox 2210 2501 3779 2575; baseline -0.007 -9"><span class='ocrx_word' id='word_1_406' title='bbox 2210 2513 2383 2566; x_wconf 90' lang='lat' dir='ltr'><strong>lentes</strong></span> <span class='ocrx_word' id='word_1_407' title='bbox 2427 2512 2678 2565; x_wconf 90' lang='lat' dir='ltr'><strong>homines</strong></span> <span class='ocrx_word' id='word_1_408' title='bbox 2731 2517 3074 2573; x_wconf 89' lang='lat' dir='ltr'><strong>consumant,</strong></span> <span class='ocrx_word' id='word_1_409' title='bbox 3131 2508 3221 2575; x_wconf 92' lang='lat' dir='ltr'><strong>qui</strong></span> <span class='ocrx_word' id='word_1_410' title='bbox 3280 2518 3539 2560; x_wconf 86' lang='lat' dir='ltr'><strong>manuum</strong></span> <span class='ocrx_word' id='word_1_411' title='bbox 3594 2501 3779 2555; x_wconf 78' lang='lat' dir='ltr'><strong>labore</strong></span> 
     </span>
    </p>
   </div>
   <div class='ocr_carea' id='block_1_56' title="bbox 2210 2598 3323 2669">
    <p class='ocr_par' dir='ltr' id='par_1_56' title="bbox 2210 2598 3323 2669">
     <span class='ocr_line' id='line_1_56' title="bbox 2210 2598 3323 2669; baseline -0.006 -11"><span class='ocrx_word' id='word_1_412' title='bbox 2210 2603 2375 2657; x_wconf 87' lang='lat' dir='ltr'><strong>etiam</strong></span> <span class='ocrx_word' id='word_1_413' title='bbox 2405 2601 2525 2656; x_wconf 87' lang='lat' dir='ltr'><strong>aliis</strong></span> <span class='ocrx_word' id='word_1_414' title='bbox 2562 2601 2793 2657; x_wconf 81' lang='lat' dir='ltr'><strong>fortasse</strong></span> <span class='ocrx_word' id='word_1_415' title='bbox 2823 2600 3067 2655; x_wconf 80' lang='lat' dir='ltr'><strong>sufficere</strong></span> <span class='ocrx_word' id='word_1_416' title='bbox 3092 2598 3323 2669; x_wconf 87' lang='lat' dir='ltr'><strong>possint.</strong></span> 
     </span>
    </p>
   </div>
   <div class='ocr_carea' id='block_1_57' title="bbox 2284 2760 3777 2841">
    <p class='ocr_par' dir='ltr' id='par_1_57' title="bbox 2284 2760 3777 2841">
     <span class='ocr_line' id='line_1_57' title="bbox 2284 2760 3777 2841; baseline -0.013 -11"><span class='ocrx_word' id='word_1_417' title='bbox 2284 2774 2338 2830; x_wconf 86' lang='grc'><strong>6.</strong></span> <span class='ocrx_word' id='word_1_418' title='bbox 2372 2774 2617 2841; x_wconf 65' lang='lat' dir='ltr'><strong>Quaestor</strong></span> <span class='ocrx_word' id='word_1_419' title='bbox 2656 2770 2959 2827; x_wconf 90' lang='lat' dir='ltr'><strong>molestiam</strong></span> <span class='ocrx_word' id='word_1_420' title='bbox 3010 2784 3115 2823; x_wconf 94' lang='lat' dir='ltr'><strong>nou</strong></span> <span class='ocrx_word' id='word_1_421' title='bbox 3166 2766 3424 2823; x_wconf 77' lang='lat' dir='ltr'><strong>exhibeat</strong></span> <span class='ocrx_word' id='word_1_422' title='bbox 3461 2764 3549 2827; x_wconf 89' lang='lat' dir='ltr'><strong>iis,</strong></span> <span class='ocrx_word' id='word_1_423' title='bbox 3598 2761 3687 2828; x_wconf 89' lang='lat' dir='ltr'><strong>qui</strong></span> <span class='ocrx_word' id='word_1_424' title='bbox 3729 2760 3777 2812; x_wconf 90' lang='lat' dir='ltr'><strong>in</strong></span> 
     </span>
    </p>
   </div>
   <div class='ocr_carea' id='block_1_58' title="bbox 2213 2851 3784 2937">
    <p class='ocr_par' dir='ltr' id='par_1_58' title="bbox 2213 2851 3784 2937">
     <span class='ocr_line' id='line_1_58' title="bbox 2213 2851 3784 2937; baseline -0.013 -15"><span class='ocrx_word' id='word_1_425' title='bbox 2213 2882 2439 2937; x_wconf 84' lang='lat' dir='ltr'><strong>corpore</strong></span> <span class='ocrx_word' id='word_1_426' title='bbox 2470 2864 2697 2919; x_wconf 88' lang='lat' dir='ltr'><strong>mutilati</strong></span> <span class='ocrx_word' id='word_1_427' title='bbox 2730 2863 3060 2916; x_wconf 70' lang='lat' dir='ltr'><strong>mutilataave</strong></span> <span class='ocrx_word' id='word_1_428' title='bbox 3106 2867 3233 2914; x_wconf 92' lang='lat' dir='ltr'><strong>sunt</strong></span> <span class='ocrx_word' id='word_1_429' title='bbox 3265 2875 3278 2911; x_wconf 91' lang='lat'><strong>:</strong></span> <span class='ocrx_word' id='word_1_430' title='bbox 3312 2857 3447 2911; x_wconf 85' lang='lat' dir='ltr'><strong>iisve</strong></span> <span class='ocrx_word' id='word_1_431' title='bbox 3501 2854 3595 2924; x_wconf 87' lang='lat' dir='ltr'><strong>qui</strong></span> <span class='ocrx_word' id='word_1_432' title='bbox 3632 2851 3784 2905; x_wconf 81' lang='lat' dir='ltr'><strong>senio</strong></span> 
     </span>
    </p>
   </div>
   <div class='ocr_carea' id='block_1_59' title="bbox 2217 2948 3781 3032">
    <p class='ocr_par' dir='ltr' id='par_1_59' title="bbox 2217 2948 3781 3032">
     <span class='ocr_line' id='line_1_59' title="bbox 2217 2948 3781 3032; baseline -0.013 -14"><span class='ocrx_word' id='word_1_433' title='bbox 2217 2979 2408 3032; x_wconf 80' lang='lat' dir='ltr'><strong>graves</strong></span> <span class='ocrx_word' id='word_1_434' title='bbox 2442 2963 2495 3015; x_wconf 89' lang='lat' dir='ltr'><strong>in</strong></span> <span class='ocrx_word' id='word_1_435' title='bbox 2530 2963 2629 3014; x_wconf 88' lang='lat' dir='ltr'><strong>hac</strong></span> <span class='ocrx_word' id='word_1_436' title='bbox 2658 2959 2824 3027; x_wconf 78' lang='lat' dir='ltr'><strong>regia,</strong></span> <span class='ocrx_word' id='word_1_437' title='bbox 2857 2966 2909 3012; x_wconf 88' lang='lat' dir='ltr'><strong>et</strong></span> <span class='ocrx_word' id='word_1_438' title='bbox 2952 2958 3184 3011; x_wconf 87' lang='lat' dir='ltr'><strong>humana</strong></span> <span class='ocrx_word' id='word_1_439' title='bbox 3216 2969 3342 3023; x_wconf 85' lang='lat' dir='ltr'><strong>erga</strong></span> <span class='ocrx_word' id='word_1_440' title='bbox 3377 2965 3566 3006; x_wconf 86' lang='lat' dir='ltr'><strong>omnes</strong></span> <span class='ocrx_word' id='word_1_441' title='bbox 3601 2948 3736 3001; x_wconf 88' lang='lat' dir='ltr'><strong>urbe</strong></span> <span class='ocrx_word' id='word_1_442' title='bbox 3770 2964 3781 2997; x_wconf 87' lang='lat'>:</span> 
     </span>
    </p>
   </div>
   <div class='ocr_carea' id='block_1_60' title="bbox 538 3030 2113 3134">
    <p class='ocr_par' dir='ltr' id='par_1_60' title="bbox 538 3057 2110 3129">
     <span class='ocr_line' id='line_1_60' title="bbox 538 3057 2110 3129; baseline -0.001 -18"><span class='ocrx_word' id='word_1_443' title='bbox 538 3057 850 3129; x_wconf 83' lang='grc' dir='ltr'>ανθρώπου,</span> <span class='ocrx_word' id='word_1_444' title='bbox 884 3060 1090 3123; x_wconf 82' lang='grc' dir='ltr'>πόλεως</span> <span class='ocrx_word' id='word_1_445' title='bbox 1120 3061 1272 3129; x_wconf 86' lang='grc' dir='ltr'><strong>παρά</strong></span> <span class='ocrx_word' id='word_1_446' title='bbox 1318 3058 1427 3112; x_wconf 82' lang='grc' dir='ltr'>τῶν</span> <span class='ocrx_word' id='word_1_447' title='bbox 1482 3060 1726 3113; x_wconf 80' lang='grc' dir='ltr'>εὐσεϐεῖν</span> <span class='ocrx_word' id='word_1_448' title='bbox 1771 3058 2110 3129; x_wconf 79' lang='grc' dir='ltr'>βουλομένων</span> 
     </span>
    </p>
   </div>
   <div class='ocr_carea' id='block_1_61' title="bbox 2214 3030 3787 3134">
    <p class='ocr_par' dir='ltr' id='par_1_61' title="bbox 2219 3030 3787 3118">
     <span class='ocr_line' id='line_1_61' title="bbox 2219 3030 3787 3118; baseline -0.011 -10"><span class='ocrx_word' id='word_1_449' title='bbox 2219 3030 2314 3108; x_wconf 71' lang='lat' dir='ltr'><strong>sed</strong></span> <span class='ocrx_word' id='word_1_450' title='bbox 2347 3053 2537 3107; x_wconf 88' lang='lat' dir='ltr'><strong>nutriri</strong></span> <span class='ocrx_word' id='word_1_451' title='bbox 2576 3066 2671 3106; x_wconf 90' lang='lat' dir='ltr'><strong>eos</strong></span> <span class='ocrx_word' id='word_1_452' title='bbox 2702 3050 2979 3118; x_wconf 87' lang='lat' dir='ltr'><strong>permittat</strong></span> <span class='ocrx_word' id='word_1_453' title='bbox 3027 3046 3094 3100; x_wconf 86' lang='lat' dir='ltr'><strong>ab</strong></span> <span class='ocrx_word' id='word_1_454' title='bbox 3126 3047 3191 3099; x_wconf 90' lang='lat' dir='ltr'><strong>iis</strong></span> <span class='ocrx_word' id='word_1_455' title='bbox 3224 3045 3312 3113; x_wconf 87' lang='lat' dir='ltr'><strong>qui</strong></span> <span class='ocrx_word' id='word_1_456' title='bbox 3346 3042 3564 3111; x_wconf 84' lang='lat' dir='ltr'><strong>pietatis</strong></span> <span class='ocrx_word' id='word_1_457' title='bbox 3595 3030 3787 3093; x_wconf 67' lang='lat' dir='ltr'><strong>ofﬁciis</strong></span> 
     </span>
    </p>
   </div>
   <div class='ocr_carea' id='block_1_62' title="bbox 542 3149 2115 3221">
    <p class='ocr_par' dir='ltr' id='par_1_62' title="bbox 542 3149 2115 3221">
     <span class='ocr_line' id='line_1_62' title="bbox 542 3149 2115 3221; baseline 0.001 -21"><span class='ocrx_word' id='word_1_458' title='bbox 542 3149 973 3219; x_wconf 70' lang='grc' dir='ltr'>ἀποτρέψεσθαι,</span> <span class='ocrx_word' id='word_1_459' title='bbox 1003 3151 1107 3214; x_wconf 78' lang='grc' dir='ltr'>ἓως</span> <span class='ocrx_word' id='word_1_460' title='bbox 1156 3150 1220 3205; x_wconf 86' lang='grc' dir='ltr'>ἂν</span> <span class='ocrx_word' id='word_1_461' title='bbox 1274 3150 1608 3221; x_wconf 83' lang='grc' dir='ltr'>βούλωνται·</span> <span class='ocrx_word' id='word_1_462' title='bbox 1641 3152 1690 3203; x_wconf 86' lang='grc' dir='ltr'><strong>εἰ</strong></span> <span class='ocrx_word' id='word_1_463' title='bbox 1739 3150 1783 3203; x_wconf 79' lang='grc' dir='ltr'>δ’</span> <span class='ocrx_word' id='word_1_464' title='bbox 1815 3149 2115 3217; x_wconf 76' lang='grc' dir='ltr'>ἀποδημεῖν</span> 
     </span>
    </p>
   </div>
   <div class='ocr_carea' id='block_1_63' title="bbox 548 3241 2113 3313">
    <p class='ocr_par' dir='ltr' id='par_1_63' title="bbox 548 3241 2113 3313">
     <span class='ocr_line' id='line_1_63' title="bbox 548 3241 2113 3313; baseline 0.003 -20"><span class='ocrx_word' id='word_1_465' title='bbox 548 3244 804 3313; x_wconf 83' lang='grc' dir='ltr'>αἱροῖντο,</span> <span class='ocrx_word' id='word_1_466' title='bbox 841 3244 1100 3313; x_wconf 77' lang='grc' dir='ltr'>ἐρωτάτω</span> <span class='ocrx_word' id='word_1_467' title='bbox 1124 3245 1343 3308; x_wconf 75' lang='grc' dir='ltr'>αὐτοὺς,</span> <span class='ocrx_word' id='word_1_468' title='bbox 1374 3245 1517 3307; x_wconf 88' lang='grc' dir='ltr'>τίνος</span> <span class='ocrx_word' id='word_1_469' title='bbox 1548 3243 1912 3313; x_wconf 78' lang='grc' dir='ltr'>παρεγένοντο</span> <span class='ocrx_word' id='word_1_470' title='bbox 1934 3241 2113 3312; x_wconf 80' lang='grc' dir='ltr'>χάριν,</span> 
     </span>
    </p>
   </div>
   <div class='ocr_carea' id='block_1_64' title="bbox 542 3332 2116 3405">
    <p class='ocr_par' dir='ltr' id='par_1_64' title="bbox 542 3332 2116 3405">
     <span class='ocr_line' id='line_1_64' title="bbox 542 3332 2116 3405; baseline -0.001 -20"><span class='ocrx_word' id='word_1_471' title='bbox 542 3335 636 3386; x_wconf 72' lang='grc' dir='ltr'><strong>καὶ</strong></span> <span class='ocrx_word' id='word_1_472' title='bbox 673 3334 1076 3405; x_wconf 77' lang='grc' dir='ltr'>πυνθανόμενος</span> <span class='ocrx_word' id='word_1_473' title='bbox 1111 3336 1180 3389; x_wconf 79' lang='grc' dir='ltr'>τὰ</span> <span class='ocrx_word' id='word_1_474' title='bbox 1229 3336 1415 3390; x_wconf 82' lang='grc' dir='ltr'>εἰκότα</span> <span class='ocrx_word' id='word_1_475' title='bbox 1461 3336 1547 3389; x_wconf 71' lang='grc' dir='ltr'>ἐπ’</span> <span class='ocrx_word' id='word_1_476' title='bbox 1578 3336 1761 3398; x_wconf 79' lang='grc' dir='ltr'>αὐτοῖς</span> <span class='ocrx_word' id='word_1_477' title='bbox 1810 3332 2116 3404; x_wconf 88' lang='grc' dir='ltr'>πραττέτω,</span> 
     </span>
    </p>
   </div>
   <div class='ocr_carea' id='block_1_65' title="bbox 543 3426 2117 3498">
    <p class='ocr_par' dir='ltr' id='par_1_65' title="bbox 543 3426 2117 3498">
     <span class='ocr_line' id='line_1_65' title="bbox 543 3426 2117 3498; baseline -0.001 -19"><span class='ocrx_word' id='word_1_478' title='bbox 543 3427 684 3479; x_wconf 69' lang='grc' dir='ltr'>ὥστε</span> <span class='ocrx_word' id='word_1_479' title='bbox 720 3430 793 3498; x_wconf 79' lang='grc' dir='ltr'>μὴ</span> <span class='ocrx_word' id='word_1_480' title='bbox 825 3428 1127 3491; x_wconf 81' lang='grc' dir='ltr'>πονοῦντας</span> <span class='ocrx_word' id='word_1_481' title='bbox 1157 3428 1393 3483; x_wconf 81' lang='grc' dir='ltr'>ἐνταῦθα</span> <span class='ocrx_word' id='word_1_482' title='bbox 1424 3427 1773 3493; x_wconf 76' lang='grc' dir='ltr'>καθέζεσθαι.</span> <span class='ocrx_word' id='word_1_483' title='bbox 1807 3427 1870 3479; x_wconf 85' lang='grc' dir='ltr'>Εἰ</span> <span class='ocrx_word' id='word_1_484' title='bbox 1893 3426 1949 3479; x_wconf 85' lang='grc' dir='ltr'><strong>δέ</strong></span> <span class='ocrx_word' id='word_1_485' title='bbox 1975 3442 2117 3489; x_wconf 88' lang='grc' dir='ltr'>τινες</span> 
     </span>
    </p>
   </div>
   <div class='ocr_carea' id='block_1_66' title="bbox 542 3518 2117 3591">
    <p class='ocr_par' dir='ltr' id='par_1_66' title="bbox 542 3518 2117 3591">
     <span class='ocr_line' id='line_1_66' title="bbox 542 3518 2117 3591; baseline -0.001 -21"><span class='ocrx_word' id='word_1_486' title='bbox 542 3519 649 3571; x_wconf 80' lang='grc' dir='ltr'><strong>τῶν</strong></span> <span class='ocrx_word' id='word_1_487' title='bbox 683 3522 1007 3591; x_wconf 76' lang='grc' dir='ltr'>εἰρημένων,</span> <span class='ocrx_word' id='word_1_488' title='bbox 1051 3523 1083 3591; x_wconf 87' lang='grc' dir='ltr'>ἢ</span> <span class='ocrx_word' id='word_1_489' title='bbox 1118 3522 1226 3575; x_wconf 76' lang='grc' dir='ltr'>τῶν</span> <span class='ocrx_word' id='word_1_490' title='bbox 1254 3521 1339 3575; x_wconf 73' lang='grc' dir='ltr'><strong>ἐπ’</strong></span> <span class='ocrx_word' id='word_1_491' title='bbox 1375 3520 1545 3590; x_wconf 76' lang='grc' dir='ltr'>αὐτῆς</span> <span class='ocrx_word' id='word_1_492' title='bbox 1572 3518 1863 3574; x_wconf 84' lang='grc' dir='ltr'>οἰκούντων</span> <span class='ocrx_word' id='word_1_493' title='bbox 1892 3518 1990 3589; x_wconf 84' lang='grc' dir='ltr'>τῆς</span> <span class='ocrx_word' id='word_1_494' title='bbox 2017 3518 2117 3570; x_wconf 80' lang='grc' dir='ltr'>πό-</span> 
     </span>
    </p>
   </div>
   <div class='ocr_carea' id='block_1_67' title="bbox 543 3609 2120 3683">
    <p class='ocr_par' dir='ltr' id='par_1_67' title="bbox 543 3609 2120 3683">
     <span class='ocr_line' id='line_1_67' title="bbox 543 3609 2120 3683; baseline -0.001 -21"><span class='ocrx_word' id='word_1_495' title='bbox 543 3610 702 3676; x_wconf 76' lang='grc' dir='ltr'>λεως,</span> <span class='ocrx_word' id='word_1_496' title='bbox 737 3613 770 3681; x_wconf 83' lang='grc' dir='ltr'>ἢ</span> <span class='ocrx_word' id='word_1_497' title='bbox 804 3614 893 3665; x_wconf 72' lang='grc' dir='ltr'><strong>καί</strong></span> <span class='ocrx_word' id='word_1_498' title='bbox 919 3613 1027 3665; x_wconf 84' lang='grc' dir='ltr'>τῶν</span> <span class='ocrx_word' id='word_1_499' title='bbox 1060 3613 1259 3678; x_wconf 77' lang='grc' dir='ltr'>ἔξωθεν</span> <span class='ocrx_word' id='word_1_500' title='bbox 1306 3612 1787 3683; x_wconf 78' lang='grc' dir='ltr'>παραγενομένων,</span> <span class='ocrx_word' id='word_1_501' title='bbox 1824 3609 2120 3681; x_wconf 76' lang='grc' dir='ltr'>μέμφοιντό</span> 
     </span>
    </p>
   </div>
   <div class='ocr_carea' id='block_1_68' title="bbox 545 3700 2125 3773">
    <p class='ocr_par' dir='ltr' id='par_1_68' title="bbox 545 3700 2125 3773">
     <span class='ocr_line' id='line_1_68' title="bbox 545 3700 2125 3773; baseline -0.002 -19"><span class='ocrx_word' id='word_1_502' title='bbox 545 3719 686 3755; x_wconf 85' lang='grc' dir='ltr'>τισιν</span> <span class='ocrx_word' id='word_1_503' title='bbox 725 3703 800 3765; x_wconf 84' lang='grc' dir='ltr'>ὠς</span> <span class='ocrx_word' id='word_1_504' title='bbox 842 3704 974 3773; x_wconf 79' lang='grc' dir='ltr'>παρ’</span> <span class='ocrx_word' id='word_1_505' title='bbox 1013 3704 1193 3757; x_wconf 79' lang='grc' dir='ltr'>αὐτῶν</span> <span class='ocrx_word' id='word_1_506' title='bbox 1219 3703 1312 3756; x_wconf 85' lang='grc' dir='ltr'><strong>ὲπί</strong></span> <span class='ocrx_word' id='word_1_507' title='bbox 1348 3720 1459 3756; x_wconf 89' lang='grc' dir='ltr'>τισι</span> <span class='ocrx_word' id='word_1_508' title='bbox 1494 3701 1890 3771; x_wconf 80' lang='grc' dir='ltr'>ζημιωθέντας,</span> <span class='ocrx_word' id='word_1_509' title='bbox 1919 3700 2125 3767; x_wconf 86' lang='grc' dir='ltr'>ἀγαγέ-</span> 
     </span>
    </p>
   </div>
   <div class='ocr_carea' id='block_1_69' title="bbox 549 3791 2125 3864">
    <p class='ocr_par' dir='ltr' id='par_1_69' title="bbox 549 3791 2125 3864">
     <span class='ocr_line' id='line_1_69' title="bbox 549 3791 2125 3864; baseline -0.002 -20"><span class='ocrx_word' id='word_1_510' title='bbox 549 3810 626 3845; x_wconf 87' lang='grc' dir='ltr'><strong>τω</strong></span> <span class='ocrx_word' id='word_1_511' title='bbox 656 3795 781 3855; x_wconf 78' lang='grc' dir='ltr'>τοὺς</span> <span class='ocrx_word' id='word_1_512' title='bbox 812 3793 1156 3856; x_wconf 88' lang='grc' dir='ltr'>αἰτιαθέντας</span> <span class='ocrx_word' id='word_1_513' title='bbox 1196 3797 1274 3857; x_wconf 85' lang='grc' dir='ltr'><strong>εἰς</strong></span> <span class='ocrx_word' id='word_1_514' title='bbox 1313 3795 1542 3864; x_wconf 76' lang='grc' dir='ltr'>ζήτησιν</span> <span class='ocrx_word' id='word_1_515' title='bbox 1575 3792 1801 3862; x_wconf 83' lang='grc' dir='ltr'>ἀκριϐῆ,</span> <span class='ocrx_word' id='word_1_516' title='bbox 1830 3791 2017 3854; x_wconf 84' lang='grc' dir='ltr'>ὁποίας</span> <span class='ocrx_word' id='word_1_517' title='bbox 2057 3791 2125 3842; x_wconf 85' lang='grc' dir='ltr'>ἂν</span> 
     </span>
    </p>
   </div>
   <div class='ocr_carea' id='block_1_70' title="bbox 551 3870 2125 3954">
    <p class='ocr_par' dir='ltr' id='par_1_70' title="bbox 551 3870 2125 3954">
     <span class='ocr_line' id='line_1_70' title="bbox 551 3870 2125 3954; baseline 0 -21"><span class='ocrx_word' id='word_1_518' title='bbox 551 3880 662 3934; x_wconf 75' lang='grc' dir='ltr'>εἷεν</span> <span class='ocrx_word' id='word_1_519' title='bbox 687 3883 841 3948; x_wconf 78' lang='grc' dir='ltr'>ἀξίας</span> <span class='ocrx_word' id='word_1_520' title='bbox 870 3901 929 3935; x_wconf 92' lang='grc' dir='ltr'><strong>τε</strong></span> <span class='ocrx_word' id='word_1_521' title='bbox 959 3885 1053 3937; x_wconf 73' lang='grc' dir='ltr'><strong>καὶ</strong></span> <span class='ocrx_word' id='word_1_522' title='bbox 1089 3887 1368 3954; x_wconf 76' lang='grc' dir='ltr'>στρατιᾶς,</span> <span class='ocrx_word' id='word_1_523' title='bbox 1402 3885 1496 3937; x_wconf 80' lang='grc' dir='ltr'><strong>καί</strong></span> <span class='ocrx_word' id='word_1_524' title='bbox 1526 3883 1616 3952; x_wconf 81' lang='grc' dir='ltr'><strong>ὑφ’</strong></span> <span class='ocrx_word' id='word_1_525' title='bbox 1638 3870 1755 3936; x_wconf 78' lang='grc' dir='ltr'>οἵαν</span> <span class='ocrx_word' id='word_1_526' title='bbox 1802 3876 1894 3934; x_wconf 81' lang='grc' dir='ltr'><strong>οὖν</strong></span> <span class='ocrx_word' id='word_1_527' title='bbox 1922 3881 2125 3933; x_wconf 79' lang='grc' dir='ltr'>τελοῖεν</span> 
     </span>
    </p>
   </div>
   <div class='ocr_carea' id='block_1_71' title="bbox 554 3971 2126 4045">
    <p class='ocr_par' dir='ltr' id='par_1_71' title="bbox 554 3971 2126 4045">
     <span class='ocr_line' id='line_1_71' title="bbox 554 3971 2126 4045; baseline -0.003 -18"><span class='ocrx_word' id='word_1_528' title='bbox 554 3975 754 4045; x_wconf 75' lang='grc' dir='ltr'>ἀρχὴν,</span> <span class='ocrx_word' id='word_1_529' title='bbox 812 3974 907 4027; x_wconf 79' lang='grc' dir='ltr'><strong>καί</strong></span> <span class='ocrx_word' id='word_1_530' title='bbox 963 3975 1195 4044; x_wconf 84' lang='grc' dir='ltr'>μάλιστα</span> <span class='ocrx_word' id='word_1_531' title='bbox 1242 3976 1291 4027; x_wconf 88' lang='grc' dir='ltr'><strong>εἰ</strong></span> <span class='ocrx_word' id='word_1_532' title='bbox 1330 3976 1461 4044; x_wconf 72' lang='grc' dir='ltr'>περὶ</span> <span class='ocrx_word' id='word_1_533' title='bbox 1492 3974 1609 4036; x_wconf 80' lang='grc' dir='ltr'>τὰς.</span> <span class='ocrx_word' id='word_1_534' title='bbox 1636 3971 1934 4042; x_wconf 83' lang='grc' dir='ltr'>λεγομένας</span> <span class='ocrx_word' id='word_1_535' title='bbox 1999 3987 2126 4023; x_wconf 89' lang='grc' dir='ltr'>συν-</span> 
     </span>
    </p>
   </div>
   <div class='ocr_carea' id='block_1_72' title="bbox 552 4062 2127 4137">
    <p class='ocr_par' dir='ltr' id='par_1_72' title="bbox 552 4062 2127 4137">
     <span class='ocr_line' id='line_1_72' title="bbox 552 4062 2127 4137; baseline -0.002 -20"><span class='ocrx_word' id='word_1_536' title='bbox 552 4065 746 4137; x_wconf 84' lang='grc' dir='ltr'>ηθείας</span> <span class='ocrx_word' id='word_1_537' title='bbox 792 4064 949 4136; x_wconf 80' lang='grc' dir='ltr'>ἔσχον</span> <span class='ocrx_word' id='word_1_538' title='bbox 968 4066 1066 4136; x_wconf 83' lang='grc' dir='ltr'>τὴν</span> <span class='ocrx_word' id='word_1_539' title='bbox 1101 4065 1299 4131; x_wconf 90' lang='grc' dir='ltr'>αἰτίαν,</span> <span class='ocrx_word' id='word_1_540' title='bbox 1325 4066 1359 4136; x_wconf 80' lang='grc' dir='ltr'>ἤ</span> <span class='ocrx_word' id='word_1_541' title='bbox 1393 4082 1542 4128; x_wconf 81' lang='grc' dir='ltr'>τινας</span> <span class='ocrx_word' id='word_1_542' title='bbox 1584 4063 1750 4126; x_wconf 82' lang='grc' dir='ltr'>ἄλλας</span> <span class='ocrx_word' id='word_1_543' title='bbox 1800 4062 2127 4133; x_wconf 80' lang='grc' dir='ltr'>ἀρχοντικάς</span> 
     </span>
    </p>
   </div>
   <div class='ocr_carea' id='block_1_73' title="bbox 553 4141 2130 4229">
    <p class='ocr_par' dir='ltr' id='par_1_73' title="bbox 553 4141 2130 4229">
     <span class='ocr_line' id='line_1_73' title="bbox 553 4141 2130 4229; baseline -0.003 -20"><span class='ocrx_word' id='word_1_544' title='bbox 553 4158 879 4229; x_wconf 74' lang='grc' dir='ltr'>προφάσεις,</span> <span class='ocrx_word' id='word_1_545' title='bbox 917 4160 975 4211; x_wconf 85' lang='grc' dir='ltr'><strong>ὲν</strong></span> <span class='ocrx_word' id='word_1_546' title='bbox 1021 4152 1102 4221; x_wconf 76' lang='grc' dir='ltr'>οἷς</span> <span class='ocrx_word' id='word_1_547' title='bbox 1132 4157 1225 4211; x_wconf 69' lang='grc' dir='ltr'><strong>καὶ</strong></span> <span class='ocrx_word' id='word_1_548' title='bbox 1256 4141 1689 4227; x_wconf 64' lang='grc' dir='ltr'>τῶνήμετέρων</span> <span class='ocrx_word' id='word_1_549' title='bbox 1722 4154 1904 4225; x_wconf 86' lang='grc' dir='ltr'>νόμων</span> <span class='ocrx_word' id='word_1_550' title='bbox 1940 4170 2130 4206; x_wconf 87' lang='grc' dir='ltr'>συντε-</span> 
     </span>
    </p>
   </div>
   <div class='ocr_carea' id='block_1_74' title="bbox 552 4244 2130 4321">
    <p class='ocr_par' dir='ltr' id='par_1_74' title="bbox 552 4244 2130 4321">
     <span class='ocr_line' id='line_1_74' title="bbox 552 4244 2130 4321; baseline -0.003 -21"><span class='ocrx_word' id='word_1_551' title='bbox 552 4249 870 4319; x_wconf 86' lang='grc' dir='ltr'>τολμημένη</span> <span class='ocrx_word' id='word_1_552' title='bbox 918 4249 1223 4321; x_wconf 80' lang='grc' dir='ltr'>καθορᾶται</span> <span class='ocrx_word' id='word_1_553' title='bbox 1283 4249 1316 4317; x_wconf 74' lang='grc' dir='ltr'><strong>ἡ</strong></span> <span class='ocrx_word' id='word_1_554' title='bbox 1391 4247 1728 4319; x_wconf 83' lang='grc' dir='ltr'>παράϐασις,</span> <span class='ocrx_word' id='word_1_555' title='bbox 1776 4245 1872 4299; x_wconf 76' lang='grc' dir='ltr'><strong>καί¹</strong></span> <span class='ocrx_word' id='word_1_556' title='bbox 1920 4244 2130 4308; x_wconf 88' lang='grc' dir='ltr'>τούτοις</span> 
     </span>
    </p>
   </div>
   <div class='ocr_carea' id='block_1_75' title="bbox 558 4336 2131 4413">
    <p class='ocr_par' dir='ltr' id='par_1_75' title="bbox 558 4336 2131 4413">
     <span class='ocr_line' id='line_1_75' title="bbox 558 4336 2131 4413; baseline -0.005 -18"><span class='ocrx_word' id='word_1_557' title='bbox 558 4342 987 4413; x_wconf 77' lang='grc' dir='ltr'>συλλαμϐανέτω</span> <span class='ocrx_word' id='word_1_558' title='bbox 1016 4343 1135 4411; x_wconf 80' lang='grc' dir='ltr'>μὲν,</span> <span class='ocrx_word' id='word_1_559' title='bbox 1175 4341 1313 4412; x_wconf 72' lang='grc' dir='ltr'>μετὰ</span> <span class='ocrx_word' id='word_1_560' title='bbox 1351 4340 1410 4393; x_wconf 83' lang='grc' dir='ltr'>δὲ</span> <span class='ocrx_word' id='word_1_561' title='bbox 1446 4340 1574 4403; x_wconf 83' lang='grc' dir='ltr'>τοὺς</span> <span class='ocrx_word' id='word_1_562' title='bbox 1609 4339 1938 4400; x_wconf 81' lang='grc' dir='ltr'>ἀδεκάστους</span> <span class='ocrx_word' id='word_1_563' title='bbox 1977 4336 2131 4405; x_wconf 81' lang='grc' dir='ltr'>ἐλέγ-</span> 
     </span>
    </p>
   </div>
   <div class='ocr_carea' id='block_1_76' title="bbox 2223 3130 3789 3214">
    <p class='ocr_par' dir='ltr' id='par_1_76' title="bbox 2223 3130 3789 3214">
     <span class='ocr_line' id='line_1_76' title="bbox 2223 3130 3789 3214; baseline -0.011 -14"><span class='ocrx_word' id='word_1_564' title='bbox 2223 3146 2371 3214; x_wconf 79' lang='lat' dir='ltr'><strong>fungi</strong></span> <span class='ocrx_word' id='word_1_565' title='bbox 2410 3146 2614 3207; x_wconf 83' lang='lat' dir='ltr'><strong>volunt,</strong></span> <span class='ocrx_word' id='word_1_566' title='bbox 2647 3142 2821 3197; x_wconf 88' lang='lat' dir='ltr'><strong>donec</strong></span> <span class='ocrx_word' id='word_1_567' title='bbox 2852 3140 2951 3207; x_wconf 87' lang='lat' dir='ltr'><strong>ipsi</strong></span> <span class='ocrx_word' id='word_1_568' title='bbox 2980 3139 3248 3192; x_wconf 88' lang='lat' dir='ltr'><strong>voluerint</strong></span> <span class='ocrx_word' id='word_1_569' title='bbox 3282 3155 3295 3190; x_wconf 91' lang='lat'><strong>:</strong></span> <span class='ocrx_word' id='word_1_570' title='bbox 3328 3135 3371 3189; x_wconf 92' lang='lat' dir='ltr'><strong>si</strong></span> <span class='ocrx_word' id='word_1_571' title='bbox 3404 3149 3531 3189; x_wconf 86' lang='lat' dir='ltr'><strong>vero</strong></span> <span class='ocrx_word' id='word_1_572' title='bbox 3563 3146 3628 3185; x_wconf 91' lang='lat' dir='ltr'><strong>ex</strong></span> <span class='ocrx_word' id='word_1_573' title='bbox 3660 3130 3789 3182; x_wconf 88' lang='lat' dir='ltr'><strong>urbe</strong></span> 
     </span>
    </p>
   </div>
   <div class='ocr_carea' id='block_1_77' title="bbox 2224 3225 3788 3299">
    <p class='ocr_par' dir='ltr' id='par_1_77' title="bbox 2224 3225 3788 3299">
     <span class='ocr_line' id='line_1_77' title="bbox 2224 3225 3788 3299; baseline -0.013 -6"><span class='ocrx_word' id='word_1_574' title='bbox 2224 3238 2500 3293; x_wconf 82' lang='lat' dir='ltr'><strong>discedere</strong></span> <span class='ocrx_word' id='word_1_575' title='bbox 2541 3234 2749 3298; x_wconf 90' lang='lat' dir='ltr'><strong>malint,</strong></span> <span class='ocrx_word' id='word_1_576' title='bbox 2786 3233 3084 3299; x_wconf 80' lang='lat' dir='ltr'><strong>interroget</strong></span> <span class='ocrx_word' id='word_1_577' title='bbox 3120 3230 3265 3297; x_wconf 89' lang='lat' dir='ltr'><strong>ipsos</strong></span> <span class='ocrx_word' id='word_1_578' title='bbox 3291 3225 3445 3296; x_wconf 89' lang='lat' dir='ltr'><strong>cujus</strong></span> <span class='ocrx_word' id='word_1_579' title='bbox 3486 3225 3658 3294; x_wconf 81' lang='lat' dir='ltr'><strong>gratia</strong></span> <span class='ocrx_word' id='word_1_580' title='bbox 3697 3236 3788 3273; x_wconf 79' lang='lat' dir='ltr'><strong>ve-</strong></span> 
     </span>
    </p>
   </div>
   <div class='ocr_carea' id='block_1_78' title="bbox 2226 3320 3790 3396">
    <p class='ocr_par' dir='ltr' id='par_1_78' title="bbox 2226 3320 3790 3396">
     <span class='ocr_line' id='line_1_78' title="bbox 2226 3320 3790 3396; baseline -0.011 -13"><span class='ocrx_word' id='word_1_581' title='bbox 2226 3330 2428 3393; x_wconf 85' lang='lat' dir='ltr'><strong>nerint,</strong></span> <span class='ocrx_word' id='word_1_582' title='bbox 2474 3341 2647 3396; x_wconf 87' lang='lat' dir='ltr'><strong>eoque</strong></span> <span class='ocrx_word' id='word_1_583' title='bbox 2693 3324 2909 3395; x_wconf 82' lang='lat' dir='ltr'><strong>cognito</strong></span> <span class='ocrx_word' id='word_1_584' title='bbox 2952 3321 3119 3376; x_wconf 88' lang='lat' dir='ltr'><strong>faciat</strong></span> <span class='ocrx_word' id='word_1_585' title='bbox 3165 3322 3215 3373; x_wconf 90' lang='lat' dir='ltr'><strong>in</strong></span> <span class='ocrx_word' id='word_1_586' title='bbox 3266 3320 3505 3388; x_wconf 88' lang='lat' dir='ltr'><strong>ipsorum</strong></span> <span class='ocrx_word' id='word_1_587' title='bbox 3562 3328 3790 3383; x_wconf 85' lang='lat' dir='ltr'><strong>persona</strong></span> 
     </span>
    </p>
   </div>
   <div class='ocr_carea' id='block_1_79' title="bbox 2226 3406 3794 3488">
    <p class='ocr_par' dir='ltr' id='par_1_79' title="bbox 2226 3406 3794 3488">
     <span class='ocr_line' id='line_1_79' title="bbox 2226 3406 3794 3488; baseline -0.01 -16"><span class='ocrx_word' id='word_1_588' title='bbox 2226 3418 2369 3488; x_wconf 89' lang='lat' dir='ltr'><strong>quod</strong></span> <span class='ocrx_word' id='word_1_589' title='bbox 2401 3433 2613 3486; x_wconf 81' lang='lat' dir='ltr'><strong>acquum</strong></span> <span class='ocrx_word' id='word_1_590' title='bbox 2650 3416 2772 3480; x_wconf 88' lang='lat' dir='ltr'><strong>erit,</strong></span> <span class='ocrx_word' id='word_1_591' title='bbox 2824 3429 2893 3468; x_wconf 89' lang='lat' dir='ltr'><strong>ne</strong></span> <span class='ocrx_word' id='word_1_592' title='bbox 2939 3413 2991 3466; x_wconf 90' lang='lat' dir='ltr'><strong>in</strong></span> <span class='ocrx_word' id='word_1_593' title='bbox 3022 3411 3201 3479; x_wconf 83' lang='lat' dir='ltr'><strong>inOpia</strong></span> <span class='ocrx_word' id='word_1_594' title='bbox 3244 3419 3298 3464; x_wconf 89' lang='lat' dir='ltr'><strong>et</strong></span> <span class='ocrx_word' id='word_1_595' title='bbox 3341 3408 3525 3462; x_wconf 88' lang='lat' dir='ltr'><strong>labore</strong></span> <span class='ocrx_word' id='word_1_596' title='bbox 3551 3406 3794 3458; x_wconf 80' lang='lat' dir='ltr'><strong>viventes</strong></span> 
     </span>
    </p>
   </div>
   <div class='ocr_carea' id='block_1_80' title="bbox 2227 3496 3793 3573">
    <p class='ocr_par' dir='ltr' id='par_1_80' title="bbox 2227 3496 3793 3573">
     <span class='ocr_line' id='line_1_80' title="bbox 2227 3496 3793 3573; baseline -0.012 -8"><span class='ocrx_word' id='word_1_597' title='bbox 2227 3511 2316 3565; x_wconf 90' lang='lat' dir='ltr'><strong>hic</strong></span> <span class='ocrx_word' id='word_1_598' title='bbox 2352 3518 2650 3564; x_wconf 87' lang='lat' dir='ltr'><strong>morentur.</strong></span> <span class='ocrx_word' id='word_1_599' title='bbox 2698 3505 2755 3561; x_wconf 88' lang='lat' dir='ltr'><strong>Si</strong></span> <span class='ocrx_word' id='word_1_600' title='bbox 2811 3520 2939 3560; x_wconf 85' lang='lat' dir='ltr'><strong>vero</strong></span> <span class='ocrx_word' id='word_1_601' title='bbox 2985 3504 3253 3573; x_wconf 84' lang='lat' dir='ltr'><strong>quispiam</strong></span> <span class='ocrx_word' id='word_1_602' title='bbox 3301 3515 3367 3555; x_wconf 88' lang='lat' dir='ltr'><strong>ex</strong></span> <span class='ocrx_word' id='word_1_603' title='bbox 3410 3498 3682 3569; x_wconf 82' lang='lat' dir='ltr'><strong>praedictis</strong></span> <span class='ocrx_word' id='word_1_604' title='bbox 3715 3496 3793 3547; x_wconf 74' lang='lat' dir='ltr'><strong>vel</strong></span> 
     </span>
    </p>
   </div>
   <div class='ocr_carea' id='block_1_81' title="bbox 2228 3584 3795 3669">
    <p class='ocr_par' dir='ltr' id='par_1_81' title="bbox 2228 3584 3795 3669">
     <span class='ocr_line' id='line_1_81' title="bbox 2228 3584 3795 3669; baseline -0.011 -14"><span class='ocrx_word' id='word_1_605' title='bbox 2228 3601 2510 3669; x_wconf 88' lang='lat' dir='ltr'><strong>inquilinis</strong></span> <span class='ocrx_word' id='word_1_606' title='bbox 2537 3598 2619 3653; x_wconf 86' lang='lat' dir='ltr'><strong>vel</strong></span> <span class='ocrx_word' id='word_1_607' title='bbox 2646 3598 2861 3653; x_wconf 89' lang='lat' dir='ltr'><strong>aliunde</strong></span> <span class='ocrx_word' id='word_1_608' title='bbox 2890 3593 3255 3658; x_wconf 85' lang='lat' dir='ltr'><strong>venientibus,</strong></span> <span class='ocrx_word' id='word_1_609' title='bbox 3287 3587 3662 3644; x_wconf 82' lang='lat' dir='ltr'><strong>accusaverim</strong></span> <span class='ocrx_word' id='word_1_610' title='bbox 3693 3584 3795 3637; x_wconf 88' lang='lat' dir='ltr'><strong>ali-</strong></span> 
     </span>
    </p>
   </div>
   <div class='ocr_carea' id='block_1_82' title="bbox 2228 3676 3795 3762">
    <p class='ocr_par' dir='ltr' id='par_1_82' title="bbox 2228 3676 3795 3762">
     <span class='ocr_line' id='line_1_82' title="bbox 2228 3676 3795 3762; baseline -0.012 -17"><span class='ocrx_word' id='word_1_611' title='bbox 2228 3708 2387 3762; x_wconf 89' lang='lat' dir='ltr'><strong>quos,</strong></span> <span class='ocrx_word' id='word_1_612' title='bbox 2417 3707 2443 3744; x_wconf 89' lang='lat' dir='ltr'><strong>a</strong></span> <span class='ocrx_word' id='word_1_613' title='bbox 2469 3692 2663 3759; x_wconf 91' lang='lat' dir='ltr'><strong>quibus</strong></span> <span class='ocrx_word' id='word_1_614' title='bbox 2688 3706 2747 3743; x_wconf 90' lang='lat' dir='ltr'><strong>se</strong></span> <span class='ocrx_word' id='word_1_615' title='bbox 2782 3688 2979 3758; x_wconf 86' lang='lat' dir='ltr'><strong>injuria</strong></span> <span class='ocrx_word' id='word_1_616' title='bbox 3011 3684 3232 3740; x_wconf 73' lang='lat' dir='ltr'><strong>affectos</strong></span> <span class='ocrx_word' id='word_1_617' title='bbox 3255 3682 3510 3745; x_wconf 79' lang='lat' dir='ltr'><strong>dixerint,</strong></span> <span class='ocrx_word' id='word_1_618' title='bbox 3549 3676 3795 3746; x_wconf 81' lang='lat' dir='ltr'><strong>diligenti</strong></span> 
     </span>
    </p>
   </div>
   <div class='ocr_carea' id='block_1_83' title="bbox 2230 3766 3798 3851">
    <p class='ocr_par' dir='ltr' id='par_1_83' title="bbox 2230 3766 3798 3851">
     <span class='ocr_line' id='line_1_83' title="bbox 2230 3766 3798 3851; baseline -0.011 -16"><span class='ocrx_word' id='word_1_619' title='bbox 2230 3784 2514 3851; x_wconf 83' lang='lat' dir='ltr'><strong>quaestioni</strong></span> <span class='ocrx_word' id='word_1_620' title='bbox 2543 3780 2793 3848; x_wconf 88' lang='lat' dir='ltr'><strong>subjiciet</strong></span> <span class='ocrx_word' id='word_1_621' title='bbox 2820 3784 3106 3833; x_wconf 87' lang='lat' dir='ltr'><strong>accusatos</strong></span> <span class='ocrx_word' id='word_1_622' title='bbox 3134 3775 3502 3842; x_wconf 86' lang='lat' dir='ltr'><strong>cujuscunque</strong></span> <span class='ocrx_word' id='word_1_623' title='bbox 3524 3766 3798 3839; x_wconf 81' lang='lat' dir='ltr'><strong>dignitatis</strong></span> 
     </span>
    </p>
   </div>
   <div class='ocr_carea' id='block_1_84' title="bbox 2234 3860 3798 3931">
    <p class='ocr_par' dir='ltr' id='par_1_84' title="bbox 2234 3860 3798 3931">
     <span class='ocr_line' id='line_1_84' title="bbox 2234 3860 3798 3931; baseline -0.01 -5"><span class='ocrx_word' id='word_1_624' title='bbox 2234 3881 2327 3927; x_wconf 87' lang='lat' dir='ltr'><strong>aut</strong></span> <span class='ocrx_word' id='word_1_625' title='bbox 2378 3871 2584 3923; x_wconf 84' lang='lat' dir='ltr'><strong>militiae</strong></span> <span class='ocrx_word' id='word_1_626' title='bbox 2639 3869 2860 3931; x_wconf 85' lang='lat' dir='ltr'><strong>fuerint,</strong></span> <span class='ocrx_word' id='word_1_627' title='bbox 2895 3875 2949 3920; x_wconf 90' lang='lat' dir='ltr'><strong>et</strong></span> <span class='ocrx_word' id='word_1_628' title='bbox 2999 3866 3233 3918; x_wconf 79' lang='lat' dir='ltr'><strong>maxime</strong></span> <span class='ocrx_word' id='word_1_629' title='bbox 3285 3864 3332 3917; x_wconf 89' lang='lat' dir='ltr'><strong>si</strong></span> <span class='ocrx_word' id='word_1_630' title='bbox 3392 3871 3588 3929; x_wconf 71' lang='lat' dir='ltr'><strong>prmter</strong></span> <span class='ocrx_word' id='word_1_631' title='bbox 3627 3860 3798 3912; x_wconf 85' lang='lat' dir='ltr'><strong>dictas</strong></span> 
     </span>
    </p>
   </div>
   <div class='ocr_carea' id='block_1_85' title="bbox 2234 3952 3799 4026">
    <p class='ocr_par' dir='ltr' id='par_1_85' title="bbox 2234 3952 3799 4026">
     <span class='ocr_line' id='line_1_85' title="bbox 2234 3952 3799 4026; baseline -0.013 -6"><span class='ocrx_word' id='word_1_632' title='bbox 2234 3962 2649 4020; x_wconf 87' lang='lat' dir='ltr'><strong>consuetudines</strong></span> <span class='ocrx_word' id='word_1_633' title='bbox 2692 3959 2893 4026; x_wconf 89' lang='lat' dir='ltr'><strong>aliquid</strong></span> <span class='ocrx_word' id='word_1_634' title='bbox 2932 3957 3325 4017; x_wconf 77' lang='lat' dir='ltr'><strong>commiserint,</strong></span> <span class='ocrx_word' id='word_1_635' title='bbox 3378 3962 3474 4005; x_wconf 89' lang='lat' dir='ltr'><strong>aut</strong></span> <span class='ocrx_word' id='word_1_636' title='bbox 3518 3952 3619 4004; x_wconf 78' lang='lat' dir='ltr'><strong>alia</strong></span> <span class='ocrx_word' id='word_1_637' title='bbox 3653 3952 3799 4018; x_wconf 85' lang='lat' dir='ltr'><strong>priu-</strong></span> 
     </span>
    </p>
   </div>
   <div class='ocr_carea' id='block_1_86' title="bbox 2236 4046 3797 4124">
    <p class='ocr_par' dir='ltr' id='par_1_86' title="bbox 2236 4046 3797 4124">
     <span class='ocr_line' id='line_1_86' title="bbox 2236 4046 3797 4124; baseline -0.012 -15"><span class='ocrx_word' id='word_1_638' title='bbox 2236 4055 2429 4124; x_wconf 89' lang='lat' dir='ltr'><strong>cipalia</strong></span> <span class='ocrx_word' id='word_1_639' title='bbox 2471 4054 2672 4117; x_wconf 88' lang='lat' dir='ltr'><strong>edicta,</strong></span> <span class='ocrx_word' id='word_1_640' title='bbox 2724 4050 2775 4103; x_wconf 90' lang='lat' dir='ltr'><strong>in</strong></span> <span class='ocrx_word' id='word_1_641' title='bbox 2814 4049 3011 4116; x_wconf 88' lang='lat' dir='ltr'><strong>quibus</strong></span> <span class='ocrx_word' id='word_1_642' title='bbox 3058 4048 3224 4101; x_wconf 89' lang='lat' dir='ltr'><strong>etiam</strong></span> <span class='ocrx_word' id='word_1_643' title='bbox 3272 4046 3447 4114; x_wconf 86' lang='lat' dir='ltr'><strong>legum</strong></span> <span class='ocrx_word' id='word_1_644' title='bbox 3492 4051 3797 4097; x_wconf 85' lang='lat' dir='ltr'><strong>nostrarum</strong></span> 
     </span>
    </p>
   </div>
   <div class='ocr_carea' id='block_1_87' title="bbox 2237 4124 3910 4214">
    <p class='ocr_par' dir='ltr' id='par_1_87' title="bbox 2237 4124 3910 4214">
     <span class='ocr_line' id='line_1_87' title="bbox 2237 4124 3910 4214; baseline -0.012 -12"><span class='ocrx_word' id='word_1_645' title='bbox 2237 4147 2523 4214; x_wconf 88' lang='lat' dir='ltr'><strong>despectus</strong></span> <span class='ocrx_word' id='word_1_646' title='bbox 2573 4138 2939 4210; x_wconf 79' lang='lat' dir='ltr'><strong>cognoscitur,</strong></span> <span class='ocrx_word' id='word_1_647' title='bbox 2995 4144 3050 4191; x_wconf 90' lang='lat' dir='ltr'><strong>et</strong></span> <span class='ocrx_word' id='word_1_648' title='bbox 3107 4134 3255 4203; x_wconf 87' lang='lat' dir='ltr'><strong>leges</strong></span> <span class='ocrx_word' id='word_1_649' title='bbox 3307 4132 3526 4201; x_wconf 88' lang='lat' dir='ltr'><strong>quidem</strong></span> <span class='ocrx_word' id='word_1_650' title='bbox 3586 4141 3801 4185; x_wconf 69' lang='lat' dir='ltr'><strong>IIOs&#39;lt‘aS</strong></span> <span class='ocrx_word' id='word_1_651' title='bbox 3889 4124 3910 4140; x_wconf 70' lang='lat'><strong>‘</strong></span> 
     </span>
    </p>
   </div>
   <div class='ocr_carea' id='block_1_88' title="bbox 2237 4226 3801 4305">
    <p class='ocr_par' dir='ltr' id='par_1_88' title="bbox 2237 4226 3801 4305">
     <span class='ocr_line' id='line_1_88' title="bbox 2237 4226 3801 4305; baseline -0.013 -10"><span class='ocrx_word' id='word_1_652' title='bbox 2237 4248 2471 4303; x_wconf 86' lang='lat' dir='ltr'><strong>tueatur,</strong></span> <span class='ocrx_word' id='word_1_653' title='bbox 2496 4247 2550 4292; x_wconf 89' lang='lat' dir='ltr'><strong>et</strong></span> <span class='ocrx_word' id='word_1_654' title='bbox 2569 4245 2690 4305; x_wconf 91' lang='lat' dir='ltr'><strong>post</strong></span> <span class='ocrx_word' id='word_1_655' title='bbox 2711 4236 3051 4300; x_wconf 87' lang='lat' dir='ltr'><strong>incorruptas</strong></span> <span class='ocrx_word' id='word_1_656' title='bbox 3071 4226 3420 4298; x_wconf 89' lang='lat' dir='ltr'><strong>probationes</strong></span> <span class='ocrx_word' id='word_1_657' title='bbox 3446 4238 3655 4293; x_wconf 85' lang='lat' dir='ltr'><strong>poenas,</strong></span> <span class='ocrx_word' id='word_1_658' title='bbox 3683 4238 3801 4289; x_wconf 74' lang='lat' dir='ltr'><strong>qua:</strong></span> 
     </span>
    </p>
   </div>
   <div class='ocr_carea' id='block_1_89' title="bbox 2236 4312 3803 4403">
    <p class='ocr_par' dir='ltr' id='par_1_89' title="bbox 2236 4312 3803 4403">
     <span class='ocr_line' id='line_1_89' title="bbox 2236 4312 3803 4403; baseline -0.015 -16"><span class='ocrx_word' id='word_1_659' title='bbox 2236 4332 2415 4403; x_wconf 85' lang='lat' dir='ltr'><strong>legum</strong></span> <span class='ocrx_word' id='word_1_660' title='bbox 2456 4339 2761 4385; x_wconf 87' lang='lat' dir='ltr'><strong>nostrarum</strong></span> <span class='ocrx_word' id='word_1_661' title='bbox 2797 4321 3214 4379; x_wconf 88' lang='lat' dir='ltr'><strong>comminatione</strong></span> <span class='ocrx_word' id='word_1_662' title='bbox 3255 4317 3631 4379; x_wconf 83' lang='lat' dir='ltr'><strong>continentur,</strong></span> <span class='ocrx_word' id='word_1_663' title='bbox 3664 4312 3803 4368; x_wconf 78' lang='lat' dir='ltr'><strong>infli-</strong></span> 
     </span>
    </p>
   </div>
   <div class='ocr_carea' id='block_1_90' title="bbox 555 4406 2113 4504">
    <p class='ocr_par' dir='ltr' id='par_1_90' title="bbox 555 4406 2113 4504">
     <span class='ocr_line' id='line_1_90' title="bbox 555 4406 2113 4504; baseline -0.003 -19"><span class='ocrx_word' id='word_1_664' title='bbox 555 4406 839 4503; x_wconf 72' lang='grc' dir='ltr'>χους,τὰς</span> <span class='ocrx_word' id='word_1_665' title='bbox 870 4406 1244 4504; x_wconf 77' lang='grc' dir='ltr'>ἠπειλημένας</span> <span class='ocrx_word' id='word_1_666' title='bbox 1298 4432 1438 4485; x_wconf 88' lang='grc' dir='ltr'><strong>κατά</strong></span> <span class='ocrx_word' id='word_1_667' title='bbox 1488 4432 1613 4494; x_wconf 81' lang='grc' dir='ltr'>τοὺς</span> <span class='ocrx_word' id='word_1_668' title='bbox 1666 4430 1975 4501; x_wconf 79' lang='grc' dir='ltr'>ἡμετέρους</span> <span class='ocrx_word' id='word_1_669' title='bbox 2044 4429 2113 4482; x_wconf 83' lang='grc' dir='ltr'>νό·</span> 
     </span>
    </p>
   </div>
   <div class='ocr_carea' id='block_1_91' title="bbox 2214 4406 3806 4504">
    <p class='ocr_par' dir='ltr' id='par_1_91' title="bbox 2242 4406 3806 4497">
     <span class='ocr_line' id='line_1_91' title="bbox 2242 4406 3806 4497; baseline -0.013 -17"><span class='ocrx_word' id='word_1_670' title='bbox 2242 4437 2352 4497; x_wconf 83' lang='lat' dir='ltr'><strong>gat,</strong></span> <span class='ocrx_word' id='word_1_671' title='bbox 2400 4406 2621 4478; x_wconf 84' lang='lat' dir='ltr'><strong>nemine</strong></span> <span class='ocrx_word' id='word_1_672' title='bbox 2658 4417 3081 4487; x_wconf 86' lang='lat' dir='ltr'><strong>competentium</strong></span> <span class='ocrx_word' id='word_1_673' title='bbox 3126 4412 3413 4482; x_wconf 83' lang='lat' dir='ltr'><strong>praesidum</strong></span> <span class='ocrx_word' id='word_1_674' title='bbox 3449 4409 3681 4461; x_wconf 84' lang='lat' dir='ltr'><strong>audente</strong></span> <span class='ocrx_word' id='word_1_675' title='bbox 3725 4406 3806 4459; x_wconf 86' lang='lat' dir='ltr'><strong>his</strong></span> 
     </span>
    </p>
   </div>
   <div class='ocr_carea' id='block_1_92' title="bbox 562 4519 2139 4612">
    <p class='ocr_par' dir='ltr' id='par_1_92' title="bbox 562 4519 2139 4612">
     <span class='ocr_line' id='line_1_92' title="bbox 562 4519 2139 4612; baseline -0.004 -34"><span class='ocrx_word' id='word_1_676' title='bbox 562 4543 695 4612; x_wconf 51' lang='grc' dir='ltr'>μῢ</span> <span class='ocrx_word' id='word_1_677' title='bbox 742 4525 1122 4596; x_wconf 86' lang='grc' dir='ltr'>εἰσπραττέτω</span> <span class='ocrx_word' id='word_1_678' title='bbox 1172 4524 1361 4588; x_wconf 80' lang='grc' dir='ltr'>ποινὰς</span> <span class='ocrx_word' id='word_1_679' title='bbox 1412 4522 1627 4585; x_wconf 81' lang='grc' dir='ltr'>οὐδενὸς</span> <span class='ocrx_word' id='word_1_680' title='bbox 1674 4520 1784 4575; x_wconf 82' lang='grc' dir='ltr'>τῶν</span> <span class='ocrx_word' id='word_1_681' title='bbox 1815 4519 2139 4591; x_wconf 84' lang='grc' dir='ltr'>προσφόρων</span> 
     </span>
    </p>
   </div>
   <div class='ocr_carea' id='block_1_93' title="bbox 559 4610 2142 4689">
    <p class='ocr_par' dir='ltr' id='par_1_93' title="bbox 559 4610 2142 4689">
     <span class='ocr_line' id='line_1_93' title="bbox 559 4610 2142 4689; baseline -0.004 -19"><span class='ocrx_word' id='word_1_682' title='bbox 559 4610 743 4681; x_wconf 77' lang='grc' dir='ltr'>αὐτοῖς</span> <span class='ocrx_word' id='word_1_683' title='bbox 805 4619 1122 4689; x_wconf 76' lang='grc' dir='ltr'>ἀρχόντων,</span> <span class='ocrx_word' id='word_1_684' title='bbox 1198 4614 1599 4670; x_wconf 83' lang='grc' dir='ltr'>ἀντιποιεῖσθαι</span> <span class='ocrx_word' id='word_1_685' title='bbox 1675 4613 1881 4666; x_wconf 90' lang='grc' dir='ltr'>τούτων</span> <span class='ocrx_word' id='word_1_686' title='bbox 1932 4610 2142 4683; x_wconf 83' lang='grc' dir='ltr'>[ὑπερ-</span> 
     </span>
    </p>
   </div>
   <div class='ocr_carea' id='block_1_94' title="bbox 562 4702 2142 4779">
    <p class='ocr_par' dir='ltr' id='par_1_94' title="bbox 562 4702 2142 4779">
     <span class='ocr_line' id='line_1_94' title="bbox 562 4702 2142 4779; baseline -0.004 -19"><span class='ocrx_word' id='word_1_687' title='bbox 562 4708 814 4773; x_wconf 76' lang='grc' dir='ltr'>ατπίζειν</span> <span class='ocrx_word' id='word_1_688' title='bbox 878 4707 1086 4779; x_wconf 80' lang='grc' dir='ltr'>αὐτῶν]</span> <span class='ocrx_word' id='word_1_689' title='bbox 1134 4708 1456 4777; x_wconf 86' lang='grc' dir='ltr'>δυναμένου,</span> <span class='ocrx_word' id='word_1_690' title='bbox 1506 4705 1749 4766; x_wconf 77' lang='grc' dir='ltr'>καὶτοῖς</span> <span class='ocrx_word' id='word_1_691' title='bbox 1793 4702 2142 4773; x_wconf 80' lang='grc' dir='ltr'>ἠδικημένοις</span> 
     </span>
    </p>
   </div>
   <div class='ocr_carea' id='block_1_95' title="bbox 561 4794 2142 4872">
    <p class='ocr_par' dir='ltr' id='par_1_95' title="bbox 561 4794 2142 4872">
     <span class='ocr_line' id='line_1_95' title="bbox 561 4794 2142 4872; baseline -0.004 -20"><span class='ocrx_word' id='word_1_692' title='bbox 561 4800 990 4855; x_wconf 88' lang='grc' dir='ltr'>ἀποκαθιστάτω</span> <span class='ocrx_word' id='word_1_693' title='bbox 1030 4803 1092 4854; x_wconf 82' lang='grc' dir='ltr'><strong>τὸ</strong></span> <span class='ocrx_word' id='word_1_694' title='bbox 1129 4801 1405 4872; x_wconf 82' lang='grc' dir='ltr'>ἀδίκημα·</span> <span class='ocrx_word' id='word_1_695' title='bbox 1436 4800 1485 4852; x_wconf 90' lang='grc' dir='ltr'><strong>εἰ</strong></span> <span class='ocrx_word' id='word_1_696' title='bbox 1517 4799 1575 4851; x_wconf 88' lang='grc' dir='ltr'><strong>δέ</strong></span> <span class='ocrx_word' id='word_1_697' title='bbox 1604 4814 1687 4862; x_wconf 88' lang='grc' dir='ltr'><strong>τις</strong></span> <span class='ocrx_word' id='word_1_698' title='bbox 1716 4799 1827 4860; x_wconf 81' lang='grc' dir='ltr'>τοῖς</span> <span class='ocrx_word' id='word_1_699' title='bbox 1854 4794 2142 4866; x_wconf 69' lang='grc' dir='ltr'>ἠδικηκόσι</span> 
     </span>
    </p>
   </div>
   <div class='ocr_carea' id='block_1_96' title="bbox 561 4886 2145 4965">
    <p class='ocr_par' dir='ltr' id='par_1_96' title="bbox 561 4886 2145 4965">
     <span class='ocr_line' id='line_1_96' title="bbox 561 4886 2145 4965; baseline -0.003 -22"><span class='ocrx_word' id='word_1_700' title='bbox 561 4892 658 4944; x_wconf 83' lang='grc' dir='ltr'><strong>καὶ</strong></span> <span class='ocrx_word' id='word_1_701' title='bbox 698 4892 832 4963; x_wconf 80' lang='grc' dir='ltr'>ἄλλῃ</span> <span class='ocrx_word' id='word_1_702' title='bbox 877 4893 1052 4965; x_wconf 73' lang='grc' dir='ltr'>ζημίᾳ</span> <span class='ocrx_word' id='word_1_703' title='bbox 1093 4891 1244 4963; x_wconf 84' lang='grc' dir='ltr'><strong>παρά</strong></span> <span class='ocrx_word' id='word_1_704' title='bbox 1280 4889 1388 4944; x_wconf 85' lang='grc' dir='ltr'>τῶν</span> <span class='ocrx_word' id='word_1_705' title='bbox 1440 4889 1624 4956; x_wconf 89' lang='grc' dir='ltr'>νόμων</span> <span class='ocrx_word' id='word_1_706' title='bbox 1682 4886 2034 4956; x_wconf 80' lang='grc' dir='ltr'>ἐπιϐέϐληται</span> <span class='ocrx_word' id='word_1_707' title='bbox 2066 4888 2145 4948; x_wconf 85' lang='grc' dir='ltr'><strong>εἰς</strong></span> 
     </span>
    </p>
   </div>
   <div class='ocr_carea' id='block_1_97' title="bbox 562 4978 2145 5056">
    <p class='ocr_par' dir='ltr' id='par_1_97' title="bbox 562 4978 2145 5056">
     <span class='ocr_line' id='line_1_97' title="bbox 562 4978 2145 5056; baseline -0.005 -19"><span class='ocrx_word' id='word_1_708' title='bbox 562 4983 622 5035; x_wconf 68' lang='grc' dir='ltr'><strong>τὶ»</strong></span> <span class='ocrx_word' id='word_1_709' title='bbox 650 4984 911 5055; x_wconf 84' lang='grc' dir='ltr'>δημόσιον</span> <span class='ocrx_word' id='word_1_710' title='bbox 963 4986 1185 5056; x_wconf 87' lang='grc' dir='ltr'>ἀρχεῖον</span> <span class='ocrx_word' id='word_1_711' title='bbox 1213 4982 1603 5037; x_wconf 86' lang='grc' dir='ltr'>ἀποϐλέπουσα</span> <span class='ocrx_word' id='word_1_712' title='bbox 1637 4978 1774 5050; x_wconf 82' lang='grc' dir='ltr'><strong>μετά</strong></span> <span class='ocrx_word' id='word_1_713' title='bbox 1802 4978 1900 5048; x_wconf 85' lang='grc' dir='ltr'>τὴν</span> <span class='ocrx_word' id='word_1_714' title='bbox 1933 4979 2145 5031; x_wconf 85' lang='grc' dir='ltr'>ἀποκα-</span> 
     </span>
    </p>
   </div>
   <div class='ocr_carea' id='block_1_98' title="bbox 2238 4500 3805 4581">
    <p class='ocr_par' dir='ltr' id='par_1_98' title="bbox 2238 4500 3805 4581">
     <span class='ocr_line' id='line_1_98' title="bbox 2238 4500 3805 4581; baseline -0.017 -6"><span class='ocrx_word' id='word_1_715' title='bbox 2238 4517 2639 4575; x_wconf 88' lang='lat' dir='ltr'><strong>eontraveuire.</strong></span> <span class='ocrx_word' id='word_1_716' title='bbox 2675 4513 2735 4567; x_wconf 86' lang='lat' dir='ltr'><strong>Et</strong></span> <span class='ocrx_word' id='word_1_717' title='bbox 2766 4511 2978 4581; x_wconf 90' lang='lat' dir='ltr'><strong>quidem</strong></span> <span class='ocrx_word' id='word_1_718' title='bbox 3012 4508 3077 4561; x_wconf 88' lang='lat' dir='ltr'><strong>iis</strong></span> <span class='ocrx_word' id='word_1_719' title='bbox 3111 4508 3200 4575; x_wconf 91' lang='lat' dir='ltr'><strong>qui</strong></span> <span class='ocrx_word' id='word_1_720' title='bbox 3231 4503 3426 4573; x_wconf 80' lang='lat' dir='ltr'><strong>injuria</strong></span> <span class='ocrx_word' id='word_1_721' title='bbox 3457 4500 3632 4554; x_wconf 80' lang='lat' dir='ltr'><strong>affecti</strong></span> <span class='ocrx_word' id='word_1_722' title='bbox 3662 4510 3805 4557; x_wconf 86' lang='lat' dir='ltr'><strong>sunt,</strong></span> 
     </span>
    </p>
   </div>
   <div class='ocr_carea' id='block_1_99' title="bbox 2240 4592 3805 4677">
    <p class='ocr_par' dir='ltr' id='par_1_99' title="bbox 2240 4592 3805 4677">
     <span class='ocr_line' id='line_1_99' title="bbox 2240 4592 3805 4677; baseline -0.018 -8"><span class='ocrx_word' id='word_1_723' title='bbox 2240 4613 2561 4668; x_wconf 90' lang='lat' dir='ltr'><strong>restituatur</strong></span> <span class='ocrx_word' id='word_1_724' title='bbox 2589 4609 2729 4677; x_wconf 90' lang='lat' dir='ltr'><strong>quod</strong></span> <span class='ocrx_word' id='word_1_725' title='bbox 2757 4618 2941 4660; x_wconf 89' lang='lat' dir='ltr'><strong>eorum</strong></span> <span class='ocrx_word' id='word_1_726' title='bbox 2967 4602 3196 4656; x_wconf 90' lang='lat' dir='ltr'><strong>interest</strong></span> <span class='ocrx_word' id='word_1_727' title='bbox 3232 4616 3247 4653; x_wconf 88' lang='lat'><strong>:</strong></span> <span class='ocrx_word' id='word_1_728' title='bbox 3280 4596 3337 4651; x_wconf 70' lang='lat' dir='ltr'><strong>si</strong></span> <span class='ocrx_word' id='word_1_729' title='bbox 3359 4609 3484 4650; x_wconf 89' lang='lat' dir='ltr'><strong>vero</strong></span> <span class='ocrx_word' id='word_1_730' title='bbox 3514 4593 3623 4647; x_wconf 85' lang='lat' dir='ltr'><strong>reis</strong></span> <span class='ocrx_word' id='word_1_731' title='bbox 3646 4592 3805 4646; x_wconf 86' lang='lat' dir='ltr'><strong>etiam</strong></span> 
     </span>
    </p>
   </div>
   <div class='ocr_carea' id='block_1_100' title="bbox 2242 4685 3807 4772">
    <p class='ocr_par' dir='ltr' id='par_1_100' title="bbox 2242 4685 3807 4772">
     <span class='ocr_line' id='line_1_100' title="bbox 2242 4685 3807 4772; baseline -0.019 -12"><span class='ocrx_word' id='word_1_732' title='bbox 2242 4705 2342 4760; x_wconf 91' lang='lat' dir='ltr'><strong>alia</strong></span> <span class='ocrx_word' id='word_1_733' title='bbox 2393 4716 2553 4772; x_wconf 72' lang='lat' dir='ltr'><strong>poena</strong></span> <span class='ocrx_word' id='word_1_734' title='bbox 2598 4715 2629 4752; x_wconf 91' lang='lat' dir='ltr'><strong>a</strong></span> <span class='ocrx_word' id='word_1_735' title='bbox 2683 4698 2891 4766; x_wconf 88' lang='lat' dir='ltr'><strong>legibus</strong></span> <span class='ocrx_word' id='word_1_736' title='bbox 2950 4694 3222 4762; x_wconf 83' lang='lat' dir='ltr'><strong>intligatur</strong></span> <span class='ocrx_word' id='word_1_737' title='bbox 3264 4704 3384 4759; x_wconf 75' lang='lat' dir='ltr'><strong>qua:</strong></span> <span class='ocrx_word' id='word_1_738' title='bbox 3414 4689 3482 4741; x_wconf 88' lang='lat' dir='ltr'><strong>ad</strong></span> <span class='ocrx_word' id='word_1_739' title='bbox 3536 4685 3807 4755; x_wconf 89' lang='lat' dir='ltr'><strong>publicum</strong></span> 
     </span>
    </p>
   </div>
   <div class='ocr_carea' id='block_1_101' title="bbox 2242 4776 3809 4866">
    <p class='ocr_par' dir='ltr' id='par_1_101' title="bbox 2242 4776 3809 4866">
     <span class='ocr_line' id='line_1_101' title="bbox 2242 4776 3809 4866; baseline -0.015 -14"><span class='ocrx_word' id='word_1_740' title='bbox 2242 4803 2472 4866; x_wconf 87' lang='lat' dir='ltr'><strong>spectet,</strong></span> <span class='ocrx_word' id='word_1_741' title='bbox 2516 4800 2638 4862; x_wconf 90' lang='lat' dir='ltr'><strong>post</strong></span> <span class='ocrx_word' id='word_1_742' title='bbox 2683 4789 3080 4845; x_wconf 86' lang='lat' dir='ltr'><strong>restitutionem</strong></span> <span class='ocrx_word' id='word_1_743' title='bbox 3125 4784 3369 4840; x_wconf 89' lang='lat' dir='ltr'><strong>criminis</strong></span> <span class='ocrx_word' id='word_1_744' title='bbox 3411 4782 3475 4835; x_wconf 88' lang='lat' dir='ltr'><strong>ad</strong></span> <span class='ocrx_word' id='word_1_745' title='bbox 3519 4776 3809 4849; x_wconf 85' lang='lat' dir='ltr'><strong>principale</strong></span> 
     </span>
    </p>
   </div>
   <div class='ocr_carea' id='block_1_102' title="bbox 2253 4870 3811 4956">
    <p class='ocr_par' dir='ltr' id='par_1_102' title="bbox 2253 4870 3811 4956">
     <span class='ocr_line' id='line_1_102' title="bbox 2253 4870 3811 4956; baseline -0.015 -12"><span class='ocrx_word' id='word_1_746' title='bbox 2253 4887 2537 4956; x_wconf 87' lang='lat' dir='ltr'><strong>imperium</strong></span> <span class='ocrx_word' id='word_1_747' title='bbox 2570 4886 2636 4937; x_wconf 90' lang='lat' dir='ltr'><strong>de</strong></span> <span class='ocrx_word' id='word_1_748' title='bbox 2668 4882 2800 4951; x_wconf 85' lang='lat' dir='ltr'><strong>ipsis</strong></span> <span class='ocrx_word' id='word_1_749' title='bbox 2836 4879 3125 4942; x_wconf 87' lang='lat' dir='ltr'><strong>referatur,</strong></span> <span class='ocrx_word' id='word_1_750' title='bbox 3159 4887 3215 4929; x_wconf 90' lang='lat' dir='ltr'><strong>et</strong></span> <span class='ocrx_word' id='word_1_751' title='bbox 3237 4882 3434 4944; x_wconf 87' lang='lat' dir='ltr'><strong>quanta</strong></span> <span class='ocrx_word' id='word_1_752' title='bbox 3476 4870 3703 4941; x_wconf 85' lang='lat' dir='ltr'><strong>principi</strong></span> <span class='ocrx_word' id='word_1_753' title='bbox 3735 4870 3811 4921; x_wconf 83' lang='lat' dir='ltr'><strong>vi—</strong></span> 
     </span>
    </p>
   </div>
   <div class='ocr_carea' id='block_1_103' title="bbox 2255 4958 3706 5041">
    <p class='ocr_par' dir='ltr' id='par_1_103' title="bbox 2255 4958 3706 5041">
     <span class='ocr_line' id='line_1_103' title="bbox 2255 4958 3706 5041; baseline -0.017 -10"><span class='ocrx_word' id='word_1_754' title='bbox 2255 4976 2469 5031; x_wconf 82' lang='lat' dir='ltr'><strong>debitur</strong></span> <span class='ocrx_word' id='word_1_755' title='bbox 2496 4970 2810 5041; x_wconf 81' lang='lat' dir='ltr'><strong>pecuniaria</strong></span> <span class='ocrx_word' id='word_1_756' title='bbox 2845 4966 3011 5021; x_wconf 87' lang='lat' dir='ltr'><strong>multa</strong></span> <span class='ocrx_word' id='word_1_757' title='bbox 3064 4965 3115 5019; x_wconf 89' lang='lat' dir='ltr'><strong>iu</strong></span> <span class='ocrx_word' id='word_1_758' title='bbox 3153 4964 3297 5031; x_wconf 87' lang='lat' dir='ltr'><strong>ipsos</strong></span> <span class='ocrx_word' id='word_1_759' title='bbox 3325 4958 3706 5014; x_wconf 86' lang='lat' dir='ltr'><strong>constituatur.</strong></span> 
     </span>
    </p>
   </div>
   <div class='ocr_carea' id='block_1_104' title="bbox 561 5044 3812 5148">
    <p class='ocr_par' dir='ltr' id='par_1_104' title="bbox 561 5044 3812 5148">
     <span class='ocr_line' id='line_1_104' title="bbox 561 5044 3812 5148; baseline -0.01 -20"><span class='ocrx_word' id='word_1_760' title='bbox 561 5075 824 5131; x_wconf 82' lang='grc' dir='ltr'>τάστασιν</span> <span class='ocrx_word' id='word_1_761' title='bbox 870 5077 963 5130; x_wconf 78' lang='grc' dir='ltr'><strong>τοῦ</strong></span> <span class='ocrx_word' id='word_1_762' title='bbox 1012 5077 1369 5148; x_wconf 82' lang='grc' dir='ltr'>ἀδικήματος,</span> <span class='ocrx_word' id='word_1_763' title='bbox 1406 5075 1485 5137; x_wconf 87' lang='grc' dir='ltr'><strong>εἰς</strong></span> <span class='ocrx_word' id='word_1_764' title='bbox 1524 5073 1626 5143; x_wconf 87' lang='grc' dir='ltr'><strong>τὴν</strong></span> <span class='ocrx_word' id='word_1_765' title='bbox 1663 5070 1930 5142; x_wconf 85' lang='grc' dir='ltr'>βασίλειον</span> <span class='ocrx_word' id='word_1_766' title='bbox 1996 5072 2172 5140; x_wconf 80' lang='grc' dir='ltr'>ἀρχὴν</span> <span class='ocrx_word' id='word_1_767' title='bbox 2211 5069 2340 5140; x_wconf 85' lang='grc' dir='ltr'><strong>περί</strong></span> <span class='ocrx_word' id='word_1_768' title='bbox 2403 5064 2579 5119; x_wconf 81' lang='grc' dir='ltr'>αὐτῶν</span> <span class='ocrx_word' id='word_1_769' title='bbox 2613 5060 2949 5132; x_wconf 80' lang='grc' dir='ltr'>ἁναφερέτω,</span> <span class='ocrx_word' id='word_1_770' title='bbox 2983 5056 3077 5110; x_wconf 68' lang='grc' dir='ltr'><strong>καὶ</strong></span> <span class='ocrx_word' id='word_1_771' title='bbox 3121 5053 3250 5107; x_wconf 79' lang='grc' dir='ltr'>ἔνθα</span> <span class='ocrx_word' id='word_1_772' title='bbox 3300 5051 3365 5104; x_wconf 85' lang='grc' dir='ltr'><strong>ἂν</strong></span> <span class='ocrx_word' id='word_1_773' title='bbox 3415 5047 3578 5101; x_wconf 75' lang='grc' dir='ltr'>αὐτὸν</span> <span class='ocrx_word' id='word_1_774' title='bbox 3628 5044 3812 5114; x_wconf 65' lang='grc' dir='ltr'>συνίδῃ</span> 
     </span>
    </p>
   </div>
   <div class='ocr_carea' id='block_1_105' title="bbox 564 5158 1687 5245">
    <p class='ocr_par' dir='ltr' id='par_1_105' title="bbox 564 5158 1687 5245">
     <span class='ocr_line' id='line_1_105' title="bbox 564 5158 1687 5245; baseline -0.004 -19"><span class='ocrx_word' id='word_1_775' title='bbox 564 5172 902 5228; x_wconf 85' lang='grc' dir='ltr'>ἀνατιθέσθω</span> <span class='ocrx_word' id='word_1_776' title='bbox 932 5174 991 5227; x_wconf 76' lang='grc' dir='ltr'><strong>τὸ</strong></span> <span class='ocrx_word' id='word_1_777' title='bbox 1027 5172 1369 5245; x_wconf 86' lang='grc' dir='ltr'>χρηματικδν</span> <span class='ocrx_word' id='word_1_778' title='bbox 1392 5158 1687 5240; x_wconf 80' lang='grc' dir='ltr'>ἐπιτίμιον.</span> 
     </span>
    </p>
   </div>
   <div class='ocr_carea' id='block_1_106' title="bbox 637 5255 2146 5332">
    <p class='ocr_par' dir='ltr' id='par_1_106' title="bbox 637 5255 2146 5332">
     <span class='ocr_line' id='line_1_106' title="bbox 637 5255 2146 5332; baseline -0.007 -16"><span class='ocrx_word' id='word_1_779' title='bbox 637 5262 703 5326; x_wconf 79' lang='grc' dir='ltr'><strong>ζ’.</strong></span> <span class='ocrx_word' id='word_1_780' title='bbox 745 5261 803 5316; x_wconf 86' lang='grc' dir='ltr'>Ὀ</span> <span class='ocrx_word' id='word_1_781' title='bbox 853 5263 1169 5332; x_wconf 82' lang='grc' dir='ltr'>κοιαίστωρ,</span> <span class='ocrx_word' id='word_1_782' title='bbox 1206 5262 1386 5315; x_wconf 88' lang='grc' dir='ltr'>πάντα</span> <span class='ocrx_word' id='word_1_783' title='bbox 1463 5259 1566 5312; x_wconf 85' lang='grc' dir='ltr'>ὅσα</span> <span class='ocrx_word' id='word_1_784' title='bbox 1619 5257 1824 5327; x_wconf 76' lang='grc' dir='ltr'>μέμψιν</span> <span class='ocrx_word' id='word_1_785' title='bbox 1882 5255 2146 5325; x_wconf 84' lang='grc' dir='ltr'>λαμϐάνει</span> 
     </span>
    </p>
   </div>
   <div class='ocr_carea' id='block_1_107' title="bbox 566 5344 2141 5427">
    <p class='ocr_par' dir='ltr' id='par_1_107' title="bbox 566 5344 2141 5427">
     <span class='ocr_line' id='line_1_107' title="bbox 566 5344 2141 5427; baseline -0.009 -17"><span class='ocrx_word' id='word_1_786' title='bbox 566 5357 1013 5427; x_wconf 81' lang='grc' dir='ltr'>παραποιήσεως,</span> <span class='ocrx_word' id='word_1_787' title='bbox 1043 5354 1273 5423; x_wconf 75' lang='grc' dir='ltr'>ἧτοιτῆς</span> <span class='ocrx_word' id='word_1_788' title='bbox 1293 5350 1634 5420; x_wconf 88' lang='grc' dir='ltr'>καλουμένης</span> <span class='ocrx_word' id='word_1_789' title='bbox 1665 5344 2141 5416; x_wconf 77' lang='grc' dir='ltr'>πλαστογραφίας,</span> 
     </span>
    </p>
   </div>
   <div class='ocr_carea' id='block_1_108' title="bbox 568 5436 2150 5517">
    <p class='ocr_par' dir='ltr' id='par_1_108' title="bbox 568 5436 2150 5517">
     <span class='ocr_line' id='line_1_108' title="bbox 568 5436 2150 5517; baseline -0.009 -16"><span class='ocrx_word' id='word_1_790' title='bbox 568 5450 627 5502; x_wconf 82' lang='grc' dir='ltr'>ἐν</span> <span class='ocrx_word' id='word_1_791' title='bbox 660 5449 756 5516; x_wconf 81' lang='grc' dir='ltr'>οἴῳ</span> <span class='ocrx_word' id='word_1_792' title='bbox 793 5447 993 5517; x_wconf 83' lang='grc' dir='ltr'>δήποτε</span> <span class='ocrx_word' id='word_1_793' title='bbox 1021 5446 1261 5514; x_wconf 79' lang='grc' dir='ltr'>τάγματι</span> <span class='ocrx_word' id='word_1_794' title='bbox 1291 5444 1463 5496; x_wconf 81' lang='grc' dir='ltr'>ταῦτα</span> <span class='ocrx_word' id='word_1_795' title='bbox 1498 5438 1855 5510; x_wconf 82' lang='grc' dir='ltr'>ἀναζητείτω,</span> <span class='ocrx_word' id='word_1_796' title='bbox 1891 5436 1983 5490; x_wconf 69' lang='grc' dir='ltr'><strong>καί¹</strong></span> <span class='ocrx_word' id='word_1_797' title='bbox 2022 5437 2150 5497; x_wconf 77' lang='grc' dir='ltr'>τοὺς</span> 
     </span>
    </p>
   </div>
   <div class='ocr_carea' id='block_1_109' title="bbox 569 5529 2150 5609">
    <p class='ocr_par' dir='ltr' id='par_1_109' title="bbox 569 5529 2150 5609">
     <span class='ocr_line' id='line_1_109' title="bbox 569 5529 2150 5609; baseline -0.009 -17"><span class='ocrx_word' id='word_1_798' title='bbox 569 5541 664 5593; x_wconf 68' lang='grc' dir='ltr'>ἐπὶ</span> <span class='ocrx_word' id='word_1_799' title='bbox 704 5539 919 5600; x_wconf 82' lang='grc' dir='ltr'>τούτοις</span> <span class='ocrx_word' id='word_1_800' title='bbox 952 5536 1528 5609; x_wconf 82' lang='grc' dir='ltr'>προσαγγελλομένους</span> <span class='ocrx_word' id='word_1_801' title='bbox 1559 5532 1853 5600; x_wconf 86' lang='grc' dir='ltr'>κατεχέτω,</span> <span class='ocrx_word' id='word_1_802' title='bbox 1884 5530 1977 5582; x_wconf 76' lang='grc' dir='ltr'><strong>καὶ</strong></span> <span class='ocrx_word' id='word_1_803' title='bbox 1999 5529 2150 5596; x_wconf 75' lang='grc' dir='ltr'>ἐλεγ-</span> 
     </span>
    </p>
   </div>
   <div class='ocr_carea' id='block_1_110' title="bbox 572 5619 2150 5703">
    <p class='ocr_par' dir='ltr' id='par_1_110' title="bbox 572 5619 2150 5703">
     <span class='ocr_line' id='line_1_110' title="bbox 572 5619 2150 5703; baseline -0.008 -20"><span class='ocrx_word' id='word_1_804' title='bbox 572 5634 841 5703; x_wconf 68' lang='grc' dir='ltr'>χομένους</span> <span class='ocrx_word' id='word_1_805' title='bbox 876 5629 1208 5699; x_wconf 83' lang='grc' dir='ltr'>τιμωρείτω.</span> <span class='ocrx_word' id='word_1_806' title='bbox 1267 5629 1377 5680; x_wconf 69' lang='grc' dir='ltr'>Καὶ</span> <span class='ocrx_word' id='word_1_807' title='bbox 1431 5628 1540 5695; x_wconf 68' lang='grc' dir='ltr'><strong>γὰρ</strong></span> <span class='ocrx_word' id='word_1_808' title='bbox 1594 5625 1687 5678; x_wconf 69' lang='grc' dir='ltr'><strong>καὶ</strong></span> <span class='ocrx_word' id='word_1_809' title='bbox 1738 5625 1835 5693; x_wconf 83' lang='grc' dir='ltr'>τῆς</span> <span class='ocrx_word' id='word_1_810' title='bbox 1896 5619 2150 5689; x_wconf 80' lang='grc' dir='ltr'>τοιαύτης</span> 
     </span>
    </p>
   </div>
   <div class='ocr_carea' id='block_1_111' title="bbox 578 5718 1643 5797">
    <p class='ocr_par' dir='ltr' id='par_1_111' title="bbox 578 5718 1643 5797">
     <span class='ocr_line' id='line_1_111' title="bbox 578 5718 1643 5797; baseline -0.008 -17"><span class='ocrx_word' id='word_1_811' title='bbox 578 5726 898 5797; x_wconf 71' lang='grc' dir='ltr'>ἀκροάσεως</span> <span class='ocrx_word' id='word_1_812' title='bbox 962 5723 1174 5793; x_wconf 74' lang='grc' dir='ltr'>δίδομεν</span> <span class='ocrx_word' id='word_1_813' title='bbox 1201 5721 1446 5784; x_wconf 71' lang='grc' dir='ltr'>ἐξουσίαν</span> <span class='ocrx_word' id='word_1_814' title='bbox 1477 5718 1643 5785; x_wconf 72' lang='grc' dir='ltr'>αὐτῷ.</span> 
     </span>
    </p>
   </div>
   <div class='ocr_carea' id='block_1_112' title="bbox 2326 5227 3816 5313">
    <p class='ocr_par' dir='ltr' id='par_1_112' title="bbox 2326 5227 3816 5313">
     <span class='ocr_line' id='line_1_112' title="bbox 2326 5227 3816 5313; baseline -0.016 -11"><span class='ocrx_word' id='word_1_815' title='bbox 2326 5251 2378 5305; x_wconf 90' lang='grc'><strong>7.</strong></span> <span class='ocrx_word' id='word_1_816' title='bbox 2418 5248 2666 5313; x_wconf 68' lang='lat' dir='ltr'><strong>Quaestor</strong></span> <span class='ocrx_word' id='word_1_817' title='bbox 2707 5241 2887 5299; x_wconf 85' lang='lat' dir='ltr'><strong>omnia</strong></span> <span class='ocrx_word' id='word_1_818' title='bbox 2939 5237 3191 5301; x_wconf 90' lang='lat' dir='ltr'><strong>crimina,</strong></span> <span class='ocrx_word' id='word_1_819' title='bbox 3236 5248 3357 5303; x_wconf 80' lang='lat' dir='ltr'><strong>quae</strong></span> <span class='ocrx_word' id='word_1_820' title='bbox 3408 5227 3816 5284; x_wconf 76' lang='lat' dir='ltr'><strong>adulterationis</strong></span> 
     </span>
    </p>
   </div>
   <div class='ocr_carea' id='block_1_113' title="bbox 2256 5321 3811 5398">
    <p class='ocr_par' dir='ltr' id='par_1_113' title="bbox 2256 5321 3811 5398">
     <span class='ocr_line' id='line_1_113' title="bbox 2256 5321 3811 5398; baseline -0.018 -1"><span class='ocrx_word' id='word_1_821' title='bbox 2256 5351 2348 5397; x_wconf 89' lang='lat' dir='ltr'><strong>aut</strong></span> <span class='ocrx_word' id='word_1_822' title='bbox 2381 5340 2502 5394; x_wconf 80' lang='lat' dir='ltr'><strong>falsi</strong></span> <span class='ocrx_word' id='word_1_823' title='bbox 2536 5338 2807 5398; x_wconf 89' lang='lat' dir='ltr'><strong>dicuntur,</strong></span> <span class='ocrx_word' id='word_1_824' title='bbox 2845 5331 3106 5392; x_wconf 78' lang='lat' dir='ltr'><strong>excutiat,</strong></span> <span class='ocrx_word' id='word_1_825' title='bbox 3144 5321 3671 5394; x_wconf 88' lang='lat' dir='ltr'><strong>comprehendatque</strong></span> <span class='ocrx_word' id='word_1_826' title='bbox 3698 5334 3811 5382; x_wconf 77' lang='lat' dir='ltr'><strong>cos,</strong></span> 
     </span>
    </p>
   </div>
   <div class='ocr_carea' id='block_1_114' title="bbox 2255 5413 3817 5503">
    <p class='ocr_par' dir='ltr' id='par_1_114' title="bbox 2255 5413 3817 5503">
     <span class='ocr_line' id='line_1_114' title="bbox 2255 5413 3817 5503; baseline -0.017 -16"><span class='ocrx_word' id='word_1_827' title='bbox 2255 5436 2344 5503; x_wconf 90' lang='lat' dir='ltr'><strong>qui</strong></span> <span class='ocrx_word' id='word_1_828' title='bbox 2378 5433 2500 5487; x_wconf 89' lang='lat' dir='ltr'><strong>talia</strong></span> <span class='ocrx_word' id='word_1_829' title='bbox 2538 5428 2876 5485; x_wconf 84' lang='lat' dir='ltr'><strong>commisisse</strong></span> <span class='ocrx_word' id='word_1_830' title='bbox 2918 5423 3256 5484; x_wconf 89' lang='lat' dir='ltr'><strong>deferuntur,</strong></span> <span class='ocrx_word' id='word_1_831' title='bbox 3286 5427 3339 5479; x_wconf 85' lang='lat' dir='ltr'><strong>et</strong></span> <span class='ocrx_word' id='word_1_832' title='bbox 3368 5415 3412 5470; x_wconf 82' lang='lat' dir='ltr'><strong>si</strong></span> <span class='ocrx_word' id='word_1_833' title='bbox 3444 5413 3658 5484; x_wconf 88' lang='lat' dir='ltr'><strong>quidem</strong></span> <span class='ocrx_word' id='word_1_834' title='bbox 3689 5426 3817 5466; x_wconf 90' lang='lat' dir='ltr'><strong>c0n-</strong></span> 
     </span>
    </p>
   </div>
   <div class='ocr_carea' id='block_1_115' title="bbox 2256 5501 3820 5587">
    <p class='ocr_par' dir='ltr' id='par_1_115' title="bbox 2256 5501 3820 5587">
     <span class='ocr_line' id='line_1_115' title="bbox 2256 5501 3820 5587; baseline -0.015 -10"><span class='ocrx_word' id='word_1_835' title='bbox 2256 5501 2383 5579; x_wconf 71' lang='lat' dir='ltr'><strong>victi</strong></span> <span class='ocrx_word' id='word_1_836' title='bbox 2434 5522 2658 5582; x_wconf 86' lang='lat' dir='ltr'><strong>fuerint,</strong></span> <span class='ocrx_word' id='word_1_837' title='bbox 2694 5517 2899 5587; x_wconf 89' lang='lat' dir='ltr'><strong>puniat.</strong></span> <span class='ocrx_word' id='word_1_838' title='bbox 2944 5513 3142 5566; x_wconf 82' lang='lat' dir='ltr'><strong>Damus</strong></span> <span class='ocrx_word' id='word_1_839' title='bbox 3169 5508 3314 5564; x_wconf 87' lang='lat' dir='ltr'><strong>enim</strong></span> <span class='ocrx_word' id='word_1_840' title='bbox 3348 5507 3421 5561; x_wconf 92' lang='lat' dir='ltr'><strong>illi</strong></span> <span class='ocrx_word' id='word_1_841' title='bbox 3466 5505 3624 5560; x_wconf 85' lang='lat' dir='ltr'><strong>etiam</strong></span> <span class='ocrx_word' id='word_1_842' title='bbox 3664 5501 3820 5569; x_wconf 85' lang='lat' dir='ltr'><strong>hujus</strong></span> 
     </span>
    </p>
   </div>
   <div class='ocr_carea' id='block_1_116' title="bbox 2258 5614 2907 5681">
    <p class='ocr_par' dir='ltr' id='par_1_116' title="bbox 2258 5614 2907 5681">
     <span class='ocr_line' id='line_1_116' title="bbox 2258 5614 2907 5681; baseline -0.02 -10"><span class='ocrx_word' id='word_1_843' title='bbox 2258 5614 2542 5671; x_wconf 64' lang='lat' dir='ltr'><strong>audientis:</strong></span> <span class='ocrx_word' id='word_1_844' title='bbox 2568 5617 2907 5681; x_wconf 84' lang='lat' dir='ltr'><strong>potestatem.</strong></span> 
     </span>
    </p>
   </div>
  </div>
