4084 6208
303 257 409 314 471

309 464 367 509 ιιι
405 457 587 510 omnia
629 459 780 524 puris
813 457 1062 510 manibus
1114 457 1302 523 faciat,
1344 459 1737 528 ministrosque
1787 461 1884 514 lia-

310 545 455 608 beat,
472 563 576 600 non
614 547 852 599 avaritia:
873 555 966 598 aut
989 547 1162 616 turpis
1180 548 1315 603 lucri
1342 550 1615 605 studiosos
1635 567 1648 603 :
1665 560 1884 621 Oportet

307 638 450 692 enim
498 646 548 691 et
599 637 769 704 ipsum
814 638 1025 692 sincere
1072 653 1137 694 ac
1181 639 1351 697 libere
1391 642 1680 711 imperare,
1730 653 1784 697 et
1835 643 1881 698 si

306 727 433 796 quid
465 743 493 780 a
531 727 795 782 ministris
825 729 938 783 suis
959 731 1304 786 commissum
1338 733 1600 797 inveniat,
1635 734 1685 787 id
1706 734 1878 798 ipsum

304 819 519 889 punire,
551 829 608 872 ut
636 819 875 889 ipsorum
909 822 1156 890 exemplo
1185 824 1438 879 ostendat
1469 825 1637 879 animi
1671 826 1752 881 sui
1788 825 1880 879 [ir-

305 911 550 966 mitatem
581 920 635 966 et
662 912 1110 970 moderationem.

371 1096 425 1149 9.
482 1097 744 1162 Quaestori
800 1097 1076 1152 licentiam
1129 1099 1340 1162 damus,
1396 1099 1560 1154 etiam
1617 1100 1877 1168 praasitlcs

303 1189 705 1257 provinciarum
741 1189 805 1244 ad
842 1205 944 1245 nos
993 1189 1234 1257 deferre;
1283 1191 1567 1260 ipsumque
1604 1193 1746 1245 domi
1782 1206 1875 1245 cu-

303 1294 425 1334 rare
469 1296 588 1348 quae
620 1296 758 1350 opus
806 1291 989 1348 erunt,
1045 1296 1112 1337 ue
1162 1281 1536 1336 inﬁrmitatem
1590 1290 1682 1335 aut
1729 1281 1874 1336 aliud

301 1371 519 1440 aliquod
551 1373 996 1442 impedimentum
1025 1383 1282 1430 causatus
1310 1374 1514 1444 judicio
1547 1383 1733 1428 nostro
1762 1374 1865 1427 mi-

302 1477 404 1516 uor
437 1463 539 1517 sibi
568 1464 668 1533 ipsi
700 1463 968 1518 videatur.

375 1554 467 1609 10.
514 1554 778 1621 Quaestori
811 1555 1088 1610 licentiam
1125 1556 1343 1622 damus,
1376 1555 1606 1625 publicis
1635 1555 1876 1627 epistolis

298 1649 378 1702 uti
427 1649 494 1703 ad
542 1648 802 1718 praesides
847 1649 1285 1717 provinciarum,
1321 1659 1380 1702 ut
1418 1650 1508 1718 qui
1549 1650 1616 1702 ab
1652 1649 1769 1718 ipso
1819 1649 1872 1703 in

301 1739 514 1792 illorum
557 1739 870 1804 provincias
908 1739 1057 1793 missi
1104 1747 1250 1804 sunt,
1295 1755 1489 1795 secure
1523 1740 1634 1794 illic
1680 1741 1874 1807 degere
1906 1722 1948 1776 Β

299 1827 529 1896 possint,
565 1835 620 1880 et
665 1827 709 1881 si
754 1841 864 1896 quo
899 1826 1074 1897 legum
1120 1829 1324 1883 auxilio
1375 1819 1688 1900 indigeant,
1729 1845 1795 1885 ne
1825 1831 1875 1885 id

301 1918 433 1986 ipsis
488 1918 822 1989 denegetur,
875 1929 1044 1989 utque
1092 1921 1416 1988 provideant
1469 1921 1757 1999 inprimis,
1809 1936 1878 1977 ne

299 2013 497 2066 iterato
554 2011 657 2082 ipsi
708 2012 957 2066 molestia
1009 2012 1371 2078 exltibeatur;
1406 2013 1450 2066 si
1495 2013 1638 2066 enim
1687 2028 1876 2068 rursus

301 2106 353 2157 iu
379 2104 486 2158 bac
515 2103 795 2172 splendida
829 2113 884 2157 et
915 2103 1057 2158 felici
1102 2103 1234 2158 urbe
1259 2105 1677 2172 deprehenderit
1699 2120 1876 2174 quos-

300 2197 444 2266 piam
479 2195 681 2252 frustra
719 2196 1012 2264 Iatitantes,
1048 2197 1133 2252 his
1159 2198 1403 2271 remissis
1433 2199 1628 2253 iterum
1661 2199 1714 2253 in
1750 2213 1876 2270 pro-

302 2288 448 2354 prias
475 2288 727 2357 regiones
767 2296 821 2342 et
847 2295 1246 2356 competentem
1287 2288 1672 2344 coercitionem
1699 2289 1874 2359 impo-

301 2391 413 2446 nat,
455 2389 511 2436 et
560 2395 680 2436 cum
731 2381 968 2451 graviori
1024 2395 1183 2452 paena
1232 2380 1490 2437 dimissos
1538 2396 1726 2436 rursus
1775 2394 1875 2436 ex-

300 2473 484 2545 pellat.

876 2696 1180 2752 TlTULUS
1221 2695 1308 2750 Vl.

722 2811 800 2865 De
827 2811 1143 2880 prwsidibus
1177 2811 1231 2863 in
1263 2825 1465 2880 genere.

373 2924 425 2977 l.
456 2921 539 2994 (L.
579 2938 617 2989 ι,
649 2922 711 2991 ιγ.
739 2921 816 2976 De
846 2922 976 2991 ofﬁc.
1008 2919 1519 2991 pra'sid.)Pra:sidis
1557 2933 1753 2975 nomen
1787 2932 1880 2989 ge-

301 3014 487 3069 nerale
519 3024 622 3081 est,
660 3023 714 3068 et
745 3013 1018 3084 signiﬁcat
1043 3021 1097 3066 et
1127 3013 1400 3067 exercitus
1433 3013 1647 3075 ducem,
1679 3021 1733 3066 et
1761 3025 1880 3082 pro-

297 3105 596 3170 consulem,
633 3114 689 3161 et
731 3120 922 3160 omnes
964 3105 1272 3174 provincias
1317 3114 1584 3176 regentes,
1638 3104 1762 3159 licet
1791 3118 1877 3158 se-

299 3207 521 3250 natores
555 3197 662 3251 sint
711 3212 724 3250 :
762 3196 1101 3268 proconsulis
1146 3211 1276 3252 vero
1309 3195 1600 3265 appellatio
1627 3195 1876 3265 specialis

299 3295 404 3340 est.

369 3378 423 3432 9.
460 3377 544 3448 (L.
591 3378 702 3450 ιιι.)
735 3378 946 3434 Ριτεεοε
992 3379 1044 3432 ἰιι
1081 3393 1177 3433 sua
1215 3387 1422 3433 tantum
1463 3377 1742 3447 provincia
1773 3375 1875 3430 im-

295 3471 507 3537 perium
541 3472 724 3535 liabet,
756 3487 883 3524 nam
914 3479 1068 3525 extra
1095 3470 1239 3524 illam
1269 3471 1646 3540 privatus'est.

370 3562 425 3614 5.
459 3560 544 3630 (ι.
578 3561 677 3630 iv.)
719 3560 932 3616 Prteses
965 3562 1016 3615 in
1049 3561 1328 3630 provincia
1374 3576 1473 3616 sua
1505 3561 1681 3632 majus
1705 3561 1871 3632 impe—

299 3655 439 3708 rium
471 3654 634 3708 habet
663 3654 920 3708 omnibus
947 3663 1070 3724 post
1095 3653 1418 3724 principem.

369 3744 424 3798 4.
458 3741 543 3814 (L.
571 3741 648 3814 v.)
680 3741 891 3798 Praeses
922 3752 1151 3798 tutorem
1192 3753 1284 3798 aut
1305 3743 1544 3814 iudicem
1586 3743 1874 3815 specialem

298 3835 463 3890 aiicui
492 3835 608 3906 ipse
633 3850 693 3891 se
717 3836 851 3891 dare
887 3850 992 3890 non
1025 3843 1224 3905 potest.

372 3927 426 3982 5.
461 3926 545 3998 (L.
578 3944 652 3996 vl,
701 3929 756 3982 in
775 3927 958 4000 prim.)
989 3928 1206 3985 Praeses
1236 3931 1527 4000 prohibeat
1573 3929 1790 3986 illicitas
1822 3942 1877 3986 et

300 4018 572 4073 violentas
599 4018 918 4073 exactiones
940 4029 993 4074 et
1017 4029 1260 4074 extortas
1287 4028 1433 4073 metu
1459 4019 1544 4073 vel
1572 4019 1689 4074 sine
1716 4019 1876 4090 pretii

301 4111 680 4167 uumeratiouc
721 4111 1082 4176 venditiones,
1129 4112 1369 4180 itemque
1406 4112 1590 4179 iniqua
1642 4112 1791 4166 lucra
1824 4121 1878 4167 et

305 4204 499 4259 damna
542 4223 556 4258 :
598 4205 848 4274 inprimis
874 4218 1001 4258 vero
1033 4211 1293 4272 sequatur
1317 4203 1639 4270 veritatem;
1673 4204 1877 4259 veritas

299 4299 446 4352 enim
481 4298 640 4352 rebus
673 4311 770 4366 per
808 4309 1051 4350 errorem
1093 4303 1186 4349 aut
1220 4303 1420 4349 metum
1450 4295 1620 4364 gestis
1653 4311 1757 4350 non
1797 4297 1877 4350 vi-

302 4393 488 4447 tiatur.

371 4481 425 4538 6.
462 4480 546 4554 (L.
578 4481 697 4536 ead.
729 4479 854 4551 §5.)
891 4479 1097 4533 Prmses
1125 4477 1402 4534 examinet
1429 4493 1493 4534 ea
1528 4492 1648 4547 quae
1681 4492 1715 4534 a
1745 4475 1878 4531 mili-

302 4572 511 4626 taribus
535 4571 666 4625 viris
690 4581 880 4624 contra
903 4569 1040 4622 alios
1064 4567 1302 4623 admissa
1327 4577 1473 4632 sunt,
1497 4577 1550 4623 et
1571 4568 1670 4623 sub
1696 4567 1878 4638 specie

303 4667 626 4720 tributorum
661 4662 882 4716 illicitas
907 4661 1220 4715 exactiones
1245 4661 1358 4716 ﬁeri
1388 4661 1694 4731 prohibeat,
1727 4660 1776 4733 (§
1798 4660 1875 4730 5.)

303 4768 438 4811 neve
486 4753 672 4822 inopes
725 4751 823 4806 sub
859 4760 1121 4820 praetextu
1155 4751 1420 4807 adventus
1463 4750 1766 4806 ofﬁciorum
1797 4749 1879 4805 vel

303 4847 537 4901 militum
584 4843 800 4914 injuriis
850 4841 1155 4897 ailiciantur
1201 4843 1528 4913 providebit,
1574 4838 1629 4913 (§
1689 4841 1767 4911 4.)
1825 4849 1880 4895 et

303 4941 482 4995 licitas
509 4939 725 5012 quidem
771 4937 1165 5008 negotiationes
1195 4946 1534 5006 promoveat,
1566 4934 1879 5005 probibitas

306 5046 434 5085 vero
461 5029 704 5084 exerceri
731 5035 896 5082 vetet.

374 5124 429 5178 '7.
469 5117 553 5192 (L.
586 5139 618 5175 κ
652 5130 706 5175 et
733 5119 836 5189 χι.)
883 5118 956 5172 De
987 5117 1398 5188 quibuscuuque
1429 5116 1610 5171 causis
1640 5115 1877 5185 praefecti

306 5215 398 5284 qui
447 5214 502 5268 in
535 5213 668 5267 urbe
717 5220 844 5265 sunt
880 5213 1241 5278 cognoscunt,
1272 5209 1338 5260 de
1379 5207 1570 5260 iisdem
1602 5215 1655 5259 et
1681 5221 1881 5274 praeses

306 5306 603 5376 cognoscit.
636 5303 916 5359 Pertinent
944 5299 1090 5354 enim
1117 5297 1298 5352 omnia
1329 5297 1396 5352 ad
1424 5296 1654 5350 ofﬁcium
1691 5296 1877 5364 ipsius.

374 5398 429 5452 8.
459 5397 542 5468 (L.
580 5414 699 5461 xm,
726 5397 781 5449 in
807 5391 990 5464 print.)
1018 5392 1224 5446 Praeses
1263 5388 1558 5458 provincia:
1587 5403 1697 5442 sua:
1725 5389 1880 5456 quie-

307 5497 413 5542 tem
460 5495 717 5556 procuret
760 5483 1130 5555 couquireudo
1175 5480 1505 5550 sacrilegos,
1556 5478 1877 5549 plagiarios,

311 5580 479 5642 fures,
534 5587 1009 5645 receptatoresque
1043 5589 1252 5637 eorum,
1299 5580 1352 5626 et
1405 5587 1503 5640 pro
1550 5581 1608 5624 ut
1651 5572 1880 5641 quisque

313 5665 623 5738 deliquerit,
648 5665 702 5719 in
725 5679 846 5719 eum
888 5664 1308 5720 animadvertat.

1328 255 1839 317 CONSTANTINI
1880 254 2337 316 PORPHYROG
2351 257 2558 316 ENITI

379 363 429 418 8.
462 363 710 429 Qumstor
739 376 791 421 ct
817 367 1083 437 prmcipue
1109 375 1164 420 et
1191 377 1450 436 perpetuo
1482 381 1669 422 curam
1706 377 1880 438 gerat,
1910 376 1963 436 Α

1903 4403 1954 4462 Ι)

3455 257 3560 319 473

2058 366 2130 434 η’.
2177 367 2234 419 Ὀ
2274 368 2590 434 κοιαίστωρ,
2645 367 2902 436 μέγιστον
2938 368 3170 430 πάντων,
3199 369 3292 421 καὶ
3323 370 3569 440 διηνεκὲς

1989 459 2161 528 ἐχέτω
2190 458 2348 511 τοῦτο
2405 459 2756 528 σπούδασμα,
2788 458 2850 510 τὸ
2905 459 3178 530 καθαραῖς
3227 463 3348 523 ταῖς
3377 463 3567 532 χερσὶν

1987 545 2203 599 ἅπαντα
2235 547 2515 618 πράττειν,
2559 546 2656 600 καὶ
2703 547 2831 610 τοὺς
2853 546 3265 616 ὑπουργοῦντας
3291 550 3457 618 ἔχειν,
3490 552 3562 621 μὴ

1987 639 2297 706 ῥυπῶντας,
2343 638 2478 709 μηδὲ
2518 638 2744 708 αἰσχροῦ
2795 639 3086 709 λήμματος
3133 640 3414 704 ἐλάττους,
3451 642 3564 694 ἀλλ’

1985 729 2148 782 αὐτόν
2203 746 2263 781 τε
2294 729 2549 799 καθαρῶς
2597 729 2691 782 καὶ
2741 730 3045 801 ἐλευθέρως
3094 732 3304 802 ἄρχειν,
3336 735 3430 785 καὶ
3459 733 3563 786 εἴτι

1983 819 2192 874 τοιοῦτο
2221 821 2372 892 παρὰ
2401 821 2511 874 τῶν
2534 822 2999 893 ὑπηρετουμένων
3023 823 3195 894 εὖροι,
3221 824 3379 877 τοῦτο
3401 825 3564 877 κολά-

1984 912 2117 978 ζειν,
2153 913 2246 965 καί⁵
2295 911 2355 977 ἐξ
2398 912 2578 966 αὐτῶν
2627 913 2844 984 πρῶτον
2882 914 3157 968 δεικνύναι
3211 915 3310 986 τὴν
3367 918 3561 971 ἑαυτοῦ

1985 1005 2322 1077 στερρότητά
2355 1023 2415 1058 τε
2449 1005 2585 1075 ὁμοῦ
2625 1006 2720 1059 καὶ
2751 1007 3128 1080 σωφροσύνην.
3309 1071 3328 1086 Α
3598 1071 3606 1085 ι

2053 1095 2119 1151 ϐ’.
2156 1096 2247 1167 Τῷ
2276 1098 2596 1168 κοιαίστωρι
2637 1096 2850 1167 δίδομεν
2886 1097 3216 1167 παρρησίαν,
3246 1099 3557 1167 καὶἇρχον-

1980 1205 2078 1251 τας
2129 1188 2365 1257 ἐνοχλεῖν
2402 1189 2496 1242 καὶ
2548 1191 2630 1252 εἰς
2677 1190 2826 1259 ἡμᾶς
2865 1189 3179 1259 ἀναφέρειν,
3224 1191 3319 1243 καὶ
3349 1193 3557 1245 οἴκοθεν

1980 1277 2244 1348 πράττειν
2271 1279 2340 1332 τὰ
2363 1280 2732 1351 προσήκοντα,
2755 1280 2839 1333 ἵνα
2867 1283 2940 1351 μή
2972 1297 3032 1333 τε
3061 1281 3367 1346 ἀσθένειαν,
3418 1282 3556 1351 μήτε

1979 1368 2108 1423 ἄλλο
2139 1387 2191 1422 τι
2223 1369 2506 1435 παντελῶς
2533 1370 2876 1443 αἰτιώμενος,
2909 1373 3008 1443 τῆς
3059 1372 3335 1444 ἡμετέρας
3381 1375 3557 1444 ἐαυτῷ

1979 1461 2216 1533 κρίσεως
2271 1464 2511 1518 ἐλάττων
2541 1465 2756 1535 φανείη.
3022 1473 3026 1476 ⁴

2055 1557 2106 1605 ι’.
2137 1551 2228 1622 Τῷ
2269 1554 2589 1625 κοιαίστωρι
2635 1555 2822 1609 ἄδειαν
2856 1556 3093 1626 δίδομεν,
3119 1556 3408 1628 δημοσίαις
3436 1557 3558 1612 ἐπι-

1983 1640 2197 1704 στολαῖς
2229 1643 2490 1714 χρῆσθαι,
2526 1644 2665 1715 πρὸς
2694 1647 2822 1709 τοὺς
2849 1645 2958 1699 τῶν
2993 1647 3276 1717 ἐπαρχιῶν
3325 1649 3562 1719 ἡγουμέ-

1978 1751 2121 1802 νους,
2153 1734 2293 1788 ὥστε
2322 1736 2451 1800 τοὺς
2486 1738 2940 1808 ἐκπεμπομένους
2979 1739 3111 1810 παρ’
3141 1737 3314 1792 αὑτοῦ
3357 1742 3438 1802 εἰς
3463 1741 3562 1796 τὰς

1979 1824 2158 1878 αὐτῶν
2212 1825 2417 1897 χώρας,
2467 1828 2841 1899 ἀπραγμόνως
2884 1830 3065 1882 ἐκεῖσε
3110 1828 3330 1895 διάξειν,
3379 1830 3473 1882 καὶ
3511 1831 3564 1883 εἴ

1977 1932 2126 1979 τινος
2163 1916 2372 1970 δέονται
2402 1917 2654 1988 βοηθείας
2685 1921 2939 1991 νομικῆς,
2973 1921 3048 1992 μὴ
3089 1922 3394 1994 στερεῖσθαι
3424 1922 3556 1975 ταύ-

1978 2024 2098 2078 της,
2134 2012 2383 2080 προνοεῖν
2404 2010 2462 2063 δὲ
2500 2011 2732 2081 μάλιστα
2758 2012 2900 2066 ὣστε
2925 2014 3060 2083 μηδὲ
3091 2015 3219 2086 περὶ
3243 2015 3352 2067 τῶν
3381 2014 3558 2068 αὐτῶν

1979 2099 2060 2162 δὶς
2111 2101 2468 2170 ἐνοχλεῖσθαι,
2518 2104 2614 2156 καὶ
2663 2105 2932 2176 δευτέρων
2989 2106 3138 2176 αὐτῷ
3214 2108 3559 2179 πραγμάτων

1980 2192 2244 2261 παρέχειν
2285 2195 2566 2265 ἀφορμάς·
2596 2199 2644 2250 εἰ
2675 2197 2786 2268 γὰρ
2811 2197 2974 2251 πάλιν
2995 2199 3086 2251 ἐπὶ
3114 2197 3211 2268 τῆς
3245 2198 3559 2268 εὐδαίμονος

1979 2283 2187 2355 ταύτης
2233 2285 2387 2338 λάϐοι
2435 2287 2643 2351 πόλεως
2688 2288 3107 2357 ἐμφωλεύοντας
3172 2290 3372 2361 μάτην,
3435 2290 3557 2353 τοὺς

1979 2372 2420 2441 ἀπαλλαγέντας,
2452 2377 2546 2429 καὶ
2577 2377 2670 2430 ἐπὶ
2695 2379 2793 2448 τὴν
2829 2379 3045 2433 οἰκείαν
3091 2380 3278 2451 χώραν
3311 2380 3559 2449 ἀποπεμ-

1981 2462 2235 2530 φθέντας,
2286 2465 2496 2528 τούτοις
2551 2467 2647 2519 καὶ
2681 2469 3061 2538 σωφρονισμὸν
3093 2471 3384 2526 ἐπιτιθέτω
3430 2471 3560 2541 πρέο

1982 2572 2171 2621 ποντα,
2212 2557 2306 2610 καὶ
2344 2555 2704 2628 σφοδρότερον
2731 2554 2890 2623 αὖθις
2924 2560 3275 2629 ἐκπεμπέτω.

2579 2696 2828 2750 ΤΙΤΛΟΣ
2868 2697 2959 2764 εῖν.

2396 2809 2534 2878 Περὶ
2568 2809 2777 2876 ἁπλῶς
2814 2809 3144 2879 ἀρχόντων.

2054 2917 2122 2976 α’.
2151 2920 2224 2973 Τὸ
2253 2921 2346 2974 τοῦ
2390 2922 2648 2993 ἄρχοντος
2693 2923 2888 2993 ὄνομα,
2921 2924 3136 2992 γενικόν
3165 2924 3301 2988 ἐστι,
3335 2925 3429 2978 καὶ
3461 2943 3558 2996 ση-

1986 3011 2167 3083 μαίνει
2229 3014 2324 3066 καί
2381 3015 2710 3085 στρατηγὸν,
2753 3015 2848 3069 καὶ
2877 3007 3208 3078 ἀνθύπατον,
3231 3018 3324 3070 καὶ
3350 3018 3559 3081 πάντας

1982 3105 2109 3167 τοὺς
2141 3105 2424 3177 ἐπαρχιῶν
2452 3105 2729 3176 διοικητάς
2751 3123 2764 3136 ·
2799 3107 2850 3158 εἰ
2891 3107 2987 3161 καὶ
3017 3108 3376 3179 συγκλητικοὶ
3400 3103 3554 3174 ὦσιν,

1985 3196 2123 3250 τὸδὲ
2160 3197 2330 3268 ὄνομα
2363 3197 2457 3251 τοῦ
2485 3197 2820 3264 ἀνθυπάτου,
2853 3198 3053 3253 εἰδικόν
3085 3202 3255 3254 ἐστιν.

2052 3373 2117 3442 β’.
2166 3373 2224 3427 '0
2254 3375 2458 3446 ἄρχων,
2494 3375 2634 3429 κατὰ
2668 3375 2837 3446 μόνην
2861 3376 2959 3447 τὴν
2991 3376 3129 3430 ἰδίαν
3153 3377 3424 3448 ἐπαρχίαν
3456 3377 3557 3448 τὴν
3597 3405 3600 3408 «

1979 3462 2227 3529 ἐξουσίαν
2258 3465 2401 3534 ἔχει,
2435 3465 2538 3530 ἔξω
2570 3466 2680 3537 γὰρ
2712 3465 2938 3537 ταύτης,
2970 3467 3183 3539 ἰδιώτης
3213 3469 3378 3523 ἐστίν.

2049 3561 2118 3622 γ’.
2165 3554 2223 3608 '0
2268 3556 2451 3626 ἄρχων
2515 3559 2573 3610 ὲν
2623 3559 2690 3627 τῇ
2747 3558 3012 3630 ἐπαρχίᾳ,
3075 3561 3248 3630 μείζω
3300 3559 3556 3616 ἁπάντων

1979 3644 2230 3709 ἐξουσίαν
2261 3645 2375 3716 ἔχει
2409 3647 2547 3716 μετὰ
2575 3647 2667 3700 τὸν
2698 3647 2944 3716 βασιλέα.

2049 3735 2114 3789 δ’.
2158 3735 2218 3788 '0
2246 3737 2431 3807 ἄρχων
2461 3735 2758 3806 ἐπίτροπον
2815 3739 2848 3807 ἢ
2898 3737 3160 3811 δικαστήν
3206 3758 3312 3796 τινι
3356 3742 3556 3797 είδικὸν

1980 3828 2168 3882 ἐαυτὸν
2196 3828 2257 3882 ού
2287 3829 2530 3883 δίδωσιν.

2051 3919 2112 3973 ε’.
2153 3921 2215 3974 '0
2266 3921 2452 3992 ἄρχων
2492 3920 2750 3976 κωλυέτω
2782 3921 2881 3986 τὰς
2909 3923 3200 3994 ἀθεμίτους
3229 3926 3320 3978 καὶ
3377 3925 3554 3996 βιαίας

1981 4010 2322 4084 εἰσπράξεις,
2381 4014 2477 4066 καὶ
2529 4015 2632 4077 τὰς
2675 4015 2817 4068 κατὰ
2856 4015 3020 4084 φόϐον
3067 4017 3099 4087 ἢ
3151 4019 3321 4088 χωρὶς
3379 4020 3554 4088 τιμῶν
3643 4046 3646 4048 ~

1981 4107 2232 4178 πράσεις,
2263 4108 2357 4160 καί⁸
2393 4107 2464 4160 τὰ
2494 4106 2654 4160 ἄδικα
2694 4107 2861 4178 κέρδη
2905 4111 3004 4163 καῖ’
3038 4111 3371 4180 ζημιώματα
3403 4125 3420 4141 °
3455 4113 3552 4180 τὴν

1980 4200 2240 4269 ἀλήθειαν
2273 4199 2330 4252 δὲ
2357 4198 2660 4253 σκοπείτω·
2687 4199 2748 4252 τὺ
2781 4199 2890 4270 γὰρ
2926 4201 3124 4272 ἀληθὲς
3165 4205 3228 4256 ἐκ
3272 4205 3382 4258 τῶν
3415 4205 3555 4258 κατὰ

1981 4293 2187 4363 πλάνην
2217 4291 2250 4362 ἢ
2278 4292 2397 4362 βίαν
2431 4293 2739 4363 γενομένων
2772 4295 2835 4347 ού
2867 4295 3181 4365 βλάπτεται.

2048 4484 2121 4540 ς’.
2172 4477 2234 4530 '0
2259 4478 2443 4548 ἄρχων
2473 4479 2761 4534 ἐκδικείτω
2776 4479 2847 4534 τὰ
2881 4481 3033 4552 παρὰ
3052 4481 3161 4534 τῶν
3187 4481 3555 4554 στρατευέ-

1979 4586 2085 4623 νων
2121 4569 2264 4623 κατά
2313 4586 2477 4624 τινων
2527 4570 3021 4642 πλημμελούμενα,
3069 4571 3162 4626 καὶ
3198 4573 3455 4626 κωλυέτω
3499 4573 3557 4623 ἐν

1979 4663 2328 4733 προσχήματι
2363 4663 2664 4732 δημοσίων,
2719 4661 3038 4734 εἰσπράξεις
3085 4662 3377 4733 ἀθεμίτους
3425 4666 3612 4730 γίνε--

1980 4754 2125 4819 σθαι,
2165 4754 2200 4824 ἢ
2230 4752 2320 4807 διὰ
2350 4755 2652 4825 παρουσίαν
2681 4754 2984 4824 ὀφφικίων,
3011 4755 3042 4826 ἦ
3069 4756 3416 4824 στρατιωτῶν
3446 4755 3556 4807 d6:-

1979 4843 2193 4897 κεῖσθαι
2229 4844 2358 4908 τοὺς
2397 4845 2660 4915 πένητας,
2700 4847 3048 4915 ἐπιτρεπέτω
3095 4845 3151 4897 δὲ
3190 4845 3292 4908 τὰς
3331 4844 3558 4916 θεμιτὰς

1981 4926 2301 5002 ἐμπορείας,
2331 4932 2427 4987 καὶ
2448 4933 2705 4988 κωλυέτω
2735 4934 2830 4997 τάς
2865 4933 3345 5004 ἀπηγορευμένας.

2054 5111 2118 5175 ζ’.
2163 5111 2221 5165 '0
2254 5113 2456 5183 ἄρχων,
2499 5114 2598 5166 ὅσα
2629 5112 3082 5180 διαγινώσκουσιν
3129 5113 3177 5164 oi
3209 5112 3266 5164 ἐν
3294 5115 3360 5182 τῇ
3407 5111 3556 5164 πόλει

1982 5205 2384 5274 ἄρχοντες,καλ⁸
2441 5205 2604 5268 αὐτὸς
2668 5205 3032 5274 διαγινώσκει.
3104 5205 3404 5274 Ἀνήκουσι
3451 5205 3558 5272 γὰρ

1985 5297 2162 5350 πάντα
2195 5296 2330 5366 πρὸς
2361 5297 2422 5349 τὸ
2453 5296 2708 5366 ὀφφίκιον
2733 5297 2921 5353 αὐτοῦ.

2051 5386 2123 5458 η’.
2141 5389 2199 5441 '0
2233 5387 2416 5459 ἄρχων
2447 5388 2780 5457 φροντιςέτω
2814 5389 2912 5459 τῆς
2947 5390 3194 5460 εἰρήνης,
3217 5387 3399 5460 ζητῶν
3434 5386 3554 5447 τοὺς

1987 5481 2298 5551 ἱεροσύλους
2363 5479 2456 5534 καί
2519 5480 2950 5549 ἀνδραποδιστὰς
3023 5481 3118 5532 καὶ
3173 5479 3418 5539 κλέπτας
3469 5477 3561 5529 καὶ

1984 5575 2286 5643 ἀποδοχεῖς,
2306 5574 2398 5627 καὶ
2429 5573 2563 5642 πρὸς
2594 5573 2654 5626 τὸ
2679 5572 3056 5643 πλημμέλημα
3086 5569 3315 5635 ἐπεξιὼν
3337 5569 3556 5629 αύτούς.
