4058 6212
276 299 395 364 473

1584 320 1980 384 DELECTUS
2021 328 2305 390 LEGUM.

3436 357 3545 422 474

352 416 416 471 θ’.
462 417 523 470 '0
548 418 733 489 ἀρχων
755 421 894 484 τοὺς·
908 427 1268 495 μαινομένους
1298 429 1357 483 ἐν
1388 431 1579 500 εἱρκτῇ
1616 431 1828 499 βαλλέτι

352 504 362 534 Ι
417 506 821 534 ι-.--π.γλ-ο-.1
891 512 936 534 ,2
989 513 1056 534 -.Α
1095 515 1118 534 9
1156 515 1166 534 a
1270 518 1296 529 α
1599 520 1624 531 ~
1772 523 1787 534 .

1933 481 1943 497 .
2038 443 2091 495 9.
2124 443 2211 513 (L.
2242 447 2361 500 emt.
2394 448 2421 518 §
2460 448 2537 519 1.)
2581 448 2790 508 Ρτωεεε
2821 453 3078 523 furiosos,
3112 460 3155 514 si
3205 477 3313 517 non
3348 470 3561 534 possint

279 502 382 574 [αι.
415 506 848 581 ἀσφαλιζέσθω],
889 512 937 562 εί
985 513 1059 583 μὴ
1090 515 1180 567 διὰ
1227 518 1337 571 τῶν
1386 520 1665 587 συγγενῶν
1697 523 1869 590 φυλα-

273 594 472 664 χθῆναι
523 597 777 652 δύνανται
807 600 837 670 ἢ
870 603 1171 672 δεσμείτω’
1205 609 1256 659 εί
1313 608 1370 660 δὲ
1406 610 1707 677 φονεύσωσι
1730 653 1743 675 ,
1790 613 1873 665 δεῖ

274 683 462 753 ζητεῖν
502 687 577 756 μή
602 704 745 743 ποτε
778 694 1255 763 προσεποιήσαντο
1288 698 1602 766 μαίνεσθαι,
1642 702 1674 769 ἢ
1711 703 1767 753 ὲν
1791 703 1868 771 τῷ

274 775 455 844 καιρῷ
486 776 587 845 τῆς
626 779 948 849 ἀναλήψεως
978 784 1070 836 καὶ
1102 790 1418 856 φρονήσεως
1444 790 1744 857 ἐφόνευσαν
1774 796 1868 845 καὶ

270 867 667 937 τιμωροῦνται.
707 874 805 945 Δεῖ,
824 872 879 924 δὲ
905 875 1000 927 καὶ
1033 877 1159 940 τοὺς
1194 879 1443 947 φύλακας
1472 882 1653 936 αὑτῶν
1684 884 1857 954 όᾳθυι-

278 962 517 1030 μοὺντας
551 964 860 1028 ἐπεξιέναιο
893 970 952 1021 ού
985 970 1093 1041 γάρ
1124 972 1284 1041 μόνον
1327 975 1415 1029 διὰ
1455 977 1509 1029 τὸ
1540 978 1614 1048 μὴ
1662 981 1863 1043 αὑτούς

276 1054 542 1124 βλαϐῆναι
567 1057 955 1130 φυλάττουσινς
987 1063 1124 1118 ἀλλά
1172 1067 1263 1120 καὶ
1316 1068 1401 1122 δια
1452 1071 1512 1122 τὸ
1545 1072 1625 1142 μὴν
1655 1072 1857 1143 βλάψαι

272 1147 489 1212 ἄλλους.

279 1432 287 1443 ’
337 1446 349 1479 λ.
376 1468 390 1482 .
432 1431 489 1483 '0
540 1433 724 1504 ἄρχων
763 1438 836 1507 μὴ
891 1438 1051 1505 ἐξίτω
1102 1441 1202 1508 τῆς
1245 1444 1539 1514 ἐπαρχίας,
1572 1450 1620 1500 εί
1674 1451 1749 1520 μὴ
1784 1452 1851 1505 δι’

266 1523 448 1594 τύχην,
484 1528 575 1579 καὶ
606 1529 727 1581 τότε
752 1529 1069 1603 διανυκτερε
1083 1533 1254 1590 υέτω.

333 1700 433 1754 ια’.
482 1700 539 1753 '0
569 1702 754 1773 ἅρχων
780 1705 1014 1779 εὐχερὴς
1062 1708 1203 1763 ἔστω
1231 1714 1345 1776 τοῖς
1374 1715 1715 1785 προσιοῦσιν,
1757 1722 1853 1773 καὶ

1976 546 2074 599 per
2134 539 2485 593 necessarios
2551 543 2861 610 contineri,
2930 561 3152 603 carcere
3200 556 3559 617 continendos

1974 633 2148 691 curet,
2197 636 2292 681 aut
2322 628 2518 683 vinclis
2544 645 2639 686 eos
2678 635 2925 691 cohibeat
2975 655 2988 690 :
3034 641 3079 695 si
3124 656 3253 697 vero
3283 645 3555 705 hominem

1972 716 2297 782 occiderint,
2348 721 2733 776 excutiendum
2772 728 2896 790 crit,
2942 738 3125 784 utrum
3174 735 3431 792 simulato
3466 739 3555 792 [ιι-ι

1975 817 2097 857 rore
2130 802 2344 860 facinus
2372 807 2715 876 admiserint,
2747 827 2814 865 an
2848 830 2977 869 vero
2999 818 3304 877 intervallis
3335 827 3558 893 quibus-

1969 897 2090 948 dam
2141 911 2304 952 sensu
2351 902 2567 956 saniore
2606 903 2659 957 id
2710 903 2960 974 fecerint,
3006 909 3062 964 in
3096 910 3200 967 hoc
3231 915 3375 969 enim
3425 932 3553 972 casn
3647 898 3652 903 ’

1967 986 2233 1056 supplicio
2253 988 2517 1045 aﬂiciendi
2541 1004 2722 1048 erunt.
2742 996 2973 1064 Oportet
2992 1010 3173 1055 autem
3193 1012 3248 1057 et
3273 1008 3551 1073 custodes,

1966 1078 2011 1133 si
2074 1082 2439 1151 negligentius
2481 1098 2574 1138 eos
2627 1085 2922 1141 habuerint
2975 1091 3262 1158 castigare.
3305 1093 3552 1167 Namque

1967 1186 2073 1226 non
2128 1172 2193 1225 ad
2246 1173 2349 1228 hoc
2410 1175 2583 1230 solum
2624 1179 2878 1233 custodes
2927 1182 3276 1250 adhibentur,
3329 1202 3396 1242 ne
3422 1189 3550 1257 quid

1965 1263 2156 1319 furiosi
2184 1266 2547 1333 perniciosius
2578 1269 2682 1337 ipsi
2708 1271 2759 1324 in
2784 1286 2843 1326 se
2866 1273 3182 1342 moliantur,
3212 1276 3308 1332 sed
3331 1293 3400 1333 ne
3427 1278 3549 1333 aliis

1963 1369 2179 1425 quoque
2210 1369 2460 1413 noceant.
2905 1348 2911 1355 ’

2036 1448 2125 1501 10.
2166 1448 2250 1518 (L.
2301 1452 2493 1522 xxxv.)
2544 1453 2755 1510 Prtcses
2803 1459 3096 1526 provincias
3151 1476 3263 1517 suae
3295 1463 3430 1520 fines
3477 1481 3545 1522 ne

1964 1544 2214 1606 excedat,
2265 1542 2370 1597 nisi
2408 1546 2513 1600 voti
2565 1547 2811 1602 solvendi
2843 1564 3007 1605 causa
3042 1569 3055 1606 :
3090 1552 3217 1607 dum
3270 1563 3447 1612 tamen
3476 1574 3546 1612 ne

1963 1627 2240 1685 abnoctet.

2035 1722 2124 1787 11,
2152 1712 2236 1793 (L.
2263 1724 2443 1794 xvnt.)
2476 1725 2684 1782 Praeses
2718 1727 2771 1782 in
2799 1730 3048 1787 adeundo
3076 1733 3292 1800 quidem
3324 1735 3540 1792 facilem

261 1787 734 1864 ἀκαταφρόνητος,
768 1799 974 1872 καὶμὴ
1042 1801 1101 1867 ἐξ
1154 1805 1268 1859 [σου
1325 1814 1828 1882 συναναστρεφέσθο

1955 1829 2016 1869 se
2066 1816 2330 1885 prtebeat,
2388 1818 2483 1873 sed
2533 1822 2808 1877 contemni
2867 1838 2973 1877 non
3024 1825 3260 1892 patiatur
3301 1843 3315 1879 :
3364 1842 3543 1896 neque

260 1885 370 1978 τοῖς
411 1886 755 1958 ἀρχομένοις,
790 1893 885 1946 καλ⁸
921 1892 996 1964 μὴ
1047 1895 1289 1966 δηλούτω
1328 1903 1397 1970 τῇ
1452 1901 1572 1970 ὄψει
1622 1903 1846 1978 ἐλεῶνῆ

255 1972 354 2042 όργ
367 1975 631 2044 ιζόμενος.

860 2159 1106 2243 ΤιτΑοΣ
1148 2192 1223 2246 2'.

252 2289 1009 2379 ΙΙερίιτοὺᾲζωρὶς-,δόσείων
1028 2304 1320 2379 ’πνίγεσθαι
1351 2308 1495 2379 τοὺς
1522 2308 1842 2379 ἄρχοντας,

324 2360 423 2445 καὶ
471 2360 705 2445 μηδένα
736 2365 806 2445 έν
825 2360 1067 2434 μηδεν-ι’
1088 2372 1186 2445 διᾲ
1238 2360 1839 2445 χρημάτωντᾶᾖίνεῖιῖξ

325 2431 364 2497 ἢ
392 2429 544 2510 ῖοὺς
572 2429 1034 2504 ὐποπίπὲοόρτας
1062 2442 1188 2507 τοῖς
1222 2429 1566 2515 {parituram
1601 2429 1840 2520 éoﬁ‘d.’

313 2518 469 2568 ρειν.
1547 2566 1555 2581 .,

320 2621 388 2670 α’.
422 2618 484 2670 Οί
515 2618 778 2690 ἄρχοντες
807 2623 935 2686 τοὺς
988 2624 1048 2690 ἐξ
1081 2626 1193 2679 οἴου
1224 2627 1427 2698 δήποτε
1459 2632 1834 2705 δικαστηρίου,

248 2709 350 2762 οὑκ
377 2710 683 2780 ὀφείλουσιν
736 2719 1043 2788 συγχωρεῖν
1098 2719 1401 2790 λαμϐάνειν
1446 2724 1569 2777 καθ’
1598 2727 1708 2780 οῖον
1739 2728 1836 2799 δή·

249 2820 380 2856 ποτε
409 2805 632 2871 τρόπον,
680 2806 790 2861 οὐδ’
825 2809 884 2861 ἐν
930 2810 1157 2880 ὀνόματι
1193 2814 1485 2884 συνηθείας
1516 2817 1833 2887 δωροδοκεῖ-

246 2896 372 2949 σθαι
432 2897 681 2969 λήμμασι
727 2900 1091 2968 γινώσκοντες
1125 2921 1139 2936 ο
1171 2905 1245 2967 ὡς
1287 2908 1334 2959 εί
1389 2908 1547 2962 τοῦτο
1596 2911 1835 2982 ρᾳθυμή-

245 3005 417 3055 σειαν,
443 2992 625 3046 πᾶσαν
657 2991 863 3063 ζημίαν
900 2995 1151 3049 ἐντεῦθεν
1174 3000 1287 3062 τοῖς
1319 3002 1613 3072 ἡμετέροις
1645 3004 1834 3057 ὑποτε-

243 3080 395 3135 λέσιν
448 3085 803 3157 ἐπαγομένην
843 3088 1000 3141 αὐτοὶ⁵
1038 3090 1450 3161 καταθήσουσιο
1488 3094 1746 3165 διδόαμεν
1775 3097 1832 3149 δὲ

242 3174 427 3237 αὑτοῖς
454 3175 658 3240 ἄδειαν,
697 3178 858 3232 καὶεί
893 3179 1108 3251 εὑροιέν
1136 3200 1289 3247 τινας
1315 3184 1403 3237 διὰ
1432 3185 1531 3257 τὴν
1559 3187 1657 3257 τῆς
1682 3188 1837 3251 ἀξίας

242 3260 275 3329 ἢ
326 3262 427 3329 τῆς
475 3262 653 3334 ζώνης
703 3269 977 3339 ὑπεροχὴν
1019 3272 1147 3334 τοὺς
1196 3273 1497 3345 ὑμετέρους
1553 3277 1837 3343 ὑποτελεῖς

242 3352 587 3421 ἀδικοῦντας,
618 3356 895 3422 ἐξετάζειν
954 3360 1022 3414 τά
1087 3363 1295 3417 τούτων
1349 3366 1690 3437 ἀδικήματα,
1737 3372 1833 3426 καὶ

241 3442 367 3505 τοὺς
426 3446 483 3497 ἐν
536 3447 742 3511 αἰτίαις
808 3450 1259 3523 εὑρισκομένους,
1317 3456 1676 3528 ἀφαιρεῖσθαι
1733 3462 1831 3533 τῆς

240 3532 435 3605 ζώνης.
484 3538 593 3590 Καὶ
624 3540 733 3610 γὰρ
787 3543 887 3611 τὴν
920 3544 1200 3616 ἡμετέραν
1225 3546 1378 3611 τάξιν
1408 3551 1467 3602 ὲν
1493 3553 1611 3614 ταῖς
1645 3532 1825 3624 ἐπαρ-

1953 1909 2151 1978 asquali
2205 1911 2622 1967 conversatione
2671 1928 2791 1967 cum
2841 1915 3267 1984 provincialibus
3311 1924 3541 1985 utatur,

1954 2016 2132 2070 neque
2178 2003 2329 2058 vultu
2381 2003 2815 2059 misericordiam
2864 2015 2958 2061 ant
3032 2008 3536 2064 excandescentiam

1954 2093 2169 2160 prodat.

2516 2208 2821 2266 TlTULUS
2866 2212 2974 2269 νη.

1951 2318 2035 2372 Ne
2060 2320 2497 2403 prwsid‘esdonis
2526 2327 2799 2403 corrumpi
2839 2344 2892 2403 se
2933 2329 3232 2403 patiantur,
3265 2349 3362 2386 neu
3390 2336 3536 2403 qui:-

2018 2404 2186 2469 quem.
2211 2389 2273 2469 οὑ
2297 2389 2658 2469 judicandum
2691 2389 2970 2469 pecuniam
3010 2389 3259 2469 accipiat,
3300 2389 3412 2457 neu,
3436 2405 3535 2457 sibi

2014 2473 2129 2509 eam
2153 2458 2273 2510 dari
2300 2461 2599 2525 patiatura
2632 2458 2755 2517 reis.

2016 2635 2068 2688 1.
2119 2634 2387 2691 Praesich
2420 2652 2524 2693 non
2567 2638 2768 2695 debent
2814 2644 3154 2711 permittere.
3188 2657 3247 2702 ut
3292 2663 3357 2702 ex
3398 2663 3534 2718 quo-

1940 2741 2156 2795 cunque
2194 2727 2402 2795 judicio
2424 2728 2635 2798 judices
2662 2734 2924 2801 pecunias
2969 2738 3227 2804 capiant,
3264 2754 3332 2793 ne
3358 2740 3403 2793 si
3433 2744 3532 2794 sub

1945 2820 2360 2875 consuetudinis
2389 2823 2608 2891 quidem
2635 2833 2899 2892 praetextu
2930 2827 3312 2897 largitionibus
3334 2846 3393 2886 se
3416 2847 3533 2885 cor-

1939 2911 2113 2980 rumpi
2151 2913 2294 2981 passi
2322 2913 2451 2979 sint,
2490 2925 2546 2968 ut
2569 2915 2615 2968 si
2649 2917 2750 2970 hoc
2780 2919 3143 2988 neglexerint,
3197 2933 3531 2991 cognoscant

1900 2990 1910 3006 '
1937 3003 2039 3057 sibi
2071 3003 2331 3059 mulctam
2374 3022 2493 3075 quae
2525 3007 2759 3063 subditis
2786 3013 3295 3078 nostrisfconstituta
3323 3025 3405 3068 est
3435 3018 3530 3069 de—

1938 3097 2246 3165 ponendam
2274 3116 2287 3163 ;
2332 3099 2614 3169 inquirant
2644 3110 2822 3156 autem
2851 3103 2902 3158 in
2936 3105 3133 3160 horum
3176 3108 3432 3171 crimina,
3471 3116 3529 3162 et.

1942 3200 2078 3253 quos
2108 3187 2375 3243 obnoxios
2423 3192 2596 3259 culpae
2641 3192 2950 3248 invenerint
3001 3197 3218 3266 cingulo
3246 3201 3521 3269 spolient:

1937 3278 1990 3331 in
2015 3278 2313 3347 provinciis
2347 3282 2491 3335 enim
2517 3286 2691 3337 vicem
2726 3293 2971 3339 nostram
2996 3288 3246 3342 obtinere
3270 3291 3525 3358 pra-sides

1939 3372 2221 3438 volumus;
2259 3382 2315 3428 ct
2342 3383 2403 3429 ut
2438 3374 2585 3443 ipsos
2620 3376 2688 3429 ab
2715 3377 2864 3431 omni
2899 3378 3040 3447 turpi
3069 3378 3223 3433 lucro
3252 3394 3521 3441 arcemus,

1930 3466 2013 3519 sic
2067 3477 2121 3520 et
2164 3466 2284 3520 illos
2317 3466 2410 3535 qui
2463 3467 2774 3537 incorrupte
2818 3469 2870 3523 in
2926 3469 3172 3539 imperiis
3213 3483 3520 3535 versantur,

1929 3557 2080 3612 omni
2124 3557 2333 3612 honore
2363 3565 2418 3611 et
2454 3560 2758 3613 reverentia
2787 3560 3105 3617 alliciendos
3149 3562 3517 3618 decernimus.

237 3626 382 3694 χίαις
414 3630 525 3691 τοῖς
549 3629 781 3700 ἄρχουσι
815 3635 1130 3706 παρέχομεν
1153 3638 1337 3709 ἔχειν’
1373 3645 1465 3694 καὶ
1504 3642 1693 3717 ὥσπερ
1737 3646 1937 3712 αὑτοὺς
2008 3649 2211 3712 παντὸς
2262 3649 2451 3703 ἀδίκου
2522 3651 2752 3721 κέρδους
2804 3652 3091 3723 εἴργομεν,
3164 3655 3308 3709 σ’ύτω
3348 3655 3522 3709 καθα-

237 3720 346 3789 ρῶς
394 3723 514 3783 ταῖς
543 3723 740 3793 ἀρχαῖς
775 3728 1155 3796 κεχρημένους
1184 3732 1368 3803 πάσης
1396 3737 1565 3807 τιμῆς
1593 3740 1687 3791 καὶ
1729 3740 1914 3803 αἰδοῦς
1947 3742 2041 3793 καὶ
2078 3742 2409 3811 σεμνότητος
2433 3743 2734 3795 ἀπολαύειν
2756 3720 3113 3815 θεσπίζομεν.

309 3816 377 3885 β’.
420 3818 562 3880 Τοὺς
596 3819 873 3890 ἄρχοντας
920 3821 1252 3892 θεσπίζομεν
1293 3828 1563 3896 παρόντος
1592 3828 1686 3882 τοῦ
1722 3832 1822 3899 τῆς

1998 3834 2055 3885 2.
2105 3832 2365 3888 Juhemus
2402 3842 2459 3886 ut
2492 3836 3089 3904 praesides,.pr:nsentc
3134 3840 3284 3894 urbis
3314 3850 3515 3897 nostrm

146 4758 151 4763 ·
227 4742 369 4812 μήτε
400 4743 514 4804 τοῖς
547 4742 915 4809 ἐνδοξοτάτοις
953 4744 1240 4815 ὑπάρχοις,
1302 4746 1439 4816 μήτε
1474 4748 1588 4809 τοῖς
1626 4746 1810 4810 ἄλλοις

235 3909 446 3973 πόλεως
497 3910 771 3982 ἐπάρχου,
797 3913 894 3966 καὶ
938 3914 1032 3966 τοῦ
1062 3916 1407 3979 ὲνδοξοτάτου
1440 3920 1681 3989 κόμητος
1711 3922 1822 3973 τῶν

235 4004 395 4056 θείων
426 4003 584 4073 ἡμῶν
629 4005 875 4058 είσοδίων
904 4006 1000 4059 τοῦ
1053 4024 1113 4059 τε
1152 4007 1504 4072 ὲνδοξοτάτου
1542 4011 1825 4065 κοιαίστω-

235 4112 328 4163 ρος
387 4095 480 4148 τοῦ
522 4095 669 4149 θείου
716 4095 876 4167 ἡμῶν
920 4098 1208 4165 παλατίου,
1239 4098 1334 4152 τοῦ
1365 4117 1425 4152 τε
1478 4100 1821 4167 ὲνδοξοτάτου

233 4186 469 4256 κόμητος
494 4188 602 4240 τῶν
636 4188 956 4258 ἁπανταχοῦ
987 4189 1148 4244 θείων
1191 4193 1223 4260 ἡ
1235 4191 1350 4261 μῶν
1382 4192 1598 4245 εζδικῶν
1623 4212 1636 4225 ·
1671 4210 1820 4263 παρ-

232 4279 384 4342 όντος
427 4281 483 4333 δὲ
543 4282 637 4334 καὶ
667 4281 762 4334 τοὺ
801 4281 943 4335 κατὰ
987 4282 1179 4353 καιρὸν
1224 4284 1817 4355 μεγαλοπρεπεστάτου

234 4373 629 4444 χαρτουλαρίου
655 4375 764 4427 τῶν
801 4375 962 4428 θείων
991 4377 1150 4445 ἡμῶν
1198 4376 1493 4441 κοιτώνων,
1533 4376 1817 4447 ἰδιόχειρον

234 4466 307 4535 μὴ
354 4468 527 4518 ποιεῖν
580 4466 746 4537 μηδὲν
797 4467 1099 4532 παντελῶς,
1155 4468 1290 4538 μηδέ
1332 4486 1440 4522 τινι
1481 4471 1806 4540 παρασχεῖν,

234 4560 371 4627 μήτε
397 4558 730 4630 ὑποσχέσθαι
756 4559 962 4625 δοῦναι,
993 4564 1129 4632 μήτε
1166 4564 1504 4631 προστασίαν
1551 4562 1811 4632 ἐπαγγεί-

228 4648 446 4713 λασθαι,
486 4650 624 4719 μήτε
658 4652 723 4703 ἐκ
752 4651 850 4720 τῆς
880 4652 1148 4722 ἐπαρχίας
1181 4652 1513 4722 ὁμολογῆσαι
1548 4652 1809 4721 στέλλειν,

1932 3923 2209 3991 praefecto,
2248 3934 2302 3977 et
2343 3924 2739 3993 gloriosissimo
2786 3928 2985 3981 comite
3032 3930 3336 3983 divinarum
3389 3948 3515 3987 nos-

1931 4023 2135 4067 trarum
2171 4013 2543 4082 largitionum,
2589 4026 2642 4070 et
2690 4016 3087 4085 gloriosissimo
3129 4031 3402 4090 qumstore
3434 4025 3517 4079 di-

1926 4105 2034 4160 vini
2083 4109 2256 4161 nostri
2292 4108 2503 4177 palatii,
2539 4118 2594 4164 et
2642 4108 3039 4179 gloriosissimo
3069 4113 3268 4167 comite
3306 4115 3514 4170 divina—

1931 4212 2048 4250 rum
2081 4197 2399 4268 ubicunque
2441 4200 2561 4271 sint}
2588 4210 2896 4257 nostrarum
2937 4219 3116 4259 rerum
3151 4206 3511 4276 privatarum,

1927 4300 2195 4358 praesente
2222 4292 2390 4346 etiam
2419 4292 2474 4348 in
2501 4300 2746 4360 tempore
2782 4295 3321 4364 magnificentissimo
3352 4301 3512 4355 char-

1930 4378 2125 4432 tulario
2170 4380 2339 4434 divini
2396 4383 2568 4437 nostri
2615 4383 2875 4449 cubiculi,
2932 4401 3097 4440 manu
3143 4404 3241 4443 sua
3270 4388 3511 4445 subscri-

1836 4448 1889 4506 D
1917 4471 2068 4534 bant,
2098 4470 2230 4524 nihil
2263 4487 2321 4527 se
2350 4474 2602 4544 cuiquam
2637 4475 2932 4533 donaturos
2971 4494 3154 4549 neque
3202 4483 3508 4549 promissu-

1917 4575 2028 4627 ros,
2062 4578 2242 4633 neque
2264 4566 2629 4634 patrocinium
2659 4567 3102 4637 denuntiaturos,
3140 4587 3315 4640 neque
3335 4588 3504 4642 Spon-

1914 4668 2072 4708 suros
2122 4664 2182 4709 ut
2225 4668 2379 4713 extra
2435 4660 2775 4729 provinciam
2828 4662 3047 4717 mittant
3091 4665 3366 4734 quippiam
3421 4668 3504 4721 vel

1914 4746 2034 4802 aliis
2082 4750 2399 4816 praesidibus
2437 4790 2452 4817 ,
2502 4752 2596 4805 vel
2638 4753 2707 4809 iis
2764 4768 2900 4823 quos
2968 4755 3111 4809 circa
3160 4771 3219 4811 se
3262 4758 3500 4825 habent,

1915 4841 1997 4895 vel
2034 4842 2286 4911 cuiquam
2332 4844 2423 4896 alii
2488 4861 2502 4897 :
2548 4846 2642 4900 sed
2702 4855 2756 4900 ut
2791 4846 3079 4916 imperium
3139 4851 3308 4919 gratis
3340 4867 3501 4906 accc-

1913 4943 2111 5001 perunt
2177 4943 2231 4987 et
2312 4934 2586 5004 gratuitas
2645 4950 2708 4989 ex
2771 4937 3497 5006 publicohfrumentationes

1913 5024 2057 5092 (has
2128 5024 2272 5077 cnim
2349 5024 2497 5079 solas
2565 5025 2701 5095 ipsis
2771 5026 3030 5094 accipere
3084 5029 3493 5098 permittimus)

1912 5116 1981 5169 ita
2011 5115 2061 5169 id
2095 5114 2268 5185 ipsum
2294 5117 2445 5185 puris
2474 5117 2727 5172 manibus
2756 5118 3162 5188 administrare,
3212 5129 3267 5175 et
3310 5136 3492 5175 coram

1910 5208 2059 5274 Deo,
2107 5216 2162 5263 et
2214 5223 2398 5264 coram
2443 5210 2641 5280 nobis),
2692 5211 2891 5281 quibus
2952 5213 3222 5268 rationem
3271 5212 3493 5267 reddere

1912 5310 2167 5366 tenetur,
2226 5301 2516 5359 debebunt.
2596 5304 2785 5359 Sciant
2854 5315 3037 5362 autem
3109 5320 3301 5360 omnes
3376 5304 3492 5374 qui-

1908 5406 2125 5460 cunque
2163 5393 2366 5463 aliqnid
2411 5411 2439 5448 a
2505 5395 2667 5451 dictis
2723 5399 3127 5466 provinciarum
3172 5397 3493 5467 praesidibus

1909 5484 2154 5553 accipere
2192 5485 2490 5554 audebunt,
2540 5488 2682 5543 ultra
2711 5489 3168 5544 consuetudinem
3217 5494 3484 5554 receptam

1907 5585 1960 5630 et
1983 5590 2012 5628 a
2055 5575 2212 5631 nobis
2242 5577 2543 5644 deﬁnitam,
2579 5595 2685 5634 non
2720 5580 2970 5649 exiguam
3020 5572 3127 5632 illis
3159 5590 3371 5647 poenam
3403 5574 3484 5625 fn-

1911 5677 2103 5730 luram,
2140 5668 2233 5721 sed
2272 5670 2506 5739 majores
2536 5671 2754 5739 quidem
2800 5670 3059 5740 praesides
3089 5669 3175 5737 qui
3209 5667 3276 5721 ab
3298 5666 3484 5733 P'a‘Si‘

1908 5759 2063 5815 dibus
2103 5758 2302 5828 aliquid
2337 5762 2579 5829 accipch
2608 5760 2729 5816 ausi
2752 5758 2979 5830 fuerint,
3005 5767 3092 5814 aut
3125 5758 3174 5814 id
3203 5754 3318 5810 ficri
3347 5769 3475 5809 cor.-

230 4836 336 4894 τοῖς
364 4833 462 4895 τὰς
491 4832 665 4904 ἀρχὰς
690 4833 893 4903 ἔχουσι,
930 4835 1071 4905 μήτε
1098 4838 1211 4898 τοῖς
1239 4836 1367 4905 περὶ
1399 4838 1601 4902 αὑτοὺς
1660 4839 1805 4891 καθ-

222 4922 446 4989 εττῶσι,
474 4926 610 4995 μήτε
628 4927 799 4996 ἑτέρῳ
815 4927 939 4980 τινίο
959 4927 1075 4980 ἀλλ’
1095 4927 1283 4999 ὥσπερ
1299 4928 1530 4999 ἄμισθον
1541 4929 1808 4999 λαμϐάνει

223 5008 323 5086 τὴν
362 5018 558 5089 ἀρχὴν,
600 5020 1020 5091 προσλαμϐάνει
1065 5038 1123 5073 τε
1187 5022 1339 5092 παρά
1394 5022 1487 5075 τοῦ
1544 5022 1806 5094 δημοσίου

230 5110 321 5172 τὰς
360 5112 599 5179 σιτήσεις
634 5112 858 5181 (ταύτας
902 5113 1011 5185 γὰρ
1054 5114 1223 5183 μόνας
1261 5112 1561 5183 λαμϐάνειν
1620 5114 1815 5169 τοῦτον

222 5200 509 5270 ἀφίεμεν)’
563 5202 736 5267 οὑτως
804 5206 973 5276 αὐτὴν
1026 5205 1295 5275 καθαραῖς
1346 5206 1582 5275 φυλάξαι
1639 5208 1803 5277 χερσὶ

224 5292 341 5362 Θεῷ
380 5311 440 5346 τε
486 5294 581 5347 καὶ
624 5297 757 5365 ἡμῖν
791 5298 917 5359 τοὺς
945 5298 1085 5368 ὑπὲρ
1118 5298 1289 5368 αὑτῆς
1320 5298 1587 5368 ὑφέξοντα
1613 5298 1813 5381 λόγους

228 5386 447 5455 δφείλει.
490 5389 759 5440 ’ῐστωσαν
818 5384 911 5442 οὖν
961 5392 1160 5453 οἵτινες
1216 5392 1555 5463 θαρρήσειαν
1619 5391 1804 5445 λαϐεῖν

230 5494 268 5529 τι
302 5479 435 5546 παρ’
473 5478 653 5531 αὐτῶν
683 5479 763 5542 είς
791 5479 891 5542 τάς
935 5481 1236 5551 εἰρημένας
1287 5482 1463 5554 ἀρχὰς
1495 5483 1806 5555 παριόντων

226 5568 539 5640 περαιτέρω
565 5569 676 5623 τῶν
708 5570 983 5641 προφάσει
1021 5572 1320 5641 συνηθειῶν
1360 5575 1492 5645 παρ’
1526 5578 1660 5646 ἡμῖν
1707 5576 1805 5628 αὑ-

224 5662 329 5722 τοῖς
357 5660 707 5731 ὠρισμένων,
731 5663 805 5725 ὡς
847 5664 948 5715 οὑκ
974 5666 1032 5714 έν
1073 5667 1287 5736 μικροῖς
1318 5668 1350 5736 ἡ
1380 5668 1536 5739 ποινὴ
1573 5668 1800 5739 γενήσε-

229 5766 309 5806 ται
339 5752 583 5815 τούτοις·
617 5753 733 5810 ἀλλ’
786 5758 832 5809 οἱ
885 5756 984 5821 μὲν
1026 5757 1272 5823 μέγιστοι
1316 5759 1571 5826 ἄρχοντες
1611 5763 1658 5814 οἱ
1704 5761 1799 5813 λαο
