4084 6208
549 337 659 402 475

1567 323 2083 384 CONSTANTINI
2125 312 2688 381 PORPIIYROGEN
2702 319 2811 379 lTI

3723 318 3832 382 476

549 450 822 506 cesserint
851 445 995 500 intra
1032 453 1184 495 suam
1204 433 1670 507 iurisdictionem,
1699 447 1876 504 neque
1905 432 2131 487 manda-

2248 429 2843 499 Bei'vctﬂatppqcav-re;
2887 425 3041 496 παρά
3093 424 3204 478 τῶν
3255 425 3336 489 εἰς
3385 427 3485 490 τὰς
3529 427 3831 500 εἰρημένας

554 551 665 595 tum
717 545 959 592 nostrum
996 529 1217 586 reveriti
1264 530 1395 592 sint,
1428 541 1533 581 non
1563 525 1737 581 solum
1771 522 2132 594 quadruplum

551 644 739 686 eorum
775 641 895 695 quae
947 629 1278 690 acceperunt
1319 617 1570 684 reddent,
1597 618 1688 673 sed
1723 628 1776 672 et
1807 616 2138 685 indignatio-

553 735 672 775 nem
703 727 944 773 nostram
980 715 1262 779 subibunt,
1310 721 1365 767 ct
1396 712 1684 780 imperium
1719 709 2002 763 amittendi
2039 720 2140 776 pe-

553 811 779 865 riculum
816 810 1044 863 adibunt
1089 823 1102 859 :
1153 806 1313 875 eique
1348 819 1486 873 quos
1538 803 1746 857 circum
1797 816 1857 856 sc
1909 799 2133 866 habent,

553 903 759 970 quique
790 901 922 970 ipsis
950 907 1172 969 parent,
1201 899 1245 952 si
1296 897 1424 966 quid
1469 894 1698 963 amplius
1738 903 1937 964 praeter
1963 891 2080 947 inec
2105 907 2136 946 a

553 994 713 1047 nobis
757 1005 1017 1047 concessa
1069 990 1316 1057 accipere
1358 995 1664 1050 conentur,
1715 995 1770 1040 et
1795 985 1896 1054 ipsi
1945 985 2136 1040 iisdem

553 1087 731 1153 νωιιίε
767 1083 1149 1151 snlijacebunt,
1196 1089 1250 1135 et
1294 1090 1556 1150 praeterea
1606 1078 1971 1149 quadruplum
2013 1079 2138 1133 red-

552 1178 702 1244 dent,
731 1179 1090 1241 excidentque
1119 1186 1174 1229 et
1204 1174 1508 1230 substantia
1541 1188 1637 1228 sua
1670 1182 1724 1228 et
1747 1172 1968 1241 cingulo
1999 1186 2140 1241 spo-

554 1269 852 1335 liabuntur,
880 1277 1080 1339 praeter
1101 1267 1204 1322 alia
1229 1266 1493 1339 supplicia
1528 1280 1648 1335 quae
1677 1264 1998 1322 criminibus
2017 1264 2139 1320 istis

554 1359 838 1416 debentur.

625 1634 678 1690 5.
716 1633 980 1689 Praesides
1027 1633 1118 1703 qui
1161 1634 1332 1703 gratis
1363 1635 1431 1687 ad
1485 1632 1714 1702 imperia
1753 1639 2137 1703 pervenerunt,

548 1724 806 1792 jubemus
859 1724 1092 1793 primum
1137 1725 1357 1793 quidem
1391 1738 1608 1790 curare,
1645 1734 1702 1779 ut
1735 1724 1965 1794 publica:
1996 1723 2136 1778 utili-

556 1816 648 1870 tati
700 1816 988 1887 diligenter
1041 1816 1346 1886 invigilenl,
1399 1827 1454 1872 et
1487 1817 1868 1874 inobedientes
1911 1819 2136 1888 quidem

553 1915 606 1958 ct
659 1904 1010 1962 refractarios
1049 1908 1196 1980 omni
1238 1910 1532 1965 severitate
1571 1923 1880 1978 coerceant,
1931 1912 2065 1966 nihil
2111 1927 2139 1965 a

550 1995 762 2067 justitia
807 1997 1175 2063 deflectentes,
1220 2013 1396 2068 neque
1427 2000 1479 2054 in
1531 2000 1637 2055 ullo
1682 2002 1895 2070 negotio
1930 2002 2138 2057 lucrum

557 2097 890 2157 Spectantes,
946 2104 1153 2159 eosque
1207 2092 1300 2161 qui
1357 2093 1523 2162 probe
1558 2108 1618 2149 se
1659 2095 1930 2164 gesserint
1964 2096 2142 2165 patrio

558 2191 708 2230 more
743 2186 1060 2233 tractantes.

626 2358 680 2412 4.
717 2359 981 2416 Jubemus
1015 2371 1077 2418 ut
1123 2365 1381 2434 praesides
1425 2369 1674 2424 subditos
1705 2381 1918 2427 nostros
1948 2373 2017 2427 ab
2055 2372 2140 2428 in-

549 2451 708 2518 juriis
766 2463 820 2508 et
875 2457 1224 2513 contumeliis
1272 2461 1528 2516 omnibus
1583 2463 1915 2529 defendant,
1974 2480 2144 2534 seque

553 2559 740 2613 aequos
765 2545 815 2599 in
845 2547 1076 2614 publicis
1107 2549 1471 2605 seditionibus
1498 2553 1794 2621 praebcant,
1827 2567 2144 2614 coercentes

557 2637 776 2702 delicta,
810 2650 864 2693 et
894 2642 1144 2696 innoxios
1192 2645 1413 2713 quidem
1445 2648 1668 2700 omnino
1693 2649 1760 2702 ab
1816 2650 2012 2716 injuria
2047 2652 2143 2707 de-

558 2726 874 2796 fendentes,
924 2733 1187 2786 obnoxios
1223 2748 1351 2788 vero
1395 2735 1586 2805 culpae,
1638 2737 1930 2795 allicientes
1982 2755 2142 2810 pinna

558 2813 764 2884 legibus
796 2819 1014 2875 tradita.
1045 2821 1245 2891 Sicque
1303 2825 1535 2881 subditis
1568 2827 1860 2896 imperent,
1892 2833 2147 2900 quemad-

558 2911 778 2964 modum
825 2923 1076 2981 parentes
1125 2916 1315 2974 liberis
1361 2920 1514 2988 suis;
1561 2931 1620 2975 ut
1649 2922 1858 2979 scilicet
1894 2925 2145 2982 innoxios

559 3001 801 3072 diligant,
834 3005 1046 3075 culpam
1069 3011 1421 3066 commeritos
1466 3025 1758 3070 coerceant
1784 3019 2142 3088 puniantque,

2237 521 2414 593 ἀρχὰς
2459 519 2789 590 παριόντων,
2829 518 2862 588 ἢ
2905 516 3324 587 συγχωροῦντες
3352 521 3420 588 τῇ
3460 520 3638 592 οἰκείᾳ
3681 523 3831 590 τάξει

2239 613 2481 672 τοιοῦτόν
2517 629 2568 664 τι
2594 611 2860 681 πράττειν
2891 610 2987 663 καὶ
3029 610 3445 681 προσαγγελθέν
3475 611 3536 666 οὐ
3568 615 3832 685 θεραπεύ-

2241 723 2413 770 οντες,
2443 705 2503 758 οὐ
2545 705 2697 775 μόνοι
2738 703 3140 774 τετραπλάσιον
3185 703 3536 758 ἀποδώσουσι
3563 709 3668 760 πᾶν
3707 709 3828 762 ὅσον

2240 797 2548 868 εἰλήφασιν,
2579 795 2720 850 ἀλλὰ
2753 795 2849 848 καὶ
2884 794 3133 866 μεγάλην
3182 796 3565 867 ἀγανάκτησιν
3591 797 3829 870 ὑποστή·

2243 907 2447 954 σονται,
2472 889 2568 943 καὶ
2622 888 2714 942 τὸν
2742 888 2836 941 ἐπὶ
2866 891 2933 958 τῇ
2965 890 3108 959 ἀρχῇ
3141 887 3387 943 κίνδυνον
3426 889 3829 962 εύλαὸηθήσον-

2240 1000 2330 1036 ται
2351 999 2366 1014 ο
2396 982 2491 1036 καί
2527 999 2590 1052 γε
2628 981 2696 1050 [Ῑ.
2735 981 2788 1033 ετ
2822 996 2887 1048 γε
2917 979 2992 1051 οἱ]
3043 981 3181 1050 ἀμφ’
3213 981 3414 1044 αὐτοὺς
3459 981 3639 1049 ὄντες,
3663 983 3762 1036 καὶ
3793 983 3826 1053 ἡ

2243 1075 2545 1148 πειθομένη
2571 1074 2722 1139 τάξις
2745 1073 2930 1138 αὐτοῖς
2960 1073 3120 1128 πλέον
3155 1093 3209 1129 τι
3246 1075 3358 1128 τῶν
3374 1076 3507 1146 παρ’
3530 1079 3666 1147 ἡμῖν
3686 1092 3791 1144 συγ
3807 1106 3828 1118 -

2243 1170 2672 1242 κεχωρημένων,
2735 1169 3149 1240 ἐπιχειρήσαιεν
3176 1167 3387 1236 λαϐεῖν,
3428 1169 3584 1224 αύτοί
3609 1187 3668 1223 τε
3701 1171 3837 1223 ὑπο-

2243 1263 2521 1316 κείσονται
2559 1261 2673 1322 τοῖς
2710 1257 3137 1330 ὲζημιωμένοις,
3167 1260 3263 1312 καὶ
3291 1261 3372 1323 εἰς
3409 1259 3470 1312 τὸ
3519 1259 3838 1330 τετραπλάο

2245 1372 2359 1408 σιον
2409 1355 2823 1409 ἀποδώσουσιν·
2866 1355 3230 1411 ἐκπεσοῦνται
3276 1356 3336 1410 δέ
3382 1358 3477 1410 καὶ
3533 1355 3834 1434 ούσίαςΠ.

2243 1446 2426 1519 ἀξίας]
2461 1449 2558 1502 καὶ
2596 1446 2777 1518 ζώνης
2807 1448 2946 1519 πρὸς
2999 1447 3078 1519 τῷ
3112 1449 3206 1503 καὶ
3244 1448 3542 1520 τιμωρίαις
3593 1447 3837 1505 ύποῦάλ-

2243 1539 2430 1593 λεσθαι
2466 1538 2808 1610 πρεπούσαις
2830 1541 2943 1603 τοῖς
2972 1539 3268 1610 πλημμελή
3279 1556 3464 1609 μασιν.

2316 1639 2386 1701 γ’.
2414 1631 2554 1696 Τοὺς
2604 1633 2874 1704 ἄρχοντας
2921 1632 3048 1696 τοὺς
3085 1631 3334 1703 ἀμίσθως
3370 1631 3834 1703 παραλαμϐάνον-

2251 1741 2354 1786 τας
2385 1723 2486 1786 τὰς
2516 1723 2714 1793 ἀρχὰς,
2747 1723 3046 1794 κελεύομεν
3073 1721 3294 1794 πρῶτον
3319 1721 3642 1792 σπούδασμα
3665 1722 3830 1792 ἔχειν,

2171 1795 2356 1879 Βτοῖς
2401 1815 2684 1886 δημοσίοις
2721 1814 3018 1884 ἀγρύπνως
3067 1813 3380 1885 προσέχειν,
3415 1815 3509 1868 καὶ
3559 1815 3684 1877 τοὺς
3733 1814 3833 1884 μὲν

2245 1907 2703 1979 ἀγνωμονοῦντας
2745 1909 2841 1962 καὶ
2868 1905 3210 1979 ἀμελοῦντας
3251 1907 3311 1959 ἐν
3347 1908 3460 1969 τοῖς
3491 1906 3833 1974 ἀναγκαίοις,

2249 1999 2391 2071 μετά
2442 1999 2626 2070 πάσης
2671 1993 3025 2069 εἰσπράττειν
3073 1999 3175 2069 τῆς
3225 1997 3614 2067 σφοδρότητος,
3667 1998 3834 2069 μηδὲν

2245 2090 2877 2162 ὑποκατακλινομένους,
2917 2089 3054 2160 μηδέ
3101 2088 3242 2157 ὑπὲρ
3273 2086 3437 2140 αὑτοῦ
3472 2087 3666 2141 τούτου
3706 2091 3835 2158 κέρε-

2245 2184 2335 2248 δος
2380 2201 2434 2237 τι
2489 2184 2842 2239 παντάπασιν
2888 2181 3232 2249 ἐννοοῦντας,
3262 2181 3377 2243 τοῖς
3424 2179 3481 2232 δέ
3523 2179 3832 2251 εὐγνώμοσι

2248 2275 2532 2349 πατρικῶς
2567 2273 3006 2347 προσφερεσθαι.

2322 2364 2386 2417 δ’.
2441 2363 2580 2427 Τοὺς
2639 2363 2911 2432 ἄρχοντας
2971 2359 3294 2430 κελεύομεν,
3353 2360 3478 2423 τοὺς
3529 2359 3834 2430 ἡμετέρους

2248 2456 2548 2526 ὑπηκόους,
2601 2455 2896 2525 φυλάττειν
2975 2453 3316 2522 πανταχόθεν
3369 2451 3836 2522 ἀνεπηρεάστους,

2246 2548 2354 2601 οὐδ’
2387 2547 2564 2601 ὁτιοῦν
2607 2547 2740 2616 παρ’
2776 2545 2992 2609 οὐδενὸς
3028 2545 3212 2598 αὐτῶν
3252 2543 3677 2615 κομιζομένους,
3723 2541 3830 2595 ἴσοι

2245 2641 2303 2694 δὲ
2350 2641 2408 2694 ἐν
2453 2641 2577 2702 ταῖς
2626 2637 2902 2710 δημώδεσι
2963 2640 3220 2692 στάσεσιν
3251 2636 3499 2690 ἔστωσαν
3530 2635 3836 2700 ἐπεξιόντες

2247 2735 2363 2796 τοῖς
2395 2733 2820 2804 ἁμαρτήμασιν,
2858 2732 3109 2794 καὶτοὺς
3157 2731 3256 2802 μὲν
3309 2729 3659 2794 ἀνευθύνους,
3699 2744 3835 2782 παν-

2247 2825 2478 2896 ταχόθεν
2520 2823 2877 2894 φυλάττοιντο
2917 2825 3219 2894 καθαροὺς,
3253 2825 3366 2887 τοῖς
3394 2822 3454 2875 δέ
3487 2820 3833 2885 ὑπευθύνοις,

2247 2918 2586 2982 ἐπιτιθέντες
2610 2918 2708 2988 τὴν
2740 2918 2885 2973 κατά
2921 2917 3120 2988 νόμους
3152 2916 3367 2988 ποινὴν,
3401 2919 3500 2970 καὶ
3532 2915 3704 2980 οὕτως
3733 2916 3834 2986 ἄρ·

2249 3026 2440 3079 χοντες
2472 3009 2582 3063 τῶν
2622 3010 2905 3081 ὑπηκόων,
2933 3009 3084 3063 ώσάν
3127 3009 3367 3080 πατέρες
3405 3008 3542 3062 υἱῶν
3571 3008 3834 3072 ἔστωσαν,
3919 3003 3940 3010 “

457 3169 460 3172 ἢ
559 3108 777 3149 onmem
808 3096 1080 3164 justitiam
1117 3100 1252 3169 ipsis
1275 3142 1290 3166 ,
1319 3112 1372 3156 et
1404 3103 1454 3158 in
1490 3105 1726 3175 publicis
1749 3116 1804 3161 et
1837 3108 1886 3161 in
1919 3109 2144 3177 privatis

2250 3100 2575 3169 ἀγαπῶντες
2610 3102 2710 3171 μὲν
2740 3101 2961 3168 αὐτοὺς,
2995 3100 3328 3164 ἀνευθύνους
3366 3100 3552 3162 ὄντας,
3597 3096 3835 3152 ύπευθύε

561 3187 929 3243 rontractibus
973 3203 1360 3249 conservantes
1415 3211 1432 3249 :
1484 3212 1663 3267 neque
1708 3198 1809 3268 ipsi
1856 3198 2032 3254 solum
2093 3201 2144 3253 id

561 3275 787 3344 faciant,
817 3280 910 3336 sed
944 3292 997 3337 et
1025 3284 1185 3340 talem
1209 3287 1312 3341 sibi
1345 3303 1676 3345 assessorem
1699 3303 1752 3346 et
1774 3293 2144 3347 consiliarium

559 3371 845 3440 eligentes,
873 3374 1117 3444 aliosque
1145 3378 1240 3446 qui
1276 3379 1482 3434 circum
1519 3382 1667 3450 ipsos
1701 3395 1848 3451 sunt,
1885 3395 1941 3438 ut
1970 3400 2038 3438 ne
2066 3386 2150 3438 vi-

564 3460 795 3514 deantur
843 3462 942 3528 ipsi
995 3463 1213 3531 quidem
1265 3465 1402 3519 citra
1439 3469 1655 3537 culpam
1701 3485 1842 3537 esse,
1894 3486 1988 3539 per
2014 3471 2152 3526 alios

564 3555 744 3598 autem
794 3563 986 3616 rapere
1029 3557 1083 3604 et
1135 3551 1328 3616 furari,
1364 3557 1504 3622 quod
1539 3557 1708 3611 multo
1739 3560 1902 3612 etiam
1941 3560 2152 3628 turpius

561 3645 663 3690 est.
705 3636 760 3690 Si
789 3640 910 3707 quis
939 3650 1128 3695 contra
1177 3643 1292 3699 haec
1319 3644 1532 3713 fecerit,
1557 3657 1610 3702 et
1655 3650 1920 3705 bonorum
1981 3652 2150 3705 conti-

565 3729 890 3795 scationem,
919 3741 971 3786 et
1019 3736 1273 3790 exsilium
1296 3737 1530 3808 patietur
1560 3759 1574 3796 :
1609 3743 1854 3810 cupimus
1887 3743 2029 3796 enim
2055 3759 2150 3813 pu-

563 3835 654 3875 ras
671 3838 792 3876 esse
815 3824 1105 3893 prmsidum
1128 3845 1343 3898 manus,
1365 3839 1423 3886 ut
1447 3833 1729 3890 indemnes
1749 3835 1998 3892 subditos
2015 3851 2148 3892 con-

563 3927 863 3971 servemus.

2252 3211 2377 3257 νους
2425 3194 2482 3246 δέ
2531 3194 2914 3264 φαινομένους,
2967 3192 3396 3264 σωφρονίζοντές
3426 3211 3488 3246 τε
3532 3192 3628 3246 καὶ
3666 3207 3840 3261 τιμω-

2252 3286 2526 3358 ρούμενοι,
2575 3285 2668 3339 καὶ
2705 3287 2889 3339 πᾶσαν
2933 3283 3311 3354 δικαιοσύνην,
3348 3283 3406 3336 ἐν
3434 3301 3495 3336 τε
3517 3284 3630 3346 τοῖς
3667 3282 3839 3351 δημο-

2253 3376 2411 3439 σίοις,
2443 3375 2500 3428 ἐν
2561 3392 2621 3428 τε
2675 3377 2787 3437 τοῖς
2823 3374 2975 3436 ἰδίοις
3003 3373 3374 3443 συμϐολαίοις,
3419 3371 3603 3434 αὐτοῖς
3654 3371 3842 3442 διατη-

2254 3465 2496 3536 ροῦντες,
2539 3466 2634 3518 καὶ
2693 3466 2795 3519 οὐκ
2849 3465 3008 3519 αὐτοὶ
3065 3465 3219 3536 μόνοι
3267 3465 3429 3518 τοῦτο
3483 3463 3841 3535 πράττοντες,

2253 3556 2395 3610 ἀλλά
2428 3559 2526 3610 καὶ
2555 3556 2645 3610 τὸν
2674 3558 2762 3610 ἀεὶ
2798 3557 3238 3629 παρεδρεύοντα,
3265 3556 3507 3612 τοιοῦτον
3536 3556 3844 3626 λαμϐάνον-

2255 3666 2368 3714 τες,
2408 3651 2504 3703 καὶ
2533 3650 2659 3712 τοὺς
2695 3651 2823 3719 περὶ
2856 3650 3054 3713 αὐτοὺς
3097 3650 3368 3714 ἅπαντας,
3421 3647 3497 3711 ώς
3545 3648 3620 3718 μὴ
3665 3646 3841 3700 δοκεῖν

2256 3741 2499 3804 ἐκείνους
2531 3741 2647 3812 δῆθ’
2675 3740 3004 3804 ἀνευθύνους
3036 3739 3200 3807 εἶναι,
3229 3740 3296 3794 δι’
3343 3741 3547 3808 ἐτέρων
3566 3737 3624 3792 δέ
3654 3737 3841 3807 πλημο

2261 3834 2443 3905 μελεῖν
2482 3851 2542 3887 τε
2583 3835 2680 3888 καὶ
2727 3834 3004 3902 κλέπτειν,
3035 3835 3174 3903 ὅπερ
3215 3832 3294 3886 ἐτι
3329 3832 3533 3904 μᾶλλον
3559 3831 3844 3902 αἰσχρότε-

2261 3928 2356 3999 ρόν
2389 3929 2560 3983 ἐστιν.
2597 3929 2661 3982 Ei
2712 3927 2769 3981 δέ
2797 3945 2884 3990 τις
2907 3927 3059 3998 παρά
3085 3926 3260 3981 ταῦτα
3296 3925 3575 3997 πράξειεν,
3605 3924 3738 3976 ἵστω
3762 3925 3846 3976 ὃτι

562 4011 656 4064 καὶ
692 4013 957 4082 δήμευσιν
1013 4018 1108 4071 καὶ
1160 4019 1380 4091 ὲξορίαν,
1454 4021 1847 4096 ύποστήσεται,
1911 4026 2006 4080 καὶ
2056 4025 2154 4096 τὴν
2195 4025 2277 4088 είς
2333 4026 2395 4080 τὸ
2427 4025 2589 4098 σῶμα
2614 4025 2849 4096 βάσανόν
2881 4042 2940 4078 τε
2996 4025 3091 4078 καὶ
3121 4025 3428 4096 τιμωρίανο
3455 4021 3702 4092 καθαράς
3735 4021 3848 4092 γὰρ

562 4109 904 4181 ἀπαιτοῦμεν
927 4109 1068 4166 εἶναι
1097 4117 1511 4192 τῶνάρχόντων
1539 4119 1638 4183 τὰς
1658 4123 1867 4192 χεῖρας,
1895 4121 1982 4176 ἵνα
2013 4123 2140 4185 τοὺς
2179 4119 2512 4192 ἀρχομένους
2547 4103 2818 4191 ἀζημίους
2849 4120 3197 4189 φυλάξωμεν·

631 4201 684 4256 5.
717 4203 981 4260 anemus
1033 4210 1488 4276 provincialibus,
1545 4212 1650 4266 hoc
1683 4222 1790 4276 est,
1834 4215 1930 4269 Dei
1966 4229 2153 4268 aman-

565 4293 776 4348 tissimo
803 4295 1081 4367 episc0po,
1120 4299 1349 4369 aliisque
1383 4301 1476 4370 qui
1507 4302 1559 4355 in
1593 4317 1658 4356 ea
1696 4305 1917 4374 regione
1945 4306 2149 4374 primas

561 4383 828 4450 obtinent,
861 4387 932 4441 εἰ*
953 4403 1155 4457 praeses
1188 4391 1425 4459 regionis
1451 4392 1729 4462 quidpiam
1763 4409 1892 4464 erga
1923 4397 2145 4465 provin-

2332 4219 2396 4266 ε’.
2433 4211 2751 4282 Κελεύομεν
2780 4213 2896 4276 τοῖς
2944 4209 3341 4281 ἐπαρχιώταις,
3405 4207 3548 4263 τοῦτ’
3583 4207 3721 4274 ἔστι,
3768 4208 3848 4279 τῷ

2260 4302 2662 4374 θεοφιλεστάτῳ
2693 4304 3002 4374 ἐπισκόπῳ,
3041 4302 3274 4365 καὶτοῖς
3307 4303 3365 4354 ἐν
3399 4303 3464 4371 τῇ
3501 4300 3656 4372 χώρᾳ
3691 4317 3849 4370 πρω-

2255 4393 2530 4460 τεύουσιν,
2577 4394 2690 4448 εἴτε
2720 4395 2787 4467 [Ῑ.
2827 4393 2956 4464 εἴτι]
2995 4393 3137 4456 κατά
3170 4395 3270 4464 τῆς
3320 4393 3592 4464 ἐπαρχίας
3637 4393 3847 4463 ἄδικον,

563 4477 702 4530 ciam
753 4477 950 4546 injuste
987 4480 1197 4545 fecerit,
1249 4484 1403 4540 nobis
1442 4486 1784 4555 supplicare,
1839 4489 2144 4560 factamque

2253 4489 2282 4542 ὁ
2320 4490 2419 4560 τῆς
2449 4491 2636 4561 χώρας
2669 4490 2852 4563 ἄρχων
2878 4487 3271 4561 διαπράξηται,
3305 4489 3518 4560 δεήσεις
3549 4487 3847 4555 ποιεῖσθαι,

571 4569 1024 4637 supplicationem
1053 4573 1118 4627 ad
1162 4590 1262 4631 nos
1297 4578 1684 4646 transmittere,
1719 4581 1771 4635 in
1813 4597 1916 4651 qua
1951 4584 2145 4640 delicta

564 4660 816 4728 pra-sidis
847 4663 1254 4722 contineantur.
1285 4668 1393 4724 Nos
1422 4671 1566 4724 enim
1605 4673 1726 4729 istis
1760 4674 1994 4745 cognitis
2026 4681 2150 4732 mit-

563 4761 739 4808 temus
788 4754 1020 4826 aliquem
1065 4761 1157 4828 qui
1195 4761 1246 4815 in
1282 4762 1382 4817 ista
1415 4763 1677 4834 inquirat,
1705 4777 1772 4822 ut
1813 4769 1863 4823 in
1900 4785 2004 4841 qua
2050 4785 2149 4825 rc—

564 4843 726 4914 gione
755 4849 1050 4912 commisit,
1087 4851 1157 4907 ibi
1191 4862 1245 4908 et
1271 4869 1462 4924 poenas
1492 4859 1770 4916 commissi
1807 4861 1892 4928 sui
1926 4862 2057 4922 luat.
2093 4871 2151 4917 ut

563 4936 652 4991 alii
687 4938 788 4997 hoc
816 4941 1066 5013 exemplo
1097 4948 1518 5004 commonefacti
1554 4952 1751 5006 similia
1797 4960 2004 5008 tentare
2042 4971 2146 5009 non

569 5029 824 5088 audeant.

635 5209 688 5278 ϐ,
718 5212 982 5277 Jubemus
1013 5228 1068 5272 ut
1104 5220 1363 5289 praesides
1395 5224 1796 5290 provinciarum
1829 5227 2147 5285 omnimodo

566 5312 687 5369 (νει
739 5305 1045 5373 depositum
1117 5311 1399 5378 imperium
1457 5314 1846 5386 quinquaginta
1880 5317 2037 5387 Etlies
2097 5322 2149 5374 in

571 5395 868 5461 provinciis
911 5415 1341 5468 commoremur,
1374 5415 1432 5459 ut
1464 5423 1721 5463 accusare
1750 5410 1896 5479 ipsos
1924 5412 2153 5469 volemi-

573 5483 670 5578 bus
714 5492 1094 5578 respondeant.
1144 5497 1204 5562 (I.
1262 5515 1299 5561 r,
1330 5515 1357 5551 ε
1417 5495 1483 5550 Ut
1532 5516 1672 5553 cum.
1716 5501 1886 5570 judic.
1921 5514 2051 5559 tom.
2079 5506 2151 5578 c.)

575 5571 728 5635 Quot]
780 5578 824 5632 si
876 5596 1002 5638 vero
1044 5589 1335 5658 contigerit
1373 5590 1679 5660 quempiam
1739 5609 1803 5646 ex
1850 5595 1980 5663 ipsis
2027 5571 2152 5652 ante

580 5666 874 5762 eomplctos
902 5679 1290 5750 quinquaginta
1314 5681 1429 5737 dies
1466 5684 1531 5738 de
1562 5684 1836 5752 provincia
1867 5689 2150 5755 excedere,

578 5754 834 5822 iubemus
867 5780 1052 5823 omnes
1078 5771 1142 5825 ab
1169 5772 1284 5842 ipso
1327 5775 1580 5831 damnum
1629 5793 1835 5846 passos,
1863 5754 2154 5836 convenire

2253 4580 2348 4633 καὶ
2409 4583 2490 4645 είς
2523 4584 2673 4653 ἡμᾶς
2712 4582 3088 4652 ἀναπέμπειν,
3121 4581 3533 4644 καταλέγοντας
3584 4580 3680 4634 τοῦ
3737 4580 3841 4649 τὴν

2252 4673 2427 4746 ἀρχὴν
2457 4673 2673 4743 ἔχοντος
2700 4673 2769 4728 τὰ
2802 4672 3280 4745 πλημμελήματα.
3328 4672 3522 4743 Ἡμεῖς
3562 4673 3671 4742 γὰρ
3702 4671 3840 4726 ταῦ-

2255 4783 2324 4818 τα
2358 4764 2720 4835 μανθάνοντες
2772 4763 3067 4834 στελούμεν
3125 4763 3217 4816 τὸν
3273 4761 3447 4815 ταῦτα
3491 4761 3823 4826 ἐξετάσοντα

2253 4859 2336 4929 ἐφ’
2367 4852 2471 4926 ᾧτε
2513 4859 2678 4912 αὐτὸν
2726 4857 2855 4912 ἔνθα
2906 4857 3004 4910 καὶ
3041 4857 3323 4927 ἠδίκησεν,
3379 4856 3558 4909 ἐκεῖσε
3608 4853 3702 4908 καὶ
3748 4853 3848 4913 τὰς

2255 4952 2447 5014 ποινὰς
2479 4953 2738 5021 ὑποσχεῖν
2766 4949 2877 5034 τοῦκ
2909 4950 3014 5022 πλη
3025 4950 3202 5021 μμελή
3214 4966 3403 5019 ματος,
3441 4947 3520 5010 ώς
3554 4946 3689 5017 μηδὲ
3721 4946 3870 4998 ἓτε--ν

2258 5040 2352 5108 ρόν
2387 5055 2510 5093 τινα
2541 5037 2755 5092 τοιοῦτο
2790 5038 3000 5110 πρᾶξαι
3039 5039 3315 5111 θαρρῆσαι
3366 5037 3504 5109 πρὸς
3555 5037 3618 5089 τὸ
3668 5035 3849 5106 παρά-

2255 5134 2374 5200 δειγ
2383 5150 2459 5202 μα
2490 5133 2778 5203 βλέποντα.

2328 5225 2403 5290 ς’.
2445 5223 2758 5292 Κελεύομεν
2783 5226 2908 5288 τοὺς
2939 5225 3047 5278 τῶν
3077 5225 3364 5296 ἐπαρχιῶν
3399 5223 3688 5293 ἄρχοντας,
3711 5221 3848 5273 πᾶσι

2256 5317 2478 5387 τρόποις
2520 5315 2658 5386 μετά
2695 5316 2755 5369 τὸ
2780 5316 3087 5370 ἀποθέσθαι
3131 5316 3230 5388 τὴν
3282 5314 3458 5387 ἀρχὴν
3507 5312 3848 5380 πεντήκοντα

2256 5408 2471 5480 ἡμέρας
2521 5410 2576 5462 ἐν
2603 5411 2722 5472 ταῖς
2766 5410 3058 5480 ἐπαρχίαις
3105 5409 3425 5480 διατρίϐειν,
3469 5405 3562 5460 καὶ
3604 5407 3717 5467 τοῖς
3766 5405 3852 5457 ἐν-

2265 5498 2421 5570 άγειν
2455 5503 2638 5565 αὐτοῖς
2658 5501 3028 5573 βουλομένοις,
3061 5501 3478 5573 ἀποκρίνεσθαι.
3525 5500 3588 5552 Εἰ
3622 5498 3680 5552 δὲ
3709 5515 3852 5566 συμ-

2261 5594 2436 5646 ϐαίνει
2465 5597 2588 5648 τινὰ
2617 5596 2676 5659 ἐξ
2707 5596 2889 5649 αὐτῶν
2931 5596 3037 5667 πρὸ
3063 5595 3158 5650 τοῦ
3196 5597 3488 5667 πληρῶσαι
3515 5594 3616 5657 τὰς
3649 5591 3846 5659 πεντή-

2262 5703 2428 5739 κοντα
2469 5686 2706 5758 ἡμέρας,
2755 5688 3080 5742 καταλιπεῖν
3129 5687 3229 5759 τὴν
3275 5687 3484 5757 χώραν,
3547 5682 3852 5751 κελεύομεν

2264 5782 2470 5847 πάντας
2502 5786 2625 5848 τοὺς
2653 5784 2780 5856 παρ’
2808 5785 2972 5839 αὐτοῦ
3007 5785 3213 5856 ζημίας
3242 5785 3394 5847 τινάς
3419 5780 3846 5853 ὑπομείναντας,
