4058 6212
310 364 417 429 4Ἶ7

1573 368 1959 459 DELECTUS
2000 373 2286 435 LEGUM.

3437 376 3549 439 478

312 471 551 524 συνιέναι
581 470 731 539 παρά
780 470 856 539 τῷ
903 469 1182 538 όσιωτάτῳ
1226 472 1323 541 τῆς
1354 476 1739 543 μητροπόλεως
1769 479 1890 531 ἐπι-

1996 485 2131 550 apud
2172 484 2577 537 sanctissimum
2616 483 2974 552 metropoleos
3000 483 3238 553 ejusdem
3269 486 3561 554 provincia:

313 563 500 631 σκόπῳ
531 562 633 629 τῆς
685 560 854 630 αὐτῆς
910 562 1196 632 ἐπαρχίας,
1233 565 1325 616 καὶ
1361 567 1452 617 ἐπὶ
1478 566 1729 636 πράξεως
1755 570 1885 623 ὑπο-

313 656 634 723 μνημάτων,
654 652 750 704 ἓνα
780 652 1008 705 ἕκαστον
1038 653 1217 705 αὐτῶν
1248 655 1555 724 ἁπτόμενον
1580 658 1687 709 τῶν
1715 660 1885 726 ἁγίων

315 744 683 812 Εὑαγγελίων,
709 743 974 814 φανεροῦν
995 743 1096 807 τὰς
1129 745 1460 816 ἐπαχθείσας
1487 750 1637 819 αὐτῷ
1663 750 1886 820 ζημίας,

309 837 403 888 καὶ
434 839 498 887 ὲκ
531 836 629 903 τῆς
660 835 871 887 ἐκείνου
918 835 1236 905 περιουσίας
1290 839 1411 890 καθ’
1435 834 1493 892 οὗ
1548 840 1615 892 τὰ
1664 842 1890 896 τοιαῦτα

312 927 547 995 συνέστη
583 926 969 995 ὑπομνήματα,
1006 928 1185 979 πᾶσαν
1230 927 1434 997 ζημίαν
1475 931 1586 991 τοῖς
1614 930 1888 998 βλαϐεῖσιν

310 1015 812 1068 ἀποκαθίστασθαι’
846 1018 893 1068 εἰ
928 1016 983 1068 δέ
1014 1034 1098 1079 τις
1138 1017 1244 1069 τῶν
1277 1019 1555 1087 ἀρχόντων
1574 1020 1681 1071 τῶν
1712 1023 1888 1091 ἐπαρ-

310 1106 444 1176 χιῶν
477 1104 838 1176 μετακληθείη
864 1108 943 1169 είς
976 1106 1141 1177 ἄλλην
1167 1108 1362 1179 ἀρχὴν,
1393 1110 1424 1179 ἢ
1452 1111 1639 1179 χρείαν
1771 1111 1878 1182 χώ-

318 1197 460 1267 ραν],
496 1194 786 1264 κελεύομεν
821 1197 984 1249 αὑτὸν
1056 1197 1286 1265 νόμιμον
1342 1201 1559 1253 ὲντολέα
1584 1202 1885 1270 προϐαλλό-

316 1305 474 1356 μενον
503 1289 613 1348 τοῖς
653 1288 752 1349 τας
788 1286 1070 1356 ἐναγωγάς
1115 1288 1255 1357 ὑπὲρ
1294 1287 1518 1359 ζημιῶν
1552 1291 1889 1360 προτιθεῖσιν

312 1376 722 1447 ἀποκρίνεσθαι,
753 1378 891 1448 ὅπερ
927 1380 974 1429 εί
1011 1379 1091 1447 μὴ
1120 1378 1341 1449 πράξοι,
1391 1380 1716 1452 θεσπίζομεν
1755 1385 1890 1435 ὑπο-

315 1470 576 1537 μνήματα
606 1468 758 1537 παρὰ
785 1467 862 1537 τῷ
895 1468 1178 1537 όσιωτάτῳ
1207 1468 1512 1540 ἐπισκόπῳ,
1547 1470 1730 1532 καθὼς
1751 1472 1893 1523 ἀνω-

309 1560 454 1626 τέρω
489 1559 727 1632 εἴρηται,
761 1558 1122 1629 πράττεσθαι,
1154 1559 1248 1612 καὶ
1302 1563 1415 1624 τοῖς
1470 1560 1611 1632 ὑπὲρ
1648 1560 1756 1614 τῶν
1792 1560 1891 1629 ζη-

312 1650 454 1717 μιῶν
491 1652 600 1702 τῶν
656 1648 998 1718 ἐπαχθεισῶν
1054 1650 1239 1713 αὐτοῖς
1293 1650 1525 1720 ὀμόσασι
1585 1652 1729 1706 κατά
1794 1652 1905 1721 τὴν

314 1740 420 1791 τῶν
448 1738 857 1809 πεπραγμένων
905 1738 1151 1809 δύναμιν,
1186 1741 1369 1793 πᾶσαν
1401 1740 1605 1810 ζημίαν
1644 1741 1891 1795 ἀποδίδο-

1991 575 2327 644 episcopum,
2355 585 2409 630 et
2442 575 2495 628 in
2534 578 2609 630 rei
2659 577 2971 630 memoriam
3013 592 3449 648 unumquemque
3474 595 3562 635 eo-

1987 682 2106 721 rum
2157 669 2312 721 tactis
2355 668 2526 722 sacris
2590 667 2915 736 Evangeliis,
2972 667 3117 721 illata
3184 669 3315 737 ipsis
3362 671 3558 726 damna

1989 759 2368 825 manifestare,
2418 769 2469 812 et
2514 774 2579 813 ex
2613 759 2729 825 ejus
2774 768 3041 827 potestate
3081 763 3221 827 apud
3258 776 3415 829 quem
3458 762 3559 815 ista

1992 851 2146 915 fiunt,
2177 866 2337 905 omne
2367 851 2622 927 damnum
2659 851 2763 903 illis
2793 852 2881 919 qui
2924 851 3037 905 lzesi
3072 853 3453 921 sunt'restitui.
3504 852 3561 907 Si

1990 945 2113 1010 quis
2141 958 2266 997 vero
2290 943 2580 1013 prmsidum
2610 943 3012 1011 provinciarum
3032 943 3084 995 in
3105 943 3263 996 aliam
3279 943 3565 1012 prmfectu-

1990 1048 2103 1086 ram
2167 1042 2259 1085 aut
2288 1033 2463 1086 locum
2499 1042 2740 1097 vocetur,
2770 1032 3023 1099 jubemus
3056 1041 3231 1099 utper
3258 1033 3560 1099 legitimum

1990 1131 2394 1190 procuratorem
2427 1123 2750 1191 respondeat
2777 1122 2905 1186 illis,
2935 1122 3029 1190 qui
3052 1121 3230 1174 damni
3252 1122 3359 1174 dati
3384 1123 3556 1175 actio-

1991 1226 2111 1265 nem
2140 1212 2236 1280 ipsi
2263 1212 2559 1277 intentant;
2591 1212 2731 1282 quod
2753 1212 2855 1267 nisi
2884 1212 3110 1275 fecerit,
3138 1213 3480 1267 decernimus
3505 1221 3566 1264 ut

1994 1305 2466 1374 (quemadmodum
2503 1320 2667 1373 supra
2710 1305 2915 1359 dictum
2963 1304 3068 1373 est)
3104 1305 3243 1372 apud
3274 1303 3563 1360 sanctissi-

1992 1410 2137 1467 mum
2170 1394 2483 1463 episcopum
2508 1394 2840 1448 memorialia
2882 1404 3001 1447 acta
3044 1393 3420 1458 conficiantur,
3466 1392 3564 1448 iis-

1993 1498 2119 1551 que,
2164 1482 2258 1551 qui
2300 1484 2365 1536 de
2408 1482 2605 1536 damno
2648 1482 2777 1551 ipsis
2833 1482 2981 1536 illato
3020 1482 3343 1552 juraverint,
3384 1480 3562 1536 ablata

1996 1572 2228 1635 restitui,
2265 1572 2406 1624 nulla
2440 1572 2687 1627 videlicet
2719 1573 2953 1626 admissa
2983 1573 3240 1640 temporis
3308 1571 3561 1642 prmeri-

1994 1663 2179 1730 ptione
2211 1663 2277 1716 ad
2306 1662 2592 1717 criminum
2630 1662 3170 1728 animadversionem,
3193 1677 3431 1733 eousque
3456 1664 3564 1719 sci-

1994 1752 2118 1807 licet
2177 1754 2301 1809 dum
2358 1754 2572 1822 praesidi
2632 1754 2959 1824 permissum
3013 1754 3195 1831 fuerit.
3227 1754 3560 1824 provinciam

314 1829 461 1893 σθαι,
503 1830 659 1899 δῆλον
715 1830 798 1882 ὅτι
856 1830 1081 1901 μηδενὸς
1127 1831 1321 1900 χρόνου
1359 1829 1652 1901 δυναμένας
1707 1850 1889 1902 παρα-

1996 1860 2145 1899 suam
2173 1846 2576 1901 administrare.

314 1921 645 1989 γράφεσθαι,
679 1921 788 1975 τῶν
809 1922 1166 1991 ἀδικημάτων
1201 1922 1298 1992 τὴν
1332 1922 1621 1992 εἴσπραξιν
1651 1924 1735 1992 ἐφ’
1769 1926 1890 1977 ὅσον

311 2012 339 2061 ό
369 2011 550 2080 ἄρχων
575 2012 671 2082 τὴν
698 2013 870 2083 ἀρχὴν
904 2014 1110 2067 διέπειν
1145 2013 1629 2085 παρακεχώρηται.

388 2104 455 2166 ζ’.
489 2104 798 2174 Κελεόομεν
830 2106 1039 2167 πάντας
1072 2108 1200 2167 τοὺς
1255 2106 1544 2174 ἄρχοντας,
1593 2104 1750 2157 τοῦτο
1797 2107 1893 2174 μὲν

320 2195 763 2265 στρατιωτικοὺς,
803 2195 959 2248 τοῦτο
995 2196 1052 2247 δὲ
1096 2196 1191 2248 καὶ
1241 2195 1554 2256 πολιτικοὺς
1587 2194 1653 2247 δι’
1688 2195 1894 2248 ἑαυτῶν

316 2286 623 2352 ἀναζητεῖν,
678 2287 800 2347 τοὺς
854 2286 1112 2359 λῃστείας
1163 2286 1195 2355 ἦ
1236 2285 1356 2356 βίας
1389 2285 1421 2355 ἢ
1454 2285 1711 2355 ἁρπαγὰς
1748 2303 1889 2356 πρα-

320 2377 554 2444 γμάτων
583 2377 613 2444 ἢ
650 2378 927 2443 γυναικῶν
954 2378 985 2446 ἢ
1018 2376 1151 2429 ἄλλα
1181 2374 1267 2431 οἷα
1296 2377 1499 2446 δήποτε
1546 2378 1717 2445 ἀτοπή
1728 2395 1894 2445 ματα,

319 2467 375 2518 ἐν
407 2466 526 2525 ταῖς
587 2464 879 2534 ἐπαρχίαις
932 2462 1413 2533 πλημμελοῦντας,
1470 2463 1565 2515 καὶ
1622 2463 1895 2537 τιμωρίας

317 2557 498 2616 αὐτοῖς
545 2557 809 2626 νομίμους
863 2555 1114 2622 ἐπάγειν,
1159 2555 1251 2606 καλ⁴
1296 2554 1430 2623 μηδὲ
1498 2554 1639 2623 ὑπὲρ
1694 2553 1894 2606 τούτων

318 2647 428 2699 τῶν
470 2645 662 2699 αἰτιῶν
705 2643 1025 2713 κομίζεσθαί
1074 2661 1129 2696 τι
1159 2642 1458 2709 συνηθειῶν
1486 2643 1730 2712 ὀνόματι,
1755 2643 1894 2696 ὥστε

318 2736 676 2805 πανταχόθεν,
706 2737 814 2788 τῶν
845 2736 1132 2806 ἡμετέρων
1177 2734 1457 2796 ὑποτελεῖς
1503 2734 1761 2797 ἀϐλαϐεῖς
1793 2753 1895 2803 φυ-

316 2830 641 2883 λάττεσθαι’
670 2830 717 2881 εἰ
748 2828 802 2881 δέ
836 2845 921 2888 τις
951 2827 1061 2881 τῶν
1092 2826 1372 2896 ἀρχόντων
1402 2823 1575 2879 ταῦτα
1610 2825 1684 2896 μὴ
1718 2844 1896 2896 παρα-

318 2921 553 2991 φυλάξῃ,
586 2919 901 2989 γινωσκέτω
931 2918 1006 2987 μὴ
1043 2917 1204 2987 μόνον
1229 2917 1332 2985 τῆς
1366 2918 1896 2988 καταπιστευθείσης

318 3009 465 3080 αὐτῷ
514 3011 689 3079 ἀρχῆς
736 3009 1095 3079 γυμνοῦσθαι,
1137 3006 1274 3060 ἀλλά
1335 3005 1431 3059 καὶ
1483 3006 1613 3060 δέκα
1667 3009 1893 3078 χρυσίου

318 3102 527 3171 λυτρῶν
555 3101 745 3172 ποινὴν
768 3100 1117 3154 καταϐαλεῖν.

387 3201 457 3263 η’.
488 3194 799 3264 Κελεύομεν
833 3193 1039 3263 μηδένα
1066 3191 1177 3245 τῶν
1208 3192 1484 3263 ἀρχόντων
1535 3192 1732 3258 ἐξεῖναι
1775 3209 1886 3261 χω-

322 3286 405 3354 ρὶς
440 3286 743 3353 ἀναγκαίας
788 3285 997 3355 χρείας,
1035 3283 1349 3353 ἀποδημίας
1380 3282 1675 3345 ποιεῖσθαι,
1710 3282 1744 3352 ἢ
1789 3282 1890 3344 τὰς

319 3378 616 3447 λεγομένας
642 3378 814 3447 γύρας
836 3394 849 3406 ο
882 3379 930 3429 εἰ
960 3376 1018 3429 δέ
1050 3394 1131 3439 τις
1172 3375 1387 3444 ἀνάγκη
1417 3373 1635 3426 καλέσει
1686 3372 1890 3424 τοιοῦτό

318 3486 371 3521 τι
398 3469 672 3537 γενέσθαι,
706 3469 1091 3538 δαπανήμασιν
1140 3467 1363 3529 οἰκείοις
1425 3465 1581 3517 τοῦτο
1644 3464 1891 3517 ποιείτω-

322 3578 440 3621 σαν,
500 3562 646 3613 οἵτε
703 3560 983 3630 ἄρχοντες,
1024 3560 1118 3612 καὶ⁸
1167 3559 1216 3610 οἱ
1262 3558 1634 3627 προσήκοντες
1685 3556 1887 3619 αὐτοῖς,

326 3652 420 3704 καὶ
448 3653 480 3720 ἡ
507 3651 806 3719 πειθομένη
832 3651 1015 3711 αὐτοῖς
1041 3649 1211 3714 τάξις,
1242 3652 1378 3720 μήτε
1439 3651 1495 3703 δὲ
1538 3650 1884 3719 άγγαρείαις,

321 3742 354 3810 ἥ
386 3744 495 3803 τοῖς
515 3741 678 3793 καλου
689 3740 867 3809 μένοις
893 3740 1051 3807 ὲπιδη
1062 3743 1308 3808 μητικοῖς
1330 3741 1363 3807 ἢ
1398 3741 1559 3810 ἑτέρᾳ
1583 3741 1669 3810 οἵᾳ
1690 3740 1891 3809 δήποτε

320 3831 518 3902 ζημία,
566 3831 821 3899 βαρύνειν
870 3830 996 3890 τοὺς
1046 3831 1347 3899 ἡμετέρους
1394 3831 1695 3891 ὑποτελεῖς,
1756 3831 1891 3897 μήτε

318 3924 376 3976 te
457 3922 741 3989 συνηθείας
792 3920 1080 3987 ὀνομάζειν
1134 3921 1166 3988 ἢ
1241 3920 1445 3988 ζητεῖν,
1504 3919 1685 3986 ἇσπερ
1731 3917 1893 3986 τυχόν

318 4033 466 4077 τινες
485 4014 593 4067 τῶν
623 4013 1121 4083 προηγησαμένων,
1152 4011 1231 4073 είς
1286 4012 1487 4063 οἰκεῖον
1540 4009 1747 4075 κέρδος,
1781 4006 1895 4059 ἀδί-

317 4125 433 4170 κως
487 4106 821 4174 ἐπενόησανο
862 4104 931 4156 τά
975 4102 1083 4173 γὰρ
1128 4101 1313 4163 κακῶς
1356 4100 1741 4169 ἐπινοούμενα,
1776 4098 1894 4151 οὐδὲ

320 4201 389 4251 ἐκ
420 4199 638 4267 μακρᾶς
667 4195 957 4265 συνηθείας
993 4193 1302 4263 βοηθεῖσθαι
1332 4191 1654 4261 βουλόμεθα.

920 4307 1168 4360 ἸἸΤΛΟΣ
1209 4308 1290 4362 H'.

324 4402 465 4470 Περὶ
512 4402 859 4455 ἐπισκόπων
890 4399 991 4452 καὶ
1043 4398 1426 4470 χειροτονιῶν
1457 4398 1556 4451 καὶ
1584 4396 1897 4465 προϐολῶν

674 4468 1193 4535 ἑκκλησιαστικῶν
1215 4469 1538 4522 παντοίων.

398 4571 467 4618 α’.
512 4563 842 4624 Ἐπίσκοπός
878 4564 1024 4615 ἐστιν
1065 4560 1160 4612 καὶ
1197 4560 1535 4631 ὲπιτηρητὴς
1584 4559 1679 4613 καὶ
1707 4560 1902 4628 ἐπιμε-

327 4657 496 4725 λητὴς
527 4654 718 4707 πασῶν
753 4653 862 4706 τῶν
908 4649 1421 4721 ὲκκλησιαζομένων
1457 4650 1663 4719 ψυχῶν,
1695 4650 1801 4703 τῶν
1843 4650 1902 4701 ἐν

326 4750 394 4817 τῇ
420 4747 581 4799 αὐτοῦ
612 4746 849 4815 ἐπαρχίᾳ
875 4744 1101 4813 δύναμιν
1132 4743 1268 4812 ἔχων
1286 4742 1579 4812 τελετικὴν
1612 4783 1626 4807 ,
1662 4740 1901 4811 πρεσϐυ-

326 4840 488 4908 τέρου
524 4839 617 4890 καλ.
649 4838 920 4902 διακόνου,
966 4837 1062 4889 καὶ
1108 4833 1481 4902 ἀναγνώστου,
1528 4833 1623 4886 καὶ
1658 4833 1896 4902 ψάλτου,

332 4930 426 4981 καὶ
460 4928 717 4999 μοναχοῦ.

403 5021 469 5090 β’.
497 5022 658 5073 Ἴδιον
686 5020 1011 5083 ἐπισκόπου,
1057 5020 1170 5081 τοῖς
1218 5018 1316 5088 μὲν
1344 5018 1621 5078 ταπεινοῖς
1658 5032 1894 5083 συγκατ-

332 5111 609 5180 ἑρχεσθαι,
671 5113 1034 5181 καταφρονεῖν
1098 5110 1153 5162 δὲ
1198 5108 1308 5161 τῶν
1366 5104 1768 5176 ἐπαιρομένων,
1807 5104 1902 5156 καὶ

334 5206 467 5274 πρὸς
496 5204 826 5257 ταπείνωσιν
858 5204 1003 5273 ἔργῳ
1048 5203 1143 5255 καὶ
1178 5201 1321 5267 λόγῳ
1371 5199 1479 5252 τῶν
1534 5196 1899 5267 ὑπερηφάνων

329 5298 390 5347 τὶ
422 5298 675 5366 φρόνημα
713 5295 1020 5356 καθέλκειν,
1063 5294 1156 5346 καὶ
1186 5289 1629 5362 προκινδυνεύειν
1655 5288 1748 5341 τοῦ
1782 5305 1901 5340 ποι-

335 5388 511 5458 μνίου,
541 5391 635 5440 καὶ
670 5387 766 5457 τὴν
818 5386 1026 5439 ἐκείνου
1058 5384 1441 5455 στενοχωρίαν,
1473 5381 1677 5435 οἰκείαν
1706 5379 1900 5448 ὀδύνην

332 5479 623 5534 ποιεῖσθαι.
721 5501 745 5526 ο

401 5567 472 5638 γ’.
512 5570 825 5639 Κελεύομεν
879 5570 927 5621 εἰ
991 5567 1172 5637 μέλλει
1236 5568 1535 5631 ἐπίσκοπος
1579 5568 1903 5637 χειροτονεῖο

340 5661 483 5723 σθαι,
511 5662 929 5732 συνεληλυθέναι
959 5661 1087 5722 τοὺς
1117 5660 1432 5730 κληρικοὺς,
1468 5662 1559 5714 καὶ
1588 5662 1713 5723 τοὺς
1749 5659 1900 5729 πρώ-

342 5769 462 5819 τους
514 5755 613 5818 τῆς
668 5754 894 5818 πόλεως,
943 5751 1035 5805 καὶ
1082 5752 1174 5805 ἐπὶ
1211 5752 1355 5820 τρισὶ
1385 5751 1691 5822 προσώποις
1733 5752 1901 5821 thasi-

2064 2110 2118 2163 7.
2148 2109 2405 2166 Juhemus
2435 2127 2626 2167 omnes
2657 2111 2935 2180 praesides,
2967 2120 3076 2165 tam
3110 2109 3375 2165 militares
3399 2121 3557 2176 quam

1998 2207 2227 2267 togatos,
2266 2201 2544 2268 inquirere
2589 2202 2641 2254 in
2676 2201 2957 2270 latrocinia
2989 2211 3043 2256 et
3078 2202 3318 2270 rapinas,
3347 2208 3562 2268 raptus-

1996 2301 2100 2355 que
2134 2288 2443 2354 mulierum,
2473 2300 2563 2343 aut
2590 2290 2691 2343 alia
2724 2306 3074 2359 quarcumque
3100 2290 3328 2343 crimina
3360 2288 3410 2340 in
3441 2300 3564 2355 pro-

1996 2378 2174 2431 vincia
2224 2381 2532 2447 commissa,
2579 2388 2633 2434 et
2676 2379 2945 2450 legitimas
2980 2381 3155 2434 noxiis
3188 2393 3380 2450 poenas
3426 2377 3563 2432 inﬂi-

1995 2485 2143 2539 gere,
2180 2483 2353 2539 neque
2379 2471 2669 2540 quidquam
2706 2473 2775 2527 ob
2821 2474 2919 2527 bas
2950 2487 3141 2527 causas
3181 2472 3425 2539 accipere
3462 2471 3561 2524 sub

1995 2565 2405 2618 consuetudinis
2448 2575 2708 2633 praetextu
2744 2584 2757 2620 :
2796 2576 2854 2621 ut
2905 2567 3101 2635 ubique
3154 2564 3353 2620 subditi
3392 2562 3560 2618 nostri

1994 2654 2061 2706 ab
2112 2654 2323 2723 injuriis
2375 2655 2642 2709 innnunes
2695 2666 3101 2709 conserventur.
3154 2654 3213 2710 Si
3267 2654 3387 2722 quis
3432 2666 3562 2707 vero

1996 2745 2279 2813 praesidum
2321 2744 2435 2798 haec
2486 2760 2592 2798 non
2643 2745 2960 2809 servaverit,
2993 2745 3130 2799 sciat
3165 2759 3224 2799 se
3251 2759 3355 2798 non
3387 2742 3559 2797 solum

1995 2835 2273 2904 provincia
2317 2834 2421 2889 sibi
2468 2834 2673 2889 credita
2706 2836 2975 2903 privatum
3012 2835 3099 2901 iri,
3132 2842 3185 2890 et
3223 2834 3409 2890 decem
3441 2829 3559 2885 auri

1995 2925 2161 2981 libras
2183 2940 2354 2995 poenae
2384 2926 2601 2981 nomine
2634 2926 3055 2996 persoluturum.

2069 3193 2120 3247 8.
2149 3192 2406 3248 Juhemus
2432 3209 2501 3249 ne
2527 3194 2775 3263 cuiquam
2809 3194 3097 3263 praesidum
3123 3194 3280 3250 liceat
3306 3196 3423 3250 sine
3452 3209 3563 3249 ne-

1999 3287 2234 3341 cessaria
2289 3302 2471 3353 causa,
2521 3287 2884 3357 egressionem
2917 3303 2981 3341 ex
3032 3287 3306 3354 provincia
3364 3288 3560 3342 facere.

2001 3377 2055 3430 Si
2083 3392 2201 3444 quae
2230 3392 2360 3433 vero
2391 3378 2687 3432 necessitas
2707 3392 2828 3431 eum
2861 3377 2925 3430 ad
2958 3378 3060 3431 hoc
3088 3376 3388 3431 faciendum
3418 3392 3563 3431 com-

2000 3468 2218 3536 pulerit,
2258 3468 2490 3537 propriis
2540 3468 2839 3537 sumptibus
2896 3467 2949 3522 id
2999 3466 3217 3533 faciant,
3272 3475 3379 3521 lam
3429 3468 3561 3536 ipse,

1999 3572 2158 3626 quam
2215 3559 2507 3613 necessarii
2558 3559 2695 3628 ejus,
2723 3560 2922 3629 quique
2972 3560 3178 3614 circum
3217 3559 3391 3627 ipsum
3440 3569 3566 3613 sunt

2000 3651 2383 3718 apparitores:
2414 3652 2506 3705 sed
2552 3666 2727 3720 neque
2771 3652 3028 3720 angariis,
3076 3664 3249 3718 neque
3295 3649 3400 3703 illis
3446 3664 3564 3717 qua:

2000 3755 2096 3807 pro
2121 3741 2364 3808 ingressu
2393 3741 2610 3801 dantur,
2639 3755 2810 3808 neque
2835 3741 2952 3794 aliis
2970 3742 3093 3793 ullis
3116 3742 3420 3808 sumptibus
3445 3754 3566 3807 gra-

2001 3847 2129 3885 vare
2158 3832 2399 3884 subditos
2424 3842 2639 3885 nostros
2653 3830 2709 3883 ‘ei
2740 3831 3135 3899 permittimus;
3170 3844 3340 3898 neque
3362 3836 3565 3897 quaeret

2003 3932 2092 3974 aut
2117 3922 2409 3988 praetendet
2438 3923 2538 3973 hac
2574 3920 2627 3971 in
2661 3934 2717 3971 re
2748 3920 3209 3981 consuetudinem,
3248 3934 3408 3986 quam
3432 3917 3567 3970 forte

1980 4010 2313 4063 decessores
2359 4008 2475 4076 ejus
2526 4008 2716 4075 privati
2765 4008 3029 4061 commodi
3072 4022 3235 4062 causa
3288 4008 3564 4072 excogita-

2005 4108 2130 4154 runt
2165 4122 2177 4154 :
2208 4114 2326 4167 qua:
2358 4098 2501 4152 enim
2530 4097 2668 4151 male
2694 4078 2994 4151 introducta
3025 4104 3169 4158 sunt,
3217 4112 3284 4152 ne
3314 4110 3380 4152 ex
3409 4096 3565 4166 longa

2002 4190 2215 4261 quidem
2255 4189 2662 4252 consuetudine,
2695 4187 2936 4257 adjuvari
2966 4186 3232 4242 volumus.

2548 4300 2845 4356 TITULUS
2884 4300 3018 4356 VIII.

2005 4396 2084 4451 De
2105 4397 2379 4467 episcopis,
2400 4404 2448 4450 et
2469 4410 2648 4449 eorum
2680 4394 2960 4475 creatione,
2981 4396 3188 4459 «omni
3213 4392 3566 4448 ecclesiastica

2603 4476 2978 4521 nommattone.

2076 4562 2129 4614 ‘l.
2162 4560 2457 4629 Episcopus
2485 4566 2567 4612 est
2589 4557 2890 4611 animarum
2919 4555 3156 4609 omnium
3187 4570 3305 4624 qua:
3330 4554 3430 4623 ipsi
3452 4568 3570 4608 cre-

2003 4652 2130 4707 dita:
2165 4660 2291 4705 sunt
2316 4659 2535 4704 curator
2558 4658 2614 4703 et
2644 4654 3017 4711 conservator,
3045 4646 3249 4699 habens
3277 4645 3332 4698 in
3356 4645 3566 4714 episco-

2002 4754 2128 4813 patu
2159 4758 2255 4797 suo
2282 4741 2581 4796 absolutam
2610 4739 2905 4809 potentiam
2951 4738 3004 4791 in
3040 4738 3410 4807 presbyteros,
3447 4737 3565 4791 dia—

2003 4849 2190 4898 conos,
2223 4841 2570 4902 anagnostas,
2610 4830 2815 4900 psaltas
2843 4839 2896 4884 et
2927 4831 3241 4884 monachos.

2072 5010 2127 5062 2.
2165 5006 2442 5075 Proprium
2474 5005 2710 5074 episcOpi
2733 5011 2836 5071 est,
2872 5018 2996 5058 cum
3028 5002 3319 5057 humilibus
3349 5001 3564 5070 quidem

2004 5100 2334 5160 conversari,
2386 5097 2666 5167 despicere
2716 5108 2896 5150 autem
2939 5111 3033 5151 eos
3065 5095 3154 5165 qui
3202 5094 3382 5147 animo
3425 5094 3567 5146 elato

2001 5204 2146 5259 sunt,
2178 5204 2288 5247 tum
2345 5193 2508 5246 etiam
2562 5190 2739 5244 verbis
2766 5188 3030 5258 factisque
3071 5187 3438 5255 arrogantium
3476 5200 3567 5237 su-

2003 5288 2241 5357 perbiam
2292 5286 2358 5338 ad
2410 5282 2765 5337 humilitatem
2818 5281 3053 5335 trahere.
3087 5280 3300 5345 Qumvis
3332 5275 3565 5345 pericula

2004 5396 2100 5449 pro
2144 5394 2304 5447 grege
2338 5394 2435 5432 Stm
2483 5376 2685 5440 subire,
2734 5384 2789 5430 et
2826 5374 2968 5429 illius
2999 5373 3280 5443 angustias
3333 5368 3565 5438 propriis

2005 5471 2277 5525 doloribus
2311 5471 2585 5537 deputare.

2072 5560 2124 5614 5.
2157 5557 2415 5613 Juhemus
2446 5569 2500 5611 ut
2535 5560 2578 5613 si
2626 5557 2908 5626 cpiscopus
2954 5553 3285 5608 ordinandus
3320 5550 3412 5615 sit,
3439 5565 3567 5605 con-

2005 5653 2220 5706 veniant
2252 5651 2456 5713 clerici,
2495 5658 2547 5704 ct
2602 5651 2653 5703 in
2706 5650 2792 5702 illa
2834 5648 3050 5702 civitate
3083 5645 3266 5714 primi,
3317 5654 3375 5698 ut
3405 5659 3566 5712 super

2008 5745 2180 5799 tribus
2228 5743 2471 5813 personis
2525 5742 2741 5796 decreta
2792 5740 3028 5807 faciant,
3086 5748 3141 5795 ct
3196 5738 3564 5808 unusquisque
