4058 6212
484 343 594 411 479

1499 351 2014 415 ΩΟΝὸΤΑΝΤΙΝΙ
2056 351 2620 413 POR-PHYROGEN
2633 352 2738 412 [TI
2774 385 2780 390 -

3648 354 3758 419 480

486 474 648 512 manu
703 473 799 514 sua
857 457 1186 520 subscribat,
1233 458 1375 526 quod
1429 474 1606 531 neque
1656 462 1850 531 pretio,
1889 475 2054 530 neque

2166 477 2355 529 σματα
2408 464 2606 528 ποιεῖν,
2665 461 2762 513 καὶ
2811 461 3042 516 ἕκαστον
3104 464 3288 516 αὐτῶν
3340 473 3743 538 χειρογραφεῖν

487 547 894 615 pollicitatione,
933 561 1108 616 neque
1152 549 1412 615 amicitia,
1447 561 1540 605 aut
1581 554 1780 622 gratia,
1832 561 1926 606 aut
1959 551 2065 605 alio

485 638 673 707 quovis
695 637 889 692 adeotu
935 639 1138 696 inducti
1166 643 1296 710 sint,
1329 645 1425 699 sed
1462 654 1800 715 compertum
1830 648 2066 703 habeant

483 730 630 798 ipsos
664 740 823 784 rectae
850 741 904 785 et
931 733 1209 789 catholicae
1244 736 1368 790 ﬁdei
1399 737 1633 806 vitaeque
1667 739 1979 809 inculpatae,
2011 751 2066 796 et

479 821 589 888 jam
617 820 950 877 tricesimum
977 841 1179 880 annum
1213 843 1596 899 supergressos
1612 845 1736 887 esse
1768 849 1782 886 :
1813 833 2065 904 scireque

485 926 544 966 se
579 915 720 980 quod
761 930 934 983 neque
971 933 1200 974 uxorem
1239 933 1416 992 neque
1450 922 1651 980 liberos
1679 925 1933 993 habeant,
1966 941 2063 981 nec

484 1017 594 1073 que
624 1005 871 1071 pellicem
907 1017 1000 1061 aut
1044 1010 1246 1067 liberos
1285 1014 1598 1082 naturales;
1631 1017 1725 1072 sed
1753 1016 1800 1071 si
1843 1016 1969 1088 quis
1998 1031 2063 1072 ex

484 1095 617 1165 ipsis
668 1098 818 1168 prius
867 1117 1090 1156 uxorem
1150 1104 1358 1173 habuit,
1420 1122 1540 1162 eam
1598 1111 1814 1165 unicam
1873 1110 2061 1178 fuisse,

483 1205 713 1260 eamque
749 1209 848 1249 nec
879 1195 1112 1264 viduam,
1142 1214 1316 1269 neque
1347 1216 1376 1255 a
1406 1202 1522 1258 viro
1549 1202 1853 1270 dimissam,
1889 1220 2065 1276 neque

486 1285 691 1338 sanctis
719 1289 1018 1343 canonibus
1051 1291 1376 1360 prohibitos,
1411 1302 1466 1348 et
1499 1311 1566 1351 ex
1614 1297 1784 1352 tribus
1818 1300 2064 1367 personis

484 1373 548 1428 de
579 1376 774 1444 quibus
803 1377 1079 1434 decretum
1111 1381 1314 1438 factum
1351 1396 1457 1451 est,
1489 1387 1728 1456 Optimus
1761 1390 2060 1445 ordinetur.

483 1464 792 1534 Adjiciatur
830 1481 1090 1538 praeterea
1124 1475 1332 1543 judicio
1377 1477 1714 1546 designantis
1741 1520 1754 1546 ,
1789 1491 1847 1535 ut
1881 1481 2062 1538 libello

485 1557 554 1611 ab
579 1557 694 1626 ipso
731 1559 876 1617 facto
899 1579 1020 1617 cum
1044 1567 1255 1635 prOpria
1290 1570 1713 1640 subscriptione,
1746 1574 2062 1630 continente

487 1649 858 1704 testimonium
897 1654 962 1708 de
1009 1664 1156 1709 recta
1191 1657 1309 1724 ejus
1341 1659 1469 1726 ﬁde,
1519 1661 1800 1718 denuntiet
1833 1674 1888 1720 et
1920 1667 2060 1721 divi-

483 1752 610 1790 num
662 1740 950 1796 adventum
1006 1744 1063 1798 in
1113 1760 1267 1800 sacra
1299 1751 1684 1806 communione
1719 1752 1946 1817 factum,
2006 1764 2061 1810 et

2167 551 2369 604 ὁτίονδε
2407 538 2646 605 διάδοσιν
2687 551 2752 623 [Ῑ.
2793 553 2918 605 οὗτε
2954 554 3012 606 δὲ
3065 554 3154 607 διὰ
3187 553 3383 626 δόσινῖ,
3441 555 3565 610 οὔτε
3623 560 3757 614 ὑπό-

2173 645 2430 714 σχεσιν,ἢ
2461 645 2667 712 φιλίαν,
2697 646 2730 716 ἢ
2753 647 2934 716 χάριν,
2958 647 2991 717 ἢ
3016 647 3185 718 ἄλλην
3210 650 3330 702 οἵαν
3356 650 3557 721 δήποτε
3586 671 3756 724 προσ-

2165 735 2419 800 πάθειαν,
2458 735 2573 788 ἀλλ’
2609 736 2813 799 εἰδότες
2871 737 3071 802 αὐτοὺς
3133 740 3233 810 τῆς
3265 742 3436 814 ὀρθῆς
3469 745 3566 797 καὶ
3611 747 3758 800 καθ-

2175 827 2365 898 ολικῆς
2393 828 2628 892 πίστεως
2652 828 2746 882 καὶ
2773 829 2976 899 σεμνοῦ
3001 830 3140 901 βίου,
3165 833 3263 901 καὶ
3287 834 3426 907 ὑπὲρ
3447 836 3506 889 τὸ
3535 855 3756 908 τριακο-

2171 921 2294 975 στὸν
2340 920 2461 984 ἔτος
2509 921 2738 985 τούτους
2782 919 2924 976 εἶναι
2976 923 3327 993 ἐπελέξαντο,
3363 932 3458 981 καὶ
3512 929 3592 981 ὅτι
3635 930 3756 982 οὐδὲ

2166 1013 2412 1082 γαμετὰς
2444 1013 2565 1068 οὐδὲ
2613 1013 2807 1076 παῖδας
2844 1013 2992 1067 ἴσασί
3020 1033 3189 1081 τινας
3223 1017 3283 1082 ἐξ
3310 1019 3488 1076 αὐτῶν
3529 1020 3693 1090 ἔχειν,
3725 1022 3757 1092 ἢ

2170 1104 2460 1176 παλλακὴν
2495 1105 2528 1175 ἢ
2581 1106 2784 1169 παῖδας
2817 1108 3106 1176 φυσικοὺς,
3133 1109 3249 1163 ἀλλ’
3285 1112 3332 1163 εἰ
3360 1111 3452 1163 καὶ
3492 1113 3759 1182 πρότερόν

2165 1213 2250 1260 τις
2271 1197 2330 1263 ἐξ
2354 1198 2533 1252 αὐτῶν
2558 1197 2826 1269 γαμετὴν
2853 1196 2999 1270 εἶχεν
3022 1202 3116 1255 καὶ
3137 1201 3307 1273 αὐτὴν
3328 1203 3480 1272 μίαν,
3507 1205 3602 1256 καὶ
3633 1205 3758 1257 οὐδὲ

2165 1288 2365 1358 χήραν,
2401 1289 2524 1342 οὐδὲ
2559 1290 2752 1362 ἀνδρὸς
2798 1292 3253 1363 ἀποζευχθεῖσαν,
3288 1294 3410 1347 οὐδὲ
3439 1297 3552 1359 τοῖς
3588 1297 3759 1367 ἱεροῖς

2165 1378 2388 1432 κανόσιν
2432 1381 2943 1453 ἀπηγορευμένους,
2977 1385 3075 1438 καὶ
3103 1385 3167 1438 ὲκ
3198 1385 3307 1440 τῶν
3366 1388 3535 1458 τριῶν
3591 1407 3758 1458 προσ-

2173 1470 2350 1524 ώπων
2390 1473 2499 1527 τῶν
2523 1473 2936 1545 ψηφιζομένων,
2979 1477 3006 1528 ὁ
3032 1477 3259 1546 βελτίων
3313 1481 3751 1550 χειροτονείσθω,

2167 1557 2396 1629 ἐπιλογῇ
2423 1560 2520 1613 καὶ
2541 1561 2623 1632 τῷ
2647 1563 2877 1634 κρίματι
2904 1564 2998 1618 τοῦ
3026 1566 3481 1636 χειροτονοῦντος,
3507 1567 3750 1624 λιϐέλλου

2165 1650 2297 1720 παρ’
2329 1652 2496 1704 αὑτοῦ
2525 1655 2812 1726 γινομένου
2856 1656 2975 1726 μεθ’
2999 1658 3330 1729 ὑπογραφῆς
3363 1659 3521 1725 ἰδίας,
3595 1679 3754 1734 περι-

2168 1741 2397 1811 έχοντος
2427 1746 2674 1816 περὶτῆς
2699 1747 2865 1819 ὀρθῆς
2900 1748 3063 1802 αὐτοῦ
3095 1749 3356 1818 πίστεως,
3389 1753 3751 1823 ἀπαγγέλλειν

481 1830 848 1896 precationem
884 1832 938 1887 in
991 1849 1148 1890 sacro
1182 1838 1527 1908 baptismate,
1566 1843 1910 1915 reliquasque
1937 1862 2054 1916 pre-

2169 1835 2227 1888 δὲ
2262 1837 2474 1904 τοῦτον,
2519 1841 2614 1893 καὶ
2645 1839 2743 1910 τὴν
2800 1841 2950 1896 Θείαν
3002 1845 3400 1917 προσκομιδὴν,
3429 1846 3528 1917 τὴν
3556 1849 3647 1900 ἐπὶ
3683 1851 3751 1918 τῇ

481 1920 744 1978 cationes.
781 1923 884 1978 Sed
918 1935 971 1980 et
1001 1927 1116 1995 ipse
1155 1928 1468 1999 designatus
1497 1936 1714 2005 propria
1751 1953 1911 1992 manu
1937 1942 2063 1994 sub-

479 2013 704 2080 scribat,
743 2016 887 2084 quod
914 2032 1088 2087 neque
1121 2036 1216 2089 per
1246 2037 1304 2076 se
1353 2023 1529 2094 ipsum
1571 2043 1748 2098 neque
1779 2046 1874 2099 per
1902 2033 2060 2087 aliam

479 2118 769 2172 personam
800 2106 1008 2163 dederit
1036 2119 1128 2165 aut
1157 2117 1487 2184 promiserit,
1517 2128 1608 2172 aut
1643 2125 1867 2189 posthac
1901 2125 2062 2177 datu-

482 2211 575 2248 rus
599 2197 694 2263 sit,
721 2198 804 2252 vel
834 2199 907 2254 illi
939 2202 1030 2270 qui
1062 2218 1183 2258 eum
1216 2206 1543 2277 designavit,
1574 2212 1655 2267 vel
1689 2212 1794 2268 illis
1824 2215 1914 2284 qui
1946 2215 2060 2271 suf-

480 2283 656 2355 fragio
685 2303 784 2344 suo
813 2306 934 2345 eum
966 2292 1244 2364 juverunt,
1280 2311 1375 2354 aut
1406 2303 1640 2372 denique
1691 2307 1914 2362 omnino
1943 2309 2061 2364 cui-

481 2392 668 2448 quam,
704 2397 804 2451 pro
837 2383 1215 2456 designatione
1250 2391 1304 2448 in
1336 2393 1511 2463 ipsum
1537 2395 1702 2451 facta.

547 2667 600 2722 4.
653 2669 915 2728 Jubemus
965 2677 1251 2746 episcopos
1302 2689 1541 2750 creatos,
1591 2686 1636 2741 si
1667 2703 1826 2758 quem
1860 2690 2055 2749 laicum

456 2764 735 2827 ,praedicta
767 2766 1032 2822 electione
1082 2770 1304 2841 dignum
1354 2781 1692 2846 censuerint,
1726 2784 1869 2840 hunc
1896 2787 2054 2844 talem

481 2865 584 2903 una
611 2868 732 2906 enm
758 2855 880 2911 aliis
907 2859 1078 2914 tribus
1102 2862 1318 2922 clericis
1347 2882 1441 2922 aut
1472 2875 1753 2930 monachis
1779 2876 2012 2949 allegere
2039 2899 2052 2935 :

478 2943 553 2996 ita
585 2944 803 3012 quidem
837 2958 892 3002 ut
947 2949 1116 3006 laicus
1159 2954 1260 3009 hac
1287 2959 1497 3014 ratione
1539 2963 1592 3017 in
1625 2966 1931 3038 episcopum
1960 2973 2055 3027 ad-

456 3033 647 3089 ‘lcclus
687 3053 793 3092 non
836 3039 1058 3110 quidem
1090 3044 1377 3118 episcopus
1413 3033 1668 3121 creetur,
1696 3059 1790 3114 sed
1823 3062 2052 3130 primum

478 3126 693 3184 clericis
744 3147 850 3186 non
897 3135 1079 3192 minus
1123 3154 1285 3208 quam
1344 3143 1505 3199 trium
1562 3151 1826 3205 mensium
1877 3157 2052 3223 spatio

478 3219 882 3292 adnumeretur,
931 3235 987 3282 et
1032 3229 1112 3284 sic
1159 3242 1381 3289 sanctos
1420 3250 1656 3295 canones
1724 3254 2053 3316 sanctasque

476 3308 1004 3386 Ecclesiaelilurgias
1033 3322 1258 3380 edoctus
1284 3327 1572 3397 episcopus
1607 3333 1889 3391 ordinetur
1918 3355 1930 3390 :
1966 3339 2058 3407 qui

474 3404 617 3457 enim
657 3406 791 3462 alios
833 3409 1096 3468 docturus
1144 3425 1247 3480 est,
1294 3434 1400 3473 non
1446 3425 1704 3479 convenit
1755 3441 1888 3482 eum
1937 3442 2060 3500 post

474 3495 901 3564 designationem
935 3503 1002 3556 ab
1025 3505 1145 3559 aliis
1171 3507 1399 3566 discere.
1436 3510 1541 3567 Sed
1573 3515 1619 3569 si
1648 3517 1865 3586 quidem
1890 3495 2056 3579 etiam

475 3587 600 3640 dum
639 3589 789 3646 laicis
827 3609 1331 3668 connumeraretur,
1370 3607 1482 3674 jam
1522 3592 1853 3670 sufﬁcienter
1875 3620 2056 3675 omnia

474 3678 699 3735 edoctus
741 3681 927 3751 fuerit,
977 3690 1044 3742 ad
1089 3691 1318 3749 aliorum
1376 3698 1796 3772 institutionem,
1857 3707 1912 3762 in
1964 3710 2057 3765 tali

473 3776 691 3841 tempus
739 3777 1059 3843 praeﬁnitum
1099 3799 1206 3841 non
1250 3791 1500 3858 servari,
1544 3798 1885 3867 experientia
1938 3802 2056 3859 sine

472 3863 715 3930 periculo
753 3867 954 3925 docuit.

539 4050 594 4104 5.
624 4050 680 4106 Si
708 4052 752 4109 is
776 4055 866 4124 qui
891 4056 1256 4130 designandus
1277 4077 1381 4133 est,
1411 4075 1666 4139 tanquam
1695 4090 1801 4129 non
1826 4076 2055 4134 idoneus

468 4153 775 4213 accusetur,
812 4147 1097 4207 differatur
1126 4155 1430 4226 designatio
1477 4174 1530 4216 et
1574 4168 1834 4231 procedat
1873 4169 2054 4238 inqui-

464 4235 591 4290 sitio
637 4252 734 4293 seu
780 4250 1047 4307 praesente
1101 4259 1196 4300 seu
1225 4249 1460 4326 absente
1509 4254 1846 4324 adversario,
1886 4260 2051 4329 idque

467 4325 606 4379 intra
663 4338 770 4383 tres
818 4346 1072 4423 menses;
1130 4346 1185 4392 et
1225 4323 1275 4394 si
1321 4341 1686 4423 designandus
1734 4347 2050 4407 inveniatur

465 4419 733 4475 obnoxius
779 4424 970 4493 culpae,
1013 4409 1098 4482 ἴοι
1147 4445 1213 4484 cx
1265 4432 1477 4501 legibus
1525 4437 1609 4491 vel
1637 4421 1702 4492 ex
1750 4444 2050 4503 canonibus

2168 1927 2303 1999 ἁγίᾳ
2339 1931 2599 2002 κοινωνίᾳ
2637 1933 2956 2005 γινομένην,
2999 1936 3096 1990 καὶ
3128 1939 3228 2008 τὴν
3259 1940 3352 1992 ὲπί
3382 1938 3461 2010 τῷ
3487 1939 3628 2011 ἁγίῳ
3660 1941 3756 2011 βα-

2167 2018 2433 2089 πτίσματι
2469 2021 2635 2093 εὐχὴν
2663 2024 2883 2090 καὶτὰς
2927 2027 3123 2092 λοιπὰς
3157 2029 3346 2101 εὐχὰς,
3374 2021 3664 2103 ίδιόχειρον
3698 2033 3757 2086 δὲ

2168 2110 2413 2182 ὑπέχειν,
2446 2115 2543 2167 καὶ
2592 2115 2756 2168 αὐτὸν
2811 2117 2902 2170 τὸν
2949 2121 3450 2192 χειροτονούμενον,
3503 2123 3579 2188 ὠς
3628 2124 3754 2179 οὔτε

2164 2203 2233 2256 δι’
2287 2205 2506 2272 ἑαυτοῦ,
2564 2206 2689 2261 οὔτε
2733 2208 2800 2261 δι’
2853 2210 3042 2282 ἑτέρου
3096 2213 3392 2283 προσώπου
3437 2215 3670 2271 δέδωκεν
3715 2218 3748 2289 ἦ

2165 2294 2454 2366 ὑπέσχετο,
2487 2299 2609 2352 οὐδὲ
2645 2300 2785 2380 μετά
2818 2301 2994 2356 ταῦτα
3026 2303 3210 2372 δώσει,
3240 2306 3273 2377 ἢ
3312 2308 3462 2380 αὐτῷ
3511 2308 3588 2380 τῷ
3633 2326 3748 2380 χει-

2165 2378 2472 2456 ροτονοῦῦτι
2514 2391 2696 2457 αὐτὸν,
2729 2370 2774 2463 ἢ.
2793 2396 2907 2458 τοῖς
2957 2395 3025 2449 τά
3072 2370 3401 2470 ψηφίσματα
3431 2370 3750 2474 ’ποιησαμέ-

2162 2495 2293 2543 νοις,
2338 2478 2370 2550 ἢ
2408 2480 2578 2553 ἑτέρῳ
2609 2483 2719 2539 τῶν
2767 2486 2989 2542 πάντων
3010 2489 3117 2543 τινὶ
3161 2491 3303 2562 ὑπὲρ
3338 2494 3437 2565 τῆς
3473 2497 3554 2559 είς
3585 2497 3750 2552 αὑτὸν

2161 2572 2457 2643 γινομένης
2494 2578 2850 2647 χειροτονίας.

2231 2685 2292 2740 δ’.
2325 2688 2640 2761 Κελεύομεν
2666 2694 2793 2756 τοὺς
2829 2695 3260 2769 ψηφιζομένους,
3289 2702 3344 2756 εἴ
3374 2721 3500 2758 τινα
3552 2722 3748 2776 κοσμιο

2163 2779 2260 2833 κον
2316 2781 2468 2848 ἄξιον
2518 2784 2619 2855 τῆς
2679 2792 3094 2863 προειρημένης
3127 2794 3389 2864 ὲπιλογῆς
3424 2791 3563 2850 εἶναι
3593 2797 3749 2868 νομί-

2161 2891 2316 2941 σωσι,
2345 2875 2436 2930 τὸν
2460 2879 2704 2934 τοιοῦτον
2731 2883 2847 2952 ἅμα
2875 2883 3061 2949 ἄλλοις
3092 2889 3239 2959 τρισὶ
3264 2889 3552 2962 κληρικοῖς
3581 2894 3615 2965 ἢ
3658 2909 3749 2963 μοι

2159 2969 2340 3036 ναχοῖς
2404 2969 2776 3038 ἐπιλέξασθαι,
2831 2973 2976 3029 οὕτω
3044 2977 3374 3048 μέντοι,ἴνα
3425 2984 3453 3036 6
3485 2981 3746 3053 κοσμικδς

2160 3058 2338 3129 τούτῳ
2375 3060 2454 3132 τῷ
2493 3061 2680 3134 τρόπῳ
2711 3066 2793 3128 είς
2836 3066 3136 3123 ἐπίσκοπον
3184 3071 3484 3142 ὲπιλεγεὶς,
3522 3074 3597 3145 μὴ
3624 3076 3747 3128 ὲπίο

2157 3167 2360 3215 σκοπος
2408 3157 2788 3229 χειροτονηθῇ,
2839 3159 2979 3214 ἀλλά
3044 3162 3265 3232 πρῶτον
3314 3168 3428 3229 τοῖς
3463 3167 3747 3240 κληρικοῖς

2156 3241 2258 3295 οὐκ
2309 3242 2532 3301 ἔλαττον
2586 3249 2756 3319 τριῶν
2806 3251 2994 3322 μηνῶν
3029 3256 3438 3329 συναριθμηθῇ’
3475 3261 3567 3313 καὶ
3597 3260 3743 3314 οὓτω

2155 3334 2282 3396 τοὺς
2321 3335 2512 3402 ἁγίους
2557 3339 2791 3404 κανόνας
2824 3343 2918 3397 καὶ
2948 3343 3050 3415 τὴν
3085 3346 3240 3416 ἱεράν
3266 3347 3369 3417 τῆς
3412 3349 3745 3420 Ἑκκλησίας

2156 3423 2504 3496 λειτουργίαν
2559 3429 2850 3501 διδαχθεὶς,
2906 3434 3208 3501 ἐπίσκοπος
3271 3440 3647 3512 χειροτονηθῇ.
3682 3441 3744 3496 Ὀ

2157 3513 2266 3581 γὰρ
2296 3515 2494 3580 ἄλλους
2517 3518 2752 3588 ὀφείλων
2781 3521 3058 3578 διδάσκειν
3081 3526 3212 3598 παρ’
3243 3529 3447 3598 ἑτέρων
3477 3529 3614 3598 μετά
3643 3529 3741 3601 τὴν

2157 3607 2513 3676 χειροτονίαν,
2547 3611 2896 3670 διδάσκεσθαι
2923 3616 3025 3670 οὐκ
3056 3619 3285 3686 ὀφείλει.
3329 3621 3395 3675 Εἰ
3443 3621 3626 3692 μέντοι
3677 3639 3739 3688 γε

2158 3696 2257 3768 ἤδη
2299 3699 2611 3766 διδακτικός
2638 3705 2756 3758 ἐστι
2787 3708 2884 3760 καὶ
2927 3710 2985 3762 ἐν
3026 3708 3103 3780 τῷ
3146 3710 3321 3782 λαῖκῷ
3341 3712 3740 3784 ἀριθμούμενος

2153 3790 2437 3861 τάγματι,
2507 3795 2600 3848 καὶ
2651 3796 2818 3867 μηδὲν
2851 3798 3122 3856 ἐλλείπων
3163 3803 3264 3857 ὅσα
3301 3821 3366 3872 γε
3414 3807 3494 3869 είς
3540 3807 3742 3878 ἐτέρων

2161 3879 2432 3948 ὠφέλειαν
2455 3884 2550 3936 καὶ
2574 3889 2973 3958 καταρτισμὸν,
3006 3891 3093 3943 ἐπ’
3112 3893 3276 3946 αὐτοῦ
3294 3894 3384 3947 τὸν
3401 3895 3638 3949 τοιοῦτον
3663 3897 3741 3969 μὴ

2071 4021 2082 4032 ,
2154 3975 2824 4049 παρατηρεῖσθαιχρόνον,
2852 3983 2885 4050 ὴ
2925 3984 3092 4052 πεῖρα
3116 3987 3392 4057 παρέσχεν
3429 3988 3736 4042 ἀκίνδυνον.

2223 4090 2284 4136 ε’.
2341 4084 2467 4139 Ἐὰν
2497 4090 2853 4161 κατηγορηθῇ
2888 4092 2917 4144 6
2952 4091 3164 4161 μέλλων
3194 4095 3626 4166 χειροτονεῖσθαι
3662 4096 3740 4160 ὡς

2152 4175 2546 4247 ἀνεπιτήδειος,
2579 4180 2973 4236 ἀναὸαλλέσθιιῑ
3002 4184 3142 4247 τέως
3197 4188 3229 4257 ή
3285 4189 3594 4258 χειροτονία
3645 4190 3740 4241 καὶ

2154 4265 2568 4338 προϐαινέτωὴ
2618 4269 2868 4337 ἐξέτασις
2920 4275 3192 4344 παρόντος
3251 4277 3347 4330 τοῦ
3401 4278 3735 4367 ἀντιδίκουῆ

2153 4355 2407 4423 ἀπόντος,
2450 4357 2599 4424 ἐντὸς
2627 4362 2798 4431 τριῶν
2835 4366 3043 4434 μηνῶν,
3078 4369 3171 4421 καὶ
3217 4369 3512 4423 κωλυέσθω
3545 4355 3592 4442 η’
3621 4389 3737 4441 χει-

2158 4448 2371 4518 ροτονία
2391 4463 2404 4478 ⁸
2432 4450 2527 4503 καὶ
2554 4451 2601 4504 εί
2637 4453 2836 4525 εὑρεθῇ
2889 4457 2918 4508 6
2975 4459 3455 4529 χειροτονούμενος
3487 4463 3734 4526 ὑπαίτιος

465 4513 736 4583 designari
795 4519 1169 4588 prohibeatur,
1229 4526 1276 4579 si
1319 4541 1448 4582 vero
1493 4530 1755 4587 innocens
1793 4534 2045 4594 inventus

2156 4513 2292 4594 κατὰ
2320 4529 2521 4613 νόμους
2550 4544 2582 4615 ἢ
2615 4513 2757 4599 κατά
2781 4513 3034 4615 κανόνας,
3064 4513 3362 4606 κωλυέσθω
3381 4569 3395 4584 ⁸
3431 4513 3480 4606 λ
3505 4553 3550 4606 δ’
3577 4513 3736 4608 ἁνεύἰ

462 4605 552 4667 sit,
579 4607 910 4677 designetur.
944 4613 1095 4679 Quod
1130 4616 1174 4669 si
1211 4626 1400 4672 contra
1434 4623 1689 4688 praedicta
1723 4628 2044 4697 designatus

463 4694 644 4760 fuerit,
679 4708 731 4751 et
764 4700 896 4768 ipse,
935 4713 987 4758 et
1013 4708 1104 4775 qui
1152 4724 1275 4764 eum
1315 4712 1637 4784 designavit,
1667 4728 1820 4775 extra
1847 4694 2042 4779 Eccle-

459 4786 597 4840 siam
640 4789 951 4859 ejiciuntur.
988 4795 1044 4852 Si
1096 4815 1222 4856 vero
1267 4804 1608 4879 adversarius
1655 4826 1896 4880 praesens
1930 4830 2037 4870 non

459 4883 905 4954 ostenderitque:
932 4889 1254 4964 aﬂirmahat,
1295 4906 1387 4951 aut
1421 4901 1788 4970 deprehensus
1834 4907 2035 4976 fuerit;

463 4968 506 5022 si
537 4969 752 5038 quidem
787 4975 1017 5035 clericus
1047 4992 1148 5048 est,
1183 5000 1246 5039 ex
1298 4985 1538 5045 Ecclesia
1569 4992 1805 5061 ejicitur,
1839 4997 1886 5052 si
1912 5013 2039 5054 vero

462 5063 652 5128 laicus,
685 5081 1054 5138 competenter
1076 5078 1394 5148 castigatur.

530 5157 584 5214 6.
619 5160 674 5214 Si
704 5165 826 5230 quis
864 5165 1266 5237 episcoporum,
1312 5174 1394 5228 vel
1443 5185 1589 5244 ante,
1623 5179 1707 5233 vel
1745 5192 1865 5250 post
1899 5184 2038 5238 desi-

458 5253 772 5317 gnationem
824 5271 1001 5324 suam,
1055 5264 1286 5318 voluerit
1347 5267 1484 5327 bona
1544 5285 1640 5324 sua
1689 5273 1776 5327 vel
1829 5285 2038 5343 partem

459 5357 671 5410 contm,
725 5347 965 5416 adjicere
1014 5350 1270 5410 Ecclesia:
1320 5357 1474 5425 cujus
1516 5363 1881 5432 cpisc0patmn
1944 5383 2037 5422 su-

456 5437 650 5503 scipit;
683 5452 787 5492 non
819 5439 993 5495 solum
1045 5460 1148 5500 non
1171 5446 1539 5517 prohibemus,
1585 5452 1926 5525 liberumque
1952 5458 2038 5525 ju-

458 5525 647 5583 bemus
671 5545 790 5587 esse
815 5533 882 5588 ab
917 5537 1066 5591 omni
1098 5539 1455 5598 accusatione
1485 5552 1538 5598 et
1571 5559 1728 5614 pazna
1754 5550 2038 5618 praesentis

457 5615 613 5683 legis,
646 5624 741 5677 scd
764 5634 821 5679 et
852 5627 1025 5696 ipsum
1065 5633 1211 5686 omni
1248 5634 1408 5689 laude
1434 5635 1653 5706 dignum
1679 5615 1987 5707 judicamus
2021 5661 2032 5695 :

459 5712 715 5778 quoniam
752 5714 866 5773 haec
909 5735 1013 5778 non
1046 5734 1130 5781 est
1165 5727 1505 5799 nundinatio,
1541 5734 1635 5788 scd
1669 5731 1890 5788 oblatio.

2151 4629 2310 4696 θυνος
2367 4633 2601 4705 εὑρεθῇ,
2656 4638 3104 4708 χειροτονείσθωο
3160 4643 3208 4693 εξ
3265 4642 3323 4695 δὲ
3378 4644 3729 4714 χειροτονηθῇ

2151 4723 2302 4792 παρὰ
2339 4725 2407 4778 τὰ
2440 4726 2732 4796 εἰρημένα,
2769 4728 2866 4782 καὶ
2905 4729 3067 4793 αὐτὸς
3098 4731 3194 4784 καὶ
3229 4733 3257 4784 6
3286 4733 3612 4800 χειροτονῶν
3640 4733 3735 4784 αὺ-

2146 4815 2260 4880 τὸν,
2308 4819 2407 4888 τῆς
2453 4817 2782 4890 Ἑκκλησίας
2827 4821 3204 4879 ἐκϐάλλονται.
3251 4825 3378 4878 Ἐὰν
3406 4825 3462 4877 δὲ
3495 4825 3524 4877 6
3605 4843 3734 4879 κατ-

2147 4906 2346 4978 ήγορος
2395 4909 2606 4977 παρὼν,
2659 4910 2735 4982 μὴ
2785 4912 2935 4984 δείξη
2985 4913 3496 4974 διδιεὸεϐαιὼσατο,
3526 4915 3559 4985 ἤ
3594 4916 3735 4968 ἁπο-

2146 4998 2362 5072 λειφθῇ,
2392 5003 2440 5054 εί
2478 5001 2577 5072 μὲν
2633 5002 2896 5074 κληρικός
2935 5007 3074 5071 ἐστι,
3124 5009 3225 5079 τῆς
3273 5009 3611 5079 Ἐκκλησίας
3640 5010 3733 5063 ὲκ·

2143 5091 2396 5146 ϐάλλεται
2417 5113 2431 5127 ο
2467 5097 2516 5147 εἰ
2545 5095 2601 5148 δὲ
2631 5096 2819 5160 λαῖκὸς
2849 5100 2955 5169 εἴη,
2989 5100 3220 5162 δεόντως
3267 5102 3684 5172 σωφρονίζεται.

2211 5190 2284 5249 ς’.
2330 5185 2398 5237 Εἴ
2447 5202 2531 5249 τις
2585 5187 3076 5257 τῶνέπισκόπων,
3113 5193 3223 5245 εἴτε
3273 5193 3384 5263 πρδ
3437 5194 3538 5262 τῆς
3593 5193 3730 5256 ίδίας

2140 5276 2494 5347 χειροτονίας,
2519 5277 2630 5331 εἴτε
2673 5280 2814 5348 μετὰ
2856 5280 2957 5352 τὴν
3000 5282 3339 5353 χειροτονίαν
3399 5282 3633 5354 βουληθῇ
3659 5285 3729 5338 τὰ

2142 5368 2250 5420 ἴδια
2294 5367 2599 5439 πράγματα
2648 5371 2680 5441 ἢ
2736 5373 2902 5444 μέρος
2946 5374 3006 5440 ἐξ
3042 5375 3226 5428 αὐτῶν
3259 5379 3634 5447 προσαγαγεῖν
3658 5380 3725 5448 τῇ

2155 5460 2452 5532 Ἐκκλησία
2475 5457 2542 5534 ἦς
2591 5463 2690 5534 τὴν
2727 5465 3014 5537 ἱεροσύνην
3053 5467 3340 5540 λαμϐάνει,
3379 5470 3438 5522 οὐ
3468 5471 3629 5538 μόνον
3663 5471 3726 5523 οὐ

2144 5549 2489 5621 κωλυόμενον
2513 5551 2574 5624 [ι’.
2611 5553 2940 5628 κωλύομεν],
2964 5561 3060 5612 καὶ
3085 5558 3269 5630 πάσης
3300 5559 3599 5629 καταδίκης
3630 5560 3729 5614 καὶ

2144 5646 2336 5714 ποινῆς
2373 5644 2466 5696 τοῦ
2525 5646 2796 5716 παρόντος
2839 5651 3006 5721 νόμου
3056 5652 3348 5724 ἐλεύθερον
3375 5652 3540 5705 αὐτὸν
3584 5647 3728 5706 εἶναι

2152 5735 2503 5807 θεσπίζομεο,
2544 5739 2680 5794 ἀλλὰ
2728 5743 2822 5796 καὶ
2866 5745 3065 5809 παντὸς
3091 5745 3319 5799 ἐπαίνου
3348 5747 3496 5811 ἀξιον
3545 5743 3727 5833 κρίνο-

2131 5842 2248 5895 μεν·
2268 5827 2452 5900 ἐπειδὴ
2473 5830 2627 5884 τοῦτο
2656 5834 2756 5888 οὐκ
2774 5834 2919 5888 ἔστιν
2939 5837 3388 5908 ἀγορασίαιάλλὰ
3415 5838 3721 5909 προσφορά.
