4058 6212
286 278 385 341 481

1526 277 1914 340 DELECTUS
1952 281 2237 341 LEGUM.

3435 284 3539 347 482

358 392 843 464 ζ⁷.1ῐρεσϐύτερος
912 390 1344 463 χειροτονείσθω,
1397 389 1471 459 μὴ
1536 391 1715 460 ἥττων
1764 409 1859 462 τρια

1983 422 2021 452 τ
2046 394 2099 449 7.
2131 393 2359 465 (Novell.
2397 394 2519 460 H3,
2555 410 2670 463 cap.
2707 394 2818 464 l5.)
2852 394 3138 465 Presbyter
3169 395 3398 466 eligatur
3434 416 3537 454 non

289 487 490 539 άκοντα
510 485 720 553 χρόνων
743 485 800 535 ὲν
831 485 1098 554 παρθενίᾳ
1131 481 1705 552 μεμαρτυρημένος,ἧ
1742 486 1871 550 μιᾶς

286 577 543 645 γυναικὸς
580 578 723 646 ἀνὴρ
782 575 857 628 ὢν
892 577 923 647 ἢ
956 576 1212 644 γεγονὼς,
1244 574 1339 628 καὶ⁵
1370 574 1577 644 ταύτης
1609 576 1873 644 σεμνοτά-

285 687 407 739 της,
441 670 684 722 καὶτῶν
736 668 912 722 ἄλλων
965 667 1435 736 ἀπηγορευμένων
1488 666 1665 735 ἔργων
1714 666 1871 735 ἠλευ-

287 761 621 831 θερωμένος,
654 763 748 813 καὶ
779 763 844 829 τῇ
896 762 1157 828 κανονικῇ
1216 758 1613 828 ἀδωροδοκήτῳ
1658 774 1868 827 μαρτυ-

289 853 384 922 ρία
409 852 933 921 κατησφαλισμένος.

361 951 436 1013 η’.
492 944 746 1004 Διάκονος
796 943 1001 1016 ῥφείλει
1059 942 1508 1012 χειροτονεῖσθαι,
1555 940 1629 1011 μὴ
1689 941 1867 1009 ἥττων

292 1036 397 1088 τῶν
433 1035 765 1088 εἰκοσιπέντε
798 1034 1006 1104 χρόνων
1031 1035 1126 1086 καὶ
1153 1035 1314 1095 αὐτὸς
1354 1036 1410 1085 ὲν
1444 1032 1741 1102 παρθενεία
1765 1048 1863 1101 με-

293 1126 733 1197 μαρτυρημένος,
757 1126 789 1197 ἢ
821 1126 1229 1196 μιᾶςγυναικὸς
1280 1126 1415 1195 ἀνὴρ
1444 1124 1571 1195 ὣνῆ
1596 1124 1859 1192 γεγονὼς,

290 1222 383 1273 καὶ
408 1220 607 1289 ταύτης
640 1220 998 1290 σεμνοτάτης,
1037 1220 1133 1272 καὶ
1174 1220 1282 1272 τῶν
1322 1219 1501 1273 ἄλλων
1540 1220 1857 1288 ἀπηγορευ-

294 1312 467 1379 μένων
515 1309 690 1379 ἔργων
720 1309 1191 1380 ηλευθερωμένος,
1231 1310 1325 1361 καὶ
1354 1312 1418 1379 τῇ
1455 1311 1716 1378 κανονικῇ
1767 1311 1863 1364 καὶ

287 1397 676 1466 ἀδωροδοκήτῳ
716 1397 997 1467 μαρτυρίᾳ.
1026 1396 1558 1467 κατησφαλισμένος.
1799 1458 1815 1475 υ

356 1487 421 1541 θ’.
473 1488 861 1551 ’Υποδιάκονος
919 1486 1334 1557 χειροτονείσθω
1386 1489 1460 1557 μὴ
1514 1488 1693 1557 ἥττων
1752 1488 1862 1541 τῶν

289 1578 467 1632 εἴκοσι
525 1579 756 1649 χρόνων,
809 1578 953 1631 κατὰ
999 1578 1098 1641 τὰς
1152 1577 1558 1647 προειρημένας
1593 1576 1863 1629 διατυπώο

290 1685 426 1731 σεις.
478 1668 931 1738 Ἀπαγορεύομεν
979 1666 1037 1719 δὲ
1082 1666 1177 1719 τοῦ
1222 1666 1409 1719 λοιποῦ
1477 1667 1575 1730 τὰς
1624 1665 1727 1719 ὑπὸ
1771 1666 1861 1719 τὸν

1977 483 2152 536 minor
2182 484 2397 553 triginta
2437 488 2612 546 annis,
2663 492 2872 537 testata:
2922 485 3269 553 virginitatis,
3326 502 3539 557 quoque

1974 576 2133 628 unius
2170 583 2383 627 tantum
2429 575 2670 627 mulieris
2702 576 2805 638 vir,
2846 583 2936 628 aut
2969 576 3037 629 sit
3068 584 3161 628 aut
3186 575 3366 642 fuerit,
3392 579 3538 645 ejus-

1972 680 2079 733 que
2109 665 2467 733 integerrimae
2501 664 3015 733 modestissimazque
3041 685 3053 719 :
3081 666 3257 734 sitque
3287 666 3540 723 immunis

1972 770 1999 806 a
2034 755 2269 809 crimine
2310 755 2488 809 omnis
2540 754 2665 808 lacti
2696 756 2975 823 prohibiti,
3014 756 3316 826 integrique
3355 767 3409 812 et
3458 760 3540 813 in-

1971 847 2208 912 corrupti
2241 846 2483 914 pecuniis
2512 846 2675 899 auimi
2712 848 3018 903 testimonio
3046 852 3305 905 munitus.

2039 934 2386 989 8.'Diacorius
2412 935 2533 1003 eligi
2563 936 2722 990 debet
2748 952 2851 991 non
2882 938 3059 991 minor
3084 941 3270 1009 viginti
3299 944 3537 1013 quinque

1967 1026 2145 1091 annis,
2200 1036 2254 1079 et
2293 1026 2408 1094 ipse
2460 1035 2715 1093 spectatre
2757 1027 3099 1096 virginitatis,
3151 1032 3348 1100 quique
3379 1037 3537 1089 unius

1968 1127 2176 1171 tantum
2214 1118 2474 1180 mulieris,
2506 1118 2729 1187 ejusque
2765 1121 3201 1185 modestissimae,
3232 1124 3315 1177 vir
3344 1128 3413 1179 sit
3444 1136 3536 1181 aut

1967 1207 2131 1262 fuerit
2184 1227 2199 1264 :
2254 1211 2430 1279 sitque
2481 1210 2737 1265 immunis
2784 1226 2813 1265 a
2860 1213 3014 1282 culpa
3054 1216 3234 1270 omnis
3282 1220 3533 1286 prohibiti

1966 1300 2115 1366 lacti,
2149 1302 2343 1371 integri
2382 1310 2646 1371 prmterea
2677 1312 2731 1359 et
2759 1304 3058 1374 incorrupti
3093 1310 3337 1375 pecuniis
3367 1311 3534 1365 animi

1967 1392 2272 1447 testimonio
2303 1394 2564 1449 munitus.

2038 1481 2091 1534 9.
2128 1479 2499 1538 Subdiaconus
2530 1486 2759 1553 eligatur
2791 1503 2897 1542 non
2935 1489 3112 1543 minor
3139 1490 3325 1561 viginti
3358 1495 3531 1560 annis,

1966 1574 2261 1627 secundum
2324 1578 2608 1642 prmdictas
2674 1580 3113 1647 constitutiones;
3183 1586 3532 1653 prohibemus

1962 1680 2092 1719 vero
2119 1669 2169 1720 iu
2199 1667 2462 1737 reliquum
2488 1670 2886 1740 designationes
2911 1675 3049 1727 intra
3076 1677 3215 1731 hunc
3243 1680 3531 1733 terminum

284 1761 409 1830 ὅρον
439 1760 632 1813 τοῦτον
670 1759 1033 1831 χειροτονίαςο
1073 1760 1273 1813 ἄτοπον
1298 1760 1407 1830 γάρ
1445 1759 1583 1829 μετὰ
1608 1758 1706 1830 τὴν
1743 1776 1859 1829 χει-

1965 1758 2135 1814 l'actas
2163 1780 2174 1815 :
2205 1761 2496 1815 absurdum
2528 1763 2672 1816 enim
2719 1762 2884 1817 fuerit
2930 1774 3055 1832 post
3097 1766 3529 1836 designationem

288 1852 555 1921 ροτονίαν,
586 1852 722 1923 πρὸς
762 1852 1005 1921 γαμικὰς
1039 1851 1297 1923 ἔρχεσθαι
1332 1850 1646 1919 συναφείας.

361 1948 413 1996 ι’.
475 1940 858 2011 Ἀναγνώστης
935 1940 1369 2012 χειροτονείσθω,
1434 1941 1526 2007 ἀφ’
1586 1941 1707 1993 ὅτου
1765 1940 1858 1993 οὖν
1912 2008 1915 2011 _

286 2034 478 2102 χρόνου
506 2034 732 2087 δύναται
765 2033 861 2086 καὶ
892 2033 1185 2087 ἐπίσταται
1222 2032 1644 2099 ἀναγινώσκειν.

362 2122 451 2175 ια’.
481 2124 708 2193 Ψάλτης
763 2123 1179 2193 χειροτονείσθω
1222 2120 1316 2189 ἀφ’
1360 2122 1483 2174 ὅτου
1535 2120 1626 2173 οὖν
1667 2121 1856 2192 χρόνου

288 2212 383 2266 καὶ
413 2213 573 2275 αὐτὸς
603 2212 824 2265 δύναται
856 2211 1099 2281 ψάλλειν.

358 2322 447 2391 ιβ’.
485 2325 549 2375 Εἰ
587 2322 941 2392 ἀναγνώστης
989 2324 1250 2393 δευτέραν
1283 2323 1529 2394 γαμετὴν
1560 2323 1855 2393 ἀγάγηται,

281 2415 314 2483 ἢ
358 2413 582 2484 πρώτην
628 2415 748 2484 μὲν,
789 2416 962 2485 χήραν
1002 2416 1081 2479 δὲ,
1122 2416 1155 2485 ἢ
1191 2416 1598 2486 διαζευχθεῖσαν
1643 2417 1854 2485 ἀνδρὸς,

281 2506 314 2574 ἦ
356 2508 467 2568 τοῖς
496 2506 703 2575 νόμοις,
733 2506 765 2577 ἢ
799 2509 913 2569 τοῖς
934 2508 1100 2577 ίεροῖς
1133 2508 1353 2560 κανόσιν
1374 2508 1853 2578 άπηγορευμένην,

288 2597 485 2665 μηκέτι
535 2599 614 2660 είς
667 2597 827 2652 ἄλλον
875 2598 1333 2669 ἐκκλησιαστικὸν
1380 2599 1586 2668 βαθμὸν
1630 2598 1857 2669 προϐαιο

284 2689 439 2744 νέτω.

358 2887 447 2956 ιγ’.
473 2888 688 2960 Ὥσπερ
716 2890 980 2959 κληρικὸν
999 2892 1112 2943 οἴου
1129 2892 1330 2961 δήποτε
1346 2893 1582 2963 βαθμοῦ,
1610 2894 1700 2945 ἐπὶ
1717 2912 1746 2962 χ
1755 2893 1855 2961 ρή-

289 2996 417 3047 μασι
434 2980 836 3050 προϐάλλεσθαι
857 2981 958 3033 οὐκ
980 2983 1306 3052 ἀνεχόμεθα,
1326 2983 1497 3046 οὕτως
1514 2985 1633 3038 οὐδὲ
1655 2984 1857 3049 ξενοδό-

1965 1851 2146 1903 venire
2175 1851 2240 1903 ad
2266 1850 2487 1918 copulas
2508 1851 2793 1920 nuptiales.

2030 1941 2116 1996 10.
2149 1940 2341 1995 Lector
2386 1942 2698 2012 designetur
2732 1944 2800 1998 ab
2833 1960 2898 2000 eo
2944 1954 3207 2016 tempore,
3239 1962 3348 2018 quo
3383 1949 3531 2004 novit

1960 2040 2014 2085 et
2041 2039 2215 2100 potest
2248 2031 2447 2101 legere.
2520 2085 2529 2094 ,

2031 2121 2119 2174 tl.
2153 2119 2357 2176 Psaltes
2383 2122 2692 2191 designetur
2714 2123 2781 2178 ab
2814 2138 2877 2179 eo
2906 2131 3167 2195 tempore,
3200 2138 3305 2194 quo
3338 2139 3530 2181 canere

1962 2210 2194 2263 nover“.

2034 2320 2124 2375 l2.
2146 2319 2299 2386 Quod
2331 2321 2375 2376 si
2404 2322 2574 2377 lector
2608 2324 2895 2379 secundam
2925 2340 3145 2381 uxorem
3176 2328 3408 2395 duxerit,
3433 2338 3525 2384 aut

1961 2412 2189 2481 primam
2226 2413 2463 2481 quidem,
2494 2416 2587 2469 sed
2612 2426 2704 2469 aut
2732 2416 2949 2470 viduam
2981 2428 3071 2471 aut
3101 2434 3130 2473 a
3162 2419 3277 2474 viro
3303 2435 3523 2491 separa-

1964 2511 2093 2569 tam,
2122 2512 2215 2556 aut
2242 2504 2475 2572 aliquam
2503 2506 2732 2575 denique
2754 2506 2910 2574 cujus
2942 2511 3139 2578 nuptize
3170 2510 3394 2580 legibus,
3434 2521 3527 2565 aut

1961 2594 2167 2647 sanctis
2198 2595 2496 2649 canonibus
2529 2596 2811 2664 prohibitze
2847 2608 2994 2662 sunt,
3032 2614 3302 2669 nunquam
3340 2611 3524 2670 postea

1959 2683 2025 2738 ad
2054 2683 2216 2738 alium
2241 2684 2470 2753 aliquem
2502 2686 2926 2742 ecclesiasticum
2958 2689 3180 2757 gradum
3212 2706 3527 2760 promovea-

1962 2782 2067 2828 tur.

2032 2892 2115 2946 15.
2143 2892 2605 2958 Quemadmodum
2636 2896 2890 2950 clericum
2919 2897 3302 2967 cujuscumque
3329 2899 3525 2967 gradus

1959 2984 2031 3038 sit
2080 2998 2185 3037 non
2233 2986 2595 3053 permittimus
2650 2989 2872 3055 pecunia
2927 2991 3047 3042 data
3095 2991 3396 3059 designari;
3448 2993 3525 3044 sic

286 3070 446 3139 χον,ἢ
466 3088 681 3141 πτωχοτ
690 3073 873 3142 ρόφον,
892 3072 924 3141 ἢ
946 3073 1136 3127 νοσοκό
1144 3090 1262 3143 μον,
1285 3074 1317 3144 ἢ
1337 3075 1497 3128 ἄλλου
1522 3076 1635 3127 οἴου
1653 3078 1854 3146 δήποτε

1962 3089 2134 3144 neque
2180 3076 2575 3142 xenodochum,
2619 3086 2711 3131 aut
2744 3078 3213 3148 ptochotmphum,
3250 3091 3342 3134 aut
3369 3096 3527 3135 noso.
3562 3079 3587 3104 ⁶

283 3161 515 3229 εὐαγοῦς
546 3164 697 3216 οἴκου
735 3164 1033 3235 διοικητὴν,
1055 3166 1088 3236 ἢ
1109 3160 1220 3220 οἷον
1248 3168 1446 3237 δήποτε
1468 3168 1853 3237 ἐκκλησιαστιο

283 3250 379 3302 κδν
402 3251 711 3321 φρόντισμα
737 3250 1070 3323 χειρίζοντα.
1098 3255 1159 3307 Et
1188 3255 1245 3307 δὲ
1273 3256 1429 3308 τοῦτο
1452 3258 1676 3327 γένηταί
1703 3275 1851 3323 ποτε,

285 3342 379 3393 καὶ
397 3343 425 3394 ό
449 3341 644 3407 διδοὺς,
659 3345 803 3397 καὶὸ
833 3344 1151 3415 λαμϐάνων,
1174 3348 1269 3399 καὶ
1291 3349 1318 3400 ὀ
1338 3348 1563 3417 μεσίτης
1582 3348 1683 3416 τῆς
1714 3350 1854 3418 ίερο-

287 3433 472 3505 σύνης,
502 3437 621 3506 ἦτοι
668 3436 767 3505 τῆς
806 3437 1270 3508 ὲμπιστευθείσης
1310 3439 1460 3509 αὐτῷ
1494 3440 1612 3503 οἵας
1651 3441 1852 3509 δήποτε

283 3525 600 3597 διοικήσεως
616 3544 684 3595 γυ
693 3528 1170 3600 μνωθήσεται,τῶν
1183 3530 1239 3584 δὲ
1254 3530 1431 3600 δόμων
1447 3530 1515 3603 [Ῑ.
1528 3531 1851 3603 δεδομένων]

284 3614 680 3686 ἐκδικουμένων
709 3616 787 3686 τῷ
828 3616 1019 3684 εὐαγεῖ
1066 3616 1239 3685 τόπῳ,
1291 3611 1499 3680 οὗτινος
1537 3619 1598 3670 τὸ
1644 3618 1854 3671 τοιοῦτο

286 3706 575 3775 πρόσωπον
604 3708 702 3777 τὴν
742 3706 1151 3778 χειροτονίαν,ἢ
1202 3708 1477 3777 φροντίδα,
1512 3708 1545 3777 ἢ
1588 3710 1854 3779 διοίκησιν

285 3798 564 3852 ἐὶαϐενλεί
582 3800 639 3851 δὲ
664 3798 928 3865 κοσμικὸς
1033 3798 1061 3848 ὁ
1089 3797 1291 3862 λαϐὼν,
1315 3799 1348 3869 ἢ
1375 3798 1600 3869 μεσίτης
1625 3800 1853 3869 γενόμε-

285 3908 398 3954 νος,
426 3890 490 3942 τὸ
521 3890 671 3942 δοθὲν
700 3888 924 3941 διπλοῦν
951 3889 1412 3957 άπαιτηθὴσεται,
1453 3891 1547 3942 καὶ
1576 3892 1855 3943 ἀποκατα-

286 3981 615 4049 σταθήσεται
641 3980 718 4049 τῷ
751 3980 941 4044 εὐαγεῖ
962 3980 1113 4047 τόπῳ
1143 3972 1208 4032 οὗ
1236 3979 1296 4031 τὺ
1323 3978 1535 4032 τοιοῦτο
1567 3981 1857 4050 πρόσωπον

281 4073 382 4143 τὴν
415 4071 807 4142 χειροτονίανῆ
848 4072 947 4141 τὴν
982 4071 1240 4142 φροντίδα
1278 4069 1489 4123 ἐλαϐεν.

356 4265 437 4319 ιδ’.
468 4264 629 4327 Εῖτις
645 4264 903 4334 κληρικὸς
922 4262 1236 4331 οίουδήποτε
1254 4258 1490 4330 βαθμοῦ,
1518 4261 1550 4331 ἢ
1578 4262 1858 4332 διοικητὴς

1956 3182 2190 3232 contum,
2223 3178 2315 3223 aut
2353 3169 2580 3237 alicujus
2620 3170 2853 3239 denique
2899 3173 3223 3231 venerabilis
3256 3175 3358 3229 loci
3390 3191 3525 3242 prat-

1958 3259 2180 3325 fectum,
2218 3271 2313 3315 aut
2346 3265 2703 3331 quodcunque
2734 3263 3157 3317 ecclesiasticum
3190 3281 3380 3318 munus
3408 3282 3527 3319 sus.

1958 3350 2245 3406 tinentem.
2284 3353 2435 3418 Quod
2467 3353 2510 3407 si
2557 3369 2683 3408 vero
2714 3354 2764 3407 id
2816 3354 3123 3424 contigerit,
3159 3363 3213 3408 et
3258 3355 3347 3422 qui
3383 3356 3525 3408 dedit

1955 3443 2003 3497 ei
2038 3444 2128 3512 qui
2155 3444 2363 3512 accepit
2389 3445 2691 3511 pecuniam,
2717 3455 2771 3498 et
2804 3444 3068 3498 mediator
3098 3446 3406 3509 sacerdotii,
3432 3456 3524 3499 aut

1955 3532 2143 3601 quavis
2190 3532 2292 3585 alia
2327 3532 2797 3587 administratione
2844 3531 2944 3601 ipsi
2995 3532 3305 3587 concredita
3337 3533 3518 3601 priva-

1956 3624 2120 3686 bitur,
2153 3624 2218 3677 iis
2247 3638 2365 3693 qua:
2397 3624 2521 3677 data
2563 3632 2686 3677 sunt
2726 3622 3016 3678 venerabili
3068 3622 3183 3677 loco
3218 3623 3522 3686 vindicatis,

1957 3714 2110 3782 cujus
2141 3716 2259 3769 talis
2291 3730 2541 3781 persona,
2576 3724 2668 3767 aut
2710 3715 3161 3783 designationem,
3191 3723 3282 3766 aut
3313 3729 3520 3779 curam,

1958 3812 2051 3855 aut
2101 3802 2623 3855 administrationem
2676 3803 2905 3870 accepit.
2961 3800 3017 3853 Si
3068 3817 3198 3854 vero
3240 3802 3408 3855 laicus
3456 3805 3527 3853 sit

1958 3902 2211 3961 acceptor
2245 3902 2338 3944 aut
2376 3899 2656 3957 sequester
2702 3891 2967 3957 pecuniae,
3014 3890 3131 3957 ejus
3172 3892 3311 3957 quod
3341 3891 3525 3943 datum

1958 3983 2063 4037 erit
2086 3980 2303 4050 duplum
2328 3986 2623 4046 repetetur;
2650 3987 2703 4032 et
2725 3981 3040 4031 restituetur
3068 3980 3357 4032 venerabili
3388 3980 3523 4040 loco,

1961 4071 2112 4140 cujus
2153 4070 2278 4123 talis
2323 4084 2549 4138 persona
2606 4068 3031 4138 designationem
3080 4077 3381 4123 autcuram
3429 4083 3520 4123 ac-

1960 4163 2121 4233 cepit.

2036 4277 2203 4347 14..Si
2233 4276 2355 4346 quis
2385 4275 2616 4331 clericus
2658 4276 3021 4346 cujuscunque
3050 4276 3271 4345 gradus,
3300 4278 3411 4332 sive
3436 4279 3526 4330 ad-

282 4355 521 4424 εὐαγοῦς
532 4356 697 4408 τόπου
710 4353 817 4425 πρὸ
833 4355 931 4424 τῆς
956 4352 1293 4423 χειροτονίας
1311 4352 1691 4422 πιστευθείσης
1706 4352 1855 4421 αὑτῷ

1962 4369 2298 4423 ministrator
2326 4367 2651 4422 venerabilis
2685 4367 2808 4430 loci,
2838 4367 2922 4420 vel
2948 4377 3073 4420 ante
3104 4368 3526 4437 designationem

282 4450 609 4520 οἱασδήποίιε
646 4448 968 4518 διοικήσεως
1028 4446 1061 4515 ἢ
1100 4444 1403 4514 φροντίδος,
1439 4443 1471 4512 ἢ
1509 4446 1645 4519 μετὰ
1686 4445 1855 4497 ταῦτα

286 4544 521 4615 βουληθῇ
540 4560 588 4595 τι
614 4543 721 4595 τῶν
750 4542 894 4596 ίδίων
923 4541 1263 4610 πραγμάτων
1282 4540 1652 4609 προσαγαγεῖν
1669 4541 1732 4607 τῇ
1765 4538 1857 4589 ὲκ-

283 4640 484 4708 uti-cci;
530 4640 588 4691 ἐν
708 4635 1181 4707 χειροτονεῖται,ἢ
1218 4633 1297 4702 τῷ
1344 4633 1495 4702 τόπῳ
1523 4625 1730 4691 οὗτινος
1760 4628 1858 4699 τὴν

282 4731 551 4798 διοίκησιν
607 4728 641 4797 ἢ
673 4728 772 4797 τὴν
824 4724 1084 4796 φροντίδα
1122 4724 1470 4792 ἀναδέχεται,
1501 4722 1561 4773 οὐ
1614 4720 1773 4791 μόνον
1796 4722 1855 4771 οὐ

288 4822 574 4889 κωλύομεν
604 4818 764 4872 τοῦτο
792 4817 1067 4886 γίνεσθαι,
1101 4816 1241 4869 ἀλλὰ
1274 4815 1369 4868 καὶ
1413 4814 1612 4882 μᾶλλον
1645 4813 1861 4883 ἐπιτρέ-

285 4930 479 4983 πομεν.

359 5033 438 5080 ιε’.
500 5025 843 5094 Θεσπίζομεν
919 5022 1013 5076 ἐὰν
1078 5022 1378 5082 ἐπίσκοπος
1462 5018 1859 5089 μεσιτευόντων

284 5116 443 5167 τινῶν
502 5117 559 5167 ἐν
612 5115 837 5184 χρυσίου
886 5113 1161 5184 καταϐολῇ
1217 5112 1596 5183 χειροτονηθῇ,
1627 5112 1722 5163 καὶ
1768 5110 1859 5162 τὸν

284 5206 493 5259 διδόντα
539 5206 757 5258 καὶτὸν
802 5205 1174 5275 λαμϐάνοντα,
1226 5206 1320 5257 καὶ
1362 5204 1452 5256 τὸν
1502 5202 1861 5273 μεσιτεύοντα

283 5304 383 5370 τῆς
437 5298 720 5369 ίεροσύνης
770 5299 803 5368 ἢ
851 5301 952 5369 τῆς
994 5298 1087 5350 τοῦ
1116 5298 1319 5368 κλήρου
1364 5297 1530 5366 τιμῆς
1565 5295 1704 5347 κατὰ
1734 5295 1860 5357 τοὺς

284 5392 465 5462 ἱεροὺς
491 5391 727 5453 κανόνας
754 5388 1157 5451 ἀποκινεῖσθαι,
1193 5388 1255 5440 τὸ
1280 5388 1337 5440 δὲ
1367 5388 1507 5456 ὑπὲρ
1535 5387 1739 5448 ταύτης
1764 5386 1861 5455 τῆς

284 5481 458 5543 αἰτίας
481 5480 636 5534 δοθὲν
659 5485 727 5551 τῇ
752 5479 1056 5550 Ἐκκλησία
1075 5479 1261 5551 ἐκείνῃ
1280 5478 1596 5531 ἐκδικείσθω
1612 5473 1680 5547 ἧς
1700 5476 1863 5547 ἠϐου-

282 5568 419 5639 λήθη
463 5568 563 5639 τὴν
616 5570 901 5639 ἱεροσύνην
928 5567 1278 5639 ὠνήσασθαιο
1308 5570 1357 5619 εί
1393 5568 1449 5619 δὲ
1484 5568 1746 5637 κοσμικὸς
1776 5567 1859 5636 εἴη

237 5671 241 5674 ’
284 5664 311 5713 ό
349 5663 489 5733 ὑπὲρ
533 5663 739 5732 ταύτης
777 5662 877 5731 τῆς
922 5662 1103 5724 αίτίας
1146 5678 1196 5713 τι
1238 5660 1437 5725 λαϐὼν,
1492 5662 1523 5730 ἢ
1576 5661 1736 5728 μέσος
1786 5661 1863 5725 τῷ

1960 4461 2043 4515 vel
2094 4460 2463 4515 concreditam
2496 4458 2594 4527 ipsi
2630 4458 3061 4528 qualemcunque
3103 4458 3528 4513 administratio-

1961 4566 2083 4605 nem
2118 4562 2210 4606 aut
2237 4566 2447 4617 curam,
2482 4551 2566 4604 vel
2599 4559 2782 4619 postea
2812 4551 3041 4605 voluerit
3070 4552 3271 4620 aliquid
3304 4567 3367 4606 cx
3406 4567 3526 4621 pro-

1960 4645 2090 4711 priis
2130 4643 2477 4698 laeultatibus
2504 4642 2757 4698 conferre
2794 4642 2849 4695 in
2880 4642 3168 4696 ecclesiam
3212 4643 3262 4695 in
3301 4659 3403 4712 qua
3432 4645 3525 4698 de-

1962 4733 2208 4800 signatus
2255 4740 2371 4795 est,
2423 4741 2515 4784 aut
2563 4732 2741 4785 locum
2801 4730 2957 4799 cujus
3004 4731 3526 4785 administrationem

1962 4832 2053 4874 aut
2084 4836 2269 4875 curam
2308 4821 2578 4888 suscepit;
2613 4835 2718 4874 non
2751 4819 2924 4874 solum
2962 4836 3067 4874 non
3097 4822 3445 4890 prohibemus
3478 4822 3528 4874 id

1961 4896 2096 4978 ﬁeri,
2131 4912 2223 4966 sed
2256 4914 2418 4965 etiam
2450 4911 2821 4965 adhortamur.

2040 5023 2127 5077 15.
2159 5021 2416 5075 Jubemus
2447 5029 2504 5073 ut
2542 5020 2586 5074 si
2617 5020 2901 5091 episcopus
2931 5021 3294 5076 mediantibus
3330 5020 3525 5089 aliqui-

1963 5116 2061 5168 bus
2092 5115 2156 5167 ad
2184 5114 2428 5179 pecuniae
2456 5096 2774 5179 pensionem
2805 5114 3121 5183 designatus
3160 5113 3250 5175 sit,
3283 5123 3339 5165 et
3369 5112 3413 5165 is
3440 5113 3527 5178 qui

1962 5205 2131 5269 dedit,
2168 5212 2222 5257 et
2254 5204 2299 5257 is
2330 5204 2418 5271 qui
2464 5204 2694 5273 accepit,
2744 5214 2797 5260 et
2834 5216 3116 5273 sequester
3154 5211 3531 5258 removeantur

1962 5313 1990 5350 a
2016 5296 2340 5362 sacerdotio,
2384 5296 2464 5351 vel
2494 5314 2525 5350 a
2559 5297 2689 5352 cieri
2727 5298 2956 5363 honore,
2989 5295 3284 5352 secundum
3319 5302 3531 5349 sanctos

1964 5402 2216 5442 canones.
2251 5388 2401 5453 Quod
2434 5398 2613 5443 autem
2663 5389 2822 5444 talem
2854 5391 2924 5444 ob
2952 5404 3173 5443 causam
3210 5387 3391 5440 datum
3426 5394 3526 5447 est,

1963 5480 2207 5535 ecclesiae
2250 5481 2323 5533 illi
2362 5482 2698 5545 vendicetur,
2725 5480 2879 5549 cujus
2906 5481 3269 5535 sacerdotium
3302 5476 3527 5530 mercari

1966 5571 2154 5625 voluit.
2191 5572 2247 5625 Si
2286 5588 2417 5627 vero
2446 5574 2615 5628 laicus
2646 5576 2733 5636 sit,
2763 5574 2857 5643 qui
2891 5574 3054 5626 talem
3086 5574 3153 5626 ob
3188 5586 3403 5624 causam
3433 5568 3526 5621 ali~

1965 5662 2091 5726 quid
2126 5662 2357 5729 accepit,
2392 5672 2484 5717 aut
2520 5664 2609 5731 qui
2639 5663 2901 5716 mediator
2939 5662 2991 5714 in
3020 5662 3119 5715 hoc
3153 5661 3367 5730 negotio
3403 5656 3524 5721 fuit,
