4084 6208
459 247 571 313 483

1464 231 1974 293 CONSTANTINI
2015 228 2695 295 PORPHYROGENITI

3617 227 3724 286 484

461 358 706 432 pecuniae
758 357 898 413 datae
942 350 997 406 in
1053 348 1274 419 duplum
1331 345 1715 416 repetitionem
1767 359 1890 400 esse
1944 359 2075 407 vom

2182 344 2428 415 ’ράγματι
2453 344 2764 413 γενόμενος,
2789 340 2856 394 τὰ
2879 338 3104 393 δοθέντα
3136 338 3442 408 πράγματα
3471 338 3528 391 ἐν
3554 338 3727 410 ἁπλῷ

463 455 662 508 lnmus.

1032 553 1333 610 TlTULUS
1371 552 1463 608 iX.

2142 435 2493 490 ἀπαιτεῖσθαι
2517 434 2683 490 αὑτὸν
2709 432 3027 501 κελεύομεν.

2748 544 3003 598 ΤΙΤΛΟΣ
3038 543 3117 597 Θ’.

467 654 543 708 De
556 650 721 723 oﬁcio
742 647 1124 727 episcoporum,
1150 647 1593 727 presbyterorum,
1615 645 2041 727 dial-auorum,“

2182 641 2283 727 Γερξ
2322 640 2442 695 τῶν
2481 637 2857 727 ἁρμρζόνξων
2895 637 3279 727 ἐπιφεόπρίς,
3320 634 3421 715 καὶ
3464 638 3739 727 πρεσςυν

536 716 612 774 in"
643 716 829 787 genere
868 718 1098 772 omnium
1148 716 1624 770 ecclesiasticarum
1664 728 1711 769 et
1756 717 2043 770 monacho-

538 807 679 845 rum.

544 904 597 958 Ι.
653 901 766 957 Deo
829 898 1241 956 amantissimos
1293 899 1579 969 episcopos
1636 896 1777 951 nulla
1837 895 2046 951 ratione

470 1004 680 1049 tutores
724 1001 816 1046 aut
860 999 1142 1047 curatores
1182 990 1579 1060 qualiscunque
1631 1003 1878 1058 persona:
1929 989 2045 1043 tieri

424 1070 439 1083 ’
469 1085 855 1157 permittimus.

540 1178 597 1235 Ξ.
626 1176 1001 1246 Presbyteros,
1024 1184 1080 1231 et
1107 1175 1389 1240 diaconos,
1424 1183 1478 1229 et
1508 1174 1908 1245 bypodiaconos
1934 1174 2050 1229 solo

478 1269 789 1341 agnationis
836 1268 962 1338 jure
1008 1268 1077 1323 ad
1105 1268 1328 1323 tutelam
1377 1254 1471 1321 aut
1503 1267 1798 1322 curatelam
1831 1275 2050 1321 vocatos

474 1363 744 1434 liturgiam
772 1361 1052 1431 suscipere
1087 1359 1472 1429 permittimus.

548 1539 602 1593 3.
659 1535 986 1607 Episcopum
1026 1542 1120 1588 aut
1156 1548 1521 1599 oeconomum,
1572 1543 1665 1587 aut
1694 1534 1859 1590 alium
1891 1534 2054 1591 cleri-

478 1647 602 1688 cum
627 1630 1001 1700 eujuscunque
1042 1624 1265 1696 gradus,
1304 1633 1399 1680 aut
1439 1628 1787 1691 monachum,
1820 1629 2055 1684 conduc-

2215 704 2432 777 τέροις,
2456 704 2905 771 κάϊδιακόγοις,
2933 704 3037 760 καί
3057 705 3260 770 ἁπλῶς
3284 705 3477 762 πᾶσιν
3502 707 3720 777 ἐκκλη-

2217 779 2558 845 σιαστικοῐε
2584 780 2683 833 καὶ
2709 778 3024 848 μοναχοῖς.

2217 892 2287 951 α’.
2329 895 2469 959 Τοὺς
2522 892 2973 962 θεοφιλεστάτους
3011 891 3345 956 ἐπισκόπους
3389 893 3455 946 ἐκ
3500 892 3723 963 μηδενὸς

2147 984 2318 1054 νόμου
2350 983 2682 1055 ἐπιτρόπους
2731 982 2765 1053 ἢ
2795 981 3134 1053 κουράτορας
3181 983 3295 1035 οἴου
3337 982 3539 1053 δήποτε
3566 997 3726 1052 προσ⁶

2149 1077 2299 1132 ὠπου
2334 1077 2582 1147 γίνεσθαι
2606 1074 3019 1145 συγχωροῦμεν.

2224 1168 2290 1240 β’.
2323 1168 2463 1233 Τοὺς
2489 1167 2899 1238 πρεσϐυτέρους
2930 1166 3025 1219 καὶ
3060 1165 3345 1229 διακόνους
3369 1165 3466 1219 καὶ
3498 1165 3728 1220 ὑποδια-

2152 1261 2344 1324 κόνους
2375 1258 2454 1331 τῷ
2484 1260 2681 1330 δικαίῳ
2712 1258 2808 1313 καὶ
2846 1258 2992 1329 μόνῳ
3026 1258 3127 1325 τῆς
3159 1259 3481 1327 συγγενείας
3507 1261 3588 1322 είς
3611 1263 3735 1313 ἐπι·

2151 1352 2361 1422 τροπὴν
2392 1352 2428 1423 ἢ
2463 1351 2829 1423 κουρατορίαν
2861 1349 3232 1422 καλουμένους
3257 1350 3355 1421 τὴν
3387 1350 3732 1421 λειτουργίαν

2157 1443 2519 1514 ὑποδέχεσθαι
2551 1443 2969 1514 συγχωροῦμεν.

2226 1534 2294 1605 γ’.
2341 1535 2674 1589 Ἐπίσκοπον
2724 1534 2757 1603 ἢ
2805 1534 3108 1604 οἰκονόμον,
3169 1530 3202 1604 ἧ
3255 1533 3416 1588 ἄλλον
3474 1534 3736 1604 κληρικὶν

2156 1629 2269 1682 οἴου
2295 1628 2497 1701 δήποτε
2537 1627 2746 1698 βαθμοῦ
2779 1627 2812 1698 ἢ
2844 1626 3104 1697 μοναχὸν,
3165 1626 3537 1699 ἐκλὴπτοραῆ
3571 1628 3738 1681 ἁπαι-

477 1733 648 1779 torem
717 1730 1099 1777 exactore-mre
1157 1717 1495 1789 publicorum
1550 1720 1919 1791 vectigalium,
1961 1731 2056 1778 aut

2182 1721 2329 1791 mthv
2376 1719 2652 1790 δημοσίων
2702 1720 3044 1783 συντελειῶν,
3080 1717 3113 1789 ἢ
3166 1719 3446 1790 μισθωτὴν
3480 1717 3670 1782 τελῶν,
3702 1720 3735 1787 ἢ

477 1815 776 1869 alienarum
808 1812 1128 1867 facultatum
1154 1821 1208 1866 et
1237 1811 1430 1866 domus
1460 1820 1792 1880 curatorem,
1817 1823 1910 1868 aut
1929 1830 2056 1885 pro-

477 1921 784 1963 curatorem
825 1904 881 1960 in
927 1904 1101 1970 litem,
1149 1913 1210 1958 ut
1246 1917 1566 1973 sponsorem
1620 1903 1738 1958 ﬁeri
1783 1920 1890 1962 non
1935 1922 2059 1977 per-

483 2000 770 2054 mittimus.

551 2092 607 2144 4.
645 2088 1066 2145 Amantissimos
1109 2086 1221 2142 Deo
1260 2086 1568 2158 episcopos,
1612 2086 1862 2157 proprias
1891 2088 2063 2143 relin-

482 2196 649 2249 quere
679 2181 958 2247 ecclesias,
989 2189 1044 2234 et
1088 2178 1143 2233 in
1186 2179 1415 2233 aliorum
1450 2178 1757 2246 provincias
1785 2178 1937 2233 abire
1963 2194 2059 2234 ve-

485 2284 680 2326 lamus.
714 2271 771 2325 Si
810 2286 940 2327 vero
975 2270 1278 2325 necessitas
1323 2269 1501 2337 aliqua
1550 2269 1603 2323 id
1658 2268 1922 2337 exegerit,
1952 2283 2061 2323 non

487 2366 643 2419 aliter
667 2379 831 2434 quam
854 2379 976 2418 cum
1001 2362 1197 2417 litteris
1227 2361 1528 2417 beatissimi
1560 2362 1800 2431 ipsorum
1831 2362 2066 2431 patriar-

485 2456 602 2513 chae
638 2466 733 2511 aut
763 2454 1123 2525 metropolitae
1151 2465 1246 2517 aut
1282 2454 1565 2523 principali
1609 2454 1863 2510 mandato
1896 2453 1947 2507 id
1988 2454 2068 2507 fa-

488 2551 659 2614 ciant,
706 2549 781 2604 ita
831 2549 1077 2619 quidem,
1108 2558 1169 2603 ut
1209 2561 1313 2601 nec
1355 2546 1462 2600 illis
1505 2545 1793 2615 episcopis.
1834 2548 1924 2609 qui
1968 2546 2067 2599 sub

486 2639 811 2695 beatissimo
841 2637 1450 2705 Constantinoiiolitano
1474 2639 1733 2707 episcopo
1753 2644 1808 2690 et
1837 2637 2069 2705 patriar-

489 2731 592 2784 cha
620 2739 769 2795 sunt,
820 2730 981 2795 liceat
1033 2729 1153 2782 sine
1198 2727 1373 2797 ipsius
1414 2728 1683 2796 permissu
1743 2736 1835 2781 aut
1885 2737 2071 2782 nostro

485 2822 643 2892 jussu
686 2822 739 2876 in
782 2822 985 2890 regiam
1022 2818 1212 2875 urbem
1246 2821 1430 2874 venire
1462 2836 1476 2871 :
1514 2835 1636 2873 nam
1687 2820 1733 2875 si
1775 2821 1935 2875 etiam
1971 2821 2073 2874 boc

493 2914 654 2968 modo
675 2913 963 2984 episcopus
994 2914 1387 2983 qualiscunque
1413 2913 1599 2978 fuerit,
1624 2914 1943 2978 excesserit,
1968 2929 2071 2967 non

2159 1811 2458 1882 ἀλλοτρίων
2500 1812 2750 1881 κτήσεων
2790 1810 3100 1881 κουράτορα
3131 1811 3225 1862 καὶ
3267 1810 3419 1862 οἴκου
3453 1810 3485 1881 ἢ
3521 1809 3740 1863 ἐντολέα

2160 1904 2338 1975 δίκης,
2368 1903 2401 1975 ἢ
2433 1903 2708 1972 ἐγγυητὴν
2737 1901 2991 1972 γίνεσθαι
3016 1901 3079 1954 οὐ
3109 1901 3528 1973 συγχωροῦμεν.

2235 2082 2296 2140 δ’.
2345 2085 2472 2151 Τοῖς
2513 2082 2950 2154 θεοφιλεστάτοις
2995 2081 3324 2145 ἐπισκόποις
3379 2081 3480 2145 τὰς
3537 2080 3746 2144 οἱκείας

2167 2177 2601 2248 καταλιμπάνειν
2640 2177 2964 2248 ἐκκλησίας,
2994 2176 3088 2229 καὶ
3132 2176 3212 2238 εἰς
3263 2173 3438 2228 ἄλλων
3481 2174 3747 2243 ἐπαρχίας

2170 2269 2572 2341 παραγίνεσθαι
2599 2267 3019 2341 ἀπαγορεύομεν
3038 2284 3053 2299 ·
3083 2269 3133 2321 εἱ
3152 2268 3210 2322 δὲ
3235 2267 3444 2337 ἀνάγκη
3471 2282 3553 2329 τις
3576 2266 3749 2318 ἀπαι-

2167 2365 2272 2429 τεῖ,
2304 2361 2379 2433 μὴ
2413 2362 2588 2425 ἄλλως
2619 2362 2653 2431 ἢ
2690 2361 2829 2432 μετά
2863 2360 3211 2431 γραμμάτων
3258 2358 3352 2412 τοῦ
3394 2357 3750 2426 μακαριωτὰ-

2174 2473 2269 2508 του
2295 2454 2475 2508 αὐτῶν
2506 2455 2849 2524 πατριάρχου
2869 2454 2903 2524 ἦ
2934 2452 3330 2525 μητροπολίτου
3361 2452 3394 2522 ἢ
3427 2448 3568 2504 κατά
3594 2448 3746 2519 βασι-

2170 2544 2329 2614 λικὴν
2360 2543 2565 2613 δηλαδὴ
2588 2543 2857 2608 κέλευσιν,
2881 2542 3041 2596 τοῦτο
3078 2542 3425 2605 ποιείτωσαν,
3447 2539 3590 2592 οὕτω
3627 2539 3747 2608 μέν·

2170 2655 2254 2692 τοι
2288 2654 2374 2705 γε,
2425 2637 2511 2690 ἵνα
2558 2636 2692 2707 μηδὲ
2724 2638 2955 2700 ἐκείνοις
3001 2637 3112 2699 τοῖς
3157 2616 3500 2697 ἐπισκόποις,
3549 2631 3748 2694 οἵτινες

2173 2730 2278 2783 ὑπὸ
2307 2729 2397 2782 τὸν
2444 2726 2867 2799 μακαριώτατον
2898 2727 3198 2780 ἐπίσκοπον
3239 2722 3753 2778 Κωνσταντινουπᾶ-

2173 2821 2314 2884 λεως
2368 2822 2464 2874 καὶ
2509 2819 2858 2890 πατριάρχην
2902 2820 3060 2883 εἱσὶν,
3092 2817 3243 2885 ἐξείη
3290 2817 3413 2887 δίχα
3460 2817 3758 2887 ἐπιτροπῆς

2176 2910 2342 2965 αὐτοῦ
2390 2911 2424 2980 ἢ
2478 2909 2758 2980 ἡμετέρας
2818 2908 3124 2971 κελεύσεως
3177 2909 3318 2962 κατά
3365 2908 3466 2979 τὴν
3515 2907 3758 2977 βασιλίδα

492 3005 723 3075 amplius
753 3021 861 3061 uno
891 3020 1034 3060 anno
1080 3006 1369 3060 ecclesiam
1424 3019 1580 3059 suam
1628 3005 1921 3074 relinquat,
1956 3006 2073 3073 epi-

2182 3002 2334 3055 πόλιν
2365 3000 2570 3060 ἐλθεῖν·
2613 3002 2663 3054 εἱ
2697 3001 2808 3070 γὰρ
2847 3001 2945 3054 καὶ
3000 3000 3141 3054 κατά
3192 3001 3283 3053 τὸν
3334 3002 3537 3071 τρόπον
3573 3000 3760 3054 τοῦτον

493 3113 688 3167 scopos
712 3113 843 3155 vero
866 3098 965 3168 qui
993 3098 1045 3152 in
1075 3099 1280 3165 regiam
1309 3098 1500 3152 urbem
1532 3097 1627 3165 (ita
1650 3107 1707 3150 ut
1735 3097 1940 3151 dictum
1966 3099 2070 3166 εει)

494 3192 766 3256 venerint,
788 3206 852 3244 ex
881 3204 1208 3259 quacunque
1238 3190 1441 3244 fuerint
1465 3190 1708 3259 dioecesi,
1742 3203 1868 3243 ante
1892 3191 2073 3244 omnia

495 3262 646 3337 abire
694 3282 950 3351 jubemus
997 3284 1068 3338 ad
1119 3282 1495 3338 beatissimum
1530 3280 2076 3349 Constantinopoleos

494 3375 962 3445 archiepiscopum
995 3382 1050 3428 et
1095 3373 1465 3442 patriarcham
1487 3412 1503 3439 ,
1539 3381 1717 3441 atque
1753 3372 1827 3426 ita
1874 3374 1939 3426 ad
1977 3386 2075 3427 no-

497 3475 666 3519 stram
703 3463 889 3518 venire
918 3463 1293 3518 serenitatem.
1327 3461 1865 3531 Quicutnquezautem
1887 3472 2076 3519 contra

498 3546 945 3609 constitutionem
973 3553 1117 3609 hanc
1139 3563 1386 3609 nostram
1416 3555 1774 3622 excesserint,
1796 3566 1889 3610 aut
1915 3570 2078 3624 supra

500 3646 785 3701 deﬁnitum
817 3645 946 3700 anni
985 3646 1246 3715 spatium,
1279 3655 1496 3718 tempus
1526 3647 1745 3717 aliquod
1773 3656 1926 3702 extra
1956 3663 2081 3719 pro-

499 3738 674 3809 priam
702 3736 1000 3793 Ecclesiam
1030 3735 1281 3805 fecerint,
1312 3737 1547 3808 primum
1573 3737 1792 3806 quidem
1819 3752 1925 3794 non
1954 3737 2084 3792 sub-

501 3827 804 3882 ministrari
828 3835 1076 3896 sumptus
1099 3828 1167 3881 ab
1190 3827 1490 3882 (economis
1528 3828 1648 3898 ejus
1670 3826 1926 3883 Ecclesia:
1950 3828 2082 3897 ipsis

502 3915 775 3978 volumus,
803 3916 999 3972 deinde
1027 3917 1326 3986 signiﬁcari
1360 3920 1494 3989 ipsis
1530 3933 1627 3989 per
1659 3919 1866 3974 litteras
1896 3932 2080 3974 sacer-

502 4010 687 4062 dotum
731 4008 927 4078 quibus
964 4019 1180 4078 parent,
1217 4018 1275 4064 ut
1305 4010 1372 4064 ad
1403 4012 1654 4080 proprias
1682 4010 1953 4065 Ecclesias
1993 4024 2082 4064 re-

506 4100 701 4164 deant;
730 4108 786 4154 et
810 4099 915 4170 ipsi
939 4102 1159 4170 quidem
1187 4104 1505 4171 episcopatu
1536 4113 1937 4169 removeantur,
1963 4117 2088 4158 sen-

508 4192 676 4245 tentia
709 4200 763 4244 et
788 4191 996 4261 judicio
1034 4193 1240 4261 proprii
1278 4193 1693 4262 arcltiepiscOpi.
1733 4194 1838 4248 Alii
1869 4210 1998 4249 vero
2029 4195 2083 4249 in

507 4279 745 4349 ipsorum
789 4280 966 4335 locum
1006 4296 1071 4337 ex
1123 4281 1408 4349 praesentis
1453 4282 1586 4352 legis
1629 4286 1680 4337 vi
1717 4294 1771 4337 et
1819 4293 2088 4352 potestate

2179 3096 2476 3158 ἐπίσκοπος
2512 3089 2626 3157 οἶος
2671 3094 2871 3164 δήποτε
2919 3094 3284 3165 ἀποδημήσει,
3329 3094 3404 3164 μὴ
3448 3092 3610 3146 πλέον
3645 3093 3762 3156 ἐνὸς

2181 3183 2433 3238 ἐνιαυτοῦ
2457 3183 2558 3255 τὴν
2579 3184 2715 3237 ίδίαν
2746 3184 3208 3253 καταλιμπανὲτω
3236 3184 3590 3254 Ἐκκλησίαν.
3624 3184 3762 3245 Τοὺς

2181 3280 2240 3335 δὲ
2273 3280 2608 3343 ἐπισκόπους
2659 3279 2786 3341 τοὺς
2825 3280 2966 3332 κατά
3013 3277 3112 3350 τὴν
3171 3278 3419 3349 βασιλίδα
3468 3280 3644 3343 πόλιν,
3687 3279 3764 3339 ὡς

2185 3373 2423 3443 εἴρηται,
2452 3369 3075 3441 παραγενομένους,οἱάς
3094 3371 3295 3439 δήποτε
3315 3366 3425 3423 εἷεν
3445 3370 3766 3440 διοικήσεως

2184 3463 2293 3534 πρὸ
2318 3463 2539 3527 πάντων
2578 3461 2800 3514 ἀπιέναι
2834 3461 2971 3532 πρὸς
2999 3461 3092 3513 τὸν
3124 3461 3547 3531 μακαριώτατον
3607 3463 3767 3530 ἁρχι-

2187 3555 2492 3607 επὶσκοπον
2515 3552 3136 3614 Κωνσταντινουπόλεως
3176 3553 3270 3606 καὶ⁸
3283 3553 3645 3623 πατριάρχην,
3673 3553 3767 3603 καὶ

2185 3647 2361 3710 οὕτως
2387 3646 2453 3699 δι’
2487 3643 2655 3698 αὑτοῦ
2693 3644 2831 3715 πρὸς
2872 3646 2974 3712 τὴν
3019 3644 3298 3714 ἡμετέραν
3332 3647 3564 3699 εἰσιέναι
3598 3646 3767 3713 γαλη-

2190 3739 2411 3808 νότητα.
2444 3738 2569 3800 Τοῖς
2599 3737 2657 3790 δὲ
2694 3736 2843 3808 παρὰ
2873 3735 3077 3806 ταύτην
3117 3736 3275 3805 ἡμῶν
3304 3734 3405 3806 τὴν
3431 3735 3764 3791 διατύπωσιν
3808 3739 3813 3743 ’

2188 3828 2585 3901 ἀποδημοῦσιν,
2615 3828 2647 3897 ἢ
2681 3828 2822 3900 ὑπὲρ
2849 3827 2945 3880 τὸν
2975 3826 3203 3898 ὁρισμὸν
3233 3826 3329 3880 τοῦ
3359 3826 3610 3881 ἐνιαυτοῦ
3639 3828 3765 3898 χρό-

2190 3942 2284 3978 νου
2329 3923 2433 3991 ἐξω
2460 3924 2561 3993 τῆς
2609 3921 2746 3985 ιδίας
2768 3920 3100 3991 Ἐκκλησίας
3130 3919 3418 3985 ποιοῦσιν,“
3436 3921 3652 3991 πρῶτον
3673 3921 3773 3989 μὲν

2195 4016 2270 4087 μὴ
2298 4013 2657 4087 χορηγεῖσθαι
2694 4015 2845 4084 παρά
2873 4013 3001 4067 τῶν.
3018 4014 3319 4085 οἰκονόμων
3345 4014 3443 4083 τῆς
3480 4014 3618 4075 ιδίας
3647 4015 3773 4067 Ἕκ-

2192 4106 2423 4177 κλησίας
2460 4105 2728 4169 δαπάνας,
2769 4105 2961 4159 ἔπειτα
3012 4106 3070 4158 δὲ
3118 4104 3632 4176 ὑπομιμνήσκεσθαι
3674 4108 3774 4159 αὑ-

2194 4200 2322 4262 τοὺς
2355 4197 2444 4250 διὰ
2476 4196 2823 4267 γραμμάτων
2876 4196 2985 4249 τῶν
3037 4199 3227 4267 ἱερέων
3254 4197 3346 4265 ὑφ’
3380 4196 3473 4261 οὒς
3502 4196 3770 4259 τελοῦσιν,

2168 4289 2338 4341 -ὣστε
2378 4286 2696 4341 ἐπανελθεῖν
2740 4287 2820 4348 είς
2865 4286 2962 4348 τὰς
3010 4287 3146 4349 ἱδίας
3187 4287 3505 4357 ἐκκλησίας,
3550 4289 3774 4350 ἑαυτοὺς

506 4382 809 4426 creentur:
842 4373 1030 4426 eadem
1077 4372 1179 4428 hac
1222 4372 1340 4443 lege
1382 4373 1661 4430 obtinente
1689 4385 1741 4429 et
1784 4375 1837 4430 in
1864 4376 2075 4432 clerico:

2198 4383 2295 4453 μὲν
2344 4384 2444 4452 τῆς
2488 4380 2795 4449 ἐπισκοπῆς
2839 4378 3163 4442 ἐξωθεῖσθαι
3210 4380 3407 4454 γνώμῃ
3452 4382 3548 4433 καὶ
3594 4381 3772 4451 κρίσει

507 4464 884 4533 cujuscunque
916 4466 1116 4536 gradus
1140 4466 1339 4520 fuerint
1366 4478 1457 4521 aut
1489 4469 1795 4523 ministerii.

2194 4473 2287 4526 xui.
2323 4471 2618 4543 δοκιμασίᾳ
2655 4471 2752 4524 τοῦ
2802 4469 3004 4524 οἰκείου
3053 4473 3356 4542 ἀρχιερέως
3398 4491 3413 4504 ν
3451 4474 3672 4543 ἑτέρους
3718 4472 3774 4524 δὲ

507 4556 627 4608 ἀντ’
651 4555 832 4610 αὐτῶν
871 4556 1133 4626 ἀμείνους
1184 4557 1618 4628 χειροτονεῖσθαι
1659 4558 1805 4612 κατὰ
1840 4559 1951 4631 ,τὴν
1996 4562 2093 4616 τοῦ
2134 4562 2402 4633 παρόντος
2447 4568 2615 4632 νόμου
2642 4561 2896 4631 δύναμιν,
2927 4560 3120 4616 τούτου
3151 4564 3314 4616 αὑτοῦ
3381 4566 3476 4617 καὶ
3511 4565 3603 4617 ἐπὶ
3665 4563 3774 4616 τῶν
3842 4551 3847 4555 ’

509 4650 785 4721 κληρικῶν
841 4651 1171 4720 κρατοῦντος
1217 4653 1533 4725 οἱουδήποτε
1578 4654 1788 4725 βαθμοῦ
1835 4652 1945 4711 εἶεν
2000 4659 2034 4729 ἢ
2171 4656 2245 4730 οἱ]
2273 4659 2331 4710 ἐν
2359 4658 2666 4728 ὑπηρεσίᾳ.

574 4746 636 4799 5.
675 4744 969 4814 Episcopus
1024 4755 1079 4799 et
1119 4746 1463 4817 presbyteros
1514 4750 1886 4816 prohibemus,
1936 4767 2005 4805 ne
2057 4768 2085 4805 a

510 4848 699 4891 sancta
731 4837 1110 4892 communione
1144 4840 1450 4908 quempiam
1485 4841 1792 4905 excludant,
1824 4857 1929 4895 non
1960 4856 2087 4908 pro-

511 4932 637 4985 bata
665 4943 829 4984 causa
858 4940 1079 5000 propter
1105 4945 1266 5001 quam
1297 4934 1653 4988 ecclesiastici
1689 4949 1924 4989 canones
1960 4934 2088 4988 illud

515 5024 632 5078 lieri
657 5023 871 5094 jubent.
901 5024 959 5078 Si
988 5029 1113 5093 quis
1144 5036 1322 5080 autent
1352 5035 1542 5080 contra
1574 5028 1853 5097 pratdicta,
1880 5042 1908 5079 a
1936 5042 2089 5082 sacra

514 5115 895 5170 communione
924 5130 1235 5186 quemptam
1271 5116 1545 5181 excludat,
1583 5117 1671 5171 ille
1704 5118 1921 5186 quidem
1955 5133 2089 5185 quo-

516 5205 659 5259 niam
699 5205 896 5275 injuste
937 5223 968 5260 a
1017 5208 1402 5262 communione
1442 5208 1696 5263 exclusus
1738 5220 1841 5275 est,
1880 5209 2091 5266 solutus

517 5300 1076 5355 cxcommunicatione
1108 5315 1139 5355 a
1168 5301 1449 5370 superiore
1484 5302 1801 5365 sacerdote,
1833 5316 2092 5356 commu-

519 5390 682 5443 nione
712 5390 908 5459 dignus
939 5390 1229 5445 babebitnr
1262 5406 1275 5444 :
1302 5389 1392 5460 qui
1420 5406 1546 5447 vero
1572 5406 1693 5446 eum
1718 5393 2091 5448 excommuni-

520 5494 645 5535 t-are
669 5498 833 5538 ausus
864 5483 988 5550 fuit,
1014 5485 1267 5540 omnibus
1294 5484 1471 5540 modis
1510 5500 1541 5538 a
1574 5486 1855 5541 sacerdote
1885 5487 2091 5541 cuisu-

524 5567 665 5635 best,
698 5573 1015 5629 excludetur
1041 5589 1068 5632 a
1094 5574 1476 5631 communione
1499 5584 1704 5646 quanto
1724 5585 1962 5643 tempore
1991 5574 2090 5642 ipsi

522 5657 696 5713 visum
722 5658 901 5732 luerit,
922 5674 981 5718 ut
1003 5679 1123 5734 qua:
1155 5664 1353 5736 injuste
1380 5663 1526 5730 fecit,
1556 5663 1698 5733 justc
1723 5679 1848 5734 erga
1882 5679 1941 5719 se
1970 5664 2083 5720 ﬁeri

2269 4747 2332 4803 ε’.
2374 4751 2513 4813 Τοὺς
2556 4751 2889 4815 ἐπισκόπους
2937 4752 3031 4806 καὶ
3084 4748 3514 4821 πρεσϐυτέρους,
3568 4749 3776 4817 ἀπαγο·

2200 4843 2450 4913 ρεύομεν,
2492 4841 2566 4912 μὴ
2615 4844 2869 4915 χωρίζειν
2932 4844 3084 4907 τινὰς
3116 4843 3213 4912 τῆς
3269 4842 3431 4909 ἁγίας
3490 4842 3777 4904 κοινωνίας
3838 4885 3843 4889 .

2199 4937 2331 5005 πρὶν
2362 4936 2394 5006 ἡ
2429 4934 2579 4987 αἰτία
2602 4934 2838 5007 δειχθείη
2869 4935 2937 4988 δι’
2967 4935 3033 5007 ἣν
3067 4936 3117 4988 οἱ
3142 4933 3589 5003 ἐκκλησιαστικοὶ
3618 4923 3770 4987 κάνό-

2197 5043 2284 5089 νες
2317 5027 2472 5078 τοῦτο
2502 5026 2756 5094 γενέσθαι
2787 5026 3119 5079 κελεύουσιν.
3154 5027 3217 5079 Εί
3236 5026 3293 5079 δέ
3319 5043 3400 5089 τις
3426 5028 3578 5095 παρὰ
3602 5024 3777 5077 ταῦτα

2198 5118 2297 5185 τῆς
2332 5116 2493 5184 ἁγίας
2541 5116 2830 5180 κοινωνίας
2870 5118 2993 5171 τινὰ
3043 5117 3294 5188 χωρίσοι,
3322 5118 3528 5179 ἐκεῖνος
3560 5117 3661 5185 μὲν
3684 5116 3779 5178 ὡς

2198 5207 2378 5270 ἄδικος
2427 5207 2501 5280 [ι’.
2553 5206 2792 5279 ἀδίκως]
2836 5208 3084 5279 ἀποτῆς
3135 5208 3424 5272 κοινωνίας
3480 5207 3775 5277 ἐχωρίσθη,

2198 5295 2457 5367 λυόμενος
2485 5297 2578 5351 τοῦ
2610 5299 2894 5369 χωρισμοῦ
2918 5299 3024 5353 ὑπὸ
3052 5299 3145 5353 τοῦ
3185 5300 3432 5371 μείζονος
3459 5299 3647 5369 ἱερέως
3676 5297 3779 5363 τῆς

2198 5388 2365 5455 ἁγίας
2393 5389 2661 5453 ἀξιούσοω
2687 5391 2971 5456 κοινωνίας
2990 5407 3004 5421 ·
3036 5393 3065 5444 ὁ
3094 5392 3151 5445 δὲ
3186 5394 3422 5463 χωρίσαι
3469 5390 3751 5461 τολμήσας
3761 5427 3776 5448 ι

2200 5482 2334 5533 πᾶσι
2360 5482 2578 5552 τρόποις
2597 5482 2701 5535 ὑπὸ
2718 5482 2813 5535 τοῦ
2830 5484 3077 5554 μείζονος
3093 5486 3281 5554 ἱερέως
3300 5484 3401 5552 τῆς
3425 5482 3584 5551 ἁγίας
3598 5480 3773 5546 ditati-

2203 5575 2315 5626 σθω
2328 5578 2633 5644 κοινωνίας,
2655 5578 2740 5647 ἐφ’
2758 5579 2881 5632 ὅσον
2895 5579 3086 5650 χρόνον
3099 5581 3306 5640 ἐκεῖνος
3323 5577 3525 5631 συνίδοι
3541 5574 3629 5629 ἴνα
3645 5575 3781 5641 ὅπερ

2210 5669 2410 5732 ἀδίκως
2441 5669 2716 5740 ἐποίησεν,
2750 5670 2972 5735 δικαίως
2998 5672 3289 5742 ὐπομείιῃ.
3314 5670 3660 5738 Θεσπίζομεν
3689 5668 3781 5720 καὶ
