4058 6212
211 312 322 378 485

1516 301 1903 362 DELECTUS
1946 299 2228 359 LEGUM.

3378 292 3485 354 486

211 434 337 496 τοὺς
373 429 670 501 κληρικοὺς
706 426 832 490 τοὺς
866 426 955 496 ὑφ’
986 422 1150 493 ἑτέρᾳ
1182 418 1368 490 ὲνορίᾳ
1417 418 1811 488 τεταγμένους,

1920 415 2172 484 patiatur.
2204 412 2463 467 Jubemus
2494 411 2681 473 etiam,
2728 425 2795 467 ne
2836 411 3018 467 clerici
3048 411 3150 466 sub
3193 408 3302 466 alio
3333 415 3489 465 terri-

216 525 482 597 μηδαμῶς
510 520 665 593 παρὰ
688 517 914 590 γνώμην
944 516 1037 570 τοῦ
1064 514 1266 568 οἰκείου
1292 510 1595 564 ἐπισκόπου
1626 509 1659 580 ἦ
1696 526 1801 578 μη-

216 616 538 693 τροπολίτου
588 612 671 676 εἰς
715 611 911 678 ἑτέραν
937 608 1157 679 ὲνορίαν
1187 604 1659 677 μεταπίπτοντας,
1686 600 1718 671 ἢ
1746 603 1804 654 ὲν

215 708 519 780 Ἐκκλησία
538 703 960 772 καταλέγεσθαι,
996 702 1028 770 ἢ
1052 699 1393 772 χειροτονίαν
1413 695 1799 765 ἀναδέχεσθαι.

226 806 323 859 Ἐκ
350 805 461 875 γάρ
494 798 590 855 τοῦ
626 799 702 870 μὴ
730 798 800 851 τὰ
837 794 1065 850 τοιαῦτα
1102 789 1653 864 παραφυλάττεσθαι,
1679 788 1806 842 πολ-

214 900 313 968 λῆς
337 893 564 959 ἀταξίας
584 893 677 946 καὶ
696 890 905 959 πλάνης
925 887 1122 940 πολλαὶ
1144 885 1254 948 τῶν
1275 883 1479 955 Ἐκκλη
1488 883 1618 936 σιῶν
1639 883 1806 953 ἐπλη-

219 990 497 1064 ρώθησαν.
524 988 588 1041 Εἰ
610 986 668 1040 δέ
695 1002 779 1048 τις
801 981 1089 1053 φωραθείη
1121 980 1223 1050 τὴν
1249 978 1535 1059 παροῦσαν
1559 976 1804 1043 διάταξιν

214 1081 449 1147 ἀθετῶν,
480 1081 529 1133 εἰ
566 1079 664 1150 μὲν
684 1077 783 1147 τὴν
816 1073 1024 1129 οἰκείαν
1047 1072 1262 1150 ὲνορίαν
1284 1064 1567 1125 ἀπολιπὼν
1593 1070 1650 1125 ὲν
1683 1070 1805 1123 ἑτέ-

218 1190 289 1244 ρα
320 1172 478 1242 μόνον
509 1147 790 1237 καταλεγῇ
824 1162 1132 1235 Ἐκκλησία
1154 1147 1362 1232 ιῖηδένα
1390 1159 1600 1229 βαθμὸν
1634 1175 1806 1229 χειρο-

217 1263 397 1325 τονίας
430 1258 777 1332 προσλαϐὼν,
811 1253 1326 1326 ὲπαναστρέφεσθαι
1354 1250 1541 1305 τοῦτον
1588 1254 1668 1315 εἰς
1711 1251 1803 1305 τὸν

220 1356 417 1407 οἰκεῖον
475 1352 799 1425 ἐπίσκοπον,
842 1351 943 1419 τῆς
985 1346 1280 1418 ὑπερορίου
1312 1343 1645 1413 Ἐκκλησίας
1677 1345 1735 1397 ὲν

221 1446 314 1499 καὶ
342 1445 439 1499 ἀπ’
465 1447 642 1516 ἀρχης
676 1441 950 1511 κατελέγη
978 1437 1336 1508 ἐλαυνόμενον
1355 1453 1368 1466 ’
1401 1436 1450 1487 εί
1479 1436 1535 1488 δὲ
1564 1436 1659 1487 καὶ
1691 1452 1807 1505 χει-

176 1594 179 1597 _
220 1536 466 1607 ροτονίαν
498 1534 831 1605 προσείληφε
853 1571 868 1597 ,
923 1529 1116 1584 τοῦτον
1150 1527 1244 1580 ἐπὶ
1289 1525 1533 1597 τριετίας
1566 1525 1663 1594 τῆς
1695 1526 1807 1577 λει-

218 1628 482 1700 τουργίας
515 1626 791 1699 ἀργοῦντα
824 1624 1032 1696 μένειν,
1064 1620 1126 1674 τὸ
1154 1618 1344 1673 λοιπὸν
1373 1618 1466 1671 ἐπὶ
1516 1619 1582 1688 τῇ
1624 1617 1807 1689 κρίσει

220 1720 311 1773 τοῦ
348 1718 553 1774 οἰκείου
585 1716 890 1771 ἐπισκόπου
928 1713 1028 1784 τὴν
1058 1710 1225 1765 αὑτοῦ
1262 1708 1593 1781 συγγνώμην
1631 1724 1805 1763 κοιτα-

220 1814 453 1884 λιμπάνε
463 1811 609 1866 σθαι.
864 1805 869 1810 ’

292 1904 366 1970 ς’,
402 1906 545 1957 Ὅσα
591 1903 898 1974 πράγματα
938 1901 1096 1971 ἔσχεν
1145 1902 1173 1953 ὁ
1221 1897 1524 1959 ἐπίσκοπος
1556 1895 1662 1965 πρὸ
1708 1893 1806 1964 τῆς

219 1999 546 2067 ἐπισκοπῇς,
572 1996 825 2065 δωρεῖται
856 1994 949 2047 καὶ
988 1992 1292 2045 έκποιεῖται
1316 1989 1391 2052 ὼς
1426 1987 1590 2051 θέλει,
1612 1987 1672 2039 οὑ
1701 1985 1808 2057 μὴν

224 2087 363 2140 ἀλλὰ
425 2088 521 2140 καὶ
552 2084 855 2138 διατίθεται
896 2083 979 2144 εἰς
1028 2080 1188 2134 αὑτά.
1230 2080 1373 2131 Ὅσα
1427 2078 1483 2130 δὲ
1540 2078 1808 2146 ἐκτήσατο

231 2178 371 2247 μετά
402 2177 499 2246 τὴν
547 2174 874 2245 ἐπισκοπὴν,
899 2176 966 2243 τῇ
991 2170 1293 2241 Ἐκκλησία
1343 2168 1509 2223 αὑτοῦ
1538 2167 1808 2237 διαφέρει,

220 2269 318 2321 καὶ
371 2267 493 2319 οὑδὲ
534 2265 833 2318 διατίθεται
887 2265 969 2326 εἰς
1011 2261 1170 2327 αὑτὰ,
1202 2261 1252 2313 εί
1295 2260 1394 2331 μὲν
1438 2260 1545 2328 ἄρα
1579 2257 1686 2312 ἀπὸ
1715 2272 1809 2325 γο-

220 2358 357 2413 νέων
383 2358 416 2428 ἢ
450 2356 612 2410 θείων
641 2356 672 2424 ἢ
706 2354 951 2423 ἀδελφῶν
980 2352 1147 2405 αὑτοῦ
1182 2353 1262 2414 είς
1291 2350 1454 2403 αὑτὸν
1494 2348 1808 2421 περιῆλθον.

291 2450 354 2515 ζ’.
386 2448 523 2521 Τοὺς
548 2445 953 2517 πρεσϐυτέρους
986 2444 1080 2495 καὶ
1109 2442 1391 2504 διακόνους
1422 2441 1517 2493 καὶ
1543 2436 1793 2505 ἀναγνώ-

224 2558 374 2605 στας,
402 2538 500 2593 καὶ
545 2538 755 2608 ψάλτας
800 2534 894 2598 οὒς
947 2534 1157 2595 πάντας
1191 2532 1488 2601 κληρικοὺς
1515 2528 1808 2599 καλοῦμεν,

221 2632 527 2703 πράγματα
555 2629 653 2697 οἴῳ
683 2628 884 2696 δήποτε
909 2624 1096 2694 τρόπῳ
1132 2625 1212 2685 εἰς
1244 2621 1342 2692 τὴν
1374 2619 1554 2673 αὑτῶν
1610 2619 1808 2671 δεσπο-

220 2725 376 2777 τείαν
435 2719 812 2792 περιελθόντα,
850 2717 995 2787 ἔχειν
1050 2714 1155 2768 ὑπὸ
1213 2712 1311 2782 τὴν
1384 2711 1522 2765 ἰδίαν
1556 2710 1808 2773 ἐξουσίαν

221 2810 632 2884 προστάττομεν
660 2804 785 2860 καθ’
807 2803 1106 2874 ὁμοιότητα
1133 2801 1240 2854 τῶν
1264 2800 1582 2869 ἰδιοκτήτων
1611 2814 1812 2851 πεκου-

221 2906 374 2967 λίων,
408 2904 501 2957 καὶ
518 2899 808 2971 δωρεῖσθαι
844 2896 987 2950 κατά
1017 2896 1143 2958 τοὺς
1166 2895 1363 2964 νόμους
1391 2895 1487 2945 καὶ
1512 2892 1600 2943 ἐπ’
1628 2891 1812 2953 αὑτοῖς

220 2996 579 3059 διατίθεσθαι,
614 2992 715 3047 κάν
750 2991 856 3047 ὑπὸ
877 2989 977 3061 τὴν
1000 2987 1110 3041 τῶν
1138 2987 1342 3055 γονέων
1374 2985 1510 3037 εἰσὶν
1542 2983 1810 3048 ἐξουσίαν,

222 3089 372 3145 οὑτω
426 3088 632 3159 μέντοι,
694 3084 836 3137 ὥστε
864 3082 991 3143 τοὺς
1033 3078 1239 3131 τούτων
1273 3076 1493 3140 παῖδας,
1527 3075 1561 3144 ἢ
1608 3073 1814 3127 τούτων

227 3183 306 3253 μὴ
340 3180 609 3243 ὑπόντων,
656 3175 781 3236 τοὺς
816 3173 995 3240 γονεῖς
1043 3168 1243 3233 αὑτῶν,
1280 3165 1342 3219 τὸ
1374 3165 1607 3235 νόμιμον
1645 3164 1812 3235 μέρος

226 3272 580 3346 κομίζεσθαι.

297 3383 372 3456 η’.
415 3382 473 3435 '0
503 3380 715 3451 μέλλων
746 3376 972 3431 εἰσιέναι
1004 3374 1060 3427 ὲν
1095 3368 1465 3442 μοναστηρίῳ,
1493 3365 1816 3420 διατιθέσθω

225 3478 295 3533 τά
329 3475 453 3532 καθ’
476 3474 671 3527 ἑαυτὸν
696 3470 803 3543 πρὸ
838 3470 936 3539 τῆς
963 3464 1169 3519 εἰσόδου
1192 3458 1382 3526 αὑτοῦ,
1418 3460 1542 3512 ἐπεὶ
1576 3477 1819 3531 προσκυη

229 3570 421 3645 ρεῦται
477 3566 556 3638 τῷ
603 3562 951 3636 μοναστηρίῳ
992 3557 1171 3610 πάντα
1217 3552 1288 3605 τὰ
1343 3551 1533 3617 αὑτοῦ,
1590 3551 1695 3606 κᾶν
1738 3551 1815 3622 μὴ

230 3642 415 3735 ῥητῶς
443 3661 666 3733 φήσειεν
697 3655 938 3723 εἰσάγειν
962 3647 1124 3713 αὑτά,
1149 3644 1243 3699 καὶ
1277 3643 1377 3697 οὑκ
1409 3643 1489 3696 ἔτι
1522 3642 1813 3697 ἕσταικατ’

228 3755 425 3809 οὑδένοι
447 3752 650 3824 τρόπον
675 3748 861 3818 κύριος
899 3740 1123 3799 αὑτῶν.,

304 3867 373 3923 0'.
430 3867 489 3920 '0
546 3863 639 3917 ἐπὶ
672 3859 832 3914 παισὶ
878 3858 1139 3927 μονὰσας,
1179 3855 1404 3909 δύναται
1439 3853 1534 3906 καὶ
1584 3850 1724 3920 μετά
1758 3849 1819 3901 τὸ

233 3959 491 4033 μονάσαι,
530 3951 724 4007 διελεῖν
755 3949 850 4019 τὴν
876 3948 1064 4001 οὐσίαν
1115 3945 1279 3998 αὑτοῦ
1316 3946 1428 4006 τοῖς
1455 3941 1604 4004 ἰδίοις
1635 3940 1815 4004 παισὶ,

231 4032 523 4121 φυλάττων
554 4045 736 4114 ἐαυτῷ
793 4042 850 4095 ἓν
909 4041 1096 4112 μέρος,
1147 4038 1175 4091 ὃ
1222 4034 1429 4105 καὶτῷ
1470 4032 1820 4103 μοναστηρίῳ

236 4142 468 4216 ἁρμόζει
495 4157 511 4172 ο
556 4138 651 4191 ἐὰν
686 4136 741 4189 δὲ
771 4132 1052 4194 ἀδιάθετος
1095 4127 1419 4197 τελευτήσῃ,
1471 4125 1593 4177 τότε
1624 4125 1672 4175 οἱ
1722 4122 1820 4192 μὲν

238 4215 427 4297 παῖδες
466 4229 633 4285 αὑτοῦ
672 4226 931 4297 λήψονται
985 4222 1044 4275 τδ
1078 4222 1135 4287 ἐξ
1192 4218 1499 4281 ἀδιαθέτου,
1530 4216 1676 4269 τοῦτ’
1703 4215 1820 4266 ἔστι

238 4331 298 4384 τὸ
346 4325 651 4389 Φαλκίδιον,
698 4322 793 4374 καὶ
830 4321 890 4371 τὸ
934 4314 1120 4370 λοιπὸν
1167 4313 1371 4366 δίδοται
1414 4309 1494 4380 τῷ
1543 4325 1825 4379 μοναστη-

245 4421 367 4493 ρίῳ.

318 4536 371 4590 ι’.
425 4533 550 4587 Ἐὰν
576 4529 806 4601 μοναχὸς
834 4522 1138 4594 καταλείψει
1188 4521 1249 4574 τὸ
1297 4519 1429 4572 ἴδιον
1461 4516 1821 4588 μοναστήριον

242 4628 340 4682 καὶ
386 4628 465 4688 εἰς
516 4623 643 4675 ἄλλο
670 4620 821 4689 ἔλθῃ,
854 4615 908 4669 εἴ
933 4632 1054 4668 τινα
1109 4611 1413 4683 πράγματα
1438 4611 1495 4661 ὲν
1523 4605 1602 4676 τῷ
1646 4604 1825 4676 καιρῷ

245 4719 370 4773 καθ’
401 4717 459 4769 ὃν
488 4716 548 4768 τὸ
593 4711 959 4783 μοναστήριον
992 4705 1387 4761 καταλέλοιπεν
1431 4700 1575 4770 ἔχειν
1605 4698 1824 4766 φανείη,

245 4811 324 4880 τῷ
360 4807 560 4879 πρώτῳ
587 4803 665 4874 τῷ
733 4799 1078 4873 μοναστηρίῳ
1124 4798 1180 4849 ὲν
1217 4790 1259 4862 ᾧ
1306 4793 1540 4863 ὲξαρχῆς
1586 4788 1825 4860 εἰσῆλθε,

154 4974 157 4975 ν
246 4904 419 4956 ταῦτα
449 4900 726 4969 διαφέρειν
748 4893 1062 4964 κελεύομεν.

328 5016 415 5071 ια’.
484 5016 607 5077 Τοῖς
640 5008 1059 5069 εὑλαϐεστάτοις
1098 5001 1494 5075 πρεσϐυτέροις
1528 5000 1621 5052 καὶ
1649 4994 1831 5050 διακό-

249 5130 380 5177 νοις,
414 5113 463 5163 εἰ
513 5108 710 5179 εὑρεθῆ
743 5107 800 5159 ἐν
854 5103 917 5175 [Ῑ.
960 5097 1257 5172 εὑρεθεῖεν]
1298 5097 1439 5165 ὑπὲρ
1484 5089 1832 5163 χρηματικῆς

250 5207 427 5268 αἰτίας
465 5199 1113 5271 ψευδομαρτυρήσαντες,
1157 5194 1231 5262 μὴ
1290 5191 1473 5260 μέντοι
1500 5204 1564 5255 γε
1594 5187 1741 5255 ὅρκῳ
1772 5182 1834 5233 τὸ

251 5297 442 5366 ψεῦδος
481 5292 935 5364 βεϐαιωσάμενοι,
984 5286 1212 5345 τούτους
1243 5282 1472 5352 ἀρκέσει
1512 5280 1632 5333 ἀντὶ
1664 5275 1836 5347 βασά-

264 5407 378 5454 νων,
410 5381 504 5439 ἐπὶ
533 5387 681 5454 τρεῖς
713 5381 992 5441 ἐνιαυτοὺς
1027 5376 1356 5449 χωρίζεσθαι
1402 5376 1500 5442 τῆς
1539 5370 1690 5431 θείας
1732 5369 1837 5420 ὑπ-

262 5478 514 5550 ηρεσίας.
548 5476 644 5530 καὶ
694 5471 1082 5545 μοναστηρίοις
1116 5464 1537 5538 παραδίδοσθαι*
1577 5461 1708 5514 εἰδὲ
1747 5459 1841 5512 καὶ

262 5573 383 5633 τοὺς
431 5569 605 5641 ψεύδη
759 5564 837 5635 τῷ
865 5560 1073 5634 ψεύδει]
1102 5561 1195 5613 τὸν
1235 5559 1398 5629 ὅρκον
1428 5556 1788 5626 προσέθεσαν,
1815 5554 1843 5604 ό

265 5662 440 5719 κανὼν
478 5662 680 5724 αὑτοὺς
711 5654 1047 5729 προεξέκοψε
1074 5653 1173 5723 τῆς
1202 5650 1484 5723 ἱεροσὺνης
1508 5665 1522 5678 ο
1553 5649 1667 5701 ἀλλ’
1699 5647 1842 5699 οὑτω

269 5758 363 5825 μὲν
388 5755 739 5829 χρηματικῆς
772 5751 930 5821 δίκης
954 5744 1344 5820 προκειμένης.
1364 5742 1534 5812 ’Υπὲρ
1565 5743 1619 5795 δὲ
1644 5740 1843 5810 ἐγκλη-

1911 510 2046 563 torio
2081 506 2322 561 collocati
2372 514 2563 559 contra
2613 504 2943 558 voluntatem
2991 504 3196 573 proprii
3245 504 3485 573 episcopi

1908 610 2000 654 aut
2026 597 2385 667 metropolitae
2420 597 2474 649 in
2515 596 2662 649 aliud
2698 596 3032 650 territorium
3063 595 3364 657 venientes,
3398 604 3489 648 aut

1907 693 1960 747 in
2010 690 2308 746 Ecclesiam
2362 688 2686 757 allegantur,
2742 695 2834 741 aut
2889 686 3145 755 suffragia
3197 688 3487 755 accipiant.

1905 783 2150 853 Namque
2175 790 2417 851 propter,
2450 779 2565 835 haec
2590 794 2694 833 non
2719 779 3006 834 observata
3036 778 3216 832 multa:
3238 777 3493 832 Ecclesia:

1908 876 2317 933 confusionibus
2339 873 3100 942 eterroribusimpletresunt.
3135 872 3192 927 Si
3215 872 3334 942 quis
3366 886 3495 927 vero

1908 968 2281 1039 deprehensus
2330 964 2498 1020 fuerit
2544 964 2689 1019 hanc
2738 963 3186 1019 constitutionem
3233 962 3490 1027 violasse,

1906 1060 2176 1127 siquidem
2201 1059 2483 1130 proprium
2517 1057 2855 1113 territorium
2880 1056 3216 1124 relinquens,
3249 1055 3302 1109 in
3331 1056 3490 1109 aliam

1909 1162 2117 1208 tantum
2142 1151 2440 1206 Ecclesiam
2468 1150 2692 1205 allectus
2726 1148 2912 1210 fuerit,
2940 1148 3148 1201 nullum
3174 1148 3350 1201 adhuc
3377 1163 3495 1217 gra-

1909 1243 2034 1297 dum
2064 1240 2340 1310 suffragiis
2366 1241 2614 1309 adeptus,
2644 1240 2710 1294 ad
2740 1237 3021 1309 proprium
3052 1237 3368 1306 episcopum
3402 1252 3491 1290 rc-

1908 1334 2025 1388 dire
2055 1334 2295 1397 debebit,
2344 1332 2603 1400 expulsus
2651 1340 2703 1386 ct
2750 1329 2991 1384 Ecclesia
3044 1329 3099 1382 in
3148 1343 3308 1399 quam
3340 1328 3496 1383 initio

1910 1427 2138 1481 allectus
2169 1426 2365 1480 fuerat.
2396 1424 2453 1479 Si
2486 1439 2613 1479 vero
2645 1432 2701 1477 et
2734 1421 3057 1492 suffragium
3095 1421 3315 1489 aliquod
3338 1435 3496 1475 acce-

1910 1518 2010 1588 pit,
2058 1518 2204 1572 hunc
2238 1532 2334 1586 per
2377 1517 2671 1571 triennium
2723 1532 2752 1569 a
2812 1515 3031 1584 liturgia
3074 1529 3293 1580 vacare,
3340 1522 3395 1567 et
3439 1512 3493 1566 in

1914 1610 2185 1679 reliquum
2230 1622 2328 1678 pro
2374 1607 2582 1674 judicio
2637 1607 2880 1677 cpiscoui
2922 1607 3006 1663 sui
3060 1607 3230 1675 ipsius
3278 1606 3493 1661 veniam

1911 1708 2230 1771 exspectare
2250 1699 2519 1770 jubemus.

1984 1883 2037 1937 6.
2070 1882 2405 1949 Quaeunque
2436 1878 2656 1949 quidem
2686 1878 2825 1933 bona
2849 1876 3137 1946 episcopus
3160 1876 3347 1931 habuit
3370 1884 3495 1930 ante

1915 1975 2312 2045 episcopatum,
2342 1986 2405 2025 ea
2440 1979 2495 2025 et
2528 1971 2755 2034 donare,
2780 1978 2834 2023 et
2857 1969 3114 2031 alienare,
3144 1976 3198 2021 et
3221 1967 3286 2021 de
3316 1967 3379 2021 iis
3395 1968 3498 2021 dis-

1911 2077 2132 2132 ponere,
2165 2070 2325 2132 prout
2358 2061 2483 2115 velit
2508 2070 2706 2129 potest.
2735 2058 3070 2127 Quacunque
3102 2068 3282 2113 autem
3310 2059 3497 2126 acqui-

1912 2156 2037 2210 sivit
2096 2162 2217 2222 post
2250 2154 2642 2223 episcopatum,
2698 2166 2759 2206 ea
2810 2152 2860 2204 in
2903 2150 3201 2206 Ecclesium
3264 2150 3495 2215 confert,

1913 2261 2089 2315 neque
2125 2246 2413 2314 disponere
2442 2253 2644 2314 potest,
2676 2244 2942 2312 siquidem
2971 2259 3001 2297 a
3053 2244 3371 2313 parentibus
3403 2253 3495 2296 aut

1913 2339 2082 2407 patris
2116 2347 2207 2390 aut
2242 2336 2503 2391 fratribus
2544 2336 2712 2406 ipsius
2751 2335 2817 2388 ad
2850 2336 3024 2403 ipsum
3056 2335 3313 2389 devoluta
3346 2346 3493 2389 sunt.

1983 2430 2036 2482 7.
2065 2428 2450 2497 Presbyteros,
2484 2436 2538 2481 ct
2572 2427 2853 2492 diaconos,
2889 2436 2942 2481 et
2974 2427 3229 2493 lectores,
3257 2434 3311 2480 et
3346 2426 3496 2495 psal—

1914 2531 2018 2585 tas,
2059 2534 2196 2588 quos
2226 2534 2416 2573 omnes
2448 2519 2681 2574 clericos
2709 2535 2990 2585 vocamus,
3036 2520 3178 2589 bono
3213 2535 3334 2591 quae
3361 2534 3498 2587 qua-

1914 2609 2164 2678 licunque
2193 2610 2350 2662 modo
2397 2608 2463 2663 ad
2498 2609 2736 2677 ipsorum
2770 2608 3067 2663 dominium
3112 2618 3498 2678 pervenerunt,

1914 2702 2117 2755 habere
2144 2702 2290 2770 ipsos
2323 2701 2376 2753 in
2401 2699 2619 2770 propria
2659 2708 2931 2768 potestate
2960 2700 3301 2754 decernimus
3330 2699 3395 2753 ad
3421 2700 3490 2753 si.

1914 2793 2274 2847 militudinem
2308 2792 2642 2860 privatorum
2680 2792 3048 2860 peculiorum,
3093 2805 3266 2858 eaque
3298 2790 3502 2845 donare

1916 2885 2221 2939 secundum
2272 2884 2436 2951 leges,
2489 2891 2542 2936 et
2588 2883 2653 2936 de
2696 2882 2764 2937 iis
2813 2883 3129 2951 disponere,
3163 2881 3415 2949 quamvis
3448 2882 3500 2934 in

1917 2985 2207 3044 parentum
2261 2982 2529 3041 potestate
2573 2973 2703 3036 sint,
2759 2973 3015 3041 possint:
3051 2972 3123 3025 ita
3181 2971 3397 3040 quidem
3446 2979 3503 3023 nt

1920 3067 2159 3134 ipsorum
2207 3064 2383 3130 liberi,
2414 3072 2508 3117 aut
2539 3063 2645 3117 illis
2695 3078 2799 3116 non
2836 3062 3205 3127 exstantibus,
3249 3070 3504 3132 parentes

1919 3156 2131 3211 illorum
2166 3154 2464 3223 legitimam
2493 3162 2702 3222 partem
2736 3151 3006 3206 auferant.

1989 3357 2040 3412 8.
2103 3354 2487 3411 Monasterium
2532 3353 2859 3415 intraturus,
2912 3353 2977 3405 de
3029 3349 3284 3405 omnibus
3342 3348 3503 3403 rebus

1918 3452 2032 3506 suis
2063 3460 2189 3503 ante
2233 3448 2513 3502 introitum
2552 3447 2828 3514 disponat,
2870 3442 2994 3512 quia
3040 3444 3372 3497 mnnaSIerio
3402 3444 3495 3495 de.

1920 3544 2132 3598 dicatus
2163 3540 2342 3595 omnia
2383 3555 2497 3601 sua,
2535 3537 2745 3592 tametsi
2792 3538 2845 3591 id
2887 3536 3069 3589 verbis
3114 3550 3217 3589 non
3276 3550 3500 3604 expres-

1918 3650 2036 3690 sum
2066 3633 2251 3698 fuerit,
2279 3646 2461 3687 secum
2488 3630 2672 3697 infert,
2700 3643 2874 3697 neque
2902 3626 3134 3696 amplius
3160 3626 3267 3681 ulla
3294 3626 3504 3680 ratione

1919 3724 2134 3781 exsistit
2166 3724 2417 3777 dominus
2451 3722 2691 3776 illorum.

1992 3836 2046 3891 9.
2098 3834 2393 3889 Monachus
2438 3836 2635 3899 factus,
2693 3833 2784 3901 qui
2836 3833 3040 3887 liberos
3090 3834 3275 3897 habet,
3325 3842 3506 3900 potest

1921 3929 2084 3983 etiam
2116 3934 2404 3996 postquam
2437 3925 2608 3978 factus
2640 3933 2744 3988 est,
2778 3923 3067 3977 facultates
3101 3938 3228 3976 suas
3262 3923 3503 3975 dividere

1924 4020 2050 4075 [iliis
2078 4018 2213 4081 suis,
2250 4030 2534 4071 reservans
2559 4014 2658 4069 sibi
2688 4027 2848 4067 unam
2892 4022 3124 4081 partem,
3160 4027 3277 4080 qum
3304 4019 3357 4065 et
3390 4028 3508 4066 mo-

1926 4114 2165 4169 nasterio
2190 4109 2472 4179 competit.
2497 4107 2553 4163 Si
2577 4122 2706 4161 vero
2728 4107 3016 4159 intestatus
3038 4104 3353 4169 decesserit,
3380 4112 3508 4159 tunc

1925 4206 2145 4276 quidem
2198 4202 2354 4258 liberi
2407 4202 2525 4269 ejus
2569 4199 2637 4253 ab
2692 4199 2953 4251 intestato
2998 4196 3210 4265 capient
3253 4196 3506 4250 nimirum

1926 4298 2246 4365 Falcidiam,
2279 4304 2332 4352 et
2359 4294 2626 4363 reliquum
2659 4291 2878 4347 dabitur
2912 4289 3264 4345 monasterio.

2000 4511 2088 4565 10.
2128 4510 2184 4565 Si
2234 4506 2534 4564 monachus
2580 4501 2773 4557 relicto
2823 4498 3042 4570 proprio
3087 4494 3420 4551 monasterio
3458 4496 3507 4549 in

1928 4604 2073 4659 aliud
2103 4617 2161 4657 se
2195 4600 2506 4663 contulerit,
2550 4597 2593 4650 si
2632 4610 2752 4664 quae
2788 4594 2928 4647 bona
2968 4590 3055 4646 illo
3105 4599 3365 4659 tempore,
3404 4604 3512 4656 quo

1929 4696 2322 4754 monasterium
2372 4691 2675 4761 reliquerit,
2723 4686 2978 4742 habuisse
3017 4694 3328 4754 compertus
3392 4681 3513 4735 fuc-

1934 4792 2024 4854 rit,
2050 4803 2112 4843 ea
2148 4784 2477 4840 monasterio
2503 4819 2517 4845 ,
2554 4782 2607 4835 in
2643 4795 2749 4849 quo
2813 4776 2967 4830 initio
3017 4772 3121 4828 fuit
3171 4773 3307 4827 tradi
3353 4772 3516 4841 jube-

1847 4945 1858 4955 ,
1932 4897 2074 4938 mus.

2008 4994 2095 5049 11.
2149 4984 2595 5059 Religiosissimis
2652 4981 3100 5052 presbyterorum
3156 4964 3211 5031 et
3261 4976 3518 5030 diacono.

1940 5103 2081 5153 rum,
2114 5084 2384 5155 siquidem
2431 5076 2637 5133 inventi
2682 5074 2884 5128 fuerint
2915 5073 2966 5126 in
3006 5070 3321 5141 pecuniaria
3356 5082 3516 5121 causa

1938 5180 2137 5235 falsum
2189 5170 2560 5231 testimonium
2600 5168 2834 5239 dixisse,
2874 5163 3215 5219 mendacium
3240 5158 3521 5223 tamenin-

1940 5268 2230 5342 rejurando
2261 5280 2365 5319 non
2406 5260 2813 5323 conlirmantcs,
2845 5271 2941 5323 pro
2982 5268 3142 5323 paena
3178 5248 3426 5312 suﬂiciet,
3466 5247 3519 5297 in

1942 5365 2238 5421 triennium
2263 5358 2445 5413 divino
2485 5352 2788 5408 ministerio
2816 5346 3111 5417 prohiberi,
3144 5353 3199 5397 et
3230 5344 3282 5395 in
3343 5355 3523 5394 mona-

1950 5451 2399 5514 steriumincludi
2442 5467 2455 5503 :
2502 5447 2644 5517 quod
2686 5445 2731 5499 si
2788 5441 3067 5497 mendacio
3109 5437 3522 5507 jurejurandum

1946 5548 2318 5620 adiunxerint,
2369 5556 2542 5597 canon
2579 5540 2726 5608 ipsos
2769 5530 3076 5590 sacerdotio
3122 5528 3321 5597 privat,
3366 5526 3527 5594 idque

1948 5644 1991 5700 si
2017 5617 2302 5711 proposita
2355 5649 2519 5691 causa
2557 5628 2870 5700 pecuniaria
2906 5622 3096 5689 fuerit,
3142 5620 3428 5677 obtinebit.
3468 5617 3526 5671 Si

1948 5752 2076 5792 vero
2128 5736 2179 5790 in
2235 5728 2610 5789 criminalibus
2670 5719 2847 5779 causis
2904 5716 3103 5773 falsum
3157 5713 3525 5773 testimoniqu
