4084 6208
512 260 617 325 48⁵7

1526 242 2037 305 CONSTANTINI
2071 233 2747 302 PORPHYROGENITI

3657 229 3770 293 488

517 362 780 440 dixerint,
812 365 1156 424 manifestum
1186 368 1273 417 est
1300 373 1417 426 eos,
1453 360 1531 414 uti
1567 358 1767 413 divinis
1789 358 2089 414 canonibus

2220 353 2440 409 ιατικῶν
2496 350 2688 405 αίτιῶν
2733 349 2782 401 εί
2814 342 3294 417 ψευδομαρτυρίαν
3324 342 3530 429 εἴποιεν
3558 346 3769 419 ἐγγρσ-

517 465 796 523 deﬁnitum
833 467 935 528 est,
971 456 1192 512 omnino
1227 468 1259 509 a
1291 453 1438 510 clero
1463 451 1698 508 excludi.

587 647 678 703 12.
707 642 968 707 Gentiles,
1002 639 1196 707 Judaei,
1229 647 1284 696 et
1312 637 1582 706 haeretici,
1613 649 1790 707 neque
1827 635 2085 702 militare,

516 753 696 808 neque
721 736 889 790 ullum
914 735 968 789 in
1001 733 1277 802 republica
1308 745 1506 785 munus
1530 729 1684 784 obire
1709 738 1969 799 possunt;
1995 728 2089 782 sed

518 841 765 885 extrema
799 825 1019 881 infamia
1056 823 1386 879 aliieinntur.
1757 815 1760 819 ’

593 922 771 978 15.1η
804 920 1009 976 clerum
1044 918 1247 981 allecti,
1291 926 1346 971 et
1390 914 1714 971 monachico
1764 912 1952 967 habitu
2004 925 2095 966 as-

521 1024 758 1085 sumpto,
786 1015 831 1069 si
866 1021 1054 1084 postea
1080 1011 1329 1066 ordinem
1363 1024 1516 1065 suum
1553 1008 1914 1069 deserverint,
1945 1015 2001 1061 et
2034 1018 2094 1060 se

523 1104 578 1159 in
615 1104 784 1158 laicos
810 1100 1265 1167 reformaverint;
1295 1112 1470 1167 neque
1510 1097 1763 1163 militare,
1789 1109 1964 1164 neque
1997 1109 2096 1164 pu«

524 1196 725 1252 blicum
758 1194 912 1249 obire
933 1201 1178 1262 possunt,
1212 1191 1307 1247 sed
1337 1189 1502 1247 simili
1528 1204 1651 1245 cum
1677 1187 1952 1259 praedictis
1974 1199 2098 1241 con-

526 1285 746 1338 tumelia
781 1282 1110 1339 afﬁciuntur.

599 1399 687 1454 M.
713 1397 814 1465 Qui
833 1395 1129 1451 solitariam
1151 1402 1205 1449 et
1228 1392 1585 1449 monasticam
1610 1391 1775 1446 vitam
1795 1390 2096 1459 elegerunt,

534 1505 711 1560 neque
742 1488 961 1542 tutelam
995 1493 1210 1556 gerunt,
1242 1498 1415 1552 neque
1436 1496 1627 1537 causas
1656 1481 1885 1535 aliorum
1909 1489 2096 1548 agunt,

530 1594 597 1634 ne
615 1580 830 1649 quidem
860 1579 905 1631 si
934 1574 1227 1630 necessarii
1256 1573 1475 1638 iuerint,
1496 1586 1668 1642 neque
1690 1572 1792 1626 nisi
1827 1574 2098 1640 propriam

530 1682 750 1723 causam
785 1681 1011 1735 eamque
1051 1666 1265 1718 unicam
1303 1678 1465 1735 agere
1504 1672 1749 1733 possunt,
1785 1663 1944 1729 idque
1971 1677 2102 1717 con-

530 1774 695 1814 sensu
725 1744 842 1827 cjus
870 1757 958 1812 cui
984 1755 1233 1810 subsunt.

602 1868 693 1922 15.
737 1865 1066 1921 Monasteria
1113 1874 1167 1920 et
1216 1862 1474 1931 (ecclesia:
1512 1878 1575 1918 ac
1606 1872 1863 1933 praalerea
1904 1872 2105 1918 metro-

532 1962 682 2032 poles
715 1972 769 2016 et
795 1960 1160 2029 episcopatus,
1187 1973 1291 2012 non
1321 1956 1601 2025 subiacent
1628 1968 1722 2011 aut
1743 1958 1964 2027 privata:
1992 1973 2106 2011 ser-

535 2055 689 2107 vituti
719 2061 813 2106 aut
846 2051 1073 2122 publicae
1105 2067 1119 2104 :
1158 2059 1285 2105 sunt
1323 2051 1466 2104 enim
1510 2064 1576 2103 ex
1619 2049 1873 2104 omnibus
1920 2048 2104 2103 selecti

536 2145 670 2206 Deo,
715 2143 1171 2211 quemadmodum
1223 2140 1462 2195 Levitica
1516 2140 1688 2194 tribus
1724 2140 1876 2210 juxta
1935 2141 2105 2207 legem

538 2233 832 2288 mosaicam
865 2232 932 2286 ab
960 2231 1106 2285 omni
1142 2231 1444 2286 ministerio
1471 2241 1715 2300 exempta
1738 2239 1873 2285 erat.
1910 2231 1965 2284 Si
1993 2245 2110 2298 qua:

541 2340 669 2380 vero
718 2322 1047 2377 inevitabilis
1092 2330 1148 2376 et
1196 2322 1409 2391 publice
1456 2323 1769 2376 conducens
1812 2324 2110 2376 necessitas

534 2415 800 2484 coegerit,
833 2428 951 2481 quae
978 2421 1033 2465 et
1062 2414 1160 2467 hos
1188 2413 1418 2482 propria:
1447 2412 1637 2466 salutis
1664 2428 1826 2465 causa
1849 2417 1915 2465 ad
1949 2412 2111 2466 mini-

539 2505 764 2560 sterium
787 2502 1002 2572 aliquod
1023 2512 1208 2567 vocet;
1231 2517 1326 2571 per
1345 2503 1459 2571 ejus
1480 2501 1581 2557 loci
1605 2502 1906 2571 episcopos,
1933 2514 1985 2556 et
2009 2520 2111 2557 non

540 2610 638 2667 per
676 2595 846 2650 iaicos
885 2594 1110 2650 omnino
1148 2593 1250 2647 hoc
1282 2592 1644 2648 ministerium
1681 2594 1866 2649 subire
1919 2608 2115 2664 cogen-

544 2697 651 2743 lill'.

616 2796 704 2851 16.
754 2796 907 2863 Quod
954 2796 1000 2852 si
1045 2796 1167 2866 quis
1194 2795 1318 2852 dum
1368 2795 1549 2852 divina
1605 2798 1864 2868 mysteria
1906 2798 2118 2869 aliaque

545 2903 702 2943 sacra
735 2888 1037 2942 ministeria
1070 2887 1437 2953 celebrantur,
1486 2898 1730 2943 sanctam
1776 2889 1985 2943 intrans
2026 2905 2117 2944 ec-

545 2979 772 3034 clesiam
816 2978 900 3033 vel
930 2977 1202 3048 episcopis
1241 2978 1325 3033 vel
1351 2978 1566 3034 clericis
1595 2980 1826 3048 aliisque
1857 2981 2119 3035 ministris

2185 447 2440 517 φάμενοι,
2475 442 2634 511 δῆλον
2668 441 2773 505 ὅτι,
2813 439 2888 501 ὡς
2916 439 3029 500 τοῖς
3075 435 3243 498 θείοις
3273 426 3502 505 ὥρισται
3553 440 3772 504 κανόσι,

2185 535 2281 589 τοῦ
2313 535 2518 604 κλήρου
2553 528 3019 600 ἁπογυμνοῦνται.

2261 625 2348 699 ιβ’.
2386 625 2670 694 Ἕλληνες,
2733 623 2829 676 xal.
2863 620 3135 687 Ἰουδαῖοι,
3184 620 3282 675 καὶ
3327 621 3616 691 αίρετικοὶ,
3646 621 3789 675 οὔτε

2193 716 2601 789 στρατεύονται,
2639 713 2764 769 οὔτε
2802 712 3200 779 πολιτεύονται,
3232 712 3349 767 ἀλλ’
3379 714 3623 783 ἐσχάτως
3653 714 3779 767 ἀτισ

2200 810 2452 882 μοῦνται.

2268 908 2357 970 ιγ’.
2395 901 2459 953 Οί
2492 900 2571 971 τῷ
2601 899 2789 969 κλήρῳ
2807 897 3245 967 κατειλεγμένοι,
3268 899 3372 973 ,καὶ
3398 898 3476 970 τῷ
3497 900 3777 971 μοναχικῷ

2196 995 2438 1065 σχήματι
2495 992 2897 1058 τελειωθέντες,
2952 986 3073 1046 εἶτα
3110 991 3212 1062 τὴν
3264 992 3473 1045 οίκείαν
3503 993 3658 1057 τάξιν
3692 993 3778 1046 λι-

2196 1085 2413 1148 πόντες,
2448 1083 2543 1136 καὶ
2582 1084 2662 1144 είς
2693 1080 2913 1145 λαῖκοὺς
2969 1081 3595 1151 μετασχηματισθέντες,
3647 1082 3782 1135 οὔτε

2198 1175 2586 1246 στρατεύονται
2620 1172 2744 1226 οὔτε
2776 1172 3170 1239 πολιτεύονται,
3203 1171 3340 1226 ἀλλὰ
3368 1173 3481 1236 τοῖς
3510 1188 3785 1245 προειρη-

2202 1265 2386 1334 μένοις
2418 1263 2621 1333 ὁμοίως
2649 1261 2994 1332 ἀτιμοῢνται.

2229 1381 2233 1384 ’
2273 1378 2355 1432 ιδ’.
2405 1378 2466 1435 Oi
2501 1377 2592 1430 τὸν
2623 1375 2832 1447 μονήρη
2883 1374 2997 1445 βίον
3030 1374 3455 1446 ἐπανῃρημένοι,
3487 1373 3610 1427 οὒτε
3654 1376 3785 1426 ἐπι-

2201 1468 2584 1540 τροπεύουσιν,
2626 1466 2750 1520 οὕτε
2807 1465 2966 1526 δίκας
3008 1465 3215 1536 ἐτέρων
3260 1466 3531 1533 λέγουσιν,
3577 1464 3685 1518 οὐδ’
3714 1465 3788 1518 ἂν
3840 1479 3845 1484 ’

2205 1563 2491 1630 συγγενεῖς
2518 1554 2648 1625 εἶεν,
2686 1559 2737 1613 οἱ
2766 1559 2865 1620 τὰς
2891 1558 3043 1621 δίκας
3067 1557 3304 1627 ἔχοντες,
3339 1558 3478 1627 πλὴν
3510 1557 3649 1626 ὺπέρ
3677 1556 3784 1624 τῆς

2210 1649 2348 1712 ἰδίας
2393 1652 2486 1703 καὶ
2518 1649 2679 1719 μόνον
2713 1650 2914 1719 μονῆς,
2940 1647 3033 1701 καὶ
3069 1647 3193 1699 τότε
3225 1646 3440 1700 συνέσει
3479 1645 3573 1700 τοῦ
3605 1650 3778 1717 ἡγου-

2212 1739 2394 1804 μένου.

2279 1847 2360 1905 ιε’.
2394 1850 2475 1904 Τὰ
2512 1850 2851 1922 μοναστήρια
2907 1850 3002 1904 καὶ
3053 1849 3109 1903 αἱ
3147 1849 3436 1919 ἐκκλησίαι
3497 1851 3592 1903 καὶ
3645 1850 3789 1922 πρὸς

2205 1941 2412 1996 τούτων
2435 1945 2490 1996 αί
2512 1943 2875 2013 μητροπόλεις
2892 1941 2987 1995 καὶ
3011 1941 3326 2007 ἐπισκοπαὶ,
3348 1942 3447 2012 οὐχ
3470 1942 3792 1995 ὑπόκεινται

2206 2034 2329 2087 οὒτε
2355 2035 2594 2106 ἰδιωτικῇ
2618 2034 2911 2105 ἀγγαρείᾳ,
2940 2034 3057 2105 ἢτοι
3087 2033 3324 2105 δουλείᾳ,
3357 2032 3479 2087 οὔτε
3507 2033 3743 2104 δημοσίᾳ
3773 2046 3792 2066 ο

2208 2129 2498 2199 ἀφαίρημα
2520 2129 2626 2200 γάρ
2655 2130 2792 2181 εἰσιν
2822 2129 2886 2180 ἐκ
2920 2127 3140 2181 πάντων
3170 2119 3316 2179 οὗτοι
3335 2125 3410 2195 τῷ
3447 2125 3586 2195 Θεῷ,
3617 2125 3793 2179 καθά-

2210 2240 2315 2293 περ
2379 2224 2411 2292 ἡ
2462 2223 2682 2287 Λευῖτις
2739 2219 2881 2292 φυλὴ
2943 2219 3083 2273 κατὰ
3127 2220 3217 2274 τὸν
3260 2219 3551 2274 Μωσαῖκὸν
3600 2219 3792 2287 νόμον,

2211 2317 2392 2385 πάσης
2419 2315 2615 2385 ἀτελὴς
2638 2309 2705 2385 ἦν
2728 2312 3091 2382 λειτουργίας.
3122 2313 3186 2365 Εί
3223 2310 3281 2365 δέ
3305 2328 3388 2373 τις
3413 2308 3793 2380 ἀπαραίτητος

2217 2408 2311 2460 καὶ
2349 2405 2686 2475 κοινωφελὴς
2720 2404 2880 2475 χρεία
2934 2404 3260 2475 κατεπείγῃ,
3309 2402 3402 2455 καὶ
3439 2400 3661 2463 τούτους
3700 2398 3796 2451 διὰ

2213 2498 2312 2569 τὴν
2331 2499 2537 2551 οἰκείαν
2560 2498 2834 2569 σωτηρίαν
2864 2497 2998 2567 πρὸς
3020 2494 3362 2565 λειτουργίαν
3388 2493 3511 2546 τινὰ
3531 2492 3799 2557 καλοῦσα,

2214 2591 2302 2643 διὰ
2353 2589 2461 2643 τῶν
2494 2587 2637 2643 κατά
2672 2588 2762 2642 τὸν
2796 2588 2966 2642 τόπον
3018 2584 3357 2652 ἐπισκόπων,
3414 2585 3526 2639 ἀλλ’
3577 2584 3639 2637 ού
3691 2584 3785 2636 διὰ

2216 2683 2421 2738 λαῖκῶν
2457 2683 2593 2747 ὅλως
2613 2682 2710 2753 τὴν
2740 2682 2999 2753 τοιαύτην
3034 2681 3282 2736 δουλείαν
3308 2680 3643 2735 τελέσουσιν.

2290 2804 2386 2862 ις’.
2415 2796 2485 2851 Et
2528 2814 2612 2860 τις
2656 2796 2764 2850 τῶν
2795 2796 2957 2849 θείων
2989 2795 3325 2866 μυστηρίων,
3365 2795 3398 2864 ἢ
3440 2794 3548 2847 τῶν
3601 2792 3780 2847 ἄλλων

2219 2889 2390 2956 ἁγίων
2412 2887 2766 2957 λειτουργιῶν
2793 2886 3251 2956 ἐπιτελουμένων,
3297 2887 3354 2938 ἐν
3380 2885 3515 2955 ἁγίᾳ
3533 2884 3802 2938 εἰσελθὼν

2224 2976 2512 3047 ἐκκλησίᾳ,
2546 2976 2580 3047 ἢ
2615 2974 2692 3046 τῷ
2745 2974 3030 3045 ἐπιτκόπῳ
3061 2974 3093 3044 ἢ
3126 2976 3241 3037 τοῖς
3288 2973 3590 3046 κληρικοῖς,
3626 2974 3658 3043 ἧ
3686 2976 3802 3034 τοῖς

543 3070 790 3125 ecclesiae
832 3040 1033 3136 aliquid
1054 3040 1252 3122 inierat
1279 3066 1517 3135 injuriae,
1541 3040 1790 3136 iubemus
1813 3070 1984 3140 ipsum
2010 3079 2115 3125 tor-

2224 3040 2405 3132 ἄλλοις
2442 3040 2744 3139 ὑπηρέταις
2780 3070 2881 3138 τῆς
2915 3040 3213 3133 ἐκκλησίας
3240 3040 3451 3138 ὕϐρεως
3488 3083 3543 3120 τι
3576 3040 3802 3132 ἐπάγοι,

548 3158 748 3214 mentis
790 3156 987 3227 subjici
1019 3165 1072 3209 et
1111 3155 1162 3209 in
1194 3155 1442 3209 exsilium
1471 3155 1612 3211 mitti
1643 3171 1657 3207 :
1687 3155 1731 3209 si
1772 3171 1900 3211 vero
1923 3165 1977 3210 et
2008 3157 2120 3225 ipsa

551 3249 734 3305 divina
762 3248 1020 3319 mysmria
1050 3247 1369 3316 Cultumqne
1392 3249 1715 3312 turbaverit,
1741 3248 1823 3301 vel
1845 3249 2123 3303 celebrare

549 3339 914 3409 prohibuerit,
943 3340 1119 3407 capite
1149 3340 1425 3407 puniatur.
1445 3337 1588 3391 ldem
1611 3348 1695 3393 est
1728 3347 1780 3393 et
1812 3340 1866 3392 in
1896 3339 2117 3406 litaniis,

550 3430 823 3498 inquibus
851 3429 1093 3498 episcopi
1134 3438 1228 3482 aut
1257 3429 1441 3485 clerici
1479 3430 1828 3483 inveniuntur
1869 3449 1883 3484 :
1920 3447 2046 3485 nam
2074 3432 2121 3486 si

551 3519 805 3586 injuriam
829 3526 1035 3571 tantum
1063 3517 1275 3582 fecerit,
1301 3517 1618 3573 verberatus
1638 3518 2123 3575 exsiliotradatur:

550 3607 594 3661 si
633 3621 761 3661 vero
787 3622 882 3661 eas
911 3607 1266 3672 concusserit,
1291 3607 1468 3676 capite
1494 3606 1776 3676 plectatur.

2225 3162 2520 3233 κελεύομεν
2548 3161 2737 3215 τοῦτον
2787 3162 3056 3232 βασάνους
3110 3160 3423 3229 ὑπομεῖναι,
3475 3161 3570 3215 καὶ
3595 3162 3684 3221 είς
3710 3158 3808 3222 ἐξ-

2225 3255 2384 3325 ορίαν
2435 3253 2774 3324 πεμφθῆναι.
2799 3255 2862 3307 Εἰ
2891 3254 2949 3308 δέ
2977 3254 3072 3307 καὶ
3109 3252 3248 3305 αὐτὰ
3274 3254 3342 3304 τὰ
3374 3252 3491 3306 θεῖα
3533 3251 3809 3321 μυστήρια

2225 3346 2318 3397 καὶ
2357 3345 2455 3407 τὰς
2498 3343 2646 3406 θείας
2675 3344 3020 3415 λειτουργίας
3057 3345 3311 3412 ταράξοι,
3346 3343 3379 3414 ἢ
3432 3330 3809 3397 ἐπιτελεῖσθαι

2227 3433 2481 3499 κωλύσοι,
2507 3432 2819 3503 κεφαλικῶς
2863 3434 3243 3504 τιμωρείσθω·
3279 3433 3470 3488 τούτου
3509 3434 3675 3487 αὑτοῦ
3710 3434 3810 3486 καὶ

2233 3524 2327 3577 ἐπὶ
2353 3526 2472 3587 ταῖς
2495 3522 2691 3591 λιταῖς,
2730 3526 2789 3579 ἐν
2811 3518 2898 3588 αἷς
2938 3524 3226 3578 ἐπίσκοποι
3283 3526 3317 3596 ἦ
3373 3523 3626 3596 κληρικοὶ
3660 3524 3813 3593 εὑρί-

2239 3630 2485 3681 σκονται,
2523 3614 2960 3685 φυλαττομένουο
3000 3615 3089 3671 ἵνα
3113 3617 3165 3668 εἰ
3193 3615 3292 3685 μὲν
3341 3615 3496 3685 ὓϐριν
3533 3632 3615 3675 τις
3650 3615 3813 3683 μόνον

552 3698 789 3768 ποιήσει,
814 3697 1069 3768 βασάνοις
1093 3697 1188 3751 καὶ
1214 3697 1400 3770 saepe;
1422 3697 1735 3771 παραδοθῇ⁶
1764 3700 1812 3753 εί
1875 3699 1931 3754 δέ
1953 3701 2045 3756 καὶ
2093 3703 2185 3759 τὸν
2222 3703 2367 3760 λίτον
2437 3705 2503 3777 [ί.
2559 3703 2750 3777 ,λιτὴνῖ
2804 3704 3151 3760 διασκεδάσει
3209 3703 3500 3774 κεφαλικδν
3561 3704 3812 3758 κίνδυνον

552 3787 845 3859 ὑπομείνῃ.

625 3875 710 3929 l7.
761 3874 1026 3930 Omnibus
1071 3874 1225 3931 laicis
1260 3875 1635 3933 interdicimus
1684 3878 1901 3935 litanias
1946 3879 2130 3936 facere

553 3967 673 4022 sine
721 3966 1085 4022 sanctissimis
1128 3966 1418 4037 episcopis,
1463 3977 1518 4023 et
1552 3970 1981 4040 religiosissimis
2018 3973 2130 4028 cie-

555 4060 705 4116 ricis.
747 4059 934 4126 Qualis
986 4059 1134 4114 extim
1180 4068 1264 4114 est
1311 4060 1523 4125 litania,
1573 4060 1627 4115 in
1664 4075 1768 4130 qua
1819 4063 2128 4118 sacerdotes

556 4161 660 4203 nan
696 4147 1066 4211 inveniuntur,
1129 4160 1307 4214 neque
1343 4156 1631 4203 consuetas
1664 4164 1858 4217 preces
1900 4150 2125 4205 faciunt.

2311 3883 2397 3948 ιζ’.
2426 3886 2571 3939 Πᾶσι
2600 3887 2710 3949 τοῖς
2738 3884 2948 3949 λαῖκοῖς
2978 3884 3415 3957 ἀπαγορεύομεν,
3440 3885 3591 3949 λιτὰς
3611 3889 3808 3947 ποιεῖν,

2236 3976 2360 4047 δίχα
2388 3977 2496 4032 τῶν
2529 3978 2838 4031 ὁσιωτάτων
2873 3978 3192 4031 ἐπισκόπων
3221 3978 3315 4030 καὶ
3344 3977 3452 4029 τῶν
3481 3977 3574 4029 ὑπ’
3601 3976 3811 4039 αὐτοὺς

2235 4068 2646 4123 εὐλαϐεστάτων
2680 4068 2981 4139 κληρικῶν.
3018 4068 3155 4123 Ποία
3199 4068 3307 4139 γάρ
3357 4069 3473 4120 ἐστι
3505 4067 3626 4137 λιτή
3679 4069 3740 4120 ἐν

2236 4161 2402 4229 ἱερεῖς
2447 4159 2547 4228 οὐχ
2576 4158 2941 4229 εὑρίσκονται,
2975 4159 3188 4223 καὶτὰς
3219 4156 3468 4228 συνήθεις
3485 4157 3545 4209 ού
3563 4157 3814 4210 τελοῦσιν

557 4239 668 4293 Sed
716 4247 769 4292 et
817 4236 1155 4291 vcnerandas
1201 4251 1417 4302 cruces,
1447 4252 1570 4293 cum
1618 4240 1812 4307 quibus
1843 4240 1895 4293 in
1925 4240 2115 4294 litaniis

2232 4250 2416 4320 εὐχὰς,
2460 4250 2598 4303 ἀλλά
2646 4251 2741 4303 καὶ
2778 4252 2906 4314 τοὺς
2940 4251 3160 4322 τιμίους
3204 4253 3470 4321 σταυροὺς
3501 4252 3620 4320 μεθ’
3646 4245 3721 4304 ὧν
3751 4253 3811 4301 ἐν

561 4327 915 4397 egrediuntur
964 4339 1070 4379 non
1112 4325 1240 4380 alibi
1269 4340 1430 4394 quam
1479 4328 1533 4381 in
1562 4329 1964 4384 venerabiiibus
1993 4330 2115 4386 locis

2229 4344 2349 4403 ταῖς
2378 4340 2550 4404 λιταῖς
2578 4338 2914 4412 ἐξέρχονται,
2942 4342 3016 4414 μὴ
3045 4342 3311 4413 ἀλλαχόσε
3344 4342 3481 4413 πλὴν
3505 4344 3553 4395 εί
3602 4342 3676 4412 μὴ
3721 4344 3814 4394 εὑ-

557 4418 754 4485 deponi
788 4416 1057 4480 volumus,
1102 4424 1157 4470 et
1200 4415 1245 4471 si
1277 4417 1495 4486 quando
1541 4420 1837 4475 necessitas
1866 4424 2126 4491 exegerit,

559 4520 617 4562 ut
651 4508 850 4562 litaniac
877 4506 1255 4577 perficiantur,
1282 4517 1409 4563 tunc
1438 4510 1609 4563 solum
1644 4509 1764 4563 illas
1794 4513 2131 4567 venerabiles

556 4613 749 4652 cruces
799 4613 994 4668 capere
1037 4613 1132 4654 eos
1180 4602 1269 4668 qui
1315 4599 1492 4654 solent
1546 4600 1667 4656 illas
1711 4602 1874 4668 ferre,
1924 4612 2130 4658 etcum

558 4689 811 4759 episcopo
843 4706 906 4746 ac
936 4691 1155 4748 clericis
1182 4692 1399 4747 litanias
1426 4693 1688 4764 perlicere
1714 4693 1990 4764 jubcmus.

631 4892 719 4948 l9.
748 4894 1108 4962 (Economos,
1142 4898 1512 4966 xcnodocbos,
1543 4914 1890 4965 nosocomos,
1919 4909 1973 4954 et
2017 4908 2134 4970 pto-

561 4984 894 5053 chotropbos
925 4986 1167 5055 aliosque
1190 4990 1576 5046 venerabilium
1610 4991 1852 5048 locorum
1902 4993 2136 5047 admini-

560 5085 845 5141 stratores,
875 5077 1119 5146 aliosque
1135 5094 1326 5134 omnes
1347 5081 1593 5149 clericos,
1608 5084 1860 5152 jubemus
1881 5087 1946 5140 de
1962 5085 2135 5140 admi-

560 5163 971 5220 nistrationibus
1006 5166 1138 5236 ipsis
1167 5168 1416 5236 creditis,
1444 5174 1584 5239 apud
1623 5176 1893 5241 proprium
1925 5175 2131 5241 cpisco-

561 5269 685 5320 pum
727 5254 811 5307 cui
844 5254 1150 5325 subjacent,
1183 5260 1546 5328 respondere,
1577 5264 1929 5332 rationesque
1960 5266 2130 5320 admi-

560 5344 900 5400 nistrationis
940 5361 1051 5403 suae
1086 5363 1152 5404 ex
1188 5346 1353 5407 animi
1387 5353 1484 5427 sui
1523 5355 1789 5408 sententia
1836 5356 2124 5425 coniicere,

562 5445 723 5500 prout
749 5437 1060 5509 exiguntur.

2233 4433 2392 4502 αγέσι
2450 4433 2637 4497 τόποις
2667 4433 3041 4500 ἀποτίθεσθαι,
3072 4437 3167 4488 καὶ
3199 4433 3381 4487 εἴποτε
3407 4434 3564 4504 χρεία
3596 4433 3812 4486 καλέσει

2231 4524 2389 4587 λιτὰς
2442 4523 2831 4588 ἐπιτελεῖσθαι,
2867 4525 2989 4578 τότε
3023 4526 3184 4596 μόνον
3217 4527 3346 4589 τοὺς
3369 4525 3570 4588 αὐτοὺς
3594 4525 3811 4594 τιμίους

2236 4617 2503 4687 σταυροὺς
2524 4615 2820 4687 λαμϐάνειν
2849 4618 2974 4680 τοὺς
2994 4616 3253 4680 είωθότας
3270 4616 3458 4686 φέρειν
3479 4616 3698 4677 αὐτοὺς,
3718 4617 3809 4667 καὶ

2240 4708 2380 4775 μετὰ
2410 4705 2505 4760 τοῦ
2536 4707 2836 4761 ἐπισκόπου
2889 4707 2984 4761 καὶ
3024 4707 3135 4762 τῶν
3184 4706 3468 4778 κληρικῶν
3522 4707 3623 4770 τὰς
3654 4705 3808 4767 λιτὰς

2235 4795 2616 4851 ἐπιτελεῖσθαι.

2312 4915 2403 4978 ιη’.
2438 4909 2579 4972 Τοὺς
2615 4909 2956 4980 οἰκονόμους,
2985 4910 3079 4962 καὶ
3109 4907 3440 4979 ξενοδόχους,
3474 4904 3807 4961 καὶνοσοκό-

2240 5017 2373 5067 μους
2407 5000 2503 5052 καὶ
2538 5000 2979 5071 πτωχοτρόφους,
3004 5000 3099 5054 καὶ
3129 5001 3257 5064 τοὺς
3277 4998 3386 5054 τῶν
3406 4999 3585 5054 ἄλλων
3600 4998 3807 5063 εύαγῶν

2238 5091 2401 5144 οἴκων
2425 5091 2724 5160 διοικητὰς,
2747 5091 2842 5144 καὶ
2864 5093 2989 5157 τοὺς
3008 5091 3202 5155 ἄλλους
3229 5092 3477 5154 ἅπαντας
3499 5092 3805 5161 κληρικοὺς,

2241 5180 2537 5251 κελεύομεν
2570 5180 2712 5252 ὑπὲρ
2748 5182 2858 5236 τῶν
2887 5182 3358 5253 ἐμπιστευθεισῶν
3384 5184 3567 5245 αὐτοῖς
3602 5181 3805 5249 διοική-

2240 5289 2402 5335 σεων,
2431 5272 2580 5342 παρὰ
2614 5273 2691 5343 τῷ
2723 5272 2837 5344 ἰδίῳ
2862 5275 3147 5344 ἐπισκόπῳ
3181 5267 3227 5342 ᾧ
3277 5275 3613 5334 ὑπόκεινται,
3672 5272 3803 5323 ἀπο·

2236 5363 2546 5435 κρίνεσθαι,
2593 5364 2688 5417 καὶ
2723 5367 2849 5430 τοὺς
2883 5366 3178 5436 λογισμοὺς
3234 5366 3332 5435 τῆς
3368 5364 3595 5435 καρδίας
3634 5360 3697 5433 [Ῑ.
3731 5364 3804 5413 οξ-

2234 5451 2411 5525 κείας]
2479 5452 2798 5525 διοικήσεως
2886 5455 3229 5529 πληροῦσθαι
3297 5455 3390 5508 καὶ
3483 5451 3800 5523 εἰσπράττε-

2237 5544 2380 5599 σθαι.
