4058 6212
337 324 444 390 489

961 430 1208 485 ΤΙΤΛΟΣ
1246 430 1303 486 l'.

667 526 804 593 Περί
840 524 1064 589 τάξεως
1091 524 1188 575 καὶ
1228 520 1563 587 κριτηρίων.

398 621 468 677 α’.
496 616 843 688 Θεσπίζομεν
876 615 1018 669 κατὰ
1062 615 1214 680 τάξιν
1243 612 1311 665 τά
1361 612 1621 681 κριτήρια
1646 606 1905 677 γνωρίζε-

329 715 452 768 σθαι
482 714 578 766 καὶ
608 710 696 764 διὰ
724 708 931 774 τάξεως
969 701 1345 759 συνίστασθαι.
1380 702 1591 771 Ὥσπερ
1620 700 1729 769 γὰρ
1753 696 1907 750 οὐδέν

328 806 478 857 ἐστιν
512 802 639 857 ἀλλο
664 803 721 853 ἐν
748 798 1029 867 αἰσθητοῖς
1059 795 1151 848 καὶ
1178 792 1491 861 ἐγκοσμίοις
1517 792 1645 845 ἄνευ
1673 789 1907 859 ποσότη-

328 912 420 957 τος
447 892 541 946 καὶ
570 892 876 960 ποιότητος,
908 886 1081 948 οὕτως
1113 885 1235 937 οὐδὲ
1264 882 1551 954 κριτήριόν
1582 883 1729 934 ἐστιν
1777 880 1908 933 ἄνευ

330 985 538 1039 τούτων
568 983 675 1036 τῶν
697 981 789 1034 δύο
812 979 1005 1047 γενῶν.
1032 977 1112 1046 Τῇ
1136 975 1245 1045 γάρ
1270 976 1529 1044 ποσότητι
1558 973 1591 1041 ἡ
1622 969 1774 1034 τάξις
1801 970 1911 1022 τῶν

334 1078 672 1150 προσώπωνο
710 1076 742 1143 ή
777 1072 834 1126 δὲ
867 1071 1093 1140 ποιότης
1127 1068 1226 1139 τὴν
1250 1068 1416 1138 ἄλλην
1465 1065 1559 1120 τοῦ
1579 1064 1789 1119 δικαίου
1818 1065 1913 1132 ἐμ·

335 1168 548 1237 φανίζει
580 1165 832 1232 δύναμιν.
869 1163 1042 1215 Ὅταν
1071 1161 1127 1214 δέ
1155 1160 1314 1226 τάξις
1334 1161 1428 1213 καὶ
1454 1157 1777 1226 δικαιοσύνη
1808 1156 1911 1226 ἧρ-

338 1273 533 1327 μοσται
561 1256 655 1308 καὶ
684 1253 744 1318 ἐξ
799 1254 1003 1322 ἀμφοῖν
1035 1247 1317 1319 περαιωθῇ
1356 1246 1657 1316 ὴάλὴθεια,
1689 1244 1913 1304 δικαίως

1600 313 1987 375 DELECTUS
2028 313 2309 375 LEGUM.

1937 430 1983 482 Α

3465 312 3573 375 490

2596 422 2894 479 TITULUS
2931 421 2999 478 Χ.

2298 513 2371 566 De
2384 513 2712 582 judiciorum
2747 516 2953 576 ordine.
2982 524 3029 567 et
3055 514 3296 582 jmlirt'is.

2085 603 2133 656 l.
2180 601 2528 655 Decernimus
2579 612 2635 655 nt
2684 604 2875 658 ordine
2918 604 3122 673 judicia
3180 604 3476 672 procedant
3529 616 3585 660 et

2014 693 2412 746 constituantur
2448 711 2463 747 :
2502 708 2733 763 namque
2763 703 2820 747 ut
2850 695 2902 747 in
2940 696 3103 750 rebus
3132 694 3477 749 scnsibilibus
3504 697 3587 749 ni-

2015 784 2090 839 hil
2123 786 2240 839 sine
2266 786 2569 853 quantitate
2590 795 2644 839 ct
2671 785 2935 855 qualitate
2964 797 3208 841 creatum
3247 798 3351 853 est,
3383 788 3461 842 sic
3490 803 3589 843 ne-

2016 889 2126 945 que
2154 875 2420 943 judicium
2458 876 2578 930 sine
2614 876 2822 931 duobus
2866 877 2951 932 bis
2982 879 3264 943 consistit;
3294 879 3588 949 quantitati

2015 968 2159 1021 enim
2209 967 2462 1022 tribuitur
2488 969 2621 1024 ordo
2662 984 3044 1037 personarum;
3080 972 3317 1039 qualitas
3348 986 3474 1028 vero
3504 970 3593 1041 ju-

2020 1059 2185 1112 stitiae
2210 1059 2505 1127 potentiam
2540 1060 2797 1117 ostendit.
2827 1060 3267 1129 Quotiescunque
3300 1070 3480 1115 autem
3505 1060 3593 1131 ju-

2021 1153 2170 1207 stitia
2201 1168 2323 1206 cum
2353 1150 2546 1208 ordine
2576 1152 2863 1219 conjuncta
2899 1162 3003 1219 est,
3043 1160 3097 1207 et
3130 1168 3195 1208 ex
3230 1154 3474 1223 utrisque
3500 1168 3594 1209 ve-

2018 1244 2153 1298 ritas
2181 1243 2457 1310 delinitur,
2494 1248 2688 1299 merito
2727 1244 2982 1313 justejus
3019 1244 3291 1298 redditum
3333 1246 3544 1299 dicetur
3575 1264 3590 1300 :

334 1348 553 1416 λέγεται
575 1347 636 1399 τὸ
654 1345 859 1397 δίκαιον
888 1339 1420 1409 ἁποδοθῆναι.⁰’οταν
1438 1338 1494 1390 δέ
1520 1337 1688 1406 χωρὶς
1707 1333 1916 1398 τάξεως

2031 1336 2065 1389 si
2115 1350 2242 1389 vero
2274 1336 2391 1391 sine
2428 1336 2619 1391 ordine
2660 1338 3011 1405 processerit,
3051 1337 3261 1390 tametsi
3309 1354 3336 1388 ιι
3366 1338 3595 1391 veritate

348 1438 451 1494 κᾶν
479 1439 576 1507 τῆς
634 1436 894 1506 ἀληθείας
941 1432 1200 1502 ἐπιτύχῃ,
1232 1431 1291 1483 οὐ
1337 1430 1563 1491 δικαίως
1593 1429 1655 1480 τὸ
1709 1427 1916 1480 δίκαιον

2031 1440 2127 1479 non
2160 1424 2515 1491 aberraverit,
2550 1442 2655 1481 non
2688 1428 2900 1482 dicetur
2923 1427 3068 1496 juste
3095 1427 3186 1495 jus
3216 1428 3509 1482 redditum.

333 1530 554 1597 λέγεται
584 1527 937 1596 ἀποδοθῆναι.

413 1618 479 1689 β’.
526 1619 639 1671 Πᾶν
671 1618 956 1688 κριτήριον
1024 1614 1339 1669 συνίσταται
1400 1609 1463 1662 ἔκ
1494 1626 1554 1661 τε
1583 1603 1918 1678 ἰτροκαθεζο⁹

337 1710 515 1781 μένων
546 1710 639 1763 καὶ
665 1707 1173 1778 συγκαθεζομένων,
1217 1705 1312 1757 κα¹ι
1344 1704 1407 1754 ἐκ
1437 1700 1546 1753 τῶν
1582 1696 1920 1770 προῖσταμέ-

333 1818 465 1864 νων,
497 1799 593 1851 καὶ
627 1797 737 1850 τῶν
764 1795 1214 1868 δικαζομένων,ἦ
1253 1795 1323 1847 δι’
1368 1791 1581 1846 ἑαυτῶν
1606 1790 1640 1860 ἢ
1676 1788 1743 1842 δι’
1774 1790 1921 1841 ἐντο-

345 1888 507 1952 λέων,
535 1882 618 1949 οἷς
648 1890 676 1939 ὁ
702 1886 864 1955 νόμος
887 1886 1068 1939 δίδωσι
1096 1886 1196 1956 τὴν
1229 1883 1499 1949 ἐξουσίαν.

416 1980 488 2048 γ’.
514 1981 776 2047 Διαφοραὶ
804 1979 860 2031 δὲ
903 1978 1012 2030 τῶν
1039 1975 1343 2045 κριτηρίων
1394 1973 1487 2025 δύο
1512 1988 1527 2003 ·
1582 1971 1645 2023 τὸ
1683 1969 1783 2039 μὲν
1814 1970 1923 2038 γάρ

342 2068 428 2119 διὰ
459 2070 635 2137 μόνων
661 2070 770 2119 τῶν
829 2066 1011 2135 νόμων
1061 2067 1301 2135 πρόεισι,
1334 2062 1397 2115 τδ
1424 2061 1481 2114 δὲ
1523 2061 1613 2114 διὰ
1645 2061 1921 2113 κανόνων⁶

268 2176 285 2185 ‘
343 2159 461 2215 ἔστι
487 2160 545 2212 δὲ
571 2161 663 2212 καὶ
698 2160 855 2228 τρίτη
876 2158 1131 2227 διαφορὰ,
1171 2156 1232 2209 τὸ
1265 2154 1324 2221 ἐξ
1352 2155 1575 2224 ἀμφοῖν,
1609 2152 1672 2205 ἐκ
1722 2168 1783 2203 τε
1831 2148 1925 2202 τοῦ

343 2250 511 2318 νόμου
542 2251 635 2303 καὶ
662 2248 755 2301 τοῦ
803 2249 1047 2315 κανόνος,
1086 2247 1229 2318 φημὶ
1256 2284 1271 2310 ,
1298 2243 1610 2298 συνιστῦσα
1636 2243 1727 2295 καί
1761 2241 1928 2312 διορί-

343 2335 532 2400 ζουσα.

420 2429 484 2482 ὃ’.
503 2426 799 2496 Ἐκκλητός
845 2427 993 2478 ἐστιν
1020 2425 1279 2495 ἔγκλησίς
1306 2442 1449 2488 τινος
1475 2422 1584 2478 τῶν
1606 2422 1925 2492 κριθέντων,

343 2519 491 2572 κατά
538 2535 685 2581 τινος
744 2519 1027 2589 κρίνοντος
1062 2517 1137 2577 ὡς
1170 2521 1247 2585 μὴ
1280 2513 1462 2576 καλῶς
1495 2512 1805 2582 κριθέντος,
1834 2512 1928 2563 καὶ

349 2612 498 2663 πᾶσα
523 2609 620 2679 μὲν
651 2609 938 2680 ἐκκλητος,
967 2610 1061 2662 καὶ
1082 2606 1363 2677 ἐγκλησις,
1392 2605 1452 2657 οὐ
1471 2607 1620 2658 πᾶσα
1652 2603 1709 2656 δέ
1728 2596 1927 2672 ἔγκλη-

349 2714 433 2760 σις
459 2700 551 2749 καὶ
577 2696 859 2767 ἔκκλητος.
907 2698 1210 2766 Διαιρεῖται
1238 2692 1347 2763 γὰρ
1392 2693 1454 2744 τὸ
1481 2695 1579 2762 τῆς
1612 2691 1929 2761 ἐγκλήσεως

350 2788 540 2856 ὄνομα,
570 2789 648 2850 εἷς
677 2803 738 2839 τε
782 2787 881 2856 τὴν
919 2786 1220 2856 λεγομένην
1260 2783 1547 2853 ἔκκλητον,
1596 2784 1691 2836 καὶ
1720 2784 1798 2845 είς
1827 2782 1928 2853 τὴν

354 2881 534 2951 ἀρχὴν
560 2880 787 2951 ἔχουσαν
809 2877 1092 2949 ἔγκλησιν.

425 3068 487 3113 ε’.
551 3059 626 3112 Τὸ
692 3056 1152 3127 αὑτοκρατορικὸν
1184 3056 1279 3109 καὶ
1323 3054 1595 3124 βασιλικὸν
1644 3056 1927 3126 κριτήριον
1955 3094 1998 3154 c

2090 1606 2144 1659 2.
2167 1605 2617 1675 Omncjudicium
2646 1621 2859 1663 constat
2887 1624 2952 1664 ex
2980 1611 3323 1679 praesidibus,
3351 1626 3593 1666 assesso-

2025 1693 2198 1762 ribns,
2236 1696 2719 1752 circumstantibus
2757 1708 2811 1752 et
2863 1696 3216 1767 litigantibus,
3274 1704 3353 1754 vel
3408 1718 3503 1770 per
3536 1717 3596 1755 se

2030 1787 2111 1840 vel
2151 1803 2248 1857 per
2280 1798 2665 1857 procuratores
2714 1790 2911 1859 quibus
2957 1788 3187 1844 facultas
3232 1789 3354 1859 jure
3400 1794 3595 1846 tributa

2025 1888 2129 1933 est.

2097 1968 2150 2022 3.
2182 1966 2518 2024 Jndiciorum
2568 1969 2890 2026 differentia:
2935 1973 3055 2027 dutc
3086 1985 3213 2029 sunt
3271 1992 3283 2027 :
3328 1975 3599 2042 quoddam

2028 2061 2171 2115 enim
2199 2062 2330 2116 solis
2360 2062 2567 2131 legibus
2600 2065 2821 2132 regitur,
2851 2066 3119 2134 quoddam
3149 2069 3448 2121 canonibus
3474 2086 3487 2119 :
3520 2078 3602 2123 est

2028 2162 2083 2205 ει
2114 2153 2332 2206 tertium
2366 2168 2536 2222 genus
2567 2156 2709 2222 quod
2732 2170 2798 2210 ex
2834 2157 3077 2227 utrisque
3105 2166 3159 2211 et
3182 2158 3395 2225 legibus
3428 2167 3481 2211 ιιι
3508 2172 3601 2212 ca-

2030 2244 2265 2298 nonibus
2292 2244 2659 2300 constituitur.

2103 2428 2155 2480 4.
2186 2427 2487 2497 Appellatio
2510 2438 2591 2484 est
2626 2432 2937 2501 provocatio
2963 2432 3101 2489 alius
3124 2436 3192 2488 de
3217 2434 3603 2504 quojttdicium

2033 2518 2199 2572 latum
2253 2531 2338 2574 est
2380 2531 2569 2575 contra
2611 2522 2843 2591 aliquem
2887 2522 3154 2591 judicum,
3198 2534 3453 2595 tanquam
3498 2540 3604 2579 non

2031 2608 2170 2662 bene
2200 2608 2555 2676 judicaverit.
2602 2609 2668 2665 Et
2713 2613 2890 2667 omnis
2933 2612 3151 2682 quidem
3202 2615 3492 2684 appellatio
3522 2624 3609 2670 cst

2030 2701 2365 2767 provocatio,
2398 2716 2502 2755 non
2532 2703 2710 2758 omnis
2739 2718 2869 2757 vero
2901 2707 3211 2772 provocatio
3240 2715 3325 2761 est
3361 2708 3609 2787 appella-

2034 2791 2130 2842 tio.
2167 2789 2437 2845 Dividitur
2465 2792 2610 2846 enim
2664 2794 3070 2863 provocationis
3102 2795 3419 2849 vocabulum
3470 2806 3524 2849 et
3554 2796 3609 2850 in

2034 2880 2179 2934 illam
2210 2898 2331 2951 qua:
2353 2884 2557 2937 dicitur
2584 2885 2895 2954 appellatio,
2931 2894 2987 2940 et
3018 2886 3073 2941 in
3110 2888 3486 2958 magistratum
3513 2890 3611 2943 ha-

2032 2969 2247 3024 bentem
2281 2973 2739 3040 provocationem.

2104 3060 2155 3114 5.
2188 3060 2274 3131 (L.
2316 3079 2356 3117 ι.
2411 3064 2439 3135 ς
2483 3080 2522 3119 ι.
2553 3063 2608 3119 ll.
2654 3080 2703 3121 a.
2738 3067 2888 3135 quib.
2928 3082 3053 3138 app.
3087 3085 3193 3124 non
3228 3068 3400 3130 licet.)
3437 3068 3607 3140 Impe-

372 3152 622 3222 ἐκκλήτῳ
677 3151 776 3219 οὐχ
832 3150 1138 3214 ὑπόκειται,
1188 3148 1308 3200 οὐδὲ
1358 3147 1780 3216 ἀναψηλαφᾶται
1822 3148 1929 3199 ὑπὸ

2033 3153 2181 3208 rialis
2208 3165 2263 3209 et
2296 3156 2611 3225 principalis
2639 3161 2905 3213 sententia
2952 3161 3296 3229 appellationi
3334 3178 3440 3217 non
3478 3160 3611 3218 sub-

360 3244 547 3312 ὲτὲρου
574 3240 689 3294 ἀλλ’
722 3242 810 3309 ὑφ’
835 3238 1029 3292 ἐαυτοῦ
1060 3239 1147 3292 ἀεὶ
1175 3238 1624 3307 ἐπανακρίνεται,
1653 3237 1796 3290 καθά
1834 3239 1929 3291 καὶ

2031 3246 2192 3315 jacet,
2234 3263 2408 3318 neque
2454 3250 2522 3304 ab
2566 3250 2671 3305 alio
2718 3260 3043 3306 retractatur
3087 3253 3190 3307 nisi
3241 3267 3271 3305 a
3332 3267 3392 3305 se
3440 3252 3608 3321 ipso:

356 3336 383 3386 ὁ
411 3333 646 3401 θεόπτης
676 3331 915 3401 Μωῦσῆς
938 3330 1000 3384 τὺ
1036 3330 1422 3400 ἐπανακρίνειν
1450 3329 1550 3392 τὰς
1593 3329 1803 3400 κρίσεις
1851 3331 1931 3394 είς

355 3426 516 3494 νόμον
541 3423 713 3476 ἔθετο.

427 3520 502 3579 ς’.
534 3514 606 3566 Τὸ
658 3513 752 3567 τοῦ
804 3512 1149 3584 πατριάρχου
1199 3514 1488 3583 κριτήριον
1532 3513 1784 3585 ἐκκλήτῳ
1832 3517 1931 3585 οὐχ

2032 3341 2481 3408 quemadmodum
2510 3351 2565 3397 et
2602 3359 2758 3398 sacer
2804 3320 3005 3410 Moses,
3045 3345 3374 3399 retractandi
3404 3320 3612 3414 judicia

2035 3441 2357 3501 potestatem
2387 3434 2452 3489 ad
2480 3435 2649 3507 legent
2681 3436 2884 3492 retulit.

2104 3522 2158 3577 6.
2187 3523 2516 3581 Palriarchae
2538 3530 2808 3582 sententia
2837 3528 3185 3600 appellationi
3211 3546 3316 3587 non
3344 3531 3609 3602 subjacet.

358 3606 665 3668 ὑπόκειται,
698 3606 820 3659 οὐδὲ
847 3606 1276 3675 ἀναψηλαφᾶται
1321 3606 1413 3674 ὑφ’
1451 3606 1638 3677 ἐτέρου
1669 3607 1745 3669 ὡς
1788 3608 1929 3678 ἀρχὴ

2038 3629 2212 3685 neque
2271 3626 2602 3674 retractatur
2657 3622 2723 3676 ab
2778 3623 2918 3689 alio,
2981 3634 3164 3695 utpote
3241 3624 3612 3681 Ecclesiastiei

358 3698 453 3750 καὶ
477 3699 610 3751 αὐτὸ
636 3697 753 3750 τῶν
784 3696 1251 3766 ὲκκλησιαστικῶν
1286 3698 1609 3768 κριτηρίων.
1664 3698 1752 3764 Ἐξ
1769 3699 1929 3751 αὑτοῦ

2033 3705 2223 3773 judicii
2249 3710 2507 3778 princeps
2545 3728 2651 3766 :ex
2688 3713 2803 3781 ipsa
2839 3714 2984 3768 enim
3026 3715 3207 3770 omnia
3240 3715 3613 3770 ecclesiastica

360 3788 471 3857 γὰρ
506 3788 687 3839 πάντα
718 3786 787 3840 τὰ
806 3786 1240 3856 ἐκκλησιαστικά
1266 3789 1527 3857 κριτήρια
1572 3789 1665 3840 καὶ
1700 3790 1780 3850 είς
1804 3789 1929 3840 αὐτὶ

2034 3796 2255 3865 judicia,
2302 3808 2356 3852 et
2395 3800 2447 3852 in
2496 3800 2668 3869 ipsam
2719 3805 3068 3857 resolvuntur
3113 3812 3167 3858 et
3214 3814 3565 3859 revertuntur
3595 3821 3613 3855 :

358 3876 585 3929 ἀναλύει
630 3878 724 3928 καὶ
763 3877 1198 3947 ἀναστρέφεται·
1233 3878 1363 3929 αὐτὸ
1407 3878 1465 3928 δὲ
1513 3878 1634 3929 οὔτε
1669 3878 1732 3929 ἐκ
1771 3895 1935 3963 τινος,

357 3965 483 4020 οὔτε
521 3967 660 4037 πρὸς
682 3964 871 4036 ἕτερον
896 3981 908 3995 ο
948 3964 1190 4017 τοιοῦτον
1220 3967 1328 4035 γὰρ
1358 3968 1389 4034 ή
1442 3967 1607 4036 ἀρχὴ,
1641 3968 1939 4037 ἐπανακρί-

359 4072 509 4109 νεται
543 4055 601 4108 δὲ
637 4056 1028 4126 πνευματικῶς
1060 4056 1156 4109 καὶ
1173 4057 1305 4109 αὐτὸ
1337 4056 1429 4125 ὑφ’
1460 4055 1678 4109 ἑαυτοῦ.

437 4148 501 4210 ζ’.
542 4147 606 4199 Ἥ
632 4145 725 4200 τοῦ
758 4149 999 4215 ἐπάρχου
1052 4147 1230 4215 ψῆφος
1283 4146 1534 4218 ἐκκλήτῳ
1577 4148 1675 4217 οὐχ
1714 4147 1940 4201 ὑπόκει-

360 4254 474 4303 ται,
508 4238 649 4309 πλὴν
684 4238 789 4291 ὑπὸ
822 4241 985 4308 μόνου
1007 4237 1104 4291 τοῦ
1141 4237 1428 4307 βασιλέως.

2041 3887 2154 3955 ipsa
2187 3901 2316 3941 vero
2354 3904 2528 3957 neque
2574 3892 2643 3944 ab
2690 3892 2890 3959 aliquo,
2929 3907 3102 3961 neque
3136 3892 3203 3945 ad
3241 3893 3475 3960 aliquem
3524 3907 3615 3946 re-

2042 3974 2233 4039 fertur,
2282 3976 2396 4044 ipsa
2453 3987 2536 4030 est
2585 3977 2729 4032 cnim
2772 3978 3057 4047 princeps;
3101 3985 3431 4032 retractatur
3484 3991 3617 4032 vero

2043 4065 2397 4135 spiritualiter
2431 4068 2544 4136 ipsa
2581 4085 2609 4122 a
2640 4083 2699 4124 se
2730 4068 2864 4138 ipsa.

2114 4159 2166 4213 7.
2202 4158 2286 4229 (L.
2328 4176 2421 4215 un.
2466 4161 2522 4215 ιτ.
2559 4163 2624 4217 de
2654 4161 2743 4215 oll'.
2783 4163 2934 4230 prter.
2963 4169 3113 4232 prazt.
3154 4172 3209 4217 ει
3231 4161 3264 4216 l.
3300 4178 3419 4219 vnt.
3454 4164 3517 4219 C.
3548 4164 3618 4219 de

2044 4253 2216 4321 episc.
2252 4254 2571 4324 andicntia.)
2597 4253 2643 4309 Δ
2669 4254 2907 4324 praefecti
2939 4255 3192 4324 praetorio
3221 4256 3487 4311 sententia
3510 4272 3614 4311 non

2044 4345 2366 4413 appellatur,
2401 4346 2502 4400 nisi
2537 4346 2602 4398 ad
2634 4346 2806 4400 solum
2844 4347 3164 4417 principem.

433 4426 504 4490 η’.
545 4419 607 4471 Ἦ
640 4418 732 4472 τοῦ
758 4418 1119 4489 κοιαίστωρος
1145 4419 1345 4489 ψῆφος.
1379 4422 1630 4492 ἐκκλήτῳ
1674 4424 1773 4493 οὐχ
1798 4425 1929 4477 ὑπό-

2110 4430 2160 4485 8.
2192 4432 2489 4496 Qutestoris
2518 4434 2789 4488 sententia
2819 4434 3163 4504 appellationi
3214 4449 3320 4491 non
3346 4434 3612 4505 subiacet.

366 4525 564 4574 κειται,
626 4508 763 4561 ἀλλά
814 4509 907 4562 καὶ
964 4509 1100 4580 αὐτὴ
1159 4510 1264 4563 ὑπὸ
1316 4510 1412 4563 τοῦ
1465 4511 1730 4581 βασιλέως
1773 4515 1929 4583 μόνου

2043 4523 2138 4578 sed
2163 4533 2218 4577 et
2250 4524 2363 4593 ipsa
2396 4539 2425 4579 a
2455 4524 2573 4579 solo
2601 4526 2930 4594 imperatore
2972 4526 3317 4581 examinatur
3348 4545 3363 4581 :
3397 4538 3615 4582 tametsi

368 4605 682 4655 σκοπείταιο
732 4604 781 4655 εί
815 4604 924 4674 γὰρ
989 4604 1083 4655 καὶ
1135 4607 1202 4675 τῇ
1255 4605 1406 4668 τάξει
1452 4606 1715 4676 πρότερον
1749 4610 1808 4659 τὸ
1842 4608 1929 4661 τοῦ

2040 4616 2183 4668 cnim
2223 4616 2411 4669 ordine
2457 4616 2606 4684 prior
2647 4599 2890 4684 praefecti
2932 4617 3223 4683 sententia,
3256 4616 3396 4671 nihil
3432 4627 3614 4673 tamen

368 4695 611 4765 ἐπάρχου
660 4696 968 4765 κριτήριον,
1017 4694 1130 4745 ἀλλ’
1175 4696 1329 4748 οὐδὲν
1382 4698 1581 4750 ἄτοπον
1615 4698 1682 4751 τὰ
1712 4700 1776 4751 ἐκ
1808 4701 1929 4767 μιᾶς

2042 4705 2257 4760 absurdi
2297 4705 2480 4772 fuerit,
2506 4722 2567 4760 ea
2596 4722 2715 4776 quae
2742 4708 2812 4762 ab
2843 4723 2950 4764 uno
2973 4708 3240 4778 principio
3264 4710 3619 4781 proficiscun-

368 4786 542 4855 ἀρχῆς
593 4787 995 4857 προερχόμενα,
1031 4787 1181 4852 τάξει
1230 4788 1331 4857 μὲν
1370 4788 1616 4858 ἀλλήλων
1663 4791 1937 4860 προέχειν,

372 4876 448 4947 μὴ
480 4877 693 4932 δεῖσθαι
716 4879 773 4932 δὲ
796 4878 983 4950 ἕτερον
1001 4879 1192 4948 ἐτέρου
1222 4879 1359 4950 πρὸς
1385 4879 1691 4951 διόρθωσιν.

439 4966 504 5023 θ’.
523 4969 604 5023 Τὰ
628 4975 735 5040 γὰρ
761 4972 1057 5043 ἁρχοντικά
1078 4972 1339 5043 κριτήρια
1361 4974 1611 5043 ἐκκλήτῳ
1632 4974 1941 5038 ὑπόκειται,

370 5061 463 5114 καὶ
492 5063 913 5135 ἀναψηλαφᾶται
944 5064 1048 5115 ὑπό
1080 5080 1138 5116 τε
1168 5064 1262 5117 τοῦ
1308 5064 1595 5134 βασιλέως,
1631 5066 1735 5118 ὑπό
1755 5084 1812 5119 τε
1846 5068 1941 5121 τοῦ

367 5155 725 5223 πατριάρχου,
748 5156 883 5209 ἀλλά
904 5156 997 5209 καὶ
1014 5155 1117 5208 ὑπὸ
1140 5155 1234 5208 τοῦ
1258 5157 1501 5226 ἐπάρχου
1525 5158 1617 5208 καὶ
1651 5157 1744 5209 τοῦ
1768 5160 1942 5211 κοιαίο

370 5261 609 5315 στωρος·
646 5248 770 5299 ὅσον
832 5249 939 5317 γὰρ
1002 5248 1192 5319 πόρρω
1242 5247 1567 5316 ἀφίστανται
1616 5249 1714 5318 τῆς
1747 5251 1940 5319 ἀρχῆς.

367 5336 621 5391 τοσοῦτον
664 5340 907 5402 πλείονος
956 5340 1176 5407 καὶτῆς
1226 5340 1498 5409 βοηθείας,
1531 5341 1626 5392 καὶ
1685 5339 1942 5393 πλειόνων

365 5429 474 5482 τῶν
498 5428 895 5500 διορθουμένων
922 5432 1015 5483 καὶ
1044 5429 1527 5499 ἀναψηλαφώντων
1559 5431 1793 5484 δέονται.

440 5518 494 5573 ι’.
531 5520 873 5591 Θεσπίζομεν
915 5522 1040 5583 τοὺς
1070 5521 1572 5589 περιφανεστάτους
1623 5521 1783 5591 ήμῶν
1837 5538 1945 5573 πα·-

368 5612 635 5679 τρικὶους,
666 5616 758 5665 καὶ
787 5599 850 5683 δή
875 5614 970 5665 καὶ
1002 5614 1126 5674 τοὺς
1153 5614 1591 5683 μεγαλοπρεπεῖς
1615 5631 1945 5681 πρωτοσπα-

372 5702 618 5771 θαρίους,
649 5703 716 5755 δι’
748 5702 1003 5763 ἐντολέως
1035 5702 1133 5764 τὰς
1179 5702 1526 5772 χρηματικὰς
1581 5704 1944 5771 ἀγωνίζεσθαι

720 5804 987 5862 Parnm.
1033 5802 1149 5861 Gn.
1195 5799 1401 5861 CXIII.

2045 4806 2151 4863 tur,
2187 4798 2379 4851 ordine
2408 4798 2625 4865 quidem
2660 4799 2889 4851 alterum
2924 4799 2991 4853 ab
3026 4798 3199 4854 altero
3232 4798 3478 4868 procedi,
3511 4816 3616 4855 non

2044 4888 2286 4957 indigere
2324 4897 2503 4941 autem
2533 4889 2762 4943 alterum
2794 4888 3020 4944 alterius
3057 4892 3422 4946 correctione.

2115 4978 2169 5033 9.
2223 4978 2541 5033 Prazsidales
2584 4980 2867 5033 sententia:
2922 4980 3267 5051 appellationi
3312 4980 3619 5047 subjacent.

2045 5078 2521 5138 retractanturque
2548 5079 2601 5125 et
2632 5086 2660 5123 a
2706 5070 2969 5140 principe,
3001 5082 3057 5126 ει
3089 5086 3119 5125 a
3151 5072 3483 5142 patriarcha,
3524 5075 3619 5127 sed
3675 5146 3701 5161 ί

2044 5171 2099 5215 ει
2140 5176 2169 5213 a
2197 5159 2452 5230 praefecto
2496 5171 2552 5215 et
2598 5172 2868 5231 quaestore
2910 5184 2924 5221 :
2959 5176 3163 5236 quanto
3210 5164 3354 5219 enim
3407 5164 3621 5234 longius

2046 5253 2244 5307 absunt
2276 5268 2305 5305 a
2341 5252 2606 5324 principe,
2639 5264 2791 5309 tanto
2823 5255 3031 5326 majore
3070 5256 3273 5310 auxilio
3300 5263 3356 5311 et
3384 5255 3619 5322 plurium

2047 5345 2385 5400 correctione
2418 5345 2854 5415 retractioneque
2889 5347 3159 5416 indigent.

2121 5526 2204 5579 10.
2239 5526 2590 5581 Decernimus
2628 5534 2682 5580 ει
2718 5524 3055 5580 clarissimos
3090 5533 3308 5579 nostros
3337 5523 3617 5592 patricios,

2050 5622 2101 5664 et
2148 5613 2460 5681 magnificos
2511 5612 2994 5683 protospatbarios,
3047 5628 3142 5682 per
3209 5625 3619 5683 procuratorem

2053 5707 2395 5777 pecuniarias
2425 5706 2641 5774 quidem
2690 5717 2882 5760 causas
2915 5719 3075 5775 agere
3098 5721 3277 5777 posse,
3305 5723 3409 5763 non
3432 5718 3617 5763 autem

3632 1992 3772 2091 /
