  <div class='ocr_page' id='page_1' title='image "/cluster/home/n/w/nwhite01/storage/ocr_20150623/113/hvd.32044073502270/249.png"; bbox 0 0 4058 6212; ppageno 0'>
   <div class='ocr_carea' id='block_1_1' title="bbox 431 223 538 292">
    <p class='ocr_par' dir='ltr' id='par_1_1' title="bbox 431 223 538 292">
     <span class='ocr_line' id='line_1_1' title="bbox 431 223 538 292; baseline -0.009 -2"><span class='ocrx_word' id='word_1_1' title='bbox 431 223 538 292; x_wconf 74' lang='grc'><strong>491</strong></span> 
     </span>
    </p>
   </div>
   <div class='ocr_carea' id='block_1_2' title="bbox 1463 209 2708 305">
    <p class='ocr_par' dir='ltr' id='par_1_2' title="bbox 1463 209 2708 305">
     <span class='ocr_line' id='line_1_2' title="bbox 1463 209 2708 305; baseline -0.006 -29"><span class='ocrx_word' id='word_1_2' title='bbox 1463 213 1984 305; x_wconf 28' lang='lat' dir='ltr'><strong>CONST&#39;ANTINI</strong></span> <span class='ocrx_word' id='word_1_3' title='bbox 2024 209 2708 272; x_wconf 81' lang='lat' dir='ltr'><strong>PORPHYROGENITI</strong></span> 
     </span>
    </p>
   </div>
   <div class='ocr_carea' id='block_1_3' title="bbox 3575 208 3690 276">
    <p class='ocr_par' dir='ltr' id='par_1_3' title="bbox 3575 208 3690 276">
     <span class='ocr_line' id='line_1_3' title="bbox 3575 208 3690 276; baseline 0.017 -3"><span class='ocrx_word' id='word_1_4' title='bbox 3575 208 3690 276; x_wconf 72' lang='grc'><strong>492</strong></span> 
     </span>
    </p>
   </div>
   <div class='ocr_carea' id='block_1_4' title="bbox 432 318 2020 404">
    <p class='ocr_par' dir='ltr' id='par_1_4' title="bbox 432 327 1994 404">
     <span class='ocr_line' id='line_1_4' title="bbox 432 327 1994 404; baseline -0.01 -9"><span class='ocrx_word' id='word_1_5' title='bbox 432 337 765 404; x_wconf 86' lang='lat' dir='ltr'><strong>criminales,</strong></span> <span class='ocrx_word' id='word_1_6' title='bbox 800 336 915 391; x_wconf 85' lang='lat' dir='ltr'><strong>sive</strong></span> <span class='ocrx_word' id='word_1_7' title='bbox 955 332 1056 401; x_wconf 88' lang='lat' dir='ltr'><strong>ipsi</strong></span> <span class='ocrx_word' id='word_1_8' title='bbox 1085 329 1206 384; x_wconf 82' lang='lat' dir='ltr'><strong>aliis</strong></span> <span class='ocrx_word' id='word_1_9' title='bbox 1234 328 1348 384; x_wconf 81' lang='lat' dir='ltr'><strong>sive</strong></span> <span class='ocrx_word' id='word_1_10' title='bbox 1380 327 1472 381; x_wconf 93' lang='lat' dir='ltr'><strong>alii</strong></span> <span class='ocrx_word' id='word_1_11' title='bbox 1500 327 1633 396; x_wconf 88' lang='lat' dir='ltr'><strong>ipsis</strong></span> <span class='ocrx_word' id='word_1_12' title='bbox 1677 334 1994 383; x_wconf 82' lang='lat' dir='ltr'><strong>controver-</strong></span> 
     </span>
    </p>
   </div>
   <div class='ocr_carea' id='block_1_5' title="bbox 2117 318 3689 404">
    <p class='ocr_par' dir='ltr' id='par_1_5' title="bbox 2117 318 3689 392">
     <span class='ocr_line' id='line_1_5' title="bbox 2117 318 3689 392; baseline 0.002 -19"><span class='ocrx_word' id='word_1_13' title='bbox 2117 321 2274 385; x_wconf 64' lang='grc' dir='ltr'>ιίκας,</span> <span class='ocrx_word' id='word_1_14' title='bbox 2309 320 2423 374; x_wconf 86' lang='grc' dir='ltr'>ἀλλ’</span> <span class='ocrx_word' id='word_1_15' title='bbox 2455 320 2576 392; x_wconf 69' lang='grc' dir='ltr'>οὐχὶ</span> <span class='ocrx_word' id='word_1_16' title='bbox 2597 318 2694 384; x_wconf 83' lang='grc' dir='ltr'><strong>τάς</strong></span> <span class='ocrx_word' id='word_1_17' title='bbox 2711 318 3152 389; x_wconf 68' lang='grc' dir='ltr'>ὲγκληματικὲς,</span> <span class='ocrx_word' id='word_1_18' title='bbox 3189 320 3299 373; x_wconf 81' lang='grc' dir='ltr'>εἴτε</span> <span class='ocrx_word' id='word_1_19' title='bbox 3335 322 3454 374; x_wconf 81' lang='grc' dir='ltr'>κατ’</span> <span class='ocrx_word' id='word_1_20' title='bbox 3480 322 3689 387; x_wconf 81' lang='grc' dir='ltr'>αὐτῶν,</span> 
     </span>
    </p>
   </div>
   <div class='ocr_carea' id='block_1_6' title="bbox 434 416 2001 493">
    <p class='ocr_par' dir='ltr' id='par_1_6' title="bbox 434 416 2001 493">
     <span class='ocr_line' id='line_1_6' title="bbox 434 416 2001 493; baseline -0.011 -9"><span class='ocrx_word' id='word_1_21' title='bbox 434 430 567 485; x_wconf 90' lang='lat' dir='ltr'><strong>siam</strong></span> <span class='ocrx_word' id='word_1_22' title='bbox 609 440 827 480; x_wconf 89' lang='lat' dir='ltr'><strong>movere</strong></span> <span class='ocrx_word' id='word_1_23' title='bbox 868 422 1053 477; x_wconf 90' lang='lat' dir='ltr'><strong>velint.</strong></span> <span class='ocrx_word' id='word_1_24' title='bbox 1105 419 1279 488; x_wconf 82' lang='lat' dir='ltr'><strong>Atque</strong></span> <span class='ocrx_word' id='word_1_25' title='bbox 1327 416 1461 471; x_wconf 87' lang='lat' dir='ltr'><strong>illud</strong></span> <span class='ocrx_word' id='word_1_26' title='bbox 1491 416 1655 471; x_wconf 90' lang='lat' dir='ltr'><strong>etiam</strong></span> <span class='ocrx_word' id='word_1_27' title='bbox 1686 416 2001 493; x_wconf 71' lang='lat' dir='ltr'><strong>deﬁnimus,</strong></span> 
     </span>
    </p>
   </div>
   <div class='ocr_carea' id='block_1_7' title="bbox 437 507 2003 579">
    <p class='ocr_par' dir='ltr' id='par_1_7' title="bbox 437 507 2003 579">
     <span class='ocr_line' id='line_1_7' title="bbox 437 507 2003 579; baseline -0.01 -3"><span class='ocrx_word' id='word_1_28' title='bbox 437 534 542 576; x_wconf 91' lang='lat' dir='ltr'><strong>non</strong></span> <span class='ocrx_word' id='word_1_29' title='bbox 584 516 754 571; x_wconf 89' lang='lat' dir='ltr'><strong>solum</strong></span> <span class='ocrx_word' id='word_1_30' title='bbox 798 526 865 566; x_wconf 91' lang='lat' dir='ltr'><strong>ne</strong></span> <span class='ocrx_word' id='word_1_31' title='bbox 896 525 1016 563; x_wconf 89' lang='lat' dir='ltr'><strong>cum</strong></span> <span class='ocrx_word' id='word_1_32' title='bbox 1044 507 1419 579; x_wconf 90' lang='lat' dir='ltr'><strong>iudicantibus</strong></span> <span class='ocrx_word' id='word_1_33' title='bbox 1453 507 1772 577; x_wconf 67' lang='lat' dir='ltr'><strong>prmsidibus</strong></span> <span class='ocrx_word' id='word_1_34' title='bbox 1810 507 2003 562; x_wconf 89' lang='lat' dir='ltr'><strong>sedere</strong></span> 
     </span>
    </p>
   </div>
   <div class='ocr_carea' id='block_1_8' title="bbox 436 592 2002 675">
    <p class='ocr_par' dir='ltr' id='par_1_8' title="bbox 436 592 2002 675">
     <span class='ocr_line' id='line_1_8' title="bbox 436 592 2002 675; baseline -0.008 -16"><span class='ocrx_word' id='word_1_35' title='bbox 436 605 568 675; x_wconf 82' lang='lat' dir='ltr'><strong>ipsis</strong></span> <span class='ocrx_word' id='word_1_36' title='bbox 608 602 784 663; x_wconf 85' lang='lat' dir='ltr'><strong>liceat,</strong></span> <span class='ocrx_word' id='word_1_37' title='bbox 805 595 1021 666; x_wconf 84' lang='lat' dir='ltr'><strong>quando</strong></span> <span class='ocrx_word' id='word_1_38' title='bbox 1056 596 1293 664; x_wconf 89' lang='lat' dir='ltr'><strong>ipsorum</strong></span> <span class='ocrx_word' id='word_1_39' title='bbox 1322 609 1486 649; x_wconf 91' lang='lat' dir='ltr'><strong>causa</strong></span> <span class='ocrx_word' id='word_1_40' title='bbox 1512 594 1879 658; x_wconf 80' lang='lat' dir='ltr'><strong>examinator,</strong></span> <span class='ocrx_word' id='word_1_41' title='bbox 1907 592 2002 646; x_wconf 88' lang='lat' dir='ltr'><strong>sed</strong></span> 
     </span>
    </p>
   </div>
   <div class='ocr_carea' id='block_1_9' title="bbox 435 682 2002 761">
    <p class='ocr_par' dir='ltr' id='par_1_9' title="bbox 435 682 2002 761">
     <span class='ocr_line' id='line_1_9' title="bbox 435 682 2002 761; baseline -0.01 -11"><span class='ocrx_word' id='word_1_42' title='bbox 435 711 501 750; x_wconf 89' lang='lat' dir='ltr'><strong>ne</strong></span> <span class='ocrx_word' id='word_1_43' title='bbox 527 692 739 761; x_wconf 89' lang='lat' dir='ltr'><strong>quidem</strong></span> <span class='ocrx_word' id='word_1_44' title='bbox 770 698 949 744; x_wconf 82' lang='lat' dir='ltr'><strong>astare</strong></span> <span class='ocrx_word' id='word_1_45' title='bbox 977 703 993 740; x_wconf 92' lang='lat'><strong>:</strong></span> <span class='ocrx_word' id='word_1_46' title='bbox 1023 686 1276 754; x_wconf 89' lang='lat' dir='ltr'><strong>utrinque</strong></span> <span class='ocrx_word' id='word_1_47' title='bbox 1298 686 1442 739; x_wconf 91' lang='lat' dir='ltr'><strong>enim</strong></span> <span class='ocrx_word' id='word_1_48' title='bbox 1471 682 1775 753; x_wconf 89' lang='lat' dir='ltr'><strong>periculosa</strong></span> <span class='ocrx_word' id='word_1_49' title='bbox 1796 697 1881 736; x_wconf 88' lang='lat' dir='ltr'><strong>res</strong></span> <span class='ocrx_word' id='word_1_50' title='bbox 1898 691 2002 745; x_wconf 89' lang='lat' dir='ltr'><strong>est,</strong></span> 
     </span>
    </p>
   </div>
   <div class='ocr_carea' id='block_1_10' title="bbox 434 774 2007 850">
    <p class='ocr_par' dir='ltr' id='par_1_10' title="bbox 434 774 2007 850">
     <span class='ocr_line' id='line_1_10' title="bbox 434 774 2007 850; baseline -0.01 -10"><span class='ocrx_word' id='word_1_51' title='bbox 434 787 502 840; x_wconf 90' lang='lat' dir='ltr'><strong>ab</strong></span> <span class='ocrx_word' id='word_1_52' title='bbox 531 782 703 837; x_wconf 90' lang='lat' dir='ltr'><strong>altera</strong></span> <span class='ocrx_word' id='word_1_53' title='bbox 738 779 958 850; x_wconf 84' lang='lat' dir='ltr'><strong>quidem</strong></span> <span class='ocrx_word' id='word_1_54' title='bbox 991 786 1156 848; x_wconf 29' lang='lat' dir='ltr'><strong>parte.</strong></span> <span class='ocrx_word' id='word_1_55' title='bbox 1176 776 1480 832; x_wconf 76' lang='lat' dir='ltr'><strong>sublimitas</strong></span> <span class='ocrx_word' id='word_1_56' title='bbox 1509 774 1786 846; x_wconf 74' lang='lat' dir='ltr'><strong>dignitatis</strong></span> <span class='ocrx_word' id='word_1_57' title='bbox 1815 782 2007 829; x_wconf 88' lang='lat' dir='ltr'><strong>contu-</strong></span> 
     </span>
    </p>
   </div>
   <div class='ocr_carea' id='block_1_11' title="bbox 436 865 2006 938">
    <p class='ocr_par' dir='ltr' id='par_1_11' title="bbox 436 865 2006 938">
     <span class='ocr_line' id='line_1_11' title="bbox 436 865 2006 938; baseline -0.01 -7"><span class='ocrx_word' id='word_1_58' title='bbox 436 876 592 932; x_wconf 87' lang='lat' dir='ltr'><strong>melia</strong></span> <span class='ocrx_word' id='word_1_59' title='bbox 629 872 882 938; x_wconf 70' lang='lat' dir='ltr'><strong>adicitur,</strong></span> <span class='ocrx_word' id='word_1_60' title='bbox 926 871 995 925; x_wconf 91' lang='lat' dir='ltr'><strong>ab</strong></span> <span class='ocrx_word' id='word_1_61' title='bbox 1036 869 1204 923; x_wconf 85' lang='lat' dir='ltr'><strong>altera</strong></span> <span class='ocrx_word' id='word_1_62' title='bbox 1233 876 1412 923; x_wconf 87' lang='lat' dir='ltr'><strong>autem</strong></span> <span class='ocrx_word' id='word_1_63' title='bbox 1441 865 1875 936; x_wconf 87' lang='lat' dir='ltr'><strong>parteiudicium</strong></span> <span class='ocrx_word' id='word_1_64' title='bbox 1910 877 2006 932; x_wconf 83' lang='lat' dir='ltr'><strong>pa-</strong></span> 
     </span>
    </p>
   </div>
   <div class='ocr_carea' id='block_1_12' title="bbox 434 953 2005 1029">
    <p class='ocr_par' dir='ltr' id='par_1_12' title="bbox 434 953 2005 1029">
     <span class='ocr_line' id='line_1_12' title="bbox 434 953 2005 1029; baseline -0.007 -8"><span class='ocrx_word' id='word_1_65' title='bbox 434 981 554 1022; x_wconf 88' lang='lat' dir='ltr'><strong>rum</strong></span> <span class='ocrx_word' id='word_1_66' title='bbox 625 963 822 1018; x_wconf 87' lang='lat' dir='ltr'><strong>decora</strong></span> <span class='ocrx_word' id='word_1_67' title='bbox 896 958 1261 1029; x_wconf 63' lang='lat' dir='ltr'><strong>inaequalitate</strong></span> <span class='ocrx_word' id='word_1_68' title='bbox 1322 955 1780 1013; x_wconf 89' lang='lat' dir='ltr'><strong>contaminabitur</strong></span> <span class='ocrx_word' id='word_1_69' title='bbox 1846 969 1860 1007; x_wconf 88' lang='lat'><strong>:</strong></span> <span class='ocrx_word' id='word_1_70' title='bbox 1922 953 2005 1010; x_wconf 87' lang='lat' dir='ltr'><strong>vel</strong></span> 
     </span>
    </p>
   </div>
   <div class='ocr_carea' id='block_1_13' title="bbox 436 1045 2008 1123">
    <p class='ocr_par' dir='ltr' id='par_1_13' title="bbox 436 1045 2008 1123">
     <span class='ocr_line' id='line_1_13' title="bbox 436 1045 2008 1123; baseline -0.008 -12"><span class='ocrx_word' id='word_1_71' title='bbox 436 1065 650 1112; x_wconf 83' lang='lat' dir='ltr'><strong>astante</strong></span> <span class='ocrx_word' id='word_1_72' title='bbox 675 1054 763 1109; x_wconf 90' lang='lat' dir='ltr'><strong>illa</strong></span> <span class='ocrx_word' id='word_1_73' title='bbox 793 1051 948 1123; x_wconf 87' lang='lat' dir='ltr'><strong>cuius</strong></span> <span class='ocrx_word' id='word_1_74' title='bbox 976 1065 1140 1106; x_wconf 84' lang='lat' dir='ltr'><strong>causa</strong></span> <span class='ocrx_word' id='word_1_75' title='bbox 1164 1050 1361 1122; x_wconf 82' lang='lat' dir='ltr'><strong>agitur,</strong></span> <span class='ocrx_word' id='word_1_76' title='bbox 1386 1048 1468 1102; x_wconf 88' lang='lat' dir='ltr'><strong>vel</strong></span> <span class='ocrx_word' id='word_1_77' title='bbox 1496 1048 1547 1102; x_wconf 92' lang='lat' dir='ltr'><strong>in</strong></span> <span class='ocrx_word' id='word_1_78' title='bbox 1578 1061 1837 1103; x_wconf 89' lang='lat' dir='ltr'><strong>consessu</strong></span> <span class='ocrx_word' id='word_1_79' title='bbox 1863 1045 2008 1117; x_wconf 88' lang='lat' dir='ltr'><strong>iudi-</strong></span> 
     </span>
    </p>
   </div>
   <div class='ocr_carea' id='block_1_14' title="bbox 412 1134 2006 1211">
    <p class='ocr_par' dir='ltr' id='par_1_14' title="bbox 412 1134 2006 1211">
     <span class='ocr_line' id='line_1_14' title="bbox 412 1134 2006 1211; baseline -0.009 -7"><span class='ocrx_word' id='word_1_80' title='bbox 412 1163 558 1204; x_wconf 70' lang='lat' dir='ltr'><strong>‘cum</strong></span> <span class='ocrx_word' id='word_1_81' title='bbox 592 1146 836 1211; x_wconf 78' lang='lat' dir='ltr'><strong>sedente,</strong></span> <span class='ocrx_word' id='word_1_82' title='bbox 874 1153 931 1196; x_wconf 91' lang='lat' dir='ltr'><strong>ut</strong></span> <span class='ocrx_word' id='word_1_83' title='bbox 960 1141 1137 1211; x_wconf 79' lang='lat' dir='ltr'><strong>patior</strong></span> <span class='ocrx_word' id='word_1_84' title='bbox 1160 1139 1570 1195; x_wconf 87' lang='lat' dir='ltr'><strong>essevideatur.</strong></span> <span class='ocrx_word' id='word_1_85' title='bbox 1602 1135 1733 1192; x_wconf 88' lang='lat' dir='ltr'><strong>Post</strong></span> <span class='ocrx_word' id='word_1_86' title='bbox 1757 1134 2006 1207; x_wconf 76' lang='lat' dir='ltr'><strong>magniﬁ-</strong></span> 
     </span>
    </p>
   </div>
   <div class='ocr_carea' id='block_1_15' title="bbox 437 1230 2011 1304">
    <p class='ocr_par' dir='ltr' id='par_1_15' title="bbox 437 1230 2011 1304">
     <span class='ocr_line' id='line_1_15' title="bbox 437 1230 2011 1304; baseline -0.006 -11"><span class='ocrx_word' id='word_1_87' title='bbox 437 1238 783 1293; x_wconf 81' lang='lat' dir='ltr'><strong>centissimos</strong></span> <span class='ocrx_word' id='word_1_88' title='bbox 836 1243 1013 1290; x_wconf 88' lang='lat' dir='ltr'><strong>autem</strong></span> <span class='ocrx_word' id='word_1_89' title='bbox 1077 1231 1589 1304; x_wconf 79' lang='lat' dir='ltr'><strong>protospatliarios,</strong></span> <span class='ocrx_word' id='word_1_90' title='bbox 1644 1230 1863 1286; x_wconf 85' lang='lat' dir='ltr'><strong>licentia</strong></span> <span class='ocrx_word' id='word_1_91' title='bbox 1935 1230 2011 1284; x_wconf 91' lang='lat' dir='ltr'><strong>sit</strong></span> 
     </span>
    </p>
   </div>
   <div class='ocr_carea' id='block_1_16' title="bbox 439 1324 2011 1396">
    <p class='ocr_par' dir='ltr' id='par_1_16' title="bbox 439 1324 2011 1396">
     <span class='ocr_line' id='line_1_16' title="bbox 439 1324 2011 1396; baseline -0.004 -11"><span class='ocrx_word' id='word_1_92' title='bbox 439 1330 691 1385; x_wconf 86' lang='lat' dir='ltr'><strong>omnibus</strong></span> <span class='ocrx_word' id='word_1_93' title='bbox 718 1326 801 1382; x_wconf 93' lang='lat' dir='ltr'><strong>vel</strong></span> <span class='ocrx_word' id='word_1_94' title='bbox 826 1342 922 1396; x_wconf 88' lang='lat' dir='ltr'><strong>per</strong></span> <span class='ocrx_word' id='word_1_95' title='bbox 947 1340 1005 1382; x_wconf 89' lang='lat' dir='ltr'><strong>se</strong></span> <span class='ocrx_word' id='word_1_96' title='bbox 1034 1326 1198 1395; x_wconf 88' lang='lat' dir='ltr'><strong>ipsos,</strong></span> <span class='ocrx_word' id='word_1_97' title='bbox 1237 1324 1320 1380; x_wconf 88' lang='lat' dir='ltr'><strong>vel</strong></span> <span class='ocrx_word' id='word_1_98' title='bbox 1352 1339 1447 1395; x_wconf 91' lang='lat' dir='ltr'><strong>per</strong></span> <span class='ocrx_word' id='word_1_99' title='bbox 1477 1332 1858 1395; x_wconf 78' lang='lat' dir='ltr'><strong>procuratores</strong></span> <span class='ocrx_word' id='word_1_100' title='bbox 1883 1338 2011 1378; x_wconf 90' lang='lat' dir='ltr'><strong>cau-</strong></span> 
     </span>
    </p>
   </div>
   <div class='ocr_carea' id='block_1_17' title="bbox 439 1429 949 1485">
    <p class='ocr_par' dir='ltr' id='par_1_17' title="bbox 439 1429 949 1485">
     <span class='ocr_line' id='line_1_17' title="bbox 439 1429 949 1485; baseline -0.008 -13"><span class='ocrx_word' id='word_1_101' title='bbox 439 1432 555 1472; x_wconf 88' lang='lat' dir='ltr'><strong>sam</strong></span> <span class='ocrx_word' id='word_1_102' title='bbox 586 1430 739 1471; x_wconf 87' lang='lat' dir='ltr'><strong>suam</strong></span> <span class='ocrx_word' id='word_1_103' title='bbox 770 1429 949 1485; x_wconf 83' lang='lat' dir='ltr'><strong>agere.</strong></span> 
     </span>
    </p>
   </div>
   <div class='ocr_carea' id='block_1_18' title="bbox 512 1594 2007 1667">
    <p class='ocr_par' dir='ltr' id='par_1_18' title="bbox 512 1594 2007 1667">
     <span class='ocr_line' id='line_1_18' title="bbox 512 1594 2007 1667; baseline 0 -15"><span class='ocrx_word' id='word_1_104' title='bbox 512 1599 599 1652; x_wconf 78' lang='lat' dir='ltr'><strong>il.</strong></span> <span class='ocrx_word' id='word_1_105' title='bbox 647 1595 927 1652; x_wconf 83' lang='lat' dir='ltr'><strong>Neminem</strong></span> <span class='ocrx_word' id='word_1_106' title='bbox 959 1594 1013 1649; x_wconf 92' lang='lat' dir='ltr'><strong>in</strong></span> <span class='ocrx_word' id='word_1_107' title='bbox 1062 1595 1433 1651; x_wconf 87' lang='lat' dir='ltr'><strong>ecclesiastico</strong></span> <span class='ocrx_word' id='word_1_108' title='bbox 1455 1595 1637 1666; x_wconf 86' lang='lat' dir='ltr'><strong>aliquo</strong></span> <span class='ocrx_word' id='word_1_109' title='bbox 1667 1598 1834 1667; x_wconf 79' lang='lat' dir='ltr'><strong>gradu</strong></span> <span class='ocrx_word' id='word_1_110' title='bbox 1878 1612 2007 1654; x_wconf 91' lang='lat' dir='ltr'><strong>con-</strong></span> 
     </span>
    </p>
   </div>
   <div class='ocr_carea' id='block_1_19' title="bbox 442 1663 2087 1758">
    <p class='ocr_par' dir='ltr' id='par_1_19' title="bbox 442 1663 2087 1758">
     <span class='ocr_line' id='line_1_19' title="bbox 442 1663 2087 1758; baseline 0 -15"><span class='ocrx_word' id='word_1_111' title='bbox 442 1688 708 1752; x_wconf 88' lang='lat' dir='ltr'><strong>stitutum,</strong></span> <span class='ocrx_word' id='word_1_112' title='bbox 741 1685 826 1740; x_wconf 87' lang='lat' dir='ltr'><strong>vel</strong></span> <span class='ocrx_word' id='word_1_113' title='bbox 866 1686 1201 1754; x_wconf 87' lang='lat' dir='ltr'><strong>episcopum,</strong></span> <span class='ocrx_word' id='word_1_114' title='bbox 1233 1685 1315 1740; x_wconf 89' lang='lat' dir='ltr'><strong>vel</strong></span> <span class='ocrx_word' id='word_1_115' title='bbox 1347 1663 1745 1758; x_wconf 70' lang='lat' dir='ltr'><strong>presbyterum,</strong></span> <span class='ocrx_word' id='word_1_116' title='bbox 1778 1687 1864 1743; x_wconf 90' lang='lat' dir='ltr'><strong>vel</strong></span> <span class='ocrx_word' id='word_1_117' title='bbox 1893 1688 2008 1744; x_wconf 89' lang='lat' dir='ltr'><strong>dia-</strong></span> <span class='ocrx_word' id='word_1_118' title='bbox 2038 1663 2087 1726; x_wconf 64' lang='grc' dir='ltr'><strong>Β</strong></span> 
     </span>
    </p>
   </div>
   <div class='ocr_carea' id='block_1_20' title="bbox 441 1773 2011 1846">
    <p class='ocr_par' dir='ltr' id='par_1_20' title="bbox 441 1773 2011 1846">
     <span class='ocr_line' id='line_1_20' title="bbox 441 1773 2011 1846; baseline -0.001 -13"><span class='ocrx_word' id='word_1_119' title='bbox 441 1791 658 1841; x_wconf 89' lang='lat' dir='ltr'><strong>conum,</strong></span> <span class='ocrx_word' id='word_1_120' title='bbox 694 1773 775 1829; x_wconf 86' lang='lat' dir='ltr'><strong>vel</strong></span> <span class='ocrx_word' id='word_1_121' title='bbox 803 1776 1048 1844; x_wconf 86' lang='lat' dir='ltr'><strong>quemvis</strong></span> <span class='ocrx_word' id='word_1_122' title='bbox 1077 1775 1243 1830; x_wconf 90' lang='lat' dir='ltr'><strong>alium</strong></span> <span class='ocrx_word' id='word_1_123' title='bbox 1293 1791 1358 1830; x_wconf 76' lang='lat' dir='ltr'><strong>ex</strong></span> <span class='ocrx_word' id='word_1_124' title='bbox 1387 1777 1637 1846; x_wconf 84' lang='lat' dir='ltr'><strong>catalogo</strong></span> <span class='ocrx_word' id='word_1_125' title='bbox 1687 1776 2011 1833; x_wconf 85' lang='lat' dir='ltr'><strong>sacerdotali</strong></span> 
     </span>
    </p>
   </div>
   <div class='ocr_carea' id='block_1_21' title="bbox 442 1868 2016 1937">
    <p class='ocr_par' dir='ltr' id='par_1_21' title="bbox 442 1868 2016 1937">
     <span class='ocr_line' id='line_1_21' title="bbox 442 1868 2016 1937; baseline -0.001 -13"><span class='ocrx_word' id='word_1_126' title='bbox 442 1869 710 1924; x_wconf 87' lang='lat' dir='ltr'><strong>volentem</strong></span> <span class='ocrx_word' id='word_1_127' title='bbox 743 1870 826 1923; x_wconf 89' lang='lat' dir='ltr'><strong>vel</strong></span> <span class='ocrx_word' id='word_1_128' title='bbox 852 1869 1099 1932; x_wconf 88' lang='lat' dir='ltr'><strong>invitum,</strong></span> <span class='ocrx_word' id='word_1_129' title='bbox 1136 1868 1492 1924; x_wconf 72' lang='lat' dir='ltr'><strong>smcnlaribus</strong></span> <span class='ocrx_word' id='word_1_130' title='bbox 1511 1869 1731 1937; x_wconf 90' lang='lat' dir='ltr'><strong>iudiciis</strong></span> <span class='ocrx_word' id='word_1_131' title='bbox 1756 1870 1875 1925; x_wconf 90' lang='lat' dir='ltr'><strong>sisti</strong></span> <span class='ocrx_word' id='word_1_132' title='bbox 1900 1884 2016 1924; x_wconf 80' lang='lat' dir='ltr'><strong>sus-</strong></span> 
     </span>
    </p>
   </div>
   <div class='ocr_carea' id='block_1_22' title="bbox 443 1958 2012 2030">
    <p class='ocr_par' dir='ltr' id='par_1_22' title="bbox 443 1958 2012 2030">
     <span class='ocr_line' id='line_1_22' title="bbox 443 1958 2012 2030; baseline 0.003 -15"><span class='ocrx_word' id='word_1_133' title='bbox 443 1961 700 2015; x_wconf 88' lang='lat' dir='ltr'><strong>tinemus.</strong></span> <span class='ocrx_word' id='word_1_134' title='bbox 758 1958 815 2013; x_wconf 89' lang='lat' dir='ltr'><strong>Si</strong></span> <span class='ocrx_word' id='word_1_135' title='bbox 867 1961 1011 2014; x_wconf 88' lang='lat' dir='ltr'><strong>enim</strong></span> <span class='ocrx_word' id='word_1_136' title='bbox 1072 1963 1196 2029; x_wconf 90' lang='lat' dir='ltr'><strong>quis</strong></span> <span class='ocrx_word' id='word_1_137' title='bbox 1245 1960 1478 2030; x_wconf 86' lang='lat' dir='ltr'><strong>aliquem</strong></span> <span class='ocrx_word' id='word_1_138' title='bbox 1516 1961 2012 2027; x_wconf 84' lang='lat' dir='ltr'><strong>ecclesiasticarum</strong></span> 
     </span>
    </p>
   </div>
   <div class='ocr_carea' id='block_1_23' title="bbox 441 2048 2015 2119">
    <p class='ocr_par' dir='ltr' id='par_1_23' title="bbox 441 2048 2015 2119">
     <span class='ocr_line' id='line_1_23' title="bbox 441 2048 2015 2119; baseline 0.001 -13"><span class='ocrx_word' id='word_1_139' title='bbox 441 2051 672 2106; x_wconf 88' lang='lat' dir='ltr'><strong>invitum</strong></span> <span class='ocrx_word' id='word_1_140' title='bbox 701 2051 767 2105; x_wconf 91' lang='lat' dir='ltr'><strong>ad</strong></span> <span class='ocrx_word' id='word_1_141' title='bbox 790 2048 1049 2104; x_wconf 84' lang='lat' dir='ltr'><strong>saeculare</strong></span> <span class='ocrx_word' id='word_1_142' title='bbox 1073 2050 1336 2119; x_wconf 85' lang='lat' dir='ltr'><strong>judicium</strong></span> <span class='ocrx_word' id='word_1_143' title='bbox 1363 2052 1562 2115; x_wconf 86' lang='lat' dir='ltr'><strong>trahat,</strong></span> <span class='ocrx_word' id='word_1_144' title='bbox 1587 2067 1616 2106; x_wconf 91' lang='lat' dir='ltr'><strong>a</strong></span> <span class='ocrx_word' id='word_1_145' title='bbox 1646 2064 1832 2108; x_wconf 74' lang='lat' dir='ltr'><strong>nosua</strong></span> <span class='ocrx_word' id='word_1_146' title='bbox 1865 2069 2015 2109; x_wconf 89' lang='lat' dir='ltr'><strong>sere-</strong></span> 
     </span>
    </p>
   </div>
   <div class='ocr_carea' id='block_1_24' title="bbox 441 2138 2016 2207">
    <p class='ocr_par' dir='ltr' id='par_1_24' title="bbox 441 2138 2016 2207">
     <span class='ocr_line' id='line_1_24' title="bbox 441 2138 2016 2207; baseline 0.004 -13"><span class='ocrx_word' id='word_1_147' title='bbox 441 2140 612 2194; x_wconf 88' lang='lat' dir='ltr'><strong>nitate</strong></span> <span class='ocrx_word' id='word_1_148' title='bbox 636 2147 1032 2207; x_wconf 87' lang='lat' dir='ltr'><strong>competentem</strong></span> <span class='ocrx_word' id='word_1_149' title='bbox 1062 2138 1350 2195; x_wconf 85' lang='lat' dir='ltr'><strong>sustinebit</strong></span> <span class='ocrx_word' id='word_1_150' title='bbox 1371 2139 1778 2197; x_wconf 85' lang='lat' dir='ltr'><strong>coercitionem.</strong></span> <span class='ocrx_word' id='word_1_151' title='bbox 1803 2139 1860 2197; x_wconf 83' lang='lat' dir='ltr'><strong>Si</strong></span> <span class='ocrx_word' id='word_1_152' title='bbox 1886 2157 2016 2200; x_wconf 90' lang='lat' dir='ltr'><strong>vero</strong></span> 
     </span>
    </p>
   </div>
   <div class='ocr_carea' id='block_1_25' title="bbox 441 2227 2017 2300">
    <p class='ocr_par' dir='ltr' id='par_1_25' title="bbox 441 2227 2017 2300">
     <span class='ocr_line' id='line_1_25' title="bbox 441 2227 2017 2300; baseline 0.004 -17"><span class='ocrx_word' id='word_1_153' title='bbox 441 2229 640 2300; x_wconf 83' lang='lat' dir='ltr'><strong>aliquis</strong></span> <span class='ocrx_word' id='word_1_154' title='bbox 668 2227 1012 2284; x_wconf 83' lang='lat' dir='ltr'><strong>sacerdotum</strong></span> <span class='ocrx_word' id='word_1_155' title='bbox 1050 2229 1296 2285; x_wconf 66' lang='lat' dir='ltr'><strong>saeculari</strong></span> <span class='ocrx_word' id='word_1_156' title='bbox 1343 2230 1549 2299; x_wconf 90' lang='lat' dir='ltr'><strong>indicio</strong></span> <span class='ocrx_word' id='word_1_157' title='bbox 1578 2247 1638 2289; x_wconf 89' lang='lat' dir='ltr'><strong>se</strong></span> <span class='ocrx_word' id='word_1_158' title='bbox 1675 2234 1893 2300; x_wconf 86' lang='lat' dir='ltr'><strong>stiterit,</strong></span> <span class='ocrx_word' id='word_1_159' title='bbox 1922 2244 2017 2290; x_wconf 87' lang='lat' dir='ltr'><strong>aut</strong></span> 
     </span>
    </p>
   </div>
   <div class='ocr_carea' id='block_1_26' title="bbox 441 2319 2015 2390">
    <p class='ocr_par' dir='ltr' id='par_1_26' title="bbox 441 2319 2015 2390">
     <span class='ocr_line' id='line_1_26' title="bbox 441 2319 2015 2390; baseline 0.003 -13"><span class='ocrx_word' id='word_1_160' title='bbox 441 2321 609 2377; x_wconf 90' lang='lat' dir='ltr'><strong>etiam</strong></span> <span class='ocrx_word' id='word_1_161' title='bbox 635 2320 783 2390; x_wconf 89' lang='lat' dir='ltr'><strong>prior</strong></span> <span class='ocrx_word' id='word_1_162' title='bbox 818 2319 932 2389; x_wconf 90' lang='lat' dir='ltr'><strong>ipse</strong></span> <span class='ocrx_word' id='word_1_163' title='bbox 958 2321 1283 2375; x_wconf 89' lang='lat' dir='ltr'><strong>sententiam</strong></span> <span class='ocrx_word' id='word_1_164' title='bbox 1312 2321 1421 2377; x_wconf 90' lang='lat' dir='ltr'><strong>illic</strong></span> <span class='ocrx_word' id='word_1_165' title='bbox 1457 2322 1616 2377; x_wconf 88' lang='lat' dir='ltr'><strong>latam</strong></span> <span class='ocrx_word' id='word_1_166' title='bbox 1645 2324 2015 2381; x_wconf 86' lang='lat' dir='ltr'><strong>ecclesiastico</strong></span> 
     </span>
    </p>
   </div>
   <div class='ocr_carea' id='block_1_27' title="bbox 444 2412 2014 2486">
    <p class='ocr_par' dir='ltr' id='par_1_27' title="bbox 444 2412 2014 2486">
     <span class='ocr_line' id='line_1_27' title="bbox 444 2412 2014 2486; baseline 0.002 -15"><span class='ocrx_word' id='word_1_167' title='bbox 444 2413 715 2471; x_wconf 89' lang='lat' dir='ltr'><strong>auditorio</strong></span> <span class='ocrx_word' id='word_1_168' title='bbox 751 2412 1078 2483; x_wconf 75' lang='lat' dir='ltr'><strong>prtetnlerit;</strong></span> <span class='ocrx_word' id='word_1_169' title='bbox 1143 2413 1359 2470; x_wconf 89' lang='lat' dir='ltr'><strong>tametsi</strong></span> <span class='ocrx_word' id='word_1_170' title='bbox 1407 2414 1509 2470; x_wconf 92' lang='lat' dir='ltr'><strong>sibi</strong></span> <span class='ocrx_word' id='word_1_171' title='bbox 1542 2418 1632 2486; x_wconf 86' lang='lat' dir='ltr'><strong>jus</strong></span> <span class='ocrx_word' id='word_1_172' title='bbox 1677 2416 1806 2474; x_wconf 89' lang='lat' dir='ltr'><strong>inde</strong></span> <span class='ocrx_word' id='word_1_173' title='bbox 1860 2419 2014 2474; x_wconf 83' lang='lat' dir='ltr'><strong>reddi</strong></span> 
     </span>
    </p>
   </div>
   <div class='ocr_carea' id='block_1_28' title="bbox 438 2503 2014 2575">
    <p class='ocr_par' dir='ltr' id='par_1_28' title="bbox 438 2503 2014 2575">
     <span class='ocr_line' id='line_1_28' title="bbox 438 2503 2014 2575; baseline 0.002 -16"><span class='ocrx_word' id='word_1_174' title='bbox 438 2511 615 2575; x_wconf 78' lang='lat' dir='ltr'><strong>putet,</strong></span> <span class='ocrx_word' id='word_1_175' title='bbox 658 2517 689 2557; x_wconf 89' lang='lat' dir='ltr'><strong>a</strong></span> <span class='ocrx_word' id='word_1_176' title='bbox 729 2503 901 2559; x_wconf 87' lang='lat' dir='ltr'><strong>sacris</strong></span> <span class='ocrx_word' id='word_1_177' title='bbox 927 2503 1227 2563; x_wconf 85' lang='lat' dir='ltr'><strong>canonibus</strong></span> <span class='ocrx_word' id='word_1_178' title='bbox 1266 2504 1658 2558; x_wconf 91' lang='lat' dir='ltr'><strong>condemnatur</strong></span> <span class='ocrx_word' id='word_1_179' title='bbox 1691 2520 1705 2557; x_wconf 89' lang='lat'><strong>:</strong></span> <span class='ocrx_word' id='word_1_180' title='bbox 1744 2505 1836 2561; x_wconf 89' lang='lat' dir='ltr'><strong>ubi</strong></span> <span class='ocrx_word' id='word_1_181' title='bbox 1870 2506 2014 2562; x_wconf 90' lang='lat' dir='ltr'><strong>enim</strong></span> 
     </span>
    </p>
   </div>
   <div class='ocr_carea' id='block_1_29' title="bbox 444 2593 2017 2667">
    <p class='ocr_par' dir='ltr' id='par_1_29' title="bbox 444 2593 2017 2667">
     <span class='ocr_line' id='line_1_29' title="bbox 444 2593 2017 2667; baseline 0.001 -16"><span class='ocrx_word' id='word_1_182' title='bbox 444 2596 639 2666; x_wconf 80' lang='lat' dir='ltr'><strong>dignus</strong></span> <span class='ocrx_word' id='word_1_183' title='bbox 663 2605 813 2652; x_wconf 83' lang='lat' dir='ltr'><strong>esset</strong></span> <span class='ocrx_word' id='word_1_184' title='bbox 860 2593 1119 2665; x_wconf 89' lang='lat' dir='ltr'><strong>consequi</strong></span> <span class='ocrx_word' id='word_1_185' title='bbox 1151 2608 1270 2663; x_wconf 68' lang='lat' dir='ltr'><strong>qua:</strong></span> <span class='ocrx_word' id='word_1_186' title='bbox 1296 2594 1587 2664; x_wconf 85' lang='lat' dir='ltr'><strong>desiderat,</strong></span> <span class='ocrx_word' id='word_1_187' title='bbox 1621 2597 1711 2667; x_wconf 93' lang='lat' dir='ltr'><strong>qui</strong></span> <span class='ocrx_word' id='word_1_188' title='bbox 1755 2598 1823 2654; x_wconf 87' lang='lat' dir='ltr'><strong>ab</strong></span> <span class='ocrx_word' id='word_1_189' title='bbox 1860 2598 2017 2653; x_wconf 91' lang='lat' dir='ltr'><strong>initio</strong></span> 
     </span>
    </p>
   </div>
   <div class='ocr_carea' id='block_1_30' title="bbox 450 2683 2018 2759">
    <p class='ocr_par' dir='ltr' id='par_1_30' title="bbox 450 2683 2018 2759">
     <span class='ocr_line' id='line_1_30' title="bbox 450 2683 2018 2759; baseline 0.003 -18"><span class='ocrx_word' id='word_1_190' title='bbox 450 2686 841 2742; x_wconf 72' lang='lat' dir='ltr'><strong>controversia:</strong></span> <span class='ocrx_word' id='word_1_191' title='bbox 870 2698 898 2739; x_wconf 90' lang='lat' dir='ltr'><strong>a</strong></span> <span class='ocrx_word' id='word_1_192' title='bbox 949 2683 1149 2740; x_wconf 79' lang='lat' dir='ltr'><strong>divinis</strong></span> <span class='ocrx_word' id='word_1_193' title='bbox 1187 2683 1421 2740; x_wconf 87' lang='lat' dir='ltr'><strong>decretis</strong></span> <span class='ocrx_word' id='word_1_194' title='bbox 1462 2687 1784 2743; x_wconf 89' lang='lat' dir='ltr'><strong>contumelia</strong></span> <span class='ocrx_word' id='word_1_195' title='bbox 1823 2690 2018 2759; x_wconf 83' lang='lat' dir='ltr'><strong>dignus</strong></span> 
     </span>
    </p>
   </div>
   <div class='ocr_carea' id='block_1_31' title="bbox 439 2774 825 2845">
    <p class='ocr_par' dir='ltr' id='par_1_31' title="bbox 439 2774 825 2845">
     <span class='ocr_line' id='line_1_31' title="bbox 439 2774 825 2845; baseline 0 -16"><span class='ocrx_word' id='word_1_196' title='bbox 439 2774 710 2845; x_wconf 79' lang='lat' dir='ltr'><strong>indicatus</strong></span> <span class='ocrx_word' id='word_1_197' title='bbox 735 2776 825 2830; x_wconf 89' lang='lat' dir='ltr'><strong>sit.</strong></span> 
     </span>
    </p>
   </div>
   <div class='ocr_carea' id='block_1_32' title="bbox 517 2866 2017 2944">
    <p class='ocr_par' dir='ltr' id='par_1_32' title="bbox 517 2866 2017 2944">
     <span class='ocr_line' id='line_1_32' title="bbox 517 2866 2017 2944; baseline 0.006 -22"><span class='ocrx_word' id='word_1_198' title='bbox 517 2866 608 2922; x_wconf 74' lang='grc'><strong>12.</strong></span> <span class='ocrx_word' id='word_1_199' title='bbox 637 2866 1052 2924; x_wconf 80' lang='lat' dir='ltr'><strong>Amantissimos</strong></span> <span class='ocrx_word' id='word_1_200' title='bbox 1086 2867 1201 2925; x_wconf 89' lang='lat' dir='ltr'><strong>Deo</strong></span> <span class='ocrx_word' id='word_1_201' title='bbox 1222 2870 1506 2942; x_wconf 90' lang='lat' dir='ltr'><strong>episcopos</strong></span> <span class='ocrx_word' id='word_1_202' title='bbox 1535 2887 1694 2929; x_wconf 89' lang='lat' dir='ltr'><strong>nemo</strong></span> <span class='ocrx_word' id='word_1_203' title='bbox 1727 2874 2017 2944; x_wconf 72' lang='lat' dir='ltr'><strong>przesidum</strong></span> 
     </span>
    </p>
   </div>
   <div class='ocr_carea' id='block_1_33' title="bbox 442 2958 2012 3031">
    <p class='ocr_par' dir='ltr' id='par_1_33' title="bbox 442 2958 2012 3031">
     <span class='ocr_line' id='line_1_33' title="bbox 442 2958 2012 3031; baseline 0.004 -15"><span class='ocrx_word' id='word_1_204' title='bbox 442 2969 606 3031; x_wconf 74' lang='lat' dir='ltr'><strong>cogat</strong></span> <span class='ocrx_word' id='word_1_205' title='bbox 649 2959 716 3015; x_wconf 89' lang='lat' dir='ltr'><strong>ad</strong></span> <span class='ocrx_word' id='word_1_206' title='bbox 746 2958 1008 3031; x_wconf 89' lang='lat' dir='ltr'><strong>indicium</strong></span> <span class='ocrx_word' id='word_1_207' title='bbox 1053 2962 1261 3029; x_wconf 88' lang='lat' dir='ltr'><strong>venire,</strong></span> <span class='ocrx_word' id='word_1_208' title='bbox 1291 2974 1351 3018; x_wconf 90' lang='lat' dir='ltr'><strong>ut</strong></span> <span class='ocrx_word' id='word_1_209' title='bbox 1379 2963 1746 3021; x_wconf 88' lang='lat' dir='ltr'><strong>testimonium</strong></span> <span class='ocrx_word' id='word_1_210' title='bbox 1788 2969 2012 3024; x_wconf 81' lang='lat' dir='ltr'><strong>dicunt:</strong></span> 
     </span>
    </p>
   </div>
   <div class='ocr_carea' id='block_1_34' title="bbox 442 3050 2016 3131">
    <p class='ocr_par' dir='ltr' id='par_1_34' title="bbox 442 3050 2016 3131">
     <span class='ocr_line' id='line_1_34' title="bbox 442 3050 2016 3131; baseline 0.006 -24"><span class='ocrx_word' id='word_1_211' title='bbox 442 3050 545 3108; x_wconf 70' lang='lat' dir='ltr'><strong>sed</strong></span> <span class='ocrx_word' id='word_1_212' title='bbox 569 3050 740 3119; x_wconf 83' lang='lat' dir='ltr'><strong>iudex</strong></span> <span class='ocrx_word' id='word_1_213' title='bbox 775 3052 956 3108; x_wconf 87' lang='lat' dir='ltr'><strong>mittat</strong></span> <span class='ocrx_word' id='word_1_214' title='bbox 999 3052 1066 3108; x_wconf 89' lang='lat' dir='ltr'><strong>ad</strong></span> <span class='ocrx_word' id='word_1_215' title='bbox 1109 3053 1255 3123; x_wconf 90' lang='lat' dir='ltr'><strong>ipsos</strong></span> <span class='ocrx_word' id='word_1_216' title='bbox 1301 3055 1509 3127; x_wconf 90' lang='lat' dir='ltr'><strong>aliquos</strong></span> <span class='ocrx_word' id='word_1_217' title='bbox 1538 3070 1606 3113; x_wconf 78' lang='lat' dir='ltr'><strong>ex</strong></span> <span class='ocrx_word' id='word_1_218' title='bbox 1648 3060 1896 3129; x_wconf 85' lang='lat' dir='ltr'><strong>personis</strong></span> <span class='ocrx_word' id='word_1_219' title='bbox 1924 3062 2016 3131; x_wconf 92' lang='lat' dir='ltr'><strong>qui</strong></span> 
     </span>
    </p>
   </div>
   <div class='ocr_carea' id='block_1_35' title="bbox 447 3141 2014 3217">
    <p class='ocr_par' dir='ltr' id='par_1_35' title="bbox 447 3141 2014 3217">
     <span class='ocr_line' id='line_1_35' title="bbox 447 3141 2014 3217; baseline 0.006 -20"><span class='ocrx_word' id='word_1_220' title='bbox 447 3142 504 3197; x_wconf 80' lang='lat' dir='ltr'><strong>in</strong></span> <span class='ocrx_word' id='word_1_221' title='bbox 522 3141 689 3212; x_wconf 87' lang='lat' dir='ltr'><strong>ipsius</strong></span> <span class='ocrx_word' id='word_1_222' title='bbox 710 3142 1010 3200; x_wconf 86' lang='lat' dir='ltr'><strong>ministerio</strong></span> <span class='ocrx_word' id='word_1_223' title='bbox 1035 3153 1182 3211; x_wconf 91' lang='lat' dir='ltr'><strong>sunt,</strong></span> <span class='ocrx_word' id='word_1_224' title='bbox 1210 3153 1288 3213; x_wconf 93' lang='lat' dir='ltr'><strong>ut,</strong></span> <span class='ocrx_word' id='word_1_225' title='bbox 1310 3155 1474 3216; x_wconf 90' lang='lat' dir='ltr'><strong>prout</strong></span> <span class='ocrx_word' id='word_1_226' title='bbox 1504 3150 1818 3207; x_wconf 85' lang='lat' dir='ltr'><strong>sacerdotes</strong></span> <span class='ocrx_word' id='word_1_227' title='bbox 1840 3154 2014 3217; x_wconf 85' lang='lat' dir='ltr'><strong>decet,</strong></span> 
     </span>
    </p>
   </div>
   <div class='ocr_carea' id='block_1_36' title="bbox 447 3230 1446 3307">
    <p class='ocr_par' dir='ltr' id='par_1_36' title="bbox 447 3230 1446 3307">
     <span class='ocr_line' id='line_1_36' title="bbox 447 3230 1446 3307; baseline 0.008 -20"><span class='ocrx_word' id='word_1_228' title='bbox 447 3247 630 3290; x_wconf 89' lang='lat' dir='ltr'><strong>coram</strong></span> <span class='ocrx_word' id='word_1_229' title='bbox 663 3230 774 3290; x_wconf 89' lang='lat' dir='ltr'><strong>Deo</strong></span> <span class='ocrx_word' id='word_1_230' title='bbox 809 3235 990 3292; x_wconf 89' lang='lat' dir='ltr'><strong>dicant</strong></span> <span class='ocrx_word' id='word_1_231' title='bbox 1021 3250 1141 3307; x_wconf 68' lang='lat' dir='ltr'><strong>qua:</strong></span> <span class='ocrx_word' id='word_1_232' title='bbox 1163 3248 1446 3295; x_wconf 88' lang='lat' dir='ltr'><strong>noverunt.</strong></span> 
     </span>
    </p>
   </div>
   <div class='ocr_carea' id='block_1_37' title="bbox 518 3415 2019 3493">
    <p class='ocr_par' dir='ltr' id='par_1_37' title="bbox 518 3415 2019 3493">
     <span class='ocr_line' id='line_1_37' title="bbox 518 3415 2019 3493; baseline 0.005 -22"><span class='ocrx_word' id='word_1_233' title='bbox 518 3418 609 3473; x_wconf 73' lang='lat' dir='ltr'><strong>l3.</strong></span> <span class='ocrx_word' id='word_1_234' title='bbox 661 3415 1087 3473; x_wconf 86' lang='lat' dir='ltr'><strong>Amantissimos</strong></span> <span class='ocrx_word' id='word_1_235' title='bbox 1129 3416 1240 3473; x_wconf 89' lang='lat' dir='ltr'><strong>Deo</strong></span> <span class='ocrx_word' id='word_1_236' title='bbox 1268 3418 1555 3491; x_wconf 89' lang='lat' dir='ltr'><strong>episcopos</strong></span> <span class='ocrx_word' id='word_1_237' title='bbox 1585 3420 1638 3475; x_wconf 92' lang='lat' dir='ltr'><strong>in</strong></span> <span class='ocrx_word' id='word_1_238' title='bbox 1669 3421 1814 3477; x_wconf 89' lang='lat' dir='ltr'><strong>nulla</strong></span> <span class='ocrx_word' id='word_1_239' title='bbox 1851 3438 2019 3493; x_wconf 83' lang='lat' dir='ltr'><strong>pecu-</strong></span> 
     </span>
    </p>
   </div>
   <div class='ocr_carea' id='block_1_38' title="bbox 449 3506 2018 3580">
    <p class='ocr_par' dir='ltr' id='par_1_38' title="bbox 449 3506 2018 3580">
     <span class='ocr_line' id='line_1_38' title="bbox 449 3506 2018 3580; baseline 0.007 -17"><span class='ocrx_word' id='word_1_240' title='bbox 449 3509 626 3564; x_wconf 78' lang='lat' dir='ltr'><strong>niaria</strong></span> <span class='ocrx_word' id='word_1_241' title='bbox 686 3522 849 3563; x_wconf 86' lang='lat' dir='ltr'><strong>causa</strong></span> <span class='ocrx_word' id='word_1_242' title='bbox 898 3506 967 3561; x_wconf 89' lang='lat' dir='ltr'><strong>ad</strong></span> <span class='ocrx_word' id='word_1_243' title='bbox 1005 3508 1216 3564; x_wconf 85' lang='lat' dir='ltr'><strong>civilem</strong></span> <span class='ocrx_word' id='word_1_244' title='bbox 1262 3511 1550 3580; x_wconf 66' lang='lat' dir='ltr'><strong>praesidem</strong></span> <span class='ocrx_word' id='word_1_245' title='bbox 1590 3525 1683 3569; x_wconf 89' lang='lat' dir='ltr'><strong>aut</strong></span> <span class='ocrx_word' id='word_1_246' title='bbox 1730 3516 2018 3573; x_wconf 90' lang='lat' dir='ltr'><strong>militarem</strong></span> 
     </span>
    </p>
   </div>
   <div class='ocr_carea' id='block_1_39' title="bbox 448 3596 2020 3671">
    <p class='ocr_par' dir='ltr' id='par_1_39' title="bbox 448 3596 2020 3671">
     <span class='ocr_line' id='line_1_39' title="bbox 448 3596 2020 3671; baseline 0.006 -17"><span class='ocrx_word' id='word_1_247' title='bbox 448 3598 654 3654; x_wconf 88' lang='lat' dir='ltr'><strong>invitos</strong></span> <span class='ocrx_word' id='word_1_248' title='bbox 696 3597 881 3653; x_wconf 88' lang='lat' dir='ltr'><strong>venire</strong></span> <span class='ocrx_word' id='word_1_249' title='bbox 908 3596 1189 3668; x_wconf 89' lang='lat' dir='ltr'><strong>principali</strong></span> <span class='ocrx_word' id='word_1_250' title='bbox 1230 3601 1478 3671; x_wconf 83' lang='lat' dir='ltr'><strong>iussione</strong></span> <span class='ocrx_word' id='word_1_251' title='bbox 1507 3606 1873 3662; x_wconf 86' lang='lat' dir='ltr'><strong>concedimus.</strong></span> <span class='ocrx_word' id='word_1_252' title='bbox 1915 3606 2020 3664; x_wconf 89' lang='lat' dir='ltr'><strong>Sed</strong></span> 
     </span>
    </p>
   </div>
   <div class='ocr_carea' id='block_1_40' title="bbox 447 3691 2020 3768">
    <p class='ocr_par' dir='ltr' id='par_1_40' title="bbox 447 3691 2020 3768">
     <span class='ocr_line' id='line_1_40' title="bbox 447 3691 2020 3768; baseline 0.004 -21"><span class='ocrx_word' id='word_1_253' title='bbox 447 3691 733 3763; x_wconf 67' lang='lat' dir='ltr'><strong>prasidem</strong></span> <span class='ocrx_word' id='word_1_254' title='bbox 773 3693 864 3762; x_wconf 89' lang='lat' dir='ltr'><strong>qui</strong></span> <span class='ocrx_word' id='word_1_255' title='bbox 909 3693 963 3748; x_wconf 90' lang='lat' dir='ltr'><strong>id</strong></span> <span class='ocrx_word' id='word_1_256' title='bbox 1005 3694 1089 3749; x_wconf 84' lang='lat' dir='ltr'><strong>vel</strong></span> <span class='ocrx_word' id='word_1_257' title='bbox 1114 3696 1315 3766; x_wconf 87' lang='lat' dir='ltr'><strong>scripto</strong></span> <span class='ocrx_word' id='word_1_258' title='bbox 1357 3696 1442 3752; x_wconf 92' lang='lat' dir='ltr'><strong>vel</strong></span> <span class='ocrx_word' id='word_1_259' title='bbox 1475 3698 1597 3753; x_wconf 88' lang='lat' dir='ltr'><strong>sine</strong></span> <span class='ocrx_word' id='word_1_260' title='bbox 1629 3698 1835 3768; x_wconf 89' lang='lat' dir='ltr'><strong>scripto</strong></span> <span class='ocrx_word' id='word_1_261' title='bbox 1866 3714 2020 3753; x_wconf 91' lang='lat' dir='ltr'><strong>man-</strong></span> 
     </span>
    </p>
   </div>
   <div class='ocr_carea' id='block_1_41' title="bbox 448 3785 2023 3862">
    <p class='ocr_par' dir='ltr' id='par_1_41' title="bbox 448 3785 2023 3862">
     <span class='ocr_line' id='line_1_41' title="bbox 448 3785 2023 3862; baseline 0.005 -23"><span class='ocrx_word' id='word_1_262' title='bbox 448 3785 583 3839; x_wconf 85' lang='lat' dir='ltr'><strong>dare</strong></span> <span class='ocrx_word' id='word_1_263' title='bbox 609 3798 775 3840; x_wconf 88' lang='lat' dir='ltr'><strong>ausus</strong></span> <span class='ocrx_word' id='word_1_264' title='bbox 801 3785 967 3840; x_wconf 77' lang='lat' dir='ltr'><strong>fuerit</strong></span> <span class='ocrx_word' id='word_1_265' title='bbox 992 3796 1115 3855; x_wconf 91' lang='lat' dir='ltr'><strong>post</strong></span> <span class='ocrx_word' id='word_1_266' title='bbox 1154 3787 1353 3858; x_wconf 81' lang='lat' dir='ltr'><strong>cinguli</strong></span> <span class='ocrx_word' id='word_1_267' title='bbox 1388 3798 1483 3844; x_wconf 87' lang='lat' dir='ltr'><strong>aut</strong></span> <span class='ocrx_word' id='word_1_268' title='bbox 1523 3788 1800 3860; x_wconf 78' lang='lat' dir='ltr'><strong>dignitatis</strong></span> <span class='ocrx_word' id='word_1_269' title='bbox 1834 3791 2023 3862; x_wconf 88' lang='lat' dir='ltr'><strong>utique</strong></span> 
     </span>
    </p>
   </div>
   <div class='ocr_carea' id='block_1_42' title="bbox 446 3875 2022 3954">
    <p class='ocr_par' dir='ltr' id='par_1_42' title="bbox 446 3875 2022 3954">
     <span class='ocr_line' id='line_1_42' title="bbox 446 3875 2022 3954; baseline 0.005 -24"><span class='ocrx_word' id='word_1_270' title='bbox 446 3875 803 3946; x_wconf 86' lang='lat' dir='ltr'><strong>privationem</strong></span> <span class='ocrx_word' id='word_1_271' title='bbox 837 3876 1027 3948; x_wconf 73' lang='lat' dir='ltr'><strong>viginti</strong></span> <span class='ocrx_word' id='word_1_272' title='bbox 1069 3878 1186 3932; x_wconf 86' lang='lat' dir='ltr'><strong>auri</strong></span> <span class='ocrx_word' id='word_1_273' title='bbox 1226 3879 1443 3936; x_wconf 88' lang='lat' dir='ltr'><strong>multari</strong></span> <span class='ocrx_word' id='word_1_274' title='bbox 1485 3880 1764 3952; x_wconf 86' lang='lat' dir='ltr'><strong>iubemus,</strong></span> <span class='ocrx_word' id='word_1_275' title='bbox 1794 3882 2022 3954; x_wconf 86' lang='lat' dir='ltr'><strong>darique</strong></span> 
     </span>
    </p>
   </div>
   <div class='ocr_carea' id='block_1_43' title="bbox 447 3967 2021 4044">
    <p class='ocr_par' dir='ltr' id='par_1_43' title="bbox 447 3967 2021 4044">
     <span class='ocr_line' id='line_1_43' title="bbox 447 3967 2021 4044; baseline 0.006 -22"><span class='ocrx_word' id='word_1_276' title='bbox 447 3981 542 4023; x_wconf 86' lang='lat' dir='ltr'><strong>eas</strong></span> <span class='ocrx_word' id='word_1_277' title='bbox 570 3967 846 4036; x_wconf 68' lang='lat' dir='ltr'><strong>Ecclesiae,</strong></span> <span class='ocrx_word' id='word_1_278' title='bbox 871 3968 1025 4039; x_wconf 87' lang='lat' dir='ltr'><strong>cujus</strong></span> <span class='ocrx_word' id='word_1_279' title='bbox 1059 3971 1344 4044; x_wconf 86' lang='lat' dir='ltr'><strong>episcopus</strong></span> <span class='ocrx_word' id='word_1_280' title='bbox 1377 3973 1443 4029; x_wconf 86' lang='lat' dir='ltr'><strong>ad</strong></span> <span class='ocrx_word' id='word_1_281' title='bbox 1477 3974 1649 4043; x_wconf 85' lang='lat' dir='ltr'><strong>ipsum</strong></span> <span class='ocrx_word' id='word_1_282' title='bbox 1678 3975 1865 4031; x_wconf 89' lang='lat' dir='ltr'><strong>venire</strong></span> <span class='ocrx_word' id='word_1_283' title='bbox 1896 3990 2021 4030; x_wconf 88' lang='lat' dir='ltr'><strong>coa-</strong></span> 
     </span>
    </p>
   </div>
   <div class='ocr_carea' id='block_1_44' title="bbox 449 4057 726 4114">
    <p class='ocr_par' dir='ltr' id='par_1_44' title="bbox 449 4057 726 4114">
     <span class='ocr_line' id='line_1_44' title="bbox 449 4057 726 4114; baseline -0.004 -1"><span class='ocrx_word' id='word_1_284' title='bbox 449 4065 570 4114; x_wconf 85' lang='lat' dir='ltr'><strong>ctus</strong></span> <span class='ocrx_word' id='word_1_285' title='bbox 607 4057 726 4113; x_wconf 77' lang='lat' dir='ltr'><strong>fuit.</strong></span> 
     </span>
    </p>
   </div>
   <div class='ocr_carea' id='block_1_45' title="bbox 523 4241 2024 4320">
    <p class='ocr_par' dir='ltr' id='par_1_45' title="bbox 523 4241 2024 4320">
     <span class='ocr_line' id='line_1_45' title="bbox 523 4241 2024 4320; baseline 0.007 -24"><span class='ocrx_word' id='word_1_286' title='bbox 523 4241 613 4297; x_wconf 71' lang='lat' dir='ltr'><strong>ﬂ.</strong></span> <span class='ocrx_word' id='word_1_287' title='bbox 643 4242 1061 4299; x_wconf 82' lang='lat' dir='ltr'><strong>Accusationem</strong></span> <span class='ocrx_word' id='word_1_288' title='bbox 1090 4245 1390 4302; x_wconf 85' lang='lat' dir='ltr'><strong>sacerdotis</strong></span> <span class='ocrx_word' id='word_1_289' title='bbox 1420 4261 1576 4303; x_wconf 92' lang='lat' dir='ltr'><strong>nemo</strong></span> <span class='ocrx_word' id='word_1_290' title='bbox 1600 4247 1858 4304; x_wconf 81' lang='lat' dir='ltr'><strong>laicorutn</strong></span> <span class='ocrx_word' id='word_1_291' title='bbox 1888 4266 2024 4320; x_wconf 84' lang='lat' dir='ltr'><strong>prae-</strong></span> 
     </span>
    </p>
   </div>
   <div class='ocr_carea' id='block_1_46' title="bbox 2040 3005 2087 3069">
    <p class='ocr_par' dir='ltr' id='par_1_46' title="bbox 2040 3005 2087 3069">
     <span class='ocr_line' id='line_1_46' title="bbox 2040 3005 2087 3069; baseline 0 0"><span class='ocrx_word' id='word_1_292' title='bbox 2040 3005 2087 3069; x_wconf 90' lang='lat' dir='ltr'>C</span> 
     </span>
    </p>
   </div>
   <div class='ocr_carea' id='block_1_47' title="bbox 2109 410 3693 483">
    <p class='ocr_par' dir='ltr' id='par_1_47' title="bbox 2109 410 3693 483">
     <span class='ocr_line' id='line_1_47' title="bbox 2109 410 3693 483; baseline 0.003 -18"><span class='ocrx_word' id='word_1_293' title='bbox 2109 413 2241 483; x_wconf 88' lang='grc' dir='ltr'>παρ’</span> <span class='ocrx_word' id='word_1_294' title='bbox 2272 411 2474 480; x_wconf 81' lang='grc' dir='ltr'>ἐτέρων</span> <span class='ocrx_word' id='word_1_295' title='bbox 2531 413 2778 480; x_wconf 82' lang='grc' dir='ltr'><strong>ἄγονται,</strong></span> <span class='ocrx_word' id='word_1_296' title='bbox 2826 411 2933 463; x_wconf 77' lang='grc' dir='ltr'>εἴτε</span> <span class='ocrx_word' id='word_1_297' title='bbox 2966 412 3062 463; x_wconf 73' lang='grc' dir='ltr'><strong>καὶ</strong></span> <span class='ocrx_word' id='word_1_298' title='bbox 3110 410 3233 464; x_wconf 82' lang='grc' dir='ltr'>καθ’</span> <span class='ocrx_word' id='word_1_299' title='bbox 3283 412 3488 481; x_wconf 80' lang='grc' dir='ltr'>ἐτέρων</span> <span class='ocrx_word' id='word_1_300' title='bbox 3538 416 3693 470; x_wconf 76' lang='grc' dir='ltr'><strong>αὐτοὶ</strong></span> 
     </span>
    </p>
   </div>
   <div class='ocr_carea' id='block_1_48' title="bbox 2104 497 3692 572">
    <p class='ocr_par' dir='ltr' id='par_1_48' title="bbox 2104 497 3692 572">
     <span class='ocr_line' id='line_1_48' title="bbox 2104 497 3692 572; baseline 0.003 -19"><span class='ocrx_word' id='word_1_301' title='bbox 2104 502 2273 553; x_wconf 82' lang='grc' dir='ltr'><strong>κινεῖν</strong></span> <span class='ocrx_word' id='word_1_302' title='bbox 2302 500 2606 571; x_wconf 78' lang='grc' dir='ltr'>βούλονται,</span> <span class='ocrx_word' id='word_1_303' title='bbox 2642 500 2736 551; x_wconf 73' lang='grc' dir='ltr'><strong>καὶ</strong></span> <span class='ocrx_word' id='word_1_304' title='bbox 2765 499 2924 552; x_wconf 76' lang='grc' dir='ltr'>τοῦτο</span> <span class='ocrx_word' id='word_1_305' title='bbox 2953 497 3010 552; x_wconf 83' lang='grc' dir='ltr'>δὲ</span> <span class='ocrx_word' id='word_1_306' title='bbox 3036 498 3224 563; x_wconf 80' lang='grc' dir='ltr'>αὐτοῖς</span> <span class='ocrx_word' id='word_1_307' title='bbox 3250 499 3609 572; x_wconf 74' lang='grc' dir='ltr'><strong>ἀφορίζομεν,</strong></span> <span class='ocrx_word' id='word_1_308' title='bbox 3629 505 3692 558; x_wconf 79' lang='grc' dir='ltr'>τὸ</span> 
     </span>
    </p>
   </div>
   <div class='ocr_carea' id='block_1_49' title="bbox 2109 589 3691 664">
    <p class='ocr_par' dir='ltr' id='par_1_49' title="bbox 2109 589 3691 664">
     <span class='ocr_line' id='line_1_49' title="bbox 2109 589 3691 664; baseline 0.005 -21"><span class='ocrx_word' id='word_1_309' title='bbox 2109 593 2245 662; x_wconf 80' lang='grc' dir='ltr'>μήτε</span> <span class='ocrx_word' id='word_1_310' title='bbox 2281 591 2656 660; x_wconf 86' lang='grc' dir='ltr'>συγκαθῆσθαι</span> <span class='ocrx_word' id='word_1_311' title='bbox 2682 592 2796 655; x_wconf 77' lang='grc' dir='ltr'>τοῖς</span> <span class='ocrx_word' id='word_1_312' title='bbox 2834 589 3151 655; x_wconf 79' lang='grc' dir='ltr'><strong>δικάζουσιν</strong></span> <span class='ocrx_word' id='word_1_313' title='bbox 3205 592 3489 663; x_wconf 82' lang='grc' dir='ltr'>ἄρχουσιν,</span> <span class='ocrx_word' id='word_1_314' title='bbox 3526 596 3691 664; x_wconf 83' lang='grc' dir='ltr'>ἡνίκα</span> 
     </span>
    </p>
   </div>
   <div class='ocr_carea' id='block_1_50' title="bbox 2104 681 3688 757">
    <p class='ocr_par' dir='ltr' id='par_1_50' title="bbox 2104 681 3688 757">
     <span class='ocr_line' id='line_1_50' title="bbox 2104 681 3688 757; baseline 0.004 -23"><span class='ocrx_word' id='word_1_315' title='bbox 2104 683 2138 752; x_wconf 81' lang='grc' dir='ltr'>ὴ</span> <span class='ocrx_word' id='word_1_316' title='bbox 2199 682 2381 735; x_wconf 79' lang='grc' dir='ltr'>αὐτῶν</span> <span class='ocrx_word' id='word_1_317' title='bbox 2437 682 2752 747; x_wconf 71' lang='grc' dir='ltr'><strong>ἐξετάζεται</strong></span> <span class='ocrx_word' id='word_1_318' title='bbox 2823 681 2973 751; x_wconf 86' lang='grc' dir='ltr'>δίκη,</span> <span class='ocrx_word' id='word_1_319' title='bbox 3018 682 3156 735; x_wconf 82' lang='grc' dir='ltr'>ἀλλὰ</span> <span class='ocrx_word' id='word_1_320' title='bbox 3176 684 3315 753; x_wconf 83' lang='grc' dir='ltr'>μηδὲ</span> <span class='ocrx_word' id='word_1_321' title='bbox 3347 688 3688 757; x_wconf 69' lang='grc' dir='ltr'>παρεστάναι</span> 
     </span>
    </p>
   </div>
   <div class='ocr_carea' id='block_1_51' title="bbox 2106 771 3685 852">
    <p class='ocr_par' dir='ltr' id='par_1_51' title="bbox 2106 771 3685 852">
     <span class='ocr_line' id='line_1_51' title="bbox 2106 771 3685 852; baseline 0.006 -27"><span class='ocrx_word' id='word_1_322' title='bbox 2106 772 2269 826; x_wconf 82' lang='grc' dir='ltr'>πάλιν</span> <span class='ocrx_word' id='word_1_323' title='bbox 2291 787 2304 802; x_wconf 83' lang='grc'><em>’</em></span> <span class='ocrx_word' id='word_1_324' title='bbox 2334 771 2678 843; x_wconf 83' lang='grc' dir='ltr'>ἑκατέρωθεν</span> <span class='ocrx_word' id='word_1_325' title='bbox 2704 772 2814 842; x_wconf 85' lang='grc' dir='ltr'><strong>γάρ</strong></span> <span class='ocrx_word' id='word_1_326' title='bbox 2844 772 2905 825; x_wconf 80' lang='grc' dir='ltr'>τὸ</span> <span class='ocrx_word' id='word_1_327' title='bbox 2931 774 3166 844; x_wconf 80' lang='grc' dir='ltr'>πρᾶγμά</span> <span class='ocrx_word' id='word_1_328' title='bbox 3194 776 3343 828; x_wconf 75' lang='grc' dir='ltr'>ἐστιν</span> <span class='ocrx_word' id='word_1_329' title='bbox 3362 776 3685 852; x_wconf 80' lang='grc' dir='ltr'>ἐπισφαλές.</span> 
     </span>
    </p>
   </div>
   <div class='ocr_carea' id='block_1_52' title="bbox 2107 862 3690 939">
    <p class='ocr_par' dir='ltr' id='par_1_52' title="bbox 2107 862 3690 939">
     <span class='ocr_line' id='line_1_52' title="bbox 2107 862 3690 939; baseline 0.004 -23"><span class='ocrx_word' id='word_1_330' title='bbox 2107 862 2206 916; x_wconf 72' lang='grc' dir='ltr'><strong>Διὰ</strong></span> <span class='ocrx_word' id='word_1_331' title='bbox 2228 862 2325 934; x_wconf 84' lang='grc' dir='ltr'>μὲν</span> <span class='ocrx_word' id='word_1_332' title='bbox 2352 862 2461 932; x_wconf 77' lang='grc' dir='ltr'><strong>γάρ</strong></span> <span class='ocrx_word' id='word_1_333' title='bbox 2478 863 2731 934; x_wconf 81' lang='grc' dir='ltr'><strong>θατέρου,</strong></span> <span class='ocrx_word' id='word_1_334' title='bbox 2752 863 2814 916; x_wconf 84' lang='grc' dir='ltr'>τὸ</span> <span class='ocrx_word' id='word_1_335' title='bbox 2846 863 3049 934; x_wconf 64' lang='grc' dir='ltr'>ὑψηλὸν</span> <span class='ocrx_word' id='word_1_336' title='bbox 3077 864 3300 935; x_wconf 80' lang='grc' dir='ltr'>ἀξίωμα</span> <span class='ocrx_word' id='word_1_337' title='bbox 3321 867 3690 939; x_wconf 73' lang='grc' dir='ltr'>ἐνυϐρίζεται,</span> 
     </span>
    </p>
   </div>
   <div class='ocr_carea' id='block_1_53' title="bbox 2106 936 3689 1030">
    <p class='ocr_par' dir='ltr' id='par_1_53' title="bbox 2106 936 3689 1030">
     <span class='ocr_line' id='line_1_53' title="bbox 2106 936 3689 1030; baseline 0.004 -22"><span class='ocrx_word' id='word_1_338' title='bbox 2106 954 2199 1008; x_wconf 78' lang='grc' dir='ltr'>διὰ.</span> <span class='ocrx_word' id='word_1_339' title='bbox 2221 954 2277 1008; x_wconf 80' lang='grc' dir='ltr'><strong>δὲ</strong></span> <span class='ocrx_word' id='word_1_340' title='bbox 2323 953 2418 1008; x_wconf 84' lang='grc' dir='ltr'>τοῦ</span> <span class='ocrx_word' id='word_1_341' title='bbox 2465 955 2679 1026; x_wconf 78' lang='grc' dir='ltr'>ἑτέρου,</span> <span class='ocrx_word' id='word_1_342' title='bbox 2716 954 2778 1008; x_wconf 85' lang='grc' dir='ltr'><strong>τὸ</strong></span> <span class='ocrx_word' id='word_1_343' title='bbox 2812 955 3164 1028; x_wconf 83' lang='grc' dir='ltr'>δικαστήριον</span> <span class='ocrx_word' id='word_1_344' title='bbox 3189 960 3269 1021; x_wconf 85' lang='grc' dir='ltr'><strong>είς</strong></span> <span class='ocrx_word' id='word_1_345' title='bbox 3299 936 3689 1030; x_wconf 72' lang='grc' dir='ltr'>ἀσχημοσύνην</span> 
     </span>
    </p>
   </div>
   <div class='ocr_carea' id='block_1_54' title="bbox 2110 1043 3689 1120">
    <p class='ocr_par' dir='ltr' id='par_1_54' title="bbox 2110 1043 3689 1120">
     <span class='ocr_line' id='line_1_54' title="bbox 2110 1043 3689 1120; baseline 0.004 -23"><span class='ocrx_word' id='word_1_346' title='bbox 2110 1043 2429 1114; x_wconf 80' lang='grc' dir='ltr'>ἀνισότητος</span> <span class='ocrx_word' id='word_1_347' title='bbox 2479 1044 2863 1115; x_wconf 88' lang='grc' dir='ltr'>περιίσταται,</span> <span class='ocrx_word' id='word_1_348' title='bbox 2895 1044 2986 1098; x_wconf 83' lang='grc' dir='ltr'>τοῦ</span> <span class='ocrx_word' id='word_1_349' title='bbox 3043 1046 3142 1117; x_wconf 85' lang='grc' dir='ltr'><strong>μὲν</strong></span> <span class='ocrx_word' id='word_1_350' title='bbox 3183 1048 3292 1101; x_wconf 88' lang='grc' dir='ltr'><strong>τῶν</strong></span> <span class='ocrx_word' id='word_1_351' title='bbox 3316 1047 3689 1120; x_wconf 77' lang='grc' dir='ltr'>δικαζομένων</span> 
     </span>
    </p>
   </div>
   <div class='ocr_carea' id='block_1_55' title="bbox 2109 1133 3712 1211">
    <p class='ocr_par' dir='ltr' id='par_1_55' title="bbox 2109 1133 3712 1211">
     <span class='ocr_line' id='line_1_55' title="bbox 2109 1133 3712 1211; baseline 0.002 -20"><span class='ocrx_word' id='word_1_352' title='bbox 2109 1138 2485 1209; x_wconf 79' lang='grc' dir='ltr'>παρεστῶτος,</span> <span class='ocrx_word' id='word_1_353' title='bbox 2513 1136 2608 1191; x_wconf 82' lang='grc' dir='ltr'>τοῦ</span> <span class='ocrx_word' id='word_1_354' title='bbox 2634 1136 2690 1192; x_wconf 84' lang='grc' dir='ltr'>δὲ</span> <span class='ocrx_word' id='word_1_355' title='bbox 2718 1138 2784 1209; x_wconf 78' lang='grc' dir='ltr'>τῇ</span> <span class='ocrx_word' id='word_1_356' title='bbox 2808 1137 2915 1191; x_wconf 90' lang='grc' dir='ltr'><strong>τῶν</strong></span> <span class='ocrx_word' id='word_1_357' title='bbox 2946 1139 3148 1208; x_wconf 86' lang='grc' dir='ltr'>κριτῶν</span> <span class='ocrx_word' id='word_1_358' title='bbox 3177 1140 3426 1211; x_wconf 76' lang='grc' dir='ltr'>συνεδρίᾳ</span> <span class='ocrx_word' id='word_1_359' title='bbox 3451 1141 3513 1194; x_wconf 83' lang='grc' dir='ltr'><strong>τὸ</strong></span> <span class='ocrx_word' id='word_1_360' title='bbox 3527 1133 3712 1195; x_wconf 72' lang='grc' dir='ltr'>πλέον’</span> 
     </span>
    </p>
   </div>
   <div class='ocr_carea' id='block_1_56' title="bbox 2111 1228 3694 1304">
    <p class='ocr_par' dir='ltr' id='par_1_56' title="bbox 2111 1228 3694 1304">
     <span class='ocr_line' id='line_1_56' title="bbox 2111 1228 3694 1304; baseline 0.004 -23"><span class='ocrx_word' id='word_1_361' title='bbox 2111 1228 2253 1299; x_wconf 74' lang='grc' dir='ltr'>ἔχειν</span> <span class='ocrx_word' id='word_1_362' title='bbox 2277 1229 2710 1300; x_wconf 83' lang='grc' dir='ltr'>ἐνδεικνυμένου,</span> <span class='ocrx_word' id='word_1_363' title='bbox 2755 1229 2894 1300; x_wconf 80' lang='grc' dir='ltr'>μετὰ</span> <span class='ocrx_word' id='word_1_364' title='bbox 2918 1229 2976 1283; x_wconf 80' lang='grc' dir='ltr'>δὲ</span> <span class='ocrx_word' id='word_1_365' title='bbox 3009 1230 3135 1295; x_wconf 71' lang='grc' dir='ltr'>τοὺς</span> <span class='ocrx_word' id='word_1_366' title='bbox 3170 1230 3694 1304; x_wconf 87' lang='grc' dir='ltr'>μεγαλοπρεπεστά-</span> 
     </span>
    </p>
   </div>
   <div class='ocr_carea' id='block_1_57' title="bbox 2109 1319 3686 1393">
    <p class='ocr_par' dir='ltr' id='par_1_57' title="bbox 2109 1319 3686 1393">
     <span class='ocr_line' id='line_1_57' title="bbox 2109 1319 3686 1393; baseline 0.004 -23"><span class='ocrx_word' id='word_1_367' title='bbox 2109 1334 2238 1382; x_wconf 91' lang='grc' dir='ltr'>τους</span> <span class='ocrx_word' id='word_1_368' title='bbox 2287 1319 2844 1392; x_wconf 85' lang='grc' dir='ltr'>πρωτοσπαθαρίους.</span> <span class='ocrx_word' id='word_1_369' title='bbox 2877 1319 3081 1374; x_wconf 83' lang='grc' dir='ltr'>ἆπασιν</span> <span class='ocrx_word' id='word_1_370' title='bbox 3112 1320 3265 1375; x_wconf 76' lang='grc' dir='ltr'>ἄδεια</span> <span class='ocrx_word' id='word_1_371' title='bbox 3315 1320 3455 1374; x_wconf 75' lang='grc' dir='ltr'>ἔστω</span> <span class='ocrx_word' id='word_1_372' title='bbox 3497 1322 3686 1393; x_wconf 84' lang='grc' dir='ltr'>βουλο-</span> 
     </span>
    </p>
   </div>
   <div class='ocr_carea' id='block_1_58' title="bbox 2116 1407 3679 1485">
    <p class='ocr_par' dir='ltr' id='par_1_58' title="bbox 2116 1407 3679 1485">
     <span class='ocr_line' id='line_1_58' title="bbox 2116 1407 3679 1485; baseline 0.004 -25"><span class='ocrx_word' id='word_1_373' title='bbox 2116 1407 2297 1479; x_wconf 82' lang='grc' dir='ltr'>μένοις</span> <span class='ocrx_word' id='word_1_374' title='bbox 2326 1410 2427 1463; x_wconf 79' lang='grc' dir='ltr'>καὶ</span> <span class='ocrx_word' id='word_1_375' title='bbox 2455 1409 2521 1463; x_wconf 89' lang='grc' dir='ltr'>δι’</span> <span class='ocrx_word' id='word_1_376' title='bbox 2545 1409 2753 1464; x_wconf 78' lang='grc' dir='ltr'>ἑαυτῶν</span> <span class='ocrx_word' id='word_1_377' title='bbox 2774 1409 3112 1476; x_wconf 76' lang='grc' dir='ltr'>δικάζεσθαι,</span> <span class='ocrx_word' id='word_1_378' title='bbox 3138 1411 3232 1465; x_wconf 75' lang='grc' dir='ltr'><strong>καὶ</strong></span> <span class='ocrx_word' id='word_1_379' title='bbox 3262 1412 3512 1476; x_wconf 74' lang='grc' dir='ltr'>ἐντολέας</span> <span class='ocrx_word' id='word_1_380' title='bbox 3539 1430 3679 1485; x_wconf 72' lang='grc' dir='ltr'>προσ</span> 
     </span>
    </p>
   </div>
   <div class='ocr_carea' id='block_1_59' title="bbox 2113 1496 3688 1573">
    <p class='ocr_par' dir='ltr' id='par_1_59' title="bbox 2113 1496 3688 1573">
     <span class='ocr_line' id='line_1_59' title="bbox 2113 1496 3688 1573; baseline 0.003 -21"><span class='ocrx_word' id='word_1_381' title='bbox 2113 1498 2429 1573; x_wconf 83' lang='grc' dir='ltr'>ϐάλλεσθαι.</span> <span class='ocrx_word' id='word_1_382' title='bbox 3684 1496 3688 1500; x_wconf 17' lang='grc' dir='ltr'><strong>Δ</strong></span> 
     </span>
    </p>
   </div>
   <div class='ocr_carea' id='block_1_60' title="bbox 2189 1587 3692 1665">
    <p class='ocr_par' dir='ltr' id='par_1_60' title="bbox 2189 1587 3692 1665">
     <span class='ocr_line' id='line_1_60' title="bbox 2189 1587 3692 1665; baseline 0.003 -25"><span class='ocrx_word' id='word_1_383' title='bbox 2189 1594 2277 1643; x_wconf 82' lang='grc' dir='ltr'>ια’.</span> <span class='ocrx_word' id='word_1_384' title='bbox 2302 1587 2506 1644; x_wconf 78' lang='grc' dir='ltr'>Οὐδένα</span> <span class='ocrx_word' id='word_1_385' title='bbox 2525 1588 2636 1643; x_wconf 90' lang='grc' dir='ltr'><strong>τῶν</strong></span> <span class='ocrx_word' id='word_1_386' title='bbox 2658 1589 3128 1662; x_wconf 82' lang='grc' dir='ltr'>ὲκκλησιαστικῶν</span> <span class='ocrx_word' id='word_1_387' title='bbox 3150 1591 3393 1663; x_wconf 82' lang='grc' dir='ltr'>βαθμῶν,</span> <span class='ocrx_word' id='word_1_388' title='bbox 3414 1595 3448 1665; x_wconf 77' lang='grc' dir='ltr'>ἢ</span> <span class='ocrx_word' id='word_1_389' title='bbox 3472 1592 3692 1646; x_wconf 80' lang='grc' dir='ltr'>ἐπίσκο-</span> 
     </span>
    </p>
   </div>
   <div class='ocr_carea' id='block_1_61' title="bbox 2113 1679 3691 1756">
    <p class='ocr_par' dir='ltr' id='par_1_61' title="bbox 2113 1679 3691 1756">
     <span class='ocr_line' id='line_1_61' title="bbox 2113 1679 3691 1756; baseline 0.004 -24"><span class='ocrx_word' id='word_1_390' title='bbox 2113 1679 2281 1750; x_wconf 81' lang='grc' dir='ltr'>πον,ἥ</span> <span class='ocrx_word' id='word_1_391' title='bbox 2300 1680 2693 1754; x_wconf 80' lang='grc' dir='ltr'>πρεσϐύτερον,</span> <span class='ocrx_word' id='word_1_392' title='bbox 2719 1683 2753 1754; x_wconf 75' lang='grc' dir='ltr'><strong>ἦ</strong></span> <span class='ocrx_word' id='word_1_393' title='bbox 2784 1682 3052 1750; x_wconf 77' lang='grc' dir='ltr'>διάκονον,</span> <span class='ocrx_word' id='word_1_394' title='bbox 3069 1685 3303 1756; x_wconf 84' lang='grc' dir='ltr'>ῆάπλῶς</span> <span class='ocrx_word' id='word_1_395' title='bbox 3320 1703 3443 1739; x_wconf 89' lang='grc' dir='ltr'>τινα</span> <span class='ocrx_word' id='word_1_396' title='bbox 3471 1685 3562 1740; x_wconf 81' lang='grc' dir='ltr'>τοῦ</span> <span class='ocrx_word' id='word_1_397' title='bbox 3592 1704 3691 1740; x_wconf 84' lang='grc' dir='ltr'>κα-</span> 
     </span>
    </p>
   </div>
   <div class='ocr_carea' id='block_1_62' title="bbox 2113 1773 3690 1848">
    <p class='ocr_par' dir='ltr' id='par_1_62' title="bbox 2113 1773 3690 1848">
     <span class='ocr_line' id='line_1_62' title="bbox 2113 1773 3690 1848; baseline 0.001 -22"><span class='ocrx_word' id='word_1_398' title='bbox 2113 1773 2342 1841; x_wconf 75' lang='grc' dir='ltr'>ταλόγου</span> <span class='ocrx_word' id='word_1_399' title='bbox 2392 1774 2487 1828; x_wconf 85' lang='grc' dir='ltr'>τοῦ</span> <span class='ocrx_word' id='word_1_400' title='bbox 2535 1774 2836 1846; x_wconf 81' lang='grc' dir='ltr'>ἱερατικοῦ,</span> <span class='ocrx_word' id='word_1_401' title='bbox 2879 1777 3133 1848; x_wconf 82' lang='grc' dir='ltr'>ἄκονταῆ</span> <span class='ocrx_word' id='word_1_402' title='bbox 3169 1777 3362 1831; x_wconf 76' lang='grc' dir='ltr'>ἑκόντα</span> <span class='ocrx_word' id='word_1_403' title='bbox 3388 1778 3690 1848; x_wconf 77' lang='grc' dir='ltr'>κριτηρίοις</span> 
     </span>
    </p>
   </div>
   <div class='ocr_carea' id='block_1_63' title="bbox 2115 1866 3690 1941">
    <p class='ocr_par' dir='ltr' id='par_1_63' title="bbox 2115 1866 3690 1941">
     <span class='ocr_line' id='line_1_63' title="bbox 2115 1866 3690 1941; baseline 0.003 -24"><span class='ocrx_word' id='word_1_404' title='bbox 2115 1867 2401 1934; x_wconf 83' lang='grc' dir='ltr'>κοσμικοῖς</span> <span class='ocrx_word' id='word_1_405' title='bbox 2453 1866 2825 1938; x_wconf 82' lang='grc' dir='ltr'>παρίστασθαι</span> <span class='ocrx_word' id='word_1_406' title='bbox 2855 1868 3186 1939; x_wconf 83' lang='grc' dir='ltr'>ἀνεχόμεθα.</span> <span class='ocrx_word' id='word_1_407' title='bbox 3217 1870 3279 1922; x_wconf 80' lang='lat' dir='ltr'><strong>Ei</strong></span> <span class='ocrx_word' id='word_1_408' title='bbox 3325 1869 3434 1941; x_wconf 83' lang='grc' dir='ltr'>γὰρ</span> <span class='ocrx_word' id='word_1_409' title='bbox 3484 1869 3690 1923; x_wconf 73' lang='grc' dir='ltr'>ἄκοντά</span> 
     </span>
    </p>
   </div>
   <div class='ocr_carea' id='block_1_64' title="bbox 2113 1957 3691 2032">
    <p class='ocr_par' dir='ltr' id='par_1_64' title="bbox 2113 1957 3691 2032">
     <span class='ocr_line' id='line_1_64' title="bbox 2113 1957 3691 2032; baseline 0.003 -25"><span class='ocrx_word' id='word_1_410' title='bbox 2113 1972 2197 2019; x_wconf 85' lang='grc' dir='ltr'><strong>τις</strong></span> <span class='ocrx_word' id='word_1_411' title='bbox 2229 1957 2352 2025; x_wconf 76' lang='grc' dir='ltr'>ἄγοι</span> <span class='ocrx_word' id='word_1_412' title='bbox 2389 1957 2513 2018; x_wconf 82' lang='grc' dir='ltr'>τινὰ</span> <span class='ocrx_word' id='word_1_413' title='bbox 2569 1958 2678 2012; x_wconf 85' lang='grc' dir='ltr'><strong>τῶν</strong></span> <span class='ocrx_word' id='word_1_414' title='bbox 2708 1959 3181 2029; x_wconf 82' lang='grc' dir='ltr'>ὲκκλησιαστικῶν</span> <span class='ocrx_word' id='word_1_415' title='bbox 3235 1960 3369 2032; x_wconf 82' lang='grc' dir='ltr'>πρὸς</span> <span class='ocrx_word' id='word_1_416' title='bbox 3402 1960 3691 2032; x_wconf 77' lang='grc' dir='ltr'>κριτήριον</span> 
     </span>
    </p>
   </div>
   <div class='ocr_carea' id='block_1_65' title="bbox 2116 2048 3693 2124">
    <p class='ocr_par' dir='ltr' id='par_1_65' title="bbox 2116 2048 3693 2124">
     <span class='ocr_line' id='line_1_65' title="bbox 2116 2048 3693 2124; baseline 0.003 -25"><span class='ocrx_word' id='word_1_417' title='bbox 2116 2048 2403 2118; x_wconf 82' lang='grc' dir='ltr'>κοσμικὸν,</span> <span class='ocrx_word' id='word_1_418' title='bbox 2424 2048 2575 2120; x_wconf 87' lang='grc' dir='ltr'><strong>παρὰ</strong></span> <span class='ocrx_word' id='word_1_419' title='bbox 2606 2051 2704 2119; x_wconf 82' lang='grc' dir='ltr'><strong>τῆς</strong></span> <span class='ocrx_word' id='word_1_420' title='bbox 2734 2051 3011 2122; x_wconf 81' lang='grc' dir='ltr'>ἡμετέρας</span> <span class='ocrx_word' id='word_1_421' title='bbox 3031 2050 3396 2124; x_wconf 83' lang='grc' dir='ltr'>γαληνὸτητος</span> <span class='ocrx_word' id='word_1_422' title='bbox 3423 2053 3524 2122; x_wconf 78' lang='grc' dir='ltr'>τὴν</span> <span class='ocrx_word' id='word_1_423' title='bbox 3555 2051 3693 2122; x_wconf 79' lang='grc' dir='ltr'>πρέ-</span> 
     </span>
    </p>
   </div>
   <div class='ocr_carea' id='block_1_66' title="bbox 2117 2139 3692 2213">
    <p class='ocr_par' dir='ltr' id='par_1_66' title="bbox 2117 2139 3692 2213">
     <span class='ocr_line' id='line_1_66' title="bbox 2117 2139 3692 2213; baseline 0.003 -23"><span class='ocrx_word' id='word_1_424' title='bbox 2117 2154 2323 2194; x_wconf 89' lang='grc' dir='ltr'>πουσαν</span> <span class='ocrx_word' id='word_1_425' title='bbox 2355 2139 2724 2210; x_wconf 83' lang='grc' dir='ltr'>ὑποστήσεται</span> <span class='ocrx_word' id='word_1_426' title='bbox 2764 2140 3083 2197; x_wconf 67' lang='grc' dir='ltr'>παίδευσιν*</span> <span class='ocrx_word' id='word_1_427' title='bbox 3117 2142 3166 2195; x_wconf 85' lang='grc' dir='ltr'><strong>εί</strong></span> <span class='ocrx_word' id='word_1_428' title='bbox 3209 2141 3266 2195; x_wconf 76' lang='grc' dir='ltr'><strong>δὲ</strong></span> <span class='ocrx_word' id='word_1_429' title='bbox 3295 2139 3437 2194; x_wconf 76' lang='grc' dir='ltr'>ἑκὼν</span> <span class='ocrx_word' id='word_1_430' title='bbox 3473 2143 3502 2195; x_wconf 83' lang='grc' dir='ltr'>ὁ</span> <span class='ocrx_word' id='word_1_431' title='bbox 3539 2142 3692 2213; x_wconf 77' lang='grc' dir='ltr'>ἱερα-</span> 
     </span>
    </p>
   </div>
   <div class='ocr_carea' id='block_1_67' title="bbox 2115 2229 3689 2307">
    <p class='ocr_par' dir='ltr' id='par_1_67' title="bbox 2115 2229 3689 2307">
     <span class='ocr_line' id='line_1_67' title="bbox 2115 2229 3689 2307; baseline 0.004 -26"><span class='ocrx_word' id='word_1_432' title='bbox 2115 2229 2265 2295; x_wconf 82' lang='grc' dir='ltr'>τικὸς</span> <span class='ocrx_word' id='word_1_433' title='bbox 2290 2229 2367 2300; x_wconf 83' lang='grc' dir='ltr'>τῷ</span> <span class='ocrx_word' id='word_1_434' title='bbox 2392 2230 2640 2303; x_wconf 83' lang='grc' dir='ltr'>κοσμικῷ</span> <span class='ocrx_word' id='word_1_435' title='bbox 2663 2232 2933 2304; x_wconf 84' lang='grc' dir='ltr'>κριτηρίῳ</span> <span class='ocrx_word' id='word_1_436' title='bbox 2974 2236 3252 2305; x_wconf 80' lang='grc' dir='ltr'>παραστῇ,</span> <span class='ocrx_word' id='word_1_437' title='bbox 3295 2233 3329 2304; x_wconf 78' lang='grc' dir='ltr'>ἢ</span> <span class='ocrx_word' id='word_1_438' title='bbox 3356 2233 3451 2307; x_wconf 79' lang='grc' dir='ltr'>καὶ</span> <span class='ocrx_word' id='word_1_439' title='bbox 3476 2235 3689 2305; x_wconf 88' lang='grc' dir='ltr'>πρῶτος</span> 
     </span>
    </p>
   </div>
   <div class='ocr_carea' id='block_1_68' title="bbox 2117 2319 3689 2395">
    <p class='ocr_par' dir='ltr' id='par_1_68' title="bbox 2117 2319 3689 2395">
     <span class='ocr_line' id='line_1_68' title="bbox 2117 2319 3689 2395; baseline 0.004 -23"><span class='ocrx_word' id='word_1_440' title='bbox 2117 2319 2216 2392; x_wconf 83' lang='grc' dir='ltr'><strong>τὴν</strong></span> <span class='ocrx_word' id='word_1_441' title='bbox 2239 2319 2448 2374; x_wconf 75' lang='grc' dir='ltr'>ἐκεῖθεν</span> <span class='ocrx_word' id='word_1_442' title='bbox 2472 2321 2655 2392; x_wconf 85' lang='grc' dir='ltr'>κρίσιν</span> <span class='ocrx_word' id='word_1_443' title='bbox 2705 2322 2806 2376; x_wconf 79' lang='grc' dir='ltr'>τοῦ</span> <span class='ocrx_word' id='word_1_444' title='bbox 2831 2323 3289 2394; x_wconf 76' lang='grc' dir='ltr'>ἐκκλησιαστικοῦ</span> <span class='ocrx_word' id='word_1_445' title='bbox 3324 2325 3689 2395; x_wconf 76' lang='grc' dir='ltr'>ἁκροατηρίου</span> 
     </span>
    </p>
   </div>
   <div class='ocr_carea' id='block_1_69' title="bbox 2118 2408 3693 2490">
    <p class='ocr_par' dir='ltr' id='par_1_69' title="bbox 2118 2408 3693 2490">
     <span class='ocr_line' id='line_1_69' title="bbox 2118 2408 3693 2490; baseline 0.004 -25"><span class='ocrx_word' id='word_1_446' title='bbox 2118 2414 2545 2485; x_wconf 79' lang='grc' dir='ltr'>προτιμήσαιτο,</span> <span class='ocrx_word' id='word_1_447' title='bbox 2575 2408 2732 2481; x_wconf 76' lang='grc' dir='ltr'>οὗτος</span> <span class='ocrx_word' id='word_1_448' title='bbox 2783 2416 2887 2470; x_wconf 81' lang='grc' dir='ltr'><strong>κᾶν</strong></span> <span class='ocrx_word' id='word_1_449' title='bbox 2932 2417 3142 2471; x_wconf 79' lang='grc' dir='ltr'>ἐκεῖθεν</span> <span class='ocrx_word' id='word_1_450' title='bbox 3174 2418 3367 2490; x_wconf 78' lang='grc' dir='ltr'>νομίσῃ</span> <span class='ocrx_word' id='word_1_451' title='bbox 3397 2420 3458 2472; x_wconf 82' lang='grc' dir='ltr'><strong>τὸ</strong></span> <span class='ocrx_word' id='word_1_452' title='bbox 3484 2419 3693 2473; x_wconf 87' lang='grc' dir='ltr'>δίκαιον</span> 
     </span>
    </p>
   </div>
   <div class='ocr_carea' id='block_1_70' title="bbox 2117 2491 3693 2574">
    <p class='ocr_par' dir='ltr' id='par_1_70' title="bbox 2117 2491 3693 2574">
     <span class='ocr_line' id='line_1_70' title="bbox 2117 2491 3693 2574; baseline 0.006 -21"><span class='ocrx_word' id='word_1_453' title='bbox 2117 2501 2323 2565; x_wconf 83' lang='grc' dir='ltr'>λαϐεῖν,</span> <span class='ocrx_word' id='word_1_454' title='bbox 2358 2502 2463 2555; x_wconf 77' lang='grc' dir='ltr'>ὑπὸ</span> <span class='ocrx_word' id='word_1_455' title='bbox 2482 2504 2591 2558; x_wconf 90' lang='grc' dir='ltr'><strong>τῶν</strong></span> <span class='ocrx_word' id='word_1_456' title='bbox 2626 2504 2786 2574; x_wconf 81' lang='grc' dir='ltr'>ἱερῶν</span> <span class='ocrx_word' id='word_1_457' title='bbox 2815 2491 3056 2571; x_wconf 68' lang='grc' dir='ltr'>κανόνων</span> <span class='ocrx_word' id='word_1_458' title='bbox 3103 2506 3558 2573; x_wconf 80' lang='grc' dir='ltr'>καταδικάζεται·</span> <span class='ocrx_word' id='word_1_459' title='bbox 3586 2507 3693 2562; x_wconf 75' lang='grc' dir='ltr'>ποῦ</span> 
     </span>
    </p>
   </div>
   <div class='ocr_carea' id='block_1_71' title="bbox 2119 2588 3694 2672">
    <p class='ocr_par' dir='ltr' id='par_1_71' title="bbox 2119 2588 3694 2672">
     <span class='ocr_line' id='line_1_71' title="bbox 2119 2588 3694 2672; baseline 0.004 -27"><span class='ocrx_word' id='word_1_460' title='bbox 2119 2594 2227 2664; x_wconf 82' lang='grc' dir='ltr'>γὰρ</span> <span class='ocrx_word' id='word_1_461' title='bbox 2258 2593 2405 2658; x_wconf 83' lang='grc' dir='ltr'>ἄξιος</span> <span class='ocrx_word' id='word_1_462' title='bbox 2445 2598 2627 2666; x_wconf 84' lang='grc' dir='ltr'>τυχεῖν</span> <span class='ocrx_word' id='word_1_463' title='bbox 2655 2588 2731 2648; x_wconf 82' lang='grc' dir='ltr'>ὧν</span> <span class='ocrx_word' id='word_1_464' title='bbox 2761 2594 2935 2667; x_wconf 77' lang='grc' dir='ltr'>ζητεῖ,</span> <span class='ocrx_word' id='word_1_465' title='bbox 2987 2597 3016 2651; x_wconf 87' lang='grc' dir='ltr'><strong>ὁ</strong></span> <span class='ocrx_word' id='word_1_466' title='bbox 3058 2598 3156 2668; x_wconf 84' lang='grc' dir='ltr'>τὴν</span> <span class='ocrx_word' id='word_1_467' title='bbox 3207 2599 3381 2672; x_wconf 77' lang='grc' dir='ltr'>άρχὴν</span> <span class='ocrx_word' id='word_1_468' title='bbox 3410 2598 3502 2652; x_wconf 81' lang='grc' dir='ltr'>τοῦ</span> <span class='ocrx_word' id='word_1_469' title='bbox 3545 2600 3694 2668; x_wconf 85' lang='grc' dir='ltr'>ἀγῶ-</span> 
     </span>
    </p>
   </div>
   <div class='ocr_carea' id='block_1_72' title="bbox 2119 2685 3686 2762">
    <p class='ocr_par' dir='ltr' id='par_1_72' title="bbox 2119 2685 3686 2762">
     <span class='ocr_line' id='line_1_72' title="bbox 2119 2685 3686 2762; baseline 0.003 -23"><span class='ocrx_word' id='word_1_470' title='bbox 2119 2702 2210 2748; x_wconf 92' lang='grc' dir='ltr'><strong>νος</strong></span> <span class='ocrx_word' id='word_1_471' title='bbox 2254 2685 2362 2739; x_wconf 72' lang='grc' dir='ltr'><strong>ἀπὸ</strong></span> <span class='ocrx_word' id='word_1_472' title='bbox 2406 2687 2506 2759; x_wconf 77' lang='grc' dir='ltr'><strong>τῆς</strong></span> <span class='ocrx_word' id='word_1_473' title='bbox 2562 2686 2671 2742; x_wconf 87' lang='grc' dir='ltr'><strong>τῶν</strong></span> <span class='ocrx_word' id='word_1_474' title='bbox 2731 2689 2891 2744; x_wconf 82' lang='grc' dir='ltr'>θείων</span> <span class='ocrx_word' id='word_1_475' title='bbox 2935 2688 3154 2761; x_wconf 84' lang='grc' dir='ltr'>θεσμῶν</span> <span class='ocrx_word' id='word_1_476' title='bbox 3210 2691 3686 2762; x_wconf 76' lang='grc' dir='ltr'>καταϐαλλόμενος</span> 
     </span>
    </p>
   </div>
   <div class='ocr_carea' id='block_1_73' title="bbox 2120 2776 2353 2851">
    <p class='ocr_par' dir='ltr' id='par_1_73' title="bbox 2120 2776 2353 2851">
     <span class='ocr_line' id='line_1_73' title="bbox 2120 2776 2353 2851; baseline 0 -21"><span class='ocrx_word' id='word_1_477' title='bbox 2120 2776 2353 2851; x_wconf 75' lang='grc' dir='ltr'>ὕϐρεως.</span> 
     </span>
    </p>
   </div>
   <div class='ocr_carea' id='block_1_74' title="bbox 2193 2870 3693 2946">
    <p class='ocr_par' dir='ltr' id='par_1_74' title="bbox 2193 2870 3693 2946">
     <span class='ocr_line' id='line_1_74' title="bbox 2193 2870 3693 2946; baseline 0.003 -23"><span class='ocrx_word' id='word_1_478' title='bbox 2193 2870 2279 2941; x_wconf 79' lang='grc' dir='ltr'>ιβ’.</span> <span class='ocrx_word' id='word_1_479' title='bbox 2333 2871 2471 2934; x_wconf 84' lang='grc' dir='ltr'>Τοὺς</span> <span class='ocrx_word' id='word_1_480' title='bbox 2521 2871 2988 2941; x_wconf 82' lang='grc' dir='ltr'>θεοφιλεστάτους,</span> <span class='ocrx_word' id='word_1_481' title='bbox 3029 2873 3204 2941; x_wconf 64' lang='grc' dir='ltr'>ουδεὶς</span> <span class='ocrx_word' id='word_1_482' title='bbox 3250 2875 3359 2927; x_wconf 87' lang='grc' dir='ltr'><strong>τῶν</strong></span> <span class='ocrx_word' id='word_1_483' title='bbox 3414 2874 3693 2946; x_wconf 79' lang='grc' dir='ltr'>ἀρχόντων</span> 
     </span>
    </p>
   </div>
   <div class='ocr_carea' id='block_1_75' title="bbox 2119 2960 3679 3034">
    <p class='ocr_par' dir='ltr' id='par_1_75' title="bbox 2119 2960 3679 3034">
     <span class='ocr_line' id='line_1_75' title="bbox 2119 2960 3679 3034; baseline -0.001 -17"><span class='ocrx_word' id='word_1_484' title='bbox 2119 2960 2422 3029; x_wconf 79' lang='grc' dir='ltr'>ἀναγκάσει</span> <span class='ocrx_word' id='word_1_485' title='bbox 2474 2962 2553 3024; x_wconf 80' lang='grc' dir='ltr'><strong>εἰς</strong></span> <span class='ocrx_word' id='word_1_486' title='bbox 2602 2962 2955 3034; x_wconf 79' lang='grc' dir='ltr'>δικαστήριον</span> <span class='ocrx_word' id='word_1_487' title='bbox 3011 2964 3440 3033; x_wconf 79' lang='grc' dir='ltr'>παραγενέσθαι,</span> <span class='ocrx_word' id='word_1_488' title='bbox 3494 2963 3679 3018; x_wconf 78' lang='grc' dir='ltr'>δοῦναι</span> 
     </span>
    </p>
   </div>
   <div class='ocr_carea' id='block_1_76' title="bbox 2123 3051 3687 3126">
    <p class='ocr_par' dir='ltr' id='par_1_76' title="bbox 2123 3051 3687 3126">
     <span class='ocr_line' id='line_1_76' title="bbox 2123 3051 3687 3126; baseline 0.003 -21"><span class='ocrx_word' id='word_1_489' title='bbox 2123 3052 2451 3122; x_wconf 86' lang='grc' dir='ltr'>μαρτυρίαν,</span> <span class='ocrx_word' id='word_1_490' title='bbox 2508 3051 2622 3105; x_wconf 84' lang='grc' dir='ltr'>ἀλλ’</span> <span class='ocrx_word' id='word_1_491' title='bbox 2664 3054 2692 3106; x_wconf 86' lang='grc' dir='ltr'><strong>ὁ</strong></span> <span class='ocrx_word' id='word_1_492' title='bbox 2715 3051 2972 3124; x_wconf 84' lang='grc' dir='ltr'>δικαστὴς</span> <span class='ocrx_word' id='word_1_493' title='bbox 3009 3052 3274 3124; x_wconf 76' lang='grc' dir='ltr'>πεμπέτω</span> <span class='ocrx_word' id='word_1_494' title='bbox 3323 3056 3459 3126; x_wconf 80' lang='grc' dir='ltr'>πρὸς</span> <span class='ocrx_word' id='word_1_495' title='bbox 3487 3055 3687 3119; x_wconf 80' lang='grc' dir='ltr'>αὐτοὺς</span> 
     </span>
    </p>
   </div>
   <div class='ocr_carea' id='block_1_77' title="bbox 2118 3142 3692 3216">
    <p class='ocr_par' dir='ltr' id='par_1_77' title="bbox 2118 3142 3692 3216">
     <span class='ocr_line' id='line_1_77' title="bbox 2118 3142 3692 3216; baseline 0.001 -19"><span class='ocrx_word' id='word_1_496' title='bbox 2118 3144 2271 3206; x_wconf 72' lang='grc' dir='ltr'>τινὰς</span> <span class='ocrx_word' id='word_1_497' title='bbox 2312 3145 2377 3197; x_wconf 78' lang='grc' dir='ltr'>ὲκ</span> <span class='ocrx_word' id='word_1_498' title='bbox 2410 3142 2517 3197; x_wconf 88' lang='grc' dir='ltr'><strong>τῶν</strong></span> <span class='ocrx_word' id='word_1_499' title='bbox 2553 3142 2858 3215; x_wconf 83' lang='grc' dir='ltr'>προσώπων</span> <span class='ocrx_word' id='word_1_500' title='bbox 2890 3144 2997 3198; x_wconf 89' lang='grc' dir='ltr'><strong>τῶν</strong></span> <span class='ocrx_word' id='word_1_501' title='bbox 3027 3145 3491 3216; x_wconf 81' lang='grc' dir='ltr'>ὑπηρετουμένων</span> <span class='ocrx_word' id='word_1_502' title='bbox 3517 3145 3692 3216; x_wconf 74' lang='grc' dir='ltr'>αὐτῷ,</span> 
     </span>
    </p>
   </div>
   <div class='ocr_carea' id='block_1_78' title="bbox 2120 3230 3692 3309">
    <p class='ocr_par' dir='ltr' id='par_1_78' title="bbox 2120 3230 3692 3309">
     <span class='ocr_line' id='line_1_78' title="bbox 2120 3230 3692 3309; baseline 0.001 -21"><span class='ocrx_word' id='word_1_503' title='bbox 2120 3234 2209 3290; x_wconf 78' lang='grc' dir='ltr'>ἵνα</span> <span class='ocrx_word' id='word_1_504' title='bbox 2237 3237 2378 3290; x_wconf 82' lang='grc' dir='ltr'>κατὰ</span> <span class='ocrx_word' id='word_1_505' title='bbox 2400 3237 2460 3289; x_wconf 82' lang='grc' dir='ltr'><strong>τὸ</strong></span> <span class='ocrx_word' id='word_1_506' title='bbox 2510 3236 2721 3308; x_wconf 84' lang='grc' dir='ltr'>πρέπον</span> <span class='ocrx_word' id='word_1_507' title='bbox 2767 3236 3001 3309; x_wconf 79' lang='grc' dir='ltr'>ἱερεῦσιν</span> <span class='ocrx_word' id='word_1_508' title='bbox 3027 3239 3260 3292; x_wconf 76' lang='grc' dir='ltr'>ἐνώπιον</span> <span class='ocrx_word' id='word_1_509' title='bbox 3284 3237 3421 3293; x_wconf 80' lang='grc' dir='ltr'>Θεοῦ</span> <span class='ocrx_word' id='word_1_510' title='bbox 3445 3230 3692 3292; x_wconf 64' lang='grc' dir='ltr'>ἐἴπωσιν</span> 
     </span>
    </p>
   </div>
   <div class='ocr_carea' id='block_1_79' title="bbox 2119 3323 2571 3394">
    <p class='ocr_par' dir='ltr' id='par_1_79' title="bbox 2119 3323 2571 3394">
     <span class='ocr_line' id='line_1_79' title="bbox 2119 3323 2571 3394; baseline 0 -14"><span class='ocrx_word' id='word_1_511' title='bbox 2119 3323 2155 3380; x_wconf 76' lang='grc' dir='ltr'>ἃ</span> <span class='ocrx_word' id='word_1_512' title='bbox 2185 3325 2571 3394; x_wconf 85' lang='grc' dir='ltr'>γινώσκουσιν.</span> 
     </span>
    </p>
   </div>
   <div class='ocr_carea' id='block_1_80' title="bbox 2193 3418 3689 3491">
    <p class='ocr_par' dir='ltr' id='par_1_80' title="bbox 2193 3418 3689 3491">
     <span class='ocr_line' id='line_1_80' title="bbox 2193 3418 3689 3491; baseline 0.003 -19"><span class='ocrx_word' id='word_1_513' title='bbox 2193 3425 2283 3487; x_wconf 91' lang='grc' dir='ltr'>ιγ’.</span> <span class='ocrx_word' id='word_1_514' title='bbox 2341 3419 2480 3483; x_wconf 77' lang='grc' dir='ltr'>Τοὺς</span> <span class='ocrx_word' id='word_1_515' title='bbox 2505 3418 2949 3489; x_wconf 73' lang='grc' dir='ltr'>θεοφιλεστάτους</span> <span class='ocrx_word' id='word_1_516' title='bbox 2992 3420 3326 3486; x_wconf 81' lang='grc' dir='ltr'>ἐπισκόπους</span> <span class='ocrx_word' id='word_1_517' title='bbox 3362 3421 3507 3491; x_wconf 75' lang='grc' dir='ltr'>ὑπὲρ</span> <span class='ocrx_word' id='word_1_518' title='bbox 3534 3422 3689 3476; x_wconf 79' lang='grc' dir='ltr'>οὐδε-</span> 
     </span>
    </p>
   </div>
   <div class='ocr_carea' id='block_1_81' title="bbox 2126 3511 3693 3584">
    <p class='ocr_par' dir='ltr' id='par_1_81' title="bbox 2126 3511 3693 3584">
     <span class='ocr_line' id='line_1_81' title="bbox 2126 3511 3693 3584; baseline 0.003 -22"><span class='ocrx_word' id='word_1_519' title='bbox 2126 3512 2257 3580; x_wconf 82' lang='grc' dir='ltr'>μιᾶς</span> <span class='ocrx_word' id='word_1_520' title='bbox 2302 3511 2655 3582; x_wconf 73' lang='grc' dir='ltr'>χρηματικῆς</span> <span class='ocrx_word' id='word_1_521' title='bbox 2707 3512 2889 3575; x_wconf 78' lang='grc' dir='ltr'>αἰτίας</span> <span class='ocrx_word' id='word_1_522' title='bbox 2913 3511 3052 3584; x_wconf 79' lang='grc' dir='ltr'>πρὸς</span> <span class='ocrx_word' id='word_1_523' title='bbox 3086 3513 3321 3584; x_wconf 81' lang='grc' dir='ltr'>ἄρχοντα</span> <span class='ocrx_word' id='word_1_524' title='bbox 3351 3513 3629 3568; x_wconf 79' lang='grc' dir='ltr'>πολιτικὸν</span> <span class='ocrx_word' id='word_1_525' title='bbox 3657 3514 3693 3584; x_wconf 73' lang='grc' dir='ltr'><strong>ἢ</strong></span> 
     </span>
    </p>
   </div>
   <div class='ocr_carea' id='block_1_82' title="bbox 2125 3602 3691 3675">
    <p class='ocr_par' dir='ltr' id='par_1_82' title="bbox 2125 3602 3691 3675">
     <span class='ocr_line' id='line_1_82' title="bbox 2125 3602 3691 3675; baseline 0.003 -22"><span class='ocrx_word' id='word_1_526' title='bbox 2125 3602 2517 3671; x_wconf 76' lang='grc' dir='ltr'>στρατιωτικὸν</span> <span class='ocrx_word' id='word_1_527' title='bbox 2557 3602 2758 3657; x_wconf 82' lang='grc' dir='ltr'>ἄκοντα</span> <span class='ocrx_word' id='word_1_528' title='bbox 2807 3603 3209 3674; x_wconf 79' lang='grc' dir='ltr'>παραγενέσθαι</span> <span class='ocrx_word' id='word_1_529' title='bbox 3250 3603 3284 3675; x_wconf 74' lang='grc' dir='ltr'>ἢ</span> <span class='ocrx_word' id='word_1_530' title='bbox 3317 3603 3691 3674; x_wconf 85' lang='grc' dir='ltr'>παρίστασθαι</span> 
     </span>
    </p>
   </div>
   <div class='ocr_carea' id='block_1_83' title="bbox 2122 3690 3693 3765">
    <p class='ocr_par' dir='ltr' id='par_1_83' title="bbox 2122 3690 3693 3765">
     <span class='ocr_line' id='line_1_83' title="bbox 2122 3690 3693 3765; baseline 0 -19"><span class='ocrx_word' id='word_1_531' title='bbox 2122 3691 2244 3762; x_wconf 75' lang='grc' dir='ltr'>δίχα</span> <span class='ocrx_word' id='word_1_532' title='bbox 2289 3690 2576 3762; x_wconf 75' lang='grc' dir='ltr'>βασιλικῆς</span> <span class='ocrx_word' id='word_1_533' title='bbox 2623 3692 2925 3757; x_wconf 80' lang='grc' dir='ltr'>κελεύσεως</span> <span class='ocrx_word' id='word_1_534' title='bbox 2960 3693 3383 3765; x_wconf 82' lang='grc' dir='ltr'>συγχωροῦμεν·</span> <span class='ocrx_word' id='word_1_535' title='bbox 3430 3693 3567 3749; x_wconf 83' lang='grc' dir='ltr'>ἀλλὰ</span> <span class='ocrx_word' id='word_1_536' title='bbox 3598 3693 3693 3747; x_wconf 77' lang='grc' dir='ltr'><strong>τὸν</strong></span> 
     </span>
    </p>
   </div>
   <div class='ocr_carea' id='block_1_84' title="bbox 2123 3785 3701 3860">
    <p class='ocr_par' dir='ltr' id='par_1_84' title="bbox 2123 3785 3701 3860">
     <span class='ocr_line' id='line_1_84' title="bbox 2123 3785 3701 3860; baseline 0.002 -20"><span class='ocrx_word' id='word_1_537' title='bbox 2123 3786 2357 3856; x_wconf 78' lang='grc' dir='ltr'>ἄρχοντα</span> <span class='ocrx_word' id='word_1_538' title='bbox 2373 3785 2465 3839; x_wconf 85' lang='grc' dir='ltr'><strong>τὸν</strong></span> <span class='ocrx_word' id='word_1_539' title='bbox 2481 3786 2587 3839; x_wconf 71' lang='grc' dir='ltr'>εἴτε</span> <span class='ocrx_word' id='word_1_540' title='bbox 2613 3787 2906 3856; x_wconf 72' lang='grc' dir='ltr'>ἐγγράφως</span> <span class='ocrx_word' id='word_1_541' title='bbox 2926 3788 3033 3841; x_wconf 83' lang='grc' dir='ltr'>εἴτε</span> <span class='ocrx_word' id='word_1_542' title='bbox 3058 3788 3320 3859; x_wconf 77' lang='grc' dir='ltr'>ἀγράφως</span> <span class='ocrx_word' id='word_1_543' title='bbox 3346 3786 3503 3842; x_wconf 84' lang='grc' dir='ltr'>τοῦτο</span> <span class='ocrx_word' id='word_1_544' title='bbox 3523 3804 3701 3860; x_wconf 85' lang='grc' dir='ltr'>προσ-</span> 
     </span>
    </p>
   </div>
   <div class='ocr_carea' id='block_1_85' title="bbox 2123 3876 3695 3952">
    <p class='ocr_par' dir='ltr' id='par_1_85' title="bbox 2123 3876 3695 3952">
     <span class='ocr_line' id='line_1_85' title="bbox 2123 3876 3695 3952; baseline 0.003 -22"><span class='ocrx_word' id='word_1_545' title='bbox 2123 3876 2283 3944; x_wconf 77' lang='grc' dir='ltr'>τάξαι</span> <span class='ocrx_word' id='word_1_546' title='bbox 2337 3877 2688 3949; x_wconf 76' lang='grc' dir='ltr'>τολμήσαντα</span> <span class='ocrx_word' id='word_1_547' title='bbox 2729 3879 2869 3950; x_wconf 79' lang='grc' dir='ltr'>μετὰ</span> <span class='ocrx_word' id='word_1_548' title='bbox 2919 3878 3017 3951; x_wconf 77' lang='grc' dir='ltr'>τὴν</span> <span class='ocrx_word' id='word_1_549' title='bbox 3065 3880 3164 3950; x_wconf 87' lang='grc' dir='ltr'><strong>τῆς</strong></span> <span class='ocrx_word' id='word_1_550' title='bbox 3209 3879 3384 3952; x_wconf 76' lang='grc' dir='ltr'>ζώνης</span> <span class='ocrx_word' id='word_1_551' title='bbox 3427 3879 3545 3951; x_wconf 71' lang='grc' dir='ltr'>ἦτοι</span> <span class='ocrx_word' id='word_1_552' title='bbox 3600 3879 3695 3935; x_wconf 80' lang='grc' dir='ltr'>τοῦ</span> 
     </span>
    </p>
   </div>
   <div class='ocr_carea' id='block_1_86' title="bbox 2123 3972 3699 4046">
    <p class='ocr_par' dir='ltr' id='par_1_86' title="bbox 2123 3972 3699 4046">
     <span class='ocr_line' id='line_1_86' title="bbox 2123 3972 3699 4046; baseline 0 -20"><span class='ocrx_word' id='word_1_553' title='bbox 2123 3972 2432 4043; x_wconf 77' lang='grc' dir='ltr'>ἀξιώματος</span> <span class='ocrx_word' id='word_1_554' title='bbox 2490 3973 2589 4043; x_wconf 78' lang='grc' dir='ltr'>τὴν</span> <span class='ocrx_word' id='word_1_555' title='bbox 2643 3973 2932 4045; x_wconf 80' lang='grc' dir='ltr'>ἀφαίρεσιν</span> <span class='ocrx_word' id='word_1_556' title='bbox 2987 3976 3161 4028; x_wconf 76' lang='grc' dir='ltr'>εἰκοσι</span> <span class='ocrx_word' id='word_1_557' title='bbox 3208 3974 3435 4046; x_wconf 77' lang='grc' dir='ltr'>χρυσίου</span> <span class='ocrx_word' id='word_1_558' title='bbox 3496 3973 3699 4046; x_wconf 79' lang='grc' dir='ltr'>λιτρῶν</span> 
     </span>
    </p>
   </div>
   <div class='ocr_carea' id='block_1_87' title="bbox 2124 4060 3693 4138">
    <p class='ocr_par' dir='ltr' id='par_1_87' title="bbox 2124 4060 3693 4138">
     <span class='ocr_line' id='line_1_87' title="bbox 2124 4060 3693 4138; baseline -0.001 -19"><span class='ocrx_word' id='word_1_559' title='bbox 2124 4064 2317 4135; x_wconf 82' lang='grc' dir='ltr'>ποινὴν</span> <span class='ocrx_word' id='word_1_560' title='bbox 2373 4064 2734 4121; x_wconf 82' lang='grc' dir='ltr'>καταϐάλλειν</span> <span class='ocrx_word' id='word_1_561' title='bbox 2794 4065 3095 4137; x_wconf 82' lang='grc' dir='ltr'>κελεύομεν</span> <span class='ocrx_word' id='word_1_562' title='bbox 3151 4070 3218 4138; x_wconf 81' lang='grc' dir='ltr'>τῇ</span> <span class='ocrx_word' id='word_1_563' title='bbox 3291 4064 3583 4137; x_wconf 72' lang='grc' dir='ltr'>Ἐκκλησία</span> <span class='ocrx_word' id='word_1_564' title='bbox 3626 4060 3693 4137; x_wconf 74' lang='grc' dir='ltr'>ἧς</span> 
     </span>
    </p>
   </div>
   <div class='ocr_carea' id='block_1_88' title="bbox 2124 4157 3692 4232">
    <p class='ocr_par' dir='ltr' id='par_1_88' title="bbox 2124 4157 3692 4232">
     <span class='ocr_line' id='line_1_88' title="bbox 2124 4157 3692 4232; baseline 0.003 -22"><span class='ocrx_word' id='word_1_565' title='bbox 2124 4158 2152 4210; x_wconf 87' lang='grc' dir='ltr'>ὁ</span> <span class='ocrx_word' id='word_1_566' title='bbox 2181 4157 2501 4220; x_wconf 78' lang='grc' dir='ltr'>ἐπίσκοπος,</span> <span class='ocrx_word' id='word_1_567' title='bbox 2533 4157 2762 4228; x_wconf 86' lang='grc' dir='ltr'>ἀχθῆναι</span> <span class='ocrx_word' id='word_1_568' title='bbox 2793 4158 2826 4228; x_wconf 83' lang='grc' dir='ltr'><strong>ἢ</strong></span> <span class='ocrx_word' id='word_1_569' title='bbox 2883 4160 3230 4231; x_wconf 85' lang='grc' dir='ltr'>παραστῆναι</span> <span class='ocrx_word' id='word_1_570' title='bbox 3287 4159 3692 4232; x_wconf 84' lang='grc' dir='ltr'>προστετάχθη.</span> 
     </span>
    </p>
   </div>
   <div class='ocr_carea' id='block_1_89' title="bbox 2200 4247 3697 4322">
    <p class='ocr_par' dir='ltr' id='par_1_89' title="bbox 2200 4247 3697 4322">
     <span class='ocr_line' id='line_1_89' title="bbox 2200 4247 3697 4322; baseline 0.002 -21"><span class='ocrx_word' id='word_1_571' title='bbox 2200 4247 2283 4304; x_wconf 83' lang='grc' dir='ltr'>ιδ’.</span> <span class='ocrx_word' id='word_1_572' title='bbox 2320 4249 2671 4319; x_wconf 72' lang='grc' dir='ltr'>Κατηγορία-δ</span> <span class='ocrx_word' id='word_1_573' title='bbox 2710 4251 2902 4320; x_wconf 79' lang='grc' dir='ltr'>ἱερέως</span> <span class='ocrx_word' id='word_1_574' title='bbox 2954 4251 3130 4315; x_wconf 78' lang='grc' dir='ltr'>οὐδεὶς</span> <span class='ocrx_word' id='word_1_575' title='bbox 3178 4250 3290 4305; x_wconf 87' lang='grc' dir='ltr'><strong>τῶν</strong></span> <span class='ocrx_word' id='word_1_576' title='bbox 3332 4253 3390 4306; x_wconf 79' lang='grc' dir='ltr'>ἒν</span> <span class='ocrx_word' id='word_1_577' title='bbox 3419 4251 3496 4322; x_wconf 82' lang='grc' dir='ltr'>τῷ</span> <span class='ocrx_word' id='word_1_578' title='bbox 3522 4249 3697 4321; x_wconf 82' lang='grc' dir='ltr'><strong>λαῖκῷ</strong></span> 
     </span>
    </p>
   </div>
   <div class='ocr_carea' id='block_1_90' title="bbox 450 4332 2020 4415">
    <p class='ocr_par' dir='ltr' id='par_1_90' title="bbox 450 4332 2019 4407">
     <span class='ocr_line' id='line_1_90' title="bbox 450 4332 2019 4407; baseline 0.007 -17"><span class='ocrx_word' id='word_1_579' title='bbox 450 4332 629 4390; x_wconf 88' lang='lat' dir='ltr'><strong>sidum</strong></span> <span class='ocrx_word' id='word_1_580' title='bbox 681 4335 965 4404; x_wconf 90' lang='lat' dir='ltr'><strong>instituat,</strong></span> <span class='ocrx_word' id='word_1_581' title='bbox 1001 4336 1107 4392; x_wconf 88' lang='lat' dir='ltr'><strong>nisi</strong></span> <span class='ocrx_word' id='word_1_582' title='bbox 1152 4337 1454 4407; x_wconf 87' lang='lat' dir='ltr'><strong>maiestatis</strong></span> <span class='ocrx_word' id='word_1_583' title='bbox 1497 4339 1703 4396; x_wconf 91' lang='lat' dir='ltr'><strong>crimen</strong></span> <span class='ocrx_word' id='word_1_584' title='bbox 1746 4345 2019 4401; x_wconf 84' lang='lat' dir='ltr'><strong>accusatio</strong></span> 
     </span>
    </p>
   </div>
   <div class='ocr_carea' id='block_1_91' title="bbox 2117 4332 3696 4415">
    <p class='ocr_par' dir='ltr' id='par_1_91' title="bbox 2128 4333 3696 4412">
     <span class='ocr_line' id='line_1_91' title="bbox 2128 4333 3696 4412; baseline 0.003 -24"><span class='ocrx_word' id='word_1_585' title='bbox 2128 4333 2566 4405; x_wconf 78' lang='grc' dir='ltr'>κατειλεγμένων</span> <span class='ocrx_word' id='word_1_586' title='bbox 2610 4337 2886 4409; x_wconf 80' lang='grc' dir='ltr'>ἀρχόντων</span> <span class='ocrx_word' id='word_1_587' title='bbox 2938 4339 3197 4410; x_wconf 77' lang='grc' dir='ltr'>οὐδεμίαν</span> <span class='ocrx_word' id='word_1_588' title='bbox 3255 4339 3503 4405; x_wconf 78' lang='grc' dir='ltr'>δικάζειν</span> <span class='ocrx_word' id='word_1_589' title='bbox 3557 4340 3696 4412; x_wconf 78' lang='grc' dir='ltr'>πλὴν</span> 
     </span>
    </p>
   </div>
   <div class='ocr_carea' id='block_1_92' title="bbox 453 4425 751 4481">
    <p class='ocr_par' dir='ltr' id='par_1_92' title="bbox 453 4425 751 4481">
     <span class='ocr_line' id='line_1_92' title="bbox 453 4425 751 4481; baseline 0 0"><span class='ocrx_word' id='word_1_590' title='bbox 453 4425 751 4481; x_wconf 85' lang='lat' dir='ltr'><strong>contineat.</strong></span> 
     </span>
    </p>
   </div>
   <div class='ocr_carea' id='block_1_93' title="bbox 1018 4537 1444 4596">
    <p class='ocr_par' dir='ltr' id='par_1_93' title="bbox 1018 4537 1444 4596">
     <span class='ocr_line' id='line_1_93' title="bbox 1018 4537 1444 4596; baseline 0 -2"><span class='ocrx_word' id='word_1_591' title='bbox 1018 4537 1320 4596; x_wconf 85' lang='lat' dir='ltr'><strong>TITULUS</strong></span> <span class='ocrx_word' id='word_1_592' title='bbox 1354 4538 1444 4595; x_wconf 82' lang='lat' dir='ltr'><strong>XI.</strong></span> 
     </span>
    </p>
   </div>
   <div class='ocr_carea' id='block_1_94' title="bbox 451 4620 2025 4706">
    <p class='ocr_par' dir='ltr' id='par_1_94' title="bbox 451 4620 2025 4706">
     <span class='ocr_line' id='line_1_94' title="bbox 451 4620 2025 4706; baseline 0.009 -30"><span class='ocrx_word' id='word_1_593' title='bbox 451 4620 529 4677; x_wconf 85' lang='lat' dir='ltr'><strong>De</strong></span> <span class='ocrx_word' id='word_1_594' title='bbox 570 4625 1035 4706; x_wconf 43' lang='lat' dir='ltr'><strong>contrahendis-et</strong></span> <span class='ocrx_word' id='word_1_595' title='bbox 1084 4628 1421 4706; x_wconf 44' lang='lat' dir='ltr'><strong>dirimendis</strong></span> <span class='ocrx_word' id='word_1_596' title='bbox 1456 4631 1811 4706; x_wconf 68' lang='lat' dir='ltr'><strong>sponsalibus.</strong></span> <span class='ocrx_word' id='word_1_597' title='bbox 1857 4636 2025 4706; x_wconf 74' lang='lat' dir='ltr'><strong>deque</strong></span> 
     </span>
    </p>
   </div>
   <div class='ocr_carea' id='block_1_95' title="bbox 520 4692 2021 4817">
    <p class='ocr_par' dir='ltr' id='par_1_95' title="bbox 520 4692 2021 4817">
     <span class='ocr_line' id='line_1_95' title="bbox 520 4692 2021 4817; baseline 0.009 -71"><span class='ocrx_word' id='word_1_598' title='bbox 520 4692 1030 4817; x_wconf 75' lang='lat' dir='ltr'><strong>sponsalia</strong></span> <span class='ocrx_word' id='word_1_599' title='bbox 1068 4692 1522 4763; x_wconf 68' lang='lat' dir='ltr'><strong>contrahentibus,</strong></span> <span class='ocrx_word' id='word_1_600' title='bbox 1558 4717 1621 4755; x_wconf 82' lang='lat' dir='ltr'><strong>ac</strong></span> <span class='ocrx_word' id='word_1_601' title='bbox 1652 4692 1827 4756; x_wconf 60' lang='lat' dir='ltr'><strong>deinde</strong></span> <span class='ocrx_word' id='word_1_602' title='bbox 1850 4692 2021 4774; x_wconf 66' lang='lat' dir='ltr'><strong>pleni-</strong></span> 
     </span>
    </p>
   </div>
   <div class='ocr_carea' id='block_1_96' title="bbox 524 4855 2023 4924">
    <p class='ocr_par' dir='ltr' id='par_1_96' title="bbox 524 4855 2023 4924">
     <span class='ocr_line' id='line_1_96' title="bbox 524 4855 2023 4924; baseline 0.007 -15"><span class='ocrx_word' id='word_1_603' title='bbox 524 4855 577 4909; x_wconf 74' lang='grc'>1.</span> <span class='ocrx_word' id='word_1_604' title='bbox 607 4855 889 4924; x_wconf 75' lang='lat' dir='ltr'><strong>Sponsalia</strong></span> <span class='ocrx_word' id='word_1_605' title='bbox 926 4855 1359 4915; x_wconf 82' lang='lat' dir='ltr'><strong>Christianorum</strong></span> <span class='ocrx_word' id='word_1_606' title='bbox 1405 4862 1806 4918; x_wconf 82' lang='lat' dir='ltr'><strong>contrahuntur</strong></span> <span class='ocrx_word' id='word_1_607' title='bbox 1844 4866 1912 4920; x_wconf 87' lang='lat' dir='ltr'><strong>ab</strong></span> <span class='ocrx_word' id='word_1_608' title='bbox 1958 4866 2023 4920; x_wconf 91' lang='lat' dir='ltr'><strong>iis</strong></span> 
     </span>
    </p>
   </div>
   <div class='ocr_carea' id='block_1_97' title="bbox 451 4948 2026 5025">
    <p class='ocr_par' dir='ltr' id='par_1_97' title="bbox 451 4948 2026 5025">
     <span class='ocr_line' id='line_1_97' title="bbox 451 4948 2026 5025; baseline 0.008 -25"><span class='ocrx_word' id='word_1_609' title='bbox 451 4948 542 5017; x_wconf 79' lang='lat' dir='ltr'><strong>qui</strong></span> <span class='ocrx_word' id='word_1_610' title='bbox 591 4949 778 5017; x_wconf 65' lang='lat' dir='ltr'><strong>primae</strong></span> <span class='ocrx_word' id='word_1_611' title='bbox 822 4959 949 5004; x_wconf 87' lang='lat' dir='ltr'><strong>sunt</strong></span> <span class='ocrx_word' id='word_1_612' title='bbox 983 4953 1178 5016; x_wconf 64' lang='lat' dir='ltr'><strong>artatis,</strong></span> <span class='ocrx_word' id='word_1_613' title='bbox 1232 4963 1354 5021; x_wconf 88' lang='lat' dir='ltr'><strong>post</strong></span> <span class='ocrx_word' id='word_1_614' title='bbox 1397 4968 1599 5008; x_wconf 89' lang='lat' dir='ltr'><strong>annum</strong></span> <span class='ocrx_word' id='word_1_615' title='bbox 1627 4957 1943 5025; x_wconf 88' lang='lat' dir='ltr'><strong>septimum,</strong></span> <span class='ocrx_word' id='word_1_616' title='bbox 1972 4967 2026 5012; x_wconf 91' lang='lat' dir='ltr'><strong>et</strong></span> 
     </span>
    </p>
   </div>
   <div class='ocr_carea' id='block_1_98' title="bbox 451 5039 2025 5119">
    <p class='ocr_par' dir='ltr' id='par_1_98' title="bbox 451 5039 2025 5119">
     <span class='ocr_line' id='line_1_98' title="bbox 451 5039 2025 5119; baseline 0.006 -25"><span class='ocrx_word' id='word_1_617' title='bbox 451 5039 745 5111; x_wconf 83' lang='lat' dir='ltr'><strong>deinceps;</strong></span> <span class='ocrx_word' id='word_1_618' title='bbox 783 5051 892 5097; x_wconf 89' lang='lat' dir='ltr'><strong>tam</strong></span> <span class='ocrx_word' id='word_1_619' title='bbox 933 5044 1371 5100; x_wconf 79' lang='lat' dir='ltr'><strong>contrahentiutn</strong></span> <span class='ocrx_word' id='word_1_620' title='bbox 1405 5046 1702 5113; x_wconf 89' lang='lat' dir='ltr'><strong>voluntate,</strong></span> <span class='ocrx_word' id='word_1_621' title='bbox 1738 5064 1901 5119; x_wconf 90' lang='lat' dir='ltr'><strong>quam</strong></span> <span class='ocrx_word' id='word_1_622' title='bbox 1928 5065 2025 5119; x_wconf 87' lang='lat' dir='ltr'><strong>pa-</strong></span> 
     </span>
    </p>
   </div>
   <div class='ocr_carea' id='block_1_99' title="bbox 449 5134 2025 5209">
    <p class='ocr_par' dir='ltr' id='par_1_99' title="bbox 449 5134 2025 5209">
     <span class='ocr_line' id='line_1_99' title="bbox 449 5134 2025 5209; baseline 0.004 -22"><span class='ocrx_word' id='word_1_623' title='bbox 449 5139 671 5187; x_wconf 75' lang='lat' dir='ltr'><strong>rentum</strong></span> <span class='ocrx_word' id='word_1_624' title='bbox 688 5142 746 5188; x_wconf 91' lang='lat' dir='ltr'><strong>et</strong></span> <span class='ocrx_word' id='word_1_625' title='bbox 774 5134 1197 5205; x_wconf 79' lang='lat' dir='ltr'><strong>propinquorum</strong></span> <span class='ocrx_word' id='word_1_626' title='bbox 1238 5149 1507 5196; x_wconf 87' lang='lat' dir='ltr'><strong>consensu</strong></span> <span class='ocrx_word' id='word_1_627' title='bbox 1542 5154 1556 5193; x_wconf 89' lang='lat'><strong>:</strong></span> <span class='ocrx_word' id='word_1_628' title='bbox 1588 5138 1856 5209; x_wconf 87' lang='lat' dir='ltr'><strong>siquidem</strong></span> <span class='ocrx_word' id='word_1_629' title='bbox 1890 5139 2025 5209; x_wconf 79' lang='lat' dir='ltr'><strong>legi-</strong></span> 
     </span>
    </p>
   </div>
   <div class='ocr_carea' id='block_1_100' title="bbox 454 5226 2018 5301">
    <p class='ocr_par' dir='ltr' id='par_1_100' title="bbox 454 5226 2018 5301">
     <span class='ocr_line' id='line_1_100' title="bbox 454 5226 2018 5301; baseline 0.004 -20"><span class='ocrx_word' id='word_1_630' title='bbox 454 5226 583 5282; x_wconf 85' lang='lat' dir='ltr'><strong>time</strong></span> <span class='ocrx_word' id='word_1_631' title='bbox 628 5227 1020 5294; x_wconf 77' lang='lat' dir='ltr'><strong>contraxerint,</strong></span> <span class='ocrx_word' id='word_1_632' title='bbox 1053 5243 1154 5285; x_wconf 83' lang='lat' dir='ltr'><strong>nec</strong></span> <span class='ocrx_word' id='word_1_633' title='bbox 1192 5229 1302 5286; x_wconf 85' lang='lat' dir='ltr'><strong>sint</strong></span> <span class='ocrx_word' id='word_1_634' title='bbox 1340 5244 1406 5286; x_wconf 68' lang='lat' dir='ltr'><strong>ex</strong></span> <span class='ocrx_word' id='word_1_635' title='bbox 1444 5245 1631 5286; x_wconf 81' lang='lat' dir='ltr'><strong>earum</strong></span> <span class='ocrx_word' id='word_1_636' title='bbox 1660 5245 2018 5301; x_wconf 90' lang='lat' dir='ltr'><strong>personarum</strong></span> 
     </span>
    </p>
   </div>
   <div class='ocr_carea' id='block_1_101' title="bbox 454 5320 2021 5391">
    <p class='ocr_par' dir='ltr' id='par_1_101' title="bbox 454 5320 2021 5391">
     <span class='ocr_line' id='line_1_101' title="bbox 454 5320 2021 5391; baseline 0.001 -16"><span class='ocrx_word' id='word_1_637' title='bbox 454 5334 713 5389; x_wconf 87' lang='lat' dir='ltr'><strong>numero,</strong></span> <span class='ocrx_word' id='word_1_638' title='bbox 747 5335 871 5391; x_wconf 68' lang='lat' dir='ltr'><strong>qua:</strong></span> <span class='ocrx_word' id='word_1_639' title='bbox 900 5320 1183 5390; x_wconf 66' lang='lat' dir='ltr'><strong>prohibita:</strong></span> <span class='ocrx_word' id='word_1_640' title='bbox 1211 5332 1338 5377; x_wconf 91' lang='lat' dir='ltr'><strong>sunt</strong></span> <span class='ocrx_word' id='word_1_641' title='bbox 1373 5339 1387 5376; x_wconf 87' lang='lat'><strong>:</strong></span> <span class='ocrx_word' id='word_1_642' title='bbox 1425 5322 1526 5378; x_wconf 87' lang='lat' dir='ltr'><strong>hoc</strong></span> <span class='ocrx_word' id='word_1_643' title='bbox 1548 5332 1650 5389; x_wconf 88' lang='lat' dir='ltr'><strong>est,</strong></span> <span class='ocrx_word' id='word_1_644' title='bbox 1686 5326 2021 5378; x_wconf 83' lang='lat' dir='ltr'><strong>contrahun-</strong></span> 
     </span>
    </p>
   </div>
   <div class='ocr_carea' id='block_1_102' title="bbox 451 5410 2023 5485">
    <p class='ocr_par' dir='ltr' id='par_1_102' title="bbox 451 5410 2023 5485">
     <span class='ocr_line' id='line_1_102' title="bbox 451 5410 2023 5485; baseline 0.004 -22"><span class='ocrx_word' id='word_1_645' title='bbox 451 5417 540 5464; x_wconf 87' lang='lat' dir='ltr'><strong>tur</strong></span> <span class='ocrx_word' id='word_1_646' title='bbox 569 5425 665 5481; x_wconf 88' lang='lat' dir='ltr'><strong>per</strong></span> <span class='ocrx_word' id='word_1_647' title='bbox 687 5410 906 5480; x_wconf 86' lang='lat' dir='ltr'><strong>arrbas,</strong></span> <span class='ocrx_word' id='word_1_648' title='bbox 931 5412 1047 5470; x_wconf 85' lang='lat' dir='ltr'><strong>sive</strong></span> <span class='ocrx_word' id='word_1_649' title='bbox 1068 5426 1165 5483; x_wconf 88' lang='lat' dir='ltr'><strong>per</strong></span> <span class='ocrx_word' id='word_1_650' title='bbox 1193 5412 1455 5484; x_wconf 86' lang='lat' dir='ltr'><strong>hypobola</strong></span> <span class='ocrx_word' id='word_1_651' title='bbox 1478 5413 1574 5484; x_wconf 76' lang='grc' dir='ltr'>(ί),</span> <span class='ocrx_word' id='word_1_652' title='bbox 1596 5414 1709 5471; x_wconf 86' lang='lat' dir='ltr'><strong>sive</strong></span> <span class='ocrx_word' id='word_1_653' title='bbox 1739 5428 1835 5485; x_wconf 88' lang='lat' dir='ltr'><strong>per</strong></span> <span class='ocrx_word' id='word_1_654' title='bbox 1887 5414 2023 5471; x_wconf 83' lang='lat' dir='ltr'><strong>scri-</strong></span> 
     </span>
    </p>
   </div>
   <div class='ocr_carea' id='block_1_103' title="bbox 450 5507 657 5570">
    <p class='ocr_par' dir='ltr' id='par_1_103' title="bbox 450 5507 657 5570">
     <span class='ocr_line' id='line_1_103' title="bbox 450 5507 657 5570; baseline 0.024 -17"><span class='ocrx_word' id='word_1_655' title='bbox 450 5507 657 5570; x_wconf 82' lang='lat' dir='ltr'><strong>pturas.</strong></span> 
     </span>
    </p>
   </div>
   <div class='ocr_carea' id='block_1_104' title="bbox 2122 4426 3586 4514">
    <p class='ocr_par' dir='ltr' id='par_1_104' title="bbox 2122 4426 3586 4514">
     <span class='ocr_line' id='line_1_104' title="bbox 2122 4426 3586 4514; baseline 0.005 -32"><span class='ocrx_word' id='word_1_656' title='bbox 2122 4430 2169 4483; x_wconf 84' lang='grc' dir='ltr'>εἰ</span> <span class='ocrx_word' id='word_1_657' title='bbox 2201 4426 2578 4492; x_wconf 82' lang='grc' dir='ltr'>καθοσιώσεως</span> <span class='ocrx_word' id='word_1_658' title='bbox 2605 4426 2857 4500; x_wconf 80' lang='grc' dir='ltr'>ἔγκλημα</span> <span class='ocrx_word' id='word_1_659' title='bbox 2890 4429 2924 4500; x_wconf 73' lang='grc' dir='ltr'>ἢ</span> <span class='ocrx_word' id='word_1_660' title='bbox 2954 4430 3292 4503; x_wconf 81' lang='grc' dir='ltr'>κατηγορίαν</span> <span class='ocrx_word' id='word_1_661' title='bbox 3312 4432 3586 4514; x_wconf 75' lang='grc' dir='ltr'>περιέχει.</span> 
     </span>
    </p>
   </div>
   <div class='ocr_carea' id='block_1_105' title="bbox 2712 4537 3103 4597">
    <p class='ocr_par' dir='ltr' id='par_1_105' title="bbox 2712 4537 3103 4597">
     <span class='ocr_line' id='line_1_105' title="bbox 2712 4537 3103 4597; baseline 0.013 -5"><span class='ocrx_word' id='word_1_662' title='bbox 2712 4538 2962 4594; x_wconf 81' lang='grc' dir='ltr'><strong>ΤΙΤΛΟΣ</strong></span> <span class='ocrx_word' id='word_1_663' title='bbox 2998 4537 3103 4597; x_wconf 80' lang='grc' dir='ltr'><strong>1Δ’.</strong></span> 
     </span>
    </p>
   </div>
   <div class='ocr_carea' id='block_1_106' title="bbox 2121 4630 3697 4706">
    <p class='ocr_par' dir='ltr' id='par_1_106' title="bbox 2121 4630 3697 4706">
     <span class='ocr_line' id='line_1_106' title="bbox 2121 4630 3697 4706; baseline 0.004 -19"><span class='ocrx_word' id='word_1_664' title='bbox 2121 4630 2283 4706; x_wconf 66' lang='grc' dir='ltr'><strong>ΠερὶΔ</strong></span> <span class='ocrx_word' id='word_1_665' title='bbox 2305 4631 2668 4706; x_wconf 58' lang='grc' dir='ltr'>συστάσεως</span> <span class='ocrx_word' id='word_1_666' title='bbox 2682 4636 3052 4706; x_wconf 73' lang='grc' dir='ltr'>μνηστείας,</span> <span class='ocrx_word' id='word_1_667' title='bbox 3083 4635 3179 4706; x_wconf 71' lang='grc' dir='ltr'><strong>καί</strong></span> <span class='ocrx_word' id='word_1_668' title='bbox 3208 4634 3446 4701; x_wconf 73' lang='grc' dir='ltr'>λύσεως</span> <span class='ocrx_word' id='word_1_669' title='bbox 3481 4637 3697 4706; x_wconf 76' lang='grc' dir='ltr'>αὐτῆς,</span> 
     </span>
    </p>
   </div>
   <div class='ocr_carea' id='block_1_107' title="bbox 2192 4701 3699 4825">
    <p class='ocr_par' dir='ltr' id='par_1_107' title="bbox 2192 4701 3699 4825">
     <span class='ocr_line' id='line_1_107' title="bbox 2192 4701 3699 4825; baseline 0.005 -72"><span class='ocrx_word' id='word_1_670' title='bbox 2192 4701 2289 4825; x_wconf 50' lang='lat' dir='ltr'><strong>Sal</strong></span> <span class='ocrx_word' id='word_1_671' title='bbox 2313 4702 2447 4824; x_wconf 57' lang='grc' dir='ltr'>πιὲρὶ</span> <span class='ocrx_word' id='word_1_672' title='bbox 2476 4701 2753 4771; x_wconf 65' lang='grc' dir='ltr'>ὀρφανῶν</span> <span class='ocrx_word' id='word_1_673' title='bbox 2766 4705 3300 4774; x_wconf 75' lang='grc' dir='ltr'>μνηστευομένων,</span> <span class='ocrx_word' id='word_1_674' title='bbox 3328 4707 3427 4761; x_wconf 76' lang='grc' dir='ltr'>καὶ</span> <span class='ocrx_word' id='word_1_675' title='bbox 3442 4701 3699 4777; x_wconf 43' lang='lat' dir='ltr'><strong>perage;</strong></span> 
     </span>
     <span class='ocr_line' id='line_1_108' title="bbox 2240 4787 2528 4825; baseline 0.003 -2"><span class='ocrx_word' id='word_1_676' title='bbox 2240 4787 2335 4825; x_wconf 81' lang='grc' dir='ltr'><strong>ουι</strong></span> <span class='ocrx_word' id='word_1_677' title='bbox 2426 4788 2528 4825; x_wconf 89' lang='grc' dir='ltr'><strong>ων.</strong></span> 
     </span>
    </p>
   </div>
   <div class='ocr_carea' id='block_1_108' title="bbox 2240 4787 2528 4838">
    <p class='ocr_par' dir='ltr' id='par_1_108' title="bbox 2240 4787 2528 4838">
     <span class='ocr_line' id='line_1_109' title="bbox 2240 4787 2528 4838; baseline 0.003 -15"><span class='ocrx_word' id='word_1_678' title='bbox 2240 4787 2528 4838; x_wconf 79' lang='grc' dir='ltr'>ουμενων.</span> 
     </span>
    </p>
   </div>
   <div class='ocr_carea' id='block_1_109' title="bbox 2204 4850 3698 4934">
    <p class='ocr_par' dir='ltr' id='par_1_109' title="bbox 2204 4850 3698 4934">
     <span class='ocr_line' id='line_1_110' title="bbox 2204 4850 3698 4934; baseline 0.002 -20"><span class='ocrx_word' id='word_1_679' title='bbox 2204 4850 2273 4914; x_wconf 66' lang='grc' dir='ltr'>αδ.</span> <span class='ocrx_word' id='word_1_680' title='bbox 2307 4861 2631 4915; x_wconf 85' lang='grc' dir='ltr'>Συνίσταται</span> <span class='ocrx_word' id='word_1_681' title='bbox 2665 4861 2929 4933; x_wconf 87' lang='grc' dir='ltr'>μνηστεία</span> <span class='ocrx_word' id='word_1_682' title='bbox 2985 4862 3326 4934; x_wconf 77' lang='grc' dir='ltr'>Χριστιανῶν</span> <span class='ocrx_word' id='word_1_683' title='bbox 3354 4864 3447 4920; x_wconf 74' lang='grc' dir='ltr'>ἐπὶ</span> <span class='ocrx_word' id='word_1_684' title='bbox 3484 4867 3596 4928; x_wconf 85' lang='grc' dir='ltr'>τοῖς</span> <span class='ocrx_word' id='word_1_685' title='bbox 3641 4883 3698 4918; x_wconf 88' lang='grc' dir='ltr'><strong>εν</strong></span> 
     </span>
    </p>
   </div>
   <div class='ocr_carea' id='block_1_110' title="bbox 2129 4950 3701 5025">
    <p class='ocr_par' dir='ltr' id='par_1_110' title="bbox 2129 4950 3701 5025">
     <span class='ocr_line' id='line_1_111' title="bbox 2129 4950 3701 5025; baseline 0.003 -21"><span class='ocrx_word' id='word_1_686' title='bbox 2129 4952 2322 5024; x_wconf 79' lang='grc' dir='ltr'>πρώτῃ</span> <span class='ocrx_word' id='word_1_687' title='bbox 2341 4952 2526 5024; x_wconf 78' lang='grc' dir='ltr'>ἡλικίᾳ</span> <span class='ocrx_word' id='word_1_688' title='bbox 2548 4953 2654 5005; x_wconf 79' lang='grc' dir='ltr'><strong>ἀπὸ</strong></span> <span class='ocrx_word' id='word_1_689' title='bbox 2675 4950 2971 5016; x_wconf 78' lang='grc' dir='ltr'>ἑπταετοῦς</span> <span class='ocrx_word' id='word_1_690' title='bbox 2993 4953 3211 5025; x_wconf 84' lang='grc' dir='ltr'>χρόνου,</span> <span class='ocrx_word' id='word_1_691' title='bbox 3226 4954 3320 5008; x_wconf 79' lang='grc' dir='ltr'>καὶ</span> <span class='ocrx_word' id='word_1_692' title='bbox 3347 4954 3427 5018; x_wconf 83' lang='grc' dir='ltr'>εἰς</span> <span class='ocrx_word' id='word_1_693' title='bbox 3442 4955 3532 5008; x_wconf 82' lang='grc' dir='ltr'><strong>τὸν</strong></span> <span class='ocrx_word' id='word_1_694' title='bbox 3550 4955 3701 5024; x_wconf 77' lang='grc' dir='ltr'>ἑξῆς,</span> 
     </span>
    </p>
   </div>
   <div class='ocr_carea' id='block_1_111' title="bbox 2127 5043 3703 5118">
    <p class='ocr_par' dir='ltr' id='par_1_111' title="bbox 2127 5043 3703 5118">
     <span class='ocr_line' id='line_1_112' title="bbox 2127 5043 3703 5118; baseline 0.001 -21"><span class='ocrx_word' id='word_1_695' title='bbox 2127 5043 2192 5097; x_wconf 73' lang='grc' dir='ltr'>ἐκ</span> <span class='ocrx_word' id='word_1_696' title='bbox 2222 5061 2279 5097; x_wconf 89' lang='grc' dir='ltr'><strong>τε</strong></span> <span class='ocrx_word' id='word_1_697' title='bbox 2302 5045 2397 5114; x_wconf 89' lang='grc' dir='ltr'><strong>τῆς</strong></span> <span class='ocrx_word' id='word_1_698' title='bbox 2419 5044 2527 5097; x_wconf 89' lang='grc' dir='ltr'><strong>τῶν</strong></span> <span class='ocrx_word' id='word_1_699' title='bbox 2559 5045 3010 5116; x_wconf 81' lang='grc' dir='ltr'>μνηστευομένων</span> <span class='ocrx_word' id='word_1_700' title='bbox 3032 5046 3343 5118; x_wconf 80' lang='grc' dir='ltr'>ἀρεσκείας,</span> <span class='ocrx_word' id='word_1_701' title='bbox 3375 5047 3473 5102; x_wconf 68' lang='grc' dir='ltr'><strong>καλ⁸</strong></span> <span class='ocrx_word' id='word_1_702' title='bbox 3513 5048 3611 5118; x_wconf 84' lang='grc' dir='ltr'><strong>τῆς</strong></span> <span class='ocrx_word' id='word_1_703' title='bbox 3638 5050 3703 5100; x_wconf 76' lang='grc' dir='ltr'>ἐκ</span> 
     </span>
    </p>
   </div>
   <div class='ocr_carea' id='block_1_112' title="bbox 2131 5134 3699 5205">
    <p class='ocr_par' dir='ltr' id='par_1_112' title="bbox 2131 5134 3699 5205">
     <span class='ocr_line' id='line_1_113' title="bbox 2131 5134 3699 5205; baseline 0.003 -18"><span class='ocrx_word' id='word_1_704' title='bbox 2131 5135 2333 5203; x_wconf 78' lang='grc' dir='ltr'>γονέων</span> <span class='ocrx_word' id='word_1_705' title='bbox 2376 5135 2472 5188; x_wconf 74' lang='grc' dir='ltr'>καὶ</span> <span class='ocrx_word' id='word_1_706' title='bbox 2519 5134 2796 5204; x_wconf 83' lang='grc' dir='ltr'>συγγενῶν</span> <span class='ocrx_word' id='word_1_707' title='bbox 2843 5136 3023 5190; x_wconf 80' lang='grc' dir='ltr'>αὐτῶν</span> <span class='ocrx_word' id='word_1_708' title='bbox 3071 5139 3448 5205; x_wconf 86' lang='grc' dir='ltr'>συναινέσεως,</span> <span class='ocrx_word' id='word_1_709' title='bbox 3512 5139 3607 5192; x_wconf 70' lang='grc' dir='ltr'><strong>ἐὰν</strong></span> <span class='ocrx_word' id='word_1_710' title='bbox 3650 5140 3699 5191; x_wconf 80' lang='lat' dir='ltr'><strong>oi</strong></span> 
     </span>
    </p>
   </div>
   <div class='ocr_carea' id='block_1_113' title="bbox 2133 5223 3699 5304">
    <p class='ocr_par' dir='ltr' id='par_1_113' title="bbox 2133 5223 3699 5304">
     <span class='ocr_line' id='line_1_114' title="bbox 2133 5223 3699 5304; baseline 0.003 -25"><span class='ocrx_word' id='word_1_711' title='bbox 2133 5225 2594 5290; x_wconf 85' lang='grc' dir='ltr'>συναλλάσσοντες</span> <span class='ocrx_word' id='word_1_712' title='bbox 2629 5226 2878 5298; x_wconf 83' lang='grc' dir='ltr'>νομίμως</span> <span class='ocrx_word' id='word_1_713' title='bbox 2900 5228 3325 5297; x_wconf 82' lang='grc' dir='ltr'>συναλλάσσωσι,</span> <span class='ocrx_word' id='word_1_714' title='bbox 3350 5232 3443 5285; x_wconf 72' lang='grc' dir='ltr'><strong>καὶ</strong></span> <span class='ocrx_word' id='word_1_715' title='bbox 3471 5229 3548 5304; x_wconf 77' lang='grc' dir='ltr'>μὴ</span> <span class='ocrx_word' id='word_1_716' title='bbox 3567 5223 3699 5284; x_wconf 76' lang='grc' dir='ltr'>ὦσιν</span> 
     </span>
    </p>
   </div>
   <div class='ocr_carea' id='block_1_114' title="bbox 2129 5304 3703 5396">
    <p class='ocr_par' dir='ltr' id='par_1_114' title="bbox 2129 5304 3703 5396">
     <span class='ocr_line' id='line_1_115' title="bbox 2129 5304 3703 5396; baseline 0.003 -22"><span class='ocrx_word' id='word_1_717' title='bbox 2129 5321 2194 5374; x_wconf 81' lang='grc' dir='ltr'>ὲκ</span> <span class='ocrx_word' id='word_1_718' title='bbox 2250 5304 2357 5372; x_wconf 89' lang='grc' dir='ltr'><strong>τῶν</strong></span> <span class='ocrx_word' id='word_1_719' title='bbox 2412 5319 2810 5391; x_wconf 87' lang='grc' dir='ltr'>κεκωλυμένων</span> <span class='ocrx_word' id='word_1_720' title='bbox 2835 5359 2851 5386; x_wconf 94' lang='grc'><strong>,</strong></span> <span class='ocrx_word' id='word_1_721' title='bbox 2882 5321 3168 5390; x_wconf 81' lang='grc' dir='ltr'>τουτέστι,</span> <span class='ocrx_word' id='word_1_722' title='bbox 3215 5323 3282 5378; x_wconf 83' lang='grc' dir='ltr'>δι’</span> <span class='ocrx_word' id='word_1_723' title='bbox 3322 5321 3655 5396; x_wconf 75' lang='grc' dir='ltr'>άῤῥαϐώνων</span> <span class='ocrx_word' id='word_1_724' title='bbox 3681 5359 3703 5387; x_wconf 74' lang='grc'><strong>,</strong></span> 
     </span>
    </p>
   </div>
   <div class='ocr_carea' id='block_1_115' title="bbox 2129 5413 3127 5489">
    <p class='ocr_par' dir='ltr' id='par_1_115' title="bbox 2129 5413 3127 5489">
     <span class='ocr_line' id='line_1_116' title="bbox 2129 5413 3127 5489; baseline 0.005 -22"><span class='ocrx_word' id='word_1_725' title='bbox 2129 5415 2300 5485; x_wconf 73' lang='grc' dir='ltr'>ῆγουν</span> <span class='ocrx_word' id='word_1_726' title='bbox 2329 5413 2626 5485; x_wconf 77' lang='grc' dir='ltr'>ὐποϐὁλων,</span> <span class='ocrx_word' id='word_1_727' title='bbox 2651 5415 2684 5487; x_wconf 77' lang='grc' dir='ltr'><strong>ἢ</strong></span> <span class='ocrx_word' id='word_1_728' title='bbox 2715 5415 2784 5471; x_wconf 86' lang='grc' dir='ltr'>δι’</span> <span class='ocrx_word' id='word_1_729' title='bbox 2812 5416 3127 5489; x_wconf 72' lang='grc' dir='ltr'>ἐγγράφων.</span> 
     </span>
    </p>
   </div>
   <div class='ocr_carea' id='block_1_116' title="bbox 522 5614 2187 5694">
    <p class='ocr_par' dir='ltr' id='par_1_116' title="bbox 522 5614 2187 5694">
     <span class='ocr_line' id='line_1_117' title="bbox 522 5614 2187 5694; baseline 0.005 -26"><span class='ocrx_word' id='word_1_730' title='bbox 522 5614 599 5686; x_wconf 86' lang='lat' dir='ltr'><strong>(l)</strong></span> <span class='ocrx_word' id='word_1_731' title='bbox 631 5615 689 5670; x_wconf 84' lang='lat' dir='ltr'><strong>id</strong></span> <span class='ocrx_word' id='word_1_732' title='bbox 736 5625 841 5683; x_wconf 87' lang='lat' dir='ltr'><strong>est,</strong></span> <span class='ocrx_word' id='word_1_733' title='bbox 890 5618 1224 5674; x_wconf 86' lang='lat' dir='ltr'><strong>incrementa</strong></span> <span class='ocrx_word' id='word_1_734' title='bbox 1259 5618 1423 5685; x_wconf 89' lang='lat' dir='ltr'><strong>dotis,</strong></span> <span class='ocrx_word' id='word_1_735' title='bbox 1473 5626 1601 5675; x_wconf 84' lang='lat' dir='ltr'><strong>ante</strong></span> <span class='ocrx_word' id='word_1_736' title='bbox 1647 5622 1865 5691; x_wconf 89' lang='lat' dir='ltr'><strong>nuptias</strong></span> <span class='ocrx_word' id='word_1_737' title='bbox 1898 5626 2187 5694; x_wconf 72' lang='lat' dir='ltr'><strong>promissa.</strong></span> 
     </span>
    </p>
   </div>
  </div>
