4058 6212
363 335 469 399 493

1630 334 2020 393 DELECTUS
2057 334 2340 395 LEGUM.

3492 343 3598 406 494

430 448 493 519 β’.
534 443 673 498 Είδὲ
712 442 840 515 δόξῃ
864 442 953 494 τὸν
983 442 1190 494 διδόντα
1227 441 1317 493 τὸν
1349 441 1643 511 ἀρραϐῶνα
1679 442 1926 513 διαστρέ-

2099 443 2151 496 2.
2185 444 2334 509 Quod
2367 445 2410 496 si
2446 445 2618 499 visum
2659 445 2824 500 fuerit
2864 448 2933 514 ei,
2966 449 3053 517 qui
3087 451 3301 505 art-liam
3327 452 3493 519 dedit,
3519 457 3604 510 di-

362 541 481 607 ψαι,
515 537 607 589 καὶ
636 535 712 604 μὴ
745 531 1093 597 συναλλάξαι,
1143 532 1396 584 ἁπόλλειν
1426 532 1588 583 αὑτὸν
1633 528 1725 584 τὸν
1754 533 1926 603 ἀρρα-

362 629 525 681 ὅῶνα.

431 718 500 787 γ’.
538 718 597 770 El
620 718 677 770 δὲ
713 715 775 769 τὸ
803 715 965 785 μέρος
995 713 1096 782 τῆς
1143 712 1311 784 κόρης
1337 713 1536 783 θελήσῃ
1584 714 1926 786 διαστρέψαι,

363 817 456 866 καὶ
496 813 571 882 μὴ
635 807 981 871 συναλλάξαι,
1041 806 1327 873 παρεχέτω
1372 806 1591 859 διπλοῦν
1621 807 1712 859 τὸν
1758 809 1929 878 ἀρρα-

363 904 529 967 ϐὡνα,
594 899 869 953 τουτέστιν
922 896 1087 951 αὑτὸν
1142 897 1233 949 τὸν
1284 898 1601 967 ἀρραϐῶνα,
1659 901 1755 952 καὶ
1803 900 1929 953 ἄλλο

363 993 632 1046 τοσοῦτον.

434 1086 494 1140 δ’.
520 1086 582 1139 El
608 1086 663 1139 δὲ
687 1086 981 1157 ἐγγράφως
1007 1088 1249 1156 στιχήσει
1275 1104 1379 1148 τις,
1412 1086 1501 1137 καὶ
1520 1084 1658 1150 δόξει
1683 1085 1929 1156 διαστρέ-

363 1178 493 1245 ψαι,
554 1177 691 1230 κατὰ
743 1179 803 1231 τὸ
853 1178 1131 1247 ἔγγραφον
1188 1176 1354 1232 αὑτοῦ
1411 1177 1811 1247 ἀπολογήσεται
1855 1179 1924 1249 τῇ

363 1268 515 1339 κόρῃ.

430 1360 490 1415 ε’.
530 1362 591 1413 Εἰ
619 1362 675 1414 δὲ
706 1363 765 1415 τὸ
792 1361 955 1430 μέρος
1008 1361 1108 1430 τῆς
1138 1363 1305 1431 κόρης
1357 1362 1523 1430 χωρὶς
1554 1359 1729 1421 αιτίας
1779 1359 1928 1427 νόμῳ

361 1454 770 1523 γνωριζομένης
796 1453 1078 1521 δοκιμάζει
1109 1452 1449 1522 διαστρέψαι,
1468 1451 1533 1537 τὸ¹
1558 1451 1689 1501 αὑτὸ
1711 1452 1925 1517 μέτρον,

361 1546 497 1613 ὅπερ
541 1545 833 1613 ἐγγράφως
887 1546 1094 1605 ἐκεῖνος
1140 1543 1481 1611 ὡμολόγησε,
1523 1540 1808 1609 παρεχέτω
1853 1537 1931 1608 τῷ

364 1636 850 1704 μνηστευσαμένῳ,
887 1634 1024 1704 μετὰ
1046 1636 1140 1687 καὶ⁸
1161 1634 1261 1703 τῆς
1282 1633 1412 1703 παρ’
1437 1630 1600 1685 αὑτοῦ
1634 1632 1930 1700 γενομένης

360 1726 672 1796 ὁμολογίας,
706 1726 800 1778 καὶ
825 1726 1242 1781 ἀπαλλασσέτω.

2040 543 2274 598 vertere,
2333 549 2431 587 nec
2506 537 2768 603 perlicere
2817 550 3175 604 contractum,
3224 545 3441 598 arrham
3492 547 3603 616 ipse

2039 622 2269 676 amittat.

2108 714 2162 768 '5.
2198 711 2293 768 Sin
2316 715 2505 783 puellae
2542 731 2666 783 pars
2700 719 2988 787 divertere,
3024 738 3122 778 nec
3158 729 3480 783 contrahere
3504 745 3600 784 vo-

2040 802 2220 865 luerit,
2272 804 2491 858 arrham
2517 806 2731 874 duplam
2758 810 3233 878 prastet,hocest,
3270 816 3485 870 arrham
3518 818 3603 887 ip-

2038 908 2173 960 sam,
2204 906 2258 950 et
2283 896 2510 951 alterum
2546 907 2773 954 tantum.

2106 1076 2157 1131 4.
2193 1077 2347 1142 Quod
2376 1079 2419 1133 si
2451 1080 2575 1149 quis
2602 1081 2993 1138 interveniente
3046 1088 3314 1155 scriptura
3344 1106 3452 1145 rem
3480 1109 3603 1163 per-

2036 1169 2228 1237 egerit,
2253 1170 2307 1222 et
2335 1170 2602 1226 divertere
2624 1174 2800 1228 visum
2826 1171 3024 1227 fuerit:
3058 1180 3353 1233 secundum
3379 1182 3429 1237 id
3460 1187 3602 1253 quod

2037 1258 2304 1328 scriptura
2346 1263 2675 1328 continetur,
2712 1263 2901 1332 puella:
2930 1266 3248 1321 satisfaciet.

2107 1350 2160 1403 5.
2201 1352 2271 1403 At
2306 1353 2348 1405 si
2394 1353 2583 1422 puella:
2626 1368 2751 1422 pars
2798 1356 3002 1424 absque
3047 1373 3209 1413 causa
3246 1361 3359 1431 lege
3391 1365 3603 1432 cognita

2039 1441 2411 1496 diverteudum
2461 1447 2673 1509 statuit,
2716 1448 2959 1502 eamdem
2986 1464 3273 1519 summam,
3321 1454 3471 1521 cujus
3516 1458 3606 1512 ille

2041 1531 2261 1584 nomine
2302 1548 2398 1599 per
2435 1535 2763 1602 scripturam
2798 1538 2958 1601 cavit,
2989 1554 3186 1608 sponso
3210 1556 3450 1612 praestet,
3500 1563 3605 1602 una

2040 1635 2163 1673 cum
2206 1622 2459 1676 cautione
2493 1624 2560 1677 ab
2591 1626 2706 1692 ipso
2732 1627 2997 1695 exposita,
3038 1641 3092 1686 et
3121 1648 3150 1686 a
3186 1644 3468 1692 contractu
3499 1640 3606 1694 dis-

2039 1711 2215 1763 cedat.

434 1814 507 1879 ς·’.
539 1789 601 1868 Εἰ
633 1816 690 1868 δέ
712 1832 793 1877 τις
815 1818 1122 1887 ὁρμάσηται
1150 1818 1339 1887 κόρην,
1361 1817 1457 1870 καὶ
1481 1816 1609 1877 ἴσως
1638 1815 1728 1867 διὰ
1750 1816 1929 1885 μῖσος,

2109 1801 2160 1856 6.
2195 1802 2249 1855 Si
2284 1804 2403 1870 quis
2441 1815 2619 1858 autem
2652 1806 2881 1874 puellam
2914 1809 3150 1877 petierit,
3185 1821 3238 1865 et
3269 1813 3513 1868 fortassis
3537 1830 3601 1869 ex

361 1908 394 1976 ἦ
436 1908 634 1978 τρόπον
669 1909 758 1961 τὸν
798 1908 1129 1978 οἱονδήποτε,
1172 1908 1521 1978 ὑπερτίθεται
1563 1908 1787 1976 ποιῆσαι
1838 1907 1929 1959 τὸν

361 2002 560 2070 γάμον,
588 2001 691 2063 ἕως
720 2002 811 2054 δύο
836 2002 971 2053 ἐτῶν
1015 2000 1333 2053 ὑποκεῖσθαι
1379 2001 1475 2069 τὴν
1504 2001 1673 2070 κόρην
1708 2001 1926 2068 ἐκδέχεο

365 2091 490 2141 σθαι
511 2091 692 2156 αὑτὸν,
724 2093 820 2143 καὶ
851 2094 988 2159 μετὰ
1014 2091 1172 2143 τοῦτο
1200 2091 1289 2142 ἵνα
1319 2090 1757 2167 διαμαρτύρηται
1783 2090 1931 2159 αὑτῷ

364 2178 425 2229 τὸ
456 2178 621 2247 μέρος
643 2179 739 2248 τῆς
770 2180 959 2251 κόρης,
990 2180 1215 2247 ποιῆσαι
1243 2179 1332 2232 τὸν
1358 2180 1554 2249 γάμον.
1590 2181 1700 2232 Καὶ
1745 2182 1792 2231 εἰ
1834 2180 1932 2249 μὲν

364 2268 747 2331 καταδέξεται·
774 2271 1046 2337 ὲπείτοιγε
1095 2269 1280 2322 ἄδειαν
1309 2270 1450 2338 ἔχειν
1485 2270 1583 2339 τὴν
1617 2270 1784 2339 κόρην
1808 2271 1931 2333 ζευ-

363 2355 559 2424 χθῆναι
584 2352 731 2423 ᾧτινι
758 2357 1029 2426 βούλεται,
1058 2361 1433 2432 ὲγκρατοῦσαν
1462 2361 1554 2413 καὶ
1585 2358 1931 2429 ἂπερέλαϐεν

362 2445 426 2495 ἐκ
446 2444 538 2496 τοῦ
559 2446 982 2514 μνηστευθέντος
1013 2449 1171 2519 αὐτῇ.
1220 2515 1235 2523 ’

435 2534 498 2597 ζ’.
528 2535 586 2586 Et
624 2534 680 2586 δὲ
703 2536 810 2587 εἰσὶ
831 2536 1018 2600 παῖδες
1051 2538 1126 2607 μὴ
1156 2538 1370 2608 ἔχοντες
1400 2543 1594 2608 γονεῖς,
1626 2540 1733 2593 εἴτε
1773 2541 1932 2594 παλι-

366 2624 576 2694 κάριον,
604 2626 711 2677 εἴτε
740 2626 1011 2697 κοράσιον,
1038 2630 1131 2681 καὶ
1159 2628 1219 2692 ἐξ
1246 2630 1518 2699 ὑποϐολῆς
1557 2649 1717 2684 τινων
1742 2634 1931 2702 ἐποίη-

368 2735 465 2772 σαν
494 2721 811 2790 μνηστείαν,
844 2723 939 2774 καὶ
987 2722 1210 2794 ὕστερον
1258 2725 1615 2794 μετενόησαν,
1676 2726 1780 2788 ἕως
1837 2726 1931 2778 τοῦ

367 2810 856 2863 πεντεκαιδεκάτου
926 2814 1120 2883 χρόνου
1160 2813 1343 2869 ἄδειαν
1385 2815 1530 2886 ἔχειν
1575 2815 1837 2868 ἀναλῦσαι
1872 2817 1933 2869 τὸ

371 2903 721 2973 συνάλλαγμα
754 2903 1024 2973 ἀζημίως,
1074 2907 1149 2969 ὡς
1209 2907 1463 2976 ὀρφανῶν
1505 2907 1684 2961 αὑτῶν
1738 2910 1929 2972 ὄντων,

368 2994 463 3047 καὶ
518 2994 593 3063 μὴ
647 2996 1027 3061 γινωσκόντων
1079 2997 1148 3049 τὰ
1200 2999 1547 3067 συμφέροντα
1602 2998 1805 3059 αὑτοῖς.
1870 2999 1933 3051 El

2035 1892 2182 1955 odio,
2212 1893 2295 1945 vel
2332 1894 2437 1948 alio
2465 1910 2785 1965 quocunque
2830 1901 2988 1952 modo
3016 1902 3233 1969 nuptias
3263 1906 3482 1972 exsequi
3514 1922 3605 1959 su-

2034 1986 2376 2053 persederit:
2411 1986 2478 2041 ad
2522 1987 2799 2042 biennium
2844 1991 3017 2058 puella
3064 2001 3297 2056 tenetur,
3331 1996 3602 2049 hominem

2034 2093 2092 2136 ut
2121 2091 2423 2153 exspectet,
2455 2100 2561 2154 quo
2593 2087 2841 2152 decurso,
2881 2087 3223 2143 testationem
3264 2092 3452 2160 puellae
3478 2109 3603 2162 pars

2037 2175 2366 2241 interponat,
2395 2184 2452 2228 ut
2485 2177 2697 2244 nuptias
2724 2189 3070 2245 exsequatur.
3099 2181 3177 2234 Ac
3201 2182 3467 2251 siquidem
3504 2199 3601 2251 pa-

2037 2266 2232 2330 ruerit,
2268 2273 2414 2320 recte
2443 2277 2524 2319 est
2571 2284 2582 2317 :
2632 2268 2714 2322 sin
2763 2279 2964 2332 autem,
3001 2272 3188 2339 puellae
3232 2274 3461 2328 facultas
3489 2284 3604 2329 esto

2037 2357 2270 2410 nubendi
2298 2356 2381 2410 cui
2401 2356 2564 2423 volet,
2588 2372 2649 2412 ea
2677 2374 2892 2428 quoque
2917 2363 3187 2429 retinenti,
3211 2378 3330 2432 quae
3354 2380 3382 2418 a
3405 2381 3603 2434 sponso

2035 2456 2320 2500 consecuta
2358 2447 2477 2500 fuit.

2110 2537 2159 2589 7.
2193 2536 2343 2603 Quod
2395 2540 2439 2593 si
2483 2541 2633 2609 pueri
2701 2552 2825 2597 sunt
2877 2546 3192 2611 parentibus
3234 2547 3445 2611 orbati,
3492 2547 3606 2599 sive

2038 2631 2330 2697 masculus,
2381 2633 2496 2686 sive
2539 2636 2739 2703 puella,
2785 2647 2835 2691 et
2888 2639 3100 2694 hortatu
3151 2657 3213 2695 ac
3260 2645 3606 2713 suggestione

2037 2723 2390 2791 quorumdam
2440 2727 2712 2796 sponsalia
2759 2739 3167 2797 contraxerunt,
3205 2750 3430 2803 quorum
3456 2747 3603 2804 post~

2038 2828 2098 2871 ea
2143 2817 2437 2884 paenituit:
2483 2819 2549 2872 ad
2590 2820 2857 2874 decimum
2904 2824 3150 2891 quintum
3198 2841 3395 2879 annum
3439 2843 3606 2896 usque

2036 2909 2309 2963 licentiam
2339 2910 2568 2964 habeant
2591 2912 2724 2965 citra
2753 2928 2963 2980 poenam
3009 2917 3347 2973 rescindendi
3393 2930 3606 2974 contra-

2040 3007 2207 3063 ctum,
2242 3006 2299 3051 ut
2341 3000 2431 3068 qui
2482 2999 2666 3069 pupilli
2708 3002 2839 3067 sint,
2873 3018 2971 3056 nec
2999 3005 3126 3072 quid
3178 3007 3305 3075 ipsis
3334 3010 3604 3076 expediat,

369 3083 426 3135 δὲ
475 3085 551 3147 εἰς
584 3085 799 3154 ἠλικίαν
848 3086 1094 3152 ἔλθωσιν,
1138 3088 1213 3151 ὼς
1273 3090 1534 3160 φρόνησιν
1585 3090 1841 3160 ἕχοντες,“
1880 3091 1934 3143 εἴ

2045 3087 2367 3159 intelligant.
2415 3092 2494 3144 Ad
2537 3092 2874 3160 pubertatem
2906 3109 3034 3149 vero
3067 3097 3110 3149 si
3154 3100 3518 3163 pervenerint,
3554 3110 3608 3153 et

369 3191 422 3227 τι
441 3178 757 3246 ποιήσωσιν,
784 3180 882 3231 οὑκ
911 3178 1121 3249 ἔχουσιν
1140 3180 1323 3234 ἄδειαν
1351 3180 1443 3235 τοῦ
1475 3182 1665 3259 λοιποὺ
1688 3183 1936 3253 διαστρέυ

371 3267 487 3336 eat.

965 3453 1212 3507 ΤΙΤΛΟΣ
1240 3455 1338 3508 ΙΒ’.

372 3557 518 3639 Περὶ,
548 3558 757 3639 γάμων.
790 3560 1302 3639 ξπιτεχτραμμένωιζ
1347 3568 1443 3619 καὶ
1488 3574 1936 3639 κεκωλυμένων,

408 3626 638 3694 πρώτου
665 3629 761 3682 καὶ
789 3626 1427 3704 δευτέρού,’ὲγπρὰςςου
1476 3640 1573 3691 καὶ
1605 3626 1899 3710 ἀγρὶὶφουν.

441 3818 510 3863 α’.
544 3810 865 3864 Συνίσταται
892 3814 1069 3882 γάμος
1089 3817 1430 3885 Χριστιανῶν
1474 3824 1585 3874 εἴτε
1622 3825 1935 3894 ἐγγράφως,

374 3902 486 3952 εἴτε
546 3900 832 3969 ἀγράφως,
883 3903 1087 3970 μεταξὺ
1137 3907 1329 3976 ἀνδρὸς
1373 3910 1466 3964 καὶ
1520 3914 1799 3977 γυναικὸς,
1844 3916 1938 3967 τοῦ

372 3990 513 4044 εἶναι
546 3992 643 4061 τὴν
675 3993 888 4060 ἠλικίαν
922 3995 1055 4063 πρὸς
1108 3998 1404 4065 συνάφειαι)
1430 4003 1806 4073 ἡρμοσμένην,
1843 4005 1937 4058 τοῦ

373 4083 472 4153 μὲν
505 4085 716 4153 ἀνδρὸς,
752 4086 860 4138 ἀπὸ
890 4089 1434 4155 πεντεκαιδεκαετοῦς
1491 4094 1683 4164 χρόνον
1704 4114 1717 4126 '
1748 4100 1846 4166 τῆς
1882 4099 1939 4152 δὲ

375 4173 653 4240 γυναικὸς,
688 4175 796 4228 ἀπὸ
829 4179 1343 4244 τρισκαιδεκαετοῦς
1374 4184 1588 4253 χρόνου,
1616 4187 1941 4255 ἀμφοτέρων

373 4266 653 4333 δελόντων,
683 4267 896 4338 καὶτῆς
919 4269 1030 4323 τῶν
1052 4271 1253 4339 γονέων
1279 4278 1637 4339 συναινέσεως
1667 4295 1939 4348 προηγου-

376 4358 562 4429 μένης.

2044 3177 2245 3244 aliquid
2282 3179 2586 3248 peregeriut
2632 3196 2645 3231 :
2691 3189 2945 3250 tanquam
2994 3183 3340 3253 intelligentia
3375 3189 3603 3256 prtediti,

2046 3268 2245 3323 nullam
2303 3285 2368 3324 ex
2423 3286 2488 3325 eo
2540 3279 2781 3341 tempore
2830 3275 3127 3329 diverteudi
3161 3276 3464 3333 facultatem
3515 3281 3607 3333 lia-

2042 3361 2226 3415 beant.

2588 3456 2888 3513 TITULUS
2930 3459 3044 3513 ΧΠ.

2042 3566 2120 3621 De
2137 3570 2343 3641 nuptiis
2378 3570 2635 3641 concessis
2661 3579 2710 3621 et
2750 3569 3048 3639 prohibitis.
3089 3574 3273 3641 primis
3322 3590 3385 3627 ac
3423 3591 3609 3627 serun-

2112 3638 2218 3698 dis,
2247 3640 2610 3693 interveniente
2638 3644 2924 3709 scriptum,
2975 3643 3053 3696 vel
3090 3638 3204 3697 non
3240 3646 3608 3699 interveniente

2114 3711 2411 3762 contractis.

2114 3814 2379 3884 LNuptize
2397 3818 2823 3874 Christianorum
2838 3823 2919 3875 vel
2938 3823 3326 3878 interveniente
3341 3827 3605 3894 scriptura

2042 3908 2127 3961 vel
2170 3909 2301 3962 citra
2355 3913 2680 3978 scripturam
2723 3915 3122 3967 contrahuntur
3163 3916 3303 3970 inter
3337 3918 3510 3971 virum
3553 3932 3610 3974 et

2045 4000 2348 4064 mulierem,
2390 4002 2462 4055 ita
2507 4012 2568 4055 ut
2625 4013 2755 4056 mtas
2792 4014 2912 4071 apta
2955 4006 3026 4057 sit
3065 4006 3130 4057 ad
3173 4008 3602 4076 cupulationem;

2044 4091 2142 4144 viri
2177 4092 2413 4160 quidem,
2445 4094 2512 4146 ab
2544 4108 2685 4147 anno
2716 4094 3150 4162 quintodccimo;
3205 4098 3449 4155 mulieris
3504 4116 3603 4154 au-

2046 4189 2177 4242 tem,
2228 4182 2293 4233 ah
2328 4196 2469 4236 λιιιιο
2515 4184 2938 4239 decimotertio:
2990 4186 3233 4253 utrisque
3284 4187 3603 4252 volentibus,

2040 4281 2092 4324 et
2125 4285 2401 4339 parentum
2437 4289 2699 4329 consensu
2735 4279 3083 4343 praecedente.

447 4449 513 4518 β’.
555 4451 908 4505 Κεκὼλυνται
937 4454 1016 4519 δὲ,
1051 4455 1164 4509 ὅσοι
1210 4458 1273 4509 ἐκ
1304 4457 1396 4510 τοῦ
1446 4460 1601 4526 ἁγίου
1642 4464 1735 4514 καὶ
1760 4479 1934 4532 σωτη-

2113 4453 2169 4509 2.
2215 4454 2545 4509 Contraltere
2587 4458 2839 4524 prohibiti
2876 4467 3020 4524 sunt,
3058 4472 3316 4530 quotquot
3353 4480 3418 4518 ex
3453 4480 3606 4521 sacro

376 4539 596 4606 ριώδους
620 4542 991 4612 βαπτίσματος
1010 4546 1256 4617 ἀλλήλοις
1282 4551 1713 4622 προσηνώθησαν
1731 4570 1744 4582 ·
1777 4571 1935 4608 τουτ-

375 4632 540 4695 έστιν,
574 4633 829 4703 ἀνάδοχος
865 4639 928 4688 ὲκ
958 4638 1059 4707 τῆς
1104 4640 1360 4707 τοιαύτης
1392 4641 1656 4714 θυγατρὸς
1684 4687 1698 4709 ,
1720 4646 1813 4698 καὶ
1842 4648 1938 4717 τῆς

373 4722 575 4792 ταύτης
631 4726 854 4795 μητρός.
893 4727 1168 4793 Ὡσαύτως
1202 4731 1258 4783 δὲ
1306 4734 1400 4785 καὶ
1425 4735 1451 4784 ό
1487 4736 1650 4788 αὑτοῦ
1694 4738 1829 4802 υἱὸς,
1879 4741 1939 4791 ὲκ

375 4812 470 4877 τῆς
492 4815 747 4884 τοιαύτης
783 4818 1008 4889 μητρός.
1040 4820 1149 4872 Καὶ
1183 4821 1297 4874 ὅσοι
1322 4823 1381 4887 ἐξ
1406 4827 1634 4894 αἵματος
1658 4832 1940 4895 συγγενεῖς

376 4898 474 4969 [αἱ.
506 4905 847 4976 συγγενείας]
881 4908 1129 4978 ἀλλήλοις
1167 4914 1543 4982 γνωρίζονται,
1578 4919 1821 4969 τουτέστι
1848 4935 1940 4986 γοα

373 4995 480 5054 νείς
510 4996 645 5063 πρὸς
670 5000 858 5061 τέκνα,
884 5002 1104 5069 ἀδελφοὶ
1132 5004 1268 5072 πρὸς
1307 5006 1565 5072 ἀδελφὰς,
1599 5009 1691 5059 καὶ
1720 5010 1787 5062 τὰ
1814 5011 1938 5064 τού-

374 5099 482 5134 των
506 5084 694 5148 τέκνα,
733 5090 781 5140 οι
819 5089 1103 5159 λεγόμενοι
1136 5092 1436 5162 ἐξάδελφοι,
1472 5105 1563 5149 καὶ
1592 5098 1641 5149 oi
1674 5099 1731 5164 ἐξ
1761 5100 1939 5152 αὑτῶν

381 5174 677 5242 τικτόμενοι
707 5178 891 5241 παῖδες
919 5182 1012 5233 καὶ
1049 5184 1231 5251 μόνον.
1257 5184 1365 5237 Καὶ
1400 5185 1511 5238 ὅσοι
1545 5186 1604 5251 ἐξ
1639 5190 1938 5259 ἐπιγαμίας

381 5265 759 5334 γνωριζόμενοι
787 5274 1089 5337 συγγενεῖς,
1114 5276 1365 5344 πατρωὸς
1390 5280 1467 5340 εἰς
1495 5281 1790 5350 προγόνην,
1813 5298 1943 5334 πεν-

375 5352 528 5423 θερὸς
555 5356 688 5427 πρὸς
716 5359 954 5431 νύμφην,
993 5366 1254 5434 πρόγονος
1277 5368 1360 5429 είς
1391 5372 1680 5438 μητρυιὰν,
1714 5372 1941 5441 ἀδελφὸς

376 5444 513 5514 πρὸς
566 5450 805 5520 νύμφην,
864 5454 1031 5523 ἤγουν
1088 5462 1324 5523 γυναῖκα
1384 5462 1635 5528 ἀδελφοῦ.
1711 5465 1939 5533 ὀμοίως

376 5538 557 5607 πατὴρ
605 5543 699 5593 καὶ
750 5544 865 5604 υίὸς
916 5546 1052 5612 πρὸς
1092 5549 1301 5619 μητέρα
1353 5553 1445 5602 καὶ
1510 5552 1805 5623 θυγατέρα,
1850 5554 1941 5606 δύο

377 5627 591 5697 ἀδελφοὶ
637 5634 717 5694 είς
755 5633 848 5685 δύο
885 5634 1138 5703 ἀδελφὰς.
1169 5640 1290 5689 Ἔτι
1343 5640 1396 5692 δὲ
1445 5643 1537 5695 καὶ
1591 5645 1701 5695 ὅσοι
1732 5645 1789 5708 ἐξ
1828 5647 1944 5706 ἐνὸς

376 5714 631 5787 ἂναὸόχου
659 5719 746 5773 διὰ
779 5722 868 5773 τοῦ
895 5724 1049 5790 ἁγίου
1083 5726 1458 5796 βαπτίσματος
1508 5731 1939 5803 ἀνεγεννήθησαν

2045 4556 2097 4603 et
2125 4547 2346 4603 salutari
2387 4548 2705 4617 baptismate
2733 4550 2832 4604 sibi
2870 4552 3096 4607 invicem
3133 4556 3399 4623 conjuncti
3434 4567 3558 4609 stmt
3590 4574 3606 4609 :

2047 4640 2147 4695 hoc
2186 4650 2289 4703 est,
2323 4649 2604 4707 susceptor
2633 4653 2850 4695 arcetur
2877 4644 2945 4698 ab
2974 4645 3232 4713 ejusmodi
3269 4648 3374 4701 lilia
3417 4658 3490 4713 et.
3525 4648 3606 4715 ip-

2047 4735 2159 4789 sius
2190 4745 2380 4787 matre.
2420 4734 2679 4788 Similiter
2720 4744 2775 4788 et
2823 4737 2962 4790 lilius
3006 4739 3195 4806 ipsius,
3226 4739 3295 4795 ab
3344 4739 3606 4809 ejusmodi

2048 4839 2238 4883 matre.
2270 4828 2403 4882 Tum
2449 4838 2713 4897 quotquot
2758 4832 2966 4885 ratione
2998 4835 3276 4903 sanguinis
3320 4850 3438 4891 esse
3470 4838 3608 4891 inter

2049 4935 2107 4974 se
2154 4920 2438 4988 prepinqui
2485 4930 2870 4989 agnoscuntur,
2910 4924 3012 4977 ltoc
3046 4936 3149 4989 est,
3181 4937 3432 4993 parentes
3482 4944 3604 4982 cum

2047 5010 2251 5072 liberis,
2285 5011 2480 5065 fratres
2515 5027 2635 5065 cum
2673 5015 2967 5079 sororibus,
3002 5023 3055 5069 et
3082 5015 3268 5068 horum
3305 5015 3484 5080 liberi,
3516 5019 3607 5085 qui

2049 5102 2274 5157 fratrum
2309 5103 2461 5157 liberi
2494 5104 2767 5169 dicuntur,
2794 5117 2848 5160 et
2880 5108 2970 5177 qui
3003 5122 3065 5162 ex
3106 5108 3187 5162 bis
3219 5109 3496 5163 dumtaxat
3525 5113 3607 5179 gi-

2047 5203 2284 5263 gnuntur
2327 5193 2481 5249 liberi
2514 5210 2528 5260 ;
2578 5205 2687 5248 tum
2720 5206 2980 5267 quotquot
3010 5212 3073 5252 ex
3109 5196 3365 5253 alIiuitate
3394 5202 3607 5269 cognati

2047 5293 2414 5353 agnoscuntur
2464 5304 2477 5337 ι
2524 5285 2742 5340 vitricus
2790 5302 2908 5340 cum
2974 5289 3237 5357 privigna,
3290 5303 3445 5343 socer
3486 5306 3607 5344 cum

2050 5389 2208 5436 nuru,
2235 5375 2512 5443 privignus
2544 5390 2665 5429 cum
2700 5392 2951 5442 noverca,
2981 5378 3149 5433 frater
3172 5395 3297 5434 cum
3323 5381 3531 5446 fratria,
3555 5384 3608 5437 id

2046 5471 2147 5526 est,
2183 5479 2346 5517 uxore
2373 5463 2575 5519 fratris.
2600 5464 2855 5521 Similiter
2880 5478 3030 5537 pater
3049 5478 3103 5523 et
3123 5469 3265 5523 lilius
3291 5485 3413 5525 cum
3440 5485 3635 5528 matre.
3678 5472 3685 5485 '

2048 5571 2111 5609 ac
2136 5557 2261 5621 tilia,
2294 5559 2399 5611 duo
2422 5557 2616 5614 fratres
2642 5575 2760 5613 cum
2788 5560 2990 5615 duabus
3021 5563 3313 5618 sororibus.
3344 5564 3606 5622 Praeterea

2049 5648 2137 5714 qui
2189 5664 2284 5717 prr
2330 5667 2491 5702 utunn
2543 5662 2907 5718 susceptorent
2958 5668 3022 5707 ex
3067 5665 3257 5709 sancto
3289 5657 3611 5723 baptismate

2052 5740 2224 5792 renati
2279 5750 2401 5794 sunt
2451 5741 2650 5798 fratres
2694 5744 3022 5813 spirituales,
3060 5747 3158 5802 hoc
3205 5759 3307 5815 Cal,
3343 5750 3612 5803 masrulus
