4084 6208
389 271 496 335 495

1415 251 1920 316 CONSTANTINI
1964 249 2216 310 PORPH
2228 246 2641 308 YROGENITI

3541 241 3650 308 496

393 395 450 439 et
497 380 692 454 puella.
740 379 797 433 In
852 374 1100 432 omnibus
1150 369 1297 425 hisce
1338 366 1511 422 modis
1544 381 1643 421 nec
1689 364 1959 434 sponsalia

2089 361 2282 429 ιδελφοὶ
2316 358 2697 430 πνευματικοὶ,
2733 356 2979 410 τουτέστι
3046 356 3380 427 παλικάριον
3422 357 3515 410 καὶ
3554 375 3650 412 κο-

395 476 809 532 contrahantur.

466 658 521 712 5.
555 649 957 709 Interveniente
995 647 1264 716 scriptura
1316 644 1514 713 nuptiae
1544 643 1965 704 contrahuntur,

393 763 489 818 per
539 743 991 813 comprehensum
1026 738 1231 806 scripto
1293 734 1472 790 dotale
1521 736 1966 795 instrumentum,

395 840 595 893 factum
645 832 745 888 sub
793 832 965 886 tribus
1004 829 1109 884 (ide
1143 828 1320 897 dignis
1366 824 1630 889 testibus,
1666 822 1969 878 secundum

397 944 482 995 ea,
535 940 655 997 qua:
688 938 881 980 recens
926 937 955 975 a
990 920 1145 974 nobis
1173 918 1258 988 pie
1304 918 1625 972 sanciuntur
1664 930 1678 967 :
1717 914 1787 968 ita
1826 922 1883 967 nt
1917 912 1968 966 in

392 1036 458 1075 eo
487 1019 718 1074 maritus
768 1015 833 1069 de
879 1020 1099 1082 accepta
1133 1011 1260 1064 dote
1308 1009 1515 1078 integra
1550 1014 1762 1069 caveat,
1799 1005 1972 1073 deque

395 1116 544 1163 certa
580 1115 635 1161 et
666 1103 843 1159 omnis
873 1100 1270 1155 imminutionis
1304 1107 1521 1166 eXperte
1553 1095 1695 1149 dotis
1728 1094 1973 1149 custodia

398 1201 515 1255 sive
534 1195 969 1259 conservatione;
991 1208 1094 1245 una
1124 1206 1245 1244 eum
1265 1202 1327 1242 ea
1350 1202 1584 1250 summa,
1608 1201 1726 1256 qum
1744 1186 1880 1239 forte
1897 1184 1974 1238 illi

398 1291 541 1347 dotis
594 1286 855 1358 augendae
905 1283 1126 1338 nomine
1166 1281 1232 1334 ab
1269 1280 1386 1350 ipso
1433 1280 1558 1332 data
1598 1285 1690 1330 est
1741 1291 1753 1326 :
1803 1275 1972 1330 ascri-

400 1382 573 1435 hendo
612 1379 843 1447 denique
874 1375 927 1428 in
958 1374 1063 1427 hoc
1094 1371 1481 1434 instrumento,
1514 1366 1657 1435 quod
1693 1365 1759 1421 ab
1788 1378 1851 1420 eo
1877 1380 1974 1418 ex-

398 1473 637 1541 ponitur,
671 1452 964 1525 liberorum
1010 1480 1116 1519 non
1148 1459 1475 1516 exstantium
1507 1472 1655 1513 casu.

1053 1571 1305 1628 Scolium.

469 1690 643 1744 Casus
667 1700 776 1740 non
808 1680 1137 1736 exstantium
1169 1676 1488 1738 liberorum,
1518 1681 1599 1728 est
1624 1686 1747 1744 pars
1780 1680 1974 1740 quarta

398 1741 595 1815 dotalis
625 1752 908 1824 hypoboli,
938 1746 1227 1824 sivedotis
1272 1754 1465 1799 auctae.
1494 1741 1740 1824 Exempli
1789 1756 1973 1796 causa.

405 1813 512 1883 Dos
563 1813 808 1879 indixeris
846 1813 1034 1889 viginti
1071 1816 1222 1889 libra:
1271 1825 1450 1889 sunto.
1492 1813 1981 1889 Promissum_m_u-

404 1880 520 1951 lieri
572 1912 601 1948 a
645 1880 1203 1962 maritqlfypoboluni
1250 1884 1334 1962 vel
1378 1880 1977 1962 incrementumdctis,

400 1969 554 2021 libra:
582 1966 789 2018 decem.
823 1952 1062 2026 Utraque
1096 1953 1352 2025 permista
1387 1953 1525 2006 ﬁunt
1556 1952 1977 2026 libraz__trigiitta.

403 2036 608 2091 llarum
635 2031 851 2100 triginta
882 2021 1137 2083 librarum
1158 2039 1284 2100 pars
1307 2031 1499 2091 quarta
1512 2021 1833 2100 _sunt_lil_ira:
1860 2034 1982 2100 sep-

407 2089 515 2160 tem
568 2089 755 2158 semis.
801 2096 967 2169 Igitur
998 2113 1025 2149 a
1054 2089 1252 2169 marito
1290 2089 1482 2169 praeter
1512 2090 1862 2162 hypobolum,
1903 2089 1983 2144 ha:

403 2190 619 2243 quoque
644 2173 794 2225 libra:
823 2162 1030 2238 septem
1058 2164 1221 2219 semis
1245 2162 1559 2232 exiguntur.

480 2288 597 2353 Quo
629 2285 740 2349 (iet,
774 2291 829 2337 ut
862 2280 1004 2336 inter
1030 2292 1125 2333 eos
1161 2276 1521 2332 instrumenta
1554 2273 1657 2329 tria
1686 2273 1983 2330 conﬁcian-

407 2390 514 2433 tur:
547 2376 654 2432 duo
682 2373 901 2446 quidem
932 2384 1029 2439 pro
1059 2368 1201 2424 dotis
1226 2366 1569 2439 syngraphis,
1605 2363 1806 2421 tenoris
1838 2362 1984 2433 ejus-

406 2473 527 2525 dem
560 2487 576 2535 ;
604 2467 823 2522 tertium
851 2478 1001 2529 vero,
1032 2459 1175 2531 quod
1204 2460 1363 2515 uxori
1389 2474 1418 2512 a
1448 2458 1644 2513 marito
1673 2457 1979 2527 exponitur.

408 2561 517 2614 Nec
545 2558 802 2627 stipulato
830 2557 1174 2623 promittetur
1204 2564 1299 2609 aut
1331 2554 1702 2609 conscribetur
1736 2567 1767 2607 a
1790 2551 1984 2607 marito

408 2649 629 2704 donatio
672 2655 891 2716 prepter
917 2645 1156 2714 nuptias,
1190 2658 1312 2712 qua:
1345 2643 1487 2698 dotis
1514 2643 1580 2697 ad
1609 2642 1783 2713 ipsum
1810 2642 1985 2697 allatae

408 2754 673 2794 summam
702 2746 896 2805 aequet.

481 2832 533 2884 4.
568 2829 722 2896 Quod
754 2828 802 2882 si
832 2827 943 2881 fato
996 2827 1189 2883 mulier
1220 2828 1423 2897 absque
1455 2826 1638 2883 liberis
1672 2835 1797 2882 ante
1825 2826 1988 2882 mari-

412 2930 524 2975 tum
550 2919 804 2974 defuncta
838 2916 1021 2983 fuerit,
1054 2931 1303 2987 quartam
1336 2918 1423 2973 ille
1470 2918 1749 2973 dumtaxat
1772 2929 1984 2987 partem

412 3009 579 3063 totius
616 3008 699 3076 (ut
744 3008 946 3061 dictum
996 3008 1100 3078 εει)
1135 3008 1203 3062 ab
1249 3022 1307 3061 se
1350 3017 1525 3062 cautae
1566 3007 1708 3063 dotis
1737 3007 1870 3062 lucri
1904 3008 1982 3063 sui
2013 3034 2055 3093 ο

408 3099 631 3152 nomine
666 3097 879 3162 retinet,
913 3112 975 3151 ac
1010 3097 1272 3166 reliquam
1307 3097 1570 3164 ejusmodi
1601 3095 1741 3152 dotis
1776 3105 1985 3167 partem

412 3198 661 3259 quartam
710 3204 831 3242 cum
881 3187 1112 3243 semisse
1157 3188 1238 3243 vel
1290 3203 1357 3242 ex
1413 3202 1665 3258 suprema
1707 3189 1989 3245 voluntate

414 3279 655 3335 mulieris
687 3278 993 3333 haaredibus
1040 3279 1307 3345 reStituat,
1335 3277 1417 3332 vel
1458 3277 1580 3333 aliis
1608 3278 1724 3347 ejus
1756 3276 1986 3333 haeredi-

409 3370 532 3435 bus,
573 3370 663 3439 qui
714 3370 780 3423 ad
835 3368 1234 3423 successionem
1288 3369 1356 3422 ab
1402 3369 1657 3425 intestato
1700 3378 1984 3432 vocantur,

413 3461 621 3514 reddat.

485 3551 537 3603 5.
572 3552 668 3604 Siti
714 3550 944 3604 maritus
976 3558 1103 3603 ante
1138 3548 1422 3619 conjugem
1459 3564 1610 3604 suam
1650 3550 1769 3604 sine
1804 3549 1989 3605 liberis

414 3640 727 3717 decesserit,
775 3640 1138 3694 consimiliter
1173 3640 1262 3694 illa
1296 3650 1490 3710 praeter
1520 3641 1785 3710 integram
1818 3650 1990 3696 cauta:

414 3730 516 3783 sibi
547 3730 691 3784 dotis
723 3729 1143 3795 restitutionem,
1180 3732 1342 3784 etiam
1378 3740 1586 3800 partem
1614 3740 1862 3800 quartam
1893 3733 1990 3787 do-

410 3821 485 3875 tis
512 3821 680 3890 ipsius
706 3836 777 3875 ex
811 3820 1013 3875 relictis
1043 3838 1070 3875 a
1097 3822 1291 3875 marito
1318 3834 1419 3876 suo
1449 3822 1629 3877 omnis
1657 3822 1871 3892 generis
1904 3838 1991 3879 re-

417 3914 516 3967 bus
546 3913 659 3967 sive
692 3912 849 3968 bonis
872 3912 1089 3967 nomine
1118 3928 1274 3968 casus
1303 3929 1409 3967 non
1437 3916 1766 3969 exstantium
1794 3915 1992 3971 libero-

418 4016 534 4054 rum
567 4017 663 4071 pro
704 4002 853 4057 lucro
886 4018 985 4057 suo
1036 4002 1211 4071 capiet
1254 4019 1269 4056 :
1315 4012 1369 4057 et
1412 4018 1592 4069 omne,
1631 4008 1991 4077 quodcunque

416 4102 686 4161 superest,
714 4095 1103 4163 patrimoniqu
1136 4094 1273 4160 ejus,
1312 4093 1394 4147 vel
1420 4093 1486 4146 ad
1529 4094 1772 4151 haeredes
1802 4112 1865 4151 ex
1899 4114 1991 4153 su-

417 4197 605 4252 prema
636 4183 802 4254 ipsius
840 4186 1133 4249 voluntate,
1164 4184 1243 4238 vel
1277 4185 1341 4236 ad
1371 4197 1485 4249 eos,
1523 4184 1612 4253 qui
1638 4186 1705 4239 ab
1736 4185 1991 4242 intestato

418 4277 464 4329 ei
498 4277 814 4340 succedunt,
839 4276 1135 4344 perveniet.

489 4462 541 4515 6.
581 4460 732 4526 Quod
780 4460 824 4512 si
872 4460 1055 4515 liberis
1105 4462 1475 4527 exstantibus,
1526 4473 1652 4520 ante
1709 4467 1989 4537 conjugem

420 4568 571 4605 suam
611 4551 837 4605 maritus
878 4551 1177 4607 decesserit
1209 4569 1222 4606 ι
1263 4567 1432 4618 uxor,
1466 4554 1515 4608 id
1546 4566 1650 4621 est,
1680 4561 1991 4615 earumdem

419 4642 714 4695 liberorum
740 4648 931 4702 mater,
958 4641 1011 4692 in
1043 4648 1314 4709 potestate
1343 4656 1436 4695 sua
1458 4650 1564 4696 tam
1590 4644 1769 4699 dotem
1796 4646 1989 4715 ipsam,

420 4745 582 4801 quam
622 4729 934 4784 universum
982 4732 1162 4787 mariti
1210 4734 1596 4801 patrimonium
1652 4738 1904 4803 retineat,
1940 4748 1996 4793 et

421 4822 733 4877 universam
770 4824 962 4878 domus
1003 4824 1115 4890 ipsa
1156 4840 1345 4878 curam
1389 4827 1993 4883 etadministrationem

426 4924 600 4985 gerat,
651 4915 738 4969 ubi
783 4916 956 4985 palam
1006 4903 1428 4985 descriptionem
1464 4919 1732 4987 publicam
1784 4921 1991 4986 fecerit,

426 5009 529 5062 hoc
556 5020 661 5075 est,
698 5009 1061 5063 inventarium
1097 5010 1285 5074 totius,
1320 5011 1461 5079 quod
1486 5026 1516 5064 a
1553 5013 1745 5067 marito
1782 5029 1879 5068 suo
1908 5028 1987 5068 re-

424 5098 708 5167 linquitur,
732 5099 1082 5169 patrimonii;
1118 5110 1170 5153 et
1199 5102 1376 5156 omnis
1401 5103 1615 5172 generis
1649 5102 1994 5167 facultatum,

425 5188 650 5258 adjectis
697 5190 872 5244 eidem
921 5190 1269 5257 descriptioni
1324 5192 1407 5243 vel
1453 5191 1757 5246 inventario
1786 5196 1998 5249 cunctis

429 5280 590 5334 etiam
625 5280 783 5335 bonis
822 5280 932 5334 suis
961 5279 1247 5345 datalihus,
1280 5293 1334 5334 et
1364 5281 1447 5348 iis,
1480 5297 1597 5351 qua:
1623 5283 1679 5335 in
1713 5286 1868 5339 rebus
1901 5302 1996 5340 ex—

429 5379 508 5422 tra
556 5371 734 5425 dotem
782 5370 1088 5425 constitutis
1114 5370 1277 5425 habet
1310 5387 1322 5422 :
1360 5386 1479 5439 qua:
1509 5372 1721 5440 quidem
1748 5379 2000 5431 extrado-

429 5460 559 5513 talia
605 5462 980 5517 demonstrare
1024 5478 1119 5532 per
1150 5461 1396 5517 ellicaces
1444 5463 1791 5532 probationes
1817 5467 1998 5532 debet,

428 5563 493 5600 ea
527 5561 589 5601 se
625 5550 830 5605 scilicet
874 5552 929 5604 in
973 5552 1073 5607 viri
1125 5552 1209 5607 sui
1241 5553 1460 5608 domum
1489 5552 1756 5620 attulisse,
1782 5556 2002 5627 jamque

429 5651 547 5704 post
578 5649 805 5695 mortem
833 5643 972 5699 illius
1007 5658 1252 5711 exstare;
1289 5662 1394 5701 non
1430 5646 1755 5705 habentibus
1786 5647 1902 5720 ejus
1935 5650 2002 5705 li-

2073 454 2279 523 ράσιον.
2325 452 2451 507 {Eni
2475 448 2686 513 τούτοις
2717 448 2851 500 πᾶσι
2872 446 3096 518 τρόποις
3127 444 3228 520 [αι.
3263 444 3474 518 τόποις]
3516 447 3651 518 μηδὲ

2073 542 2341 612 μνηστεία
2370 540 2631 609 γενέσθω.

2139 630 2208 699 γ’.
2245 632 2563 701 Ἔγγραφος
2594 628 2693 700 [αι.
2754 624 3073 699 ἐγγράφως]
3129 623 3307 696 γάμος
3337 624 3654 678 συνίσταται

2071 721 2136 776 δι’
2157 721 2437 791 ἐγγράφου
2473 719 2749 790 προικῴου
2775 717 3128 789 συμϐολαίου,
3163 717 3269 771 ὑπὸ
3306 717 3477 787 τριῶν
3503 716 3655 783 ἀξιο-

2072 815 2280 867 πίστων
2323 811 2639 883 μαρτύρων,
2672 810 2816 864 κατὰ
2848 810 2918 864 τά
2960 809 3090 879 παρ’
3116 809 3275 879 ήμῶν
3313 809 3517 880 ἀρτίως
3557 808 3657 883 εύ-

2075 903 2251 966 σεσῶς
2283 882 2744 973 νομοθετούμενα*
2802 900 2942 954 ὥστε
2970 901 3029 953 ὲν
3073 901 3224 971 αύτῴ
3250 900 3537 971 ὁμολογεῖν
3554 882 3654 953 ’τὸν

2073 995 2242 1066 ἄνδρα
2273 996 2370 1064 τήν
2420 1011 2481 1046 τε
2538 993 2729 1063 ἐντελῆ
2785 993 2885 1064 τῆς
2929 991 3153 1064 προικδς
3213 992 3512 1057 οἰκείωσιν,
3560 992 3656 1046 κ.’ὶ

2072 1088 2416 1142 ἀδιάπτωτον
2445 1085 2539 1139 καὶ
2592 1085 2864 1155 άμείωτον
2896 1084 3067 1154 αὐτῆς
3118 1084 3519 1155 παραφυλακὴν
3558 1083 3655 1137 καί¹

2076 1179 2430 1249 συντήρησιν,
2469 1176 2608 1246 μετὰ
2642 1176 2738 1231 καὶ
2768 1177 2892 1246 τῆς,
2928 1175 3001 1238 ὡς
3040 1175 3205 1242 εἰκὸς,
3236 1175 3364 1244 παρ’
3397 1172 3563 1228 αὐτοῦ
3594 1176 3653 1227 ὲν

2077 1268 2386 1339 ὲπαυξήσει
2414 1268 2885 1339 ἀποχαρισθείσης
2914 1268 3050 1338 αὐτῇ
3084 1266 3404 1337 ποσότητος,
3447 1268 3652 1338 ἐγγρα-

2078 1362 2314 1431 φομένου
2345 1363 2402 1414 ὲν
2450 1359 2529 1430 τῷ
2576 1362 2709 1432 παρ’
2749 1359 2914 1414 αὑτοῦ
2954 1358 3290 1429 ὲκτιθεμένῳ
3345 1359 3654 1429 συμϐολαίῳ

2080 1454 2283 1508 κάσσου
2317 1453 2377 1518 ἐξ
2417 1452 2696 1517 ἀπαιδίας.

2726 1567 2772 1617 Σ
2774 1563 3004 1633 χόλων.

2149 1673 2225 1725 Τὸ
2253 1671 2314 1737 ἐξ
2340 1672 2599 1735 ἀπαιδίας
2632 1672 2858 1731 κάσσον,
2887 1671 3152 1742 τέταρτον
3181 1670 3347 1793 μέῖος
3381 1669 3476 1723 τοῦ
3499 1688 3657 1742 προιη

2138 1742 2230 1793 ὓου
2291 1742 2557 1793 ύποὸόλου
2623 1742 2793 1793 ἐστίν.
2843 1742 2932 1793 Ὠς
2982 1744 3039 1793 ὲν
3098 1741 3235 1793 ύποθ
3273 1758 3355 1793 σει
3394 1740 3656 1793 λέγομεν·

2084 1742 2230 1828 κιξιου
2291 1742 2557 1796 ύποὸόλου
2602 1742 2793 1823 έστίν.
2843 1742 2932 1804 Ὠς
2982 1740 3039 1794 ὲν
3098 1740 3355 1794 ὑποθέσει
3394 1740 3656 1809 λέγομεν·

2088 1812 2275 1882 Ἔστιν
2307 1814 2340 1882 ἡ
2373 1812 2540 1882 προὶξ
2568 1830 2668 1881 της
2697 1811 2977 1880 γυναικὸς,
3010 1810 3188 1882 λίτραι
3219 1817 3300 1882 κῗζ
3335 1812 3410 1882 λτδ
3446 1811 3660 1882 δέύπο-

2086 1881 2275 1953 σχεθὲν
2301 1880 2450 1953 παρᾶ
2472 1884 2563 1935 τοῦ
2589 1880 2780 1953 ἀνδρὸς
2827 1884 2893 1952 τῇ
2921 1882 3139 1953 γυναικὶ
3163 1880 3444 1953 caesam,
3472 1880 3661 1953 λίτραι

2086 1949 2151 2022 ι’ξ
2198 1949 2510 2022 Ἀμφότερα
2563 1949 2892 2022 μιγνύμενῷ
2928 1951 3173 2022 γίνονται
3235 1951 3412 2022 λίτραι
3468 1949 3530 2022 λ’.
3573 1949 3659 2003 Τδ

2083 2020 2339 2092 τέταρτον
2363 2020 2470 2074 τῶν
2486 2020 2783 2092 τριάκοντα
2815 2021 3067 2092 γίνονται
3084 2020 3262 2092 λίτραι
3292 2020 3432 2074 ἑπτά
3459 2021 3658 2092 ἥμισυ.

2097 2088 2441 2161 Ἀπαιτείται
2474 2095 2501 2145 ὁ
2524 2088 2670 2161 άνὴρ
2698 2090 2899 2155 ἔξωθεν
2924 2088 3019 2145 τοῦ
3048 2088 3312 2143 ύποϐόλου
3342 2091 3437 2145 καὶ
3458 2088 3661 2152 ταύτας

2083 2160 2184 2223 τὰς
2215 2161 2356 2214 ἐτττά
2381 2162 2551 2232 ἥμισυ
2577 2160 2789 2231 λίτρας.

2156 2274 2336 2345 Τριῶν
2369 2273 2612 2345 δηλονότι
2645 2274 2989 2345 συμϐολαίων
3009 2273 3211 2344 μεταξῦ
3245 2272 3429 2326 αὐτῶν
3456 2288 3660 2343 προερ-

2086 2366 2368 2437 χομένων·
2405 2363 2499 2417 δύο
2564 2363 2664 2433 μὲν
2710 2365 2833 2417 ἀντὶ
2890 2366 3221 2435 συγγράφων
3272 2364 3372 2433 τῆς
3434 2364 3659 2434 προικὸς

2090 2455 2424 2523 ἰσοδυνάμων
2446 2472 2457 2485 ·
2494 2453 2590 2507 τοῦ
2617 2454 2673 2507 δὲ
2703 2455 2895 2525 ἐτέρου
2937 2455 3092 2526 παρὰ
3150 2455 3244 2509 τοῦ
3277 2455 3472 2527 ἀνδρὸς
3522 2454 3661 2526 πρδς

2085 2544 2184 2615 τὴν
2232 2545 2465 2612 γυναῖκα
2500 2542 2879 2613 ἐκτιθεμένου.
2927 2544 3039 2596 και
3083 2543 3159 2614 μὴ
3196 2541 3576 2614 ἐπερωτᾶσθαι
3624 2541 3660 2611 ἢ

2086 2633 2545 2709 καταγράφεσθαι
2592 2633 2743 2705 παρά
2796 2635 2889 2687 τοῦ
2958 2635 3154 2706 ἀνδρὸς
3221 2636 3506 2706 ἰσόμετρον
3562 2634 3662 2704 τῆς

2088 2732 2455 2803 εἰσαγομένης
2487 2728 2635 2800 αὐτῷ
2659 2730 2883 2801 προικὸς
2914 2732 3293 2802 προγαμιαίαν
3323 2730 3553 2801 δωρεάν.

2157 2823 2217 2876 δ’.
2257 2825 2366 2877 Καὶ
2408 2827 2457 2876 εἰ
2490 2823 2674 2893 δεήσει
2714 2822 2812 2894 τήν
2872 2825 3104 2891 γυναῖκα
3144 2823 3352 2877 παίδων
3402 2823 3528 2877 ἄνευ
3556 2822 3663 2893 πρὸ

2087 2914 2180 2967 τοῦ
2209 2912 2399 2983 ἀνδρὸς
2424 2912 2772 2982 τελευτῆσαι,
2805 2912 3070 2983 τετάρτην
3123 2915 3317 2983 μοῖραν
3343 2914 3437 2966 καὶ
3501 2912 3661 2982 μόνον

2089 3008 2154 3059 ὲκ
2195 3006 2397 3075 πάσης,
2446 3004 2519 3068 ῶς
2577 3004 2811 3075 εἴρηται,
2844 3004 3273 3075 ὀμολογηθείσης
3331 3004 3461 3075 παρ’
3493 3003 3659 3058 αὑτοῦ

2090 3098 2316 3168 προικὸς
2344 3097 2425 3160 είς
2493 3096 2622 3149 ἴδιον
2677 3094 2868 3165 κέρδος
2910 3096 3200 3166 ἐγκρατείν
3247 3096 3431 3160 αὑτὸν,
3475 3097 3570 3151 καὶ
3600 3095 3661 3149 τὸ

2090 3191 2386 3245 ὑπόλοιπον
2417 3189 2851 3261 ἡμισυτέταρτον
2894 3190 3059 3259 μέρος
3087 3190 3183 3259 τῆς
3208 3189 3466 3259 τοιαύτης
3503 3206 3664 3260 προιο

2089 3284 2181 3345 κὸς
2216 3284 2346 3353 ἢεξς
2377 3283 2503 3345 τοὺς
2536 3284 2601 3335 ὲκ
2634 3281 2954 3344 τελευταίας
2977 3280 3147 3351 αὐτῆς
3189 3279 3501 3349 βουλήσεως
3527 3279 3661 3348 κλη-

2091 3373 2353 3442 ρονόμους
2401 3371 2891 3437 ἀποκαθίστασθαι,
2924 3370 2957 3441 ἢ
3020 3371 3099 3436 είς
3137 3373 3265 3435 τοὺς
3291 3372 3349 3435 ἐξ
3380 3370 3665 3425 ἀδιαθέτου

2089 3464 2454 3534 καλουμένους
2480 3465 2650 3537 αὐτῆς
2678 3464 3048 3536 κληρονόμους
3079 3463 3448 3517 ἀποδίδοσθαι.

2161 3564 2222 3611 ε’.
2255 3558 2315 3609 Ei
2351 3556 2407 3610 δὲ
2441 3560 2468 3611 ὁ
2512 3559 2653 3629 ἀνὴρ
2703 3558 2809 3629 πρὸ
2856 3558 2955 3627 τῆς
3003 3556 3137 3620 ιδίας
3180 3555 3435 3623 γυναικὸς
3462 3553 3667 3607 παίδων

2089 3650 2246 3712 ἐκτὸς
2274 3649 2590 3715 ἀποϐιώσει,
2635 3649 2835 3720 ὁμοίως
2878 3648 3015 3719 πρὸς
3041 3650 3108 3719 τῇ
3142 3647 3346 3701 ὲντελεῖ
3382 3648 3667 3700 ἀποκατα-

2093 3742 2277 3794 στάσει
2298 3744 2395 3811 τῆς
2416 3740 2844 3810 ὁμολογηθείσης
2864 3739 3000 3810 αὐτῇ
3025 3738 3267 3809 προικὸς,
3294 3738 3386 3791 καὶ
3407 3736 3665 3808 τέταρτον

2095 3831 2257 3903 μέρος
2298 3831 2399 3901 τῆς
2435 3831 2691 3901 τοιαύτης
2720 3832 2944 3900 προικὸς
2987 3833 3052 3883 ὲκ
3077 3830 3186 3884 τῶν
3217 3829 3670 3898 ἐγκαταλειφθέν-

2090 3941 2197 3977 των
2249 3922 2343 3976 τοῦ
2392 3922 2585 3992 ἀνδρὸς
2625 3924 2797 3993 αὐτῆς
2850 3923 3120 3978 παντοίων
3176 3923 3520 3993 πραγμάτων
3577 3918 3666 3974 ἐπ’

2091 4016 2315 4084 ὀνόματι
2346 4018 2546 4069 κάσσου
2572 4019 2651 4079 είς
2682 4016 2870 4087 κέρδος
2899 4019 3097 4071 οἰκεῖον
3135 4016 3436 4087 λαμὸάνειν
3469 4016 3660 4086 αὐτὴν,

2093 4108 2187 4160 καὶ
2234 4107 2329 4177 τὴν
2357 4109 2819 4179 περιττευομένην
2863 4109 3109 4180 ἀνδρῴαν
3142 4109 3241 4181 [αι.
3289 4107 3480 4181 αὑτοῦ]
3513 4109 3664 4176 ,ᾶπα-

2094 4216 2191 4251 σαν
2228 4196 2461 4268 ὓπαρξιν
2487 4199 2518 4269 ἢ
2551 4201 2631 4261 είς
2664 4200 2788 4260 τοὺς
2814 4200 2878 4253 ὲκ
2905 4199 3221 4263 τελευταίας
3250 4199 3416 4253 αὑτοῦ
3473 4198 3667 4269 βουλή-

2095 4306 2251 4355 σεως,
2285 4289 2317 4358 ἦ
2359 4292 2438 4350 είς
2484 4291 2608 4352 τοὺς
2641 4290 2699 4356 ἐξ
2750 4291 3038 4345 ἀδιαθέτου
3089 4290 3255 4345 αὑτοῦ
3296 4289 3667 4362 κληρονόμους

2021 4383 2065 4438 D
2094 4377 2503 4448 περιέρχεσθαι.

2167 4468 2240 4534 ς’.
2272 4469 2333 4522 Εἰ
2368 4470 2425 4522 δὲ
2454 4470 2660 4524 παίδων
2686 4471 2931 4524 ύπὰντων
2957 4473 2985 4524 ὁ
3009 4471 3146 4543 ἀνὴρ
3173 4472 3279 4543 πρδ
3308 4472 3409 4542 τῆς
3460 4473 3668 4534 οἰκείας

2094 4563 2337 4633 γαμετῆς
2371 4563 2705 4632 τελευτήσει,
2738 4562 2835 4633 τήν
2887 4566 3158 4631 γυναῖκα,
3190 4566 3357 4634 ἠγουν
3411 4562 3511 4633 τὴν
3559 4563 3669 4617 τῶν

2095 4656 2273 4707 αὐτῶν
2315 4654 2518 4708 τέκνων
2560 4655 2794 4725 μητέρα,
2848 4656 3145 4726 ἐγκάτοχον
3196 4657 3293 4724 τῆς
3334 4673 3394 4708 τε
3444 4656 3671 4725 προικὸς

2096 4747 2265 4816 αὐτῆς
2298 4747 2389 4799 καὶ
2422 4747 2668 4817 ἀνδρῲας
2698 4747 2917 4817 ἀπάσης
2948 4747 3231 4818 ὑπάρξεως
3261 4744 3421 4812 εἶναι,
3450 4750 3542 4802 καὶ
3574 4749 3672 4802 αύ-

2097 4840 2194 4907 τὴν
2218 4840 2315 4907 τὴν
2347 4840 2530 4893 πᾶσαν
2555 4838 2649 4891 τοῦ
2677 4838 2828 4892 οἴκου
2859 4843 3126 4893 ποιεῖσθαι
3167 4841 3424 4911 φροντίδα
3466 4858 3524 4895 τε
3580 4842 3672 4895 καὶ

2097 4930 2381 5001 διοίκησιν,
2416 4931 2695 5002 προδήλως
2718 4931 2981 5000 δημοσίαν
3006 4933 3326 5003 ἀναγραφὴν
3343 4936 3672 5005 ποιουμένης

2098 5022 2289 5092 αὐτῆς,
2323 5024 2441 5093 ἤτοι
2473 5023 2725 5093 ίμ6ἐντον
2772 5024 2956 5094 πάσης
2980 5027 3079 5094 τῆς
3112 5026 3672 5095 καταλιμπανομένης

2101 5112 2203 5162 (me
2252 5111 2345 5164 τοῦ
2393 5111 2583 5181 ἀνδρὸς
2635 5112 2806 5181 αὐτῆς
2836 5114 3099 5175 παντοίας
3148 5112 3440 5185 ὑπάρξεώς
3473 5131 3532 5167 τε
3578 5116 3674 5168 καὶ

2101 5203 2438 5272 περιουσίας,
2490 5206 2866 5273 συγκειμένων
2902 5206 2960 5257 έν
2989 5207 3055 5275 τῇ
3108 5206 3333 5278 τοιαύτῃ
3380 5207 3672 5275 ἀναγραφῇ

2101 5292 2194 5343 καὶ
2257 5294 2363 5344 τῶν
2420 5293 2795 5364 προικιμαίων
2844 5294 3016 5363 αὐτῆς
3070 5298 3436 5367 πραγμάτων,
3495 5299 3588 5350 καὶ
3638 5296 3675 5351 ἃ

2104 5383 2319 5434 ὕπεισιν
2346 5384 2485 5454 αύτῇ
2515 5386 2609 5436 καί
2643 5387 2702 5439 ὲν
2734 5384 3119 5457 ὲξωπροίκοις,
3151 5388 3474 5459 ὀφειλούσης
3506 5388 3675 5458 αὐτῆς

2101 5473 2169 5526 τὰ
2215 5472 2526 5545 ὲξώπροικα
2562 5474 2733 5539 δεῖξαι
2787 5476 2855 5530 δι’
2895 5479 3134 5550 ἐνεργῶν
3199 5481 3537 5543 συστάσεων,
3596 5479 3673 5539 ὡς

2103 5565 2274 5617 ταῦτα
2303 5567 2600 5635 εἰσήγαγεν
2637 5571 2695 5623 ἐν
2727 5568 2802 5641 τῷ
2824 5571 2960 5642 οἴκῳ
2988 5571 3083 5624 τοῦ
3133 5572 3324 5641 ἀνδρὸς
3357 5571 3545 5639 αὐτῆ⁴ν
3578 5568 3676 5620 καὶ

2109 5654 2385 5722 φαίνονται
2424 5657 2563 5723 μετὰ
2591 5657 2690 5729 τὴν
2720 5660 2886 5713 αὐτοῦ
2928 5660 3206 5732 τελευτήν,
3259 5662 3334 5732 μὴ
3365 5658 3679 5729 δυναμένων
