4084 6208
439 308 550 373 497

1715 326 2106 391 DELEC’I‘US
2141 333 2424 396 LEGUM.

3582 346 3690 415 498

438 425 550 479 τῶν
566 425 740 494 αὐτῆς
757 426 967 480 τέκνων
986 428 1470 486 ἀντικαθίστασθαι
1498 434 1656 509 αὐτῇ,
1678 438 1709 508 ἢ
1737 440 2009 512 ἐπιζητεῖν

2118 446 2281 511 beris,
2317 448 2370 500 in
2396 463 2501 517 quo
2532 453 2805 517 resistant,
2838 454 2920 509 vel
2946 462 3133 523 patern
3156 472 3223 511 «m
3250 458 3317 513 ab
3340 474 3400 515 ea
3428 462 3684 519 substan-

437 515 572 585 παρ’
599 515 774 585 αὐτῆς
802 517 1067 587 πατρῴαν
1095 519 1393 576 ὑπόστασιν
1411 540 1426 553 ·
1462 526 1772 580 τούναντίον
1802 530 1899 599 μὲν
1925 529 2017 584 οὖν

439 610 535 663 καὶ
569 610 753 663 πᾶσαν
782 611 971 680 τιμὴν,
1001 610 1096 664 καὶ
1122 610 1388 687 ὑπακοὴν,
1430 616 1573 670 κατὰ
1623 617 1723 688 τὴν
1755 620 1849 672 τοῦ
1881 622 2016 676 Θεοῦ

436 700 681 771 ἐντολὴν,
743 701 1137 771 προσαγόντων
1178 703 1317 775 αὑτῇ
1352 706 1427 768 ὡς
1464 709 1669 779 μητρί*
1734 711 2017 783 προδήλως

436 792 774 862 ὀφειλούσης
798 792 992 862 αὐτῆς,
1024 792 1209 857 καθὼς
1234 795 1434 864 πρέπει
1464 798 1702 864 γονεῦσι,
1739 801 1807 854 τὰ
1828 802 2013 866 τέκνα,

438 885 785 940 ἑκπαιδεύειν
813 902 897 951 τε,
934 885 1033 939 καὶ
1060 887 1438 957 γαμοστολεῖν,
1472 891 1568 943 καὶ
1595 894 1799 963 προῖκα
1842 895 2016 949 ἐπιδι-

440 978 616 1040 δόναι,
641 976 828 1041 καθὼς
860 976 928 1031 ἂν
965 977 1275 1049 βουληθείη.

510 1065 575 1132 ζ’.
607 1067 668 1119 Ei
720 1066 779 1120 δὲ
814 1066 997 1137 συμϐῇ
1030 1068 1203 1137 αὐτὴν
1233 1070 1312 1132 εἰς
1344 1069 1532 1141 ἕτερον
1566 1074 1871 1145 περιελθεῖν
1898 1095 2016 1130 συνο

439 1158 690 1222 οικέσιον,
715 1158 899 1211 ἄδειαν
935 1156 1082 1226 ἔχειν
1119 1158 1186 1210 τὰ
1215 1158 1379 1212 τέκνα
1396 1160 1567 1231 αὐτῆς
1590 1166 1801 1234 παρεᾷν
1822 1165 2011 1232 αὐτὴν,

438 1247 529 1301 καὶ
562 1248 747 1302 πάντα
794 1248 865 1301 τὰ
894 1247 1125 1319 πατρῷα
1151 1249 1330 1302 αὐτῶν
1358 1251 1660 1322 πράγματα
1703 1254 2012 1319 ἀνελλιπῶς

439 1336 779 1407 κομίζεσθαι,
806 1338 904 1408 τὴν
928 1337 1329 1409 εἰσενεχθεῖσαν
1364 1344 1494 1407 παρ’
1533 1343 1704 1414 αὐτῆς
1734 1345 1813 1416 τῷ
1843 1348 2015 1418 πατρὶ

434 1429 616 1483 αὐτῶν
646 1432 851 1500 προῖκα
875 1430 967 1482 καὶ
991 1429 1172 1499 μόνον,
1203 1431 1300 1485 σὺν
1323 1434 1389 1503 τῇ
1414 1433 1850 1508 ἀποχαρισθείσῃ
1878 1439 2011 1509 παρ’

434 1521 603 1577 αὐτοῦ
627 1522 686 1576 ἐν
714 1521 1015 1592 ὲπαυξήσει
1038 1523 1138 1594 τῆς
1169 1526 1394 1595 προικὸς
1424 1526 1596 1598 αὐτῆς
1630 1528 1830 1601 δωρεᾷ,
1868 1547 2011 1603 παρ-

433 1612 662 1683 έχοντας
694 1614 856 1684 αὐτῇ.

503 1712 578 1775 η’.
610 1706 674 1760 El
710 1706 770 1760 δὲ
820 1706 1023 1761 παίδων
1050 1707 1297 1763 ὑπόντων
1331 1711 1364 1781 ἡ
1415 1712 1554 1780 γυνὴ
1588 1712 1696 1784 πρὸ
1731 1714 1826 1768 τοῦ
1876 1715 2006 1769 ίδίου

2120 536 2249 589 tiam
2280 549 2562 605 reposcant
2597 556 2612 593 :
2645 547 2739 597 sed
2785 546 2964 614 potius
2990 561 3020 600 e
3049 549 3323 605 contrario
3349 552 3550 607 nullum
3583 571 3688 609 non

2118 625 2376 680 honorem
2418 637 2471 682 et
2517 630 2899 700 obedientiam,
2933 637 3081 704 juxta
3133 640 3224 694 Dei
3263 654 3609 712 praeceptum,
3637 647 3690 700 ei

2120 724 2373 784 tanquam
2424 720 2579 772 matri
2634 722 3058 783 deferentibus:
3098 744 3218 783 cum
3275 732 3491 787 interim
3544 736 3687 789 haud

2118 806 2279 862 dubie
2319 809 2514 864 debeat
2562 811 2697 878 ipsa,
2745 814 2903 869 veluti
2937 830 3190 886 parentes
3230 822 3406 891 decet,
3456 826 3688 881 educare

2117 896 2316 954 liberos
2336 942 2350 965 ,
2380 912 2433 955 et
2466 904 2731 961 collocare
2764 919 3015 977 nuptum,
3045 921 3099 966 et
3128 913 3302 969 dotem
3333 919 3681 977 constituere.

2116 997 2279 1057 prout
2308 991 2417 1057 ipsa
2449 992 2698 1049 voluerit.

2186 1076 2240 1131 7.
2270 1075 2389 1132 Jam
2422 1082 2466 1133 si
2513 1084 2801 1154 contigerit
2843 1089 2907 1141 ad
2940 1089 3085 1144 aliud
3126 1106 3244 1145 eam
3279 1096 3679 1149 matrimonium

2117 1166 2366 1232 transire,
2398 1168 2707 1226 facultatem
2738 1174 2892 1229 liberi
2924 1178 3043 1247 ejus
3071 1179 3319 1249 habeant,
3350 1200 3466 1237 eam
3496 1185 3681 1239 dimit-

2119 1258 2286 1322 tendi,
2317 1269 2371 1314 et
2411 1264 2592 1315 omnia
2630 1274 2851 1333 paterna
2903 1269 3036 1323 bona
3068 1285 3189 1334 sua,
3235 1273 3394 1328 nullis
3428 1276 3682 1331 deficien-
3770 1326 3773 1329 .

2116 1341 2279 1408 tibus,
2316 1345 2614 1415 recipiendi
2652 1368 2666 1405 :
2698 1355 2856 1406 modo
2886 1355 3054 1410 solam
3095 1361 3272 1413 dotem
3304 1361 3371 1415 ab
3405 1361 3518 1429 ipsa
3542 1366 3680 1432 patri

2113 1444 2301 1486 eorum
2337 1434 2573 1503 allatam,
2606 1456 2713 1495 una
2758 1458 2880 1498 cum
2929 1447 3241 1512 donatione,
3285 1466 3446 1521 quam
3480 1454 3530 1507 in
3562 1470 3681 1510 eam

2113 1520 2255 1577 dotis
2277 1528 2536 1595 augendae
2564 1544 2727 1587 causa
2768 1535 3014 1602 contulit,
3049 1541 3206 1594 matri
3239 1551 3519 1611 praestent.

2183 1701 2237 1757 8.
2261 1701 2316 1758 Si
2346 1719 2475 1760 vero
2506 1708 2688 1766 liberis
2712 1712 3069 1780 exstantibus,
3094 1725 3224 1771 ante
3243 1720 3497 1774 maritum
3524 1736 3679 1775 suum

434 1796 631 1867 ἀνδρὸς
650 1797 986 1869 τελευτήσει,
1018 1799 1110 1854 τὸν
1150 1800 1319 1872 ἄνδρα
1342 1780 1531 1874 αὐτῆς,
1568 1780 1741 1874 ἦγουν
1774 1806 1867 1859 τὸν
1900 1824 2005 1860 πα-

2114 1794 2307 1850 mulier
2338 1799 2636 1856 decesserit
2670 1821 2684 1857 :
2729 1806 2956 1860 maritus
2992 1807 3132 1877 ejus,
3164 1810 3265 1865 hoc
3301 1821 3403 1877 est,
3442 1813 3679 1881 ipsorum

432 1886 590 1958 τέρα,
617 1888 729 1942 τῶν
757 1890 959 1944 τέκνων
995 1891 1196 1959 αὐτῶν,
1223 1893 1520 1965 ὲγκάτοχον
1547 1899 1648 1967 τῆς
1677 1914 1738 1950 τε
1780 1900 2006 1969 προικὸς

432 1979 626 2051 αὐτῆς,
662 1980 758 2034 καὶ
778 1981 876 2052 τῆς
903 1983 962 2035 ὲν
992 1983 1352 2055 ὲξωπροίκοις
1408 1986 1589 2053 πάσης
1622 1988 1795 2058 αὐτῆς
1828 1990 2006 2062 ὑπάρ-

437 2069 570 2137 ξεως
608 2069 763 2136 εἶναι,
802 2074 878 2138 ὡς
907 2074 1244 2139 ὑπεξουσίων
1271 2077 1450 2132 αὐτῶν
1475 2082 1875 2150 τυγχανόντων,
1911 2086 2005 2138 καὶ

438 2162 599 2216 αὐτὸν
625 2162 726 2233 τὴν
763 2164 945 2218 πᾶσαν
977 2165 1071 2218 τοῦ
1117 2167 1269 2219 οίκου
1317 2169 1590 2223 ποιεῖσθαι
1640 2173 1896 2242 φροντίδα
1947 2190 2004 2226 τε

435 2253 530 2306 καὶ
560 2253 847 2326 διοίκησιν,
884 2255 959 2328 μὴ
985 2256 1298 2327 δυναμένων
1320 2259 1428 2313 τῶν
1458 2261 1667 2314 τέκνων
1707 2263 1872 2318 αὐτοῦ
1907 2264 2004 2317 ἀν-

435 2343 856 2400 τικαθίστασθαι
875 2345 1045 2416 αὐτῷ,
1063 2346 1095 2417 ἢ
1116 2348 1394 2418 ἐπιζητεῖν
1412 2349 1542 2420 παρ’
1562 2351 1727 2404 αὐτοῦ
1744 2353 2005 2424 μητρῴαν

431 2437 725 2490 ὑπόστασιν
747 2454 762 2470 ο
797 2439 1105 2492 τούναντίον
1160 2440 1260 2510 μὲν
1291 2436 1385 2495 οὖν
1447 2442 1541 2494 καὶ
1592 2444 1770 2496 πᾶσαν
1817 2445 2002 2515 τιμὴν,

431 2528 526 2582 καὶ
545 2528 814 2599 ὑπακοὴν,
840 2528 1021 2592 καθὼς
1044 2530 1272 2601 ἁρμόζει
1287 2531 1524 2601 γονεῦσι,
1544 2536 2005 2603 προσαγαγόντων

431 2618 598 2690 αὐτῷ,
640 2621 784 2674 κατὰ
809 2621 871 2674 τὸ
919 2623 1333 2694 γεγραμμένον⁹
1370 2644 1391 2677 ‹
1436 2625 1525 2680 Ἐν
1567 2625 1713 2698 ἔργῳ
1742 2629 1834 2681 καὶ
1861 2628 2005 2699 λόγῳ

431 2708 567 2778 τίμα
612 2708 705 2761 τὸν
756 2712 966 2781 πατέρα
1012 2730 1108 2766 σου
1168 2716 1262 2767 καὶ
1313 2716 1414 2785 τὴν
1471 2718 1686 2787 μητέρα
1743 2735 1862 2788 σου,
1915 2721 2006 2775 ἵνα

434 2799 637 2871 ἐπέλθῃ
683 2818 765 2855 σοι
809 2802 941 2873 εὐχὴ
975 2804 1107 2876 παρ’
1135 2805 1333 2860 αὐτῶν.
1371 2825 1390 2859 ι
1447 2806 1595 2879 Εὺχὴ
1630 2810 1737 2880 γὰρ
1795 2811 2003 2881 πατρὸς

435 2893 679 2963 στηρίξει
740 2895 924 2959 οῐκους
974 2895 1212 2965 τέκνωνξ,
1273 2898 1485 2969 κατάρα
1540 2900 1598 2953 δὲ
1655 2900 1860 2972 μητρὸς
1907 2902 2004 2955 ἐκ·

439 2984 583 3053 ριςοῖ
643 2984 711 3037 τὰ
765 2984 1015 3056 θεμέλια.
1075 2989 1152 3039 Δι’
1208 2988 1387 3042 αὐτῶν
1446 2989 1556 3060 γὰρ
1611 2992 2000 3063 ἐγεννήθησαν,

438 3078 533 3127 καὶ
564 3077 617 3129 τί
652 3078 1127 3133 ἁνταποδώσουσιν
1176 3081 1381 3147 αὐτοῖς,
1433 3082 1613 3146 καθὼς
1664 3085 1819 3138 αὐτοὶ
1856 3085 2003 3140 ἐκεί-ν
2031 3109 2077 3171 c

441 3184 556 3230 νοις
599 3187 613 3233 ;
667 3168 855 3224 Ταῦτα
906 3173 1015 3241 γὰρ
1069 3171 1165 3225 καὶ
1232 3172 1443 3238 Παῦλος
1507 3177 1535 3227 ὀ
1578 3176 1875 3240 ἀπόστολος
1916 3177 2006 3247 βε-

437 3260 627 3327 ῧαιῶν,
659 3261 797 3331 ἔφη’
836 3281 854 3314 ι
896 3262 978 3316 Τὰ
1012 3262 1201 3325 τέκνα,
1244 3263 1551 3319 ὑπακούετε
1595 3268 1711 3331 τοῖς
1759 3267 2009 3333 γονεῦσιν

435 3351 591 3422 ὑμῶν
618 3369 634 3383 ο
661 3352 823 3407 τοῦτο
852 3354 966 3425 γάρ
997 3355 1359 3411 ὲστιδίκαιον.
1383 3358 1448 3410 Ol
1472 3360 1672 3427 γονεῖς,
1700 3360 1773 3431 μὴ
1803 3378 2009 3431 παρορ-

434 3444 614 3513 γίζετε
647 3444 716 3499 τὰ
742 3446 912 3499 τέκνα
933 3447 1109 3517 ὑμῶν,
1148 3448 1265 3502 ἀλλ’
1293 3450 1589 3521 ἐκτρέφετε
1617 3453 1756 3507 αὐτὰ
1786 3454 1844 3507 ὲν
1882 3472 2007 3507 παι-

431 3533 551 3605 δείᾳ
583 3534 678 3588 καὶ
713 3534 863 3606 νόμῳ
894 3534 1269 3610 [σινουθεσία]
1298 3540 1523 3611 Κυρίου.
1561 3560 1579 3593 ι

514 3786 583 3848 0'.
622 3791 685 3843 Εί
714 3791 771 3846 δὲ
818 3792 1005 3863 συμϐῇ
1032 3794 1127 3847 καὶ
1149 3791 1338 3847 τοῦτον
1361 3794 1442 3858 είς
1486 3794 1675 3865 ἓτερον
1704 3797 2007 3866 περιελθεῖν

436 3874 535 3949 [σί.
562 3879 742 3951 συμϐῇ
782 3881 944 3935 αὐτὸν
971 3884 1052 3945 είς
1072 3881 1259 3955 ἕτερον
1289 3883 1486 3954 ἐλθεῖν]
1509 3885 1870 3950 συνοικέσιον,
1895 3887 2005 3939 τῶν

436 3969 639 4023 τέκνων
670 3972 837 4027 αὑτοῦ
868 3973 1141 4043 ἁνηλίκων
1176 3975 1576 4045 τυγχανόντων,
1603 3976 1850 4045 ἀμείωτα
1877 3978 2005 4047 παρ’

437 4061 601 4116 αὑτοῦ
628 4064 697 4116 τὰ
731 4063 980 4135 μητρῷα,
1006 4066 1367 4135 φυλάττεσθαι
1400 4066 1722 4137 πράγματα.

511 4153 565 4206 ι’.
604 4155 668 4207 El
694 4155 750 4208 δὲ
798 4157 898 4225 τῆς
930 4157 1156 4227 ἐννόμου
1191 4159 1410 4229 ἡλικίας
1436 4159 1617 4212 ταῦτα
1641 4160 2003 4232 ὑπάρχουσιν,

437 4246 485 4297 εί
540 4244 784 4312 θέλωσιν,
824 4247 1207 4313 ἀδιασκέπτως
1258 4251 1328 4303 τὰ
1356 4249 1580 4303 τοιαῦτα
1618 4252 1800 4306 αὐτῶν
1867 4255 2007 4325 πρά-

436 4354 624 4407 γματα
652 4339 989 4410 παρέχεσθαι
1023 4340 1225 4405 αὐτοῖς.

2108 1880 2404 1939 liberorum
2440 1897 2615 1957 pater,
2649 1899 2759 1945 tam
2792 1893 2969 1948 dotem
2994 1935 3010 1961 ,
3046 1911 3206 1963 quam
3243 1900 3423 1953 omnia
3457 1880 3594 1953 bona
3623 1899 3678 1954 in

2110 1973 2270 2030 rebus
2326 1986 2476 2031 extra
2510 1980 2688 2035 dotem
2718 1985 2909 2051 positis
2951 1988 3264 2053 constituta,
3300 2004 3397 2045 sua
3433 1992 3484 2044 in
3516 2001 3674 2060 pote-

2107 2073 2249 2119 state
2306 2069 2585 2135 retinebit,
2638 2087 2758 2126 cum
2804 2084 2857 2128 et
2891 2075 2965 2130 illi
3011 2079 3178 2146 patris
3224 2081 3396 2134 adhuc
3427 2083 3479 2135 in
3523 2089 3680 2150 pote-

2109 2166 2254 2212 state
2300 2159 2409 2214 sint
2440 2177 2455 2215 ι
2497 2162 2587 2231 qui
2614 2179 2801 2218 curam
2834 2167 3046 2234 domus,
3072 2180 3127 2225 et
3156 2170 3678 2229 administrationem

2106 2249 2415 2305 universam
2446 2263 2614 2321 geret,
2664 2256 2863 2312 nullam
2905 2258 3092 2316 liberis
3124 2261 3435 2318 facultatem
3467 2264 3677 2319 haben-

2105 2337 2254 2394 tibus
2303 2343 2622 2398 adversandi
2669 2346 2835 2414 patri,
2886 2348 2971 2401 vel
3008 2358 3309 2404 maternam
3353 2352 3421 2407 ab
3454 2366 3518 2406 eo
3547 2353 3678 2407 sub-

2106 2431 2362 2486 stantiam
2396 2436 2714 2503 reposcendi
2750 2438 2882 2494 :sed
2913 2454 2943 2493 e
2969 2441 3244 2495 contrario
3272 2444 3449 2511 potius
3464 2458 3676 2498 omnem

2108 2518 2365 2576 honorem
2398 2534 2453 2578 et
2483 2526 2869 2596 obedientiam,
2919 2531 3075 2585 sicuti
3121 2533 3434 2600 parentihns
3478 2548 3679 2588 conve-

2107 2612 2209 2675 nit,
2238 2613 2286 2667 ei
2320 2620 2428 2668 tam
2471 2618 2675 2683 verbis,
2725 2636 2886 2688 quam
2942 2622 3054 2690 ipsa
3079 2637 3138 2678 re
3171 2622 3557 2689 deferentibus,
3589 2641 3678 2680 se-

2107 2705 2340 2760 cundum
2372 2707 2604 2778 id,quod
2623 2711 2982 2781 perscriptum
3019 2714 3249 2782 legimus
3280 2733 3322 2767 ει
3350 2713 3482 2768 Tam
3511 2715 3676 2779 facto,

2107 2807 2268 2860 quam
2321 2799 2500 2852 verbis
2553 2800 2758 2855 honora
2832 2813 3040 2872 patrem
3089 2814 3263 2873 tuum,
3336 2816 3678 2876 matremque

2108 2892 2252 2939 tuam
2276 2905 2289 2941 :
2310 2897 2367 2941 ut
2395 2888 2464 2942 ab
2492 2891 2572 2944 eis
2604 2901 2787 2946 votum
2821 2910 2982 2964 super
3014 2906 3066 2950 te
3098 2894 3328 2953 veniat.)
3349 2896 3556 2966 Quippe
3581 2912 3677 2949 vo-

2109 2984 2219 3029 tum
2263 2980 2431 3045 patris
2474 2979 2765 3049 liberorum
2802 2984 3035 3042 familias
3085 2987 3259 3053 fulcit,
3290 2998 3343 3043 et
3371 2989 3679 3043 exsecratio

2109 3067 2300 3120 matris
2348 3067 2700 3126 fundamenta
2747 3087 2929 3129 earum
2974 3076 3234 3132 radicitus
3291 3076 3508 3133 evertit.
3536 3074 3671 3131 Nam

2110 3172 2298 3213 eorum
2349 3164 2615 3230 procreati
2672 3174 2800 3220 sunt
2846 3180 3031 3234 opera,
3076 3178 3131 3222 et
3179 3169 3308 3238 quid
3344 3171 3424 3224 eis
3450 3170 3678 3224 reddent

2108 3249 2395 3319 ejusmodi,
2422 3254 2582 3322 quale
2604 3257 2883 3312 consecuti
2935 3266 3062 3313 sunt
3082 3259 3150 3313 ab
3178 3259 3349 3328 ipsis?
3385 3260 3509 3315 Haec
3531 3261 3676 3316 enim

2108 3349 2161 3393 et
2207 3337 2409 3396 Paulus
2433 3344 2712 3412 apostolus
2743 3346 3096 3414 confirmans,
3119 3348 3257 3403 dixit
3285 3364 3299 3401 :
3333 3347 3464 3415 Vos,
3499 3350 3678 3416 liberi,

2109 3435 2424 3500 parentibus
2468 3438 2666 3494 vestris
2715 3439 2948 3493 obedite.
2996 3438 3131 3494 Nam
3183 3442 3284 3494 hoc
3327 3439 3442 3495 fieri
3491 3455 3586 3509 par
3625 3449 3680 3493 et

2107 3539 2322 3594 acquum
2340 3535 2441 3583 est.
2471 3527 2602 3594 Vos,
2635 3540 2915 3600 parentes,
2942 3546 3010 3587 ne
3039 3540 3329 3601 provocate
3362 3531 3562 3587 liberos
3590 3548 3682 3586 ve-

2107 3625 2250 3672 stros
2286 3618 2352 3671 ad
2382 3619 2539 3684 iram,
2575 3622 2668 3676 sed
2692 3636 2789 3679 eos
2837 3623 2890 3677 in
2938 3623 3199 3679 doctrina
3222 3632 3275 3678 et
3301 3622 3417 3694 lege
3445 3622 3540 3696 [al.
3574 3640 3676 3678 mo-

2108 3706 2257 3777 nitis]
2296 3706 2506 3763 Domini
2535 3712 2785 3767 educate.
2809 3730 2829 3764 ι

2179 3770 2417 3865 9.’ρυο‹ι
2450 3801 2495 3855 si
2545 3804 2858 3858 usuvenerit
2903 3812 2963 3857 ut
3014 3805 3104 3859 hic
3147 3770 3423 3859 etiam‘ad
3451 3807 3676 3858 alterum

2108 3889 2514 3944 matrimonium
2557 3894 2937 3962 progrediatur
2984 3893 3169 3949 liberis
3215 3895 3391 3947 adhuc
3433 3894 3679 3961 impube-

2108 3980 2278 4044 ribus,
2310 3992 2551 4037 materna
2580 3983 2793 4038 illorum
2829 3984 2966 4038 bona
3000 3984 3137 4039 citra
3168 3978 3574 4040 decrementqu
3624 3993 3678 4040 et

2108 4070 2536 4126 imminutionem
2572 4071 2640 4128 ab
2672 4088 2738 4127 eo
2770 4074 3169 4129 custodiantur.

2179 4163 2265 4217 10.
2296 4161 2390 4218 Sin
2421 4173 2632 4219 aetatem
2678 4165 2977 4235 legitimam
3003 4165 3337 4235 attigerunt,
3371 4166 3509 4219 citra
3543 4166 3677 4220 deli-

2107 4254 2445 4310 berationem
2496 4256 2627 4327 ipsis
2653 4271 2717 4312 ea
2757 4257 2919 4322 bona,
2959 4256 3004 4313 si
3035 4256 3251 4327 quidem
3275 4254 3350 4311 ita
3385 4254 3676 4320 voluerint,

2109 4347 2483 4403 cxhiheantur.

510 4429 604 4486 ια’.
638 4431 698 4484 Ei
726 4431 782 4484 δὲ
816 4431 1034 4502 θελήσει
1062 4433 1126 4485 ὲκ
1158 4431 1253 4486 τοῦ
1281 4434 1610 4505 ἀνδρογύνου
1639 4436 1747 4490 εἴτε
1777 4439 1806 4491 ό
1837 4438 1998 4509 ἀνὴρ,

2181 4438 2270 4492 ll.
2303 4438 2456 4505 Quod
2502 4438 2547 4494 si
2600 4440 2887 4511 coniugum
2934 4437 3215 4503 alteruter,
3267 4438 3382 4494 sive
3425 4436 3675 4503 maritus,

436 4521 549 4574 εἴτε
605 4523 639 4591 ἡ
678 4522 833 4593 γυνὴ,
894 4525 1064 4594 χωρὶς
1114 4526 1545 4594 δευτερογαμίας
1608 4530 1673 4581 ὲκ
1702 4528 1812 4581 τῶν
1856 4529 2005 4583 ίδίων

435 4612 643 4665 τέκνων
672 4613 1131 4685 ἀπαναχωρῆσαι,
1184 4616 1463 4687 ἀνηλίκων
1492 4618 1673 4672 αὐτῶν
1712 4622 2007 4690 τυγχανόν-

438 4720 571 4766 των,
600 4704 677 4775 μὴ
696 4704 839 4773 ἔχειν
872 4706 1066 4769 αὐτοὺς
1098 4707 1283 4760 ἄδειαν
1308 4707 1468 4763 τοῦτο
1490 4712 1714 4780 πρᾶξαι,
1742 4713 1879 4766 ἀλλὰ
1906 4714 2006 4783 τὴν

437 4794 645 4849 τούτων
678 4797 954 4850 ποιεῖσθαι
986 4799 1243 4870 φροντίδα
1271 4817 1329 4852 τε
1360 4802 1455 4854 καὶ
1503 4802 1789 4873 διοίκησιν,
1823 4805 2006 4870 καθὼς

438 4882 592 4940 εἶπεν
648 4888 677 4940 ὁ
714 4887 1059 4956 Ἀπόστολος,
1115 4891 1196 4944 ὅτι
1237 4908 1257 4943 ι
1294 4891 1454 4962 Χήρα
1507 4893 1704 4963 ἔχουσα
1756 4896 1924 4950 τέκνα
1971 4897 2005 4968 ἢ

437 4972 659 5041 ἔγγονα,
691 4976 1005 5048 μανθανέτω
1038 4979 1255 5051 πρῶτον
1281 4982 1373 5036 τὸν
1405 4982 1535 5037 ῐδιον
1564 4980 1713 5038 οἶκον
1739 4986 2003 5044 εὐσεϐεῖν.

439 5064 611 5119 Τοῦτο
633 5067 743 5136 γάρ
770 5070 918 5122 ἐστιν
956 5071 1255 5126 ἁποδεκτὸν
1282 5072 1511 5127 ἐνώπιον
1532 5076 1625 5129 τοῦ
1647 5076 1804 5132 Θεοῦ.
1839 5096 1857 5129 ι

511 5154 598 5225 ιβ’.
624 5158 686 5210 El
717 5158 774 5212 δὲ
801 5160 911 5213 τῶν
942 5163 1171 5217 ἐντελῶν
1202 5166 1309 5218 είσι
1347 5166 1414 5219 τὰ
1440 5166 1627 5231 τέκνα,
1661 5169 1754 5221 καὶ
1784 5169 1866 5233 είς
1891 5169 2007 5241 βίον

438 5250 753 5319 περιῆλθον,
778 5255 871 5307 καὶ
899 5254 1155 5310 δύνανται
1177 5257 1275 5326 τὴν
1331 5259 1467 5312 ἰδίαν
1495 5260 1761 5331 διοίκησιν
1806 5267 2002 5329 ποιεῖν,

438 5340 537 5394 καὶ
581 5340 799 5414 θελήσει
850 5362 933 5410 τις
973 5348 1038 5400 ὲκ
1085 5349 1192 5402 τῶν
1251 5350 1456 5419 γονέων
1486 5353 1914 5426 ἀπαναχωρῆσαι
1949 5355 2008 5421 ἐξ

438 5433 644 5499 αὐτῶν,
684 5438 772 5491 ἐπ’
802 5439 988 5504 ἀδείας
1017 5440 1163 5511 ἔχειν
1185 5443 1244 5496 τὸ
1267 5443 1508 5498 τοιοῦτον
1547 5450 1837 5518 πρόσωπον
1870 5448 2007 5517 μετὰ

435 5523 538 5595 τὴν
589 5525 700 5580 τῶν
749 5529 894 5582 ίδίων
940 5533 1284 5603 πραγμάτων
1337 5536 1690 5607 ὲγκράτησιν,
1746 5537 1838 5589 καὶ
1891 5538 2008 5600 ἑνὸς

440 5617 629 5681 παιδὸς
673 5622 865 5691 μοῖραν
893 5622 1192 5694 λαμϐάνειν
1256 5627 1434 5690 αὑτὸν,
1466 5628 1600 5697 πρὸς
1647 5628 1737 5681 τὸν
1778 5626 2009 5698 ἀριθμὸν

442 5700 553 5755 τῶν
582 5704 805 5759 τέκνων.

2106 4530 2221 4586 sive
2244 4547 2401 4594 uxor,
2428 4532 2632 4600 absque
2658 4530 2897 4588 secundo
2929 4529 3273 4585 matrimonio
3300 4531 3412 4585 suis
3440 4545 3467 4581 a
3491 4529 3678 4583 liberis

2108 4627 2363 4680 secedere
2413 4625 2664 4688 voluerit,
2711 4624 2777 4679 iis
2821 4624 3053 4680 necdum
3098 4622 3341 4678 adultis:
3375 4621 3575 4676 nullam
3623 4621 3675 4675 id

2108 4717 2299 4785 agendi
2331 4717 2604 4772 licentiam
2640 4717 2859 4784 habeat,
2904 4716 2999 4772 sed
3044 4730 3233 4772 eorum
3268 4730 3453 4770 curam
3482 4724 3537 4769 et
3582 4714 3678 4767 ad-

2110 4806 2561 4862 ministrationem
2591 4808 2873 4878 suscipiat,
2903 4806 3360 4878 quemadmodum
3384 4806 3676 4876 Apostolus

2112 4896 2201 4951 ille
2227 4897 2362 4952 dixit
2395 4914 2409 4950 :
2447 4916 2465 4948 ι
2496 4898 2693 4964 Vidua,
2731 4916 2851 4969 quae
2874 4900 3075 4955 liberos
3119 4908 3212 4952 aut
3239 4907 3464 4966 nepotes
3492 4898 3673 4960 habet,

2110 4986 2344 5055 primum
2373 4987 2547 5041 discat
2574 4988 2626 5042 in
2670 4989 2940 5057 propriam
2968 4990 3185 5044 domum
3217 4989 3474 5058 pietatem
3514 5000 3676 5040 exer-

2111 5091 2253 5132 cere.
2285 5075 2419 5131 Nam
2453 5078 2505 5131 id
2540 5088 2817 5145 acceptum
2850 5088 2934 5133 est
2965 5094 3148 5134 coram
3185 5078 3314 5133 Deo.
3338 5095 3357 5129 ι
3614 5138 3627 5153 ι

2183 5167 2272 5222 l2.
2293 5167 2352 5223 Si
2375 5183 2503 5225 vero
2529 5169 2684 5225 liberi
2714 5169 2924 5240 plenam
2955 5180 3010 5227 et
3041 5170 3332 5241 perfectam
3360 5168 3427 5222 ad
3461 5174 3675 5222 etatem

2110 5270 2490 5333 pervenerunt,
2523 5272 2579 5318 et
2610 5263 2675 5317 ad
2703 5266 2979 5320 tractanda
3001 5264 3124 5319 vitae
3154 5262 3366 5335 negotia
3396 5276 3455 5317 se
3480 5268 3676 5315 contu-

2111 5356 2313 5422 lerunt,
2341 5354 2565 5426 jamque
2613 5370 2723 5412 suae
2773 5356 3227 5412 administrationi
3269 5352 3528 5411 obeundae
3562 5350 3679 5406 suf-

2113 5447 2323 5514 ﬁciunt,
2374 5456 2431 5503 et
2469 5458 2751 5518 parentum
2786 5450 3046 5503 alteruter
3075 5449 3142 5503 ab
3188 5449 3267 5503 eis
3296 5446 3552 5501 secedere
3583 5458 3680 5497 vo-

2112 5537 2272 5593 luerit
2300 5556 2313 5592 :
2344 5537 2606 5607 ejusmodi
2642 5553 2869 5607 persona
2901 5538 3183 5591 licentiam
3212 5537 3426 5602 habeat,
3460 5545 3516 5590 ut
3544 5548 3681 5604 pra:-

2113 5636 2195 5682 tcr
2252 5643 2432 5683 rerum
2491 5643 2712 5684 suarum
2768 5628 3148 5693 retentionem,
3202 5627 3365 5683 etiam
3418 5627 3577 5680 unius
3610 5639 3674 5679 ex

2112 5718 2295 5774 liberis
2321 5719 2645 5787 portionem,
2682 5732 2778 5788 pro
2808 5732 3032 5772 numero
3074 5717 3390 5783 liberorum,
3428 5716 3676 5784 acripiat.
