4058 6212
408 287 517 349 499

488 405 574 457 15.
609 401 663 455 Si
686 417 811 456 vero
839 402 956 469 quis
981 400 1050 453 ob
1081 408 1285 451 arctam
1317 411 1493 450 renum
1529 411 1750 450 suarum
1783 395 1971 449 condi-
2003 402 2049 456 Α

412 495 634 556 tionem,
657 490 735 545 vel
756 490 1133 551 humilitatem,
1157 501 1278 542 cum
1303 487 1700 540 existimatione
1718 487 1973 555 quadam,

409 598 463 640 et
510 585 898 639 interveniente
962 581 1264 651 scriptura,
1332 581 1547 650 nuptias
1609 580 1830 649 exsequi
1882 593 1977 635 nc-

408 684 603 743 queat:
628 674 788 726 etiam
821 671 953 724 citra
976 671 1299 740 scripturam
1327 673 1726 726 matrimonium
1751 683 1980 746 contra:

407 766 553 817 hitur
605 764 722 816 sine
770 762 890 815 dolo
934 763 1095 828 malo,
1144 764 1581 819 contrahentium
1619 780 1969 833 personarum

405 868 457 906 et
487 864 774 922 parentum
812 869 996 908 carum
1020 870 1301 911 consensu
1342 872 1355 908 :
1390 858 1503 910 sive
1532 857 1633 910 hoc
1662 857 1713 911 in
1742 856 1971 911 ecclesia

405 959 500 1012 per
534 944 981 1009 benedictionem,
1016 946 1130 1000 sive
1172 960 1357 1001 coram
1385 948 1621 1015 quinque
1661 947 1850 1002 amicis
1876 963 1973 1002 no-

405 1043 516 1083 tum
554 1031 667 1085 ﬁat.
706 1030 812 1085 Sed
843 1043 896 1085 et
931 1032 1154 1100 quilibet
1200 1034 1482 1088 mulierem
1524 1035 1744 1090 liberam
1779 1036 1829 1089 in
1862 1036 1971 1090 do-

324 1120 332 1133 '
404 1138 548 1175 mum
585 1138 735 1177 suam
770 1123 1061 1192 deducens,
1093 1132 1147 1179 et
1181 1124 1703 1182 administrationem
1739 1127 1786 1183 ei
1816 1128 1971 1182 fami-

403 1216 485 1267 Ii:e
530 1229 641 1270 sua:
689 1214 1053 1283 committens,
1104 1218 1235 1272 etin
1272 1219 1515 1273 carnales
1559 1235 1679 1273 cum
1728 1234 1788 1274 ea
1822 1235 1971 1276 com-

403 1307 591 1372 plexus
626 1308 865 1375 veniens,
892 1309 1026 1363 citra
1054 1308 1377 1379 scripturam
1406 1311 1808 1367 matrimonium
1841 1327 1967 1367 cum

401 1410 461 1451 ea
495 1401 785 1454 contrahit.

472 1491 561 1544 Η.
594 1492 746 1558 Quod
791 1493 834 1547 si
872 1494 1033 1548 nullis
1075 1509 1139 1549 ex
1187 1509 1249 1549 ea
1292 1494 1478 1550 liberis
1526 1498 1814 1565 susceptis,
1846 1511 1965 1552 eam

403 1584 675 1650 expellere
719 1596 945 1639 conatus
991 1584 1154 1640 fuerit
1196 1601 1226 1639 e
1274 1587 1626 1642 contubernio
1673 1592 1817 1653 suo,
1850 1589 1970 1642 sine

402 1689 564 1729 causa
607 1676 815 1745 legibus
848 1677 1141 1746 approbata
1170 1694 1183 1730 :
1208 1687 1401 1745 praeter
1435 1680 1833 1735 restitutionem
1870 1693 1965 1733 ea-

401 1781 517 1818 rum
550 1781 727 1820 rerum
763 1783 898 1836 quas
945 1767 1080 1839 ipSa,
1127 1784 1223 1825 ceu
1275 1770 1419 1825 credi
1462 1786 1565 1841 par
1604 1782 1707 1838 εει,
1749 1773 1815 1827 ad
1845 1786 1965 1827 eum

399 1861 610 1930 attulit;
661 1876 911 1933 quartam
948 1880 1162 1936 quoque
1202 1868 1464 1923 bonorum
1499 1883 1719 1923 suorum
1759 1878 1962 1935 partem

400 1955 450 2009 ei
478 1955 645 2010 dabit.

473 2048 560 2102 15.
598 2048 750 2115 Quod
792 2048 836 2103 si
881 2051 1001 2119 quis
1034 2050 1173 2119 inopi
1214 2050 1425 2107 mulieri
1459 2054 1804 2111 matrimonio
1829 2056 1963 2125 legi-

399 2138 530 2191 timo
565 2140 885 2208 coniunctus
912 2140 1091 2206 fuerit,
1121 2151 1174 2196 et
1201 2144 1426 2198 maritus
1459 2146 1667 2214 absque
1700 2147 1884 2203 liberis
1909 2157 1963 2203 et

398 2229 687 2285 intestatus
718 2231 1018 2286 decesserit
1056 2242 1083 2283 τί
1108 2234 1338 2303 accipiet
1366 2251 1501 2290 uxor
1541 2238 1609 2292 de
1641 2238 1820 2293 mariti
1862 2240 1961 2295 hoc

397 2319 500 2385 nis,
536 2320 753 2375 nomine
791 2336 951 2377 casus
986 2322 1274 2378 liberorum
1310 2341 1413 2380 non
1448 2327 1799 2393 exstantium,
1832 2344 1961 2395 par-

400 2419 504 2466 tem
558 2419 827 2478 quartam,
866 2426 963 2480 pro
1011 2415 1189 2468 mariti
1243 2415 1612 2478 facultatibus.
1658 2420 1725 2472 ad
1770 2420 1957 2475 decem

396 2516 566 2570 usque
613 2501 797 2557 libras.
834 2502 984 2571 Quod
1029 2504 1074 2559 si
1108 2505 1284 2561 mariti
1327 2506 1611 2561 facultates
1650 2522 1725 2561 eae
1754 2508 1866 2565 sint
1903 2517 1962 2564 ut

394 2602 583 2659 Quarta
615 2607 739 2661 pars
764 2596 947 2651 decem
985 2594 1151 2649 libras
1187 2597 1433 2661 excedat,
1466 2598 1665 2653 nullam
1695 2613 1759 2655 ea
1791 2599 1960 2656 licen~

394 2686 521 2739 tiam
572 2684 764 2742 habeat
811 2685 1041 2755 amplius
1080 2686 1327 2754 capiendi
1394 2704 1554 2757 quam
1605 2690 1724 2747 illas
1773 2692 1955 2748 decem

394 2777 581 2837 libras.
613 2789 669 2831 ut
700 2790 822 2833 ante
848 2780 1084 2835 diximus
1111 2792 1122 2826 ε
1148 2790 1203 2835 et
1223 2794 1340 2848 qum
1365 2782 1571 2852 reliqua
1593 2792 1735 2851 sunt,
1761 2786 1826 2838 ad
1854 2801 1961 2841 ma-

393 2866 484 2921 riti
524 2867 763 2927 haeredes
795 2869 863 2923 ab
897 2870 1187 2939 intestato;
1222 2873 1325 2935 vel,
1363 2874 1428 2930 iis
1455 2889 1561 2929 non
1593 2878 1953 2945 exstantibus,

392 2960 458 3011 ad
491 2958 679 3013 iiscum
714 2961 1045 3028 pervenient.

466 3050 552 3103 16.
586 3052 847 3107 Secunda:
877 3055 1076 3123 nuptiae
1103 3055 1497 3112 contrahuntur
1523 3073 1553 3112 a
1579 3061 1821 3128 personis
1853 3077 1957 3118 non
1986 3095 2030 3159 Ο

394 3140 708 3208 prohibitis,
758 3144 871 3198 sive
917 3144 969 3198 in
1001 3146 1238 3213 scriptis,
1282 3148 1398 3203 sive
1428 3149 1564 3203 citra
1607 3151 1955 3220 scripturam,

391 3232 445 3287 in
502 3234 641 3287 hunc
692 3234 928 3289 modum.
983 3235 1257 3304 Siquidem
1310 3238 1492 3295 liberis
1523 3252 1766 3309 careant,
1819 3245 1955 3300 citra

389 3323 831 3391 disceptationem
859 3325 1009 3395 juxta
1036 3329 1224 3389 modos
1254 3331 1504 3399 superius
1528 3335 1802 3404 expositos
1830 3351 1957 3392 con-

390 3412 628 3468 trahant.

460 3506 550 3560 17.
605 3505 700 3560 Sin
750 3522 976 3576 persona
1028 3514 1295 3571 secundas
1359 3514 1574 3583 nuptias
1610 3518 1956 3583 contrahens,

390 3595 595 3653 liberos
624 3598 819 3666 habet;
858 3617 963 3656 non
1000 3602 1156 3660 liceat
1185 3606 1232 3660 ei
1267 3606 1516 3661 secundae
1545 3621 1787 3677 personae
1818 3610 1956 3680 plus,

391 3704 553 3756 quam
596 3690 755 3745 unius
803 3692 1085 3762 exlliberis
1118 3698 1184 3751 de
1227 3698 1392 3768 priori
1429 3700 1773 3756 matrimonio
1833 3718 1956 3758 sus-

392 3780 536 3849 cepti
566 3782 885 3851 portionem,
913 3800 982 3841 ex
1025 3787 1182 3844 bouis
1221 3790 1334 3847 suis
1366 3807 1693 3863 quocunque
1716 3793 1957 3865 largitio-

389 3872 475 3928 nis
506 3874 686 3941 modo,
715 3876 935 3932 donare.
979 3878 1346 3939 Consimiliter
1376 3894 1430 3938 et
1467 3887 1518 3940 in
1558 3888 1802 3954 muliere,
1838 3904 1959 3958 quae

389 3966 625 4020 secundo
652 3982 709 4022 se
744 3981 966 4039 nuptum
1004 3973 1250 4039 collocat,
1294 3977 1433 4032 idem
1462 3978 1565 4034 hoc
1594 3980 1911 4034 observetur
1938 3998 1951 4033 :

389 4056 642 4111 nimirum
685 4076 748 4114 ea
792 4060 1071 4121 duodecim
1125 4068 1388 4123 mensium
1431 4079 1681 4139 tempus,
1726 4088 1753 4124 a
1786 4083 1960 4126 morte

386 4147 589 4215 prioris
627 4152 829 4219 mariti,
856 4164 1130 4212 servante.

459 4335 545 4388 18.
581 4333 735 4398 Quod
768 4334 812 4388 si
861 4335 961 4389 hoc
991 4344 1232 4406 tempore
1259 4341 1481 4392 necdum
1515 4324 1671 4395 finito
1690 4344 1956 4397 secundas

1439 284 1950 345 CONSTANTINI‘
1986 284 2662 346 PORPHYROGENITI

3544 282 3649 345 500

2148 403 2237 464 ιγ’.
2272 398 2333 449 Εἰ
2364 398 2420 449 δέ
2444 397 2584 451 κατά
2618 396 2874 450 στένωσιν
2907 396 2939 465 ἦ
2976 395 3063 449 διὰ
3092 392 3420 447 ταπείνωσιν
3452 394 3529 464 μὴ
3557 397 3651 449 δυ-

2082 487 2217 557 νηθῇ
2240 505 2323 551 τις
2341 487 2734 557 εύπρολήπτως
2759 488 2853 541 καὶ
2876 487 3172 556 ἐγγράφως
3194 489 3417 570 ποιῆσαι
3448 487 3647 557 γάμον,

2082 578 2175 632 καὶ
2196 579 2458 648 ἀγράφως
2478 578 2572 649 [αι.
2597 579 2867 650 ἄγραφος]
2889 578 3203 632 συνίσταται
3228 579 3405 648 γάμος
3424 580 3649 647 ἀδόλως,

2082 670 2384 725 συναινέσει
2409 670 2517 723 τῶν
2544 671 3019 724 συναλλασσόντων
3051 669 3379 741 προσώπων,
3427 670 3650 723 καὶτῶν

2078 759 2282 815 τούτων
2310 761 2537 829 γονέων,
2568 760 2679 814 εἴτε
2716 765 2772 814 ἐν
2805 762 3075 833 ἐκκλησίᾳ
3100 763 3257 816 τοῦτο
3286 763 3351 815 δι’
3372 762 3645 829 εὐλογίας,

2076 853 2109 922 ἦ
2148 854 2239 907 καὶ
2287 854 2379 906 ἐπὶ
2418 853 2588 921 φίλων
2621 854 2781 905 πέντε
2816 855 3146 924 γνωρισθείη
3181 854 3277 925 [αι.
3318 854 3645 926 γνωρισθῇὶ.

2089 943 2249 995 Ἀλλά
2285 943 2377 995 καὶ
2404 944 2717 1013 οίοσδήποτε
2758 944 3187 1015 είσοικιζόμενος
3226 948 3457 1013 γυναῖκα
3496 946 3647 997 ἐλευ-

2076 1032 2260 1105 θέραν,
2293 1034 2388 1087 καὶ
2417 1034 2835 1089 καταπιστεύων
2864 1036 3003 1106 αὐτῇ
3057 1036 3159 1107 τὴν
3189 1037 3282 1089 τοῦ
3339 1037 3469 1089 ίδὶου
3517 1037 3648 1089 διοί-

2074 1141 2256 1195 κησιν,
2288 1118 2383 1181 καὶ
2408 1124 2585 1196 ταύτῃ
2601 1125 2879 1195 σαρκικῶς
2911 1125 3359 1196 συμπλεκόμενος
3381 1126 3479 1198 [aL
3516 1144 3647 1193 συγ-

2074 1217 2505 1289 κοιταζόμενοςῖ,
2543 1218 2791 1287 ἄγραφον
2857 1218 3214 1273 συναλλάσσει
3274 1220 3412 1290 πρὸς
3472 1219 3642 1289 αὐτὴν

2071 1311 2268 1381 γάμον.

2148 1490 2229 1544 ιδ’.
2265 1490 2388 1544 Ἐὰν
2414 1491 2473 1547 δέ
2521 1490 2580 1555 ἐξ
2606 1490 2776 1561 αὐτῆς
2923 1490 3316 1558 παιδοποιήσας
3351 1486 3639 1557 πειραθείη

2071 1581 2325 1647 ἐκδιῶξαι
2365 1583 2532 1652 αὐτὴν
2556 1584 2622 1636 ἐκ
2654 1583 2755 1652 τῆς
2787 1584 2925 1654 πρὸς
2954 1583 3114 1636 αὐτὸν
3146 1583 3504 1652 συνοικήσεως
3540 1578 3638 1649 [ιιι.

2074 1674 2461 1745 συνοικεσίας],
2487 1675 2667 1736 αἰτίας
2688 1675 2837 1745 νόμῳ
2862 1675 3210 1744 ἐγνωσμένης
3234 1672 3409 1734 ἐκτὸς,
3443 1670 3642 1722 διδόναι

2081 1765 2218 1835 αὐτῇ
2271 1764 2408 1835 πρὸς
2461 1768 2528 1833 τῇ
2587 1767 3033 1820 ἀποκαταστάσει
3064 1764 3191 1830 τῶν,
3224 1763 3299 1825 ὡς
3337 1760 3502 1827 είκδς,
3534 1759 3643 1811 εἱσ-

2075 1854 2403 1925 ενεχθέντων
2452 1857 2583 1926 παρ’
2616 1858 2785 1928 αὐτῆς
2812 1858 3177 1928 πραγμάτων,
3232 1855 3325 1908 καὶ
3378 1854 3639 1923 τέταρτον

2077 1946 2245 2019 μέρος
2273 1949 2371 2018 τῆς
2400 1947 2564 2002 αὑτοῦ
2595 1949 2935 2018 περιουσίας.

2146 2052 2227 2093 ιε’.
2278 2041 2340 2093 El
2371 2040 2428 2093 δὲ
2458 2042 2648 2113 ἀπόρῳ
2701 2042 2923 2109 γυναικὶ
2976 2040 3114 2113 πρὸς
3172 2038 3399 2109 νόμιμον
3461 2037 3640 2104 γάμον

2074 2130 2319 2202 συναφθῇ
2368 2149 2474 2197 τις,
2508 2132 2604 2185 καὶ
2636 2133 2951 2203 τελευτήσει
3005 2134 3034 2185 ὁ
3096 2130 3237 2201 ἀνὴρ
3288 2129 3495 2183 παίδων
3544 2130 3638 2181 καὶ

2072 2222 2336 2296 διαθήκης
2388 2225 2581 2294 χωρὶς,
2612 2225 2935 2295 κομίζεσθαι
2984 2224 3084 2294 τὴν
3140 2224 3374 2291 γυναῖκα
3432 2222 3495 2273 ἐκ
3542 2220 3638 2289 τῆς

2072 2313 2318 2384 ἀνδρῴας
2342 2314 2690 2377 ὑποστάσεως
2717 2315 2854 2385 ὑπὲρ
2875 2314 2935 2379 ἐξ
2963 2314 3217 2376 ἀπαιδίας
3241 2312 3444 2367 κάσσου
3472 2311 3635 2380 μέρος

2069 2405 2353 2474 τέταρτον,
2399 2406 2541 2459 κατά
2565 2406 2663 2476 τὴν
2696 2405 2957 2477 εὐπορίαν
2985 2404 3081 2458 τοῦ
3122 2404 3336 2473 ἀνδρὸς,
3394 2400 3496 2462 ἓως
3528 2398 3634 2451 τῶν

2068 2496 2203 2551 δέκα
2231 2496 2449 2566 λιτρῶν.
2476 2498 2539 2550 Εἰ
2570 2498 2624 2551 δὲ
2653 2498 2837 2551 ἐπάνω
2866 2498 2977 2552 τῶν
3034 2495 3168 2549 δέκα
3197 2493 3394 2563 λιτρῶν
3417 2489 3640 2559 εὐπορεῖ

2071 2592 2099 2643 ὁ
2121 2590 2279 2662 ἀνὴρ,
2308 2592 2383 2662 μὴ
2414 2589 2555 2660 ἔχειν
2583 2589 2754 2659 αὐτὴν
2778 2589 2987 2653 ἄδειαν,
3010 2586 3197 2658 ἔτερόν
3215 2602 3271 2637 τι
3293 2580 3637 2654 κομίζεσθαι,

2069 2682 2211 2753 πλὴν
2240 2682 2349 2735 τῶν
2394 2683 2529 2737 δέκα
2577 2683 2798 2753 λιτρῶν,
2836 2681 2911 2745 ὡς
2941 2680 3379 2754 προειρήκαμεν,
3436 2675 3531 2727 καὶ
3568 2670 3639 2725 τὰ

2070 2774 2338 2830 ὑπόλοιπα
2394 2775 2782 2846 περιέρχεσθαι
2812 2776 2892 2837 είς
2924 2774 3053 2836 τοὺς
3072 2772 3133 2836 ἐξ
3160 2768 3439 2825 ἀδιαθέτου
3472 2762 3635 2818 αὑτοῦ

2080 2865 2474 2935 κληρονόμους,
2526 2865 2559 2935 ἢ
2622 2865 2697 2937 μὴ
2730 2866 2976 2920 ὑπόντων
3037 2860 3405 2935 κληρονόμων,
3456 2858 3535 2921 εἰς
3580 2856 3639 2911 τὸ

2071 2957 2236 3033 μέρος
2262 2956 2355 3009 τοῦ
2387 2955 2668 3028 δημοσίου.

2142 3047 2239 3112 ις’.
2267 3049 2677 3121 Δευτερογαμία
2699 3048 3011 3103 συνίσταται
3031 3049 3124 3101 ἐπὶ
3151 3050 3264 3112 τοῖς
3294 3049 3369 3119 μὴ
3395 3046 3636 3101 κεκωλυ-

2065 3139 2253 3209 μένοις
2309 3140 2646 3213 προσώποις,
2690 3141 2800 3192 εἴτε
2861 3140 3174 3211 ἐγγράφως,
3205 3139 3312 3192 εἴτε
3346 3137 3630 3209 ἀγράφως,

2063 3233 2258 3298 οὕτως.
2293 3235 2358 3289 Et
2391 3236 2490 3307 μὲν
2513 3235 2722 3289 παίδων
2753 3234 2946 3305 χωρὶς,
2974 3235 3320 3307 ἀπεριέργως
3338 3231 3635 3286 συναλλάσ-

2066 3343 2179 3380 σειν
2210 3326 2351 3381 κατά
2376 3328 2500 3390 τοὺς
2525 3326 2780 3398 ἀνωτέρω
2798 3326 3156 3397 δηλουμένους
3187 3325 3287 3398 [αι.
3319 3322 3634 3394 διειλημμέ-

2063 3418 2209 3491 νους]
2248 3420 2504 3489 τρόπους.

2140 3509 2223 3571 ιζ’.
2244 3508 2306 3561 Εἰ
2322 3509 2378 3560 δέ
2401 3509 2588 3575 παῖδες
2608 3510 2717 3563 εἰσὶ
2732 3509 2810 3582 τῷ
2824 3507 3315 3581 δευτερογαμοῦντι
3332 3504 3631 3578 προσώπῳ,

2069 3599 2145 3667 μὴ
2172 3597 2316 3667 ἔχειν
2336 3600 2495 3652 αὐτὸν
2516 3601 2699 3655 ἄδειαν
2726 3601 3041 3673 χαρίζεσθαι
3064 3605 3130 3673 τῇ
3162 3599 3389 3670 δευτέρᾳ
3416 3599 3634 3666 γυναικὶ

2067 3690 2236 3743 πλείω
2260 3690 2377 3753 ἐνὸς
2403 3692 2593 3755 παιδὸς
2625 3696 2820 3765 μοῖραν
2845 3692 3112 3766 [μοίρας],
3137 3694 3229 3747 τοῦ
3255 3696 3319 3747 ἐκ
3350 3690 3631 3763 προτέρων

2063 3784 2229 3839 αὑτοῦ
2251 3785 2466 3855 γάμων,
2517 3787 2580 3839 ἐκ
2619 3786 2720 3855 τῆς
2765 3786 2903 3849 ιδίας
2941 3788 3276 3857 περιουσίας,
3327 3785 3451 3837 καθ’
3486 3786 3634 3836 οἱαν-

2060 3877 2258 3948 δήποτε
2297 3877 2631 3949 φιλοτιμίαν.
2676 3879 2907 3949 Ὁμοίως
2935 3880 2990 3933 δὲ
3029 3880 3090 3933 τὸ
3114 3880 3246 3932 αὐτὸ
3276 3878 3632 3948 παραφυλατ-

2063 3967 2238 4021 τέσθω
2282 3967 2854 4042 [παραφυλάττεσθαι]
2917 3970 3011 4023 καὶ
3041 3970 3134 4024 ἐπὶ
3161 3970 3262 4038 τῆς
3307 3969 3631 4038 δευτερογα-

2069 4058 2276 4129 μούσης
2305 4061 2584 4128 γυναικὸς,
2634 4060 2915 4131 προδήλως
2975 4060 3182 4129 ταύτης
3247 4060 3339 4114 τὸν
3388 4056 3497 4112 ἀπὸ
3535 4056 3627 4109 τοῦ

2066 4151 2255 4220 καιροῦ
2280 4151 2378 4220 τῆς
2405 4153 2661 4222 τελευτῆς
2681 4153 2775 4205 τοῦ
2804 4152 3022 4224 πρώτου
3049 4151 3240 4219 ἀνδρὸς
3275 4150 3629 4221 παραφυλατ-

2063 4244 2265 4313 τούσης
2289 4245 2751 4315 δωδεκάμηνιαῖον
2779 4246 2989 4316 χρόνον.

2140 4342 2229 4405 ιη’.
2269 4337 2330 4388 Et
2376 4335 2431 4388 δέ
2469 4336 2544 4405 μὴ
2591 4338 3005 4407 περατωθὲντος
3039 4339 3135 4391 τοῦ
3189 4336 3383 4407 καιροῦ
3435 4336 3627 4390 τούτου

387 4430 453 4481 ad
489 4430 705 4494 nuptias
750 4431 1046 4496 transierit,
1091 4433 1309 4487 infamis
1351 4436 1455 4488 erit
1484 4453 1498 4488 :
1529 4450 1628 4491 nec
1676 4452 1705 4490 a
1758 4439 1955 4494 marito

2068 4401 2644 4498 δευτ-ερογαμήσει-[αί.
2668 4401 3001 4499 *διγαμήσηλ
3033 4429 3224 4499 ἄτιμος
3261 4401 3432 4490 ἔσται,
3464 4428 3629 4497 μηδὲν
3672 4444 3687 4454 ⁸

385 4518 551 4587 priori
598 4520 891 4588 quidquam
932 4520 1039 4577 ullo
1076 4523 1235 4577 modo
1285 4521 1599 4577 lucrabitur.
1641 4525 1711 4578 At
1742 4539 1874 4579 vero
1906 4527 1954 4581 si

383 4610 763 4678 praestitutum,
786 4625 883 4667 ceu
920 4612 1173 4676 diximus,
1200 4613 1457 4681 temporis
1478 4614 1713 4683 spatium
1735 4625 1913 4671 servet
1937 4635 1952 4673 :

385 4699 565 4752 dotem
614 4714 765 4753 suam
807 4702 1055 4770 accipiet,
1092 4716 1194 4755 una
1223 4718 1344 4759 cum
1376 4703 1588 4758 donatis
1616 4706 1664 4761 ei
1695 4706 1835 4761 forte
1865 4723 1954 4763 re-

382 4788 484 4841 bus
534 4788 674 4847 dotis
725 4794 981 4859 augenda:
1029 4794 1223 4861 gratia.
1263 4792 1461 4849 Eodem
1519 4796 1676 4851 modo
1722 4798 1954 4853 maritus

384 4894 599 4948 quoque
634 4882 896 4937 secundas
929 4883 997 4937 ad
1046 4887 1261 4953 nuptias
1298 4901 1421 4942 sese
1458 4886 1764 4955 conferens,
1816 4889 1952 4943 nihil

383 4971 453 5026 ab
484 4987 651 5026 uxore
682 4975 847 5041 priori
893 4989 1271 5047 consequetur.
1322 4978 1477 5046 Quod
1510 4981 1552 5034 si
1589 4990 1804 5035 exstent
1846 4981 1951 5035 im-

384 5064 615 5143 puberes
643 5064 817 5128 liberi,
869 5069 1135 5137 tantisper
1161 5086 1349 5128 eorum
1394 5087 1481 5128 res
1513 5073 1627 5143 ipse
1658 5073 1949 5138 custodiet,

384 5138 556 5211 do'ncc
582 5158 749 5213 adulti
778 5158 907 5215 facti
936 5159 1159 5217 fuerint.

456 5426 541 5482 19.
574 5427 669 5485 Sin
695 5432 806 5503 jam
840 5433 1208 5500 adoleverunt,
1240 5436 1306 5491 ab
1338 5450 1404 5493 eo
1435 5435 1549 5504 ipso
1578 5446 1818 5507 tempore
1843 5449 1947 5494 sta-

385 5516 478 5571 tim
517 5522 595 5577 eis
636 5522 688 5579 in
722 5526 950 5582 solidum
981 5527 1119 5583 bona
1154 5537 1395 5583 materna
1428 5528 1729 5584 tradantur.

457 5694 546 5750 ‘20.
583 5698 734 5761 Quod
777 5703 818 5756 si
851 5704 1090 5771 subolem
1124 5720 1187 5760 ex
1230 5704 1395 5759 altera
1448 5705 1656 5775 coniugi
1702 5718 1951 5764 suscepe-

2055 4519 2120 4572 ἐκ
2158 4517 2252 4572 τού
2294 4517 2562 4588 προτέρου
2600 4518 2698 4589 [αι.
2747 4519 2991 4590 πρώτου]
3023 4521 3217 4590 ἀνδρὸς
3266 4520 3627 4590 κερδαίνουσα

2059 4606 2180 4662 καθ’
2208 4607 2518 4678 οἱονδήποτε
2543 4609 2763 4678 τρόπον.
2785 4609 3317 4680 Παραφυλαττούσης
3350 4610 3409 4662 δέ
3431 4609 3626 4678 αὐτῆς,

2056 4699 2132 4762 ὡς
2161 4698 2399 4770 εἴρηται,
2424 4699 2515 4753 τὸν
2545 4700 2848 4771 ὡρισμένον
2871 4702 3082 4772 χρόνον,
3108 4701 3432 4771 κομίζεσθαι
3455 4702 3625 4769 αὐτὴν

2055 4789 2153 4861 τὴν
2202 4790 2337 4844 ἰδίαν
2366 4793 2590 4860 προῖκα,
2654 4793 2791 4861 μετά
2820 4792 3061 4855 καὶτῶν,
3113 4794 3189 4856 ὼς
3222 4793 3389 4857 εἰκὸς,
3419 4794 3625 4861 ἀποχα-

2059 4880 2353 4952 ρισθέντων
2408 4881 2544 4951 αὐτῇ
2582 4883 2640 4933 ἐν
2674 4880 2971 4952 ἐπαυξήσει
3026 4884 3128 4950 τῆς
3181 4884 3406 4956 προικὸς
3431 4884 3622 4952 αὐτῆς.

2070 4971 2339 5034 Ὡσαύτως
2356 4971 2411 5026 δὲ
2442 4971 2538 5025 καὶ
2567 4973 2658 5026 τὸν
2688 4974 2858 5044 ἄνδρα
2880 4976 2960 5037 εἰς
2987 4974 3173 5045 ἕτερον
3199 4976 3625 5045 περιερχόμενον

2058 5054 2414 5124 συνοικὲσιον,
2453 5062 2620 5133 μηδὲν
2654 5064 2719 5117 ἐκ
2750 5064 2848 5133 τῆς
2874 5065 3148 5136 προτέρας
3173 5066 3339 5119 αὑτοῦ
3366 5067 3624 5134 γυναικὸς

2055 5153 2376 5225 λαμϐάνειν.
2434 5156 2495 5211 Ei
2549 5156 2607 5210 δὲ
2636 5156 2973 5225 ὑπάρχουσιν
3020 5159 3273 5228 ἀνήλικοι
3315 5159 3525 5224 παῖδες,
3554 5160 3625 5212 τά

2054 5246 2260 5302 τούτων
2285 5246 2585 5316 πράγματα
2611 5248 3060 5317 παραφυλάττειν
3102 5248 3289 5313 αὐτὸν,
3324 5250 3516 5319 μέχρις
3556 5250 3623 5302 ἂν

2053 5339 2161 5393 τῶν
2191 5337 2420 5391 ἐντελῶν
2450 5338 2732 5405 γένωνται.

2126 5427 2212 5483 ιθθ.
2249 5430 2311 5482 El
2332 5429 2390 5483 δὲ
2418 5430 2511 5482 καὶ
2526 5428 2634 5482 τῶν
2662 5428 2889 5483 ἐντελῶν
2913 5430 3043 5494 είσι,
3073 5432 3408 5504 παρέχεσθαι
3435 5430 3621 5492 αὑτοτς

2054 5520 2386 5575 ἀπεντεῦθεν
2442 5520 2544 5591 ἤδη
2573 5520 2641 5574 τά
2678 5521 2908 5593 μητρῷα
2949 5522 3131 5576 αὐτῶν
3176 5523 3405 5586 ἐντελῶς
3444 5523 3621 5591 πράγ-

2058 5628 2200 5679 ματα
2212 5651 2225 5666 .

2126 5710 2191 5759 κ’.
2226 5705 2282 5756 Εἰ
2320 5703 2373 5756 δὲ
2402 5704 2493 5757 καὶ
2519 5710 2895 5777 τεκνοποιήσει
2935 5710 2998 5762 ἐκ
3018 5709 3115 5779 τῆς
3154 5708 3412 5781 δευτέρας
3432 5725 3622 5779 γυναι-
