4084 6208
382 332 485 397 501

1652 338 2039 400 DELECTUS
2078 342 2362 403 LEGUM.

3518 354 3627 415 502

374 445 493 508 κὸς,
534 444 628 496 καὶ
664 444 847 515 συμϐῇ
880 443 1042 499 αὑτὸν
1065 446 1411 517 τελευτῆσαι,
1452 447 1637 502 ἄδειαν
1664 450 1813 519 ἔχειν
1866 451 1959 505 καὶ

2070 454 2156 516 rit,
2184 464 2237 509 et
2266 456 2439 525 ipsum
2471 456 2733 513 decedere
2763 460 3078 531 contigerit:
3106 463 3341 521 facultas
3364 476 3482 522 esto
3518 480 3623 524 tam

374 540 444 591 τὸ.
470 537 664 607 πρῶτα
690 537 785 590 καὶ
808 538 875 590 τά
892 537 1121 608 δεύτερα
1143 539 1312 594 τέκνα
1336 540 1427 595 τὸν
1446 541 1577 596 ἴδιον
1598 543 1959 613 κληρονομεῖν

376 628 617 698 πατέρα,
650 627 855 697 ὁμοίως
884 628 979 680 καὶ
1008 630 1107 700 τὴν
1139 631 1373 703 μητέρα.

446 718 553 771 κα’.
590 718 653 770 Ἢ
670 718 1149 789 δευτερογαμοῦσα
1176 725 1337 792 γυνὴ,
1368 723 1567 794 ἔχουσα
1593 727 1657 778 ἐκ
1679 725 1772 780 τοῦ
1800 726 1955 796 πρώ-

371 828 467 863 του
499 811 681 880 γάμου
716 811 937 874 παῖδας,
976 813 1199 867 αίτείτω
1230 816 1336 886 πρὸ
1361 817 1457 870 τοῦ
1508 819 1958 887 συναλλάγματος

370 902 467 955 τοῦ
496 901 752 971 δευτέρου
784 901 967 971 γάμου
1001 905 1333 975 ἐπιτρόπους
1365 911 1479 973 τοῖς
1534 910 1721 962 παισὶν
1764 910 1957 979 αὐτῆς,

378 999 477 1050 καὶ
497 996 670 1060 οὕτως
703 998 1146 1055 συναλλασσέτω.
1176 1002 1238 1054 Ei
1270 1004 1379 1075 γάρ
1408 1006 1483 1073 μὴ
1514 1005 1674 1059 τοῦτο
1702 1006 1953 1077 γένηται,

382 1088 656 1165 ὑπεύθυνα
703 1088 773 1141 τά
830 1090 1001 1161 αὐτῆς
1036 1092 1167 1158 είσι,
1217 1093 1432 1147 καὶτοῦ
1482 1095 1735 1167 δευτέρου
1785 1098 1958 1166 αὐτῆς

380 1178 573 1247 ἀνδρὸς
602 1178 906 1248 πράγματα
936 1183 1258 1253 γενήσονται
1287 1185 1379 1239 ἐπὶ
1402 1189 1467 1255 τῇ
1505 1188 1954 1241 ἀποκαταστάσει

379 1268 488 1321 τῶν
515 1269 829 1339 ἀνηκόντων
858 1274 973 1337 τοῖς
1008 1273 1149 1338 νέοις
1178 1276 1462 1348 πατρικῶν
1488 1277 1668 1332 αὐτῶν
1700 1278 1961 1351 πραγμά-

381 1379 505 1417 των.

973 1503 1224 1558 ΤΙΤΛΟΣ
1266 1505 1367 1564 1Γ¹.

713 1615 853 1684 Περὶ
874 1614 987 1684 τῆς
1007 1617 1247 1682 λύσεως
1271 1618 1380 1672 τοῦ
1413 1618 1627 1688 γάμου.

451 1725 521 1781 α’.
548 1728 661 1799 Τῆς
684 1728 966 1782 ἀδιαλύτου
984 1728 1095 1781 τῶν
1116 1729 1369 1800 γαμικῶς
1392 1733 1449 1784 ἐν
1470 1733 1658 1802 Κυρίῳ
1676 1748 1736 1785 συ
1745 1729 1963 1802 μϐιούν-

2058 545 2270 614 primis,
2298 562 2456 615 quam
2483 551 2736 606 secundis
2762 553 2967 621 liberis,
2992 557 3248 625 patrisuo
3266 559 3623 627 succedendi;

2059 637 2358 706 eodemque
2390 639 2547 693 modo
2580 651 2634 695 ct
2668 645 2850 697 matri.

2129 731 2219 783 2|.
2256 729 2445 785 Mulier
2473 734 2739 786 secundas
2772 736 2986 803 nuptias
3031 741 3384 806 contrahens,
3414 759 3533 811 qua:
3559 744 3627 798 de

2059 821 2227 891 priori
2277 823 2525 892 conjttgio
2561 824 2759 879 liberos
2789 827 2969 896 habet,
3005 841 3131 885 ante
3174 835 3398 889 secundi
3443 837 3630 890 matri-

2059 916 2225 968 monii
2258 926 2604 971 contractum
2652 918 2837 974 liberis
2885 923 2998 977 suis
3028 931 3227 979 tutores
3266 936 3431 994 petat,
3463 938 3516 981 et
3552 930 3625 982 ita

2058 1006 2366 1059 contrahat.
2399 1005 2609 1077 Quippe
2638 1008 2682 1063 si
2714 1010 2815 1066 hoc
2838 1012 3044 1067 factum
3070 1030 3175 1068 non
3211 1014 3391 1081 fuerit,
3417 1028 3468 1070 et
3500 1030 3629 1073 sunt

2058 1096 2247 1165 ipsius,
2280 1106 2333 1151 ct
2368 1109 2527 1153 erunt
2574 1102 2795 1157 secundi
2844 1104 3023 1159 mariti
3057 1106 3195 1163 bona
3248 1108 3482 1179 obligata
3527 1127 3625 1165 no-

2062 1188 2206 1243 mine
2255 1190 2613 1248 restitutionis
2647 1208 2838 1248 earum
2890 1211 3094 1263 rerum,
3140 1214 3261 1269 quae
3299 1200 3367 1256 ad
3393 1203 3627 1259 minores

2061 1293 2127 1333 ex
2155 1280 2505 1337 successione
2541 1292 2765 1350 paterna
2798 1287 3088 1357 pertinent,

2611 1500 2914 1560 TITULUS
2952 1502 3088 1559 XIII.

2485 1612 2559 1667 De
2576 1614 2835 1669 solutione
2865 1617 3208 1671 matrimonii.

2142 1726 2187 1779 ι.
2220 1725 2649 1781 lndissolubilem
2694 1742 2903 1793 eorum,
2938 1730 3031 1798 qni
3072 1732 3171 1785 sub
3200 1730 3315 1800 lege
3345 1722 3628 1785 matrimo-

378 1833 491 1871 των
539 1817 850 1888 ἐνώσεωςὴ
903 1818 998 1871 τοῦ
1048 1819 1282 1872 Κτίστου
1315 1821 1408 1873 καὶ
1442 1822 1787 1892 Δημιουργοῦ
1842 1818 1952 1874 τῶν

2070 1816 2134 1871 nii
2189 1831 2294 1870 una
2343 1817 2529 1888 vivunt
2576 1818 2629 1871 in
2674 1818 2925 1877 Domino.
2978 1819 3411 1889 conjunctioncm
3461 1836 3625 1875 esse:

383 1907 645 1961 ἀπάντων
694 1906 829 1960 Θεοῦ
886 1908 1047 1976 σοφία
1100 1909 1339 1979 ὑπάρχει
1387 1910 1729 1975 διδάσκαλος.
1786 1911 1957 1978 Αὐτὸς

381 1999 492 2067 γὰρ
526 1999 607 2061 είς
643 1998 705 2051 τδ
735 1994 874 2051 εἶναι
907 1999 1258 2069 παραγαγὼν
1303 2001 1361 2067 ἐξ
1409 2002 1508 2055 οὐκ
1552 2002 1722 2056 ὄντων
1748 2003 1837 2057 τὸν
1868 2005 1961 2058 ἀν-

387 2090 625 2160 θρωπον,
647 2090 707 2142 ού
738 2091 829 2143 τὸν
860 2091 1023 2143 αὑτὸν
1050 2092 1146 2144 καὶ
1178 2092 1282 2161 τὴν
1316 2094 1552 2159 γυναῖκα
1603 2092 1804 2150 πλάσαι
1834 2094 1960 2166 τρύ-

391 2196 489 2232 πον
516 2178 765 2248 ηθέλησε,
798 2181 1005 2250 καίπερ
1030 2180 1347 2251 δυνάμενος,
1383 2182 1500 2236 ἀλλ’
1535 2186 1599 2237 ἐκ
1653 2184 1746 2237 τοῦ
1767 2186 1961 2257 ἀνδρὸς

386 2270 590 2339 ταύτην
640 2271 1101 2343 ἐδημιούργησεν,
1164 2273 1252 2327 ἵνα
1289 2275 1389 2344 τῆς
1441 2276 1731 2345 ήνωμένης
1778 2277 1959 2346 σοφῶς

387 2364 515 2433 μιᾶς
545 2364 607 2415 ἐν
636 2363 789 2417 δυάδι
814 2366 1126 2432 προσώπων
1158 2367 1361 2437 σαρκὸς
1392 2367 1495 2436 τῆς
1520 2368 1781 2437 συζυγίας
1801 2388 1963 2440 νομο-

383 2455 586 2526 θετήσῃ
613 2456 672 2508 τὸ
718 2455 1090 2520 ἀδιάςευκτον.
1116 2459 1282 2512 Ὅθεν
1328 2459 1447 2512 ούδέ
1480 2461 1580 2531 τὴν
1623 2465 1859 2529 γυναῖκα
1892 2467 1957 2535 τῇ

387 2546 637 2617 ὑποθήκῃ
666 2546 758 2626 τοῦ
779 2548 956 2617 ὄφεως
982 2548 1077 2618 τῆς
1104 2550 1309 2620 πικρᾶς
1331 2550 1408 2620 τῷ
1438 2551 1590 2620 ἀνδρὶ
1612 2551 1958 2621 κατάρξασαν

385 2637 649 2705 γεύσεως,
682 2640 790 2693 ἀπὺ
819 2641 1011 2695 τούτου
1061 2642 1328 2712 ἐχώρισεν
1351 2659 1364 2673 ·
1429 2643 1539 2696 οὐδ’
1568 2639 1633 2696 αὖ
1668 2644 1759 2697 τὸν
1791 2644 1961 2715 ἄνδρα

384 2731 487 2799 τῆς
520 2732 857 2803 Δεσποτικῆς
888 2732 1107 2804 ἐντολῆς
1148 2734 1247 2805 τὴν
1279 2732 1591 2805 παράϐασιν
1624 2740 1690 2807 τῇ
1708 2736 1961 2806 ὁμοζύγῳ

389 2825 894 2893 συνεργασάμενον,
949 2826 1154 2896 ταύτης
1189 2826 1492 2893 διέζευξεν·
1526 2826 1661 2879 ἀλλὰ
1709 2828 1807 2897 την
1857 2826 1957 2898 μὲν

387 2915 666 2986 ἁμαρτίαν
690 2917 935 2979 ἐκόλασε,
962 2917 1059 2988 τὴν
1080 2918 1134 2971 δέ
1152 2918 1411 2986 συζυγίαν
1446 2920 1544 2972 οὐκ
1570 2919 1752 2973 ἔλυσε.
1773 2919 1961 2993 Ταύτῃ

386 3009 567 3061 τοίνυν
597 3011 661 3079 τῇ
703 3011 918 3080 ἐνεργεῖ
940 3009 1235 3080 νομοθεσίᾳ
1267 3006 1421 3073 αὖθις
1475 3011 1569 3063 καὶ
1603 3012 1747 3081 λόγῳ
1777 3030 1961 3083 κυρω-

392 3096 551 3169 θείσῃ
570 3099 719 3167 παρά
739 3100 834 3153 τοῦ
858 3099 1181 3163 Κτίσαντος,
1218 3100 1362 3154 κατὰ
1390 3101 1478 3154 τὸν
1503 3102 1691 3171 καιρὸν
1718 3105 1817 3171 τῆς
1852 3102 1959 3155 τῶν
1989 3140 2033 3201 C

389 3191 700 3260 Φαρισαίων
736 3192 873 3263 πρὸς
918 3192 1080 3245 αὑτὸν
1145 3194 1488 3264 ἐρωτήσεως,
1547 3195 1595 3245 εἰ
1625 3193 1834 3258 ἔξεστιν
1866 3196 1963 3247 ἅν-

393 3282 600 3353 θρώπῳ
658 3284 801 3339 κατά
835 3286 1015 3339 πᾶσαν
1045 3285 1228 3339 αἰτίαν
1285 3285 1544 3339 ἀπολύειν
1596 3288 1695 3356 τὴν
1725 3290 1963 3353 γυναῖκα

394 3376 581 3440 αὑτοῦ,
613 3376 706 3428 καὶ
728 3377 1144 3447 ἀποκριθέντος,
1181 3377 1307 3439 τοὺς
1336 3376 1441 3429 ὑπὸ
1471 3375 1605 3428 Θεοῦ
1636 3375 1963 3445 ζευχθέντας

399 3466 666 3535 μηδαμῶς
708 3468 813 3521 ὑπὸ
864 3468 1155 3541 ἀνθρώπου
1202 3467 1475 3541 παρεκτὸς
1510 3467 1670 3534 λόγου
1706 3467 1965 3536 πορνείας

396 3558 751 3627 χωρίζεσθαι,
780 3560 1264 3626 ἐξακολουθοῦντές
1290 3578 1348 3614 τε
1373 3561 1467 3613 καὶ
1498 3559 1833 3628 πειθόμενοι,
1857 3559 1967 3611 οὐδ’

396 3652 556 3718 ἡμεῖς
586 3651 772 3721 ἕτερόν
810 3671 863 3705 τι
903 3655 1217 3723 νομοθετεῖν
1241 3654 1380 3723 ὑπὲρ
1412 3652 1601 3706 τούτου
1643 3652 1966 3722 βουλόμεθα.

411 3743 553 3795 Ἀλλ’
584 3745 773 3815 ἐπειδὴ
806 3745 867 3797 τδ
894 3749 992 3815 τῆς
1023 3746 1219 3810 κακίας
1243 3742 1381 3809 εἶδος
1402 3745 1678 3815 ἐπιμελῶς
1704 3746 1819 3807 τοῖς
1844 3742 1974 3794 πολ-

395 3832 505 3895 λοῖς
556 3837 665 3887 τῶν
712 3835 1017 3906 ἀνθρώπων
1079 3836 1521 3905 ἐμπολιτεύεται,
1573 3834 1668 3886 καὶ
1715 3832 1969 3885 ἐντεῦθεν

396 3926 757 3996 ἁγαπητικῶς
788 3927 925 3997 πρὸς
984 3927 1245 3998 ἀλλήλους
1301 3927 1373 3997 μὴ
1427 3924 1787 3992 διακείμενοι,
1832 3919 1973 3974 κατά

398 4017 599 4078 πολλὰς
620 4018 820 4081 αίτίας,
849 4018 940 4071 καί
973 4035 1102 4069 ποτε
1136 4017 1211 4087 μὴ
1253 4016 1419 4080 οῦσας
1449 4014 1728 4077 τοιαύτας,
1758 4011 1974 4065 ποιοῦν-

396 4127 488 4162 ται
514 4111 611 4178 τῆς
649 4111 855 4163 ἐαυτῶν
909 4110 1264 4179 συμϐιώσεως
1302 4109 1398 4179 τὴν
1437 4108 1736 4173 διάζευσιν,
1790 4103 1970 4175 ῥητῶς

399 4200 632 4254 ἐνθεῖναι
650 4200 750 4273 [αι.
772 4203 869 4271 τὴν
886 4200 1152 4266 διάταξιν,
1174 4201 1329 4263 ἐκτὸς
1354 4199 1612 4271 ἐνθεῖναι]
1638 4202 1702 4269 τῇ
1722 4197 1972 4268 παρούσῃ

400 4294 714 4365 νομοθεσία,
752 4293 819 4345 δι’
851 4289 925 4348 ὧν
968 4293 1038 4346 τὰ
1079 4293 1391 4347 συνοικὲσια
1417 4292 1657 4357 λύονται,
1691 4290 1800 4342 τῶν
1831 4287 1978 4340 δεόν-

402 4402 512 4437 των
539 4387 857 4455 ἐκρίναμεν.

2064 1907 2180 1978 ipsa
2208 1923 2306 1963 nos
2337 1908 2557 1978 Opiﬁcis
2593 1920 2647 1965 ct
2682 1909 2955 1967 Creatoris
2976 1914 3214 1967 omnium
3244 1912 3337 1967 Dei
3365 1913 3628 1983 sapientia

2065 2000 2268 2054 docuit.
2313 1999 2361 2054 ls
2397 2000 2562 2067 enim,
2605 2016 2774 2069 quum
2825 2002 3097 2058 hominem
3131 2004 3197 2059 de
3246 2005 3415 2059 nihilo
3448 2020 3627 2059 rerum

2062 2090 2116 2143 in
2152 2101 2397 2144 naturam
2437 2093 2773 2160 produxisset
2805 2112 2818 2148 :
2855 2110 2958 2148 non
3003 2094 3071 2149 ad
3114 2095 3362 2150 eumdem
3414 2096 3627 2149 modum

2066 2191 2121 2236 et
2148 2181 2431 2236 mulierem
2478 2160 2685 2252 ﬁngere
2724 2183 2911 2249 voluit,
2935 2186 3181 2255 quamvis
3213 2185 3263 2240 id
3295 2185 3472 2240 facere
3505 2199 3631 2253 pos-

2063 2284 2143 2327 set
2177 2288 2190 2324 :
2227 2288 2412 2328 verum
2445 2276 2585 2330 hanc
2621 2291 2651 2329 e
2680 2276 2796 2331 viro
2835 2277 3095 2341 condidit,
3134 2286 3192 2331 ut
3218 2276 3380 2332 unita;
3416 2276 3633 2346 copula-

2066 2373 2239 2432 taeque
2278 2365 2553 2433 sapienter
2602 2368 2761 2422 unius
2813 2367 2866 2423 in
2902 2368 3153 2439 personis
3207 2368 3416 2423 duabus
3451 2366 3634 2423 carnis

2066 2457 2479 2528 inseparabilem
2514 2461 2948 2529 conjunctionem
2983 2463 3239 2517 sanciret.
3271 2460 3629 2527 Quamobrem

2068 2564 2166 2604 nec
2224 2550 2533 2617 mulierem,
2580 2567 2699 2621 qua:
2747 2554 3095 2625 suggestione
3151 2554 3439 2623 serpentis,
3489 2552 3634 2607 illius
3678 2550 3685 2557 “

2067 2656 2265 2696 amara:
2322 2644 2437 2697 viro
2484 2642 2875 2712 degustationis
2927 2645 3262 2700 occasionem
3308 2642 3630 2714 praebuerat,

2066 2734 2133 2787 ab
2176 2747 2243 2788 eo
2276 2735 2546 2801 separavit
2594 2751 2607 2788 :
2656 2750 2756 2790 nec
2806 2735 3047 2790 vicissim
3084 2735 3277 2800 virum,
3330 2735 3421 2804 qui
3458 2733 3632 2788 herile

2073 2825 2386 2879 mandatum
2420 2841 2523 2879 una
2569 2840 2689 2880 cum
2738 2828 2966 2897 conjuge
3010 2827 3214 2882 violare
3248 2825 3423 2881 fuerat
3448 2838 3634 2893 ausus,

2068 2915 2134 2969 ab
2164 2930 2224 2967 ea
2270 2916 2507 2985 sejunxit
2539 2935 2552 2971 :
2580 2918 2673 2971 sed
2720 2928 3001 2985 peccatum
3047 2919 3278 2989 punivit,
3323 2917 3633 2987 conjugium

2072 3006 2293 3060 minime
2321 3007 2588 3065 dissolvit.
2636 3006 2774 3062 lluic
2804 3024 2932 3079 ergo
2967 3024 3064 3065 nos
3101 3009 3327 3075 eﬂicaci,
3358 3018 3412 3064 et
3442 3022 3635 3063 rursus

2071 3095 2238 3165 ipsius
2253 3096 2563 3153 Conditoris
2575 3099 2941 3166 pronuntiatio
2960 3100 3293 3155 conﬁrmata:
3320 3100 3446 3167 legi,
3468 3114 3633 3169 quum

2066 3201 2096 3240 a
2138 3186 2427 3242 Pharisreis
2458 3188 2909 3257 interrogaretur,
2964 3204 3032 3244 an
3069 3190 3277 3245 homini
3306 3190 3543 3260 qualibet
3570 3204 3635 3243 ex

2064 3295 2228 3335 causa
2251 3295 2401 3335 suam
2430 3295 2653 3337 uxorein
2681 3282 2968 3351 repudiare
2991 3282 3174 3349 liceat,
3197 3291 3247 3336 et
3271 3283 3385 3352 ipse
3410 3297 3637 3353 respon-

2064 3371 2239 3436 deret,
2268 3387 2298 3426 a
2333 3372 2441 3428 Deo
2483 3372 2802 3442 coniunctos
2845 3388 3181 3444 nequaquam
3228 3375 3294 3429 ab
3320 3373 3536 3428 homine
3558 3386 3637 3428 se-

2066 3465 2357 3531 parandos,
2388 3473 2539 3519 extra
2569 3480 2787 3522 causam
2820 3466 3197 3527 scortationis:
3234 3466 3357 3521 huic
3381 3481 3509 3536 ergo
3534 3480 3635 3520 nos

2067 3566 2122 3610 et
2162 3556 2494 3621 insistentes,
2530 3567 2582 3612 ct
2611 3557 3071 3626 obtemperantes,
3108 3574 3446 3629 nequaquam
3489 3558 3636 3612 aliud

2068 3648 2341 3716 quidpiam
2386 3648 2455 3702 de
2493 3651 2593 3703 hoc
2625 3660 2864 3705 statuere
2895 3652 3164 3705 volumus.
3196 3652 3301 3705 Sed
3322 3650 3465 3705 enim
3514 3666 3636 3704 cum

2070 3738 2187 3807 ipsa
2222 3739 2444 3793 malitiae
2477 3741 2686 3810 species
2713 3741 3011 3811 nimiopere
3039 3756 3097 3796 se
3132 3742 3372 3809 pluribus
3403 3742 3641 3797 homini-

2074 3830 2176 3884 bus
2205 3830 2435 3898 ingerat,
2461 3846 2633 3899 eaque
2664 3833 2731 3887 tle
2760 3846 2923 3885 causa
2967 3833 3179 3900 quoties
3216 3847 3403 3901 parum
3451 3847 3642 3885 aman-

2074 3928 2155 3975 ter
2176 3935 2299 3989 erga
2342 3936 2402 3975 se
2444 3922 2672 3975 invicem
2708 3922 2884 3975 affecti
2934 3930 3085 3986 sunt,
3131 3935 3197 3975 ex
3233 3923 3395 3975 variis
3437 3923 3637 3989 causis,

2073 4028 2192 4081 quae
2219 4028 2602 4082 nonnunquam
2650 4014 2724 4067 ita
2751 4022 3076 4082 comparate
3106 4029 3208 4069 non
3240 4020 3390 4079 sunt,
3421 4028 3645 4069 consue-

2076 4104 2316 4159 tudinem
2347 4103 2472 4157 vitte
2496 4112 2736 4158 mutuam
2756 4104 3016 4158 dirimant
3047 4120 3060 4155 :
3092 4103 3296 4159 diserte
3326 4103 3491 4159 inseri
3517 4104 3643 4159 huic

2082 4196 2261 4265 legum
2315 4194 2752 4265 promulgationi,
2785 4196 2983 4265 quibus
3026 4209 3092 4251 ex
3134 4196 3314 4251 causis
3358 4195 3642 4252 matrimo-

2076 4289 2163 4343 nia
2198 4287 2497 4352 solvantur,
2532 4288 2905 4344 necessarium
2938 4288 3218 4343 duximus.

480 4475 543 4544 β’.
604 4466 806 4530 Λύεται
845 4479 873 4529 ὁ
929 4476 1068 4546 ἀνὴρ
1105 4475 1212 4531 ἀπὸ
1262 4473 1520 4543 γυναικὸς
1571 4473 1659 4528 διὰ
1720 4472 1968 4535 τοιαύτας

2150 4463 2203 4517 2.
2234 4463 2457 4519 Maritus
2493 4465 2561 4519 ab
2602 4480 2773 4520 uxore
2806 4474 3026 4534 propter
3072 4465 3238 4518 hasce
3283 4478 3476 4519 causas
3506 4464 3643 4519 diri-

403 4566 604 4628 αίτίας·
651 4567 771 4619 Ἐάν
802 4568 833 4636 ἡ
898 4566 1034 4635 γυνὴ
1062 4563 1227 4617 αὑτοῦ
1252 4563 1553 4633 πορνεύσῃ.
1588 4562 1716 4615 Ἐάν
1750 4561 1974 4615 ἐπιδου-

404 4657 575 4728 λεύσῃ
592 4659 891 4727 οίῳδήποτε
919 4658 1103 4724 τρόπῳ
1124 4658 1189 4725 τῇ
1212 4656 1324 4725 ζωῇ
1360 4652 1545 4713 αύτοῦ,
1572 4653 1604 4722 ἦ
1636 4651 1972 4722 ἐπισταμένη

407 4749 628 4819 ἐτέρους
660 4747 1133 4813 ἐπιϐουλεύοντας,
1166 4746 1240 4817 μὴ
1257 4744 1621 4816 καταμηνύσῃ
1646 4743 1815 4814 αύτῷ.
1848 4742 1974 4795 Ἐὰν

354 4910 357 4911 ν
405 4836 555 4909 λωϐή
585 4841 756 4892 ἐστιν.

480 4939 547 5000 γ’.
593 4931 827 5001 ὐμοίως
873 4930 929 4983 δὲ
990 4930 1084 4984 καὶ
1118 4929 1153 4999 ἡ
1206 4927 1356 4997 ιγυνὴ
1384 4926 1490 4979 ἀπὸ
1520 4923 1613 4978 τοῦ
1670 4923 1861 4993 ἀνδρὸς
1891 4920 1978 4975 διὰ

409 5023 666 5086 τοιαύτας
706 5024 883 5084 αἰτίας
918 5020 1242 5092 χωρίζεται·
1280 5017 1410 5071 Ἐἀν
1443 5015 1750 5083 ἀδυνατήσῃ
1787 5016 1814 5067 ὁ
1843 5013 1980 5084 ἀνὴρ

410 5117 503 5168 ἐπὶ
544 5114 755 5184 τριετίᾳ
788 5115 896 5166 άπὸ
934 5111 1129 5182 καιροῦ
1158 5111 1253 5164 τοῦ
1278 5106 1515 5180 γαμικοῦ
1541 5105 1983 5175 συναλλάγματος

408 5212 475 5279 τῇ
506 5208 682 5279 οἰκεία
731 5208 957 5276 μιγῆναι
990 5205 1228 5273 γυναικί.
1267 5202 1393 5255 Ἐὰν
1449 5198 1812 5269 ἐπιϐουλεύσῃ
1853 5197 1981 5268 οἰῳ-

410 5299 609 5366 δήποτε
643 5296 829 5366 τρόπῳ
856 5298 924 5365 τῇ
954 5296 1065 5365 ζωῇ
1095 5294 1287 5361 αὐτῆς,
1318 5292 1351 5363 ἢ
1382 5290 1749 5358 ἐπιστάμενος
1791 5285 1986 5348 ἄλλους

412 5388 799 5450 ὲπιόουλευτὰς
824 5387 922 5461 [αι.
974 5383 1472 5455 ἐπιδουλεύοντας],
1505 5381 1581 5452 μὴ
1622 5378 1987 5452 καταμηνύσῃ

413 5481 577 5549 αὐτῇ.
614 5479 723 5531 Καὶ
754 5479 848 5532 ἐὰν
880 5477 1049 5539 mea;
1083 5479 1250 5530 ἐστιν.

488 5570 552 5625 δ’.
577 5572 639 5623 Εἰ
669 5570 726 5623 δὲ
760 5569 943 5640 συμϐῇ
962 5569 1020 5634 ἐξ
1044 5566 1222 5619 αὐτῶν
1248 5564 1344 5617 ἐνα
1385 5560 1523 5633 μετὰ
1561 5559 1650 5613 τὸν
1675 5558 1853 5629 γάμον
1881 5557 1987 5611 ὑπὸ

416 5661 672 5730 δαίμονος
718 5662 1074 5731 κυριευθῆναι
1110 5657 1209 5730 [αι.
1257 5651 1639 5725 κρουσθῆναι],
1674 5653 1769 5705 καὶ
1797 5653 1861 5703 ἐκ
1890 5652 1987 5719 τῆς

420 5756 677 5825 τοιαύτης
724 5751 907 5819 ἀἰτίας
932 5755 1024 5806 ἀπ’
1052 5751 1297 5823 ἀλλήλων
1332 5748 1405 5818 μη
1436 5745 1783 5817 χωρίζεσθαι.
1823 5744 1986 5798 Ἀνευ

2076 4558 2241 4611 mitur
2273 4573 2286 4608 :
2319 4556 2374 4610 Si
2417 4570 2552 4611 uxor
2579 4555 2694 4624 ejus
2733 4564 2968 4611 scortata
3001 4556 3188 4610 tuerit.
3227 4554 3282 4608 Si
3324 4568 3648 4625 quocunque

2076 4648 2237 4701 modo
2287 4646 2535 4699 insidiata
2578 4645 2740 4699 fuerit
2786 4644 2902 4713 ejus
2933 4644 3076 4707 vitae,
3114 4644 3198 4698 vel
3224 4643 3367 4700 alios
3401 4643 3648 4699 insidiari

2075 4740 2278 4805 sciens,
2312 4738 2543 4807 idipsum
2576 4738 2624 4791 ci
2657 4753 2763 4791 non
2800 4736 3083 4791 dctexerit.
3120 4734 3176 4791 Si
3207 4737 3421 4808 leprosa
3454 4738 3547 4793 sit.

2152 4917 2205 4969 5.
2243 4915 2507 4970 Similiter
2530 4924 2583 4970 et
2620 4930 2755 4967 uxor
2786 4928 2814 4967 a
2850 4916 3044 4968 marito
3068 4924 3292 4983 propter
3332 4917 3493 4970 hasce
3527 4929 3654 4970 cau-

2084 5021 2173 5061 sas
2201 5014 2484 5074 scparatnr
2510 5021 2521 5055 :
2558 5006 2613 5059 Si
2646 5005 2869 5060 maritns
2898 5020 2927 5059 a
2958 5015 3197 5074 tempore
3226 5005 3641 5061 matrimonialis

2083 5105 2394 5151 contractus
2420 5111 2541 5149 cum
2581 5109 2749 5151 uxore
2792 5112 2889 5151 sua
2945 5097 3178 5152 triennio
3211 5097 3357 5151 coire
3388 5098 3647 5165 nequive-

2085 5189 2174 5243 rit.
2206 5190 2262 5243 Si
2285 5202 2612 5258 quocunque
2641 5190 2800 5244 modo
2828 5190 2953 5245 vitae
2975 5188 3163 5244 uxoris
3192 5188 3416 5243 insidias
3433 5199 3655 5243 struxe-

2085 5283 2177 5347 rit,
2210 5281 2291 5335 vel
2330 5295 2496 5350 quum
2528 5281 2663 5337 alios
2689 5290 2904 5337 struere
2953 5282 3139 5350 sciret,
3191 5282 3422 5353 idipsum
3462 5282 3511 5336 ei
3550 5296 3653 5337 non

2088 5374 2430 5448 indicaverit,
2464 5372 2522 5428 Si
2547 5375 2779 5445 denique
2812 5376 3058 5444 leprosus
3083 5379 3171 5429 sit.

2162 5558 2214 5613 4.
2246 5560 2315 5611 At
2344 5555 2387 5612 si
2416 5554 2724 5624 contigerit,
2774 5562 2832 5606 ut
2876 5551 3133 5605 alteruter
3160 5565 3347 5605 eorum
3380 5557 3499 5619 post
3549 5550 3652 5605 ini-

2094 5662 2208 5705 tum
2257 5646 2659 5703 matrimonium
2708 5649 3001 5711 occupetur
3043 5657 3070 5693 a
3108 5640 3248 5695 maio
3290 5641 3449 5711 genio
3495 5658 3508 5693 :
3551 5658 3657 5696 non

2094 5749 2322 5813 possunt
2346 5754 2408 5795 ex
2442 5738 2747 5809 huiusmodi
2784 5750 2943 5791 causa
2977 5749 3006 5789 a
3043 5749 3099 5790 sc
3132 5734 3361 5792 invicem
3394 5736 3656 5806 separari.
