4058 6212
433 283 543 349 503
1444 278 1951 341 CONSTANTINI
1991 277 2558 342 PORPHYROGEN
2567 274 2673 336 ITI
3568 264 3678 331 504

433 396 657 467 Absque
700 396 784 451 bis
826 409 953 450 vero
994 392 1172 448 causis
1215 389 1467 460 cognitis,
1508 391 1608 445 viri
1648 392 1998 462 mulierisque

2119 390 2152 443 ίέ
2189 390 2299 441 τῶν
2342 375 2535 442 αἰτιῶν
2563 386 2769 439 τούτων
2817 379 2927 437 τῶν
2962 381 3407 453 γνωριζομένων,
3468 380 3544 454 μὴ
3587 380 3684 435 δύ·-

434 487 767 542 consortiunt
799 483 978 538 dirimi
1024 497 1127 535 non
1169 489 1372 551 potest,
1404 482 1700 536 secundum
1752 482 1826 548 id,
1857 478 2001 550 quod

2119 480 2298 535 μασθαι
2346 480 2672 550 ἀνδρόγυνον
2729 474 3078 539 διαλύεσθαι,
3128 475 3273 528 κατὰ
3324 474 3387 527 τὸ
3430 490 3681 543 γεγραμ-

436 577 699 643 scriptum
727 580 809 626 est
843 588 857 625 :
896 589 915 623 ι
946 569 1092 639 Quos
1124 569 1267 626 Deus
1297 571 1600 642 conjunxit,
1638 573 1798 628 homo
1820 586 1886 627 ne
1910 585 2000 627 se-

2119 573 2265 638 jsévov
2287 588 2302 603 ο
2338 589 2356 623 ι
2398 573 2521 624 Ὅτι
2569 568 2661 632 οὒς
2688 569 2716 622 ὁ
2744 567 2875 631 Θεὸς
2915 565 3258 633 συνέζευξεν,
3284 566 3573 638 ἄνθρωπος
3605 565 3682 635 μὴ

437 674 608 734 paret.
639 682 659 716 ι

981 752 1284 811 TITULUS
1323 752 1463 809 XIV.
1872 806 1885 813 ,.

432 843 512 897 De
542 844 661 896 dote
688 841 907 912 scripta,
944 852 994 896 et
1034 860 1135 897 non
1166 851 1461 909 numerata,
1499 841 1662 911 deque
1684 840 1807 911 jure
1843 839 1998 895 dotis.

507 1015 559 1068 1.
584 1012 689 1079 Qui
712 1021 863 1068 cavet
899 1013 951 1067 in
982 1012 1223 1082 scriptis,
1243 1010 1327 1067 vel
1361 1012 1478 1066 sine
1506 1011 1794 1081 scriptura,
1821 1026 1879 1067 se
1907 1012 2005 1067 do-

438 1115 546 1159 tem
576 1105 873 1173 accepisse,
924 1105 967 1159 si
1001 1118 1063 1157 ea
1104 1117 1213 1157 non
1244 1103 1502 1167 solvatur,
1530 1103 1707 1172 major
1739 1103 1892 1157 annis
1924 1102 2006 1155 vi-

438 1196 573 1266 ginti
603 1196 844 1265 quinque
874 1195 1145 1250 licentiam
1178 1194 1360 1259 habet,
1398 1209 1517 1248 eam
1550 1203 1669 1263 post
1695 1194 1906 1263 nuptias
1938 1192 2004 1245 ad

438 1285 868 1356 quinquennium
902 1300 1072 1355 usque
1101 1284 1366 1339 duntaxat
1421 1285 1659 1354 petendi,
1692 1292 1747 1338 et
1785 1284 1837 1337 in
1873 1284 2006 1338 soli-

439 1378 565 1433 dum
612 1377 931 1450 accipiendi,
983 1393 1146 1448 quum
1203 1376 1394 1446 puellas
1440 1386 1691 1447 parentes
1733 1377 2003 1446 promissa

438 1471 729 1541 prastandi
763 1469 1072 1525 facultatem
1103 1468 1322 1524 habent.

510 1564 566 1614 2.
600 1560 658 1616 Si
685 1561 787 1615 hoc
816 1575 920 1615 non
952 1558 1164 1626 fecerit,
1208 1568 1263 1613 et
1293 1556 1502 1628 impleri
1530 1557 1795 1628 promissa
1825 1556 2007 1628 negle-

443 1652 609 1718 xerit,
666 1651 911 1707 mulieris
941 1651 1077 1721 parti
1113 1659 1347 1716 tenetur,
1388 1650 1542 1721 juxta
1581 1652 1688 1705 vim
1717 1649 2004 1715 cautionis,

441 1758 601 1813 quam
630 1743 902 1813 exposuit.
948 1742 1101 1809 Quod
1144 1742 1188 1797 si
1220 1743 1396 1798 minor
1428 1751 1532 1808 est,
1565 1750 1687 1812 post
1714 1741 2005 1810 completos
2040 1724 2083 1779 Β

440 1836 629 1907 viginti
658 1836 898 1907 quinque
920 1840 1200 1901 annos,’et
1234 1836 1381 1890 aliud
1413 1844 1670 1905 praetcrea
1703 1837 2009 1904 quinquen-

441 1929 616 1991 nium,
644 1936 832 1998 petere
874 1928 1196 1995 promissam
1231 1926 1333 1981 sibi
1370 1925 1548 1980 dotem
1585 1935 1784 1993 potest,
1814 1940 2010 1980 secun-

443 2022 568 2075 dum
603 2021 910 2075 cautionem
943 2018 1134 2088 ipsius.
1164 2017 1297 2072 Nam
1340 2018 1550 2089 integre
1579 2018 1731 2072 linito
1759 2017 1850 2072 illo
1876 2025 2012 2073 tem-

443 2111 593 2178 poris
620 2111 977 2166 determinato
1000 2111 1194 2180 spatio,
1220 2110 1493 2165 licentiam
1516 2126 1619 2164 non
1640 2111 1801 2166 habet
1819 2111 2010 2181 agendi

445 2202 514 2256 de
564 2217 671 2257 non
720 2210 1000 2257 numerata
1042 2202 1185 2257 dotis
1226 2203 1370 2257 illius
1402 2213 1577 2258 cautae
1604 2203 1831 2272 pecunia
1871 2203 2013 2259 :sed

447 2302 685 2359 tenetur,
726 2293 805 2348 uti
848 2292 1055 2349 dictum
1084 2301 1188 2356 est,
1217 2293 1361 2365 parti
1404 2293 1650 2352 mulieris
1672 2334 1687 2361 ,
1717 2303 1878 2364 prout
1900 2294 2015 2364 ipse

446 2385 612 2440 cavit.

516 2659 571 2713 3.
597 2656 773 2724 Quum
816 2657 1013 2713 mulier
1042 2656 1239 2711 marito
1270 2668 1369 2711 suo
1404 2655 1584 2710 dotem
1620 2652 1795 2717 aliert,
1850 2655 1893 2709 si
1925 2656 2017 2708 ad-

450 2763 612 2804 verso
640 2748 871 2818 quodam
900 2763 1029 2803 casu
1060 2746 1270 2802 accidat
1294 2787 1311 2813 ,
1344 2754 1403 2800 ut
1431 2744 1644 2801 damnis
1672 2746 1897 2800 maritus
1937 2747 2018 2800 af-

448 2837 684 2904 ﬁciatur,
708 2838 793 2892 vel
823 2853 896 2893 ms
919 2837 1155 2894 alienum
1181 2839 1488 2902 contrahat,
1514 2839 1627 2894 sive
1653 2853 1777 2907 erga
1806 2838 2015 2904 ﬁscum,

448 2931 568 2987 sive
599 2931 761 2985 aliam
790 2945 919 3001 erga
948 2944 1257 3000 personam,
1291 2938 1346 2984 at
1379 2929 1586 2985 vivendi
1618 2928 1777 2983 linem
1810 2927 1975 2984 faciat
1998 2968 2016 2994 ,

2104 660 2406 732 χωριζέτω.
2454 680 2473 714 ι

2702 750 2953 805 ΤΙΤΛΟΣ
2976 750 3071 804 1Δ’.

2106 844 2246 913 Περὶ
2291 845 2402 914 τῆς
2434 843 2917 914 καταγραφείσης
2948 840 3215 914 προικὸς.
3247 841 3345 914 καί
3386 839 3675 895 ἐπιδοθεί-

2400 930 2540 982 σης,
2566 911 2665 966 καὶ
2694 911 2827 982 περὶ
2849 912 3085 967 δικαίου
3119 911 3389 978 προικός.

2178 1024 2245 1072 α’.
2292 1017 2351 1070 '0
2387 1015 2666 1086 ὁμολογῶν
2693 1015 2989 1086 ἐγγράφως
3022 1014 3057 1085 ἢ
3102 1014 3367 1086 ἀγράφως
3415 1014 3678 1079 ὑποδέξα-

2109 1107 2233 1162 σθαι
2262 1110 2486 1179 προῖκα,
2524 1106 2601 1179 μὴ
2651 1105 3039 1178 πληρουμένης
3096 1104 3288 1176 αὑτῆς,
3341 1103 3543 1175 μείζων
3571 1105 3681 1157 τῶν

2107 1199 2183 1255 κε’
2210 1199 2346 1254 ἐτῶν
2376 1200 2560 1254 ἄδειαν
2591 1199 2704 1270 ἔχει
2754 1198 2890 1269 μετὰ
2929 1198 3021 1251 τὸν
3050 1198 3226 1268 γάμον
3263 1199 3426 1267 μέχρι
3478 1212 3679 1249 πεντα-

2108 1292 2264 1356 ετοῦς
2292 1293 2482 1363 χρόνου
2515 1294 2611 1347 καὶ
2667 1291 2827 1362 μόνον
2849 1289 3053 1359 ταύτην
3082 1289 3381 1359 ἐπιζητεῖν,
3407 1288 3499 1342 καὶ
3528 1288 3680 1339 ἐντε-

2107 1384 2215 1447 λῶς
2236 1382 2583 1454 κομίζεσθαι,
2617 1380 2998 1453 εὐπορούντων
3036 1381 3144 1434 τῶν
3169 1380 3371 1449 γονέων
3394 1379 3492 1449 τῆς
3511 1378 3682 1450 κόρης

2108 1476 2175 1529 τὰ
2205 1474 2578 1546 ὑποσχιθέντα
2609 1474 2759 1544 αὑτῷ
2776 1473 3199 1543 ἀποπληρῶσαι.

2182 1566 2247 1639 β’.
2283 1569 2347 1623 ΕΞ
2391 1568 2448 1621 δὲ
2480 1566 2639 1620 τοῦτο
2689 1567 2767 1636 μὴ
2817 1566 3042 1636 ποιήσῃ,
3087 1565 3183 1619 καὶ
3213 1562 3467 1635 ἅμελήσῃ
3510 1562 3684 1617 ταῦτα

2110 1658 2613 1731 ἀποπληρωθῖψαι,
2672 1656 2991 1729 ὑποκεῖσθαι
3038 1656 3201 1711 αὑτὸν
3262 1655 3340 1725 τῷ
3388 1654 3541 1725 μέρει
3587 1656 3683 1723 τῆς

2111 1750 2388 1818 γυναικὸς,
2430 1748 2571 1802 κατὰ
2593 1749 2691 1818 τὴν
2711 1747 2940 1818 δύναμιν
2965 1748 3075 1799 τῶν
3119 1747 3252 1818 παρ’
3280 1745 3448 1799 αὑτοῦ
3500 1745 3685 1815 ὁμολο-

2110 1841 2407 1911 γηθέντων.
2431 1842 2649 1894 ’Ήττων
2665 1839 2722 1893 δέ
2748 1839 3031 1910 ὑπάρχων,
3057 1837 3195 1907 μετὰ
3214 1838 3315 1910 τὴν
3340 1836 3687 1908 ἐκπλήρωσιν

2112 1934 2219 1987 τῶν
2240 1932 2318 1985 κε’
2346 1932 2629 1995 ἐνιαυτῶν,
2655 1932 2748 1983 καὶ
2775 1930 2976 2002 ἐτέρων
3012 1930 3177 1983 πέντε
3203 1929 3427 2000 χρόνων,
3460 1928 3687 1983 δύναται

2113 2024 2395 2094 ἐπιζητεῖν
2430 2021 2529 2093 τὴν
2554 2021 2946 2092 ὑποσχεθεῖσαν
2972 2019 3122 2091 αὑτῷ
3156 2021 3380 2092 προῖκα,
3415 2018 3561 2072 κατὰ
3583 2021 3685 2088 τὴν

2113 2114 2279 2169 αὑτοῦ
2307 2114 2615 2186 ὁμολογίαν.
2638 2112 3051 2185 Περαιουμένης
3078 2110 3188 2181 γὰρ
3219 2110 3360 2165 κατὰ
3385 2110 3478 2162 τὸν
3500 2109 3687 2179 ἐντελῆ

2114 2206 2305 2276 χρόνον
2329 2204 2428 2275 τῆς
2462 2204 2775 2275 ὁρισθείσης
2799 2200 3160 2273 προθεσμίας,
3200 2201 3277 2272 μὴ
3322 2200 3467 2274 ἔχειν
3526 2199 3687 2252 αὑτὸν

2114 2296 2300 2350 ἄδειαν
2336 2298 2506 2348 κινεῖν
2546 2295 2674 2366 περὶ
2706 2293 2808 2364 τῆς
2835 2292 3173 2365 ἁναργυρίας
3210 2290 3366 2363 [περὶ
3387 2291 3483 2361 τὴν
3508 2291 3673 2356 ἀναρ-

2114 2384 2338 2457 γυρίαν]
2362 2385 2460 2456 τῆς
2493 2383 2752 2453 τοιαύτης
2791 2382 3220 2452 ὁμολογηθείσης
3254 2380 3496 2453 προικός.
3525 2379 3687 2433 Ἀλλὰ

2117 2476 2433 2529 ὑποκεῖσθαι
2467 2475 2653 2540 αὑτὸν,
2682 2473 2827 2528 καθὰ
2845 2473 3081 2545 εἴρηται,
3106 2472 3181 2544 τῷ
3207 2472 3364 2543 μέρει
3381 2471 3479 2541 τῆς
3499 2485 3690 2539 γυναι-

2117 2569 2233 2633 κὸς,
2268 2569 2407 2623 κατὰ
2438 2568 2509 2622 τὰ
2537 2568 2665 2639 παρ’
2692 2566 2857 2621 αὑτοῦ
2880 2566 3301 2637 ὁμολογηθέντα.

2186 2667 2257 2728 γ’.
2297 2659 2362 2713 Ἦ
2412 2658 2551 2730 γυνὴ
2589 2660 2887 2728 εἰσάγουσα
2918 2659 3118 2728 προῖκα
3175 2655 3439 2726 τῷ”ἀνδρὶ
3497 2654 3689 2723 αὑτῆς,

2120 2752 2168 2804 εἰ
2191 2748 2370 2821 συμϐῇ
2423 2751 2531 2803 ἀπὸ
2563 2749 2847 2819 συμφορᾶς
2878 2764 3022 2810 τινος
3058 2747 3151 2802 τὸν
3190 2746 3357 2818 ἄνδρα
3396 2745 3690 2799 ὑποπεσεῖν

2120 2842 2199 2903 είς
2230 2840 2453 2909 ζημίας,
2513 2839 2650 2910 ἢεῐς
2683 2838 2841 2909 χρέη,
2874 2838 2986 2892 εἴτε
3018 2836 3095 2907 τῷ
3153 2836 3419 2909 δημοσίῳ,
3447 2836 3483 2905 ἦ
3516 2835 3688 2904 ἑτέρῃ

2122 2929 2418 3002 προσώπῳ,
2451 2930 2543 2983 καὶ
2566 2929 2915 3000 τελευτήσει·
2941 2928 3015 2998 μὴ
3038 2927 3182 2997 ἔχειν
3218 2927 3400 2982 ἄδειαν
3431 2927 3567 2998 μήτε
3599 2926 3689 2979 τὸν

458 3035 564 3076 nec
615 3020 801 3085 ﬁscus,
843 3034 940 3074 nec
987 3018 1273 3088 quisquam
1322 3017 1461 3073 alius
1506 3018 1778 3073 licentiam
1825 3016 2018 3071 habeat

2121 3022 2397 3092 δημόσιον,
2444 3022 2582 3090 μήτε
2638 3020 2824 3089 ἓτερον
2855 3018 3148 3089 ἄνθρωπον
3187 3018 3445 3088 ἐπιϐῆναι
3477 3019 3557 3080 εἰς
3598 3015 3688 3070 τδν

458 3110 744 3166 invadendi
768 3111 984 3166 domum
1009 3110 1149 3179 ejus,
1202 3117 1257 3163 et
1301 3108 1499 3179 aliquid
1531 3108 1832 3173 auferendi,
1852 3107 2018 3163 donec

2124 3109 2270 3166 οἶκον
2292 3111 2479 3177 αὑτοῦ,
2512 3110 2606 3163 καὶ
2635 3110 2926 3182 ἐπᾶραίτι,
2962 3111 3154 3181 μέχρις
3192 3110 3315 3163 ὅτου
3364 3112 3398 3180 ἡ
3426 3109 3562 3180 γυνὴ
3593 3108 3693 3181 τὴν

451 3200 556 3271 ipsi
592 3201 803 3256 mulieri
835 3200 975 3255 dotis
1004 3214 1115 3255 suae
1158 3201 1376 3255 nomine
1405 3197 1743 3253 satisfactum
1774 3196 1867 3253 sit.
1905 3196 2018 3264 Qua

2127 3205 2261 3258 ίδίαν
2286 3203 2455 3271 αὐτῆς
2478 3204 2678 3273 προῖκα
2707 3200 2926 3271 ἀποπλη
2936 3201 3102 3273 ρωθῇ.
3121 3200 3275 3254 Μετὰ
3296 3200 3353 3255 δὲ
3371 3200 3470 3272 τὴν
3490 3200 3693 3273 ταύτης

450 3293 646 3357 soluta,
674 3306 794 3362 quae
825 3300 1138 3362 supersunt,
1178 3305 1278 3360 pro
1307 3299 1421 3345 rata
1453 3289 1756 3346 creditores
1796 3288 1938 3345 inter
1966 3302 2018 3344 se

2124 3295 2425 3366 πλήρωσιν,
2459 3295 2527 3347 τὰ
2559 3293 2996 3364 περισσευόμενα
3035 3291 3177 3346 κατὰ
3210 3292 3504 3363 ἀνομορίαν
3535 3292 3693 3366 [ἀνα-

451 3384 757 3454 partiamur

2125 3384 2335 3456 λογίαν]
2375 3384 2424 3436 οἱ
2449 3382 2843 3454 χρεωφειλέται
2872 3380 3302 3453 μεριζέσθωσαν.

1019 3512 1321 3571 TITULUS
1358 3512 1473 3570 XV.

2710 3512 2961 3566 ΤΙΤΛΟΣ
2991 3508 3096 3568 ιε’.

455 3621 535 3676 De
575 3622 901 3690 simplicibus
950 3620 1344 3683 donationibus,
1387 3619 1484 3690 hoc
1513 3627 1619 3679 est,
1659 3606 1780 3670 cunt
1843 3618 2018 3671 statim

2126 3620 2261 3686 Περὶ
2283 3616 2776 3690 ὅωρεῷνᾼάπλῶν.
2798 3617 2992 3686 ἤγουν
3011 3616 3381 3690 ἀπεντεῦᾷετ
3410 3616 3526 3685 ἤδη
3555 3616 3696 3690 χρή-

526 3710 654 3747 usus
678 3688 739 3745 et
776 3691 1077 3762 proprietas
1123 3705 1320 3752 rerum,
1371 3688 1474 3762 vel__
1504 3689 1796 3762 proprietas
1841 3703 2026 3740 earum

523 3756 822 3825 duntaxat;
862 3756 954 3814 aut
999 3769 1111 3827 post
1153 3768 1366 3812 mortem
1402 3756 1561 3809 alicui
1596 3756 1973 3827 relinquuntur
2005 3769 2024 3809 :

524 3836 688 3898 deque
709 3832 883 3885 causis
909 3844 973 3884 ex
1000 3826 1189 3899 quibus
1243 3828 1553 3882 donationes
1583 3826 1885 3897 hujusmodi
1940 3842 2025 3880 re-

526 3903 856 3957 scindantur.

532 4020 588 4074 ‘l.
632 4018 783 4074 Citra
827 4018 1151 4088 scripturam
1207 4015 1432 4086 simplex
1479 4014 1540 4069 ﬁt
1599 4014 1816 4070 donatio
1844 4053 1860 4080 ,
1903 4029 2024 4071 cum

455 4109 547 4180 qui
584 4116 849 4164 maturam
880 4117 1092 4165 aetatem
1142 4108 1342 4176 attigit,
1390 4107 1531 4176 apud
1562 4107 1803 4177 quinque
1838 4114 2025 4171 testes,

459 4201 547 4256 vel
598 4203 740 4273 apud
790 4211 918 4265 tres,
954 4200 1048 4255 tibi
1083 4199 1325 4268 quaedam
1362 4201 1475 4253 suis
1504 4213 1569 4253 ex
1598 4200 1758 4254 rebus
1791 4200 2026 4253 donave-

2196 3704 2351 3754 σεως
2370 3689 2467 3741 καὶ
2496 3687 2850 3752 δεσποτείας
2874 3687 3254 3755 πραγμάτων,
3273 3686 3311 3755 ἣ
3339 3687 3696 3752 δεσποτείας

2195 3757 2395 3813 αὐτῶν
2425 3759 2638 3825 μόνον,
2661 3756 2695 3823 ἢ
2716 3758 2866 3825 μετὰ
2896 3756 3155 3809 θάνατον
3182 3758 3297 3825 τινὶ
3326 3760 3698 3824 stata/hyad-

2196 3821 2492 3895 νομένωὶμ
2530 3827 2629 3879 καὶ
2667 3821 2800 3893 περὶ
2839 3826 3063 3891 αἰτίων,
3114 3826 3183 3890 ἐξ
3207 3821 3293 3879 ὧν
3324 3829 3383 3881 ιιι
3431 3821 3697 3881 τοιαῦται

2196 3897 2404 3966 δωρεαὶ
2426 3897 2874 3966 ἀνατρέπονται.

2200 4024 2271 4072 α’.
2306 4018 2596 4087 ’Δγράφως
2632 4014 2924 4088 [ἄγραφος]
2974 4014 3116 4086 ἁπλῆ
3139 4015 3317 4087 δωρεὰ
3362 4016 3694 4077 συνίσταται,

2128 4112 2216 4164 ὅτε
2241 4128 2325 4174 τις
2350 4110 2461 4164 τῶν
2488 4111 2720 4164 ἐντελῶν
2753 4110 3015 4181 ὑπάρχων
3051 4108 3280 4179 χρόνων,
3314 4110 3406 4163 ἐπὶ
3448 4109 3627 4173 πέντε,
3660 4108 3693 4177 ἢ

2130 4204 2222 4256 καὶ
2246 4202 2411 4272 τριῶν
2432 4202 2746 4273 μαρτύρων,
2762 4201 3071 4273 δωρήσηταί
3100 4201 3185 4253 σοί
3234 4218 3356 4255 τινα
3376 4200 3483 4254 τῶν
3506 4199 3697 4254 ἑαυτοῦ

457 4293 549 4348 rit.
590 4293 841 4362 Quinque
892 4291 1110 4360 quidem
1164 4297 1329 4344 testes
1381 4298 1562 4352 sunto,
1612 4290 1663 4342 in
1716 4289 1850 4343 locis
1882 4299 2018 4344 recte

2128 4292 2505 4363 πραγμάτων-
2548 4293 2712 4345 πέντε
2748 4292 2847 4363 μὲν
2885 4292 3197 4364 μαρτύρων,
3220 4295 3296 4356 είς
3324 4294 3520 4355 τόπους
3572 4308 3698 4343 συν-

458 4386 789 4449 coustitutis,
821 4393 876 4439 et
899 4383 988 4438 ubi
1026 4381 1372 4450 reperiuntur
1405 4379 1653 4435 homines
1683 4396 1695 4431 :
1732 4388 1842 4434 tres
1873 4394 2018 4447 vero,

2133 4384 2481 4453 ισταμένους,
2521 4385 2615 4437 καὶ
2635 4384 3041 4455 εὑρισκομένων
3067 4381 3369 4453 ἀνθρώπων
3388 4400 3401 4412 ·
3444 4382 3611 4452 τριῶν
3639 4381 3695 4431 δὲ

456 4495 512 4532 in
535 4478 669 4533 locis
696 4475 974 4541 solitariis,
1006 4482 1060 4530 et
1090 4473 1178 4529 ubi
1204 4486 1460 4527 numerus
1483 4471 1720 4541 quinque
1743 4470 2023 4526 hominum

456 4584 565 4626 non
598 4570 893 4625 invenitur.

526 4660 582 4713 2.
632 4660 739 4713 Per
770 4660 1093 4727 scripturam
1128 4657 1356 4727 simplex
1385 4654 1605 4712 donatio
1653 4654 1731 4720 lit,
1761 4667 1927 4722 quum
1959 4654 2027 4710 ab

459 4764 547 4815 eo,
578 4748 669 4818 qni
708 4749 1003 4818 perfectam
1033 4758 1245 4804 aetatem
1282 4749 1414 4819 agit,
1452 4745 1776 4815 subscriptio
1803 4761 2024 4816 compo-

457 4838 562 4893 sita
590 4837 786 4906 fuerit;
813 4840 1109 4909 eademque
1131 4841 1282 4910 juxta
1303 4840 1619 4909 praedictum
1645 4838 1858 4895 modum
1886 4838 2025 4909 apud

456 4931 695 5000 quinque
750 4938 927 4987 tresve
973 4939 1158 4997 testes,
1194 4932 1259 4987 ad
1296 4931 1401 4989 hoc
1434 4938 1675 4994 vocatos,
1700 4930 2027 4986 testimoniis

457 5024 828 5093 comprobata,
862 5033 916 5078 et
940 5023 1203 5079 absoluta.

368 5100 373 5105 ’
527 5115 581 5169 ‘5.
614 5114 686 5168 At
714 5116 759 5169 si
797 5114 916 5184 quis
943 5114 1286 5169 donationem
1319 5115 1372 5169 in
1412 5115 1643 5185 aliquem
1675 5117 1778 5172 hac
1808 5116 1923 5187 lege
1948 5115 2024 5168 fe-

458 5205 613 5271 cerit,
648 5215 706 5259 ut
738 5206 785 5259 is
814 5214 936 5275 post
980 5207 1184 5261 obitum
1226 5206 1393 5276 ipsius
1423 5223 1508 5262 res
1537 5208 1638 5263 sibi
1663 5209 1891 5263 donatas
1920 5221 2027 5261 ca—

457 5300 600 5369 piat;
631 5309 686 5354 et
710 5300 993 5354 confestim
1037 5299 1421 5369 proprietatem
1456 5299 1740 5355 dumtaxat
1771 5298 1819 5353 ei
1854 5299 2025 5354 dona-

460 5392 601 5447 verit
633 5411 645 5446 :
672 5393 786 5446 haec
814 5405 1027 5460 quoque
1052 5389 1293 5455 donatio,
1312 5390 1578 5457 scriptura
1610 5389 2025 5453 interveniente,

462 5482 603 5553 apud
637 5492 804 5538 testes
847 5482 1108 5551 quinque,
1144 5480 1226 5535 vel
1263 5489 1373 5535 tres
1405 5480 1496 5533 ﬁat
1531 5497 1544 5533 :
1591 5480 1888 5535 secundum
1932 5492 2027 5533 eos

463 5574 671 5636 nsodns,
701 5572 790 5643 qui
822 5581 977 5625 antea
1016 5580 1144 5627 sunt
1174 5570 1425 5640 expositi.

538 5662 585 5717 ti.
619 5660 747 5728 Quae
782 5672 997 5731 propter
1040 5663 1498 5731 exspectationem
1530 5661 1716 5717 mortis
1769 5659 1826 5715 ﬁt
1858 5660 2023 5715 ιιοηίο

2130 4478 2211 4539 είς
2235 4476 2432 4539 τόπους
2448 4476 2710 4547 ἐρήμους,
2733 4480 2827 4530 καὶ
2844 4477 2919 4547 μὴ
2944 4475 3332 4546 εὑρισκομένου
3349 4474 3440 4528 τοῦ
3464 4474 3697 4544 ἀριθμοῦ

2128 4567 2236 4620 τῶν
2265 4566 2448 4621 πέντε.

2202 4657 2267 4729 β’.
2300 4661 2614 4729 Ἐγγραφος
2643 4659 2791 4730 ἁπλῆ
2840 4657 3019 4729 δωρεὰ
3066 4658 3401 4721 συνίσταται,
3455 4658 3545 4710 ὅτε
3593 4656 3697 4709 ὑπδ

2128 4746 2222 4801 τοῦ
2275 4748 2480 4801 τέλειον
2536 4748 2763 4819 ἄγοντος
2805 4747 3022 4818 ἡλικίαν
3078 4751 3318 4818 συνταγῇ
3379 4746 3695 4817 ὑπογραφὴ.

2130 4841 2224 4894 καὶ
2246 4840 2387 4894 κατὰ
2408 4842 2500 4894 τὸν
2519 4841 2914 4913 προειρημένον
2936 4844 3155 4910 τρόπον,
3180 4842 3270 4895 ἐπὶ
3294 4840 3451 4894 πέντε
3475 4840 3507 4911 ἢ
3532 4839 3697 4911 τριῶν

2132 4932 2445 5004 μαρτύρων,
2470 4934 2732 4987 ἐπὶτοῦτο
2759 4932 3225 5005 προσκληθέντων,
3244 4931 3534 5005 ἐγγράφως
3560 4948 3696 5001 μαρο

2129 5024 2337 5095 τυρηθῇ
2364 5026 2458 5078 καὶ
2489 5022 2753 5094 ἀπολυθῇ.

2205 5123 2272 5184 γ’.
2310 5117 2370 5167 Ei
2418 5115 2475 5167 δέ
2502 5132 2585 5179 τις
2633 5116 2849 5185 ποιήσει
2897 5115 3106 5187 δωρεὰν
3155 5116 3233 5177 είς
3268 5132 3407 5175 τινα,
3446 5114 3578 5184 πρὸς
3639 5115 3699 5169 τι

2136 5208 2273 5276 μετὰ
2307 5206 2406 5274 τὴν
2435 5206 2688 5277 τελευτὴν
2722 5207 2886 5260 αὑτοῦ
2913 5207 3096 5260 λαϐεῖν
3118 5207 3187 5260 τὰ
3213 5206 3527 5277 δωρηθέντα
3547 5208 3697 5277 αὐτῷ

2131 5296 2450 5366 πράγματα,
2484 5296 2575 5348 καὶ
2603 5296 2930 5351 ἁπεντεῦθεν
2963 5298 3063 5368 ἤδη
3110 5295 3210 5367 τὴν
3238 5295 3556 5349 δεσποτείαν
3604 5297 3699 5348 καὶ

2134 5387 2293 5458 μόνον
2338 5385 2650 5457 δωρήσηται
2705 5384 2890 5455 αὐτῷ·
2939 5386 3034 5439 καὶ
3078 5384 3176 5456 τὴν
3211 5383 3468 5453 τοιαύτην
3491 5380 3698 5452 δωρεὰν

2130 5478 2423 5548 ἐγγράφως
2478 5478 2570 5530 ἐπὶ
2600 5474 2764 5529 πέντε
2821 5477 2854 5549 ἢ
2888 5477 3054 5548 τριῶν
3103 5475 3398 5547 μαρτύρων
3422 5471 3692 5543 γίνεσθαι,

2131 5569 2270 5622 κατὰ
2293 5568 2417 5630 τοὺς
2439 5568 2870 5637 προειρημένους
2895 5569 3149 5639 τρόπους.

2197 5660 2259 5713 δ’.
2309 5659 2372 5713 Ἡ
2399 5659 2487 5712 διὰ
2528 5658 2856 5728 προσδοκξαν
2888 5658 3117 5715 θανάτου
3166 5656 3364 5728 δωρεὰ,
3391 5656 3510 5727 ἢτοι
3548 5650 3693 5724 μετὰ
