4084 6208
359 301 476 370 505
1633 309 2027 373 DELECTUS
2065 314 2351 378 LEGUM.

363 414 674 474 ἅποόίωσιν
690 414 786 469 τοῦ
811 414 1152 486 δωρουμένου
1195 418 1294 487 τὴν
1331 417 1589 473 σύστασιν
1618 419 1839 491 ἔχουσα,
1866 424 1951 494 γίο

2066 426 2151 488 tio,
2205 429 2317 482 sive
2349 444 2467 498 qum
2504 439 2624 500 post
2654 444 2943 489 excessum
2980 433 3229 490 donantis
3279 450 3344 491 ex
3395 436 3495 493 hac
3523 440 3630 494 vita

362 526 520 565 νεται
574 507 672 561 καὶ
726 507 889 577 αὑτὴ,
917 508 994 569 ὡς
1020 508 1280 577 ἀνωτέρω
1324 510 1645 580 δεδήλωται,
1670 513 1757 567 διά
1780 531 1838 567 τε
1860 515 1955 568 τοῦ

2066 518 2226 570 robur
2256 519 2441 585 habet,
2474 522 2635 575 etiam
2668 523 2781 591 ipsa
2832 526 3049 592 perinde
3083 526 3162 589 lit,
3197 538 3252 580 ut
3277 529 3523 598 superius
3549 539 3633 586 est

360 599 736 671 δωρουμένου,
766 599 861 653 κα)⁸
885 598 1049 652 πέντε
1070 599 1286 671 ἣτριῶν
1311 602 1606 673 μαρτύρων
1624 603 1953 676 ὑπογραφῆς

2066 603 2350 660 indicatum
2390 624 2404 661 :
2442 624 2645 677 perque
2675 611 2954 667 donatoris
3005 623 3058 667 et
3086 615 3325 685 quinque
3356 616 3441 671 vel
3464 616 3629 672 trium

362 692 579 763 πληρου
588 692 723 761 μένη
733 730 747 745 .

2066 694 2276 749 testium
2310 695 2792 765 subscriptionem,
2820 700 3064 768 perficito
3075 718 3119 755 r.
3397 688 3417 700 Ι

436 781 501 837 ε’.
530 783 593 836 Ei
623 782 680 834 δὲ
698 781 859 845 αὐτὸς
895 781 923 833 ὁ
943 780 1285 852 δωρούμενος
1311 782 1630 854 διατάξηται
1661 785 1956 855 ἐγγράφως

2127 782 2180 837 5.
2214 784 2367 849 Quod
2400 788 2444 838 si
2477 786 2707 841 donator
2742 788 2856 857 ipse
2887 804 2982 857 per
3004 792 3325 860 scripturam
3353 794 3410 848 in
3441 797 3629 851 eadem

365 876 429 928 ὲν
464 876 531 943 τῇ
575 872 715 942 αὐτῇ
739 871 919 941 δωρεᾷ
956 872 1124 925 αὑτοῦ
1157 873 1598 944 μεταμεληθῆναι
1626 876 1659 945 ἢ
1692 875 1945 947 διαστρέ-

2066 873 2352 929 donatione
2396 890 2493 929 sua
2526 877 2856 946 disposuerit
2908 888 2965 932 ut
3022 884 3290 949 poenitere
3322 886 3512 953 possit,
3548 886 3632 939 vel

369 964 471 1033 ψαι
496 963 593 1033 τὴν
635 960 894 1028 τοιαύτην
943 963 1185 1032 δωρεάν·
1218 964 1423 1035 ταύτην
1453 961 1596 1017 εἶναι
1628 967 1953 1038 κεκυρωμέ-

2066 960 2322 1029 ejusmodi
2367 966 2711 1021 donationem
2764 984 3022 1024 revocare
3050 989 3065 1026 :
3096 983 3209 1026 rata
3253 975 3322 1027 sit
3353 975 3466 1045 ipsa
3501 991 3632 1031 con-

376 1071 496 1124 νην,
530 1052 688 1123 μόνον
720 1053 807 1105 ἵνα
840 1052 1056 1123 δηλωθῇ
1110 1054 1413 1124 ήδιάταξις
1458 1055 1625 1109 αὑτοῦ
1654 1057 1749 1109 καὶ
1786 1058 1845 1112 ὲν
1874 1058 1955 1128 τῷ

2066 1058 2223 1123 ditio,
2253 1061 2624 1115 tantummodo
2658 1070 2717 1115 ut
2755 1061 3092 1130 exprimatur
3118 1063 3230 1117 haec
3257 1065 3375 1132 ejus
3406 1067 3633 1134 disposi-

379 1145 524 1215 ΰφει.
556 1145 648 1197 καὶ
676 1146 811 1213 ὲντῇ
844 1143 1139 1214 ὑπογραφῇ
1179 1144 1369 1199 αὑτοῦ.

2066 1147 2135 1200 tio
2165 1157 2270 1200 tam
2306 1148 2359 1201 in
2392 1157 2671 1216 contextu,
2708 1164 2869 1218 quam
2907 1151 3072 1219 ipsius
3103 1155 3486 1223 suscriptione.

448 1241 522 1299 ς’.
549 1236 707 1288 Πᾶσα
734 1234 916 1305 δωρεά
944 1236 1311 1305 ἀνατρέπεται
1334 1236 1426 1290 διὰ
1454 1237 1710 1302 τοιαύτας
1735 1237 1941 1303 αἱτίας’

2092 1293 2097 1297 ,
2129 1237 2183 1293 6.
2212 1237 2400 1293 Omnis
2457 1239 2679 1294 donatio
2709 1250 2929 1309 propter
2978 1256 3172 1295 causas
3206 1243 3509 1312 hujusmodi
3546 1260 3630 1300 re-

378 1327 440 1379 Εί
463 1325 492 1377 ὁ
514 1326 613 1395 τὴν
635 1323 846 1393 δωρεὰν
869 1323 1050 1376 λαϐὼν
1077 1326 1371 1395 ἀχάριστος
1408 1328 1539 1395 περὶ
1586 1326 1678 1380 τὸν
1701 1327 1956 1399 δωρησά-

2066 1327 2360 1382 scinditur:
2388 1328 2443 1383 Si
2475 1330 2539 1393 is,
2572 1331 2659 1384 cui
2688 1330 2747 1384 fit
2773 1332 3013 1399 donatio,
3041 1333 3282 1401 ingratus
3307 1349 3435 1403 erga
3463 1336 3628 1391 dona-

378 1434 538 1487 μενον
571 1416 793 1488 εὑρεθῇ.
830 1417 892 1469 El
920 1416 1179 1486 τραχείας
1226 1415 1419 1488 ὕϐρεις
1471 1418 1731 1491 ἐπαγάγῃ
1765 1418 1951 1487 αὐτῷ·

372 1508 406 1579 ἢ
441 1508 586 1579 τύψῃ
616 1508 778 1561 αὑτόν
802 1523 817 1538 ⁸
855 1508 888 1577 ἢ
922 1508 1190 1577 μεγίστην
1211 1506 1419 1578 ζημίαν
1448 1510 1724 1580 ἐπενέγκῃ
1761 1509 1910 1579 αὑτῷ
1934 1525 1950 1539 ο

371 1597 406 1668 ἧ
460 1596 920 1666 ἐπιϐουλεύσηται
970 1598 1036 1666 τῇ
1072 1596 1187 1668 ζωῇ
1229 1596 1431 1651 αὐτοῦ’
1461 1598 1494 1669 ἢ
1528 1598 1597 1651 τά
1653 1614 1953 1668 συμφωνη-

372 1687 561 1755 θέντα,
585 1689 669 1759 ἔφ’
689 1682 770 1752 οἷς
795 1689 830 1759 ἠ
852 1686 1032 1759 δωρεὰ
1053 1688 1348 1759 ἐγγράφως
1377 1689 1410 1759 ἢ
1435 1688 1696 1760 ἀγράφως
1710 1688 1949 1755 ἐγένετο,

2058 1425 2231 1471 torem
2268 1419 2520 1474 inventus
2552 1419 2754 1488 fuerit;
2788 1422 2831 1477 si
2873 1432 3085 1479 atroces
3114 1423 3188 1478 illi
3225 1422 3453 1490 injurias
3487 1426 3634 1480 intu-

2054 1505 2199 1572 lerit,
2247 1518 2343 1585 amt
2384 1524 2506 1564 eum
2558 1513 2946 1578 verberaverit,
2995 1524 3092 1569 aut
3149 1516 3384 1570 maximo
3435 1516 3633 1573 datnno

2058 1599 2324 1669 atl‘ecerit,
2374 1611 2467 1657 aut
2508 1604 2632 1658 vitae
2678 1603 2850 1673 ipsius
2889 1604 3053 1661 fuerit
3108 1607 3415 1675 insidiatus,
3449 1620 3544 1663 aut
3585 1610 3631 1665 si

2055 1689 2230 1758 pactis
2256 1691 2557 1758 conventis,
2580 1694 2649 1746 ob
2677 1708 2796 1762 quae
2824 1695 3065 1758 donatio,
3096 1695 3179 1748 vel
3203 1696 3255 1750 in
3284 1697 3523 1765 scriptis,
3550 1698 3633 1752 vel

376 1777 457 1848 μὴ
490 1753 775 1851 πληρωθῇ.
998 1779 1105 1849 γὰρ
1237 1753 1445 1834 τούτων
1644 1753 1838 1832 αἰτιῶν
1890 1780 1950 1832 ὲν

2066 1781 2197 1835 citra
2231 1782 2579 1863 s.cripturam,
2619 1784 2763 1839 facta
2806 1786 2927 1853 fuit,
2972 1786 3311 1841 satisfactum
3351 1803 3456 1842 non
3504 1788 3629 1844 erit.

371 1866 713 1939 δικαστηρίῳ
751 1866 1236 1940 ἀποδεικνυμένης,
1264 1868 1342 1933 ὡς
1373 1869 1611 1942 εἴρηται,
1644 1869 1952 1942 ἀνατρέπε-

373 1976 487 2015 ται.
818 1974 823 1979 ’

944 2077 1194 2132 ΤΙΤΛΟΣ
1240 2079 1359 2146 te".

380 2180 668 2253 Hsplrér
687 2180 1130 2253 ,κεκωλυμένων
1178 2182 1543 2253 διατίθεσθαι
1589 2185 1948 2253 προσώπων,

447 2250 701 2319 καὶπερὶ
741 2250 1047 2319 διαθηκῶν
1096 2252 1407 2322 ἐγγράφων
1448 2252 1548 2307 καί
1574 2250 1876 2324 ἀγράφων.

445 2375 515 2424 α’.
546 2369 865 2423 Κωλύονται
896 2368 1281 2442 [κεκώλυνται]
1305 2369 1663 2438 διατίθεσθαι,
1693 2373 1743 2426 οἱ
1771 2374 1836 2426 ὲκ
1865 2390 1954 2426 νο-

376 2461 618 2530 σήματός
644 2478 792 2524 τινος
836 2462 894 2513 ἐν
926 2461 1221 2531 παραφορᾷ
1249 2461 1422 2527 ὄντες,
1466 2461 1561 2515 καὶ
1587 2464 1634 2515 οἱ
1662 2462 1906 2533 ἁνήλικοι
1931 2480 1946 2495 ο

375 2553 468 2603 καὶ
488 2551 538 2604 oi
559 2551 658 2621 μὲν
682 2552 911 2623 ἄρρενες
927 2552 1147 2622 ἥττονες
1172 2551 1282 2604 τῶν
1302 2551 1598 2607 δεκαπέντε
1624 2553 1784 2621 ἐτῶν,
1803 2555 1858 2606 αί
1885 2554 1944 2607 δὲ

379 2641 590 2712 θήλειαι
627 2642 851 2711 ἥττονες
871 2641 979 2695 τῶν
1004 2648 1071 2710 ιγ’
1100 2642 1278 2698 οὖσαι.

454 2732 521 2803 β’.
567 2734 629 2787 Oi
664 2733 953 2797 διαπαντὸς
1009 2734 1349 2804 μαινόμενοι,
1385 2734 1481 2788 καὶ
1509 2736 1557 2789 οἱ
1612 2736 1950 2801 ὑπεξούσιοι,

381 2828 511 2882 ἄνευ
544 2826 650 2880 τῶν
679 2827 998 2896 Ξδιοκτήτων
1033 2827 1402 2897 πραγμάτων.
1437 2828 1532 2891 Είς
1565 2828 1622 2881 δὲ
1650 2830 1719 2883 τὰ
1753 2832 1815 2883 ὲκ
1840 2829 1953 2881 τῶν

379 2918 581 2985 γονέων
602 2917 915 2971 ὲπιδοθέντα
938 2918 1122 2981 αὐτοῖς
1149 2918 1373 2989 ὀνόματι
1404 2919 1654 2990 προικὸς,
1703 2921 1779 2991 μὴ
1810 2920 1957 2991 ἔχειν

378 3007 576 3069 αὐτοὺς
597 3006 780 3061 ἄδειαν
800 3006 893 3060 τοῦ
919 3006 1279 3061 διατίθεσθαι.

2059 1870 2194 1926 Nam
2222 1872 2265 1926 si
2291 1872 2481 1927 harum
2514 1890 2799 1931 causarum
2824 1877 2904 1931 vel
2925 1893 3026 1931 una
3050 1877 3104 1932 in
3129 1877 3334 1948 judicio
3354 1880 3631 1948 probetur,

2066 1964 2142 2018 uti
2170 1964 2375 2019 dictum
2404 1974 2508 2031 est,
2539 1966 2760 2021 donatio
2791 1968 3137 2024 rescinditur.

2622 2084 2926 2141 TITULUS
2970 2085 3108 2142 XVI.

2065 2189 2144 2245 De
2171 2192 2409 2260 personis
2445 2191 2628 2245 testari
2654 2191 2952 2260 prohibitis,
2985 2202 3033 2245 et
3077 2193 3142 2245 de
3177 2194 3504 2248 testamentis
3529 2206 3637 2249 tam

2268 2264 2323 2316 in
2350 2262 2578 2329 scriptis,
2606 2278 2760 2330 quam
2795 2263 2927 2314 citra
2959 2262 3277 2331 scripturam
3304 2264 3381 2333 (2)
3402 2302 3418 2316 .

2133 2378 2189 2432 l.
2219 2377 2427 2432 Testari
2454 2377 2828 2461 prohibentur,
2860 2378 2951 2448 qui
2997 2394 3061 2433 ex
3093 2381 3283 2434 morbo
3312 2381 3544 2449 quodam
3581 2382 3635 2435 iu

2062 2466 2389 2521 alienatione
2417 2467 2614 2520 mentis
2638 2467 2912 2519 constituti
2941 2477 3091 2532 sunt,
3132 2477 3188 2521 et
3214 2468 3447 2522 nondum
3479 2468 3635 2521 adul-

2063 2555 2125 2614 ti.
2155 2558 2232 2610 Ac
2262 2572 2438 2611 mares
2465 2556 2703 2626 qnidetn,
2730 2557 2822 2624 qui
2872 2557 3110 2612 minores
3134 2567 3258 2613 sunt
3293 2560 3639 2629 annisquin-

2064 2648 2237 2701 decim
2266 2685 2281 2711 ,
2311 2647 2522 2703 feminae
2549 2662 2697 2711 vero,
2728 2650 2989 2702 tredecim
3018 2649 3179 2703 annis
3211 2649 3470 2704 minores.

2131 2738 2185 2792 2.
2216 2738 2316 2805 Qui
2347 2752 2562 2806 semper
2588 2738 2771 2793 furiosi
2796 2747 2942 2802 sunt,
2965 2747 3018 2791 et
3047 2737 3098 2793 in
3131 2746 3394 2807 potestate
3423 2738 3629 2792 consti-

2067 2828 2190 2891 tuti,
2230 2826 2422 2896 pecnlii
2459 2837 2636 2882 tamen
2664 2827 2825 2882 rebus
2855 2827 3113 2896 exceptis.
3155 2827 3229 2882 De
3254 2828 3319 2882 iis
3345 2843 3492 2891 vero,
3520 2842 3639 2895 quae

2068 2919 2191 2972 data
2224 2928 2349 2972 sunt
2377 2918 2511 2986 ipsis
2536 2934 2600 2973 ac
2625 2918 2940 2989 parentibus
2974 2920 3114 2975 dotis
3138 2919 3372 2982 nomine,
3404 2919 3639 2972 testandi

2064 3009 2339 3064 licentiam
2374 3023 2478 3063 non
2514 3009 2734 3063 habent.

452 3106 522 3168 γ’.
556 3100 619 3152 Oi
650 3101 706 3152 ὲν
732 3099 1082 3170 αἰχμαλωσίᾳ
1112 3100 1262 3164 ὑντες
1282 3116 1296 3130 ο
1323 3101 1352 3152 ὁ
1389 3102 1454 3153 ὲκ
1476 3100 1746 3172 γεννητῆς
1771 3102 1954 3172 κωφὸς

2134 3105 2184 3159 5.
2218 3105 2318 3171 Qui
2351 3104 2555 3159 suntin
2584 3103 2919 3172 captivitate,
2951 3104 3042 3173 qui
3076 3119 3105 3157 a
3139 3106 3419 3160 nativitate
3446 3105 3641 3159 surdus

381 3192 479 3246 καὶ
513 3191 725 3255 ἀλαλος.
762 3194 825 3245 Οἱ
856 3192 914 3245 δὲ
937 3192 1001 3246 ἔκ
1023 3210 1166 3255 τινος
1188 3192 1475 3255 ἀσθενείας
1501 3192 1763 3257 τοιούτοις
1796 3196 1955 3263 vosq-

384 3298 521 3350 μασι
563 3282 1011 3353 περιπίπτοντες,
1056 3282 1367 3353 γράμματα
1411 3281 1794 3352 γινώσκοντες,
1825 3283 1958 3337 ὑπο-

380 3375 686 3445 γράφοντες
715 3375 1018 3445 ίδιοχείρως
1046 3374 1497 3429 διατιθέσθωσαν.

448 3464 513 3520 δ’.
543 3465 851 3533 Ἐγγραφος
879 3466 1088 3533 γίνεται
1121 3464 1354 3537 διαθήκη
1388 3466 1444 3518 ὲν
1465 3466 1547 3519 ἑνὶ
1571 3465 1665 3521 καὶ
1693 3464 1770 3535 τῷ
1807 3465 1959 3536 αὐτῷ

378 3554 560 3625 καιρῷ
604 3556 710 3609 ὑπὸ
741 3557 883 3609 ἑπτὰ
930 3555 1261 3621 ἀξιοπίστων
1302 3556 1620 3629 μαρτύρων,
1652 3557 1746 3611 ἐπὶ
1776 3556 1955 3628 τούτῳ

384 3647 855 3720 προσκληθέντων,
921 3650 1016 3702 καὶ
1080 3649 1222 3703 κατά
1277 3650 1475 3703 ταυτὸν
1537 3650 1963 3720 ὑπογραφόντων

384 3742 480 3795 καὶ
549 3741 962 3812 σφραγιζόντων
994 3756 1008 3771 ⁸
1059 3741 1155 3794 τοῦ
1208 3739 1591 3811 διατιθεμένου
1654 3741 1964 3809 ὀφείλοντος

381 3831 472 3885 διὸ.
499 3832 598 3901 τῆς
633 3832 773 3895 ἰδίας
823 3832 1172 3904 ὑπογραφῆς,
1221 3831 1254 3901 ἢ
1308 3831 1397 3884 διὰ
1463 3832 1863 3903 χειροχρίστου,
1902 3830 1965 3884 τὸ

385 3923 560 4001 ὄνομα
588 3921 681 3975 τοῦ
710 3922 1050 3993 κληρονόμου
1101 3926 1162 3977 ὲν
1208 3924 1345 3993 αὐτῇ
1378 3921 1852 3992 ἀποδηλώσασθαι,
1888 3921 1963 3992 μὴ

383 4018 749 4086 ἐμφαίνοντος
782 4020 895 4081 τοῖς
932 4019 1225 4088 μάρτυσιν,
1264 4019 1313 4070 εί
1359 4017 1455 4069 καὶ
1502 4015 1748 4086 βούλεται
1780 4014 1840 4087 [ἃ
1872 4015 1966 4067 καὶ

387 4103 681 4176 peditent],
714 4106 784 4158 τά
815 4107 914 4175 τῆς
941 4105 1326 4169 διατυπώσεως
1351 4105 1538 4160 αὑτοῦ.

456 4195 521 4250 ε’.
557 4198 838 4268 Ἀγραφος
890 4198 1207 4252 συνίσταται
1253 4198 1512 4269 διαθήκη,
1548 4198 1637 4251 ὅτε
1689 4197 1783 4251 ἐπὶ
1827 4196 1967 4251 ἑπτά

389 4288 687 4360 μαρτύρων
721 4290 835 4360 ἅμα
863 4290 1270 4360 εὑρισκομένων
1315 4291 1413 4362 τὴν
1465 4289 1630 4343 αὑτοῦ
1676 4292 1705 4344 ὁ
1737 4290 1969 4343 διατιθέ-

392 4398 556 4451 μενος
582 4379 879 4449 πεποίηται
910 4379 1185 4451 βούλησιν.

2060 3204 2116 3251 et
2150 3205 2330 3251 mutus
2361 3204 2465 3250 est.
2502 3195 2572 3249 At
2608 3196 2699 3264 qui
2733 3208 2797 3248 ex
2830 3197 3146 3250 inﬁrmitate
3174 3198 3407 3266 quadam
3448 3199 3499 3251 in
3542 3198 3641 3251 bos

2060 3285 2283 3341 morbos
2316 3285 2579 3351 incidunt,
2613 3285 2657 3341 si
2709 3285 2920 3341 litteras
2966 3286 3169 3352 norint,
3223 3302 3386 3341 manu
3417 3287 3637 3356 pr0pria

2060 3374 2451 3433 subscribendo
2486 3383 2866 3430 testamentum
2892 3378 3150 3432 condant.

2131 3468 2188 3523 4.
2210 3465 2620 3522 Testamentum
2647 3466 2701 3521 in
2721 3467 2941 3537 scriptis
2967 3467 3025 3521 lit
3050 3482 3157 3521 uno
3187 3466 3488 3535 eodemque
3510 3476 3643 3521 tem-

2063 3571 2223 3625 pore,
2243 3571 2428 3611 coram
2462 3564 2670 3626 septem
2710 3556 2815 3611 [ide
2838 3557 3015 3624 dignis
3039 3558 3293 3622 testibus,
3320 3556 3388 3610 ad
3412 3558 3513 3611 hoc
3533 3571 3632 3611 vo-

2064 3647 2221 3712 catis,
2253 3656 2309 3701 et
2333 3649 2523 3701 eodem
2558 3658 2800 3716 tempore
2846 3648 3311 3703 subscribentibns
3352 3656 3407 3701 et
3460 3646 3641 3702 subsi-

2067 3737 2356 3809 gnantibus
2380 3756 2394 3803 ;
2423 3753 2543 3793 cum
2563 3738 2781 3792 interim
2812 3747 3041 3791 testator
3063 3753 3158 3804 per
3177 3737 3640 3807 subscriptionem

2067 3844 2244 3892 suam,
2268 3840 2361 3882 aut
2404 3843 2501 3898 per
2539 3828 2754 3896 signum
2777 3828 2957 3881 crucis
3003 3827 3203 3881 Christi
3240 3840 3640 3894 mannexpres-

2067 3937 2208 3989 sum,
2228 3921 2459 3976 hmredis
2488 3921 2540 3973 in
2562 3934 2626 3975 eo
2649 3933 2845 3972 nomen
2883 3918 3126 3972 iudicare
3173 3919 3391 3981 debeat,
3425 3928 3529 3971 non
3559 3927 3640 3970 ta-

2068 4029 2190 4069 men
2232 4014 2460 4068 testibus
2503 4012 2818 4077 oStendens,
2881 4026 3001 4080 quae
3051 4009 3424 4079 dispositionis
3473 4009 3643 4079 ipsius

2067 4106 2333 4164 sententia
2363 4106 2455 4160 sit.

2138 4199 2191 4253 5.
2230 4198 2642 4253 Testamentum
2677 4195 2823 4250 circa
2861 4194 3185 4264 scripturam
3220 4192 3493 4258 conditur,
3516 4209 3638 4247 cum

2069 4307 2253 4348 coram
2289 4299 2498 4360 septem
2526 4288 2780 4352 testibus,
2809 4302 2914 4342 una
2943 4286 3271 4353 constitutis,
3301 4294 3527 4340 testator
3550 4300 3643 4337 vo-

2071 4385 2329 4438 luntatem
2356 4397 2509 4437 suam
2534 4380 2774 4435 coniicit.

463 4432 554 4537 ς’..
578 4473 639 4526 Ei
666 4472 724 4526 δὲ
747 4432 875 4541 ὲνῷ
906 4432 991 4536 τις
1024 4432 1322 4527 δίατίθεται
1350 4472 1558 4543 τρόπῳ,
1588 4474 1621 4542 ἢ
1650 4473 1959 4543 ἐγγράφωςι

2148 4473 2203 4527 6.
2234 4471 2385 4537 Quod
2412 4472 2457 4526 si
2486 4485 2552 4525 eo
2585 4471 2638 4524 in
2671 4468 2809 4535 loco,
2842 4482 2947 4538 quo
2981 4468 3099 4522 loco
3146 4467 3266 4538 quis
3304 4468 3471 4521 autin
3502 4466 3640 4522 scri-

390 4567 425 4636 ἢ
456 4566 739 4636 ἀγράφως,
788 4567 928 4620 ἑπτὰ
988 4566 1063 4637 μὴ
1115 4565 1463 4637 εὑρίσκονται
1522 4566 1821 4637 μάρτυρες,
1874 4567 1969 4619 καὶ

389 4658 487 4709 ἐπὶ
517 4656 702 4722 πέντε,
755 4658 849 4710 καὶ
906 4657 1002 4710 ἐπὶ
1036 4657 1202 4725 τριῶν
1259 4656 1686 4711 διατιθέσθωσαν
1730 4656 1799 4709 τὰ
1844 4655 1968 4709 καθ’

392 4747 644 4811 ἑαυτούς.
685 4747 749 4799 Εί
800 4747 859 4800 δὲ
919 4747 1014 4800 καὶ
1063 4747 1217 4818 παρὰ
1251 4747 1361 4801 τῶν
1412 4746 1583 4818 τριῶν
1630 4746 1967 4816 εὑρεθῶσιν,

394 4839 597 4907 ἄκυρον
634 4835 728 4890 τοῦ
780 4837 1155 4907 διατιθεμένου
1188 4838 1455 4909 ὑπάρχειν
1486 4838 1587 4908 τὴν
1620 4837 1894 4907 βούλησιν.

467 4929 531 4993 ζ’.
568 4928 678 4998 Τῆς
711 4928 999 5000 διαθήκης,
1043 4930 1187 4984 καθά
1219 4930 1457 5001 εἴρηται,
1484 4929 1710 4992 ἐντελῶς
1738 4928 1968 4998 γενομέ-

394 5036 515 5089 νης,
552 5020 599 5071 εὶ
637 5021 685 5071 οἱ
728 5021 905 5086 γονεῖς
936 5021 1003 5073 τά
1041 5021 1247 5075 ἑαυτῶν
1278 5022 1463 5083 τέκνα,
1498 5022 1532 5091 ἢ
1566 5020 1659 5072 καὶ
1704 5018 1763 5071 ἓν
1792 5020 1971 5073 αὐτῶν

393 5110 630 5165 ἐάσωσιν
682 5111 1136 5179 ἀμνημόνευτον
1185 5114 1512 5183 τηρήτωσαν
1564 5113 1613 5164 οἱ
1669 5111 1968 5181 ἀκροαταίο

393 5203 490 5254 καὶ
524 5204 573 5254 εἰ
616 5201 877 5266 πολλάκις
904 5204 1201 5274 εὑρεθῶσιν
1229 5206 1593 5277 ἐνυϐρίσαντα
1619 5205 1746 5264 τοὺς
1768 5204 1968 5270 γονεῖς,

393 5294 427 5361 ἢ
470 5294 565 5346 καὶ
598 5293 789 5364 ἕτερόν
824 5311 876 5346 τι
944 5296 1079 5365 πρὸς
1122 5297 1319 5368 πλῆξιν
1365 5296 1545 5351 αὐτῶν
1594 5296 1969 5365 ἑνδειξάμενα,

399 5382 611 5454 μενέτω
638 5384 1088 5453 ἀπαρασῶευτος
1124 5387 1232 5441 τῶν
1264 5388 1467 5457 γονέων
1487 5390 1521 5459 ή
1547 5386 1897 5448 διατύπωσις.

468 5476 543 5548 η’.
588 5479 650 5531 El
680 5478 737 5529 δὲ
771 5480 865 5531 καὶ
884 5480 1022 5549 μετά
1055 5481 1154 5552 τὴν
1182 5484 1279 5550 τῆς
1302 5483 1565 5553 διαθήκης
1596 5483 1814 5551 ποίησιν
1854 5484 1987 5533 ἐπιο·

397 5570 642 5639 γεννηθῇ
699 5568 884 5630 αὐτοῖς
953 5568 1153 5639 βρέφος
1207 5571 1694 5642 ὲγκυμονούμενον,
1757 5570 1810 5621 αἱ
1876 5567 1974 5634 μὲν

475 5701 552 5771 (2)
586 5702 956 5773 Nuncupativa
988 5704 1157 5759 nostri
1192 5712 1401 5758 vocant.

2068 4563 2177 4634 ptis
2212 4572 2459 4627 testatur,
2510 4569 2603 4617 aut
2648 4561 2794 4616 circa
2833 4559 3183 4627 scripturam,
3224 4569 3391 4614 testes
3428 4570 3637 4628 septem

2071 4670 2177 4709 non
2203 4653 2548 4708 inveniantur
2583 4670 2597 4707 :
2629 4652 2796 4707 etiam
2837 4665 3021 4706 coram
3058 4651 3319 4720 quinque,
3352 4666 3414 4705 ac
3448 4652 3642 4715 tribus,

2072 4754 2354 4799 testantur.
2379 4742 2471 4797 Sin
2496 4743 2779 4811 pauciores
2803 4742 2977 4798 tribus
3009 4742 3209 4798 inventi
3239 4742 3463 4809 fuerint,
3491 4741 3643 4797 irrita

2073 4837 2347 4892 testatoris
2374 4836 2622 4890 voluntas
2642 4844 2781 4890 esto.

2142 4928 2195 4981 7.
2230 4926 2600 4989 Testamento,
2650 4940 2747 4979 ceu
2793 4924 2998 4979 dictum
3031 4932 3134 4991 est,
3188 4924 3343 4993 plene
3383 4922 3524 4976 facto
3554 4937 3570 4986 ;
3601 4920 3647 4974 si

2074 5028 2325 5087 parentes
2347 5017 2544 5071 liberos
2561 5030 2711 5076 suos,
2743 5026 2836 5069 aut
2863 5031 3027 5069 unum
3051 5029 3112 5068 ex
3140 5015 3242 5079 eis,
3267 5014 3644 5084 praeterierint:

2074 5108 2313 5162 animum
2331 5109 2615 5161 advertant
2635 5104 2877 5175 judices;
2902 5120 2965 5162 ac
2994 5106 3259 5175 siquidem
3279 5105 3430 5159 liberi
3454 5108 3649 5173 saepius

2076 5198 2394 5266 deprehensi
2453 5207 2580 5253 sunt
2623 5199 2912 5254 conviciati
2967 5199 3320 5268 parentibus,
3371 5197 3453 5251 vel
3503 5198 3650 5252 aliud

2083 5290 2358 5359 quidpiam
2383 5291 2446 5345 ad
2481 5291 2717 5359 ipsorum
2776 5301 3038 5345 terrorem
3075 5290 3384 5359 designasse
3419 5307 3433 5344 :
3465 5288 3652 5343 incon-

2083 5398 2237 5438 cussa
2267 5392 2477 5437 maneat
2504 5391 2789 5453 parentum
2826 5381 3133 5449 dispositio.

2156 5475 2208 5528 8.
2245 5474 2339 5528 Sin
2377 5474 2533 5530 etiam
2578 5482 2701 5542 post
2752 5474 3060 5527 testamenti
3089 5470 3376 5525 factionem
3424 5479 3652 5539 agnatus

2084 5565 2163 5621 eis
2193 5566 2352 5621 fuerit
2387 5567 2721 5635 postlmmus,
2750 5564 3022 5618 libertates
3044 5560 3259 5631 quidem
3292 5568 3345 5617 ct
3370 5560 3542 5634 legata
3562 5574 3651 5617 se-
