4058 6212
421 310 523 375 501

1391 321 1893 386 CONSTANTINI
1948 325 2616 391 PORPHYROGENITI

3588 339 3696 406 508

423 429 660 484 tmmlum
693 431 919 502 hujusce
965 431 1270 486 testamenti
1323 432 1432 487 vim
1466 428 1581 488 rata
1611 446 1805 492 sunto:
1841 455 1975 508 agna

2111 440 2415 511 ὲλευθερίαι
2468 445 2560 496 καὶ
2592 443 2661 497 τὰ
2720 443 2924 513 λεγάτα
2973 445 3113 500 κατὰ
3146 447 3247 518 τὴν
3281 447 3380 520 τῆς
3433 429 3694 521 τοιαύτης

424 529 510 575 tus
537 537 662 576 vero
683 525 929 591 postltnm
939 539 1020 588 us,
1041 539 1162 579 cum
1184 524 1409 596 reliquis
1428 528 2000 600 haereditateuradeat,

422 627 475 668 et
500 628 601 666 una
631 614 903 668 succedat.

493 705 547 760 9.
587 703 642 757 Si
672 705 794 773 quis
820 722 987 761 unum
1036 708 1238 765 habeat
1284 713 1526 768 nativum
1575 714 1767 781 ﬁlium,
1797 716 1887 785 qui
1931 719 1998 772 ad

425 805 683 849 terrorem
725 809 1008 864 parentum
1059 804 1302 872 quaedam
1342 805 1551 872 fecerit,
1586 817 1642 862 et
1669 810 1812 877 ipsos
1838 811 1890 864 in
1915 826 2002 866 se-

424 895 639 940 nectute
672 903 799 942 cura
852 892 980 948 sua?
1020 894 1310 950 destitutos
1366 897 1634 966 relinquat
1667 915 1682 954 :
1711 901 1816 953 alia
1853 915 1982 954 veno

425 992 651 1046 persona
687 981 887 1050 qumvis
911 996 1190 1050 accurrat,
1219 998 1274 1040 et
1307 988 1440 1057 ipsis
1475 991 1791 1057 ministret;
1836 993 1993 1047 ideo-

423 1083 528 1137 que
556 1069 698 1124 velut
728 1073 794 1125 ab
836 1073 937 1126 hoc
970 1075 1247 1132 beneficiis
1298 1078 1497 1143 affecti,
1553 1095 1674 1135 eum
1723 1083 1992 1138 haeredem

425 1159 735 1230 relinquere
789 1154 1052 1218 bonorum
1106 1183 1326 1224 suorum
1394 1171 1702 1228 voluerint:
1773 1183 1890 1228 rata
1932 1184 1986 1230 et

421 1252 579 1308 ﬁrma
616 1255 868 1310 voluntas
890 1256 1129 1325 ipsorum
1169 1270 1307 1315 esto.

495 1345 583 1399 10.
618 1345 807 1401 Omnis
844 1348 1017 1403 lateres
1043 1365 1107 1403 ex
1143 1360 1462 1407 testamento
1520 1355 1600 1410 vel
1642 1357 1863 1427 scripto,
1912 1359 1997 1416 vel

425 1451 530 1489 non
566 1439 789 1505 scripto,
823 1440 912 1507 qui
951 1440 1261 1496 dilationem
1289 1444 1584 1514 interponit
1611 1463 1782 1516 usque
1800 1451 1863 1502 ad
1895 1465 1995 1504 an-

424 1527 477 1578 ni
501 1528 754 1594 spatium,
774 1539 1147 1597 etsupremam
1174 1532 1501 1588 voluntatem
1529 1551 1632 1589 non
1657 1539 1994 1608 exsequitur,

423 1617 470 1669 si
500 1616 733 1672 diiuncti
767 1619 908 1675 ﬁlius
931 1632 1022 1674 aut
1057 1637 1226 1691 nepos
1254 1633 1356 1691 est,
1389 1625 1625 1680 debitam
1663 1628 1764 1682 sibi
1812 1629 1992 1698 legiti-

421 1726 564 1764 mam
589 1714 890 1780 portiouem
928 1717 1194 1771 duntaxat
1218 1718 1434 1786 accipit.
1456 1719 1512 1774 Si
1549 1720 1784 1792 legitima
1813 1725 1989 1791 portio

2107 531 2371 604 διαθήκης
2399 536 2777 605 κρατείτωσαν
2835 535 3086 606 δύναμιν·
3139 539 3200 592 τὸ
3247 541 3304 594 δὲ
3347 541 3692 612 γεννώμενον

2107 625 2544 696 συνεισερχέσθω
2590 630 2704 689 τοῖς
2737 627 2946 690 λοιποῖς
2971 667 2985 688 ,
3018 629 3116 680 καὶ
3151 634 3687 702 συγκληρονομείτω.

2180 715 2244 768 θ’.
2300 716 2425 768 Ἐάν
2489 734 2572 780 τις
2624 717 2764 787 ἔχων
2823 717 2882 770 ἓν
2948 721 3175 789 γνήσιον
3230 726 3441 790 τέκνον,
3477 725 3507 776 δ
3553 725 3690 795 πρὸς

2104 802 2302 873 πλῆξιν
2355 804 2464 858 τῶν
2524 807 2729 873 γονέων
2778 807 3084 879 ἐργάσηται
3111 851 3125 876 ,
3165 812 3260 865 καὶ
3311 815 3369 866 ἐν
3401 813 3480 884 τῷ
3527 817 3688 886 γήρει

2101 892 2478 964 ἀπρονοήτους
2536 896 2644 951 ἑῶν
2692 898 2932 962 αὐτοὺς,
2997 902 3324 974 προσδράμῃ
3389 905 3445 958 δὲ
3500 906 3688 973 ἕτερον

2102 988 2397 1057 πρόσωπον
2436 990 2666 1056 οίονοῦν,
2707 991 3017 1062 ὑπηρετοῦν
3053 994 3261 1060 αὐτοῖς,
3311 996 3404 1048 καὶ
3467 997 3544 1058 ὡς
3589 998 3684 1051 ὑπ’

2101 1077 2267 1131 αὐτοῦ
2347 1079 2804 1151 εὐεργετηθέντες
2883 1083 3228 1154 κληρονόμον
3300 1088 3686 1154 ἐγκαταλιπεῖν

2103 1170 2235 1223 αὐτὸ
2262 1171 2360 1239 τῆς
2405 1172 2610 1236 οἰκείας
2641 1173 2939 1244 θελήσωσιν
2969 1177 3323 1242 ὑποστάσεως
3355 1179 3680 1250 ἐρρωμένην

2101 1260 2283 1313 αὐτῶν
2311 1261 2582 1332 ὑπάρχειν
2607 1263 2708 1334 τὴν
2737 1265 3017 1335 βούλησιν.

2170 1349 2220 1403 ι’.
2250 1352 2363 1413 Πᾶς
2385 1351 2722 1424 κληρονόμος
2741 1355 2801 1418 ἐξ
2820 1357 3098 1427 ἐγγράφου
3121 1359 3152 1432 ἢ
3175 1360 3271 1412 καὶ
3291 1360 3542 1432 ἀγράφου
3564 1363 3684 1417 δια-

2099 1441 2396 1506 συπὼσεως
2418 1444 2712 1515 ὑπέρθεσιν
2757 1447 2949 1518 μέχρις
2980 1450 3228 1505 ἐνιαυτοῦ
3256 1453 3449 1516 ποιῶν,
3486 1455 3582 1508 καὶ
3609 1457 3682 1509 τὰ

2099 1533 2197 1603 τῆς
2212 1534 2521 1606 βουλήσεως
2541 1538 2615 1606 μὴ
2634 1536 2881 1607 πληρῶν,
2901 1541 2949 1592 εί
2971 1541 3068 1611 μὲν
3082 1542 3323 1614 τέκνονῆ
3341 1543 3566 1614 ἔγγονον
3583 1548 3678 1600 τοῦ

2100 1626 2552 1699 τετελευτηκότος
2595 1631 2832 1700 ὑπάρχει
2871 1672 2884 1697 ,
2929 1633 3030 1702 τήν
3080 1635 3504 1706 ὲποφειλομένην
3533 1639 3681 1709 αὐτῷ

2097 1720 2331 1792 νόμιμον
2361 1723 2455 1775 καὶ
2487 1725 2649 1794 μόνον
2680 1723 2969 1793 κομίζεται
3005 1729 3222 1798 μοῖραν.
3252 1729 3313 1782 Εἰ
3345 1729 3404 1784 δὲ
3442 1731 3674 1801 νόμιμος

420 1802 487 1855 ad
516 1813 748 1871 quatuor
803 1821 974 1876 usque
1025 1807 1228 1864 liberos
1278 1811 1609 1875 extenditur,
1663 1824 1868 1886 partem
1917 1816 1988 1870 illi

2105 1811 2266 1879 μοῖρα
2290 1809 2396 1871 ἕως
2423 1812 2708 1880 τεσσάρων
2751 1813 2958 1867 παίδων
2987 1796 3016 1879 ,ἡ
3049 1796 3110 1869 se
3149 1816 3336 1887 τρίτον
3387 1796 3549 1890 μέρος
3576 1796 3680 1890 τῆς

419 1893 638 1960 capiunt
661 1897 971 1962 patrimonii
1007 1909 1250 1967 quartam
1281 1917 1296 1954 :
1331 1901 1571 1970 quinque
1599 1903 1756 1958 liberi
1777 1916 1831 1959 et
1868 1908 1999 1961 ulte.

419 1983 558 2047 rius,
587 1988 869 2044 semissem
893 1991 1186 2058 accipiunt.

492 2074 580 2128 Η.
608 2075 702 2130 Sin
745 2078 883 2132 alius
914 2081 1181 2149 quiSpiam
1224 2085 1559 2154 propinquus
1587 2096 1688 2152 est,
1723 2091 1998 2145 testatoris

420 2165 642 2220 omnino
670 2167 825 2220 bonis
848 2169 1084 2235 excidat,
1119 2187 1289 2242 eaque
1329 2175 1380 2227 iu
1430 2176 1648 2232 relictos
1679 2179 1778 2247 ipsi
1814 2181 1995 2236 cohae-

421 2257 597 2322 redes,
635 2257 942 2328 legatarios,
973 2262 1053 2317 vel
1087 2263 1223 2320 alios
1278 2266 1609 2336 propinquos
1657 2273 1995 2339 perveniant.

489 2432 578 2487 19...
604 2435 697 2489 Sin
731 2437 906 2492 haeres
935 2447 1192 2493 extranea
1228 2454 1457 2509 persona
1496 2451 1596 2506 est,
1627 2444 1716 2512 qui
1748 2446 1996 2502 volunta-

420 2530 523 2575 tem
554 2523 924 2593 diSpositionis
953 2528 1097 2584 illius
1127 2546 1236 2584 non
1271 2532 1479 2602 implet,
1545 2534 1798 2591 universa
1828 2552 1856 2591 a
1880 2553 1997 2606 pos-

415 2615 658 2670 sessione
675 2619 962 2686 spolietur.

485 2703 574 2756 15.
598 2702 651 2756 Si
679 2707 798 2772 quis
820 2707 873 2759 in
893 2721 1068 2776 pugna
1088 2710 1420 2776 vulneratus,
1448 2712 1532 2768 vel
1555 2714 1655 2769 iter
1676 2716 1993 2786 conficiens,

417 2807 446 2845 a
473 2803 646 2848 morte
699 2812 803 2850 non
835 2799 1022 2867 procul
1052 2801 1212 2866 absit,
1252 2817 1428 2874 neque
1481 2807 1645 2861 rebus
1677 2809 1790 2864 suis
1813 2810 1995 2880 dispo-
2029 2809 2050 2826 ‘

415 2886 546 2938 nere
577 2885 844 2956 voluerit;
879 2905 1064 2945 verum
1093 2903 1322 2964 utroque
1355 2911 1484 2952 casu
1510 2899 1994 2972 nullusjttrisperi-

415 2981 523 3040 tus,
560 2978 642 3031 vel
683 2978 820 3034 alius
848 2982 1121 3053 quispiam
1155 2987 1461 3055 reperiatur
1498 2991 1589 3060 qui
1647 2992 1862 3050 litteras
1891 3013 1993 3051 no-

415 3066 520 3118 rit:
548 3081 644 3134 per
694 3079 922 3136 septem,
955 3082 1048 3126 aut
1076 3075 1334 3146 quinque,
1369 3087 1548 3133 tresve
1593 3091 1780 3150 testes,
1806 3085 1993 3141 volun-

416 3167 580 3212 tatem
617 3174 768 3214 suam
792 3163 1028 3220 condat:
1059 3175 1220 3235 atque
1253 3169 1415 3225 etiam
1450 3186 1632 3227 coram
1677 3175 1907 3240 duobus,
1943 3181 1988 3233 si

412 3252 750 3318 reperiantur
786 3268 1015 3322 quorum
1070 3259 1278 3316 scilicet
1325 3278 1354 3317 a
1386 3263 1660 3334 judicibus
1691 3269 1988 3338 approbata

412 3343 478 3396 sit
506 3344 856 3403 existimatio.

944 3457 1245 3516 TlTULUS
1273 3462 1436 3518 XVII.

411 3556 490 3609 De
521 3557 667 3612 bom'r
721 3564 1177 3646 acquisititiis,de‘
1206 3567 1421 3646 quibus_
1446 3573 1633 3646 testari
1675 3575 1792 3644 quis
1819 3588 1990 3646 potest

331 3641 333 3644 ‘
766 3643 860 3684 aut
891 3634 1048 3686 etiam
1080 3638 1263 3688 testari
1301 3639 1631 3703 prohibetur.

481 3733 532 3787 1.
553 3733 890 3804 Acquisititia
913 3737 1050 3793 bona
1073 3743 1374 3796 castrensia
1397 3757 1548 3814 sunt,
1569 3763 1687 3818 qua!
1704 3753 1906 3812 milites
1931 3759 1984 3812 in

411 3825 579 3892 patris
596 3835 649 3878 et
674 3827 757 3879 avi
783 3835 1054 3896 potestate
1079 3832 1382 3896 constituti,
1412 3849 1478 3890 ex
1509 3852 1567 3892 re
1595 3855 1691 3894 sua
1721 3829 1985 3902 castrensi

408 3917 814 3985 acquisiveriut,
848 3931 902 3974 et
948 3921 1013 3974 de
1053 3923 1249 3992 quibus
1295 3928 1480 3983 testari
1517 3942 1763 4000 possunt,
1821 3935 1981 3992 etiam

407 4026 529 4066 cum
565 4013 677 4068 suis
698 4013 752 4068 in
779 4017 1102 4074 stationibus
1133 4021 1350 4091 degunt,
1384 4024 1632 4080 videlicet
1663 4043 1786 4082 eum
1830 4031 1984 4098 prius

408 4102 582 4156 relata
614 4104 681 4159 de
711 4108 968 4174 perfectis
999 4115 1342 4167 testamentis
1369 4115 1775 4174 observatione.
1823 4119 1982 4186 Quod

407 4193 537 4247 side
558 4196 748 4250 horum
776 4199 1008 4253 militum
1025 4201 1304 4257 voluntate
1326 4217 1414 4257 res
1437 4205 1626 4261 isthaac
1647 4209 1981 4278 acquisititia

405 4287 762 4353 expendatur,
784 4288 1028 4345 hatredes
1047 4290 1167 4358 ejus
1199 4293 1323 4348 inde
1351 4293 1643 4365 legitimam
1671 4300 1976 4367 portionem

407 4386 588 4444 petere
625 4389 895 4448 nequeunt
921 4398 936 4435 :
960 4383 1056 4436 sed
1085 4382 1136 4436 in
1163 4383 1402 4453 ipsorum
1431 4395 1514 4441 est
1541 4396 1828 4457 potestate,
1854 4391 1982 4448 huic

2102 1900 2470 1966 ὑποστάσεως·
2522 1903 2631 1958 ἀπὸ
2659 1904 2716 1957 δὲ
2744 1905 2909 1960 πέντε
2954 1906 3050 1960 καὶ
3087 1907 3220 1998 ἄνω,
3250 1909 3349 1980 τῆς
3380 1909 3575 1980 ἥμισυ.

2175 2079 2266 2135 ια’.
2301 2083 2365 2135 Εἰ
2395 2081 2450 2135 δὲ
2485 2082 2674 2154 ἕτερός
2717 2101 2803 2148 τις
2837 2087 3108 2158 συγγενής
3136 2088 3272 2153 ὲστι,
3301 2091 3401 2159 τῆς
3428 2089 3522 2142 τοῦ
3558 2091 3681 2144 δια-

2099 2174 2387 2244 τιθεμένου
2446 2176 2728 2239 παντελῶς
2806 2178 3120 2232 ὲκπιπτέτω
3175 2181 3495 2250 περιουσίας
3525 2223 3540 2245 ,
3584 2185 3680 2237 καὶ

2097 2261 2267 2316 ταῦτα
2296 2265 2376 2328 είς
2401 2265 2528 2328 τοὺς
2559 2266 2823 2330 ὲαθέντιις
2851 2267 3000 2338 αὐτῷ
3033 2269 3496 2339 συγκληρονόμοις
3526 2310 3539 2331 ,
3585 2273 3676 2323 λε-

2100 2356 2418 2425 γαταρίους,
2461 2357 2492 2427 ἢ
2529 2358 2620 2410 καὶ
2659 2359 2880 2430 ἐτέρους
2941 2363 3223 2429 συγγενεῖς
3275 2363 3670 2432 περιερχέσθω.

2176 2443 2262 2514 ιβ’.
2297 2447 2358 2499 Εί
2385 2447 2440 2500 δὲ
2486 2449 2637 2514 ξένον
2683 2450 2979 2519 πρόσωπόν
3019 2453 3166 2505 ἐστιν
3193 2455 3221 2506 ὁ
3274 2453 3628 2525 κληρονόμος,
3651 2456 3680 2507 ὁ

2097 2536 2165 2589 τὰ
2211 2538 2310 2607 τῆς
2371 2539 2629 2610 τοιαύτης
2679 2540 3066 2606 διατυπώσεως
3127 2545 3204 2616 μὴ
3267 2546 3513 2617 πληρῶν,
3580 2548 3680 2620 τῆς

2099 2629 2320 2698 ἀπάσης
2349 2630 2679 2702 διακατοχῆς
2713 2634 2947 2702 γινέσθω
2991 2636 3291 2708 ἀλλότριος.

2173 2719 2259 2788 ιγ’.
2308 2723 2434 2775 Ἐάν
2468 2741 2553 2786 τις
2581 2725 2641 2778 ὲν
2692 2724 2915 2796 πολέμῳ
2953 2728 3209 2798 πληγεὶς,
3261 2730 3293 2801 ἢ
3340 2732 3436 2785 καὶ
3481 2733 3539 2786 έν
3571 2735 3675 2803 ὁδῷ

2097 2815 2437 2882 περιπατῶν,
2492 2815 2629 2886 πρὸς
2687 2817 2750 2870 τὸ
2800 2817 2980 2871 θανεῖν
3029 2820 3260 2888 ἐγγίσει,
3299 2824 3391 2875 καὶ
3431 2824 3500 2877 τὰ
3553 2827 3678 2880 καθ’

2098 2902 2286 2956 ἑαυτὸν
2339 2903 2572 2977 βουληθῇ
2643 2907 3022 2963 διατυπῶσαι·
3070 2910 3157 2964 ἐπ’
3219 2911 3564 2984 ἀμφοτέρους
3615 2918 3673 2974 δὲ

2097 2993 2344 3063 νομικὸς,
2369 2996 2400 3065 ἢ
2433 2996 2621 3066 ἕτερός
2652 3017 2734 3062 τις
2760 2999 2834 3071 μὴ
2855 3000 3078 3072 εὑρεθῇ,
3104 3003 3467 3074 ἐπιστάμενος
3496 3008 3677 3080 γράμ-

2099 3102 2263 3154 ματα*
2321 3087 2388 3139 δι’
2439 3089 2599 3154 ἑπτὰ,
2632 3089 2665 3160 ἢ
2702 3091 2863 3144 πέντε
2892 3132 2908 3158 ,
2947 3093 2978 3165 ἢ
3013 3094 3179 3165 τριῶν
3229 3099 3525 3170 μαρτύρων
3566 3101 3666 3171 τὴν

2098 3175 2306 3229 οἰκείαν
2350 3178 2574 3232 ποιείτω
2629 3179 2907 3252 βούλησινο
2945 3184 3039 3236 ἐπὶ
3086 3185 3182 3238 καὶ
3228 3187 3352 3251 δύο,
3397 3189 3494 3244 ἐὰν
3523 3192 3676 3260 εὑρε-

2093 3267 2259 3322 θῶσιν
2283 3285 2298 3300 ο
2350 3270 2450 3341 τῆς
2483 3271 2689 3326 τούτων
2724 3273 2968 3344 δηλονότι
3003 3277 3109 3330 ὑπὸ
3141 3279 3434 3350 ἀκροατῶν
3454 3281 3668 3336 δεδοκι-

2103 3359 2391 3429 μασμένης
2425 3361 2770 3432 προλήψεως.

2696 3473 2944 3526 ΤΙΤΛΟΣ
2981 3477 3080 3532 IZ'.

2095 3579 2237 3647 Περὶ
2291 3577 2640 3650 ιδιοκτήτων
2682 3581 3060 3650 πραγμάτων,
3109 3586 3196 3649 εις
3222 3582 3262 3637 ἃ
3305 3585 3674 3646 διατίθεσθαι

2417 3648 2676 3702 δύναται
2700 3648 2876 3720 τις-,ἣ
2910 3653 3010 3706 καὶ
3043 3648 3354 3710 κωλύεται.

2162 3752 2229 3809 α’.
2262 3753 2638 3824 Στρατιωτικὰ
2674 3754 2948 3826 ίδιόκτητα
2980 3757 3283 3826 πράγματά
3321 3761 3480 3822 εἰσιν.
3517 3763 3660 3832 ἆπερ

2096 3843 2146 3896 οἱ
2191 3842 2522 3915 στρατιῶται
2550 3844 2860 3911 ὑπεξούσιοι
2892 3845 3045 3908 ὄντες
3068 3847 3238 3917 πατρί
3260 3863 3321 3900 τε
3342 3850 3438 3901 καὶ
3458 3851 3672 3922 πάππῳ

2093 3930 2160 3983 ὲκ
2201 3933 2292 3984 τοῦ
2321 3933 2714 4000 στρατιωτικοῦ
2761 3933 2940 3987 αὐτῶν
2976 3935 3300 4004 πράγματος
3331 3938 3670 4008 ἐπικτήσων-

2093 4035 2207 4084 ται,
2273 4020 2357 4083 είς
2398 4019 2434 4074 ἃ
2479 4019 2814 4076 διατίθεσθαι
2855 4023 3130 4091 δύνανται,
3191 4027 3286 4079 καὶ
3345 4028 3403 4080 ὲν
3437 4030 3670 4095 σεδέτοις

2092 4108 2371 4177 διάγοντες
2401 4147 2416 4172 ,
2472 4111 2714 4180 δηλονότι
2780 4113 2921 4183 μετὰ
2978 4114 3077 4184 τῆς
3147 4121 3666 4192 προαναφερομένης

2091 4201 2223 4269 ’περι⁵
2260 4200 2370 4252 τῶν
2399 4202 2631 4256 ἐντελῶν
2657 4203 2933 4274 διαθηκῶν
2982 4209 3446 4280 παρατηρήσεως.
3483 4213 3669 4266 Δαπα-

2092 4292 2338 4362 νωμένου
2363 4293 2418 4348 δὲ
2443 4295 2532 4348 διὰ
2561 4296 2660 4363 τῆς
2696 4295 3007 4368 βουλήσεως
3041 4299 3222 4353 αὐτῶν
3274 4302 3369 4354 τοῦ
3423 4305 3662 4360 τοιούτου

2093 4382 2392 4452 ίδιοκτήτου
2442 4387 2792 4457 πράγματος,
2832 4388 2908 4459 μὴ
2938 4389 3201 4445 δύνασθαι
3243 4396 3371 4459 τοὺς
3405 4395 3665 4467 κληρονό-

404 4478 495 4521 aut
516 4469 587 4523 illi
617 4472 839 4538 donare,
877 4473 958 4528 vel
980 4489 1078 4544 per
1111 4491 1421 4545 supremam
1451 4478 1783 4536 voluntatem
1815 4497 1970 4538 suam

2093 4492 2218 4541 touc
2242 4475 2407 4529 αὐτοϋ
2451 4476 2510 4542 ὲξ
2537 4477 2702 4531 αὐτοῦ
2745 4479 2843 4548 τὴν
2883 4480 3116 4550 νόμιμον
3149 4485 3343 4552 μοῖραν
3381 4487 3661 4540 ἀπαιτεῖν⁹

403 4561 460 4615 in
493 4564 723 4620 solidum
747 4582 858 4622 rem
877 4569 1266 4638 acquisititiam
1295 4572 1618 4643 relinquere.
1642 4576 1780 4643 Quin
1809 4579 1974 4634 etiam

400 4663 523 4722 post
553 4667 780 4711 mortem
819 4671 1126 4729 parentum,
1169 4679 1273 4718 non
1304 4665 1465 4721 veluti
1496 4667 1634 4722 bona
1665 4680 1889 4738 paterna
1921 4674 1976 4729 in

402 4743 744 4801 collationem
776 4751 1018 4819 veniunt,
1059 4763 1152 4809 aut
1172 4755 1488 4814 dividuntur
1523 4779 1537 4816 :
1569 4761 1666 4816 sed
1697 4775 1975 4835 exempta,

402 4837 712 4906 specialiter
761 4855 1130 4912 agnoscuntur
1167 4849 1232 4903 ad
1269 4848 1441 4919 ipsius
1483 4853 1674 4909 militis
1704 4856 1977 4926 pertinere

400 4941 712 4997 personam.

469 5106 524 5160 2.
549 5107 702 5176 Quod
745 5113 788 5167 si
837 5113 1006 5170 relicti
1037 5116 1237 5174 fuerint
1267 5121 1460 5180 fratres
1491 5135 1614 5196 post
1645 5126 1848 5184 obitum
1880 5145 1976 5199 pa-

2077 4565 2214 4618 ἁλλὰ
2247 4567 2306 4619 ὲν
2340 4566 2564 4639 ἐξουσίᾳ
2595 4568 2781 4622 αὐτῶν
2819 4563 2962 4622 εἶναι
2998 4570 3073 4641 τῷ
3096 4573 3324 4642 τοιούτῳ
3351 4575 3662 4647 δωρεῖσθαι,

2076 4656 2110 4728 ἢ
2145 4657 2240 4711 καί
2282 4657 2371 4711 διὰ
2403 4657 2714 4729 βουλήσεως
2753 4660 2922 4716 αὐτοῦ
2959 4663 3399 4732 καταλιμπάνειν
3425 4669 3662 4733 ἐντελῶς

2081 4744 2387 4817 ίδιόκτητον
2447 4750 2703 4818 πρᾶγμα.
2763 4749 2876 4803 Καὶ
2933 4751 3072 4820 μετὰ
3115 4752 3370 4824 τελευτήν
3414 4755 3482 4808 δὲ
3543 4760 3654 4812 τῶν

2077 4835 2244 4889 αὑτοῦ
2279 4837 2479 4905 γονέων
2517 4839 2592 4910 μὴ
2627 4839 2704 4902 ὠς
2751 4841 2985 4913 πατρῷα
3011 4842 3174 4896 αὑτοῦ
3206 4847 3654 4917 συνεισάγεσθαι,

2076 4929 2488 5002 ᾒδιαιρεῖσθαιο
2548 4930 2665 4984 ἀλλ’
2709 4931 3007 5004 ἐξαιρέτως
3051 4935 3129 5005 τῷ
3179 4937 3331 5009 ιδικῷ
3360 4940 3525 4995 αὑτοῦ
3565 4945 3657 4997 καὶ

2078 5019 2224 5088 μόνῳ
2250 5018 2614 5090 γνωρίζεσθαι
2644 5021 2948 5094 προσώπῳ.

2148 5111 2213 5180 β’.
2275 5113 2338 5166 Εἰ
2385 5113 2442 5165 δὲ
2472 5114 2910 5182 καταλειφθῶσιν
2943 5116 3165 5185 ἀδελφοὶ
3211 5120 3354 5173 κατὰ
3400 5120 3654 5195 τελευτὴν

400 5211 611 5256 rentum
638 5204 896 5274 ipsorum,
923 5217 977 5263 et
1007 5223 1071 5263 ex
1095 5211 1175 5266 eis
1197 5215 1460 5285 quispiam
1487 5217 1815 5286 militaverit,
1838 5221 1974 5276 alter

2093 5202 2182 5256 τῶν
2210 5204 2410 5270 γονέων
2445 5203 2648 5270 αὐτῶν,
2685 5205 2779 5257 καί
2829 5222 2914 5269 τις
2968 5205 3027 5273 ἐξ
3058 5208 3240 5261 αὐτῶν
3272 5213 3599 5285 στρατευθῇ,
3625 5216 3655 5269 ὁ

397 5295 541 5350 domi
575 5299 855 5366 manserit,
911 5301 956 5356 si
1001 5313 1154 5373 parta
1188 5307 1430 5374 quaedam
1467 5308 1608 5362 inter
1639 5324 1698 5364 se
1721 5309 1969 5380 fecerint,

399 5399 514 5443 rata
551 5401 708 5446 sunto
734 5393 799 5448 de
827 5395 1020 5464 quibus
1048 5396 1186 5452 inter
1213 5398 1358 5466 ipsos
1385 5402 1720 5456 convenerit.

466 5567 519 5620 ὃ.
554 5567 648 5623 Sin
707 5572 810 5626 hoc
851 5573 1054 5641 absque
1106 5572 1208 5628 ulla
1243 5575 1603 5630 conventione
1642 5576 1887 5645 fecerint,
1919 5589 1974 5635 et

2072 5294 2128 5348 δὲ
2173 5295 2358 5366 ἕτερος
2420 5298 2577 5368 μείνῃ
2637 5296 2694 5348 έν
2739 5295 2818 5368 τῷ
2895 5298 3028 5368 οἴκῳ
3060 5315 3074 5327 ·
3116 5302 3165 5352 εί
3222 5302 3321 5372 μὲν
3387 5303 3654 5376 σύμφωνα

2074 5387 2342 5455 ποιήσωσι
2386 5385 2509 5456 μετ’
2555 5385 2827 5457 ἀλλήλων,
2861 5387 2933 5440 τὰ
2972 5390 3180 5458 μεταξὺ
3213 5392 3398 5447 αὐτῶν
3451 5412 3654 5467 στοιχι-

2077 5477 2269 5533 σθέντα
2297 5478 2694 5548 κρατείτωσαν.

2143 5571 2215 5640 γ’.
2253 5572 2314 5624 El
2339 5571 2396 5624 δὲ
2447 5571 2807 5643 άστοιχίστως
2842 5571 3000 5628 τοῦτο
3037 5576 3329 5646 ποιήσωσι,
3361 5579 3454 5631 καὶ
3487 5577 3648 5650 μέχρι

397 5665 571 5722 usque
591 5657 658 5711 ad
689 5661 1009 5716 decennium
1030 5663 1097 5716 ab
1127 5676 1192 5716 eo
1221 5672 1479 5731 tempore,
1509 5679 1615 5732 quo
1646 5681 1780 5722 unus
1808 5683 1873 5722 ex
1890 5669 1970 5724 eis

2093 5663 2393 5730 ῑεκαετίας,
2443 5664 2582 5732 μετὰ
2637 5664 2696 5717 τὸ
2751 5666 3151 5735 στρατευθῆναι
3188 5667 3284 5720 ἕνα
3335 5670 3392 5735 ἐξ
3443 5669 3644 5735 αὐτῶν,

399 5742 606 5798 militia:
636 5760 692 5803 se
728 5747 892 5810 dedit,
929 5751 980 5802 in
1013 5764 1072 5803 ea
1127 5753 1386 5808 societate
1433 5755 1699 5809 vixerint:
1764 5758 1965 5821 onmia,

2075 5756 2400 5824 ουζὴσουσιν
2431 5769 2442 5782 ·
2477 5751 2694 5807 ἅπαντα
2746 5753 2813 5808 τὰ
2861 5755 3231 5824 έπικτηθέντα
3277 5759 3481 5826 αὐτοῖς,
3533 5758 3643 5814 εἴτε
