4058 6212
362 356 468 421 509

1628 355 2019 417 DELECTUS
2064 359 2353 420 LEGUM.

3504 357 3610 436 διο

352 471 462 527 ἀπὸ
502 470 704 540 ρογῶν,
745 470 858 523 εἴτε
912 468 1025 523 ἀπὸ
1078 466 1343 538 καμάτων
1386 466 1481 519 τοῦ
1522 467 1704 520 κοινοῦ
1751 468 1927 521 αὐτῶν

2030 485 2150 539 qna:
2185 473 2252 523 ab
2290 471 2371 523 eis
2400 471 2664 535 acquisita
2699 478 2850 532 sunt,
2883 469 2996 523 sive
3027 485 3092 524 ex
3145 470 3430 537 Stipendiis
3465 472 3610 526 mili-

352 565 525 626 οἴκου,
561 563 658 616 καὶ
691 560 930 629 σπουδῆς
958 560 1053 615 τοῦ
1094 562 1152 615 ἐν
1178 560 1256 630 τῷ
1292 558 1428 629 οἴκῳ
1454 559 1741 629 μείναντος
1773 559 1929 612 ἁδελ-

354 654 479 724 φοῦ,
514 654 547 724 ἢ
576 653 844 721 ἀδελφῶν,
880 652 939 717 ἐξ
970 652 1090 723 ἴσης
1124 652 1218 706 καὶ
1242 651 1333 704 ἐπ’
1376 650 1496 721 ῐσης
1526 651 1722 720 μοίρας
1762 650 1929 719 κομί-

356 747 545 811 ζεσθαι
576 747 796 808 αὐτούς.

426 928 488 981 δ’.
518 927 671 981 Μετά
702 926 759 979 δέ
791 926 887 994 τὴν
910 923 1197 978 δεκαετίαν
1226 924 1332 987 ἓως
1360 922 1564 994 ἐτέρων
1600 922 1769 993 τριῶν
1798 923 1928 992 χρόο

358 1010 463 1071 νων
493 1016 779 1081 συζώντων
806 1013 984 1068 αὐτῶν
1028 1015 1147 1083 μετ’
1185 1014 1453 1083 ἀλλήλων,
1487 1015 1539 1066 εί
1579 1014 1719 1084 μετὰ
1755 1013 1929 1066 ταῦτα

361 1109 541 1178 συμεῇ
594 1106 793 1169 αὐτοὺς
824 1105 920 1158 ἀπ’
972 1104 1222 1173 ἀλλήλων
1280 1105 1644 1175 διαιρεθῆναι,
1676 1103 1931 1174 ἐπαίρειν

358 1204 448 1255 τὸν
485 1199 825 1270 στρατιώτην
854 1197 1153 1267 ἐξαιρέτως
1196 1196 1259 1250 τὺ
1292 1196 1553 1267 ίππάριον
1606 1195 1796 1261 αὐτοῦ,
1829 1197 1929 1250 σὺν

356 1292 433 1360 τῷ
460 1289 835 1360 σελλοχαλίνῳ,
880 1287 977 1341 καὶ⁵
1032 1287 1093 1339 τὸ
1125 1286 1277 1357 ἅρμα
1314 1286 1501 1351 αὑτοῦ,
1548 1286 1645 1338 καὶ
1696 1286 1814 1352 ἐὰν,
1850 1286 1931 1348 ὡς

358 1381 520 1445 εἰκὸς,
558 1382 905 1449 ἐπεκτήσατο
932 1376 1174 1447 λωρίκην
1211 1377 1308 1429 καὶ
1338 1376 1522 1446 μόνον.
1566 1376 1645 1428 Τὰ
1680 1374 1737 1427 δὲ
1766 1374 1932 1428 λοιπὰ

355 1474 531 1527 πάντα
571 1471 893 1542 μερίζεσθαι
944 1470 1145 1532 αὐτοὺς
1201 1467 1507 1534 ἀδελφικῶς
1562 1468 1651 1521 ἐπ’
1679 1466 1801 1536 ῐσης
1837 1466 1932 1521 καὶ

355 1563 414 1628 ἐξ
446 1563 566 1631 ἴσης
609 1562 824 1631 μοίρας.

426 1662 485 1708 ε’.
550 1654 614 1707 Εἰ
652 1654 710 1707 δέ
750 1652 844 1705 καὶ
902 1650 1158 1704 ἐπέκεινα
1194 1649 1303 1703 τῶν
1353 1648 1485 1701 δέκα
1522 1647 1690 1719 τριῶν
1727 1645 1932 1718 χρόνων

356 1742 635 1811 συζήσωσι
669 1741 784 1810 μετ’
814 1739 1081 1810 ἀλλήλων,
1118 1738 1213 1792 καὶ
1263 1737 1461 1809 εὑρεθῇ
1492 1738 1543 1790 τί
1574 1755 1701 1791 ποτε
1729 1739 1794 1790 ἐκ
1821 1736 1932 1790 τῶν

2032 562 2258 624 taribus,
2283 562 2399 614 sive
2415 575 2480 613 ex
2509 560 2780 613 laboribus
2803 560 3108 614 communis
3133 560 3367 628 ipsorum
3394 562 3608 630 domus,

2028 663 2086 708 et
2139 668 2231 722 per
2266 652 2582 705 industriam
2630 651 2820 706 fratris
2866 662 2961 705 aut
3008 645 3255 719 fratrum,
3320 655 3411 722 qui
3464 655 3610 710 domi

2033 751 2353 797 manserunt
2407 756 2473 797 ex
2519 757 2670 810 aequa
2736 751 2790 796 et
2825 743 2877 795 in
2939 758 3091 812 aequa
3149 745 3398 813 portione
3462 747 3610 800 acci-

2031 835 2203 904 piant.

2104 925 2161 979 4.
2194 925 2329 994 Ipsis
2384 934 2567 978 autem
2608 934 2733 992 post
2778 923 2906 977 illud
2959 924 3276 979 decennium
3344 941 3515 994 usque
3542 927 3609 980 ad

2032 1016 2170 1071 alios
2203 1024 2311 1071 tres
2337 1031 2508 1071 annos
2565 1016 2706 1069 inter
2737 1030 2796 1069 se
2821 1031 2925 1068 una
2966 1016 3290 1080 viventibus,
3324 1018 3369 1072 si
3413 1019 3611 1074 deinde

2032 1108 2327 1178 contigerit
2372 1123 2467 1163 eos
2518 1108 2585 1163 ab
2619 1122 2677 1162 se
2708 1108 2939 1161 invicem
2983 1105 3235 1177 disjungi,
3278 1108 3432 1163 miles
3466 1110 3610 1163 velut

2034 1208 2345 1266 exemptum
2377 1198 2651 1267 quiddam,
2683 1212 2877 1266 equum
2905 1212 3058 1251 suum
3088 1196 3297 1251 auferat
3325 1213 3444 1252 cum
3477 1200 3608 1253 sella

2033 1300 2089 1344 et
2116 1289 2304 1353 l'rzrno,
2338 1290 2573 1358 itemque
2607 1305 2825 1343 currum
2862 1304 3041 1354 suum,
3065 1299 3119 1344 et
3146 1290 3367 1344 loricam
3392 1292 3607 1344 dumta-

2033 1389 2147 1444 xat,
2182 1382 2226 1434 si
2267 1381 2482 1449 quidem
2531 1381 2668 1436 hanc
2698 1396 2799 1437 ceu
2826 1382 2974 1436 credi
3022 1396 3120 1450 par
3147 1392 3250 1446 est,
3299 1382 3604 1449 acquisivit.

2040 1470 2263 1539 Reliqua
2288 1473 2466 1525 omnia
2488 1471 2724 1526 fraterne
2753 1472 2804 1527 in
2823 1487 2977 1541 aequa
3004 1481 3059 1527 et
3089 1488 3155 1528 ex
3185 1487 3337 1540 aqua
3361 1474 3607 1541 portione

2039 1561 2184 1615 inter
2215 1576 2272 1614 se
2298 1563 2627 1630 partiamur.

2110 1657 2163 1718 5.
2193 1653 2343 1720 Quod
2372 1653 2416 1707 si
2442 1654 2603 1707 etiam
2636 1654 2778 1708 ultra
2799 1654 2916 1708 illos
2942 1655 3008 1707 15
3035 1670 3205 1709 annos
3235 1656 3377 1709 inter
3394 1671 3452 1710 se
3472 1670 3607 1710 con-

2037 1742 2292 1805 vixerint,
2331 1750 2385 1795 et
2421 1741 2795 1809 deprehensus
2840 1741 3003 1796 fuerit
3063 1744 3265 1811 aliquid
3316 1745 3607 1812 aliquando

359 1806 499 1900 μετᾶ
544 1806 717 1882 ταῦτα
777 1806 955 1899 ρογῶν
1003 1828 1187 1891 αὐτοῖς
1215 1806 1927 1898 [αὐτ-οὔτίἐπικτησιίιμενος¹

2036 1848 2102 1889 ex
2132 1832 2434 1889 numeratis
2475 1806 2658 1901 positea
2705 1832 2991 1900 stipendiis
3040 1806 3423 1903 acquisivisse:
3463 1836 3607 1901 quod

358 1922 450 1976 καὶ
500 1920 751 1985 σώζεται·
808 1920 903 1973 καὶ
959 1919 1117 1973 τοῦτο
1161 1919 1482 1990 κομίζεσθαι
1540 1919 1737 1984 αὐτόν’
1776 1918 1843 1971 τὰ
1878 1918 1935 1971 δέ

359 2012 583 2082 προνοίᾳ
611 2011 745 2066 Θεοῦ
776 2010 1139 2080 ἐπικτηθέντα
1166 2009 1315 2078 αὐτῷ
1344 2011 1409 2061 ἐκ
1455 2008 1681 2079 τρώπης
1722 2008 1938 2079 ἡμέρας

359 2103 452 2155 τοῦ
487 2105 647 2157 αὐτὸν
701 2104 1117 2175 στρατευθῆναι,
1147 2102 1254 2154 ἀπό
1285 2118 1346 2153 τε
1374 2101 1585 2153 σκύλων
1615 2100 1708 2152 καὶ
1736 2099 1938 2168 φιλοτι-

362 2193 525 2261 μιῶν,
590 2194 685 2249 καὶ
720 2194 973 2258 σώζεται,
1010 2192 1304 2247 καὶταῦτα
1346 2189 1545 2261 ὁμοίως
1584 2188 1729 2259 ἐχειν
1778 2188 1938 2242 αὐτὸν

356 2282 672 2353 ἐξαιρέτως.

429 2380 505 2437 ς’.
537 2373 804 2444 Κληρικοὶ
830 2374 907 2435 δὲ,
931 2373 1025 2428 καὶ
1042 2372 1442 2444 χαρτουλάριοι,
1462 2373 1496 2442 ἢ
1529 2372 1622 2426 καὶ
1649 2371 1826 2441 ἕτεροί
1855 2387 1931 2422 τι-

357 2482 453 2528 νες
490 2466 555 2516 ἐκ
600 2466 822 2532 γονικῆς
867 2464 1287 2532 στρατευόμενοι
1330 2462 1701 2524 ὑποστάσεως,
1751 2462 1800 2512 εἰ
1834 2460 1933 2529 μὲν

354 2552 713 2615 τελευτῶντες
741 2553 789 2604 οἱ
814 2553 989 2620 γονεῖς
1014 2549 1192 2605 αὐτῶν
1215 2549 1280 2602 δι’
1303 2549 1523 2616 ἀγάπην
1573 2546 1667 2601 καὶ
1695 2545 1920 2616 εὐχαρι·

356 2647 508 2700 στίαν
535 2645 596 2698 τὸ
632 2644 783 2698 δοθὲν
811 2644 951 2714 ὑπὲρ
977 2644 1074 2713 τῆς
1100 2643 1304 2695 τούτων
1346 2640 1634 2712 στρατείας
1664 2638 1931 2708 θελήσωσι

354 2733 432 2803 τῷ
466 2730 845 2801 στρατευθέντι
878 2729 1339 2801 ἀποχαρίσασθαι,
1390 2727 1679 2799 κυρούσοω
1726 2725 1930 2779 τούτων

457 2839 694 2886 ουΑησις.

358 2826 392 2895 ὴ
423 2825 694 2894 βούλησις.

428 2927 493 2992 ζ’.
524 2928 584 2980 Ei
618 2927 674 2979 δέ
706 2924 872 2996 μηδὲν
903 2923 1030 2994 περὶ
1061 2924 1251 2976 τούτου
1277 2922 1519 2986 εἰπόντες
1546 2922 1929 2991 τελευτήσωσι,

358 3020 451 3075 καὶ
464 3018 700 3087 τὴνπερὶ
718 3016 816 3085 τῆς
834 3017 1089 3081 τοιαύτης
1108 3014 1404 3083 ποσότητος
1421 3014 1633 3082 κίνησιν
1656 3015 1929 3081 ποιήσωσι

2033 1923 2209 1979 adhuc
2240 1924 2475 1992 supersit
2514 1923 2655 1976 :hoc
2680 1922 2855 1991 ipsum
2900 1937 3116 1991 quoque
3141 1923 3243 1977 sibi
3277 1923 3493 1977 habeat.
3537 1923 3606 1977 Et

2032 2032 2151 2085 quae
2178 2030 2271 2086 per
2308 2015 2402 2070 Dei
2443 2014 2841 2085 providentiam
2870 2013 2994 2068 inde
3041 2028 3213 2082 usque
3249 2029 3279 2067 a
3304 2014 3480 2083 primo
3516 2014 3606 2067 die

2034 2106 2238 2161 militiae
2266 2121 2378 2160 sua:
2431 2106 2742 2173 acquisivit,
2783 2114 2889 2158 tam
2926 2118 2989 2156 ex
3032 2103 3239 2173 spoliis,
3264 2119 3423 2172 quam
3454 2105 3607 2173 prin-

2030 2197 2212 2264 cipum
2253 2195 2653 2266 largitionibus,
2674 2195 2838 2250 etiam
2868 2210 3006 2249 nunc
3024 2195 3292 2263 exstantia
3320 2211 3333 2261 ;
3355 2194 3606 2249 similiter

2030 2284 2175 2339 velut
2203 2286 2401 2339 eximia
2425 2284 2698 2339 retinebit.

2102 2376 2154 2429 6.
2179 2376 2416 2431 Clericos
2450 2390 2576 2430 vero
2602 2387 2653 2430 et
2689 2376 3082 2440 Chartularios,
3129 2376 3212 2431 vel
3262 2377 3423 2431 etiam
3468 2376 3604 2431 alios

2028 2466 2311 2536 quosdam,
2370 2482 2434 2520 ex
2477 2467 2799 2535 patrimonio
2841 2476 3066 2535 paterno
3110 2465 3423 2530 militantes,
3459 2469 3603 2535 quod

2028 2560 2259 2623 attinet;
2292 2559 2338 2613 si
2373 2544 2694 2613 accedentes
2730 2572 2916 2612 eorum
2954 2566 3205 2627 parentes
3236 2557 3519 2612 charitatis
3548 2564 3605 2611 et

2029 2649 2322 2723 gratiarum
2379 2649 2605 2704 actionis
2661 2665 2814 2718 ergo,
2865 2651 3008 2719 quod
3065 2649 3343 2704 solverunt
3388 2648 3603 2703 illorum

2029 2743 2238 2797 militia:
2281 2756 2443 2797 causa
2486 2742 2794 2796 condonare
2819 2740 3353 2797 voluerintmilitiam
3376 2751 3601 2795 secuto:

2030 2842 2146 2887 rata
2177 2831 2424 2886 voluntas
2449 2847 2633 2887 eorum
2667 2840 2806 2887 esto.

2099 2940 2149 2992 7.
2176 2938 2328 3003 Quod
2354 2939 2400 2993 si
2427 2939 2573 2992 nulla
2590 2938 2748 3007 hujus
2773 2939 3045 2993 mentione
3069 2938 3208 2992 facta
3239 2935 3603 3001 decesserint,

2030 3035 2083 3080 et
2114 3029 2379 3082 actionem
2411 3028 2475 3081 de
2500 3025 2809 3091 huiusmodi
2863 3042 3095 3092 summa,
3133 3027 3380 3081 militiam
3416 3035 3604 3080 secuto

354 3111 433 3181 τῷ
468 3108 847 3178 στρατευθέντι
879 3108 929 3161 οἱ
980 3106 1407 3175 συγκληρονόμοι
1463 3104 1633 3157 αὑτοῦ
1668 3122 1679 3134 -
1718 3102 1925 3170 λογίζει

2030 3116 2343 3171 cohaeredes
2372 3117 2671 3170 moverint:
2699 3126 2953 3185 computa
2964 3131 3020 3169 re
3040 3116 3256 3182 debent,
3279 3131 3397 3184 quae
3416 3130 3480 3170 ex
3503 3115 3605 3168 hac

360 3203 481 3256 σθαι
512 3201 706 3263 αὐτοὺς
748 3198 815 3252 τὰ
844 3196 951 3251 ἀπὸ
981 3198 1077 3266 τῆς
1105 3195 1361 3265 τοιαύτης
1398 3194 1684 3264 στρατείας
1710 3192 1930 3263 περιελ-

357 3296 519 3351 θόντα
556 3296 637 3358 είς
672 3293 763 3346 τὸν
795 3293 971 3346 αὐτῶν
1017 3289 1252 3359 πατέρα,
1306 3287 1404 3342 καὶ
1434 3289 1501 3340 τὰ
1544 3285 1929 3357 περιττεύοντα

358 3390 423 3443 ἐκ
440 3388 539 3456 τῆς
561 3385 807 3453 δοθείσης
834 3384 1127 3447 ποσότητος
1148 3382 1228 3445 είς
1257 3380 1317 3433 τὸ
1344 3378 1582 3432 τοιοῦτον
1615 3379 1927 3450 στράτευμα

359 3476 806 3549 συνεισφέρεσθαι
854 3477 919 3545 τῇ
976 3474 1135 3545 λοιπῇ
1180 3472 1496 3537 ὑποστάσει,
1549 3471 1646 3526 καὶ
1686 3469 1927 3524 συνδιαιο

362 3570 591 3641 ρείσθαι.

426 3661 497 3731 η’.
532 3662 595 3715 Εἰ
634 3660 712 3727 δὲ,
755 3660 832 3723 ὡς
883 3658 1050 3722 εἰκὸς,
1101 3653 1395 3725 ἐπληρώθη
1432 3653 1518 3706 διὰ
1562 3652 1653 3705 τοῦ
1681 3650 1925 3707 τοιούτου

360 3749 764 3819 στρατεύματος
809 3748 843 3815 η
882 3744 1094 3797 δοθεῖσα
1149 3743 1403 3809 ποσότης,
1432 3742 1507 3808 μὴ
1549 3741 1692 3811 ἔχειν
1736 3739 1925 3792 ἄδειαν

356 3844 481 3903 τοὺς
517 3839 989 3905 συγκληρονόμους
1035 3834 1095 3886 τὸ
1125 3833 1331 3887 τοιοῦτο
1373 3835 1709 3901 στράτευμα,
1744 3831 1923 3901 ἔχοντι

356 3926 637 3995 προσώπῳ
691 3921 967 3991 ἐπιζητεῖν
1019 3919 1205 3971 ἕνεκεν
1246 3921 1344 3987 τῆς
1398 3917 1695 3986 γενομένης
1744 3915 1923 3981 ἐξόδου

357 4018 496 4089 ὑπὲρ
526 4013 689 4068 αὑτοῦ
724 4016 740 4033 ⁶
784 4010 998 4083 ἡτοιοῦν
1045 4006 1287 4081 [ὁτιοῦν],
1323 4007 1408 4061 διὰ
1461 4008 1540 4071 τὸ,
1578 4006 1653 4068 ὡς
1682 4006 1922 4076 εἴρηται,

357 4105 767 4176 ἁντεισαγωγὴν
794 4106 859 4158 ἐκ
887 4102 981 4156 τοῦ
1016 4100 1255 4155 τοιούτου
1296 4097 1705 4169 στρατεύματος
1757 4097 1915 4165 γενέ-

360 4196 500 4250 σθαι.

427 4286 489 4340 θ’.
522 4286 614 4339 ἐπὶ⁵
642 4286 695 4339 δὲ
720 4284 829 4338 τῶν
853 4283 1054 4338 λοιπῶν
1074 4282 1535 4354 στρατευομένων,
1559 4278 1660 4333 ὅσα
1686 4278 1748 4331 ἐκ
1770 4276 1923 4346 βασι-

355 4378 512 4447 λικῆς
543 4380 730 4447 ρὁας,
784 4374 1017 4430 ἀννόνων
1068 4392 1148 4441 τε,
1201 4373 1296 4426 καὶ
1344 4370 1655 4441 σωλεμνίων
1710 4368 1921 4431 τούτοις

2034 3206 2222 3259 militia
2254 3215 2615 3275 pervenerunt
2641 3211 2707 3259 ad
2740 3217 2949 3275 patrem
3000 3207 3263 3273 ipsorum,
3300 3214 3354 3261 et
3387 3206 3604 3259 residua

2031 3311 2257 3351 summae
2286 3296 2353 3350 ad
2406 3294 2712 3364 huiusmodi
2765 3296 3015 3350 militiam
3049 3295 3187 3350 data:
3233 3311 3355 3349 cum
3396 3296 3604 3362 reliquo

2032 3392 2355 3461 patrimonio
2401 3392 2684 3449 conteram
2746 3401 2910 3461 atque
2973 3390 3049 3444 ita
3099 3403 3223 3445 cum
3280 3387 3403 3442 aliis
3462 3385 3602 3440 divi-

2027 3486 2177 3540 dant.

2096 3663 2151 3720 8.
2176 3663 2231 3717 Si
2263 3677 2414 3727 vero,
2448 3676 2544 3717 ceu
2596 3658 2744 3716 credi
2783 3673 2882 3727 par
2896 3668 3001 3721 est,
3035 3657 3159 3711 data
3190 3665 3276 3711 est
3296 3670 3391 3724 per
3418 3653 3603 3722 hujus-

2031 3754 2172 3807 modi
2201 3753 2449 3805 militiam
2476 3765 2684 3804 summa
2710 3749 2865 3817 plene
2898 3748 3073 3802 soluta
3105 3746 3263 3801 fuerit
3294 3763 3307 3798 :
3358 3746 3601 3798 cohaere-

2027 3845 2125 3898 des
2154 3842 2352 3896 nullam
2382 3842 2652 3894 licentiam
2685 3840 2888 3891 habent
2914 3853 2943 3889 a
2974 3852 3228 3905 persona,
3266 3851 3385 3904 quae
3412 3836 3603 3899 hujus-

2028 3929 2171 3984 modi
2222 3928 2467 3982 militiam
2504 3927 2663 3994 gerit,
2720 3924 3011 3992 quidquam
3055 3924 3331 3991 repetendi
3385 3923 3602 3975 nomine

2024 4020 2179 4075 factae
2206 4034 2301 4088 pro
2331 4019 2448 4086 ipso
2465 4031 2712 4086 expensa!
2736 4034 2749 4068 :
2776 4025 3056 4084 propterea
3104 4018 3264 4081 quod,
3290 4014 3364 4066 uti
3398 4015 3599 4066 dictum

2026 4121 2145 4178 est,
2196 4110 2527 4163 tantumdem
2575 4123 2641 4163 ex
2672 4106 2979 4176 hujusmodi
3014 4104 3202 4158 militia
3234 4105 3443 4157 illatum
3471 4104 3590 4157 fue-

2024 4202 2115 4256 rit.

2091 4295 2145 4350 9.
2170 4292 2227 4346 lu
2262 4292 2481 4361 reliquis
2510 4291 2889 4352 militantibus,
2921 4302 3273 4357 quaecumque
3303 4301 3367 4341 ex
3406 4287 3582 4355 impe-

2027 4384 2233 4436 ratorio
2286 4380 2576 4449 stipendio,
2612 4388 2667 4434 et
2713 4379 2968 4445 annonis,
3022 4386 3077 4431 et
3130 4377 3485 4438 solemnibus.
3517 4377 3599 4431 eis

357 4482 584 4537 προσενε
595 4466 865 4535 μήοησαν,
880 4464 973 4517 καὶ
996 4461 1272 4515 τουτέστιν
1298 4457 1922 4530 ἀξιωματικοῖς,λοιποίς

2030 4477 2286 4531 attributa
2322 4484 2471 4541 sunt,
2498 4474 2753 4529 nimirum
2794 4474 2846 4528 in
2896 4473 3157 4542 dignitate
3196 4472 3507 4527 constitutis
3545 4479 3598 4523 et

359 4556 548 4621 ἆπασι,
569 4555 947 4624 κομιζομένοις
967 4554 1074 4606 ἀπὸ
1108 4552 1393 4623 βασιλικῆς
1418 4551 1605 4621 ρόγας,
1637 4549 1669 4619 ἧ
1695 4548 1789 4600 καὶ
1815 4548 1923 4602 ἀπὸ

358 4647 612 4717 δημοσίου
643 4646 867 4709 ἀννόνας
888 4646 981 4699 καὶ
1002 4644 1286 4715 συνηθείας
1313 4659 1327 4675 ο
1365 4638 1507 4697 οὗτοι
1543 4643 1641 4713 μὲν
1666 4642 1922 4704 ἅπαντες,

358 4740 485 4791 ἄνευ
527 4740 704 4807 μέντοι
749 4737 856 4790 τῶν
907 4742 1274 4806 στρατιωτῶν,
1341 4737 1435 4789 ἐπὶ
1502 4740 1616 4799 τοῖς
1665 4736 1925 4798 τοιούτοις

356 4825 667 4888 πεκουλίοις
719 4823 1103 4892 διατιθέμενοι,
1138 4824 1334 4885 παῖδας
1381 4824 1477 4893 μὲν
1517 4822 1729 4892 ἔχοντες
1766 4823 1925 4893 μέχρι

354 4917 632 4987 τεσσάρων
661 4917 751 4970 τὸν
785 4916 1037 4987 ἀριθμὸν,
1066 4914 1163 4985 τὴν
1193 4915 1444 4986 νόμιμον,
1486 4915 1654 4986 ἤγουν
1684 4917 1780 4984 τὴν
1803 4915 1923 4984 τρί-

354 5025 452 5077 την
478 5010 671 5077 μοῖραν
694 5006 788 5061 τοῦ
818 5006 1001 5059 αὐτῶν
1028 5004 1313 5058 πεκουλίου
1338 5004 1920 5074 καταλιμπανέτωσαν.

356 5096 416 5148 ΕΞ
454 5096 508 5148 δὲ
543 5097 637 5148 καὶ
667 5096 847 5162 πέντε,
883 5096 976 5149 καὶ
1004 5096 1277 5159 ἐπέκεινα,
1305 5095 1365 5147 τὸ
1387 5095 1558 5165 ἥμισυ
1593 5095 1778 5165 μέρος.

429 5187 478 5240 ι’.
502 5188 562 5241 Εἰ
588 5189 642 5241 δέ
663 5189 855 5253 παῖδας
874 5189 973 5241 οὐκ
990 5187 1222 5257 ἔχουσιν,
1246 5186 1427 5240 ὕπεισι
1450 5186 1505 5240 δέ
1524 5187 1705 5250 αὐτοῖς
1728 5188 1922 5255 γονεῖς,

355 5286 453 5349 την
509 5283 805 5353 εἰρημένην
855 5283 1047 5352 τρίτην
1086 5284 1279 5353 μοῖραν
1324 5281 1881 5353 καταλιμπανέτωσαν
1908 5294 1922 5309 ⁹

356 5374 433 5434 εἰς
471 5372 527 5426 δὲ
570 5374 632 5426 τὸ
689 5374 975 5428 ὑπόλοιπον
1024 5375 1220 5444 μέτρον
1270 5374 1363 5427 τοῦ
1401 5374 1584 5427 αὐτῶν
1637 5373 1924 5426 πεκουλίου

356 5466 494 5516 κατὰ
524 5465 584 5517 τὸ
612 5465 799 5518 δοκοῦν
838 5467 1017 5527 αὐτοῖς
1067 5464 1508 5519 διατιθέσθωσαν.
1550 5464 1833 5532 Παγανικὰ
1870 5464 1925 5516 δὲ

358 5556 619 5609 πεκούλια
677 5557 785 5609 τῶν
867 5556 1203 5620 ὑπεξουσίων
1257 5558 1413 5620 εἰσὶν,
1463 5558 1565 5609 ὅσα
1610 5557 1760 5627 παρά
1817 5555 1925 5608 τῶν

358 5647 557 5713 γονέων
644 5646 822 5700 αὐτῶν
902 5647 1035 5717 πρὸς
1112 5646 1313 5713 κόσμον
1380 5649 1471 5701 καὶ
1544 5648 1704 5719 τιμὴν
1767 5645 1921 5717 ἐδόθη

358 5734 557 5799 αὑτοῖς,
596 5735 627 5806 ἥ
661 5736 1069 5807 ἐπεκτήθησαν·
1112 5736 1264 5792 ἅτινα
1302 5739 1392 5791 καὶ
1433 5738 1505 5800 ὼς
1554 5738 1751 5805 γονέων
1783 5756 1922 5805 γνω-

2023 4569 2146 4624 aliis
2182 4568 2452 4632 omnibus,
2481 4567 2574 4638 qui
2606 4567 2674 4621 ab
2704 4568 3032 4636 imperatore
3083 4565 3348 4634 stipendia
3380 4564 3464 4617 vel
3495 4580 3592 4617 an-

2026 4672 2200 4712 nonas
2232 4666 2285 4711 et
2312 4655 2729 4711 consuetudines
2760 4669 2789 4709 a
2812 4654 2947 4710 ﬁsco
2993 4654 3266 4723 accipiunt
3296 4670 3312 4708 ι
3348 4654 3413 4706 de
3448 4653 3512 4707 iis
3542 4653 3596 4706 hi

2029 4744 2290 4809 universi,
2321 4744 2583 4799 militibus
2614 4753 2792 4798 tamen
2824 4744 3087 4812 exceptis.
3133 4743 3299 4797 veluti
3333 4744 3400 4797 de
3429 4756 3595 4809 pecu—

2027 4837 2116 4890 liis
2150 4835 2263 4889 suis
2293 4844 2574 4898 testantes,
2609 4834 2875 4889 siliberos
2922 4834 3159 4888 habeant
3206 4848 3431 4888 numero
3462 4848 3596 4899 qua-

2030 4934 2170 4989 tuor,
2197 4922 2515 4991 legitimam,
2541 4923 2590 4975 id
2620 4930 2721 4987 est,
2772 4923 2987 4976 tertiam
3024 4922 3220 4991 peculii
3265 4921 3349 4975 sui
3388 4928 3595 4989 partem

2027 5013 2108 5067 eis
2167 5009 2525 5081 relinquant:
2576 5009 2660 5064 sin
2715 5010 2978 5080 quinque,
3025 5026 3091 5067 ac
3118 5008 3365 5074 ulterius,
3402 5006 3597 5061 semis-

2027 5115 2163 5155 sem.

2101 5190 2186 5245 10.
2220 5188 2312 5244 Sin
2344 5188 2519 5244 nullos
2549 5187 2749 5242 habent
2796 5188 3019 5252 liberos,
3060 5185 3372 5254 parentibus
3415 5190 3595 5235 tamen

2029 5280 2428 5350 superstitibus,
2454 5279 2647 5332 dictam
2680 5277 2757 5333 cis
2790 5277 3000 5330 tertiam
3034 5284 3235 5345 partem
3265 5273 3595 5341 relinquant.

2029 5374 2203 5442 deque
2233 5372 2437 5441 reliquo
2474 5371 2632 5424 modo
2664 5370 2858 5439 peculii
2912 5371 3020 5434 sui,
3071 5377 3224 5437 prout
3252 5367 3382 5434 ipsis
3421 5366 3595 5417 visum

2028 5463 2210 5528 fuerit,
2247 5470 2532 5518 testantor.
2560 5462 2823 5525 Paganica
2866 5475 2992 5512 vero
3024 5460 3230 5527 peculia
3278 5455 3598 5509 ﬁliorumfa-

2028 5555 2205 5609 milias
2230 5564 2375 5618 sunt,
2406 5569 2739 5622 quamcunque
2785 5568 2813 5605 a
2847 5552 3158 5622 parentibus
3181 5565 3394 5615 eorum,
3415 5552 3481 5604 ad
3505 5564 3598 5604 or-

2028 5656 2211 5699 natum
2250 5653 2303 5698 et
2331 5645 2662 5698 honestatem
2697 5643 2826 5711 ipsis
2848 5643 2974 5697 dita
3006 5650 3152 5706 sunt,
3182 5640 3588 5709 autacqnisita:

2031 5753 2150 5806 qtuc
2178 5746 2227 5791 et
2267 5746 2544 5804 parentum
2601 5750 2717 5790 csse
2746 5741 3127 5802 agnoscuntur,
3158 5745 3209 5790 et
3239 5743 3355 5803 post
3384 5733 3592 5788 obitum
