4084 6208
488 333 592 403 511

1520 324 2030 389 CONSTANTINI
2070 324 2752 389 PORPHYROGENITI

3627 323 3735 387 512

486 457 772 516 parentum
806 443 1028 513 reliquis
1059 455 1244 497 eorum
1278 439 1436 497 bonis
1454 438 1861 509 coniunguntur
1899 448 1955 491 et
1986 435 2068 491 di-

2184 439 2434 507 οίζονται,
2466 439 2559 493 καὶ
2604 438 2744 509 μετὰ
2778 436 3035 508 τελευτὴν
3074 435 3186 489 τῶν
3237 434 3441 505 γονέων
3484 435 3549 507 τῇ
3595 433 3758 507 λοιπῇ

484 538 762 597 viduntur,
793 534 933 587 sicut
955 539 1009 586 et
1032 530 1122 585 illa
1157 545 1277 599 qua:
1307 530 1372 584 de
1402 529 1635 599 pecunia
1682 528 1950 595 rebusque
1977 540 2070 594 pa-

486 627 585 680 tris
611 623 874 693 acquisita
908 629 1036 675 sunt
1084 620 1214 688 (ilio,
1271 635 1369 689 pro
1418 618 1659 689 paternis
1705 617 1861 673 bouis
1895 630 2065 685 agno-

484 722 728 779 scuntur,
767 712 941 781 iisque
974 710 1394 780 coniunguntur.
1431 708 1564 763 Nam
1593 710 1659 763 de
1695 708 1961 762 maternis
1986 707 2067 775 ip-

485 818 671 859 sorum
727 802 912 869 rebus,
947 817 1070 871 qua:
1117 817 1213 871 per
1253 800 1479 855 sudores
1529 809 1583 853 et
1612 798 1850 862 labores,
1882 799 1962 851 vel
1999 811 2067 852 ex

488 891 803 948 hzereditate
837 892 903 945 ad
936 893 1083 961 ipsos
1125 899 1514 960 pervenerunt,
1538 896 1808 943 testantur
1835 886 1912 941 illi
1942 886 2066 956 qui-

488 985 646 1039 dem:
702 985 796 1040 sed
843 998 999 1037 usum
1029 998 1219 1039 eorum
1269 984 1552 1037 dumtaxat
1583 980 1787 1035 habent
1817 979 1890 1034 illi
1926 992 2066 1048 quo-

488 1091 607 1130 rum
641 1077 693 1131 in
725 1085 990 1147 potestate
1013 1084 1141 1131 sunt
1169 1091 1185 1143 ;
1216 1075 1551 1144 proprietate
1580 1072 1768 1129 talium
1799 1072 2067 1128 bonorum

491 1168 622 1237 ipsis
641 1175 939 1224 reservata.

1028 1365 1329 1424 TlTULUS
1350 1364 1537 1422 XVIII.

492 1471 569 1528 De
590 1472 1005 1527 successionibus
1024 1471 1087 1523 ab
1119 1471 1382 1534 intestato,
1401 1471 1562 1539 deque
1576 1468 1759 1536 legatis
1780 1484 1800 1523 :
1828 1469 1961 1524 etde
1987 1470 2070 1524 Itis

722 1543 812 1611 qui
836 1558 899 1595 ea
924 1556 1017 1609 per
1056 1540 1493 1610 ingratitudinem
1544 1541 1817 1593 amittunt.

565 1648 613 1701 l.
644 1647 699 1703 Si
727 1647 848 1717 quis
872 1647 1157 1701 intestatus
1179 1645 1495 1710 decesserit,
1521 1643 2067 1700 exstantibusliberis

492 1751 584 1795 aut
617 1740 920 1807 nepotibus,
951 1738 1003 1792 hi
1028 1738 1349 1793 succedunt.

559 1831 615 1885 2.
654 1831 748 1885 Sin
778 1830 1032 1886 defuncm
1060 1831 1380 1898 superstites
1435 1839 1564 1885 sunt
1606 1838 1763 1900 pater
1798 1838 1853 1885 et
1876 1840 2072 1893 mater,

495 1937 631 1977 avus
653 1933 709 1976 et
737 1924 880 1989 avia,
915 1921 997 1976 vel
1036 1922 1201 1976 etiam
1252 1921 1559 1987 ulteriores,
1618 1922 1671 1975 hi
1732 1922 2076 1977 exstantibus

491 2014 676 2071 liberis
695 2023 750 2070 et
776 2016 1083 2083 nepotibus,
1121 2013 1414 2070 succedere
1442 2028 1548 2068 non
1574 2021 1823 2083 possunt.

562 2197 615 2251 5.
649 2195 801 2261 Quod
830 2195 876 2251 si
904 2194 1036 2250 nulli
1071 2203 1198 2249 sunt
1226 2193 1406 2257 liberi,
1432 2192 1563 2249 nulli
1617 2202 1847 2263 nepotes
1870 2234 1886 2261 ,
1920 2204 2075 2263 pater

493 2295 675 2340 tamen
730 2294 913 2341 exstat
954 2295 1010 2342 et
1045 2294 1217 2341 mater
1275 2291 1333 2342 et
1370 2300 1504 2342 avus
1541 2294 1596 2342 et
1638 2286 1757 2341 avia
1790 2285 2078 2356 propiores

495 2377 848 2432 succedunto.

569 2468 623 2531 4.
655 2467 712 2522 Si
753 2467 894 2523 illius
922 2476 979 2524 et
1035 2468 1145 2524 lilia
1184 2468 1498 2538 parentibus
1552 2468 1690 2524 vivis
1741 2467 2081 2523 decesserint

497 2559 701 2630 absque
723 2561 907 2619 liberis
937 2571 996 2619 et
1028 2563 1294 2627 intestati,
1329 2561 1525 2617 fratres
1554 2570 1608 2616 et
1640 2576 1858 2616 sorores
1883 2576 1951 2616 ex
1982 2576 2076 2617 eo-

496 2655 619 2710 dem
647 2665 801 2723 patre
844 2670 909 2711 ae
944 2664 1116 2709 matre
1140 2654 1428 2718 habentes,
1453 2654 1742 2711 haereditas
1771 2669 1959 2711 eorum
1990 2670 2081 2725 pa.

496 2745 744 2802 rentibus
781 2746 1044 2809 defertur,
1078 2761 1181 2801 nec
1220 2745 1491 2802 licentiam
1532 2746 1730 2803 fratres
1768 2757 1825 2804 et
1860 2761 2078 2804 sorores

500 2833 701 2889 habent
726 2837 779 2889 in
808 2836 911 2891 hoc
936 2834 1369 2891 contradicendi.

573 3011 626 3066 5.
653 3008 711 3065 Si
744 3025 872 3066 vero
898 3010 1026 3066 nulli
1055 3019 1311 3081 parentes
1366 3020 1603 3078 exstant,
1650 3026 1752 3066 avo
1796 3020 1974 3068 tamen
2025 3022 2083 3068 et

2172 530 2354 583 αὑτῶν
2405 531 2709 585 ὑποστάσει
2758 530 3005 585 ἑνοῦνται
3036 530 3132 585 καὶ
3178 528 3535 601 διαιροῦνται,
3569 530 3760 601 ὥσπερ

2171 620 2266 673 καὶ
2306 621 2377 674 τά
2429 622 2537 674 ἀπὸ
2586 622 2885 693 χρημάτων
2928 622 2961 692 ἢ
3026 622 3365 693 πραγμάτων
3417 619 3512 673 τοῦ
3556 621 3759 693 πατρὸς

2173 712 2537 781 ἐπικτηθὲντα
2567 711 2643 782 τῷ
2679 711 2798 780 υίῷ,
2844 714 2910 781 τῇ
2952 710 3185 783 πατρῴᾳ
3225 711 3521 764 ὑποστάσει
3564 708 3761 781 γνωρί-

2175 801 2381 867 ζονται,
2399 802 2494 856 καὶ
2522 802 2661 872 αὑτῇ
2688 800 3037 855 συνενοῦνται
3069 817 3084 832 ο
3115 802 3206 855 ἐπὶ
3223 802 3328 872 γὰρ
3353 803 3467 865 τοῖς
3487 800 3759 871 μητρῴοις

2173 892 2377 957 αὐτῶν,
2409 893 2468 959 ἐξ
2510 891 2768 964 ἱδρώτων,
2828 894 2925 948 καὶ
2982 894 3260 963 καμάτων,
3308 892 3340 963 ἢ
3397 890 3761 964 κληρονομίας

2176 985 2553 1055 περιαχθεῖσιν
2596 986 2679 1048 είς
2710 985 2909 1048 αὑτοὺς
2942 984 3285 1053 πράγμασιν,
3322 983 3411 1036 ἐπ’
3444 984 3631 1045 αὐτοῖς
3663 982 3762 1052 μὲν

2172 1076 2330 1129 αὐτοὶ⁵
2371 1074 2703 1127 διατίθενται
2734 1089 2750 1103 °
2785 1072 2883 1143 τὴν
2912 1073 2967 1126 δὲ
3011 1072 3209 1142 χρῆσιν
3244 1071 3425 1125 αὐτῶν
3454 1073 3551 1124 καὶ
3602 1069 3764 1140 μόνον

2175 1166 2392 1237 ἔχουσιν
2432 1166 2483 1218 oi
2520 1165 2740 1229 τούτους
2772 1164 2988 1235 ἔχοντες
3020 1164 3113 1217 ὑπ’
3144 1163 3416 1229 ἐξουσίαν,
3444 1162 3542 1232 τὴν
3570 1161 3765 1214 δεσπο-

2184 1260 2337 1314 τείαν
2360 1258 2469 1314 τῶν
2501 1258 2758 1313 τοιούτων
2798 1258 3138 1329 πραγμάτων
3159 1257 3519 1326 φυλάττοντες
3551 1255 3760 1319 αὐτοῖς.

2771 1355 3020 1408 ΤΙΤΛῡΣ
3067 1354 3161 1408 lH.

2176 1465 2317 1535 Περὶ
2337 1465 2456 1519 τῶν
2477 1465 2546 1529 ἐξ
2565 1461 2880 1535 ἀδιαθέτου
2907 1456 3337 1535 κληρονομιῶν,
3360 1455 3763 1535 καζλεγάτων,

2268 1528 2362 1590 καὶ
2402 1535 2534 1602 περὶ
2566 1534 2681 1587 τῶν
2708 1533 2778 1597 ἐξ
2811 1531 3168 1599 ἀχαριστίας
3207 1528 3641 1581 ἐκπιπτόντων.

2246 1646 2315 1694 α’.
2364 1637 2492 1692 Ἐάν
2545 1653 2631 1699 τις
2671 1632 2952 1695 ἀδιάθετος
3010 1629 3344 1699 τελευτήσει,
3397 1628 3491 1680 καὶ
3550 1626 3765 1680 ὕπεισιν

2174 1726 2323 1794 αὑτῷ
2346 1728 2510 1779 τέκνα
2540 1725 2572 1793 ἢ
2602 1723 2821 1792 ἔγγονα,
2855 1717 3029 1773 ταῦτα
3054 1718 3155 1787 κλη
3167 1717 3592 1786 ρονομείτωσαν.

2247 1818 2314 1887 β’.
2342 1817 2405 1870 El
2471 1815 2527 1869 δὲ
2583 1812 2804 1882 ὑπάρχῃ
2856 1810 2936 1881 τῷ
2991 1807 3377 1876 τελευτήσαντι
3444 1804 3627 1876 πατὴρ
3672 1803 3766 1857 καὶ

2182 1909 2393 1979 μήτηρ,
2424 1905 2650 1969 πάππος
2678 1903 2773 1957 καὶ⁵
2827 1902 3051 1973 μάμμη,
3083 1899 3117 1971 ἢ
3176 1898 3268 1953 καὶ
3307 1898 3561 1951 ἐπέκεινα
3580 1914 3595 1927 ·
3622 1891 3768 1950 οὗτοι

2170 2000 2531 2072 κληρονομεῖν
2566 1997 2677 2051 τῶν
2718 1995 2925 2050 τέκνων
2992 1993 3088 2046 καὶ
3120 1990 3359 2061 ἐγγόνων
3402 1990 3647 2044 ὑπόντων
3702 1989 3767 2043 οὑ

2171 2095 2450 2149 δύνανται.

2248 2182 2322 2254 γ’.
2356 2184 2419 2237 Εἰ
2444 2183 2501 2236 δὲ
2529 2182 2627 2237 καὶ
2653 2181 2754 2235 οὑκ
2782 2178 2891 2233 sici.
2922 2179 3110 2240 τέκνα,
3163 2174 3276 2229 εἴτε
3323 2173 3544 2243 ἔγγονα,
3573 2173 3687 2226 εστι
3712 2173 3770 2226 δὲ

2179 2276 2364 2347 πατὴρ
2396 2272 2492 2329 καὶ
2528 2274 2739 2343 μήτηρ,
2791 2270 2889 2324 καὶ
2920 2267 3145 2330 πάππος
3172 2266 3267 2319 καὶ
3291 2264 3509 2336 μάμμη,
3533 2263 3582 2316 oi
3606 2261 3767 2331 ἐγγύ-

2179 2385 2239 2422 τε
2248 2383 2329 2438 ροι
2364 2362 2899 2434 κληρονομείτωσαν.

2255 2460 2319 2513 δ’.
2373 2458 2499 2511 Ἐὰν
2534 2456 2650 2519 υίὸς
2693 2452 2789 2507 καὶ
2832 2451 3080 2522 θυγάτηρ
3141 2449 3251 2504 τῶν
3302 2446 3506 2517 γονέων
3552 2446 3770 2511 ζώντων

2177 2550 2580 2621 τελευτήσωσιν
2630 2544 2848 2599 ἄτεκνοι
2886 2544 2980 2597 καὶ
3019 2541 3312 2605 ἀδιάθετοι,
3365 2542 3459 2593 κα)⁸
3511 2538 3771 2608 ἀδελφοὺς

2180 2644 2281 2698 καὶ
2315 2640 2552 2710 ἀδελφάς
2586 2636 2959 2708 ὁμοπατρίους
2997 2634 3092 2688 καὶ
3121 2630 3493 2704 ὁμομητρίους
3530 2630 3766 2701 ἔχοντες·

2181 2734 2282 2807 τὴν
2337 2730 2565 2791 τούτων,
2622 2723 2993 2796 κληρονομίαν
3052 2721 3147 2776 ἐπὶ
3201 2722 3326 2785 τοὺς
3374 2721 3552 2788 γονεῖς
3601 2720 3769 2772 ἐπαν-

2185 2821 2417 2892 άγεσθαι
2443 2860 2458 2885 ,
2488 2820 2583 2873 καὶ¹
2617 2816 2693 2888 μή
2718 2814 2861 2885 ἔχειν
2902 2812 3085 2867 άδειαν
3110 2811 3181 2865 τά
3208 2810 3435 2879 ἀδέλφια
3460 2810 3553 2863 ἐπὶ
3579 2808 3768 2863 τούτου

2190 2915 2490 3059 λέέξιέἶίτδέ
2527 3003 2706 3071 γονεῖς
2753 2998 2853 3069 οὑχ
2906 2995 3148 3061 ὕπεισιν,
3175 2994 3290 3048 ἔστι
3320 2995 3377 3049 δὲ
3406 2994 3632 3058 πάππος
3674 2992 3771 3047 καὶ

500 3103 622 3159 avia
651 3103 1063 3172 superstitibus,
1105 3103 1141 3157 ii
1186 3118 1309 3159 cum
1366 3102 1628 3158 fratribus
1660 3104 2075 3174 consanguineis

2184 3100 2409 3172 μάμμη,
2441 3096 2559 3166 ἅμα
2609 3094 2722 3158 τοῖς
2755 3088 3110 3162 ὁμοπατρίοις
3144 3087 3394 3154 ἀδελφοῖς
3421 3085 3772 3157 κληρονομεί-

502 3209 607 3248 una
641 3195 957 3250 succedant.

570 3288 626 3343 6.
672 3288 765 3343 Sin
801 3303 900 3343 nec
952 3304 1107 3354 avus,
1153 3302 1257 3344 nec
1289 3289 1435 3357 avia,
1477 3303 1580 3344 nec
1612 3288 1805 3344 eodem
1836 3298 1991 3359 patre
2018 3303 2083 3345 ac

499 3393 675 3436 matre
717 3382 826 3434 nati
879 3379 1079 3436 fratres
1124 3390 1340 3435 exstant
1399 3380 1674 3445 defuncto,
1715 3387 1846 3436 tunc
1870 3395 1936 3435 ex
1974 3395 2083 3436 uno

502 3472 784 3525 dumtaxat
834 3478 1060 3539 parente
1112 3468 1309 3524 fratres
1358 3470 1412 3525 in
1470 3470 1839 3526 hereditatem
1893 3485 2087 3526 succe-

502 3560 616 3613 dat.

573 3649 631 3703 7.
664 3649 724 3704 Si
758 3664 909 3715 vero,
944 3650 1086 3705 sicut
1112 3650 1316 3705 dictum
1346 3661 1451 3718 est,
1488 3666 1595 3706 non
1619 3661 1839 3708 exstent
1865 3652 2083 3722 fratres,

503 3749 560 3793 at
584 3740 870 3810 propinqui
896 3742 1027 3806 sint,
1059 3742 1346 3811 propiores
1395 3742 1753 3800 succedunto.

574 3833 629 3887 8.
671 3832 824 3899 Quod
861 3833 905 3889 si
940 3832 1071 3889 nulli
1108 3835 1277 3889 etiam
1331 3835 1623 3906 proliinqui
1664 3846 1812 3903 sunt,
1844 3846 1901 3891 at
1951 3824 2085 3892 uxOr

504 3922 742 3977 defuncti
767 3933 1047 3993 superest:
1089 3924 1142 3978 in
1177 3924 1459 3978 semissem
1496 3925 1662 3979 totius
1696 3924 1789 3979 illa
1819 3925 2083 3996 patrimo-

504 4016 579 4069 nii
609 4015 885 4083 succedat,
920 4014 1090 4071 altero
1128 4015 1356 4070 semisse
1398 4015 1528 4071 fisco
1556 4016 1857 4071 inferendo.

575 4193 631 4248 9.
659 4191 717 4247 Si
744 4192 983 4248 defuncti
1027 4207 1094 4247 ne
1125 4208 1263 4248 uxor
1288 4193 1506 4261 quidem
1538 4202 1737 4258 exstat,
1800 4201 1926 4248 tunc
1965 4194 2088 4250 uni-

2189 3207 2424 3346 τωςῗνέί
2451 3277 2511 3333 δὶ
2540 3274 2665 3331 οὔτε
2696 3273 2940 3336 πάππος,
2971 3271 3094 3325 οὔτε
3143 3268 3366 3340 μάμμη,
3400 3268 3523 3322 οὔτε
3566 3266 3777 3337 ὁμοπά-

2194 3391 2362 3443 τριοι,
2399 3371 2523 3425 οὔτε
2552 3367 2881 3439 ὁμομήτριοι
2935 3362 3156 3434 ἀδελφοὶ
3178 3362 3360 3416 ὕπεισι
3396 3362 3477 3433 τῷ
3523 3360 3774 3429 τελευτή-

2185 3479 2360 3519 σαντι’
2388 3462 2515 3516 τότε
2537 3462 2588 3514 oi
2622 3458 2684 3524 εξ
2712 3456 2831 3521 ἑνὸς
2864 3456 3066 3526 γονέως
3097 3453 3317 3524 ἀδελφοὶ
3335 3457 3401 3526 τῇ
3440 3454 3774 3525 κληρονομίᾳ

2183 3556 2373 3608 ὑπεισε
2382 3551 2721 3623 ρχέσθωσαν.

2255 3643 2321 3709 ζ’.
2348 3644 2413 3698 El.
2442 3644 2520 3710 δὲ,
2562 3642 2707 3698 καθά
2733 3642 2969 3713 εἴρηται,
2997 3641 3097 3710 οὑχ
3122 3639 3341 3694 ὕπεισιν
3378 3636 3622 3705 ἀδελφοὶ,
3665 3632 3773 3689 εἶεν

2177 3736 2234 3790 δὲ
2272 3737 2573 3806 συγγενεῖς,
2600 3736 2650 3789 οί
2683 3733 2975 3803 ὲγγύτεροι
3008 3730 3544 3804 κληρονομείτωσαν.
3586 3788 3596 3799 κ

2257 3828 2329 3900 η’.
2363 3828 2493 3882 Είδὲ
2515 3827 2642 3881 οὔτε
2679 3826 2965 3895 συγγενεῖς
2997 3825 3156 3887 εἰσιν,
3189 3823 3303 3875 ἐστι
3327 3821 3385 3875 δὲ
3403 3820 3543 3891 γυνὴ
3563 3819 3659 3873 τοῦ
3690 3837 3773 3872 τε·

2197 3921 2584 3992 λευτήσαντος,
2621 3918 2682 3968 τὸ
2725 3920 2822 3989 μὲν
2854 3920 3022 3989 ήμισυ
3053 3917 3218 3987 μέρος
3239 3915 3456 3983 ἀπάσης
3489 3912 3651 3967 αὑτοῦ
3674 3913 3773 3981 τῆς

2186 4011 2508 4083 περιουσίας
2568 4009 2752 4080 ἐκείνη
2842 4006 3288 4079 κληρονομείτωο
3336 4005 3397 4058 τδ
3468 4005 3526 4057 δὲ
3589 4004 3774 4073 ἕτερον

2186 4104 2360 4175 ἥμισυ
2399 4103 2565 4173 μέρος
2605 4101 2683 4171 τῷ
2707 4100 2953 4171 δημοσίῳ
2985 4096 3407 4168 είσκομιζέσθω.

2263 4191 2328 4246 θ’.
2370 4194 2434 4246 Ei
2461 4193 2519 4246 δὲ
2572 4190 2695 4245 οὔτε
2724 4192 2863 4261 γυνὴ
2901 4189 2978 4260 τῷ
2998 4189 3383 4258 τελευτήσαντι
3416 4186 3629 4251 ὕπεστι,
3650 4184 3774 4239 τότε

505 4298 721 4339 versum
741 4282 858 4349 ejus
892 4284 1297 4352 patrimonium,
1326 4284 1489 4337 veluti
1527 4285 1684 4355 cujus
1712 4284 1893 4341 nullus
1911 4292 2077 4339 exstat

2191 4284 2291 4356 τὴν
2330 4287 2549 4339 ἃπασαν
2578 4284 2775 4337 τούτου
2810 4283 3152 4356 περιουσίαν,
3195 4281 3271 4347 ὡς
3304 4280 3772 4353 άκληρονόμητον,

508 4376 703 4440 haeres,
740 4377 872 4430 fisco
895 4377 1015 4445 (ceu
1050 4376 1308 4446 diximus)
1342 4377 1596 4431 infertur.

2191 4377 2269 4448 τῷ
2308 4377 2576 4449 δημοσίῳ,
2602 4375 2679 4439 ὡς
2701 4375 2940 4447 εἴρηται,
2977 4374 3415 4446 εἰσκομίζεσθαι.

581 4469 666 4524 l0.
698 4468 754 4524 Si
784 4469 906 4540 quis
935 4468 1173 4523 moriens
1212 4468 1385 4538 legata
1433 4469 1723 4525 destinarit
1770 4469 1837 4524 ad
1881 4478 2077 4524 certam

2272 4466 2322 4524 t'.
2364 4466 2489 4523 Ἐάν
2517 4485 2600 4531 τις
2631 4467 2901 4522 τελευτῶν
2930 4467 3090 4540 ὁρίσῃ
3120 4467 3325 4536 λεγάτα
3358 4467 3438 4531 εἴς
3456 4484 3580 4521 τινα
3607 4466 3775 4538 ῥητήν

505 4561 798 4633 quamdam
821 4559 1406 4631 expensam,prtestari
1435 4560 1665 4614 debent:
1691 4574 1791 4615 nec
1819 4559 1995 4615 hazres
2014 4560 2083 4615 li-

506 4653 740 4708 centiam
774 4652 961 4716 habet,
993 4652 1241 4707 relictum
1282 4651 1387 4706 hoc
1406 4650 1642 4722 legatum
1680 4652 1734 4706 in
1764 4651 1923 4706 aliam
1950 4666 2084 4707 cau-

506 4760 624 4802 sam
664 4744 1025 4815 cxpendendi,
1062 4744 1156 4800 sed
1198 4744 1284 4799 cui
1321 4743 1566 4799 relictum
1599 4752 1702 4812 est,
1741 4744 2010 4799 restituat.

581 4927 668 4982 ll.
699 4923 756 4982 Si
790 4926 966 4982 ltzeres
1005 4924 1180 4981 relicti
1234 4924 1337 4981 sibi
1367 4925 1681 4996 patrimonii
1714 4925 1966 4980 notitiam
1996 4924 2087 4979 ha-

505 5021 619 5087 bet,
653 5035 719 5075 ac
746 5020 925 5074 debita
961 5019 1113 5075 novit
1150 5019 1500 5088 praecedere:
1542 5032 1725 5074 coram
1766 5017 1871 5073 fide
1909 5017 2089 5086 dignis

506 5111 739 5167 testibus
766 5111 1147 5181 patrimonium
1172 5110 1346 5179 ipsum
1375 5110 1668 5175 describat,
1693 5118 1749 5164 et
1777 5108 1967 5178 quanti
1991 5108 2086 5175 sit,

509 5202 909 5258 manifestator.
958 5201 1035 5254 Ac
1064 5199 1298 5268 primum
1334 5200 1553 5267 quidem
1598 5200 1965 5254 creditoribus
1994 5213 2085 5253 sa-

510 5298 697 5363 tisfiat,
720 5306 883 5365 atque
913 5295 987 5349 ita
1019 5295 1276 5363 deinceps
1318 5294 1394 5359 id,
1424 5294 1567 5364 quod
1598 5302 1872 5362 superest,
1911 5292 2086 5350 haeres

512 5388 615 5443 sibi
644 5388 898 5444 retineat.

588 5567 675 5622 12.
709 5567 764 5622 Si
819 5582 948 5624 vero
994 5567 1389 5623 contumaciter
1411 5577 1466 5621 et
1513 5574 1715 5622 temere
1768 5568 2084 5632 succedens.

514 5657 655 5711 idem
683 5659 1063 5725 patrimonium
1087 5660 1345 5728 attigerit,
1385 5668 1440 5713 et
1460 5659 1783 5724 constiterit,
1807 5676 1929 5716 eum
1964 5677 2088 5731 par-

519 5749 814 5807 ticularitcr
847 5752 1022 5808 debita
1064 5754 1308 5821 quredam
1363 5753 1626 5809 solvisse:
1674 5755 1936 5824 obligatus
1967 5767 2085 5813 esto

2189 4559 2389 4627 ἔξοδον,
2413 4559 2585 4614 ταῦτα
2608 4560 2936 4614 διδόσθωσαν
2982 4575 2995 4589 ·
3030 4559 3124 4613 καὶ
3164 4560 3239 4631 μὴ
3278 4562 3422 4629 ἔχειν
3469 4559 3655 4613 ἄδειαν
3684 4558 3777 4612 τὸν

2191 4653 2528 4724 κληρονόμον
2582 4656 2662 4718 είς
2700 4654 2897 4725 ἑτέραν
2937 4653 3213 4724 πρόφασιν
3260 4652 3321 4706 τὸ
3366 4652 3523 4706 ὲαθὲν
3550 4653 3778 4721 λεγάτον

2190 4745 2513 4813 ὲξοδιάξειν,
2569 4746 2707 4801 ἀλλὰ
2757 4744 2917 4799 τοῦτο
2963 4745 3340 4815 άποκαθιστᾷν
3395 4743 3472 4815 τῷ
3519 4744 3779 4813 λεγατευο

2193 4836 2358 4893 θέντι.

2271 4929 2358 4986 ια’.
2386 4930 2513 4985 Ἐὰν
2543 4933 2571 4985 ὀ
2596 4930 2933 5002 κληρονόμος
2980 4932 3189 5001 εἴδησιν
3220 4932 3320 5001 τῆς
3361 4930 3779 5000 ὲγκαταλιμπα-

2192 5025 2424 5095 νομένης
2453 5023 2603 5093 αὑτῷ
2636 5023 2988 5086 ὑποστάσεως
3018 5021 3153 5093 ἔχει,
3183 5023 3277 5076 καὶ
3305 5016 3452 5075 οἶδεν
3476 5023 3613 5093 χρέη
3647 5038 3781 5090 προ-

2194 5114 2484 5187 ηγεῖσθαι’
2518 5114 2611 5166 ἐπὶ
2657 5111 2986 5176 ἀξιοπίστων
3027 5110 3323 5182 μαρτύρων
3375 5111 3475 5181 τὴν
3522 5108 3781 5179 τοιαύτην

2195 5203 2561 5273 ἀναγραφέτω
2601 5202 2920 5267 ὑπόστασιν,
2957 5200 3054 5254 καὶ
3115 5198 3468 5270 φανερούσθω
3506 5198 3709 5265 ταύτης
3746 5197 3779 5268 ή

2194 5293 2444 5365 δύναμις.
2475 5293 2588 5345 Καὶ
2637 5292 2853 5363 πρῶτον
2905 5291 3007 5362 μὲν
3051 5290 3482 5363 πληρούσθωσαν
3510 5290 3561 5343 οἱ
3600 5305 3778 5359 χρεωο

2198 5387 2462 5456 φειλέται,
2494 5385 2589 5440 καὶ
2626 5380 2727 5438 εἷθ’
2754 5384 2928 5449 οὕτως
2964 5385 3025 5437 τὸ
3049 5384 3363 5455 περιττεῦον
3391 5383 3564 5453 ὲχέτω
3585 5384 3612 5436 ὁ
3636 5381 3775 5450 κλη-

2200 5481 2448 5551 ρονόμος.

2281 5567 2367 5639 ιβ’.
2404 5568 2465 5621 Εἰ
2502 5566 2559 5620 δὲ
2589 5566 2836 5631 αὐθαδῶς
2871 5567 2963 5621 καὶ
2990 5566 3067 5629 ὡς
3099 5564 3288 5635 ἔτυχεν
3317 5561 3777 5631 ὑπεισερχόμενος

2199 5660 2299 5729 τῆς
2324 5658 2494 5726 αὐτῆς
2516 5656 2797 5729 ὑφάψηται
2827 5656 3196 5721 ὑποστάσεως,
3234 5655 3327 5708 καὶ
3369 5657 3508 5723 φανῇ
3535 5651 3777 5723 μερικῶς

2200 5753 2320 5808 τινὰ
2382 5752 2487 5805 τῶν
2540 5752 2715 5824 χρεῶν
2743 5750 2999 5814 ἀποδούςν
3040 5748 3348 5803 ὑποκείσθω
3392 5744 3628 5817 πληροῦν
3684 5744 3780 5797 καὶ
