4058 6212
270 268 373 331 513

1539 264 1931 326 DELECTUS
1969 262 2253 323 LEGUM.

3414 256 3524 320 514

256 384 381 443 τοὺς
444 380 689 445 λοιποὺς,
733 379 808 443 ὼς
875 379 962 432 διὰ
1017 378 1330 449 προσφέρου
1375 376 1698 447 ἀναγραφῆς
1750 378 1843 448 τῆς

1953 373 2178 443 reliquis
2199 371 2360 426 etiam
2377 370 2716 437 satisfacere,
2741 369 2903 424 veluti
2926 366 3019 438 qui
3043 382 3136 437 per
3160 367 3524 424 inventarium

254 472 511 543 τοιαύτης
557 470 911 533 ὑποστάσεως
953 470 1029 540 μὴ
1061 468 1337 538 γνωρίσας
1368 468 1694 538 κατάληψιν.

330 654 420 717 ιγ’.
453 647 514 701 Εἰ
543 646 601 699 δὲ
632 646 876 715 ἐσχάτως
897 643 1181 713 ἀναφυῶσι
1224 643 1293 697 τὰ
1313 644 1467 714 χρέη,
1504 643 1598 696 τοῦ
1640 645 1840 715 κληρο-

254 741 427 811 νόμου
459 738 558 809 τὴν
588 737 717 806 περὶ
748 735 937 789 τούτου
963 734 1185 802 ἄγνοιαν
1207 734 1546 803 κεκτημένου
1571 733 1660 787 διὰ
1694 751 1832 805 μαρο

254 828 512 900 τύρων,ἢ
537 826 631 879 καὶ
656 824 745 878 διὰ
778 826 942 894 ὅρκου
970 839 985 851 ·
1013 824 1071 876 τὸ
1091 823 1314 895 εὑρεθὲν
1337 823 1434 892 τῆς
1465 823 1837 889 ὑποστάσεως,

258 923 354 975 καὶ
397 917 683 990 περιελθὸν
725 918 804 979 είς
837 916 1019 981 αὑτὸν,
1063 916 1335 985 παριστᾷν
1363 914 1541 980 αὑτὸν,
1575 916 1670 968 καὶ
1705 915 1841 986 πρὸς

260 1006 413 1077 αὑτῷ
440 1004 796 1059 ἀποκοπτέτω
829 1004 897 1056 τά
937 1003 1045 1057 τῶν
1074 1002 1488 1072 χρεωφειλετῶν
1518 1002 1707 1070 αὑτοῦ,
1744 1006 1839 1056 καὶ

264 1100 428 1171 μηδὲν
465 1095 769 1169 περαιτέρω
800 1094 992 1148 τοῦτον
1023 1095 1397 1147 ἀπαιτεῖσθαι.

332 1187 413 1242 ιδ’.
444 1189 505 1242 Ei
531 1186 863 1255 κληρονόμος
897 1185 929 1253 ἢ
964 1186 1288 1255 λεγατάριος
1341 1184 1655 1255 οἰοσδήποτε
1697 1186 1838 1253 φανῇ

261 1278 584 1351 ἀποκρύψας
616 1279 717 1348 τὴν
766 1276 1226 1344 καταλειφθεῖσαν
1255 1275 1404 1346 αὐτῴ
1426 1276 1711 1345 διαθήκην,
1748 1278 1842 1328 καὶ

260 1373 317 1426 ἓν
342 1371 553 1440 ὑστέρῳ
579 1367 725 1440 αὓτη
758 1369 889 1438 παρ’
911 1369 1059 1438 αὑτῷ
1087 1368 1308 1438 εὑρεθῇ,
1348 1368 1659 1420 ἐκπιπτέτω
1681 1368 1709 1418 ό
1740 1370 1840 1437 μὲν

262 1462 619 1531 κληρονόμος,
650 1460 749 1527 τῆς
776 1455 1143 1527 κληρονομίας
1170 1470 1184 1485 ·
1215 1457 1243 1507 ό
1278 1454 1335 1506 δὲ
1364 1452 1711 1521 λεγατάριος,
1743 1451 1840 1504 τοῦ

260 1554 512 1621 λεγάτου.

336 1641 418 1696 ιε’.
452 1642 515 1695 El
543 1640 598 1694 δέ
626 1657 711 1703 τις
740 1637 1008 1693 τελευτῶν
1033 1637 1111 1709 τῷ
1127 1634 1312 1707 οἰκείῳ
1338 1634 1657 1706 κληρονόμῳ
1669 1633 1846 1702 ἀγράσ⁸

1942 474 2260 533 competens
2284 476 2369 516 res
2390 462 2719 531 patrimonio
2743 461 3164 530 comprehensas
3191 475 3522 531 coquoscere

1947 574 2051 612 non
2097 555 2385 611 studuerit.

2013 649 2102 703 15.
2128 648 2280 715 Quod
2302 646 2345 701 si
2374 646 2551 699 debita
2570 646 2623 699 in
2658 645 2927 699 inﬁnitum
2953 644 3295 710 emerserint,
3318 645 3531 701 ltmrede

1943 755 2041 811 per
2078 749 2265 804 testes,
2293 746 2386 791 aut
2410 736 2572 789 etiam
2612 733 3133 803 perjusjurandum,
3169 734 3529 805 ignorantiam

1945 832 2244 903 probante:
2285 827 2543 897 quidquid
2580 827 2630 878 in
2664 824 2992 894 patrimonio
3030 835 3303 893 repertum
3326 834 3433 888 est,
3473 833 3532 877 et

1944 926 2010 975 ad
2039 938 2163 976 eum
2212 919 2478 988 pervenit,
2510 916 2767 970 exhibeat
2795 933 2809 969 :
2839 926 2894 969 ct
2944 916 3239 969 secundum
3272 914 3321 968 id
3372 915 3531 969 debi-

1942 1021 1991 1067 ta
2034 1009 2363 1063 creditorum
2394 1005 2627 1072 decidat,
2654 1019 2757 1060 nec
2788 1005 3081 1075 quidquam
3113 1006 3338 1059 ulterius
3366 1004 3434 1059 ab
3454 1019 3523 1060 eo

1942 1107 2217 1175 exigatur.

2015 1194 2101 1248 14.
2128 1191 2183 1247 Si
2222 1192 2301 1247 vel
2330 1191 2623 1252 literedem,
2655 1189 2736 1244 vel
2768 1204 3148 1258 quemcunque
3200 1189 3522 1261 legatarium

1952 1285 2194 1355 paruerit
2246 1283 2521 1338 occultare
2564 1282 2812 1337 relictum
2876 1280 2979 1335 sibi
3035 1288 3447 1344 testamentum,
3475 1289 3534 1334 et

1944 1377 2011 1429 ad
2047 1384 2349 1429 extremum
2410 1374 2540 1427 illud
2591 1374 2731 1441 apud
2767 1373 2942 1441 ipsum
3000 1382 3273 1439 repertum
3330 1370 3532 1438 fuerit,

1948 1469 2118 1522 haeres
2149 1466 2501 1521 successione
2520 1466 2700 1529 cadat,
2737 1464 3034 1536 legatarius
3057 1465 3261 1532 legato.

2023 1637 2109 1691 15.
2137 1636 2194 1690 Si
2234 1650 2365 1691 vero
2398 1635 2637 1689 moriens
2682 1634 2961 1704 quiSpiam
3007 1634 3205 1688 haeredi
3257 1651 3354 1690 suo
3392 1637 3532 1691 citra

263 1752 379 1805 φως
407 1736 502 1788 καὶ
534 1733 704 1803 χωρὶς
749 1729 1042 1801 μαρτύρων
1084 1731 1187 1800 τὴν
1221 1728 1354 1781 ἰδίαν
1385 1725 1689 1799 καταλείψῃ
1716 1727 1843 1779 ὑπό-

1953 1728 2283 1797 scriptnram
2317 1738 2370 1781 et
2398 1729 2602 1795 absque
2638 1725 2889 1789 testibus,
2932 1726 3071 1781 bona
3103 1742 3197 1781 sua
3231 1729 3533 1798 reliquerit,

265 1843 474 1886 στασιν,
506 1825 602 1878 καὶ
632 1823 731 1890 τὴν
756 1822 959 1890 ταύτης
984 1820 1174 1890 ἐντελῆ
1190 1818 1483 1889 διοίκησιν,
1510 1816 1606 1869 καὶ
1626 1818 1842 1888 ἀναφυῇ

262 1936 347 1982 τις
367 1918 635 1987 ἐγκαλῶν,
665 1917 891 1985 λεγάτον
915 1912 1064 1983 αὑτῷ
1095 1911 1323 1982 ὲαθῆναι
1352 1909 1504 1979 παρὰ
1533 1907 1628 1961 τοῦ
1657 1908 1845 1961 τελευ-

260 2011 547 2077 τήσαντος,
567 2006 917 2077 παραστῆσαι
939 2004 995 2057 δὲ
1019 2004 1107 2057 διὰ
1132 2001 1424 2072 μαρτύρων
1451 2001 1485 2070 ἢ
1516 2000 1613 2054 καὶ
1643 2001 1846 2070 ἑτέρως

266 2112 408 2163 πως,
441 2097 697 2168 ἀληθείας
752 2098 823 2148 τὰ
856 2094 986 2164 παρ’
1013 2092 1176 2145 αὑτοῦ
1216 2091 1483 2161 λεγόμενα
1521 2090 1758 2159 ἔχεσθαι,
1785 2091 1845 2142 οὑ

265 2186 487 2239 δύναται
520 2200 535 2213 ’
569 2184 795 2238 διδόσθω
814 2186 891 2255 τῷ
926 2183 1069 2254 λόγῳ
1103 2182 1196 2235 τοὺ
1221 2182 1581 2253 κληρονόμου.

336 2275 432 2339 ις’.
481 2275 835 2329 Ἐκπίπτουσι
866 2277 922 2329 δὲ
958 2276 1057 2345 τῆς
1098 2274 1331 2345 νομίμου
1381 2271 1744 2343 κληρονομίας
1777 2270 1845 2325 δι’

264 2367 588 2439 ἀχαριστίαν
611 2407 627 2432 ,
682 2369 732 2421 oi
762 2368 860 2437 μὲν
917 2367 1107 2429 παῖδες
1138 2406 1151 2430 ,
1187 2368 1235 2419 εἰ
1267 2366 1391 2427 τοὺς
1419 2365 1581 2428 ἰδίους
1636 2362 1848 2433 τύψωσι

264 2462 458 2527 γονεῖς,
492 2460 541 2511 εἰ
580 2458 793 2527 βαρέως
840 2458 1038 2520 αὑτοὺς
1069 2456 1388 2527 ὑϐρίσωσιν,
1430 2456 1463 2526 ἢ
1521 2456 1846 2526 ἐγκλήματα

264 2551 718 2620 κατηγορήσωσιν
747 2548 1027 2619 αὑτοὺς,ἢ
1072 2546 1169 2603 καὶ
1221 2549 1741 2617 συκοφαντήσωσιν’
1795 2547 1846 2599 εί

265 2640 679 2712 φαρμάκοιςὼς
719 2642 1009 2711 φαρμακός
1058 2655 1142 2703 τις
1179 2638 1361 2691 αὑτῶν
1390 2638 1838 2711 συναναστρέφει’

263 2734 313 2785 εἰ
345 2732 804 2786 ἐπιδουλεύσωσιν
860 2732 959 2801 οῖῳ
998 2729 1341 2804 [οίῳδήποτε]
1394 2731 1581 2801 τρόπῳ
1611 2733 1676 2802 τῇ
1728 2730 1841 2803 ζωῇ

262 2824 445 2877 αὐτῶν
467 2839 481 2854 ⁸
512 2826 560 2877 εἰ
589 2825 655 2894 τῇ
699 2824 939 2893 μητρυιᾷ
961 2822 995 2892 ἢ
1024 2821 1273 2893 παλλακῇ
1302 2821 1395 2875 τοῦ
1426 2822 1633 2892 πατρὸς
1662 2822 1843 2876 αὑτῶν

265 2915 593 2986 σωματικῶς
620 2932 705 2977 τις
737 2916 916 2967 αὑτῶν
956 2917 1090 2984 μιγῇ
1113 2930 1127 2943 ·
1155 2915 1203 2967 εἰ
1240 2913 1364 2977 τοὺς
1400 2916 1576 2981 γονεῖς
1610 2913 1841 2984 φυλακι-

265 3009 526 3079 ζομένους
566 3010 615 3062 οἰ
652 3008 883 3080 ἄρρενες
918 3007 1102 3069 παῖδες
1145 3005 1552 3076 προτραπέντες
1596 3006 1670 3077 μὴ
1698 3006 1841 3059 ἀντι·

265 3101 641 3171 φωνήσουσιψ
671 3103 719 3153 εἰ
759 3101 793 3170 ἡ
823 3098 1069 3168 θυγάτηρ
1098 3098 1176 3170 μὴ
1215 3097 1415 3151 ἑλεῖται
1448 3096 1697 3168 νομίμως
1722 3098 1843 3162 ζευ-

262 3192 461 3264 χθῆναι
482 3191 819 3261 βουλομένων
833 3190 942 3245 τῶν
968 3190 1200 3258 γονέων,
1222 3188 1335 3243 ἀλλ’
1352 3188 1593 3261 αἰσχρῶς
1613 3189 1841 3258 διάγειν·

275 3289 329 3338 εἰ
382 3288 721 3357 μαινομένων
766 3287 873 3340 τῶν
917 3286 1121 3356 γονέων
1158 3284 1235 3359 μὴ
1283 3284 1513 3340 ἕλωνται
1557 3285 1606 3337 οἱ
1649 3284 1838 3349 παῖδες

261 3377 645 3434 ἀντιλαϐέσθαι
674 3378 877 3435 αὑτῶν.

857 3516 1108 3570 ΤΙΤΛΟΣ
1161 3513 1259 3569 ΙΘ’.

761 3627 901 3695 Περὶ
947 3626 1348 3695 κουρατόρων.

335 3740 409 3798 α’.
436 3743 499 3795 Εἰ
521 3742 585 3795 ἐκ
607 3758 766 3795 τινων
804 3741 1031 3810 ὀρφανοὶ
1053 3740 1479 3811 καταλειφθῶσι,
1509 3742 1603 3796 καὶ
1636 3741 1843 3810 νήπιοι,

1952 1835 2078 1875 cum
2114 1834 2301 1873 eorum
2334 1816 2810 1873 administratione
2840 1818 3110 1886 plenazet
3134 1818 3330 1888 aliquis
3358 1836 3540 1874 emer-

1953 1911 2109 1975 serit,
2137 1912 2226 1981 qui
2253 1922 2516 1981 queratur
2548 1926 2575 1963 a
2602 1908 2860 1964 defuncto
2895 1908 3129 1979 legatum
3158 1911 3257 1966 sibi
3286 1910 3534 1966 relictum

1951 2017 2095 2065 esse,
2124 2018 2311 2057 verum
2344 2018 2438 2071 per
2490 2010 2681 2066 testes,
2712 2009 2808 2054 aut
2855 2001 2961 2055 alio
2979 2015 3085 2070 quo
3117 2004 3273 2057 modo
3308 2004 3539 2073 probare

1954 2102 2188 2164 nequeat
2221 2108 2339 2148 esse
2372 2107 2498 2147 vera
2554 2108 2672 2162 qua:
2700 2093 2919 2157 dixerit,
2951 2092 3180 2149 bmredis
3222 2095 3536 2152 discretioui

1960 2183 2213 2238 traditor.

2025 2274 2111 2329 16.
2163 2275 2437 2330 Amittunt
2462 2275 2831 2332 haereditatem
2866 2276 3161 2347 legitimam
3196 2290 3416 2349 propter
3451 2277 3536 2332 in-

1952 2368 2361 2438 gratitudinem,
2395 2367 2490 2422 ﬁlii
2521 2369 2762 2439 quidem,
2822 2370 2867 2424 si
2904 2380 3162 2438 parentes
3189 2386 3316 2425 suos
3344 2372 3537 2425 verbe-

1951 2457 2273 2528 raverint,§si
2305 2473 2499 2527 graves
2524 2461 2604 2515 eis
2636 2460 2860 2527 injurias
2885 2461 3136 2527 fecerint,
3167 2460 3212 2515 si
3236 2461 3539 2515 criminali—

1951 2558 2034 2603 ter
2054 2563 2149 2603 eos
2177 2551 2574 2617 accusaverim,
2609 2561 2702 2605 aut
2725 2552 3038 2606 calumniati
3061 2552 3259 2605 fuerint
3289 2569 3303 2605 :
3331 2552 3375 2606 si
3413 2552 3539 2622 quis

1948 2652 2137 2693 eorum
2168 2653 2293 2692 cum
2347 2638 2625 2705 veneﬁcis,
2680 2648 2939 2710 tanquam
2968 2642 3264 2704 veneﬁcus,
3308 2655 3541 2694 conver-

1949 2738 2104 2785 satur
2130 2745 2143 2780 :
2173 2730 2219 2784 si
2280 2729 2402 2784 vita:
2444 2730 2684 2798 ipsorum
2720 2745 3066 2800 quocumque
3119 2733 3279 2785 modo
3316 2731 3540 2785 insidias

1949 2824 2273 2888 struxerint,
2303 2822 2349 2877 si
2381 2826 2505 2893 quis
2533 2838 2721 2879 eormn
2755 2838 2878 2877 cum
2919 2838 3179 2890 noverca,
3223 2824 3304 2877 vel
3333 2838 3539 2877 concu-

1947 2914 2077 2970 bina
2104 2914 2294 2983 patris,
2321 2913 2615 2969 carnaliter
2637 2913 2833 2968 coierit
2858 2916 2938 2969 :si
2963 2931 3060 2984 pro
3084 2914 3423 2984 parentibus,
3447 2914 3539 2984 qui

1951 3006 2264 3061 carceribus
2286 3004 2620 3068 detinentur,
2655 3006 2831 3075 rogati
2858 3020 2924 3059 eo
2958 3008 3177 3062 nomine
3213 3008 3368 3061 liberi
3396 2998 3539 3059 'ma-

1956 3095 2120 3159 sculi,
2145 3108 2251 3149 non
2279 3093 2706 3149 intervenerint:
2736 3095 2782 3150 si
2803 3095 2911 3148 ﬁlia
2934 3095 3191 3165 legitimis
3214 3097 3422 3167 nuptiis
3447 3112 3538 3151 co-

1953 3185 2129 3255 pulari
2159 3185 2320 3251 nolit,
2354 3185 2674 3255 parentibus
2730 3186 2782 3239 id
2819 3185 3161 3250 volentibus;
3201 3188 3293 3241 sed
3325 3199 3536 3255 turpem

1954 3278 2119 3332 vitam
2149 3290 2309 3344 agere
2337 3274 2492 3329 malit
2518 3292 2533 3330 :
2569 3275 2614 3329 si
2664 3274 2983 3345 parentibus
3024 3273 3211 3330 furore
3239 3278 3537 3347 correptis,

1952 3367 2107 3424 liberi
2133 3382 2322 3424 curam
2364 3380 2557 3422 eorum
2586 3365 2870 3435 suscipere
2903 3364 3098 3420 nolint.

2514 3494 2814 3553 TITULUS
2844 3494 2989 3551 XIX.

2517 3614 2593 3670 De
2614 3613 2970 3670 curatoribus.

2027 3750 2075 3802 ι.
2110 3746 2167 3801 Si
2201 3746 2269 3799 ab
2299 3744 2570 3813 aliquibus
2618 3743 2794 3798 relicti
2854 3742 3042 3812 pupilli
3102 3741 3328 3808 fuerint,
3370 3750 3424 3797 et
3452 3743 3537 3797 in-

260 3836 362 3889 xatl.
377 3834 575 3887 ὕπεστι
599 3832 809 3895 τούτοις
840 3833 1158 3895 ὑπόστασις,
1184 3834 1233 3884 εί
1270 3835 1369 3903 μὲν
1388 3835 1438 3886 oi
1461 3835 1639 3901 γονεῖς
1664 3833 1843 3886 αὐτῶν

1950 3840 2148 3901 fantes,
2190 3837 2281 3907 qui
2319 3835 2713 3905 patrimonium
2747 3833 2969 3902 aliquod
3018 3833 3239 3894 habent,
3267 3832 3534 3900 siquidem

256 3925 625 3988 τελευτῶντες
646 3924 940 3994 ἐγγράφως
966 3923 1283 3994 κουράτορα
1303 3924 1514 3987 τούτοις
1537 3940 1612 3976 πα
1621 3924 1843 3995 ρέασαν,

1955 3940 2207 4001 parentes
2249 3942 2439 3981 eorum
2497 3925 2851 3989 decedentes,
2884 3925 2935 3978 in
2968 3923 3192 3992 scriptis
3224 3932 3534 3977 curatorem

257 4016 617 4088 φυλαττέσθω
660 4015 866 4070 τούτων
921 4018 954 4086 ἡ
1005 4014 1293 4086 βούλησις
1326 4016 1375 4068 εί
1408 4015 1466 4068 δὲ
1502 4016 1597 4069 καὶ
1648 4016 1744 4086 μὴ,
1795 4015 1843 4068 οἰ

1954 4023 2086 4092 ipsis
2124 4020 2521 4089 relinquerunt,
2554 4014 2804 4070 voluntas
2839 4014 3082 4084 ipsorum
3113 4022 3357 4068 servator
3392 4032 3404 4067 :
3450 4015 3534 4069 sin

262 4112 487 4178 εὐαγεῖς
519 4102 657 4161 οἶκοι
691 4108 791 4178 τὴν
819 4106 1024 4161 τούτων
1064 4104 1426 4176 κουρατορίαν
1457 4106 1753 4175 ἐχέτωσαν,
1787 4106 1843 4158 ὲν

1954 4124 2160 4177 autem,
2200 4109 2537 4166 venerabiles
2562 4109 2755 4163 domus
2781 4120 2969 4161 eorum
2997 4105 3330 4161 curatoriam
3361 4107 3536 4161 susci-

266 4204 366 4271 μὲν
399 4202 466 4271 τῇ
494 4198 845 4267 θεοφυλάκτῳ
870 4198 1044 4268 ταύτῃ
1075 4197 1250 4263 πόλει,
1281 4196 1843 4267 τὸρρφανοτροφεῖον,

1949 4205 2161 4273 piunto,
2182 4203 2233 4256 in
2259 4201 2525 4257 custodita
2545 4198 2764 4269 quidem
2791 4197 3047 4252 divinitus
3066 4200 3164 4251 bac
3181 4197 3334 4263 urbe,
3357 4197 3533 4267 ipsum

264 4291 360 4344 καὶ
403 4290 452 4342 οἱ
496 4289 675 4341 λοιποὶ
716 4287 935 4356 εὐαγεῖς
967 4282 1127 4351 οἶκοι,
1182 4287 1277 4339 καὶ
1310 4286 1368 4339 αί
1408 4284 1843 4355 γεγνωρισμέναι

1949 4294 2491 4365 orplianotropbium,
2515 4302 2568 4348 et
2592 4300 2800 4347 caetera:
2832 4291 3022 4344 domus
3051 4289 3338 4359 religiosae,
3362 4300 3417 4345 et
3440 4304 3536 4353 ee-

262 4378 551 4449 ὲκκλησίαι
579 4394 592 4408 ο
620 4380 681 4431 ὲν
710 4378 769 4431 δὲ
803 4379 925 4440 ταῖς
969 4375 1263 4448 ἐπαρχίαις
1297 4375 1367 4429 τὰ
1397 4377 1747 4439 ἐπισκοπεῖα,
1780 4376 1843 4430 τὰ

1956 4388 2132 4442 clesire
2156 4397 2336 4441 notae:
2368 4386 2419 4440 in
2450 4384 2741 4456 provinciis
2766 4396 2914 4447 vero,
2947 4383 3243 4451 episcopia,
3269 4394 3536 4439 monaste-

265 4472 625 4543 μοναστήρια,
671 4475 768 4524 καὶ
809 4470 866 4523 αἱ
910 4468 1222 4537 ἐκκλησίαι,
1273 4466 1467 4539 μέχρις
1516 4466 1639 4520 ὅτου
1705 4468 1843 4538 πρὸς

1949 4479 2026 4531 ria
2056 4488 2111 4531 et
2162 4475 2428 4539 ecclesiae,
2484 4488 2769 4544 quousque
2827 4473 3145 4543 nuptiarum
3185 4474 3253 4527 ad
3319 4484 3534 4546 tempus

260 4564 443 4633 γάμου
490 4561 680 4633 καιρὸν
722 4560 1100 4624 καταντῶντες
1132 4560 1182 4614 οἰ
1227 4557 1558 4630 κληρονόμοι
1595 4558 1841 4630 ζευχθῶ-

263 4671 372 4709 σιν.

338 4740 406 4811 β’.
453 4742 514 4794 Εἰ
557 4740 614 4794 δὲ
646 4740 742 4793 καὶ
794 4740 931 4812 πρὸς
983 4741 1161 4810 γάμον
1191 4739 1369 4794 ἐλθεῖν
1417 4740 1467 4792 oi
1500 4739 1732 4794 τοιοῦτοι
1783 4742 1845 4794 οὑ

264 4833 569 4903 βούλονται,
627 4833 821 4905 μέχρις
864 4832 1212 4896 εἰκοσαετοῦς
1244 4834 1436 4903 χρόνου
1474 4830 1600 4893 τοὺς
1648 4832 1847 4896 αὑτοὺς

260 4927 480 4994 εὐαγεῖς
507 4927 710 4990 οἴκους,
741 4926 812 4979 τὰ
847 4925 1206 4996 μοναστήρια,
1260 4928 1355 4978 καὶ
1386 4924 1485 4988 τὰς
1527 4924 1846 4994 ἐκκλησίας,

258 5018 363 5079 τάς
403 5015 657 5078 τοιαύτας
712 5016 1037 5078 ὑποστάσεις
1076 5015 1548 5086 παραφυλάττειν,
1602 5018 1695 5070 καὶ
1746 5012 1847 5069 εἷθ’

258 5107 433 5168 οὕτως
453 5105 756 5168 ἀνελλιπῶς
776 5104 979 5169 ταύτας
1009 5108 1120 5169 τοῖς
1144 5106 1459 5177 εἰρημένοις
1484 5107 1845 5179 κληρονόμοις

259 5196 588 5250 ἀποδιδόναι.
622 5196 695 5248 Οὑ
726 5198 833 5264 γὰρ
858 5194 1083 5264 ἀρεστὸν
1116 5194 1195 5263 τῷ
1228 5195 1349 5266 Θεῷ
1380 5197 1495 5249 ἐστι
1518 5236 1532 5260 ,
1559 5197 1621 5250 τὸ
1673 5196 1847 5249 καθά-

260 5304 369 5359 περ
392 5290 555 5358 μέχρι
578 5287 669 5341 τοῦ
698 5287 794 5341 νῦν
815 5288 1151 5359 κουράτορας
1175 5288 1397 5360 ἐτέρους
1426 5287 1847 5359 προϐάλλεσθαι,

259 5384 453 5450 καὶ,τὰ
504 5382 612 5435 τῶν
638 5380 889 5453 ὀρφανῶν
920 5380 1248 5446 κατεσθίειν,
1283 5382 1571 5445 κάκείνους
1615 5396 1844 5451 προσαιο

259 5475 398 5526 τείν.
427 5473 489 5525 Οί
512 5472 620 5540 γὰρ
644 5474 858 5539 εὐαγεῖς
871 5467 1030 5534 οἶκοι,
1055 5472 1149 5525 καὶ
1176 5471 1233 5523 αῑ
1251 5471 1343 5524 τοῦ
1373 5471 1509 5525 θεοῦ
1538 5471 1847 5540 ἐκκλησίαι,

263 5565 311 5615 oi
346 5562 581 5616 καὶτῶν
636 5562 813 5616 ἄλλων
870 5561 1283 5632 προϊστάμενοι,
1340 5566 1432 5616 καὶ
1476 5563 1601 5627 τοὺς
1642 5561 1847 5629 ξένουι,

265 5654 335 5719 ὡς
372 5656 553 5723 ἰδίους,
593 5653 737 5709 κατά
771 5652 871 5723 τὴν
902 5651 1121 5723 ἐντολὴν
1150 5652 1245 5706 τοῦ
1281 5655 1488 5725 Κυρίου
1513 5654 1847 5725 ξενοδοκοῦν-

1948 4568 2191 4622 baeredcs
2249 4567 2474 4638 propius
2508 4566 2851 4630 accedentes,
2900 4565 3247 4620 matrimonio
3276 4566 3534 4635 capulan-

1952 4668 2059 4713 llll‘.

2018 4744 2075 4799 2.
2106 4743 2200 4799 Sin
2225 4743 2295 4798 illi
2324 4759 2382 4798 se
2409 4742 2477 4797 ad
2496 4741 2900 4797 matrimonium
2936 4741 3184 4797 conferre
3215 4742 3410 4808 nolint,
3440 4758 3531 4798 us-

1948 4851 2055 4907 que
2082 4836 2148 4890 ad
2176 4850 2376 4889 annum
2414 4833 2731 4903 vigesimum
2782 4834 2983 4888 eaedem
3017 4834 3210 4888 domus
3236 4833 3526 4901 religiosw,

1950 4928 2301 4993 monasteria,
2322 4936 2376 4980 et
2398 4925 2664 4989 ecclesias,
2694 4925 2955 4994 ejusmodi
2999 4924 3318 4994 patrimonia
3351 4933 3530 4978 custo-

1949 5018 2120 5084 diant,
2150 5026 2311 5087 atque
2340 5016 2410 5069 ita
2459 5014 2659 5069 deinde
2692 5013 2810 5069 sine
2834 5013 3047 5069 defectu
3069 5031 3129 5067 ea
3162 5014 3322 5067 dictis
3353 5013 3527 5067 hmre—

1950 5110 2112 5164 dibus
2147 5108 2451 5162 restituant.
2495 5103 2609 5159 Non
2639 5106 2782 5159 enim
2830 5114 3112 5174 acceptum
3156 5113 3237 5157 est
3272 5104 3400 5168 Deo,
3434 5120 3531 5157 cu-

1952 5210 2161 5256 ratores
2218 5200 2351 5254 alios
2410 5197 2691 5264 constitui,
2757 5197 3208 5268 quemadmodum
3268 5197 3320 5251 in
3387 5198 3531 5253 hunc

1952 5307 2124 5362 usque
2152 5292 2294 5346 diem
2327 5289 2529 5345 factum
2559 5287 2682 5355 fuit,
2715 5289 2807 5358 qui
2834 5287 3161 5359 pupillorum
3192 5286 3332 5342 bona
3362 5288 3528 5342 devo-

1951 5394 2117 5450 rent,
2178 5383 2307 5452 ipsis
2367 5382 2822 5437 mendicantibus.
2899 5380 3110 5449 Quippe
3188 5378 3528 5434 venerabiles

1952 5477 2169 5538 donius,
2202 5484 2256 5528 et
2305 5474 2551 5528 ecclesia:
2602 5472 2715 5536 Dei,
2748 5488 2867 5541 qua:
2902 5472 3023 5525 aliis
3048 5470 3212 5525 etiam
3263 5480 3524 5539 prtesullt,

1952 5578 2009 5621 ct
2049 5565 2276 5629 alienos,
2309 5577 2563 5631 tanquam
2606 5579 2753 5629 suos,
2784 5563 2939 5631 juxta
2972 5562 3182 5616 Domini
3212 5564 3522 5617 mandatum

1954 5652 2206 5724 hospitiis
2256 5654 2555 5723 excipiunt,
2596 5652 2762 5709 multo
2795 5655 2965 5722 magis
3000 5650 3161 5727 .bona
3204 5653 3525 5726 pupillorum
