4084 6208
491 291 606 356 515

1450 284 1954 346 CONSTANTINI
1993 284 2669 345 PORPHYROGENITI

3639 284 3744 349 516

486 404 815 470 custodient,
851 415 1152 470 eorumque
1204 397 1608 453 restitutionem
1661 411 1761 452 suo
1818 405 2060 464 tempore

2189 413 2252 458 rs;
2281 398 2375 449 καὶ
2410 397 2821 466 ὑποδεχόμενοι,
2861 400 3041 470 πολλῷ
3066 400 3228 454 πλέον
3258 403 3324 455 τὰ
3355 403 3460 455 τῶν
3492 404 3744 473 ὀρφανῶν

482 494 706 549 facient.

1045 671 1347 728 TITULUS
1375 669 1490 725 XX.

1034 784 1109 837 De
1159 785 1512 841 libertatibus.

556 895 606 946 1.
667 893 997 948 Libertatem
1045 894 1396 962 consequitur
1446 907 1660 956 servus,
1695 908 1817 946 cum
1845 891 2061 946 domino

499 1002 598 1040 suo
637 986 774 1039 liber
805 999 923 1038 esse
943 983 1245 1052 publicatus
1265 983 1424 1037 fuerit
1448 983 1499 1034 in
1525 982 1776 1048 ceclesia,
1800 983 1884 1036 vel
1903 983 2063 1036 etiam

485 1094 670 1134 coram
707 1087 936 1147 septem,
989 1087 1084 1130 aut
1113 1078 1374 1146 quinque,
1398 1085 1492 1130 aut
1545 1075 1716 1130 tribus
1749 1075 1956 1138 amicis,
1998 1076 2062 1128 ad

487 1171 592 1224 hoc
623 1167 957 1231 convocatis,
1001 1182 1064 1222 ac
1092 1167 1585 1231 subscribentibus,
1617 1175 1671 1220 et
1714 1166 1767 1220 id
1793 1166 1934 1234 quod
1965 1179 2065 1220 no-

487 1267 632 1322 runt,
670 1259 734 1308 ad
773 1265 1048 1321 gestorum
1082 1267 1431 1311 monumenta
1467 1256 1884 1326 deponentihus.

556 1348 611 1398 9.
651 1341 935 1401 Vell'etiam
987 1362 1082 1414 per
1125 1348 1408 1414 epistolam
1441 1347 1644 1402 domini
1692 1350 1797 1414 sui,
1825 1352 2064 1420 quinque

490 1439 732 1504 testium,
769 1440 851 1494 vel
904 1441 1084 1504 trium,
1117 1455 1214 1494 ceu
1251 1441 1472 1504 dictum,
1505 1441 1933 1508 subscriptiones
1965 1446 2065 1498 hoc

489 1531 708 1586 nomine
754 1532 1042 1586 habentent
1073 1549 1087 1598 ;
1125 1546 1244 1599 qua!
1278 1541 1603 1585 testamento
1631 1533 1913 1601 inscripta,
1945 1551 2066 1591 ser-

490 1634 559 1674 vo
581 1619 762 1674 datur.

559 1709 829 1764 5.1tidem
904 1725 1068 1778 quum
1113 1710 1179 1764 de
1216 1710 1489 1765 voluntate
1540 1712 1805 1778 defuncti,
1833 1715 1913 1768 vel
1948 1731 2069 1784 per-

492 1801 660 1855 missu
717 1800 948 1856 hmredis
999 1817 1189 1856 servus
1223 1803 1276 1854 in
1310 1802 1501 1870 rapite
1545 1803 1772 1858 linteum
1829 1815 2070 1875 gestans,

493 1891 733 1948 defuncti
759 1893 924 1949 funus
958 1904 1180 1949 secutus
1205 1894 1390 1949 fuerit.

563 2077 618 2130 4.
657 2078 722 2132 Ει
757 2093 880 2132 cum
915 2080 1217 2148 subjectum
1246 2079 1348 2135 sibi
1375 2095 1590 2134 servum
1626 2078 2072 2148 personmlherae

493 2171 744 2225 dominus
768 2170 1132 2240 coniunxerit.

565 2264 619 2328 5,
663 2264 771 2318 Aut
809 2280 1025 2318 rursum
1061 2265 1104 2318 si
1140 2266 1390 2322 dominus
1411 2268 1550 2337 ejus,
1583 2276 1677 2322 aut
1705 2266 1946 2333 domina,
1981 2275 2074 2321 aut

496 2369 687 2410 eorum
724 2355 904 2420 liberi,
947 2355 1087 2410 scitu
1119 2371 1181 2410 ac
1216 2360 1574 2428 permissione
1594 2369 1878 2430 parentum
1903 2361 1968 2415 de
1986 2374 2077 2414 sa-

497 2464 590 2504 cro
613 2458 668 2502 et
697 2448 920 2502 salutari
955 2448 1171 2504 lavacro
1204 2465 1327 2504 eum
1361 2452 1721 2521 susceperint.

570 2631 623 2684 6.
661 2631 715 2686 Si
753 2633 1054 2688 scientibus
1077 2649 1139 2688 ac
1163 2633 1468 2688 volentibus
1490 2633 1725 2688 dominis
1756 2633 1870 2687 suis
1887 2631 2074 2688 clerici

497 2720 583 2773 vel
620 2724 872 2776 monachi
912 2723 1038 2777 facti
1082 2724 1311 2786 fuerint,
1352 2738 1417 2778 ac
1447 2724 1605 2779 dictae
1649 2723 1929 2779 libertates
1959 2731 2073 2780 sta-

500 2809 595 2862 tim
628 2812 842 2875 exinde,
879 2813 961 2865 vel
989 2814 1150 2867 etiam
1179 2814 1281 2869 sub
1310 2814 1643 2881 conditione,
1667 2829 1696 2868 a
1719 2813 1954 2870 dominis
1976 2828 2074 2870 eo-

499 2915 618 2953 rum
654 2901 1051 2958 coneeduntnr.
1475 2902 1490 2904 ’

570 2993 624 3046 7.
667 2993 722 3048 Si
761 2996 886 3063 quis
935 3002 1114 3049 autem
1167 2994 1352 3062 aliquo
1391 3009 1458 3050 ex
1493 2995 1578 3052 his
1623 2996 1794 3052 modis
1826 2997 2077 3051 libertate

500 3083 756 3148 donatus,
794 3086 846 3138 in
879 3087 1140 3141 servitute
1161 3087 1454 3154 detinetur,
1486 3087 1556 3141 ad
1589 3101 1803 3142 sacram
1827 3095 2076 3142 sanctam
2109 3115 2152 3174 ο

424 3217 433 3231 .
503 3175 598 3228 Dei
627 3173 930 3231 Ecclesiam
978 3177 1223 3244 accedat,
1278 3186 1331 3233 et
1351 3179 1416 3232 ad
1467 3178 1814 3250 magistratus
1862 3192 2083 3248 compe-

502 3275 679 3322 tentes
702 3277 754 3322 et
781 3267 922 3337 apud
947 3281 1043 3323 eos
1085 3283 1397 3326 concessam
1417 3269 1518 3325 sibi
1544 3268 1850 3325 libertatem
1872 3269 2084 3340 probet,

500 3371 731 3427 eamque
767 3359 1016 3428 accipiat.

573 3450 629 3502 8.
684 3449 889 3502 Servus
920 3449 988 3501 ab
1040 3449 1287 3504 hostibus
1337 3458 1550 3519 captus,
1587 3449 1632 3504 si
1664 3465 1763 3519 pro
1811 3451 2084 3518 republica

505 3538 762 3589 damnum
795 3544 850 3589 et
880 3536 1086 3590 cladem
1112 3537 1404 3605 quamdam
1451 3539 1531 3593 eis
1565 3537 1785 3606 inferat,
1818 3548 1980 3609 atque
2012 3541 2084 3596 ita

505 3625 748 3714 vicissim
784 3633 1119 3692 revertatur,
1157 3627 1444 3684 confestim
1478 3631 1904 3686 manumittitur.

552 3807 633 3863 ‘9.
667 3808 770 3874 Qui
814 3822 943 3863 vero
966 3816 1179 3877 captus,
1211 3825 1428 3865 rursum
1461 3808 1751 3882 aufugerit,
1779 3813 1977 3871 damno
2008 3817 2089 3874 eis

506 3920 605 3972 pro
634 3901 911 3970 republica
979 3917 1085 3956 non
1116 3901 1282 3971 illato,
1319 3906 1413 3959 sed
1437 3907 1510 3960 ita
1545 3913 1726 3962 tamen
1752 3909 2084 3965 revertitur:

509 3997 555 4050 is
577 3993 797 4048 domino
819 4007 917 4047 suo
943 3993 1373 4064 quinquennium
1401 3997 1624 4064 serviat,
1661 4006 1822 4069 atque
1844 4001 1918 4055 ita
1933 4001 2087 4055 dein-

508 4087 576 4141 de
605 4087 738 4139 liber
769 4094 906 4139 esto.

591 4174 679 4229 10.
712 4175 813 4242 Qui
853 4175 917 4228 ad
949 4174 1133 4230 hostes
1152 4185 1342 4245 sponte
1374 4191 1469 4232 sua
1519 4180 1810 4246 procurrit,
1843 4196 2088 4236 rursum-

519 4283 627 4338 que
690 4266 817 4320 tacti
855 4266 1171 4333 paenitentia
1225 4270 1440 4329 ductus,
1491 4267 1536 4321 si
1586 4269 1654 4322 ab
1681 4269 1762 4324 eis
1808 4272 2087 4342 aufugiens

513 4369 842 4423 revertetur,
897 4360 942 4414 is
1002 4369 1306 4429 propterea,
1367 4361 1508 4427 quod
1557 4363 1780 4418 omnino
1814 4367 2086 4436 transfuga

2172 486 2488 555 φυλάξουσι,
2523 489 2616 540 καὶ
2641 487 2844 541 τούτων
2866 492 2964 561 τὴν
2995 493 3444 548 ἀποκατάστασιν
3474 495 3650 567 καιρῷ
3669 497 3748 567 τῷ

2176 581 2291 652 ίδίῳ
2323 584 2656 654 ποιήσουσιν.

2762 673 3012 726 ΤΙΤΛΟΣ
3075 675 3161 731 Κ’.

2661 784 2798 851 Περὶ
2857 785 3233 854 ἑλευθεριῶν.

2243 899 2314 948 α’.
2334 892 2667 948 Ἐπιτίθεται
2680 897 2706 948 ό
2718 896 2938 965 οἰκέτης
2953 897 3260 970 ἐλευθερίᾳ,
3277 899 3478 953 ὁπόταν
3494 900 3642 971 παρὰ
3657 901 3750 955 τοῦ

2175 979 2305 1032 ἰδίου
2329 981 2517 1050 κυρίου
2551 982 2612 1050 δη
2623 983 2881 1054 μοσιευθῇ
2907 983 3100 1054 [δῆμος
3121 985 3344 1056 εὑρεθῇ]
3380 989 3438 1038 ἐν
3459 987 3751 1058 ἐκκλησίᾳ,

2174 1073 2282 1124 εἴτε
2303 1073 2396 1124 ἐπὶ
2418 1073 2628 1144 ὲπτὰ,ἢ
2654 1076 2835 1138 πέντε,
2863 1076 2894 1145 ἦ
2930 1076 3022 1129 καὶ
3061 1077 3229 1148 τριῶν
3257 1077 3446 1145 φίλων,
3482 1079 3752 1132 ἐπὶτοῦτο

2173 1162 2646 1233 προσκληθέντων,
2675 1167 2768 1216 καὶ
2803 1167 3267 1236 ὑπογραφομένων
3299 1169 3393 1222 καὶ
3421 1171 3753 1239 ἀποτιθεμέ-

2173 1269 2279 1304 νων
2303 1254 2395 1305 ὲπὶ
2421 1255 2670 1322 πράξεως
2685 1256 3092 1326 ὑπομνημάτων
3111 1258 3210 1327 τὴν
3229 1260 3435 1312 οἰκείαν
3465 1259 3695 1329 εἴδησιν.

2245 1342 2308 1413 β’.
2336 1345 2459 1397 Εἴτε
2489 1346 2557 1398 δι’
2577 1347 2866 1418 ἐπιστολῆς
2887 1348 2980 1401 τοῦ
3012 1351 3203 1420 κυρίου
3233 1352 3421 1414 αὐτοῦ,
3458 1359 3498 1403 ε’
3531 1353 3749 1422 μαρτύ-

2175 1452 2306 1504 ρων,
2354 1437 2388 1507 ἢ
2442 1438 2537 1490 καὶ
2563 1445 2648 1507 γ’,
2683 1441 2757 1502 ὼς
2797 1440 3036 1510 εἴρηται,
3076 1443 3400 1512 ὑπογραφὰς
3451 1445 3560 1496 ἐπὶ·
3590 1446 3752 1499 τοῦτο

2174 1527 2427 1599 ἐχούσης,
2462 1528 2495 1600 ἦ
2535 1532 2592 1582 ἐν
2634 1530 2866 1602 διαθήκῃ
2905 1535 3292 1608 ἐγγραφομένῃ
3319 1535 3506 1607 οἰκέτῃ
3528 1536 3748 1592 δίδοται.

2247 1709 2323 1778 γ’,
2360 1710 2521 1764 Ἀλλὰ
2552 1711 2646 1764 καὶ
2675 1713 2804 1766 ὅταν
2823 1713 3074 1786 βουλήσει
3123 1715 3218 1770 τοῦ
3249 1717 3685 1788 τελευτήσαντος,
3716 1720 3748 1790 ἢ

2180 1798 2272 1851 καὶ
2315 1801 2706 1870 παραχωρήσει
2745 1802 2841 1854 τοῦ
2889 1803 3224 1874 κληρονόμου
3266 1807 3295 1856 6
3323 1805 3538 1878 οίκέτῃς
3581 1807 3639 1858 ἐν
3685 1811 3751 1878 τῇ

2180 1889 2392 1960 κεφαλῇ
2443 1894 2634 1943 παννῖν
2661 1898 2680 1913 ¹
2709 1891 2973 1965 [παννίον]
3006 1895 3341 1973 φορέσαςςτῇ
3378 1896 3471 1949 τοῦ
3501 1897 3757 1968 τελευτή-

2180 1997 2372 2042 σαντος
2401 1981 2594 2051 κηδείᾳ
2618 1983 3066 2053 ἐπακολουθήσει.

2248 2071 2311 2125 δ’.
2332 2073 2441 2124 Καὶ
2471 2073 2566 2125 ἐὰν
2589 2073 2615 2125 6
2633 2071 2819 2141 κύριος
2836 2074 2926 2128 τὸν
2942 2075 3299 2147 ὑποκείμενον
3331 2078 3498 2132 αὐτοῦ
3518 2078 3558 2151 [⁵
3584 2077 3757 2149 αὐτῷ]

2177 2163 2363 2219 δοῦλον
2391 2163 2662 2235 ἐλευθέρῳ
2699 2165 2879 2230 ζεύξει
2911 2166 3206 2238 προσώπῳ.

2249 2253 2310 2309 ε’.
2337 2257 2413 2308 ﬂ"
2429 2256 2611 2320 πάλιν,
2640 2255 2734 2308 ἐὰν
2759 2256 2786 2307 ὁ
2811 2255 2998 2327 κύριος
3028 2257 3213 2323 αὐτοῦ,
3237 2258 3270 2329 ἢ
3303 2260 3542 2328 ήτούτου
3565 2262 3751 2330 κυρία,

2182 2347 2216 2416 ἢ
2244 2348 2312 2399 τά
2341 2345 2519 2398 αὐτῶν
2551 2346 2736 2406 τέκνα,
2765 2346 2969 2416 είδήσει
2991 2348 3086 2400 καὶ
3111 2349 3380 2419 ἐπιτροπῇ
3399 2350 3504 2403 τῶν
3528 2350 3752 2416 γονέων,

2179 2441 2246 2492 ἐκ
2297 2438 2392 2492 τοῦ
2428 2438 2586 2507 ἁγίου
2631 2437 2727 2492 καὶ
2765 2440 3141 2510 σωτηριωδους
3172 2440 3546 2511 βαπτίσματος
3595 2441 3756 2495 αὐτὸν

2181 2527 2564 2594 ἀναδέξωνται.

2253 2616 2330 2683 ς’.
2359 2617 2488 2689 Ἐάν
2533 2617 2736 2688 είδήσει
2776 2617 2884 2672 τῶν
2941 2619 3145 2690 κυρίων
3203 2621 3386 2675 αὐτῶν
3443 2622 3748 2694 κληρικοὶῆ

2196 2707 2420 2779 μοναχοὶ
2441 2708 2726 2775 γένωνται.
2757 2709 2822 2762 Al.
2845 2709 2904 2763 δὲ
2938 2711 3224 2781 εἰρημέναι
3251 2713 3550 2784 ὲλευθερίαι
3593 2716 3758 2767 ἀπεν-

2181 2798 2371 2852 τεῦθεν
2415 2800 2540 2871 ήδη,
2588 2799 2620 2870 ἢ
2670 2800 2764 2853 καὶ
2797 2799 2902 2853 ὑπὸ
2948 2801 3075 2873 ὅρον
3103 2803 3253 2872 παρὰ
3291 2806 3400 2858 τῶν
3431 2807 3638 2876 κυρίων
3663 2807 3760 2860 αὐ-

2191 2890 2298 2942 τῶν
2324 2890 2575 2944 δίδονται.

2254 2974 2319 3041 ζ’.
2380 2979 2442 3031 El
2495 2977 2553 3030 δέ
2587 2994 2670 3039 τις
2716 2979 2781 3030 ἐκ
2811 2976 3015 3032 τούτων
3049 2980 3156 3035 τῶν
3207 2981 3426 3052 τρόπων
3477 2981 3760 3053 ἐλευθερίᾳ

2183 3069 2475 3140 τιμηθεὶς,
2515 3074 2574 3125 ἐν
2620 3072 2836 3146 δουλείᾳ
2879 3075 3206 3145 κατέχεται,
3264 3075 3648 3146 προσερχέσθω
3690 3079 3757 3145 τῇ

2185 3162 2320 3233 ἁγίᾳ
2375 3161 2470 3216 τοῦ
2542 3162 2678 3215 Θεοῦ
2731 3165 3050 3238 Ἐκκλησία,
3119 3168 3215 3220 καὶ
3267 3169 3377 3230 τοῖς
3431 3166 3758 3238 προσφόροις

2189 3253 2441 3325 ἄρχουσι,
2493 3255 2588 3308 καὶ
2625 3257 2756 3326 παρ’
2789 3259 2976 3322 αὐτοῖς
3005 3258 3073 3312 τά
3105 3259 3204 3326 τῆς
3233 3259 3574 3329 ἐπιτεθείσης
3614 3259 3759 3328 αὐτῷ

2185 3347 2495 3417 ἐλευθερίας
2525 3347 2919 3416 ὰποδεικνύτω,
2948 3351 3042 3403 καὶ
3069 3349 3275 3420 ταύτην
3303 3350 3651 3404 ἀπολαϐέτω.

2256 3435 2324 3508 η’.
2413 3439 2473 3490 '0
2549 3437 2655 3490 ὑπὸ
2713 3440 2820 3494 τῶν
2890 3442 3164 3512 πολεμίων
3227 3441 3760 3512 αίχμαλωτιζόμενος

2185 3529 2422 3600 οἰκέτης,
2442 3531 2538 3581 καὶ
2564 3529 2785 3600 κλάσμα
2800 3549 2851 3585 τι
2878 3531 3014 3603 ὑπὲρ
3039 3533 3140 3601 τῆς
3166 3533 3440 3597 πολιτείας
3463 3535 3543 3595 εἰς
3565 3535 3761 3596 αὐτοὺς

2185 3621 2614 3692 ἐνδεικνύμενος,
2630 3625 2721 3678 καὶ
2737 3624 2910 3690 οὕτως
2921 3625 3398 3696 ἀνθυπστρέφων,
3417 3626 3761 3698 παραχρῆμα

2186 3714 2588 3786 ἐλευθεροῦται.

2259 3802 2322 3857 θ’.
2377 3804 2434 3857 '0
2467 3804 2524 3858 δὲ
2564 3802 3060 3874 αἰχμαλωτισθεὶς,
3107 3805 3204 3858 καὶ
3251 3804 3410 3859 πάλιν
3442 3805 3761 3874 ἀποφυγὼν,
3853 3828 3856 3829 ν

2189 3895 2416 3966 κλάσμα
2441 3898 2518 3959 είς
2557 3895 2756 3958 αὐτοὺς
2798 3895 2937 3966 ὑπὲρ
2981 3896 3078 3966 τῆς
3122 3896 3398 3959 πολιτείας
3429 3896 3506 3967 μὴ
3537 3898 3766 3965 ποιησά-

2193 4005 2372 4058 μενος,
2393 3986 2508 4040 ἀλλ’
2522 3986 2693 4051 οὕτως
2711 3969 3194 4057 ἀνθυποστρέςρων,
3215 3989 3531 4042 πενταετίαν
3549 3992 3610 4058 τῇ
3657 3988 3761 4058 ἰδίᾳ

2187 4080 2475 4151 δεσποτεία
2497 4080 2858 4146 δουλευσάτω,
2891 4080 2985 4133 καὶ
3017 4076 3115 4132 εἶθ’
3141 4080 3313 4142 οὕτως
3339 4080 3758 4149 ἐλευθερούσθω.

2266 4171 2316 4224 ι’.
2366 4172 2424 4224 Ὀ
2463 4172 2940 4242 αύτοπροαιρέτως
3000 4171 3221 4242 ἐχθροῖς
3265 4172 3634 4243 προστρέχων,
3667 4172 3764 4224 καὶ

2193 4263 2358 4316 πάλιν
2400 4264 2822 4335 μεταμεληθεὶς,
2867 4266 2916 4318 εί
2950 4263 3139 4335 φυγὼν
3185 4265 3536 4335 ὑποστρέφει,
3574 4265 3640 4317 δι’
3689 4257 3764 4315 ῶν

2189 4353 2325 4416 ὅλως
2380 4354 2760 4425 αὐτομολήσας
2809 4354 3020 4420 τούτοις
3067 4357 3470 4427 προσέδραμεν,
3521 4356 3624 4418 ἕως
3666 4359 3765 4427 τῆς
3869 4391 3876 4398 -

511 4452 693 4508 factus
723 4451 788 4505 ad
813 4464 904 4506 eos
937 4465 995 4507 se
1027 4451 1341 4516 contulerit,
1373 4460 1482 4506 toto
1516 4452 1639 4508 vitae
1685 4470 1797 4511 suae
1844 4467 2082 4528 tempore

2192 4445 2339 4517 ζωῆς
2373 4447 2539 4501 αὐτοῦ
2565 4447 2706 4502 ἔστω
2725 4447 2931 4512 δοῦλος.

509 4557 697 4597 servus
725 4548 864 4595 σξιο.

584 4632 674 4685 11.
710 4631 912 4685 Servus
938 4630 1140 4686 domini
1179 4633 1262 4686 sui
1312 4635 1510 4691 caedem
1571 4634 1838 4701 indicans,
1883 4637 2088 4706 praemii

515 4723 638 4778 loco
663 4722 970 4777 libertatem
1002 4727 1371 4795 consequitor.

592 4815 676 4869 12.
709 4814 909 4871 Servus
937 4819 1143 4873 sciente
1165 4819 1381 4874 domino
1413 4836 1509 4875 suo
1539 4822 1774 4876 militans
1792 4821 2091 4876 libertatem

513 4908 731 4978 accipit.

585 4998 671 5052 15.
726 4997 986 5052 Dominus
1041 5000 1133 5067 qui
1191 5014 1407 5054 servum
1468 5016 1622 5055 suum
1691 5001 1770 5055 vel
1819 5002 2089 5068 ancillam,

517 5087 674 5155 quasi
705 5087 931 5141 liberam
961 5102 1054 5155 per
1085 5090 1305 5158 nuptias
1347 5105 1589 5158 persona:
1617 5091 1801 5145 liberas
1853 5093 2090 5160 capulat,

513 5178 597 5232 vel
631 5179 684 5232 in
716 5180 937 5247 nuptias
974 5181 1267 5243 consentit,
1302 5181 1383 5234 vel
1416 5182 1480 5235 de
1518 5182 1783 5236 industria
1837 5193 1996 5245 tacet,
2045 5183 2091 5237 is

517 5284 698 5338 neque
734 5267 1137 5322 matrimonium
1167 5267 1435 5337 dissolvit,
1463 5280 1626 5340 atque
1663 5273 1827 5326 etiam
1875 5273 2090 5327 illorum

515 5357 757 5412 dominio
791 5357 1011 5411 excidit.

594 5451 677 5504 ιιι.
701 5448 800 5515 Qui
821 5448 889 5504 ab
905 5448 1151 5504 hostibus
1176 5448 1445 5503 hominem
1471 5450 1697 5505 liberum
1713 5453 1983 5522 captivum
2007 5469 2092 5507 re-

517 5537 691 5602 dimit,
723 5549 778 5593 et
808 5541 860 5593 in
884 5539 1099 5595 domum
1126 5555 1280 5594 suam
1303 5540 1571 5610 restituit;
1600 5540 1864 5612 siquidem
1893 5559 1985 5599 eas
2003 5545 2091 5598 ille

521 5629 802 5683 facultates
831 5633 1012 5698 habet,
1044 5640 1097 5686 ut
1125 5633 1379 5703 pretium,
1409 5632 1474 5686 de
1496 5647 1603 5703 quo
1633 5632 1774 5687 inter
1795 5633 1939 5703 ipsos
1963 5651 2092 5690 con-

520 5717 970 5791 vcnit,integrttm
991 5722 1298 5790 persolvere
1332 5723 1520 5794 possit,
1563 5722 1788 5779 liberum
1828 5723 2086 5778 dimittat.

2270 4625 2356 4681 ια’.
2391 4625 2586 4691 Δοῦλος
2615 4629 2644 4680 6
2688 4627 2910 4700 μηνύων
2936 4627 3026 4681 τὸν
3061 4629 3220 4697 φόνον
3256 4627 3351 4682 τοῦ
3385 4629 3517 4682 ἰδίου
3554 4629 3765 4699 κυρίου,

2195 4718 2295 4789 τὴν
2318 4719 2632 4790 ἐλευθερίαν
2663 4721 2838 4790 ἐχέτω
2855 4719 3108 4774 ἔπαθλον.

2268 4810 2356 4879 ιβ’.
2411 4810 2606 4873 Δοῦλος
2646 4813 2674 4863 ὁ
2709 4810 3134 4881 στρατευόμενος
3181 4812 3383 4884 εἰδήσει
3423 4810 3515 4866 τοῦ
3566 4809 3768 4864 οἰκείου

2205 4900 2485 4967 δεσπότου,
2521 4901 2920 4972 ἐλευθεροῦται.

2271 4991 2360 5059 ιγ’.
2410 4993 2686 5063 Δεσπότης
2711 4993 2800 5045 τὸν
2837 4992 2968 5046 ἴδιον
2997 4993 3206 5058 δοῦλον,
3236 4996 3270 5066 ἢ
3303 4995 3402 5066 τὴν
3434 4996 3769 5067 θεραπαίνην

2197 5082 2272 5145 ὼς
2323 5083 2614 5148 ἐλευθέραν
2687 5085 2972 5139 συνάπτων
3043 5085 3180 5155 πρὸς
3253 5087 3430 5154 γάμον
3499 5086 3770 5156 ἐλευθέρῳ

2202 5177 2499 5248 προσώπῳ,
2538 5177 2570 5248 ἢ
2606 5177 2872 5231 συναινῶν
2893 5182 3005 5242 τοῖς
3034 5180 3256 5250 γάμοις,
3285 5180 3318 5249 ἢ
3355 5179 3606 5250 ἐπίτηδες
3642 5196 3771 5232 σιω-

2201 5270 2342 5332 πῶν,
2378 5269 2496 5322 οὐδὲ
2554 5268 2672 5322 λύει
2709 5269 2799 5323 τὸν
2829 5269 3028 5341 γάμον,
3071 5270 3209 5324 ἀλλὰ
3235 5273 3448 5342 καὶτῆς
3475 5271 3562 5326 ἐπ’
3585 5270 3769 5325 αὐτῶν

2199 5360 2513 5421 δεσποτείας
2551 5360 2826 5416 ἐκπίπτει.

2273 5451 2353 5505 ιδ’.
2401 5451 2461 5502 '0
2483 5451 2547 5504 ἐκ
2576 5451 2684 5504 τῶν
2706 5455 2914 5525 ἐχθρῶν
2939 5458 3219 5529 ἐλεύθερον
3267 5458 3552 5528 ἀγοράζων
3602 5460 3767 5524 αίχμο

2202 5541 2407 5594 άλωτον
2431 5581 2445 5605 ,
2507 5542 2600 5594 καὶ
2627 5545 2685 5594 ὲν
2724 5545 2802 5615 τῷ
2839 5548 2954 5618 ίδίῳ
2990 5548 3125 5620 οἴκῳ
3167 5549 3552 5604 ἁποκαθιστῶν
3582 5549 3764 5610 αὐτὸν,

2201 5635 2246 5686 εἰ
2306 5633 2405 5704 μὲν
2457 5635 2684 5706 εὐπορεί
2736 5637 2834 5702 τὰς
2890 5641 3241 5709 στιχηθείσας
3301 5637 3766 5714 [στοιχηθείσας]

2203 5725 2404 5794 μεταξὺ
2427 5727 2605 5781 αὐτῶν
2624 5729 2906 5800 πληρῶσαι
2939 5734 3128 5802 τιμὰς,
3152 5733 3432 5788 ἀπολυέτω
3459 5731 3764 5802 ἐλεύθερον.
