  <div class='ocr_page' id='page_1' title='image "/cluster/home/n/w/nwhite01/storage/ocr_20150623/113/hvd.32044073502270/262.png"; bbox 0 0 4058 6212; ppageno 0'>
   <div class='ocr_carea' id='block_1_1' title="bbox 366 277 470 342">
    <p class='ocr_par' dir='ltr' id='par_1_1' title="bbox 366 277 470 342">
     <span class='ocr_line' id='line_1_1' title="bbox 366 277 470 342; baseline -0.019 0"><span class='ocrx_word' id='word_1_1' title='bbox 366 277 470 342; x_wconf 84' lang='grc'><strong>517</strong></span> 
     </span>
    </p>
   </div>
   <div class='ocr_carea' id='block_1_2' title="bbox 1637 290 2345 356">
    <p class='ocr_par' dir='ltr' id='par_1_2' title="bbox 1637 290 2345 356">
     <span class='ocr_line' id='line_1_2' title="bbox 1637 290 2345 356; baseline 0.013 -9"><span class='ocrx_word' id='word_1_2' title='bbox 1637 290 2023 352; x_wconf 79' lang='lat' dir='ltr'><strong>DELECTUS</strong></span> <span class='ocrx_word' id='word_1_3' title='bbox 2058 295 2345 356; x_wconf 85' lang='lat' dir='ltr'><strong>LEGUM.</strong></span> 
     </span>
    </p>
   </div>
   <div class='ocr_carea' id='block_1_3' title="bbox 3494 320 3598 383">
    <p class='ocr_par' dir='ltr' id='par_1_3' title="bbox 3494 320 3598 383">
     <span class='ocr_line' id='line_1_3' title="bbox 3494 320 3598 383; baseline 0.019 -2"><span class='ocrx_word' id='word_1_4' title='bbox 3494 320 3598 383; x_wconf 72' lang='grc'><strong>518</strong></span> 
     </span>
    </p>
   </div>
   <div class='ocr_carea' id='block_1_4' title="bbox 422 394 1886 499">
    <p class='ocr_par' dir='ltr' id='par_1_4' title="bbox 422 394 1886 472">
     <span class='ocr_line' id='line_1_4' title="bbox 422 394 1886 472; baseline 0.005 -28"><span class='ocrx_word' id='word_1_5' title='bbox 422 400 503 445; x_wconf 85' lang='grc' dir='ltr'>ιε’.</span> <span class='ocrx_word' id='word_1_6' title='bbox 559 394 619 444; x_wconf 83' lang='grc' dir='ltr'><strong>Εἰ</strong></span> <span class='ocrx_word' id='word_1_7' title='bbox 665 394 722 446; x_wconf 82' lang='grc' dir='ltr'>δὲ</span> <span class='ocrx_word' id='word_1_8' title='bbox 762 395 1002 465; x_wconf 85' lang='grc' dir='ltr'>ἀπορεῖ,</span> <span class='ocrx_word' id='word_1_9' title='bbox 1051 397 1224 465; x_wconf 77' lang='grc' dir='ltr'>ἐχέτω</span> <span class='ocrx_word' id='word_1_10' title='bbox 1276 399 1438 451; x_wconf 70' lang='grc' dir='ltr'>αὑτὸν</span> <span class='ocrx_word' id='word_1_11' title='bbox 1466 400 1494 452; x_wconf 92' lang='lat'><strong>6</strong></span> <span class='ocrx_word' id='word_1_12' title='bbox 1527 401 1804 470; x_wconf 83' lang='grc' dir='ltr'><strong>ἀγοράσας</strong></span> <span class='ocrx_word' id='word_1_13' title='bbox 1839 421 1886 472; x_wconf 70' lang='lat' dir='ltr'><strong>pl</strong></span> 
     </span>
    </p>
   </div>
   <div class='ocr_carea' id='block_1_5' title="bbox 1986 394 3603 499">
    <p class='ocr_par' dir='ltr' id='par_1_5' title="bbox 1986 406 3603 499">
     <span class='ocr_line' id='line_1_5' title="bbox 1986 406 3603 499; baseline 0.017 -43"><span class='ocrx_word' id='word_1_14' title='bbox 1986 406 2009 463; x_wconf 74' lang='grc' dir='ltr'><strong>ι</strong></span> <span class='ocrx_word' id='word_1_15' title='bbox 2106 407 2195 461; x_wconf 79' lang='grc'><strong>15.</strong></span> <span class='ocrx_word' id='word_1_16' title='bbox 2229 409 2283 462; x_wconf 89' lang='lat' dir='ltr'><strong>Si</strong></span> <span class='ocrx_word' id='word_1_17' title='bbox 2315 427 2439 465; x_wconf 87' lang='lat' dir='ltr'><strong>vero</strong></span> <span class='ocrx_word' id='word_1_18' title='bbox 2464 415 2719 469; x_wconf 85' lang='lat' dir='ltr'><strong>solvendo</strong></span> <span class='ocrx_word' id='word_1_19' title='bbox 2736 430 2845 470; x_wconf 89' lang='lat' dir='ltr'><strong>non</strong></span> <span class='ocrx_word' id='word_1_20' title='bbox 2864 428 2963 482; x_wconf 91' lang='lat' dir='ltr'><strong>cst,</strong></span> <span class='ocrx_word' id='word_1_21' title='bbox 2992 426 3219 478; x_wconf 87' lang='lat' dir='ltr'><strong>retineat</strong></span> <span class='ocrx_word' id='word_1_22' title='bbox 3246 441 3368 480; x_wconf 86' lang='lat' dir='ltr'><strong>eum</strong></span> <span class='ocrx_word' id='word_1_23' title='bbox 3390 442 3603 499; x_wconf 83' lang='lat' dir='ltr'><strong>emptor</strong></span> 
     </span>
    </p>
   </div>
   <div class='ocr_carea' id='block_1_6' title="bbox 346 486 1925 565">
    <p class='ocr_par' dir='ltr' id='par_1_6' title="bbox 346 486 1925 565">
     <span class='ocr_line' id='line_1_6' title="bbox 346 486 1925 565; baseline 0.005 -27"><span class='ocrx_word' id='word_1_24' title='bbox 346 487 494 540; x_wconf 86' lang='grc' dir='ltr'>σθιον</span> <span class='ocrx_word' id='word_1_25' title='bbox 521 524 537 549; x_wconf 86' lang='grc'><strong>,</strong></span> <span class='ocrx_word' id='word_1_26' title='bbox 590 486 779 555; x_wconf 77' lang='grc' dir='ltr'><strong>μέχρις</strong></span> <span class='ocrx_word' id='word_1_27' title='bbox 807 486 872 540; x_wconf 83' lang='grc' dir='ltr'>ἂν</span> <span class='ocrx_word' id='word_1_28' title='bbox 904 486 1172 560; x_wconf 83' lang='grc' dir='ltr'>πληρωθῇ</span> <span class='ocrx_word' id='word_1_29' title='bbox 1198 526 1214 550; x_wconf 87' lang='grc'><strong>,</strong></span> <span class='ocrx_word' id='word_1_30' title='bbox 1245 490 1393 560; x_wconf 78' lang='grc' dir='ltr'>ἆπερ</span> <span class='ocrx_word' id='word_1_31' title='bbox 1426 492 1711 562; x_wconf 82' lang='grc' dir='ltr'>ἐστίχησεν</span> <span class='ocrx_word' id='word_1_32' title='bbox 1732 510 1746 524; x_wconf 92' lang='grc'><strong>·</strong></span> <span class='ocrx_word' id='word_1_33' title='bbox 1808 496 1925 565; x_wconf 85' lang='grc' dir='ltr'>δρι-</span> 
     </span>
    </p>
   </div>
   <div class='ocr_carea' id='block_1_7' title="bbox 351 576 1922 650">
    <p class='ocr_par' dir='ltr' id='par_1_7' title="bbox 351 576 1922 650">
     <span class='ocr_line' id='line_1_7' title="bbox 351 576 1922 650; baseline 0.006 -22"><span class='ocrx_word' id='word_1_34' title='bbox 351 577 580 644; x_wconf 77' lang='grc' dir='ltr'>ζομένου</span> <span class='ocrx_word' id='word_1_35' title='bbox 648 576 890 645; x_wconf 79' lang='grc' dir='ltr'>δηλονότι</span> <span class='ocrx_word' id='word_1_36' title='bbox 955 579 1059 629; x_wconf 76' lang='grc' dir='ltr'><strong>ὑπὸ</strong></span> <span class='ocrx_word' id='word_1_37' title='bbox 1132 579 1404 649; x_wconf 81' lang='grc' dir='ltr'><strong>ἀκροατοῦ</strong></span> <span class='ocrx_word' id='word_1_38' title='bbox 1455 582 1551 634; x_wconf 88' lang='grc' dir='ltr'>τοῦ</span> <span class='ocrx_word' id='word_1_39' title='bbox 1616 584 1922 650; x_wconf 80' lang='grc' dir='ltr'><strong>ὀφείλοντος</strong></span> 
     </span>
    </p>
   </div>
   <div class='ocr_carea' id='block_1_8' title="bbox 342 667 1921 744">
    <p class='ocr_par' dir='ltr' id='par_1_8' title="bbox 342 667 1921 744">
     <span class='ocr_line' id='line_1_8' title="bbox 342 667 1921 744; baseline 0.006 -25"><span class='ocrx_word' id='word_1_40' title='bbox 342 669 556 737; x_wconf 72' lang='grc' dir='ltr'>ἑκάστῳ</span> <span class='ocrx_word' id='word_1_41' title='bbox 609 667 719 721; x_wconf 73' lang='grc' dir='ltr'>ἔτει</span> <span class='ocrx_word' id='word_1_42' title='bbox 778 669 919 738; x_wconf 85' lang='grc' dir='ltr'><strong>ὑπὲρ</strong></span> <span class='ocrx_word' id='word_1_43' title='bbox 985 668 1181 739; x_wconf 82' lang='grc' dir='ltr'>μισθοῦ</span> <span class='ocrx_word' id='word_1_44' title='bbox 1240 671 1319 737; x_wconf 85' lang='grc' dir='ltr'>τῷ</span> <span class='ocrx_word' id='word_1_45' title='bbox 1354 673 1715 743; x_wconf 83' lang='grc' dir='ltr'>ἀγορασθέντι</span> <span class='ocrx_word' id='word_1_46' title='bbox 1771 675 1921 744; x_wconf 84' lang='grc' dir='ltr'>λογί-</span> 
     </span>
    </p>
   </div>
   <div class='ocr_carea' id='block_1_9' title="bbox 343 757 553 820">
    <p class='ocr_par' dir='ltr' id='par_1_9' title="bbox 343 757 553 820">
     <span class='ocr_line' id='line_1_9' title="bbox 343 757 553 820; baseline 0.01 -11"><span class='ocrx_word' id='word_1_47' title='bbox 343 757 553 820; x_wconf 82' lang='grc' dir='ltr'>ζεσθαι.</span> 
     </span>
    </p>
   </div>
   <div class='ocr_carea' id='block_1_10' title="bbox 413 847 1916 923">
    <p class='ocr_par' dir='ltr' id='par_1_10' title="bbox 413 847 1916 923">
     <span class='ocr_line' id='line_1_10' title="bbox 413 847 1916 923; baseline 0.007 -23"><span class='ocrx_word' id='word_1_48' title='bbox 413 855 512 911; x_wconf 82' lang='grc' dir='ltr'>ις’.</span> <span class='ocrx_word' id='word_1_49' title='bbox 580 847 686 901; x_wconf 83' lang='grc' dir='ltr'>Τὸν</span> <span class='ocrx_word' id='word_1_50' title='bbox 748 850 827 911; x_wconf 82' lang='grc' dir='ltr'><strong>εἰς</strong></span> <span class='ocrx_word' id='word_1_51' title='bbox 898 850 1099 917; x_wconf 87' lang='grc' dir='ltr'>προῖκα</span> <span class='ocrx_word' id='word_1_52' title='bbox 1152 853 1503 921; x_wconf 74' lang='grc' dir='ltr'><strong>γραφόμενον</strong></span> <span class='ocrx_word' id='word_1_53' title='bbox 1554 855 1772 923; x_wconf 80' lang='grc' dir='ltr'><strong>οἰκέτην</strong></span> <span class='ocrx_word' id='word_1_54' title='bbox 1816 860 1916 912; x_wconf 75' lang='grc' dir='ltr'>οὐκ</span> 
     </span>
    </p>
   </div>
   <div class='ocr_carea' id='block_1_11' title="bbox 339 938 1915 1018">
    <p class='ocr_par' dir='ltr' id='par_1_11' title="bbox 339 938 1915 1018">
     <span class='ocr_line' id='line_1_11' title="bbox 339 938 1915 1018; baseline 0.006 -28"><span class='ocrx_word' id='word_1_55' title='bbox 339 938 552 1008; x_wconf 78' lang='grc' dir='ltr'>ἔχουσιν</span> <span class='ocrx_word' id='word_1_56' title='bbox 601 940 783 992; x_wconf 80' lang='grc' dir='ltr'>ἄδειαν</span> <span class='ocrx_word' id='word_1_57' title='bbox 826 940 894 992; x_wconf 85' lang='grc' dir='ltr'><strong>τά</strong></span> <span class='ocrx_word' id='word_1_58' title='bbox 926 941 1129 1004; x_wconf 80' lang='grc' dir='ltr'>τέκνα,</span> <span class='ocrx_word' id='word_1_59' title='bbox 1176 940 1301 995; x_wconf 72' lang='grc' dir='ltr'>οὔτε</span> <span class='ocrx_word' id='word_1_60' title='bbox 1336 946 1363 997; x_wconf 89' lang='lat'><strong>6</strong></span> <span class='ocrx_word' id='word_1_61' title='bbox 1389 944 1548 1014; x_wconf 79' lang='grc' dir='ltr'>ἀνὴρ,</span> <span class='ocrx_word' id='word_1_62' title='bbox 1598 945 1915 1018; x_wconf 79' lang='grc' dir='ltr'><strong>ἐλευθεροῦν</strong></span> 
     </span>
    </p>
   </div>
   <div class='ocr_carea' id='block_1_12' title="bbox 338 1029 524 1082">
    <p class='ocr_par' dir='ltr' id='par_1_12' title="bbox 338 1029 524 1082">
     <span class='ocr_line' id='line_1_12' title="bbox 338 1029 524 1082; baseline 0 0"><span class='ocrx_word' id='word_1_63' title='bbox 338 1029 524 1082; x_wconf 80' lang='grc' dir='ltr'>αὐτόν.</span> 
     </span>
    </p>
   </div>
   <div class='ocr_carea' id='block_1_13' title="bbox 408 1116 1913 1195">
    <p class='ocr_par' dir='ltr' id='par_1_13' title="bbox 408 1116 1913 1195">
     <span class='ocr_line' id='line_1_13' title="bbox 408 1116 1913 1195; baseline -0.019 23"><span class='ocrx_word' id='word_1_64' title='bbox 408 1116 494 1180; x_wconf 51' lang='grc' dir='ltr'><strong>ιζ’</strong></span> <span class='ocrx_word' id='word_1_65' title='bbox 546 1118 606 1169; x_wconf 56' lang='grc' dir='ltr'><strong>Εἰ</strong></span> <span class='ocrx_word' id='word_1_66' title='bbox 647 1116 706 1168; x_wconf 70' lang='grc' dir='ltr'>δὲ</span> <span class='ocrx_word' id='word_1_67' title='bbox 752 1118 846 1170; x_wconf 47' lang='lat' dir='ltr'><strong>nl</strong></span> <span class='ocrx_word' id='word_1_68' title='bbox 894 1119 1173 1191; x_wconf 63' lang='grc' dir='ltr'><strong>πληρώσει</strong></span> <span class='ocrx_word' id='word_1_69' title='bbox 1210 1124 1237 1174; x_wconf 69' lang='grc' dir='ltr'>ὁ</span> <span class='ocrx_word' id='word_1_70' title='bbox 1272 1120 1413 1190; x_wconf 73' lang='grc' dir='ltr'><strong>ἀνὴρ</strong></span> <span class='ocrx_word' id='word_1_71' title='bbox 1441 1122 1541 1191; x_wconf 75' lang='grc' dir='ltr'><strong>τὴν</strong></span> <span class='ocrx_word' id='word_1_72' title='bbox 1576 1128 1774 1194; x_wconf 80' lang='grc' dir='ltr'>προῖκα</span> <span class='ocrx_word' id='word_1_73' title='bbox 1810 1126 1913 1195; x_wconf 83' lang='grc' dir='ltr'>τῆς</span> 
     </span>
    </p>
   </div>
   <div class='ocr_carea' id='block_1_14' title="bbox 340 1205 1909 1283">
    <p class='ocr_par' dir='ltr' id='par_1_14' title="bbox 340 1205 1909 1283">
     <span class='ocr_line' id='line_1_14' title="bbox 340 1205 1909 1283; baseline 0.008 -26"><span class='ocrx_word' id='word_1_74' title='bbox 340 1205 470 1267; x_wconf 78' lang='grc' dir='ltr'>ἰδίας</span> <span class='ocrx_word' id='word_1_75' title='bbox 498 1206 761 1275; x_wconf 80' lang='grc' dir='ltr'><strong>γαμετῆς,</strong></span> <span class='ocrx_word' id='word_1_76' title='bbox 794 1208 906 1260; x_wconf 74' lang='grc' dir='ltr'>εἴτε</span> <span class='ocrx_word' id='word_1_77' title='bbox 938 1211 1241 1280; x_wconf 52' lang='grc' dir='ltr'>προσεέρει</span> <span class='ocrx_word' id='word_1_78' title='bbox 1279 1212 1601 1279; x_wconf 80' lang='grc' dir='ltr'>πράγματα,</span> <span class='ocrx_word' id='word_1_79' title='bbox 1630 1214 1661 1283; x_wconf 78' lang='grc' dir='ltr'><strong>ἢ</strong></span> <span class='ocrx_word' id='word_1_80' title='bbox 1696 1217 1909 1280; x_wconf 82' lang='grc' dir='ltr'>παῖδας,</span> 
     </span>
    </p>
   </div>
   <div class='ocr_carea' id='block_1_15' title="bbox 337 1296 1910 1376">
    <p class='ocr_par' dir='ltr' id='par_1_15' title="bbox 337 1296 1910 1376">
     <span class='ocr_line' id='line_1_15' title="bbox 337 1296 1910 1376; baseline 0.009 -27"><span class='ocrx_word' id='word_1_81' title='bbox 337 1296 434 1366; x_wconf 81' lang='grc' dir='ltr'>τὴν</span> <span class='ocrx_word' id='word_1_82' title='bbox 470 1300 651 1349; x_wconf 80' lang='grc' dir='ltr'>πᾶσαν</span> <span class='ocrx_word' id='word_1_83' title='bbox 673 1297 1007 1364; x_wconf 83' lang='grc' dir='ltr'><strong>δεσποτείαν,</strong></span> <span class='ocrx_word' id='word_1_84' title='bbox 1028 1302 1101 1362; x_wconf 81' lang='grc' dir='ltr'>ὡς</span> <span class='ocrx_word' id='word_1_85' title='bbox 1121 1304 1353 1375; x_wconf 78' lang='grc' dir='ltr'>κεφαλὴ,</span> <span class='ocrx_word' id='word_1_86' title='bbox 1380 1306 1523 1358; x_wconf 85' lang='grc' dir='ltr'>κατὰ</span> <span class='ocrx_word' id='word_1_87' title='bbox 1548 1307 1644 1376; x_wconf 82' lang='grc' dir='ltr'>τὴν</span> <span class='ocrx_word' id='word_1_88' title='bbox 1666 1308 1756 1359; x_wconf 87' lang='grc' dir='ltr'>τοῦ</span> <span class='ocrx_word' id='word_1_89' title='bbox 1776 1310 1910 1363; x_wconf 83' lang='grc' dir='ltr'><strong>Θεοῦ</strong></span> 
     </span>
    </p>
   </div>
   <div class='ocr_carea' id='block_1_16' title="bbox 330 1387 962 1458">
    <p class='ocr_par' dir='ltr' id='par_1_16' title="bbox 330 1387 962 1458">
     <span class='ocr_line' id='line_1_16' title="bbox 330 1387 962 1458; baseline 0.006 -19"><span class='ocrx_word' id='word_1_90' title='bbox 330 1387 547 1458; x_wconf 77' lang='grc' dir='ltr'>ἐντολὴν</span> <span class='ocrx_word' id='word_1_91' title='bbox 585 1388 746 1450; x_wconf 76' lang='grc' dir='ltr'>αὐτὸς</span> <span class='ocrx_word' id='word_1_92' title='bbox 771 1390 962 1457; x_wconf 74' lang='grc' dir='ltr'>ἐχέτω.</span> 
     </span>
    </p>
   </div>
   <div class='ocr_carea' id='block_1_17' title="bbox 401 1480 1905 1556">
    <p class='ocr_par' dir='ltr' id='par_1_17' title="bbox 401 1480 1905 1556">
     <span class='ocr_line' id='line_1_17' title="bbox 401 1480 1905 1556; baseline 0.005 -25"><span class='ocrx_word' id='word_1_93' title='bbox 401 1487 492 1547; x_wconf 89' lang='grc' dir='ltr'>ιη’.</span> <span class='ocrx_word' id='word_1_94' title='bbox 551 1480 612 1532; x_wconf 76' lang='lat' dir='ltr'><strong>El</strong></span> <span class='ocrx_word' id='word_1_95' title='bbox 644 1480 699 1533; x_wconf 78' lang='grc' dir='ltr'>δὲ</span> <span class='ocrx_word' id='word_1_96' title='bbox 743 1481 817 1550; x_wconf 85' lang='grc' dir='ltr'>μὴ</span> <span class='ocrx_word' id='word_1_97' title='bbox 852 1482 950 1551; x_wconf 74' lang='grc' dir='ltr'>ἔχῃ</span> <span class='ocrx_word' id='word_1_98' title='bbox 975 1500 1065 1545; x_wconf 88' lang='grc' dir='ltr'><strong>τις</strong></span> <span class='ocrx_word' id='word_1_99' title='bbox 1102 1485 1404 1553; x_wconf 78' lang='grc' dir='ltr'>πράγματα</span> <span class='ocrx_word' id='word_1_100' title='bbox 1435 1486 1540 1556; x_wconf 85' lang='grc' dir='ltr'>πρὸ</span> <span class='ocrx_word' id='word_1_101' title='bbox 1579 1486 1673 1539; x_wconf 89' lang='grc' dir='ltr'>τοῦ</span> <span class='ocrx_word' id='word_1_102' title='bbox 1709 1489 1905 1542; x_wconf 85' lang='grc' dir='ltr'>συναλ-</span> 
     </span>
    </p>
   </div>
   <div class='ocr_carea' id='block_1_18' title="bbox 335 1570 1901 1644">
    <p class='ocr_par' dir='ltr' id='par_1_18' title="bbox 335 1570 1901 1644">
     <span class='ocr_line' id='line_1_18' title="bbox 335 1570 1901 1644; baseline 0.007 -23"><span class='ocrx_word' id='word_1_103' title='bbox 335 1570 651 1638; x_wconf 82' lang='grc' dir='ltr'>λάγματος,</span> <span class='ocrx_word' id='word_1_104' title='bbox 707 1573 800 1624; x_wconf 73' lang='grc' dir='ltr'><strong>καὶ</strong></span> <span class='ocrx_word' id='word_1_105' title='bbox 857 1573 995 1640; x_wconf 89' lang='grc' dir='ltr'><strong>μετά</strong></span> <span class='ocrx_word' id='word_1_106' title='bbox 1045 1573 1104 1625; x_wconf 79' lang='grc' dir='ltr'>τὸ</span> <span class='ocrx_word' id='word_1_107' title='bbox 1147 1574 1522 1644; x_wconf 76' lang='grc' dir='ltr'>συναφθῆναι,</span> <span class='ocrx_word' id='word_1_108' title='bbox 1556 1578 1622 1629; x_wconf 69' lang='grc' dir='ltr'><strong>τά</strong></span> <span class='ocrx_word' id='word_1_109' title='bbox 1666 1578 1731 1630; x_wconf 84' lang='grc' dir='ltr'>ὲκ</span> <span class='ocrx_word' id='word_1_110' title='bbox 1763 1578 1901 1632; x_wconf 81' lang='grc' dir='ltr'>Θεοῦ</span> 
     </span>
    </p>
   </div>
   <div class='ocr_carea' id='block_1_19' title="bbox 328 1661 1636 1735">
    <p class='ocr_par' dir='ltr' id='par_1_19' title="bbox 328 1661 1636 1735">
     <span class='ocr_line' id='line_1_19' title="bbox 328 1661 1636 1735; baseline 0.008 -25"><span class='ocrx_word' id='word_1_111' title='bbox 328 1661 585 1730; x_wconf 79' lang='grc' dir='ltr'><strong>προνοίας</strong></span> <span class='ocrx_word' id='word_1_112' title='bbox 620 1661 985 1731; x_wconf 68' lang='grc' dir='ltr'>ἐπικτηθέντα</span> <span class='ocrx_word' id='word_1_113' title='bbox 1014 1663 1317 1733; x_wconf 82' lang='grc' dir='ltr'>ἀμφότεροι</span> <span class='ocrx_word' id='word_1_114' title='bbox 1344 1666 1636 1735; x_wconf 80' lang='grc' dir='ltr'>ἐχέτωσαν.</span> 
     </span>
    </p>
   </div>
   <div class='ocr_carea' id='block_1_20' title="bbox 398 1839 1899 1916">
    <p class='ocr_par' dir='ltr' id='par_1_20' title="bbox 398 1839 1899 1916">
     <span class='ocr_line' id='line_1_20' title="bbox 398 1839 1899 1916; baseline 0.007 -25"><span class='ocrx_word' id='word_1_115' title='bbox 398 1839 486 1893; x_wconf 87' lang='grc' dir='ltr'>ιθ’.</span> <span class='ocrx_word' id='word_1_116' title='bbox 568 1840 694 1893; x_wconf 72' lang='grc' dir='ltr'><strong>Ἐὰν</strong></span> <span class='ocrx_word' id='word_1_117' title='bbox 757 1840 850 1894; x_wconf 82' lang='grc' dir='ltr'>δύο</span> <span class='ocrx_word' id='word_1_118' title='bbox 896 1841 1209 1913; x_wconf 74' lang='grc' dir='ltr'>ἁπόγρσφοι</span> <span class='ocrx_word' id='word_1_119' title='bbox 1273 1845 1531 1916; x_wconf 77' lang='grc' dir='ltr'><strong>διαφόρου</strong></span> <span class='ocrx_word' id='word_1_120' title='bbox 1583 1847 1899 1913; x_wconf 82' lang='grc' dir='ltr'><strong>δεσποτείας</strong></span> 
     </span>
    </p>
   </div>
   <div class='ocr_carea' id='block_1_21' title="bbox 326 1930 1899 2009">
    <p class='ocr_par' dir='ltr' id='par_1_21' title="bbox 326 1930 1899 2009">
     <span class='ocr_line' id='line_1_21' title="bbox 326 1930 1899 2009; baseline 0.006 -26"><span class='ocrx_word' id='word_1_121' title='bbox 326 1930 621 1984; x_wconf 81' lang='grc' dir='ltr'><strong>συνέλθωσι</strong></span> <span class='ocrx_word' id='word_1_122' title='bbox 652 1932 786 2001; x_wconf 75' lang='grc' dir='ltr'>πρὸς</span> <span class='ocrx_word' id='word_1_123' title='bbox 810 1934 1005 2001; x_wconf 82' lang='grc' dir='ltr'><strong>γάμον,</strong></span> <span class='ocrx_word' id='word_1_124' title='bbox 1028 1936 1076 1987; x_wconf 82' lang='grc' dir='ltr'>εί</span> <span class='ocrx_word' id='word_1_125' title='bbox 1110 1935 1207 2004; x_wconf 85' lang='grc' dir='ltr'>μὲν</span> <span class='ocrx_word' id='word_1_126' title='bbox 1247 1936 1339 1987; x_wconf 84' lang='grc' dir='ltr'>δύο</span> <span class='ocrx_word' id='word_1_127' title='bbox 1376 1938 1572 2000; x_wconf 83' lang='grc' dir='ltr'>παῖδας</span> <span class='ocrx_word' id='word_1_128' title='bbox 1606 1941 1899 2009; x_wconf 75' lang='grc' dir='ltr'><strong>ποιήσωσι,</strong></span> 
     </span>
    </p>
   </div>
   <div class='ocr_carea' id='block_1_22' title="bbox 326 2023 1899 2099">
    <p class='ocr_par' dir='ltr' id='par_1_22' title="bbox 326 2023 1899 2099">
     <span class='ocr_line' id='line_1_22' title="bbox 326 2023 1899 2099; baseline 0.008 -27"><span class='ocrx_word' id='word_1_129' title='bbox 326 2023 461 2090; x_wconf 85' lang='grc' dir='ltr'>πρὸς</span> <span class='ocrx_word' id='word_1_130' title='bbox 501 2024 709 2092; x_wconf 78' lang='grc' dir='ltr'>λαχμὸν</span> <span class='ocrx_word' id='word_1_131' title='bbox 751 2025 1081 2094; x_wconf 77' lang='grc' dir='ltr'>μερίζονται’</span> <span class='ocrx_word' id='word_1_132' title='bbox 1134 2028 1181 2077; x_wconf 84' lang='grc' dir='ltr'>εἰ</span> <span class='ocrx_word' id='word_1_133' title='bbox 1231 2026 1289 2078; x_wconf 80' lang='grc' dir='ltr'>δὲ</span> <span class='ocrx_word' id='word_1_134' title='bbox 1332 2030 1501 2096; x_wconf 82' lang='grc' dir='ltr'><strong>τρεῖς,</strong></span> <span class='ocrx_word' id='word_1_135' title='bbox 1553 2029 1619 2081; x_wconf 79' lang='grc' dir='ltr'><strong>τα</strong></span> <span class='ocrx_word' id='word_1_136' title='bbox 1667 2030 1759 2082; x_wconf 80' lang='grc' dir='ltr'>δύο</span> <span class='ocrx_word' id='word_1_137' title='bbox 1799 2034 1899 2099; x_wconf 75' lang='grc' dir='ltr'>τῆς</span> 
     </span>
    </p>
   </div>
   <div class='ocr_carea' id='block_1_23' title="bbox 329 2109 1899 2187">
    <p class='ocr_par' dir='ltr' id='par_1_23' title="bbox 329 2109 1899 2187">
     <span class='ocr_line' id='line_1_23' title="bbox 329 2109 1899 2187; baseline 0.006 -28"><span class='ocrx_word' id='word_1_138' title='bbox 329 2109 531 2178; x_wconf 77' lang='grc' dir='ltr'>μητρὸς</span> <span class='ocrx_word' id='word_1_139' title='bbox 586 2112 847 2176; x_wconf 79' lang='grc' dir='ltr'>ἔστωσαν,</span> <span class='ocrx_word' id='word_1_140' title='bbox 904 2113 1000 2165; x_wconf 79' lang='grc' dir='ltr'>καὶ</span> <span class='ocrx_word' id='word_1_141' title='bbox 1048 2113 1107 2164; x_wconf 75' lang='grc' dir='ltr'>τὸ</span> <span class='ocrx_word' id='word_1_142' title='bbox 1159 2113 1216 2164; x_wconf 84' lang='grc' dir='ltr'>ἓν</span> <span class='ocrx_word' id='word_1_143' title='bbox 1268 2117 1331 2183; x_wconf 84' lang='grc' dir='ltr'><strong>τῇ</strong></span> <span class='ocrx_word' id='word_1_144' title='bbox 1398 2115 1491 2167; x_wconf 90' lang='grc' dir='ltr'>τοῦ</span> <span class='ocrx_word' id='word_1_145' title='bbox 1551 2118 1754 2187; x_wconf 68' lang='grc' dir='ltr'>πατρὸς</span> <span class='ocrx_word' id='word_1_146' title='bbox 1793 2120 1899 2169; x_wconf 78' lang='grc' dir='ltr'><strong>ἐπ-</strong></span> 
     </span>
    </p>
   </div>
   <div class='ocr_carea' id='block_1_24' title="bbox 324 2202 1904 2285">
    <p class='ocr_par' dir='ltr' id='par_1_24' title="bbox 324 2202 1904 2285">
     <span class='ocr_line' id='line_1_24' title="bbox 324 2202 1904 2285; baseline 0.008 -33"><span class='ocrx_word' id='word_1_147' title='bbox 324 2202 679 2272; x_wconf 80' lang='grc' dir='ltr'>ακολουθήσει</span> <span class='ocrx_word' id='word_1_148' title='bbox 742 2204 1028 2274; x_wconf 75' lang='grc' dir='ltr'>δεσποτεία</span> <span class='ocrx_word' id='word_1_149' title='bbox 1056 2221 1069 2235; x_wconf 89' lang='grc'><strong>·</strong></span> <span class='ocrx_word' id='word_1_150' title='bbox 1104 2206 1152 2257; x_wconf 81' lang='grc' dir='ltr'>εί</span> <span class='ocrx_word' id='word_1_151' title='bbox 1191 2207 1247 2259; x_wconf 83' lang='grc' dir='ltr'>δὲ</span> <span class='ocrx_word' id='word_1_152' title='bbox 1278 2202 1358 2271; x_wconf 73' lang='grc' dir='ltr'><strong>εἷς</strong></span> <span class='ocrx_word' id='word_1_153' title='bbox 1394 2208 1595 2280; x_wconf 82' lang='grc' dir='ltr'>τεχθῇ,</span> <span class='ocrx_word' id='word_1_154' title='bbox 1624 2215 1688 2280; x_wconf 74' lang='grc' dir='ltr'>τῇ</span> <span class='ocrx_word' id='word_1_155' title='bbox 1736 2213 1904 2285; x_wconf 78' lang='grc' dir='ltr'>μητρὶ</span> 
     </span>
    </p>
   </div>
   <div class='ocr_carea' id='block_1_25' title="bbox 321 2290 513 2345">
    <p class='ocr_par' dir='ltr' id='par_1_25' title="bbox 321 2290 513 2345">
     <span class='ocr_line' id='line_1_25' title="bbox 321 2290 513 2345; baseline 0.016 -3"><span class='ocrx_word' id='word_1_156' title='bbox 321 2290 513 2345; x_wconf 49' lang='lat' dir='ltr'><strong>iurata</strong></span> 
     </span>
    </p>
   </div>
   <div class='ocr_carea' id='block_1_26' title="bbox 390 2384 1895 2466">
    <p class='ocr_par' dir='ltr' id='par_1_26' title="bbox 390 2384 1895 2466">
     <span class='ocr_line' id='line_1_26' title="bbox 390 2384 1895 2466; baseline 0.009 -33"><span class='ocrx_word' id='word_1_157' title='bbox 390 2387 456 2434; x_wconf 86' lang='grc' dir='ltr'>κ’.</span> <span class='ocrx_word' id='word_1_158' title='bbox 485 2384 563 2436; x_wconf 82' lang='grc' dir='ltr'><strong>Τὰ</strong></span> <span class='ocrx_word' id='word_1_159' title='bbox 592 2384 650 2447; x_wconf 78' lang='grc' dir='ltr'>ἐξ</span> <span class='ocrx_word' id='word_1_160' title='bbox 679 2385 972 2455; x_wconf 79' lang='grc' dir='ltr'>ἐλευθέρας</span> <span class='ocrx_word' id='word_1_161' title='bbox 1008 2388 1248 2457; x_wconf 71' lang='grc' dir='ltr'>γαστρὸς</span> <span class='ocrx_word' id='word_1_162' title='bbox 1280 2390 1595 2461; x_wconf 82' lang='grc' dir='ltr'><strong>τικτόμενα,</strong></span> <span class='ocrx_word' id='word_1_163' title='bbox 1632 2392 1895 2466; x_wconf 75' lang='grc' dir='ltr'>ὲλεύθερά</span> 
     </span>
    </p>
   </div>
   <div class='ocr_carea' id='block_1_27' title="bbox 319 2475 1568 2551">
    <p class='ocr_par' dir='ltr' id='par_1_27' title="bbox 319 2475 1568 2551">
     <span class='ocr_line' id='line_1_27' title="bbox 319 2475 1568 2551; baseline 0.008 -26"><span class='ocrx_word' id='word_1_164' title='bbox 319 2475 484 2538; x_wconf 78' lang='grc' dir='ltr'>ἐστιν,</span> <span class='ocrx_word' id='word_1_165' title='bbox 514 2475 563 2526; x_wconf 83' lang='grc' dir='ltr'>εί</span> <span class='ocrx_word' id='word_1_166' title='bbox 595 2477 687 2528; x_wconf 75' lang='grc' dir='ltr'>καὶ</span> <span class='ocrx_word' id='word_1_167' title='bbox 709 2476 889 2539; x_wconf 86' lang='grc' dir='ltr'>δοῦλός</span> <span class='ocrx_word' id='word_1_168' title='bbox 917 2481 1063 2530; x_wconf 81' lang='grc' dir='ltr'>ἐστιν</span> <span class='ocrx_word' id='word_1_169' title='bbox 1084 2482 1111 2531; x_wconf 97' lang='lat'><strong>6</strong></span> <span class='ocrx_word' id='word_1_170' title='bbox 1146 2482 1326 2551; x_wconf 75' lang='grc' dir='ltr'>πατὴρ</span> <span class='ocrx_word' id='word_1_171' title='bbox 1367 2483 1568 2535; x_wconf 78' lang='grc' dir='ltr'>αὐτῶν.</span> 
     </span>
    </p>
   </div>
   <div class='ocr_carea' id='block_1_28' title="bbox 388 2564 1887 2639">
    <p class='ocr_par' dir='ltr' id='par_1_28' title="bbox 388 2564 1887 2639">
     <span class='ocr_line' id='line_1_28' title="bbox 388 2564 1887 2639; baseline 0.007 -22"><span class='ocrx_word' id='word_1_172' title='bbox 388 2564 495 2619; x_wconf 83' lang='grc' dir='ltr'>κα’.</span> <span class='ocrx_word' id='word_1_173' title='bbox 537 2565 594 2618; x_wconf 84' lang='grc' dir='ltr'>ὐ</span> <span class='ocrx_word' id='word_1_174' title='bbox 625 2568 689 2619; x_wconf 83' lang='grc' dir='ltr'>ὲκ</span> <span class='ocrx_word' id='word_1_175' title='bbox 739 2568 933 2638; x_wconf 83' lang='grc' dir='ltr'>δούλης</span> <span class='ocrx_word' id='word_1_176' title='bbox 964 2570 1191 2639; x_wconf 71' lang='grc' dir='ltr'>τεχθεὶς,</span> <span class='ocrx_word' id='word_1_177' title='bbox 1232 2571 1415 2634; x_wconf 82' lang='grc' dir='ltr'>δοῦλός</span> <span class='ocrx_word' id='word_1_178' title='bbox 1442 2574 1618 2626; x_wconf 80' lang='grc' dir='ltr'>ἐστιν’</span> <span class='ocrx_word' id='word_1_179' title='bbox 1654 2575 1702 2626; x_wconf 86' lang='grc' dir='ltr'>εἰ</span> <span class='ocrx_word' id='word_1_180' title='bbox 1730 2575 1821 2627; x_wconf 75' lang='grc' dir='ltr'>καὶ</span> <span class='ocrx_word' id='word_1_181' title='bbox 1857 2577 1887 2629; x_wconf 94' lang='lat'><strong>6</strong></span> 
     </span>
    </p>
   </div>
   <div class='ocr_carea' id='block_1_29' title="bbox 320 2642 1712 2737">
    <p class='ocr_par' dir='ltr' id='par_1_29' title="bbox 320 2642 1712 2737">
     <span class='ocr_line' id='line_1_29' title="bbox 320 2642 1712 2737; baseline 0.01 -32"><span class='ocrx_word' id='word_1_182' title='bbox 320 2654 447 2718; x_wconf 75' lang='grc' dir='ltr'>ῐδιος</span> <span class='ocrx_word' id='word_1_183' title='bbox 475 2642 738 2728; x_wconf 81' lang='grc' dir='ltr'>δεσπότης</span> <span class='ocrx_word' id='word_1_184' title='bbox 766 2659 969 2730; x_wconf 79' lang='grc' dir='ltr'>ἐρασθῇ</span> <span class='ocrx_word' id='word_1_185' title='bbox 1001 2662 1098 2729; x_wconf 79' lang='grc' dir='ltr'>τῆς</span> <span class='ocrx_word' id='word_1_186' title='bbox 1127 2663 1331 2725; x_wconf 77' lang='grc' dir='ltr'><strong>οἰκείας</strong></span> <span class='ocrx_word' id='word_1_187' title='bbox 1354 2663 1712 2737; x_wconf 78' lang='grc' dir='ltr'>θεραπαίνης.</span> 
     </span>
    </p>
   </div>
   <div class='ocr_carea' id='block_1_30' title="bbox 387 2746 1893 2825">
    <p class='ocr_par' dir='ltr' id='par_1_30' title="bbox 387 2746 1893 2825">
     <span class='ocr_line' id='line_1_30' title="bbox 387 2746 1893 2825; baseline 0.01 -29"><span class='ocrx_word' id='word_1_188' title='bbox 387 2746 491 2815; x_wconf 75' lang='grc' dir='ltr'><strong>κβ’,</strong></span> <span class='ocrx_word' id='word_1_189' title='bbox 562 2748 686 2800; x_wconf 80' lang='grc' dir='ltr'><strong>Ἑάν</strong></span> <span class='ocrx_word' id='word_1_190' title='bbox 731 2751 906 2811; x_wconf 89' lang='grc' dir='ltr'>κοινός</span> <span class='ocrx_word' id='word_1_191' title='bbox 957 2755 1071 2803; x_wconf 82' lang='grc' dir='ltr'>ἐστι</span> <span class='ocrx_word' id='word_1_192' title='bbox 1117 2753 1334 2817; x_wconf 77' lang='grc' dir='ltr'>δοῦλος,</span> <span class='ocrx_word' id='word_1_193' title='bbox 1385 2755 1477 2808; x_wconf 78' lang='grc' dir='ltr'>καὶ</span> <span class='ocrx_word' id='word_1_194' title='bbox 1521 2756 1768 2825; x_wconf 80' lang='grc' dir='ltr'>βούλεταί</span> <span class='ocrx_word' id='word_1_195' title='bbox 1809 2776 1893 2822; x_wconf 91' lang='grc' dir='ltr'><strong>τις</strong></span> 
     </span>
    </p>
   </div>
   <div class='ocr_carea' id='block_1_31' title="bbox 317 2838 1888 2917">
    <p class='ocr_par' dir='ltr' id='par_1_31' title="bbox 317 2838 1888 2917">
     <span class='ocr_line' id='line_1_31' title="bbox 317 2838 1888 2917; baseline 0.01 -28"><span class='ocrx_word' id='word_1_196' title='bbox 317 2838 682 2909; x_wconf 81' lang='grc' dir='ltr'>ἐλευθερῶσαι</span> <span class='ocrx_word' id='word_1_197' title='bbox 715 2843 896 2906; x_wconf 74' lang='grc' dir='ltr'>αὐτὸν,</span> <span class='ocrx_word' id='word_1_198' title='bbox 932 2844 993 2895; x_wconf 85' lang='grc' dir='ltr'>τὸ</span> <span class='ocrx_word' id='word_1_199' title='bbox 1020 2843 1253 2914; x_wconf 80' lang='grc' dir='ltr'>ἀζήμιον</span> <span class='ocrx_word' id='word_1_200' title='bbox 1287 2848 1509 2899; x_wconf 77' lang='grc' dir='ltr'>ποιείτω</span> <span class='ocrx_word' id='word_1_201' title='bbox 1546 2851 1657 2912; x_wconf 87' lang='grc' dir='ltr'>τοῖς</span> <span class='ocrx_word' id='word_1_202' title='bbox 1689 2850 1888 2917; x_wconf 79' lang='grc' dir='ltr'>ἄλλοις,</span> 
     </span>
    </p>
   </div>
   <div class='ocr_carea' id='block_1_32' title="bbox 312 2927 1633 3005">
    <p class='ocr_par' dir='ltr' id='par_1_32' title="bbox 312 2927 1633 3005">
     <span class='ocr_line' id='line_1_32' title="bbox 312 2927 1633 3005; baseline 0.009 -27"><span class='ocrx_word' id='word_1_203' title='bbox 312 2927 410 2979; x_wconf 75' lang='grc' dir='ltr'>καὶ</span> <span class='ocrx_word' id='word_1_204' title='bbox 443 2929 515 2998; x_wconf 75' lang='grc' dir='ltr'>μὴ</span> <span class='ocrx_word' id='word_1_205' title='bbox 547 2928 806 2981; x_wconf 76' lang='grc' dir='ltr'>θελόντων</span> <span class='ocrx_word' id='word_1_206' title='bbox 832 2932 1032 2998; x_wconf 84' lang='grc' dir='ltr'>αὐτῶν,</span> <span class='ocrx_word' id='word_1_207' title='bbox 1060 2934 1419 3005; x_wconf 77' lang='grc' dir='ltr'>ἐλευθερώσει</span> <span class='ocrx_word' id='word_1_208' title='bbox 1451 2938 1633 2993; x_wconf 81' lang='grc' dir='ltr'>αὐτόν.</span> 
     </span>
    </p>
   </div>
   <div class='ocr_carea' id='block_1_33' title="bbox 386 3019 1888 3097">
    <p class='ocr_par' dir='ltr' id='par_1_33' title="bbox 386 3019 1888 3097">
     <span class='ocr_line' id='line_1_33' title="bbox 386 3019 1888 3097; baseline 0.009 -28"><span class='ocrx_word' id='word_1_209' title='bbox 386 3024 488 3085; x_wconf 86' lang='grc' dir='ltr'>κγ’.</span> <span class='ocrx_word' id='word_1_210' title='bbox 532 3020 593 3071; x_wconf 83' lang='grc' dir='ltr'><strong>Οἱ</strong></span> <span class='ocrx_word' id='word_1_211' title='bbox 644 3019 1038 3091; x_wconf 85' lang='grc' dir='ltr'>ἀπελεύθεροι,</span> <span class='ocrx_word' id='word_1_212' title='bbox 1096 3022 1199 3076; x_wconf 74' lang='grc' dir='ltr'>κᾶν</span> <span class='ocrx_word' id='word_1_213' title='bbox 1267 3028 1684 3096; x_wconf 80' lang='grc' dir='ltr'>στρατευόμενοι</span> <span class='ocrx_word' id='word_1_214' title='bbox 1735 3024 1888 3097; x_wconf 83' lang='grc' dir='ltr'>ὦσιν,</span> 
     </span>
    </p>
   </div>
   <div class='ocr_carea' id='block_1_34' title="bbox 307 3109 1888 3191">
    <p class='ocr_par' dir='ltr' id='par_1_34' title="bbox 307 3109 1888 3191">
     <span class='ocr_line' id='line_1_34' title="bbox 307 3109 1888 3191; baseline 0.009 -30"><span class='ocrx_word' id='word_1_215' title='bbox 307 3109 369 3175; x_wconf 79' lang='grc' dir='ltr'><strong>ἐξ</strong></span> <span class='ocrx_word' id='word_1_216' title='bbox 390 3110 991 3181; x_wconf 61' lang='grc' dir='ltr'>ἀχαριστιῶνζτοιούτων</span> <span class='ocrx_word' id='word_1_217' title='bbox 1016 3116 1473 3172; x_wconf 84' lang='grc' dir='ltr'>καταδουλοῦνται</span> <span class='ocrx_word' id='word_1_218' title='bbox 1497 3118 1585 3190; x_wconf 86' lang='grc' dir='ltr'><strong>[πε</strong></span> <span class='ocrx_word' id='word_1_219' title='bbox 1596 3121 1649 3191; x_wconf 73' lang='lat' dir='ltr'><strong>pl.</strong></span> <span class='ocrx_word' id='word_1_220' title='bbox 1664 3124 1888 3176; x_wconf 74' lang='grc' dir='ltr'>ἀναδουο</span> 
     </span>
    </p>
   </div>
   <div class='ocr_carea' id='block_1_35' title="bbox 306 3198 1879 3279">
    <p class='ocr_par' dir='ltr' id='par_1_35' title="bbox 306 3198 1879 3279">
     <span class='ocr_line' id='line_1_35' title="bbox 306 3198 1879 3279; baseline 0.009 -26"><span class='ocrx_word' id='word_1_221' title='bbox 306 3198 571 3274; x_wconf 86' lang='grc' dir='ltr'>λώσεως],</span> <span class='ocrx_word' id='word_1_222' title='bbox 591 3205 686 3255; x_wconf 77' lang='grc' dir='ltr'><strong>ὲάν</strong></span> <span class='ocrx_word' id='word_1_223' title='bbox 703 3206 831 3268; x_wconf 74' lang='grc' dir='ltr'>τοὺς</span> <span class='ocrx_word' id='word_1_224' title='bbox 863 3206 1084 3276; x_wconf 81' lang='grc' dir='ltr'>κυρίους</span> <span class='ocrx_word' id='word_1_225' title='bbox 1112 3208 1239 3270; x_wconf 83' lang='grc' dir='ltr'>τοὺς</span> <span class='ocrx_word' id='word_1_226' title='bbox 1274 3208 1647 3279; x_wconf 79' lang='grc' dir='ltr'>ὲλευθερωτάς</span> <span class='ocrx_word' id='word_1_227' title='bbox 1678 3214 1879 3279; x_wconf 82' lang='grc' dir='ltr'>αὐτῶν,</span> 
     </span>
    </p>
   </div>
   <div class='ocr_carea' id='block_1_36' title="bbox 306 3291 1879 3375">
    <p class='ocr_par' dir='ltr' id='par_1_36' title="bbox 306 3291 1879 3375">
     <span class='ocr_line' id='line_1_36' title="bbox 306 3291 1879 3375; baseline 0.01 -33"><span class='ocrx_word' id='word_1_228' title='bbox 306 3291 340 3360; x_wconf 76' lang='grc' dir='ltr'>ἢ</span> <span class='ocrx_word' id='word_1_229' title='bbox 384 3293 508 3355; x_wconf 79' lang='grc' dir='ltr'>τοὺς</span> <span class='ocrx_word' id='word_1_230' title='bbox 550 3292 745 3357; x_wconf 88' lang='grc' dir='ltr'>παῖδας</span> <span class='ocrx_word' id='word_1_231' title='bbox 799 3295 982 3348; x_wconf 80' lang='grc' dir='ltr'>αὐτῶν</span> <span class='ocrx_word' id='word_1_232' title='bbox 1034 3296 1313 3366; x_wconf 74' lang='grc' dir='ltr'>τύψωσιν,</span> <span class='ocrx_word' id='word_1_233' title='bbox 1360 3300 1393 3370; x_wconf 78' lang='grc' dir='ltr'><strong>ἢ</strong></span> <span class='ocrx_word' id='word_1_234' title='bbox 1449 3301 1743 3370; x_wconf 71' lang='grc' dir='ltr'>ὑδρίσωσιν</span> <span class='ocrx_word' id='word_1_235' title='bbox 1774 3345 1788 3367; x_wconf 91' lang='grc'><strong>,</strong></span> <span class='ocrx_word' id='word_1_236' title='bbox 1845 3304 1879 3375; x_wconf 83' lang='grc' dir='ltr'>ἢ</span> 
     </span>
    </p>
   </div>
   <div class='ocr_carea' id='block_1_37' title="bbox 304 3383 1877 3466">
    <p class='ocr_par' dir='ltr' id='par_1_37' title="bbox 304 3383 1877 3466">
     <span class='ocr_line' id='line_1_37' title="bbox 304 3383 1877 3466; baseline 0.008 -31"><span class='ocrx_word' id='word_1_237' title='bbox 304 3383 369 3436; x_wconf 75' lang='grc' dir='ltr'>ἔκ</span> <span class='ocrx_word' id='word_1_238' title='bbox 391 3401 531 3448; x_wconf 88' lang='grc' dir='ltr'>τινος</span> <span class='ocrx_word' id='word_1_239' title='bbox 565 3385 969 3456; x_wconf 76' lang='grc' dir='ltr'>ὑπερηφανείας</span> <span class='ocrx_word' id='word_1_240' title='bbox 1004 3390 1124 3441; x_wconf 92' lang='grc' dir='ltr'>κατ’</span> <span class='ocrx_word' id='word_1_241' title='bbox 1160 3390 1340 3443; x_wconf 77' lang='grc' dir='ltr'>αὐτῶν</span> <span class='ocrx_word' id='word_1_242' title='bbox 1358 3393 1816 3463; x_wconf 72' lang='grc' dir='ltr'>τραχηλιάσωσινο</span> <span class='ocrx_word' id='word_1_243' title='bbox 1845 3395 1877 3466; x_wconf 83' lang='grc' dir='ltr'><strong>ἥ</strong></span> 
     </span>
    </p>
   </div>
   <div class='ocr_carea' id='block_1_38' title="bbox 306 3476 1880 3558">
    <p class='ocr_par' dir='ltr' id='par_1_38' title="bbox 306 3476 1880 3558">
     <span class='ocr_line' id='line_1_38' title="bbox 306 3476 1880 3558; baseline 0.008 -31"><span class='ocrx_word' id='word_1_244' title='bbox 306 3476 448 3544; x_wconf 86' lang='grc' dir='ltr'><strong>μετά</strong></span> <span class='ocrx_word' id='word_1_245' title='bbox 495 3478 555 3528; x_wconf 87' lang='grc' dir='ltr'>τὸ</span> <span class='ocrx_word' id='word_1_246' title='bbox 592 3478 828 3547; x_wconf 76' lang='grc' dir='ltr'>ταφῆναι</span> <span class='ocrx_word' id='word_1_247' title='bbox 869 3480 960 3531; x_wconf 84' lang='grc' dir='ltr'>τὸν</span> <span class='ocrx_word' id='word_1_248' title='bbox 1012 3482 1203 3535; x_wconf 80' lang='grc' dir='ltr'>ἑαυτοῦ</span> <span class='ocrx_word' id='word_1_249' title='bbox 1237 3483 1425 3553; x_wconf 86' lang='grc' dir='ltr'>κύριον</span> <span class='ocrx_word' id='word_1_250' title='bbox 1471 3486 1760 3555; x_wconf 82' lang='grc' dir='ltr'>ἐρχόμενος</span> <span class='ocrx_word' id='word_1_251' title='bbox 1804 3489 1880 3558; x_wconf 82' lang='grc' dir='ltr'>μὴ</span> 
     </span>
    </p>
   </div>
   <div class='ocr_carea' id='block_1_39' title="bbox 303 3568 1882 3650">
    <p class='ocr_par' dir='ltr' id='par_1_39' title="bbox 303 3568 1882 3650">
     <span class='ocr_line' id='line_1_39' title="bbox 303 3568 1882 3650; baseline 0.009 -32"><span class='ocrx_word' id='word_1_252' title='bbox 303 3568 487 3620; x_wconf 86' lang='grc' dir='ltr'>πεσὼν</span> <span class='ocrx_word' id='word_1_253' title='bbox 527 3572 882 3642; x_wconf 83' lang='grc' dir='ltr'>προσκυνήσῃ</span> <span class='ocrx_word' id='word_1_254' title='bbox 918 3572 1011 3624; x_wconf 86' lang='grc' dir='ltr'>τὸν</span> <span class='ocrx_word' id='word_1_255' title='bbox 1046 3574 1215 3641; x_wconf 74' lang='grc' dir='ltr'>τάφον</span> <span class='ocrx_word' id='word_1_256' title='bbox 1240 3613 1255 3632; x_wconf 86' lang='grc'><strong>.</strong></span> <span class='ocrx_word' id='word_1_257' title='bbox 1306 3576 1337 3645; x_wconf 86' lang='grc' dir='ltr'>ἢ</span> <span class='ocrx_word' id='word_1_258' title='bbox 1378 3576 1512 3639; x_wconf 83' lang='grc' dir='ltr'>ὅλως</span> <span class='ocrx_word' id='word_1_259' title='bbox 1551 3579 1610 3630; x_wconf 85' lang='grc' dir='ltr'>οὐ</span> <span class='ocrx_word' id='word_1_260' title='bbox 1675 3580 1882 3650; x_wconf 88' lang='grc' dir='ltr'>μικράν</span> 
     </span>
    </p>
   </div>
   <div class='ocr_carea' id='block_1_40' title="bbox 301 3662 1887 3743">
    <p class='ocr_par' dir='ltr' id='par_1_40' title="bbox 301 3662 1887 3743">
     <span class='ocr_line' id='line_1_40' title="bbox 301 3662 1887 3743; baseline 0.009 -33"><span class='ocrx_word' id='word_1_261' title='bbox 301 3675 427 3711; x_wconf 82' lang='grc' dir='ltr'>τινα</span> <span class='ocrx_word' id='word_1_262' title='bbox 485 3662 850 3731; x_wconf 81' lang='grc' dir='ltr'>πρόσκρουσιν</span> <span class='ocrx_word' id='word_1_263' title='bbox 928 3664 1109 3727; x_wconf 79' lang='grc' dir='ltr'>αὐτοῖς</span> <span class='ocrx_word' id='word_1_264' title='bbox 1178 3669 1433 3738; x_wconf 76' lang='grc' dir='ltr'>παράσχῃ</span> <span class='ocrx_word' id='word_1_265' title='bbox 1464 3709 1479 3733; x_wconf 90' lang='grc'><strong>,</strong></span> <span class='ocrx_word' id='word_1_266' title='bbox 1531 3670 1563 3741; x_wconf 87' lang='grc' dir='ltr'>ῆ</span> <span class='ocrx_word' id='word_1_267' title='bbox 1606 3670 1887 3743; x_wconf 77' lang='grc' dir='ltr'>ζημιώσῃ,</span> 
     </span>
    </p>
   </div>
   <div class='ocr_carea' id='block_1_41' title="bbox 296 3751 1876 3833">
    <p class='ocr_par' dir='ltr' id='par_1_41' title="bbox 296 3751 1876 3833">
     <span class='ocr_line' id='line_1_41' title="bbox 296 3751 1876 3833; baseline 0.008 -31"><span class='ocrx_word' id='word_1_268' title='bbox 296 3751 331 3821; x_wconf 79' lang='grc' dir='ltr'><strong>ἧ</strong></span> <span class='ocrx_word' id='word_1_269' title='bbox 373 3752 821 3821; x_wconf 73' lang='grc' dir='ltr'>ἐπιϐουλεύσηται</span> <span class='ocrx_word' id='word_1_270' title='bbox 857 3753 1058 3817; x_wconf 80' lang='grc' dir='ltr'>αὐτοῖς,</span> <span class='ocrx_word' id='word_1_271' title='bbox 1088 3756 1181 3808; x_wconf 74' lang='grc' dir='ltr'><strong>καὶ</strong></span> <span class='ocrx_word' id='word_1_272' title='bbox 1214 3757 1272 3808; x_wconf 87' lang='grc' dir='ltr'>ἒν</span> <span class='ocrx_word' id='word_1_273' title='bbox 1309 3759 1368 3822; x_wconf 77' lang='grc' dir='ltr'><strong>ἐξ</strong></span> <span class='ocrx_word' id='word_1_274' title='bbox 1402 3760 1581 3811; x_wconf 81' lang='grc' dir='ltr'>αὐτῶν</span> <span class='ocrx_word' id='word_1_275' title='bbox 1621 3762 1770 3831; x_wconf 85' lang='grc' dir='ltr'><strong>παρά</strong></span> <span class='ocrx_word' id='word_1_276' title='bbox 1796 3764 1876 3833; x_wconf 84' lang='grc' dir='ltr'>τῷ</span> 
     </span>
    </p>
   </div>
   <div class='ocr_carea' id='block_1_42' title="bbox 295 3842 1878 3911">
    <p class='ocr_par' dir='ltr' id='par_1_42' title="bbox 295 3842 1878 3911">
     <span class='ocr_line' id='line_1_42' title="bbox 295 3842 1878 3911; baseline 0.006 -16"><span class='ocrx_word' id='word_1_277' title='bbox 295 3842 521 3909; x_wconf 82' lang='grc' dir='ltr'>ἄρχοντι</span> <span class='ocrx_word' id='word_1_278' title='bbox 553 3842 867 3911; x_wconf 81' lang='grc' dir='ltr'>ἀποδειχθῇ,</span> <span class='ocrx_word' id='word_1_279' title='bbox 912 3844 1348 3901; x_wconf 86' lang='grc' dir='ltr'>ἀναδουλοῦνται.</span> <span class='ocrx_word' id='word_1_280' title='bbox 1388 3850 1550 3902; x_wconf 82' lang='grc' dir='ltr'>Ἀλλά</span> <span class='ocrx_word' id='word_1_281' title='bbox 1582 3854 1677 3903; x_wconf 75' lang='grc' dir='ltr'>καὶ</span> <span class='ocrx_word' id='word_1_282' title='bbox 1719 3852 1878 3905; x_wconf 84' lang='grc' dir='ltr'>πενό-</span> 
     </span>
    </p>
   </div>
   <div class='ocr_carea' id='block_1_43' title="bbox 299 3930 1878 4006">
    <p class='ocr_par' dir='ltr' id='par_1_43' title="bbox 299 3930 1878 4006">
     <span class='ocr_line' id='line_1_43' title="bbox 299 3930 1878 4006; baseline 0.009 -26"><span class='ocrx_word' id='word_1_283' title='bbox 299 3946 465 3997; x_wconf 74' lang='grc' dir='ltr'>μενον</span> <span class='ocrx_word' id='word_1_284' title='bbox 520 3930 611 3983; x_wconf 82' lang='grc' dir='ltr'>τὸν</span> <span class='ocrx_word' id='word_1_285' title='bbox 644 3930 905 3999; x_wconf 84' lang='grc' dir='ltr'>πάτρωνα</span> <span class='ocrx_word' id='word_1_286' title='bbox 934 3932 1307 4000; x_wconf 79' lang='grc' dir='ltr'>ἀναγκάζεται</span> <span class='ocrx_word' id='word_1_287' title='bbox 1336 3938 1555 4006; x_wconf 75' lang='grc' dir='ltr'>τρέφειν</span> <span class='ocrx_word' id='word_1_288' title='bbox 1589 3940 1617 3991; x_wconf 90' lang='lat'><strong>6</strong></span> <span class='ocrx_word' id='word_1_289' title='bbox 1645 3940 1878 3994; x_wconf 74' lang='grc' dir='ltr'>ἀπελεύο</span> 
     </span>
    </p>
   </div>
   <div class='ocr_carea' id='block_1_44' title="bbox 297 4020 481 4090">
    <p class='ocr_par' dir='ltr' id='par_1_44' title="bbox 297 4020 481 4090">
     <span class='ocr_line' id='line_1_44' title="bbox 297 4020 481 4090; baseline 0 -17"><span class='ocrx_word' id='word_1_290' title='bbox 297 4020 481 4090; x_wconf 87' lang='grc' dir='ltr'>θερος.</span> 
     </span>
    </p>
   </div>
   <div class='ocr_carea' id='block_1_45' title="bbox 370 4124 1858 4197">
    <p class='ocr_par' dir='ltr' id='par_1_45' title="bbox 370 4124 1858 4197">
     <span class='ocr_line' id='line_1_45' title="bbox 370 4124 1858 4197; baseline 0.007 -19"><span class='ocrx_word' id='word_1_291' title='bbox 370 4124 469 4180; x_wconf 76' lang='grc' dir='ltr'>Ἐκ</span> <span class='ocrx_word' id='word_1_292' title='bbox 501 4124 619 4180; x_wconf 84' lang='grc' dir='ltr'>τῶν</span> <span class='ocrx_word' id='word_1_293' title='bbox 650 4128 877 4195; x_wconf 75' lang='grc' dir='ltr'>νεαρῶν</span> <span class='ocrx_word' id='word_1_294' title='bbox 908 4128 1231 4192; x_wconf 76' lang='grc' dir='ltr'>διατάξεων</span> <span class='ocrx_word' id='word_1_295' title='bbox 1270 4130 1403 4197; x_wconf 76' lang='grc' dir='ltr'>περὶ</span> <span class='ocrx_word' id='word_1_296' title='bbox 1439 4131 1547 4186; x_wconf 83' lang='grc' dir='ltr'>τοῦ</span> <span class='ocrx_word' id='word_1_297' title='bbox 1599 4126 1858 4188; x_wconf 52' lang='grc' dir='ltr'>ἐλευθεέ</span> 
     </span>
    </p>
   </div>
   <div class='ocr_carea' id='block_1_46' title="bbox 638 4199 1519 4269">
    <p class='ocr_par' dir='ltr' id='par_1_46' title="bbox 638 4199 1519 4269">
     <span class='ocr_line' id='line_1_46' title="bbox 638 4199 1519 4269; baseline 0.002 -17"><span class='ocrx_word' id='word_1_298' title='bbox 638 4200 893 4267; x_wconf 79' lang='grc' dir='ltr'>ροῦντος</span> <span class='ocrx_word' id='word_1_299' title='bbox 920 4199 1244 4266; x_wconf 75' lang='grc' dir='ltr'>ἀλλότριον</span> <span class='ocrx_word' id='word_1_300' title='bbox 1265 4201 1519 4269; x_wconf 78' lang='grc' dir='ltr'>οἰκέτην.</span> 
     </span>
    </p>
   </div>
   <div class='ocr_carea' id='block_1_47' title="bbox 368 4290 1871 4362">
    <p class='ocr_par' dir='ltr' id='par_1_47' title="bbox 368 4290 1871 4362">
     <span class='ocr_line' id='line_1_47' title="bbox 368 4290 1871 4362; baseline 0.005 -19"><span class='ocrx_word' id='word_1_301' title='bbox 368 4290 466 4345; x_wconf 77' lang='grc' dir='ltr'>κδ’.</span> <span class='ocrx_word' id='word_1_302' title='bbox 526 4290 725 4354; x_wconf 85' lang='grc' dir='ltr'>Καθὼς</span> <span class='ocrx_word' id='word_1_303' title='bbox 773 4290 1148 4361; x_wconf 81' lang='grc' dir='ltr'>ὑπεσχόμεθα,</span> <span class='ocrx_word' id='word_1_304' title='bbox 1202 4292 1392 4362; x_wconf 87' lang='grc' dir='ltr'>καιρός</span> <span class='ocrx_word' id='word_1_305' title='bbox 1444 4294 1560 4347; x_wconf 80' lang='grc' dir='ltr'>ἐστι</span> <span class='ocrx_word' id='word_1_306' title='bbox 1592 4294 1871 4350; x_wconf 76' lang='grc' dir='ltr'>διαλαϐεῖν</span> 
     </span>
    </p>
   </div>
   <div class='ocr_carea' id='block_1_48' title="bbox 296 4381 1871 4453">
    <p class='ocr_par' dir='ltr' id='par_1_48' title="bbox 296 4381 1871 4453">
     <span class='ocr_line' id='line_1_48' title="bbox 296 4381 1871 4453; baseline 0.004 -18"><span class='ocrx_word' id='word_1_307' title='bbox 296 4385 424 4452; x_wconf 80' lang='grc' dir='ltr'>περὶ</span> <span class='ocrx_word' id='word_1_308' title='bbox 471 4381 564 4435; x_wconf 84' lang='grc' dir='ltr'>τοῦ</span> <span class='ocrx_word' id='word_1_309' title='bbox 616 4382 1223 4452; x_wconf 82' lang='grc' dir='ltr'>πενταπλασιαζομένου</span> <span class='ocrx_word' id='word_1_310' title='bbox 1285 4382 1540 4453; x_wconf 79' lang='grc' dir='ltr'>θέματος.</span> <span class='ocrx_word' id='word_1_311' title='bbox 1606 4387 1761 4439; x_wconf 84' lang='grc' dir='ltr'>Ἐστι</span> <span class='ocrx_word' id='word_1_312' title='bbox 1810 4387 1871 4441; x_wconf 80' lang='grc' dir='ltr'>δὲ</span> 
     </span>
    </p>
   </div>
   <div class='ocr_carea' id='block_1_49' title="bbox 294 4474 1869 4552">
    <p class='ocr_par' dir='ltr' id='par_1_49' title="bbox 294 4474 1869 4552">
     <span class='ocr_line' id='line_1_49' title="bbox 294 4474 1869 4552; baseline 0.004 -24"><span class='ocrx_word' id='word_1_313' title='bbox 294 4476 532 4528; x_wconf 91' lang='grc' dir='ltr'>τοιοῦτον</span> <span class='ocrx_word' id='word_1_314' title='bbox 556 4490 573 4507; x_wconf 87' lang='grc'><strong>·</strong></span> <span class='ocrx_word' id='word_1_315' title='bbox 622 4474 680 4529; x_wconf 87' lang='lat'><strong>&#39;0</strong></span> <span class='ocrx_word' id='word_1_316' title='bbox 722 4476 795 4546; x_wconf 81' lang='grc' dir='ltr'>μὴ</span> <span class='ocrx_word' id='word_1_317' title='bbox 826 4476 902 4529; x_wconf 86' lang='grc' dir='ltr'>ὢν</span> <span class='ocrx_word' id='word_1_318' title='bbox 953 4476 1249 4547; x_wconf 81' lang='grc' dir='ltr'>δεσπότης,</span> <span class='ocrx_word' id='word_1_319' title='bbox 1303 4480 1398 4530; x_wconf 80' lang='grc' dir='ltr'>καὶ</span> <span class='ocrx_word' id='word_1_320' title='bbox 1453 4477 1545 4531; x_wconf 76' lang='grc' dir='ltr'><strong>τὸν</strong></span> <span class='ocrx_word' id='word_1_321' title='bbox 1590 4479 1869 4552; x_wconf 86' lang='grc' dir='ltr'>ἀλλότριον</span> 
     </span>
    </p>
   </div>
   <div class='ocr_carea' id='block_1_50' title="bbox 292 4563 1871 4641">
    <p class='ocr_par' dir='ltr' id='par_1_50' title="bbox 292 4563 1871 4641">
     <span class='ocr_line' id='line_1_50' title="bbox 292 4563 1871 4641; baseline 0.001 -23"><span class='ocrx_word' id='word_1_322' title='bbox 292 4564 475 4617; x_wconf 87' lang='grc' dir='ltr'>δοῦλον</span> <span class='ocrx_word' id='word_1_323' title='bbox 509 4564 584 4626; x_wconf 87' lang='grc' dir='ltr'>ὼς</span> <span class='ocrx_word' id='word_1_324' title='bbox 625 4563 752 4616; x_wconf 85' lang='grc' dir='ltr'>ίδιον</span> <span class='ocrx_word' id='word_1_325' title='bbox 781 4564 1177 4635; x_wconf 67' lang='grc' dir='ltr'>ἐλευθερώσας,</span> <span class='ocrx_word' id='word_1_326' title='bbox 1208 4566 1302 4619; x_wconf 78' lang='grc' dir='ltr'><strong>ἐπὶ</strong></span> <span class='ocrx_word' id='word_1_327' title='bbox 1337 4566 1433 4619; x_wconf 87' lang='grc' dir='ltr'>τοῦ</span> <span class='ocrx_word' id='word_1_328' title='bbox 1470 4565 1734 4637; x_wconf 83' lang='grc' dir='ltr'>βασιλέως</span> <span class='ocrx_word' id='word_1_329' title='bbox 1767 4571 1871 4641; x_wconf 76' lang='grc' dir='ltr'>τῆς</span> 
     </span>
    </p>
   </div>
   <div class='ocr_carea' id='block_1_51' title="bbox 295 4654 1869 4726">
    <p class='ocr_par' dir='ltr' id='par_1_51' title="bbox 295 4654 1869 4726">
     <span class='ocr_line' id='line_1_51' title="bbox 295 4654 1869 4726; baseline 0.005 -19"><span class='ocrx_word' id='word_1_330' title='bbox 295 4654 602 4724; x_wconf 69' lang='grc' dir='ltr'>δλευθερίας</span> <span class='ocrx_word' id='word_1_331' title='bbox 634 4656 1103 4726; x_wconf 74' lang='grc' dir='ltr'>ἀνατρεπομένης,</span> <span class='ocrx_word' id='word_1_332' title='bbox 1137 4657 1560 4722; x_wconf 82' lang='grc' dir='ltr'>διαναγκάζεται</span> <span class='ocrx_word' id='word_1_333' title='bbox 1584 4662 1613 4713; x_wconf 91' lang='lat'><strong>6</strong></span> <span class='ocrx_word' id='word_1_334' title='bbox 1646 4661 1869 4715; x_wconf 82' lang='grc' dir='ltr'>ἐλευθε-</span> 
     </span>
    </p>
   </div>
   <div class='ocr_carea' id='block_1_52' title="bbox 300 4742 1873 4821">
    <p class='ocr_par' dir='ltr' id='par_1_52' title="bbox 300 4742 1873 4821">
     <span class='ocr_line' id='line_1_52' title="bbox 300 4742 1873 4821; baseline 0.007 -26"><span class='ocrx_word' id='word_1_335' title='bbox 300 4742 477 4812; x_wconf 87' lang='grc' dir='ltr'>ρώσας</span> <span class='ocrx_word' id='word_1_336' title='bbox 508 4744 771 4815; x_wconf 82' lang='grc' dir='ltr'>παρέχειν</span> <span class='ocrx_word' id='word_1_337' title='bbox 835 4745 996 4799; x_wconf 78' lang='grc' dir='ltr'>πέντε</span> <span class='ocrx_word' id='word_1_338' title='bbox 1046 4745 1265 4809; x_wconf 73' lang='grc' dir='ltr'>οἰκέτας</span> <span class='ocrx_word' id='word_1_339' title='bbox 1306 4747 1427 4800; x_wconf 77' lang='grc' dir='ltr'>ἀντὶ</span> <span class='ocrx_word' id='word_1_340' title='bbox 1454 4749 1548 4802; x_wconf 90' lang='grc' dir='ltr'>τοῦ</span> <span class='ocrx_word' id='word_1_341' title='bbox 1573 4749 1873 4821; x_wconf 72' lang='grc' dir='ltr'>ἐλευθερω-</span> 
     </span>
    </p>
   </div>
   <div class='ocr_carea' id='block_1_53' title="bbox 297 4834 1870 4909">
    <p class='ocr_par' dir='ltr' id='par_1_53' title="bbox 297 4834 1870 4909">
     <span class='ocr_line' id='line_1_53' title="bbox 297 4834 1870 4909; baseline 0.008 -24"><span class='ocrx_word' id='word_1_342' title='bbox 297 4834 501 4898; x_wconf 76' lang='grc' dir='ltr'>θέντος·</span> <span class='ocrx_word' id='word_1_343' title='bbox 536 4836 698 4906; x_wconf 85' lang='grc' dir='ltr'>δῆθεν</span> <span class='ocrx_word' id='word_1_344' title='bbox 757 4835 879 4889; x_wconf 80' lang='grc' dir='ltr'>καθ’</span> <span class='ocrx_word' id='word_1_345' title='bbox 929 4836 1185 4907; x_wconf 77' lang='grc' dir='ltr'>ἡλικίαν,</span> <span class='ocrx_word' id='word_1_346' title='bbox 1236 4838 1328 4890; x_wconf 74' lang='grc' dir='ltr'>καὶ</span> <span class='ocrx_word' id='word_1_347' title='bbox 1370 4840 1512 4894; x_wconf 87' lang='grc' dir='ltr'><strong>κατά</strong></span> <span class='ocrx_word' id='word_1_348' title='bbox 1545 4840 1729 4909; x_wconf 76' lang='grc' dir='ltr'>φύσιν,</span> <span class='ocrx_word' id='word_1_349' title='bbox 1773 4843 1870 4897; x_wconf 78' lang='grc' dir='ltr'>καὶ</span> 
     </span>
    </p>
   </div>
   <div class='ocr_carea' id='block_1_54' title="bbox 295 4922 1867 5001">
    <p class='ocr_par' dir='ltr' id='par_1_54' title="bbox 295 4922 1867 5001">
     <span class='ocr_line' id='line_1_54' title="bbox 295 4922 1867 5001; baseline 0.006 -27"><span class='ocrx_word' id='word_1_350' title='bbox 295 4922 433 4975; x_wconf 81' lang='grc' dir='ltr'><strong>κατά</strong></span> <span class='ocrx_word' id='word_1_351' title='bbox 467 4924 691 4994; x_wconf 82' lang='grc' dir='ltr'>τρόπον,</span> <span class='ocrx_word' id='word_1_352' title='bbox 721 4926 814 4978; x_wconf 84' lang='grc' dir='ltr'>καὶ</span> <span class='ocrx_word' id='word_1_353' title='bbox 840 4925 983 4979; x_wconf 84' lang='grc' dir='ltr'>κατὰ</span> <span class='ocrx_word' id='word_1_354' title='bbox 1032 4926 1226 4996; x_wconf 80' lang='grc' dir='ltr'>τέχνην</span> <span class='ocrx_word' id='word_1_355' title='bbox 1256 4926 1499 4996; x_wconf 73' lang='grc' dir='ltr'>ὁμοίουςο</span> <span class='ocrx_word' id='word_1_356' title='bbox 1527 4929 1622 4982; x_wconf 79' lang='grc' dir='ltr'>δύο</span> <span class='ocrx_word' id='word_1_357' title='bbox 1657 4931 1756 5000; x_wconf 82' lang='grc' dir='ltr'>μὲν</span> <span class='ocrx_word' id='word_1_358' title='bbox 1787 4932 1867 5001; x_wconf 83' lang='grc' dir='ltr'><strong>τῷ</strong></span> 
     </span>
    </p>
   </div>
   <div class='ocr_carea' id='block_1_55' title="bbox 293 5011 1865 5091">
    <p class='ocr_par' dir='ltr' id='par_1_55' title="bbox 293 5011 1865 5091">
     <span class='ocr_line' id='line_1_55' title="bbox 293 5011 1865 5091; baseline 0.008 -28"><span class='ocrx_word' id='word_1_359' title='bbox 293 5011 523 5085; x_wconf 78' lang='grc' dir='ltr'>δεσπότῃ</span> <span class='ocrx_word' id='word_1_360' title='bbox 551 5016 645 5068; x_wconf 89' lang='grc' dir='ltr'>τοῦ</span> <span class='ocrx_word' id='word_1_361' title='bbox 673 5016 1130 5088; x_wconf 78' lang='grc' dir='ltr'>ἐλευθερωθέντος</span> <span class='ocrx_word' id='word_1_362' title='bbox 1157 5056 1171 5081; x_wconf 88' lang='grc'><strong>,</strong></span> <span class='ocrx_word' id='word_1_363' title='bbox 1206 5021 1353 5088; x_wconf 84' lang='grc' dir='ltr'>τρεῖς</span> <span class='ocrx_word' id='word_1_364' title='bbox 1392 5020 1449 5073; x_wconf 80' lang='grc' dir='ltr'>δὲ</span> <span class='ocrx_word' id='word_1_365' title='bbox 1488 5020 1566 5090; x_wconf 84' lang='grc' dir='ltr'>τῷ</span> <span class='ocrx_word' id='word_1_366' title='bbox 1597 5021 1865 5091; x_wconf 76' lang='grc' dir='ltr'>δημοσίῳ*</span> 
     </span>
    </p>
   </div>
   <div class='ocr_carea' id='block_1_56' title="bbox 2034 507 3598 588">
    <p class='ocr_par' dir='ltr' id='par_1_56' title="bbox 2034 507 3598 588">
     <span class='ocr_line' id='line_1_56' title="bbox 2034 507 3598 588; baseline 0.019 -39"><span class='ocrx_word' id='word_1_367' title='bbox 2034 511 2127 551; x_wconf 89' lang='lat' dir='ltr'><strong>seu</strong></span> <span class='ocrx_word' id='word_1_368' title='bbox 2158 507 2576 571; x_wconf 85' lang='lat' dir='ltr'><strong>mercenarium,</strong></span> <span class='ocrx_word' id='word_1_369' title='bbox 2601 510 2777 565; x_wconf 87' lang='lat' dir='ltr'><strong>donec</strong></span> <span class='ocrx_word' id='word_1_370' title='bbox 2795 512 3119 581; x_wconf 89' lang='lat' dir='ltr'><strong>impleverit,</strong></span> <span class='ocrx_word' id='word_1_371' title='bbox 3142 533 3261 584; x_wconf 63' lang='lat' dir='ltr'><strong>quae</strong></span> <span class='ocrx_word' id='word_1_372' title='bbox 3284 534 3472 588; x_wconf 90' lang='lat' dir='ltr'><strong>pactus</strong></span> <span class='ocrx_word' id='word_1_373' title='bbox 3494 539 3598 579; x_wconf 85' lang='lat' dir='ltr'><strong>est:</strong></span> 
     </span>
    </p>
   </div>
   <div class='ocr_carea' id='block_1_57' title="bbox 2030 587 3600 681">
    <p class='ocr_par' dir='ltr' id='par_1_57' title="bbox 2030 587 3600 681">
     <span class='ocr_line' id='line_1_57' title="bbox 2030 587 3600 681; baseline 0.018 -41"><span class='ocrx_word' id='word_1_374' title='bbox 2030 587 2103 640; x_wconf 86' lang='lat' dir='ltr'><strong>ita</strong></span> <span class='ocrx_word' id='word_1_375' title='bbox 2135 596 2338 656; x_wconf 80' lang='lat' dir='ltr'><strong>tamen,</strong></span> <span class='ocrx_word' id='word_1_376' title='bbox 2372 605 2429 646; x_wconf 90' lang='lat' dir='ltr'><strong>ut</strong></span> <span class='ocrx_word' id='word_1_377' title='bbox 2465 610 2492 646; x_wconf 70' lang='grc' dir='ltr'><strong>ιι</strong></span> <span class='ocrx_word' id='word_1_378' title='bbox 2527 599 2801 663; x_wconf 72' lang='lat' dir='ltr'><strong>cognitore</strong></span> <span class='ocrx_word' id='word_1_379' title='bbox 2826 617 3003 657; x_wconf 70' lang='lat' dir='ltr'><strong>causa:</strong></span> <span class='ocrx_word' id='word_1_380' title='bbox 3028 587 3318 661; x_wconf 77' lang='lat' dir='ltr'><strong>definiatur</strong></span> <span class='ocrx_word' id='word_1_381' title='bbox 3350 611 3421 674; x_wconf 51' lang='lat' dir='ltr'><strong>ill,</strong></span> <span class='ocrx_word' id='word_1_382' title='bbox 3454 617 3600 681; x_wconf 86' lang='lat' dir='ltr'><strong>quod</strong></span> 
     </span>
    </p>
   </div>
   <div class='ocr_carea' id='block_1_58' title="bbox 2029 680 3599 768">
    <p class='ocr_par' dir='ltr' id='par_1_58' title="bbox 2029 680 3599 768">
     <span class='ocr_line' id='line_1_58' title="bbox 2029 680 3599 768; baseline 0.018 -40"><span class='ocrx_word' id='word_1_383' title='bbox 2029 691 2173 730; x_wconf 89' lang='lat' dir='ltr'><strong>anno</strong></span> <span class='ocrx_word' id='word_1_384' title='bbox 2205 680 2447 747; x_wconf 85' lang='lat' dir='ltr'><strong>quolibet</strong></span> <span class='ocrx_word' id='word_1_385' title='bbox 2471 686 2691 740; x_wconf 86' lang='lat' dir='ltr'><strong>nomine</strong></span> <span class='ocrx_word' id='word_1_386' title='bbox 2730 693 2994 746; x_wconf 76' lang='lat' dir='ltr'><strong>mercedis</strong></span> <span class='ocrx_word' id='word_1_387' title='bbox 3034 698 3339 765; x_wconf 87' lang='lat' dir='ltr'><strong>computari</strong></span> <span class='ocrx_word' id='word_1_388' title='bbox 3382 716 3478 768; x_wconf 90' lang='lat' dir='ltr'><strong>pro</strong></span> <span class='ocrx_word' id='word_1_389' title='bbox 3513 719 3599 757; x_wconf 84' lang='lat' dir='ltr'><strong>re-</strong></span> 
     </span>
    </p>
   </div>
   <div class='ocr_carea' id='block_1_59' title="bbox 2025 766 2444 835">
    <p class='ocr_par' dir='ltr' id='par_1_59' title="bbox 2025 766 2444 835">
     <span class='ocr_line' id='line_1_59' title="bbox 2025 766 2444 835; baseline 0.017 -18"><span class='ocrx_word' id='word_1_390' title='bbox 2025 766 2244 835; x_wconf 89' lang='lat' dir='ltr'><strong>dempto</strong></span> <span class='ocrx_word' id='word_1_391' title='bbox 2271 770 2444 824; x_wconf 87' lang='lat' dir='ltr'><strong>debet.</strong></span> 
     </span>
    </p>
   </div>
   <div class='ocr_carea' id='block_1_60' title="bbox 2096 857 3596 948">
    <p class='ocr_par' dir='ltr' id='par_1_60' title="bbox 2096 857 3596 948">
     <span class='ocr_line' id='line_1_60' title="bbox 2096 857 3596 948; baseline 0.018 -40"><span class='ocrx_word' id='word_1_392' title='bbox 2096 857 2184 910; x_wconf 79' lang='grc'><strong>16.</strong></span> <span class='ocrx_word' id='word_1_393' title='bbox 2219 858 2447 914; x_wconf 79' lang='lat' dir='ltr'><strong>Servum</strong></span> <span class='ocrx_word' id='word_1_394' title='bbox 2474 864 2581 917; x_wconf 90' lang='lat' dir='ltr'><strong>doti</strong></span> <span class='ocrx_word' id='word_1_395' title='bbox 2618 866 2948 937; x_wconf 88' lang='lat' dir='ltr'><strong>adscriptum</strong></span> <span class='ocrx_word' id='word_1_396' title='bbox 2981 887 3155 940; x_wconf 85' lang='lat' dir='ltr'><strong>neque</strong></span> <span class='ocrx_word' id='word_1_397' title='bbox 3182 874 3386 943; x_wconf 85' lang='lat' dir='ltr'><strong>liberis,</strong></span> <span class='ocrx_word' id='word_1_398' title='bbox 3418 894 3596 948; x_wconf 82' lang='lat' dir='ltr'><strong>neque</strong></span> 
     </span>
    </p>
   </div>
   <div class='ocr_carea' id='block_1_61' title="bbox 2024 949 2796 1012">
    <p class='ocr_par' dir='ltr' id='par_1_61' title="bbox 2024 949 2796 1012">
     <span class='ocr_line' id='line_1_61' title="bbox 2024 949 2796 1012; baseline 0.019 -14"><span class='ocrx_word' id='word_1_399' title='bbox 2024 949 2220 1002; x_wconf 84' lang='lat' dir='ltr'><strong>marito</strong></span> <span class='ocrx_word' id='word_1_400' title='bbox 2248 957 2629 1009; x_wconf 72' lang='lat' dir='ltr'><strong>manumittere</strong></span> <span class='ocrx_word' id='word_1_401' title='bbox 2648 958 2796 1012; x_wconf 91' lang='lat' dir='ltr'><strong>licet.</strong></span> 
     </span>
    </p>
   </div>
   <div class='ocr_carea' id='block_1_62' title="bbox 2094 1126 3593 1210">
    <p class='ocr_par' dir='ltr' id='par_1_62' title="bbox 2094 1126 3593 1210">
     <span class='ocr_line' id='line_1_62' title="bbox 2094 1126 3593 1210; baseline 0.018 -30"><span class='ocrx_word' id='word_1_402' title='bbox 2094 1128 2184 1181; x_wconf 77' lang='grc'>17.</span> <span class='ocrx_word' id='word_1_403' title='bbox 2224 1126 2317 1183; x_wconf 88' lang='lat' dir='ltr'><strong>Sin</strong></span> <span class='ocrx_word' id='word_1_404' title='bbox 2351 1130 2463 1185; x_wconf 90' lang='lat' dir='ltr'><strong>doti</strong></span> <span class='ocrx_word' id='word_1_405' title='bbox 2498 1135 2681 1188; x_wconf 81' lang='lat' dir='ltr'><strong>uxoris</strong></span> <span class='ocrx_word' id='word_1_406' title='bbox 2705 1151 2815 1190; x_wconf 70' lang='lat' dir='ltr'><strong>suae</strong></span> <span class='ocrx_word' id='word_1_407' title='bbox 2846 1138 2931 1192; x_wconf 85' lang='lat' dir='ltr'><strong>vir</strong></span> <span class='ocrx_word' id='word_1_408' title='bbox 2974 1142 3321 1210; x_wconf 79' lang='lat' dir='ltr'><strong>satisfecerit,</strong></span> <span class='ocrx_word' id='word_1_409' title='bbox 3362 1149 3475 1204; x_wconf 89' lang='lat' dir='ltr'><strong>sive</strong></span> <span class='ocrx_word' id='word_1_410' title='bbox 3508 1168 3593 1207; x_wconf 81' lang='lat' dir='ltr'><strong>res</strong></span> 
     </span>
    </p>
   </div>
   <div class='ocr_carea' id='block_1_63' title="bbox 2019 1217 3592 1311">
    <p class='ocr_par' dir='ltr' id='par_1_63' title="bbox 2019 1217 3592 1311">
     <span class='ocr_line' id='line_1_63' title="bbox 2019 1217 3592 1311; baseline 0.02 -41"><span class='ocrx_word' id='word_1_411' title='bbox 2019 1217 2228 1285; x_wconf 80' lang='lat' dir='ltr'><strong>aﬂ‘cmt,</strong></span> <span class='ocrx_word' id='word_1_412' title='bbox 2272 1239 2365 1277; x_wconf 87' lang='lat' dir='ltr'><strong>seu</strong></span> <span class='ocrx_word' id='word_1_413' title='bbox 2422 1229 2687 1296; x_wconf 89' lang='lat' dir='ltr'><strong>mancipia</strong></span> <span class='ocrx_word' id='word_1_414' title='bbox 2722 1246 2736 1293; x_wconf 89' lang='lat'>;</span> <span class='ocrx_word' id='word_1_415' title='bbox 2768 1232 3066 1288; x_wconf 86' lang='lat' dir='ltr'><strong>dominium</strong></span> <span class='ocrx_word' id='word_1_416' title='bbox 3106 1248 3271 1293; x_wconf 90' lang='lat' dir='ltr'><strong>totum</strong></span> <span class='ocrx_word' id='word_1_417' title='bbox 3306 1243 3437 1311; x_wconf 88' lang='lat' dir='ltr'><strong>ipse,</strong></span> <span class='ocrx_word' id='word_1_418' title='bbox 3473 1256 3592 1301; x_wconf 83' lang='lat' dir='ltr'><strong>tau-</strong></span> 
     </span>
    </p>
   </div>
   <div class='ocr_carea' id='block_1_64' title="bbox 2018 1315 3277 1384">
    <p class='ocr_par' dir='ltr' id='par_1_64' title="bbox 2018 1315 3277 1384">
     <span class='ocr_line' id='line_1_64' title="bbox 2018 1315 3277 1384; baseline 0.018 -23"><span class='ocrx_word' id='word_1_419' title='bbox 2018 1326 2183 1378; x_wconf 75' lang='lat' dir='ltr'><strong>quam</strong></span> <span class='ocrx_word' id='word_1_420' title='bbox 2212 1323 2386 1381; x_wconf 80' lang='lat' dir='ltr'><strong>caput,</strong></span> <span class='ocrx_word' id='word_1_421' title='bbox 2408 1315 2561 1384; x_wconf 79' lang='lat' dir='ltr'><strong>juxta</strong></span> <span class='ocrx_word' id='word_1_422' title='bbox 2597 1319 2686 1372; x_wconf 91' lang='lat' dir='ltr'><strong>Dei</strong></span> <span class='ocrx_word' id='word_1_423' title='bbox 2724 1322 3035 1378; x_wconf 86' lang='lat' dir='ltr'><strong>mandatum</strong></span> <span class='ocrx_word' id='word_1_424' title='bbox 3066 1328 3277 1384; x_wconf 82' lang='lat' dir='ltr'><strong>habeat.</strong></span> 
     </span>
    </p>
   </div>
   <div class='ocr_carea' id='block_1_65' title="bbox 2093 1494 3588 1571">
    <p class='ocr_par' dir='ltr' id='par_1_65' title="bbox 2093 1494 3588 1571">
     <span class='ocr_line' id='line_1_65' title="bbox 2093 1494 3588 1571; baseline 0.018 -26"><span class='ocrx_word' id='word_1_425' title='bbox 2093 1494 2183 1549; x_wconf 77' lang='grc'><strong>18.</strong></span> <span class='ocrx_word' id='word_1_426' title='bbox 2221 1495 2274 1547; x_wconf 84' lang='lat' dir='ltr'><strong>Si</strong></span> <span class='ocrx_word' id='word_1_427' title='bbox 2312 1512 2442 1551; x_wconf 89' lang='lat' dir='ltr'><strong>vero</strong></span> <span class='ocrx_word' id='word_1_428' title='bbox 2476 1510 2602 1554; x_wconf 88' lang='lat' dir='ltr'><strong>ante</strong></span> <span class='ocrx_word' id='word_1_429' title='bbox 2655 1513 2993 1559; x_wconf 88' lang='lat' dir='ltr'><strong>contractum</strong></span> <span class='ocrx_word' id='word_1_430' title='bbox 3052 1511 3454 1568; x_wconf 83' lang='lat' dir='ltr'><strong>matrimonium</strong></span> <span class='ocrx_word' id='word_1_431' title='bbox 3502 1533 3588 1571; x_wconf 73' lang='lat' dir='ltr'><strong>res</strong></span> 
     </span>
    </p>
   </div>
   <div class='ocr_carea' id='block_1_66' title="bbox 2013 1585 3585 1670">
    <p class='ocr_par' dir='ltr' id='par_1_66' title="bbox 2013 1585 3585 1670">
     <span class='ocr_line' id='line_1_66' title="bbox 2013 1585 3585 1670; baseline 0.015 -32"><span class='ocrx_word' id='word_1_432' title='bbox 2013 1585 2128 1650; x_wconf 84' lang='lat' dir='ltr'><strong>ipse</strong></span> <span class='ocrx_word' id='word_1_433' title='bbox 2155 1586 2331 1641; x_wconf 74' lang='lat' dir='ltr'><strong>nullas</strong></span> <span class='ocrx_word' id='word_1_434' title='bbox 2356 1588 2571 1655; x_wconf 82' lang='lat' dir='ltr'><strong>habeat,</strong></span> <span class='ocrx_word' id='word_1_435' title='bbox 2602 1602 2763 1660; x_wconf 88' lang='lat' dir='ltr'><strong>atque</strong></span> <span class='ocrx_word' id='word_1_436' title='bbox 2785 1596 2945 1647; x_wconf 85' lang='lat' dir='ltr'><strong>etiam</strong></span> <span class='ocrx_word' id='word_1_437' title='bbox 2980 1609 3097 1663; x_wconf 87' lang='lat' dir='ltr'><strong>post</strong></span> <span class='ocrx_word' id='word_1_438' title='bbox 3145 1602 3585 1670; x_wconf 69' lang='lat' dir='ltr'><strong>coniunctionem</strong></span> 
     </span>
    </p>
   </div>
   <div class='ocr_carea' id='block_1_67' title="bbox 2013 1674 3575 1761">
    <p class='ocr_par' dir='ltr' id='par_1_67' title="bbox 2013 1674 3575 1761">
     <span class='ocr_line' id='line_1_67' title="bbox 2013 1674 3575 1761; baseline 0.016 -37"><span class='ocrx_word' id='word_1_439' title='bbox 2013 1674 2356 1739; x_wconf 75' lang='lat' dir='ltr'><strong>nuptiarum;</strong></span> <span class='ocrx_word' id='word_1_440' title='bbox 2388 1691 2507 1744; x_wconf 75' lang='lat' dir='ltr'><strong>qua:</strong></span> <span class='ocrx_word' id='word_1_441' title='bbox 2556 1679 2819 1747; x_wconf 82' lang='lat' dir='ltr'><strong>acquisita</strong></span> <span class='ocrx_word' id='word_1_442' title='bbox 2857 1682 2949 1736; x_wconf 87' lang='lat' dir='ltr'><strong>Dei</strong></span> <span class='ocrx_word' id='word_1_443' title='bbox 2993 1688 3329 1753; x_wconf 83' lang='lat' dir='ltr'><strong>providentia</strong></span> <span class='ocrx_word' id='word_1_444' title='bbox 3354 1693 3575 1761; x_wconf 81' lang='lat' dir='ltr'><strong>fuerint,</strong></span> 
     </span>
    </p>
   </div>
   <div class='ocr_carea' id='block_1_68' title="bbox 1931 1754 2639 1833">
    <p class='ocr_par' dir='ltr' id='par_1_68' title="bbox 1931 1754 2639 1833">
     <span class='ocr_line' id='line_1_68' title="bbox 1931 1754 2639 1833; baseline 0.016 -24"><span class='ocrx_word' id='word_1_445' title='bbox 1931 1754 1977 1809; x_wconf 80' lang='grc' dir='ltr'><strong><em>Β</em></strong></span> <span class='ocrx_word' id='word_1_446' title='bbox 2006 1764 2258 1832; x_wconf 84' lang='lat' dir='ltr'><strong>utrinque</strong></span> <span class='ocrx_word' id='word_1_447' title='bbox 2299 1765 2639 1833; x_wconf 81' lang='lat' dir='ltr'><strong>possideant.</strong></span> 
     </span>
    </p>
   </div>
   <div class='ocr_carea' id='block_1_69' title="bbox 2076 1854 3579 1930">
    <p class='ocr_par' dir='ltr' id='par_1_69' title="bbox 2076 1854 3579 1930">
     <span class='ocr_line' id='line_1_69' title="bbox 2076 1854 3579 1930; baseline 0.015 -21"><span class='ocrx_word' id='word_1_448' title='bbox 2076 1854 2160 1909; x_wconf 80' lang='grc'>19.</span> <span class='ocrx_word' id='word_1_449' title='bbox 2198 1854 2253 1911; x_wconf 91' lang='lat' dir='ltr'><strong>Si</strong></span> <span class='ocrx_word' id='word_1_450' title='bbox 2292 1859 2401 1912; x_wconf 91' lang='lat' dir='ltr'><strong>duo</strong></span> <span class='ocrx_word' id='word_1_451' title='bbox 2427 1861 2748 1928; x_wconf 89' lang='lat' dir='ltr'><strong>adscriptitii</strong></span> <span class='ocrx_word' id='word_1_452' title='bbox 2800 1863 3139 1921; x_wconf 85' lang='lat' dir='ltr'><strong>diversorum</strong></span> <span class='ocrx_word' id='word_1_453' title='bbox 3171 1870 3507 1927; x_wconf 89' lang='lat' dir='ltr'><strong>dominorum</strong></span> <span class='ocrx_word' id='word_1_454' title='bbox 3527 1875 3579 1930; x_wconf 88' lang='lat' dir='ltr'><strong>in</strong></span> 
     </span>
    </p>
   </div>
   <div class='ocr_carea' id='block_1_70' title="bbox 1949 1944 3585 2033">
    <p class='ocr_par' dir='ltr' id='par_1_70' title="bbox 1949 1944 3585 2033">
     <span class='ocr_line' id='line_1_70' title="bbox 1949 1944 3585 2033; baseline 0.013 -36"><span class='ocrx_word' id='word_1_455' title='bbox 1949 1944 1959 1955; x_wconf 83' lang='lat'><em>‘</em></span> <span class='ocrx_word' id='word_1_456' title='bbox 2003 1948 2406 2001; x_wconf 83' lang='lat' dir='ltr'><strong>matrimonium</strong></span> <span class='ocrx_word' id='word_1_457' title='bbox 2455 1951 2707 2017; x_wconf 86' lang='lat' dir='ltr'><strong>coierint,</strong></span> <span class='ocrx_word' id='word_1_458' title='bbox 2743 1954 3008 2022; x_wconf 86' lang='lat' dir='ltr'><strong>siquidem</strong></span> <span class='ocrx_word' id='word_1_459' title='bbox 3047 1958 3245 2013; x_wconf 81' lang='lat' dir='ltr'><strong>liberos</strong></span> <span class='ocrx_word' id='word_1_460' title='bbox 3295 1964 3424 2017; x_wconf 87' lang='lat' dir='ltr'><strong>duos</strong></span> <span class='ocrx_word' id='word_1_461' title='bbox 3450 1980 3585 2033; x_wconf 87' lang='lat' dir='ltr'><strong>pro-</strong></span> 
     </span>
    </p>
   </div>
   <div class='ocr_carea' id='block_1_71' title="bbox 2003 2041 3583 2115">
    <p class='ocr_par' dir='ltr' id='par_1_71' title="bbox 2003 2041 3583 2115">
     <span class='ocr_line' id='line_1_71' title="bbox 2003 2041 3583 2115; baseline 0.012 -23"><span class='ocrx_word' id='word_1_462' title='bbox 2003 2041 2325 2104; x_wconf 89' lang='lat' dir='ltr'><strong>creaverint,</strong></span> <span class='ocrx_word' id='word_1_463' title='bbox 2375 2053 2522 2096; x_wconf 82' lang='lat' dir='ltr'><strong>sorte</strong></span> <span class='ocrx_word' id='word_1_464' title='bbox 2570 2045 2930 2101; x_wconf 89' lang='lat' dir='ltr'><strong>dividuntur:</strong></span> <span class='ocrx_word' id='word_1_465' title='bbox 2971 2049 3016 2102; x_wconf 88' lang='lat' dir='ltr'><strong>si</strong></span> <span class='ocrx_word' id='word_1_466' title='bbox 3047 2060 3173 2115; x_wconf 89' lang='lat' dir='ltr'><strong>tres,</strong></span> <span class='ocrx_word' id='word_1_467' title='bbox 3226 2056 3333 2107; x_wconf 89' lang='lat' dir='ltr'><strong>duo</strong></span> <span class='ocrx_word' id='word_1_468' title='bbox 3389 2059 3583 2111; x_wconf 75' lang='lat' dir='ltr'><strong>matris</strong></span> 
     </span>
    </p>
   </div>
   <div class='ocr_carea' id='block_1_72' title="bbox 2007 2133 3580 2210">
    <p class='ocr_par' dir='ltr' id='par_1_72' title="bbox 2007 2133 3580 2210">
     <span class='ocr_line' id='line_1_72' title="bbox 2007 2133 3580 2210; baseline 0.013 -27"><span class='ocrx_word' id='word_1_469' title='bbox 2007 2139 2192 2193; x_wconf 84' lang='lat' dir='ltr'><strong>sunto,</strong></span> <span class='ocrx_word' id='word_1_470' title='bbox 2222 2133 2414 2185; x_wconf 88' lang='lat' dir='ltr'><strong>tertius</strong></span> <span class='ocrx_word' id='word_1_471' title='bbox 2447 2134 2615 2202; x_wconf 87' lang='lat' dir='ltr'><strong>patris</strong></span> <span class='ocrx_word' id='word_1_472' title='bbox 2641 2136 2917 2192; x_wconf 88' lang='lat' dir='ltr'><strong>dominum</strong></span> <span class='ocrx_word' id='word_1_473' title='bbox 2947 2144 3218 2210; x_wconf 76' lang='lat' dir='ltr'><strong>sequitur:</strong></span> <span class='ocrx_word' id='word_1_474' title='bbox 3244 2146 3291 2199; x_wconf 88' lang='lat' dir='ltr'><strong>si</strong></span> <span class='ocrx_word' id='word_1_475' title='bbox 3314 2162 3455 2203; x_wconf 84' lang='lat' dir='ltr'><strong>unus</strong></span> <span class='ocrx_word' id='word_1_476' title='bbox 3480 2163 3580 2202; x_wconf 85' lang='lat' dir='ltr'><strong>na-</strong></span> 
     </span>
    </p>
   </div>
   <div class='ocr_carea' id='block_1_73' title="bbox 2004 2216 2680 2283">
    <p class='ocr_par' dir='ltr' id='par_1_73' title="bbox 2004 2216 2680 2283">
     <span class='ocr_line' id='line_1_73' title="bbox 2004 2216 2680 2283; baseline 0.016 -16"><span class='ocrx_word' id='word_1_477' title='bbox 2004 2221 2092 2269; x_wconf 86' lang='lat' dir='ltr'><strong>tus</strong></span> <span class='ocrx_word' id='word_1_478' title='bbox 2125 2216 2306 2283; x_wconf 80' lang='lat' dir='ltr'><strong>fuerit,</strong></span> <span class='ocrx_word' id='word_1_479' title='bbox 2333 2222 2521 2274; x_wconf 84' lang='lat' dir='ltr'><strong>matris</strong></span> <span class='ocrx_word' id='word_1_480' title='bbox 2542 2232 2680 2277; x_wconf 81' lang='lat' dir='ltr'><strong>esto.</strong></span> 
     </span>
    </p>
   </div>
   <div class='ocr_carea' id='block_1_74' title="bbox 2069 2401 3571 2489">
    <p class='ocr_par' dir='ltr' id='par_1_74' title="bbox 2069 2401 3571 2489">
     <span class='ocr_line' id='line_1_74' title="bbox 2069 2401 3571 2489; baseline 0.015 -36"><span class='ocrx_word' id='word_1_481' title='bbox 2069 2401 2158 2455; x_wconf 77' lang='grc'>20.</span> <span class='ocrx_word' id='word_1_482' title='bbox 2191 2401 2322 2468; x_wconf 72' lang='lat' dir='ltr'><strong>Qua:</strong></span> <span class='ocrx_word' id='word_1_483' title='bbox 2377 2419 2675 2463; x_wconf 81' lang='lat' dir='ltr'><strong>nascuntur</strong></span> <span class='ocrx_word' id='word_1_484' title='bbox 2701 2424 2731 2463; x_wconf 92' lang='lat' dir='ltr'><strong>e</strong></span> <span class='ocrx_word' id='word_1_485' title='bbox 2763 2422 2954 2468; x_wconf 88' lang='lat' dir='ltr'><strong>ventre</strong></span> <span class='ocrx_word' id='word_1_486' title='bbox 2992 2415 3179 2483; x_wconf 86' lang='lat' dir='ltr'><strong>libero,</strong></span> <span class='ocrx_word' id='word_1_487' title='bbox 3202 2419 3373 2474; x_wconf 78' lang='lat' dir='ltr'><strong>libera</strong></span> <span class='ocrx_word' id='word_1_488' title='bbox 3395 2431 3521 2476; x_wconf 89' lang='lat' dir='ltr'><strong>sunt</strong></span> <span class='ocrx_word' id='word_1_489' title='bbox 3556 2463 3571 2489; x_wconf 94' lang='lat'><strong>,</strong></span> 
     </span>
    </p>
   </div>
   <div class='ocr_carea' id='block_1_75' title="bbox 1997 2489 2947 2559">
    <p class='ocr_par' dir='ltr' id='par_1_75' title="bbox 1997 2489 2947 2559">
     <span class='ocr_line' id='line_1_75' title="bbox 1997 2489 2947 2559; baseline 0.014 -17"><span class='ocrx_word' id='word_1_490' title='bbox 1997 2489 2211 2543; x_wconf 87' lang='lat' dir='ltr'><strong>etiamsi</strong></span> <span class='ocrx_word' id='word_1_491' title='bbox 2247 2502 2399 2559; x_wconf 84' lang='lat' dir='ltr'><strong>pater</strong></span> <span class='ocrx_word' id='word_1_492' title='bbox 2416 2508 2603 2549; x_wconf 90' lang='lat' dir='ltr'><strong>eorum</strong></span> <span class='ocrx_word' id='word_1_493' title='bbox 2634 2512 2826 2553; x_wconf 88' lang='lat' dir='ltr'><strong>servus</strong></span> <span class='ocrx_word' id='word_1_494' title='bbox 2855 2503 2947 2555; x_wconf 86' lang='lat' dir='ltr'><strong>sit.</strong></span> 
     </span>
    </p>
   </div>
   <div class='ocr_carea' id='block_1_76' title="bbox 2068 2578 3572 2657">
    <p class='ocr_par' dir='ltr' id='par_1_76' title="bbox 2068 2578 3572 2657">
     <span class='ocr_line' id='line_1_76' title="bbox 2068 2578 3572 2657; baseline 0.016 -26"><span class='ocrx_word' id='word_1_495' title='bbox 2068 2578 2158 2634; x_wconf 75' lang='lat' dir='ltr'><strong>2i.</strong></span> <span class='ocrx_word' id='word_1_496' title='bbox 2182 2579 2263 2634; x_wconf 15' lang='lat' dir='ltr'><strong>Ex.</strong></span> <span class='ocrx_word' id='word_1_497' title='bbox 2291 2583 2483 2636; x_wconf 81' lang='lat' dir='ltr'><strong>ancilla</strong></span> <span class='ocrx_word' id='word_1_498' title='bbox 2516 2595 2697 2650; x_wconf 78' lang='lat' dir='ltr'><strong>natus,</strong></span> <span class='ocrx_word' id='word_1_499' title='bbox 2725 2603 2916 2644; x_wconf 85' lang='lat' dir='ltr'><strong>servus</strong></span> <span class='ocrx_word' id='word_1_500' title='bbox 2950 2602 3054 2657; x_wconf 69' lang='grc' dir='ltr'>εει,</span> <span class='ocrx_word' id='word_1_501' title='bbox 3085 2594 3299 2651; x_wconf 76' lang='lat' dir='ltr'><strong>etiamsi</strong></span> <span class='ocrx_word' id='word_1_502' title='bbox 3321 2599 3572 2655; x_wconf 75' lang='lat' dir='ltr'><strong>dominus</strong></span> 
     </span>
    </p>
   </div>
   <div class='ocr_carea' id='block_1_77' title="bbox 1998 2664 2943 2735">
    <p class='ocr_par' dir='ltr' id='par_1_77' title="bbox 1998 2664 2943 2735">
     <span class='ocr_line' id='line_1_77' title="bbox 1998 2664 2943 2735; baseline 0.013 -17"><span class='ocrx_word' id='word_1_503' title='bbox 1998 2664 2111 2735; x_wconf 85' lang='lat' dir='ltr'><strong>ipse</strong></span> <span class='ocrx_word' id='word_1_504' title='bbox 2140 2682 2293 2720; x_wconf 89' lang='lat' dir='ltr'><strong>suam</strong></span> <span class='ocrx_word' id='word_1_505' title='bbox 2314 2670 2562 2723; x_wconf 83' lang='lat' dir='ltr'><strong>ancillam</strong></span> <span class='ocrx_word' id='word_1_506' title='bbox 2592 2672 2943 2730; x_wconf 84' lang='lat' dir='ltr'><strong>adamaverit.</strong></span> 
     </span>
    </p>
   </div>
   <div class='ocr_carea' id='block_1_78' title="bbox 2064 2756 3570 2837">
    <p class='ocr_par' dir='ltr' id='par_1_78' title="bbox 2064 2756 3570 2837">
     <span class='ocr_line' id='line_1_78' title="bbox 2064 2756 3570 2837; baseline 0.016 -31"><span class='ocrx_word' id='word_1_507' title='bbox 2064 2756 2155 2809; x_wconf 72' lang='lat'><strong>22.</strong></span> <span class='ocrx_word' id='word_1_508' title='bbox 2210 2756 2265 2811; x_wconf 94' lang='lat' dir='ltr'><strong>Si</strong></span> <span class='ocrx_word' id='word_1_509' title='bbox 2302 2773 2494 2813; x_wconf 86' lang='lat' dir='ltr'><strong>servus</strong></span> <span class='ocrx_word' id='word_1_510' title='bbox 2524 2764 2830 2818; x_wconf 82' lang='lat' dir='ltr'><strong>communis</strong></span> <span class='ocrx_word' id='word_1_511' title='bbox 2859 2766 2951 2832; x_wconf 87' lang='lat' dir='ltr'><strong>sit,</strong></span> <span class='ocrx_word' id='word_1_512' title='bbox 2974 2776 3029 2820; x_wconf 89' lang='lat' dir='ltr'><strong>ct</strong></span> <span class='ocrx_word' id='word_1_513' title='bbox 3078 2769 3273 2837; x_wconf 74' lang='lat' dir='ltr'><strong>aliquis</strong></span> <span class='ocrx_word' id='word_1_514' title='bbox 3296 2788 3417 2826; x_wconf 84' lang='lat' dir='ltr'><strong>eum</strong></span> <span class='ocrx_word' id='word_1_515' title='bbox 3455 2793 3570 2831; x_wconf 81' lang='lat' dir='ltr'><strong>ma-</strong></span> 
     </span>
    </p>
   </div>
   <div class='ocr_carea' id='block_1_79' title="bbox 1994 2847 3566 2933">
    <p class='ocr_par' dir='ltr' id='par_1_79' title="bbox 1994 2847 3566 2933">
     <span class='ocr_line' id='line_1_79' title="bbox 1994 2847 3566 2933; baseline 0.015 -36"><span class='ocrx_word' id='word_1_516' title='bbox 1994 2847 2285 2903; x_wconf 88' lang='lat' dir='ltr'><strong>numittere</strong></span> <span class='ocrx_word' id='word_1_517' title='bbox 2308 2848 2462 2914; x_wconf 79' lang='lat' dir='ltr'><strong>velit,</strong></span> <span class='ocrx_word' id='word_1_518' title='bbox 2491 2852 2667 2906; x_wconf 72' lang='lat' dir='ltr'><strong>socios</strong></span> <span class='ocrx_word' id='word_1_519' title='bbox 2696 2853 2974 2910; x_wconf 84' lang='lat' dir='ltr'><strong>indemnes</strong></span> <span class='ocrx_word' id='word_1_520' title='bbox 3012 2870 3229 2925; x_wconf 68' lang='lat' dir='ltr'><strong>pracsth</strong></span> <span class='ocrx_word' id='word_1_521' title='bbox 3260 2877 3279 2929; x_wconf 83' lang='lat'><strong>;</strong></span> <span class='ocrx_word' id='word_1_522' title='bbox 3307 2874 3469 2933; x_wconf 86' lang='lat' dir='ltr'><strong>atque</strong></span> <span class='ocrx_word' id='word_1_523' title='bbox 3493 2867 3566 2921; x_wconf 88' lang='lat' dir='ltr'><strong>ita</strong></span> 
     </span>
    </p>
   </div>
   <div class='ocr_carea' id='block_1_80' title="bbox 1994 2940 3186 3011">
    <p class='ocr_par' dir='ltr' id='par_1_80' title="bbox 1994 2940 3186 3011">
     <span class='ocr_line' id='line_1_80' title="bbox 1994 2940 3186 3011; baseline 0.009 -20"><span class='ocrx_word' id='word_1_524' title='bbox 1994 2941 2077 2994; x_wconf 88' lang='lat' dir='ltr'><strong>vel</strong></span> <span class='ocrx_word' id='word_1_525' title='bbox 2108 2940 2414 2995; x_wconf 84' lang='lat' dir='ltr'><strong>nolentibus</strong></span> <span class='ocrx_word' id='word_1_526' title='bbox 2460 2943 2610 3011; x_wconf 68' lang='lat' dir='ltr'><strong>ipsis,</strong></span> <span class='ocrx_word' id='word_1_527' title='bbox 2655 2959 2777 2997; x_wconf 87' lang='lat' dir='ltr'><strong>eum</strong></span> <span class='ocrx_word' id='word_1_528' title='bbox 2822 2949 3186 3002; x_wconf 86' lang='lat' dir='ltr'><strong>manumittet.</strong></span> 
     </span>
    </p>
   </div>
   <div class='ocr_carea' id='block_1_81' title="bbox 2061 3028 3554 3099">
    <p class='ocr_par' dir='ltr' id='par_1_81' title="bbox 2061 3028 3554 3099">
     <span class='ocr_line' id='line_1_81' title="bbox 2061 3028 3554 3099; baseline 0.011 -18"><span class='ocrx_word' id='word_1_529' title='bbox 2061 3030 2151 3082; x_wconf 75' lang='lat'><strong>9.5.</strong></span> <span class='ocrx_word' id='word_1_530' title='bbox 2193 3028 2391 3083; x_wconf 82' lang='lat' dir='ltr'><strong>Liberti</strong></span> <span class='ocrx_word' id='word_1_531' title='bbox 2415 3068 2431 3095; x_wconf 96' lang='lat'><strong>,</strong></span> <span class='ocrx_word' id='word_1_532' title='bbox 2457 3031 2581 3085; x_wconf 91' lang='lat' dir='ltr'><strong>licet</strong></span> <span class='ocrx_word' id='word_1_533' title='bbox 2611 3031 2860 3098; x_wconf 90' lang='lat' dir='ltr'><strong>militent,</strong></span> <span class='ocrx_word' id='word_1_534' title='bbox 2890 3035 2942 3087; x_wconf 93' lang='lat' dir='ltr'><strong>in</strong></span> <span class='ocrx_word' id='word_1_535' title='bbox 2975 3039 3292 3094; x_wconf 86' lang='lat' dir='ltr'><strong>servitutem</strong></span> <span class='ocrx_word' id='word_1_536' title='bbox 3325 3057 3390 3096; x_wconf 78' lang='lat' dir='ltr'><strong>ex</strong></span> <span class='ocrx_word' id='word_1_537' title='bbox 3421 3059 3554 3099; x_wconf 84' lang='lat' dir='ltr'><strong>can-</strong></span> 
     </span>
    </p>
   </div>
   <div class='ocr_carea' id='block_1_82' title="bbox 1918 3099 3560 3193">
    <p class='ocr_par' dir='ltr' id='par_1_82' title="bbox 1918 3099 3560 3193">
     <span class='ocr_line' id='line_1_82' title="bbox 1918 3099 3560 3193; baseline 0.01 -22"><span class='ocrx_word' id='word_1_538' title='bbox 1918 3099 1959 3157; x_wconf 59' lang='grc' dir='ltr'><strong>(ἶ</strong></span> <span class='ocrx_word' id='word_1_539' title='bbox 1993 3119 2069 3173; x_wconf 87' lang='lat' dir='ltr'><strong>sis</strong></span> <span class='ocrx_word' id='word_1_540' title='bbox 2113 3119 2513 3190; x_wconf 77' lang='lat' dir='ltr'><strong>ingratitudinis</strong></span> <span class='ocrx_word' id='word_1_541' title='bbox 2560 3122 2867 3190; x_wconf 84' lang='lat' dir='ltr'><strong>hujusmodi</strong></span> <span class='ocrx_word' id='word_1_542' title='bbox 2902 3128 3271 3193; x_wconf 67' lang='lat' dir='ltr'><strong>retrahuntur,</strong></span> <span class='ocrx_word' id='word_1_543' title='bbox 3304 3131 3357 3185; x_wconf 89' lang='lat' dir='ltr'><strong>Si</strong></span> <span class='ocrx_word' id='word_1_544' title='bbox 3383 3134 3560 3188; x_wconf 74' lang='lat' dir='ltr'><strong>domi~</strong></span> 
     </span>
    </p>
   </div>
   <div class='ocr_carea' id='block_1_83' title="bbox 1990 3211 3561 3291">
    <p class='ocr_par' dir='ltr' id='par_1_83' title="bbox 1990 3211 3561 3291">
     <span class='ocr_line' id='line_1_83' title="bbox 1990 3211 3561 3291; baseline 0.01 -28"><span class='ocrx_word' id='word_1_545' title='bbox 1990 3225 2131 3264; x_wconf 92' lang='lat' dir='ltr'><strong>nosa</strong></span> <span class='ocrx_word' id='word_1_546' title='bbox 2153 3211 2348 3279; x_wconf 84' lang='lat' dir='ltr'><strong>quibus</strong></span> <span class='ocrx_word' id='word_1_547' title='bbox 2376 3212 2689 3266; x_wconf 80' lang='lat' dir='ltr'><strong>manumissi</strong></span> <span class='ocrx_word' id='word_1_548' title='bbox 2713 3224 2855 3277; x_wconf 86' lang='lat' dir='ltr'><strong>sunt,</strong></span> <span class='ocrx_word' id='word_1_549' title='bbox 2887 3226 2975 3268; x_wconf 88' lang='lat' dir='ltr'><strong>aut</strong></span> <span class='ocrx_word' id='word_1_550' title='bbox 3000 3231 3186 3271; x_wconf 89' lang='lat' dir='ltr'><strong>eorum</strong></span> <span class='ocrx_word' id='word_1_551' title='bbox 3212 3221 3409 3277; x_wconf 84' lang='lat' dir='ltr'><strong>liberos</strong></span> <span class='ocrx_word' id='word_1_552' title='bbox 3439 3241 3561 3291; x_wconf 81' lang='lat' dir='ltr'><strong>per-</strong></span> 
     </span>
    </p>
   </div>
   <div class='ocr_carea' id='block_1_84' title="bbox 1988 3299 3559 3379">
    <p class='ocr_par' dir='ltr' id='par_1_84' title="bbox 1988 3299 3559 3379">
     <span class='ocr_line' id='line_1_84' title="bbox 1988 3299 3559 3379; baseline 0.01 -26"><span class='ocrx_word' id='word_1_553' title='bbox 1988 3301 2278 3362; x_wconf 89' lang='lat' dir='ltr'><strong>cusserint,</strong></span> <span class='ocrx_word' id='word_1_554' title='bbox 2311 3299 2391 3352; x_wconf 89' lang='lat' dir='ltr'><strong>vel</strong></span> <span class='ocrx_word' id='word_1_555' title='bbox 2440 3300 2650 3369; x_wconf 85' lang='lat' dir='ltr'><strong>injuriis</strong></span> <span class='ocrx_word' id='word_1_556' title='bbox 2705 3302 3001 3368; x_wconf 79' lang='lat' dir='ltr'><strong>all&#39;ecerint,</strong></span> <span class='ocrx_word' id='word_1_557' title='bbox 3055 3308 3138 3361; x_wconf 87' lang='lat' dir='ltr'><strong>vel</strong></span> <span class='ocrx_word' id='word_1_558' title='bbox 3188 3323 3254 3363; x_wconf 78' lang='lat' dir='ltr'><strong>ex</strong></span> <span class='ocrx_word' id='word_1_559' title='bbox 3309 3315 3559 3379; x_wconf 79' lang='lat' dir='ltr'><strong>superbia</strong></span> 
     </span>
    </p>
   </div>
   <div class='ocr_carea' id='block_1_85' title="bbox 1986 3390 3559 3470">
    <p class='ocr_par' dir='ltr' id='par_1_85' title="bbox 1986 3390 3559 3470">
     <span class='ocr_line' id='line_1_85' title="bbox 1986 3390 3559 3470; baseline 0.009 -27"><span class='ocrx_word' id='word_1_560' title='bbox 1986 3390 2216 3460; x_wconf 88' lang='lat' dir='ltr'><strong>quadam</strong></span> <span class='ocrx_word' id='word_1_561' title='bbox 2245 3390 2298 3443; x_wconf 91' lang='lat' dir='ltr'><strong>in</strong></span> <span class='ocrx_word' id='word_1_562' title='bbox 2334 3404 2427 3445; x_wconf 85' lang='lat' dir='ltr'><strong>eos</strong></span> <span class='ocrx_word' id='word_1_563' title='bbox 2448 3393 2699 3448; x_wconf 86' lang='lat' dir='ltr'><strong>&#39;cervices</strong></span> <span class='ocrx_word' id='word_1_564' title='bbox 2740 3396 3014 3451; x_wconf 83' lang='lat' dir='ltr'><strong>erexerint</strong></span> <span class='ocrx_word' id='word_1_565' title='bbox 3046 3413 3060 3450; x_wconf 88' lang='lat'><strong>:</strong></span> <span class='ocrx_word' id='word_1_566' title='bbox 3125 3399 3204 3453; x_wconf 83' lang='lat' dir='ltr'><strong>vel</strong></span> <span class='ocrx_word' id='word_1_567' title='bbox 3239 3401 3282 3455; x_wconf 91' lang='lat' dir='ltr'><strong>si</strong></span> <span class='ocrx_word' id='word_1_568' title='bbox 3311 3403 3437 3470; x_wconf 78' lang='lat' dir='ltr'><strong>quis</strong></span> <span class='ocrx_word' id='word_1_569' title='bbox 3460 3406 3559 3457; x_wconf 86' lang='lat' dir='ltr'><strong>do-</strong></span> 
     </span>
    </p>
   </div>
   <div class='ocr_carea' id='block_1_86' title="bbox 1986 3481 3556 3560">
    <p class='ocr_par' dir='ltr' id='par_1_86' title="bbox 1986 3481 3556 3560">
     <span class='ocr_line' id='line_1_86' title="bbox 1986 3481 3556 3560; baseline 0.007 -24"><span class='ocrx_word' id='word_1_570' title='bbox 1986 3484 2132 3537; x_wconf 89' lang='lat' dir='ltr'><strong>mino</strong></span> <span class='ocrx_word' id='word_1_571' title='bbox 2177 3497 2276 3537; x_wconf 89' lang='lat' dir='ltr'><strong>suo</strong></span> <span class='ocrx_word' id='word_1_572' title='bbox 2308 3481 2419 3551; x_wconf 87' lang='lat' dir='ltr'><strong>jam</strong></span> <span class='ocrx_word' id='word_1_573' title='bbox 2460 3484 2670 3551; x_wconf 84' lang='lat' dir='ltr'><strong>sepulto</strong></span> <span class='ocrx_word' id='word_1_574' title='bbox 2717 3488 2959 3551; x_wconf 82' lang='lat' dir='ltr'><strong>veniens,</strong></span> <span class='ocrx_word' id='word_1_575' title='bbox 3017 3503 3121 3541; x_wconf 91' lang='lat' dir='ltr'><strong>non</strong></span> <span class='ocrx_word' id='word_1_576' title='bbox 3184 3492 3465 3560; x_wconf 84' lang='lat' dir='ltr'><strong>prolapsus</strong></span> <span class='ocrx_word' id='word_1_577' title='bbox 3504 3496 3556 3548; x_wconf 89' lang='lat' dir='ltr'><strong>in</strong></span> 
     </span>
    </p>
   </div>
   <div class='ocr_carea' id='block_1_87' title="bbox 1984 3575 3557 3647">
    <p class='ocr_par' dir='ltr' id='par_1_87' title="bbox 1984 3575 3557 3647">
     <span class='ocr_line' id='line_1_87' title="bbox 1984 3575 3557 3647; baseline 0.008 -20"><span class='ocrx_word' id='word_1_578' title='bbox 1984 3584 2180 3629; x_wconf 89' lang='lat' dir='ltr'><strong>terram</strong></span> <span class='ocrx_word' id='word_1_579' title='bbox 2234 3575 2536 3642; x_wconf 87' lang='lat' dir='ltr'><strong>sepulcrum</strong></span> <span class='ocrx_word' id='word_1_580' title='bbox 2576 3576 2867 3631; x_wconf 89' lang='lat' dir='ltr'><strong>summisse</strong></span> <span class='ocrx_word' id='word_1_581' title='bbox 2912 3590 3197 3636; x_wconf 88' lang='lat' dir='ltr'><strong>veneratus</strong></span> <span class='ocrx_word' id='word_1_582' title='bbox 3229 3580 3411 3647; x_wconf 77' lang='lat' dir='ltr'><strong>fuerit,</strong></span> <span class='ocrx_word' id='word_1_583' title='bbox 3474 3584 3557 3639; x_wconf 89' lang='lat' dir='ltr'><strong>vel</strong></span> 
     </span>
    </p>
   </div>
   <div class='ocr_carea' id='block_1_88' title="bbox 1983 3665 3553 3735">
    <p class='ocr_par' dir='ltr' id='par_1_88' title="bbox 1983 3665 3553 3735">
     <span class='ocr_line' id='line_1_88' title="bbox 1983 3665 3553 3735; baseline 0.008 -17"><span class='ocrx_word' id='word_1_584' title='bbox 1983 3680 2088 3719; x_wconf 92' lang='lat' dir='ltr'><strong>non</strong></span> <span class='ocrx_word' id='word_1_585' title='bbox 2120 3666 2340 3718; x_wconf 91' lang='lat' dir='ltr'><strong>omnino</strong></span> <span class='ocrx_word' id='word_1_586' title='bbox 2374 3665 2563 3720; x_wconf 87' lang='lat' dir='ltr'><strong>leviter</strong></span> <span class='ocrx_word' id='word_1_587' title='bbox 2620 3680 2714 3721; x_wconf 90' lang='lat' dir='ltr'><strong>eos</strong></span> <span class='ocrx_word' id='word_1_588' title='bbox 2760 3666 3067 3735; x_wconf 82' lang='lat' dir='ltr'><strong>olIenderit,</strong></span> <span class='ocrx_word' id='word_1_589' title='bbox 3102 3674 3258 3727; x_wconf 84' lang='lat' dir='ltr'><strong>autsi</strong></span> <span class='ocrx_word' id='word_1_590' title='bbox 3301 3676 3553 3731; x_wconf 81' lang='lat' dir='ltr'><strong>damnum</strong></span> 
     </span>
    </p>
   </div>
   <div class='ocr_carea' id='block_1_89' title="bbox 1991 3753 3551 3831">
    <p class='ocr_par' dir='ltr' id='par_1_89' title="bbox 1991 3753 3551 3831">
     <span class='ocr_line' id='line_1_89' title="bbox 1991 3753 3551 3831; baseline 0.008 -23"><span class='ocrx_word' id='word_1_591' title='bbox 1991 3755 2221 3817; x_wconf 91' lang='lat' dir='ltr'><strong>dederit,</strong></span> <span class='ocrx_word' id='word_1_592' title='bbox 2257 3764 2349 3807; x_wconf 89' lang='lat' dir='ltr'><strong>aut</strong></span> <span class='ocrx_word' id='word_1_593' title='bbox 2398 3756 2621 3809; x_wconf 88' lang='lat' dir='ltr'><strong>insidias</strong></span> <span class='ocrx_word' id='word_1_594' title='bbox 2659 3753 2867 3821; x_wconf 76' lang='lat' dir='ltr'><strong>fecerit,</strong></span> <span class='ocrx_word' id='word_1_595' title='bbox 2920 3774 3211 3831; x_wconf 90' lang='lat' dir='ltr'><strong>eorumque</strong></span> <span class='ocrx_word' id='word_1_596' title='bbox 3259 3766 3340 3817; x_wconf 90' lang='lat' dir='ltr'><strong>vel</strong></span> <span class='ocrx_word' id='word_1_597' title='bbox 3386 3783 3551 3820; x_wconf 89' lang='lat' dir='ltr'><strong>unum</strong></span> 
     </span>
    </p>
   </div>
   <div class='ocr_carea' id='block_1_90' title="bbox 1982 3845 3553 3914">
    <p class='ocr_par' dir='ltr' id='par_1_90' title="bbox 1982 3845 3553 3914">
     <span class='ocr_line' id='line_1_90' title="bbox 1982 3845 3553 3914; baseline 0.006 -17"><span class='ocrx_word' id='word_1_598' title='bbox 1982 3845 2366 3914; x_wconf 86' lang='lat' dir='ltr'><strong>aliquod,apud</strong></span> <span class='ocrx_word' id='word_1_599' title='bbox 2389 3854 2676 3912; x_wconf 67' lang='lat' dir='ltr'><strong>prtetorem</strong></span> <span class='ocrx_word' id='word_1_600' title='bbox 2712 3846 2994 3911; x_wconf 89' lang='lat' dir='ltr'><strong>probatum</strong></span> <span class='ocrx_word' id='word_1_601' title='bbox 3026 3848 3207 3914; x_wconf 74' lang='lat' dir='ltr'><strong>fuerit,</strong></span> <span class='ocrx_word' id='word_1_602' title='bbox 3247 3854 3299 3905; x_wconf 92' lang='lat' dir='ltr'><strong>in</strong></span> <span class='ocrx_word' id='word_1_603' title='bbox 3331 3856 3553 3907; x_wconf 82' lang='lat' dir='ltr'><strong>servitu-</strong></span> 
     </span>
    </p>
   </div>
   <div class='ocr_carea' id='block_1_91' title="bbox 1983 3930 3550 4010">
    <p class='ocr_par' dir='ltr' id='par_1_91' title="bbox 1983 3930 3550 4010">
     <span class='ocr_line' id='line_1_91' title="bbox 1983 3930 3550 4010; baseline 0.005 -23"><span class='ocrx_word' id='word_1_604' title='bbox 1983 3941 2457 4002; x_wconf 57' lang='lat' dir='ltr'><strong>tem.revocantur.</strong></span> <span class='ocrx_word' id='word_1_605' title='bbox 2481 3930 2619 3995; x_wconf 85' lang='lat' dir='ltr'><strong>Quin</strong></span> <span class='ocrx_word' id='word_1_606' title='bbox 2644 3931 2808 3983; x_wconf 86' lang='lat' dir='ltr'><strong>etiam</strong></span> <span class='ocrx_word' id='word_1_607' title='bbox 2833 3933 3055 3990; x_wconf 83' lang='lat' dir='ltr'><strong>libertus</strong></span> <span class='ocrx_word' id='word_1_608' title='bbox 3086 3948 3368 4005; x_wconf 82' lang='lat' dir='ltr'><strong>patronum</strong></span> <span class='ocrx_word' id='word_1_609' title='bbox 3393 3956 3550 4010; x_wconf 79' lang='lat' dir='ltr'><strong>egen—</strong></span> 
     </span>
    </p>
   </div>
   <div class='ocr_carea' id='block_1_92' title="bbox 1981 4023 2511 4092">
    <p class='ocr_par' dir='ltr' id='par_1_92' title="bbox 1981 4023 2511 4092">
     <span class='ocr_line' id='line_1_92' title="bbox 1981 4023 2511 4092; baseline 0.002 -16"><span class='ocrx_word' id='word_1_610' title='bbox 1981 4033 2089 4076; x_wconf 87' lang='lat' dir='ltr'><strong>tem</strong></span> <span class='ocrx_word' id='word_1_611' title='bbox 2114 4023 2259 4077; x_wconf 88' lang='lat' dir='ltr'><strong>alere</strong></span> <span class='ocrx_word' id='word_1_612' title='bbox 2278 4023 2511 4092; x_wconf 75' lang='lat' dir='ltr'><strong>cogitur.</strong></span> 
     </span>
    </p>
   </div>
   <div class='ocr_carea' id='block_1_93' title="bbox 1983 4127 3547 4252">
    <p class='ocr_par' dir='ltr' id='par_1_93' title="bbox 1983 4127 3547 4252">
     <span class='ocr_line' id='line_1_93' title="bbox 1983 4127 3547 4252; baseline 0.008 -71"><span class='ocrx_word' id='word_1_613' title='bbox 1983 4127 2070 4183; x_wconf 73' lang='lat' dir='ltr'><strong>Ea;</strong></span> <span class='ocrx_word' id='word_1_614' title='bbox 2098 4129 2561 4186; x_wconf 78' lang='lat' dir='ltr'><strong>constitutionibus</strong></span> <span class='ocrx_word' id='word_1_615' title='bbox 2602 4132 2815 4252; x_wconf 59' lang='lat' dir='ltr'><strong>novleilis</strong></span> <span class='ocrx_word' id='word_1_616' title='bbox 2842 4134 2905 4186; x_wconf 80' lang='lat' dir='ltr'><strong>de</strong></span> <span class='ocrx_word' id='word_1_617' title='bbox 2930 4134 3325 4189; x_wconf 79' lang='lat' dir='ltr'><strong>manumittente</strong></span> <span class='ocrx_word' id='word_1_618' title='bbox 3348 4152 3547 4193; x_wconf 72' lang='lat' dir='ltr'><strong>sertum</strong></span> 
     </span>
     <span class='ocr_line' id='line_1_94' title="bbox 2662 4218 2914 4252; baseline 0 0"><span class='ocrx_word' id='word_1_619' title='bbox 2662 4220 2691 4252; x_wconf 83' lang='grc' dir='ltr'><strong>α</strong></span> <span class='ocrx_word' id='word_1_620' title='bbox 2717 4218 2914 4252; x_wconf 72' lang='lat' dir='ltr'><strong>renum.</strong></span> 
     </span>
    </p>
   </div>
   <div class='ocr_carea' id='block_1_94' title="bbox 2662 4218 2914 4256">
    <p class='ocr_par' dir='ltr' id='par_1_94' title="bbox 2662 4218 2914 4256">
     <span class='ocr_line' id='line_1_95' title="bbox 2662 4218 2914 4256; baseline 0.004 -1"><span class='ocrx_word' id='word_1_621' title='bbox 2662 4218 2914 4256; x_wconf 83' lang='lat' dir='ltr'><strong>attenum.</strong></span> 
     </span>
    </p>
   </div>
   <div class='ocr_carea' id='block_1_95' title="bbox 2048 4290 3544 4366">
    <p class='ocr_par' dir='ltr' id='par_1_95' title="bbox 2048 4290 3544 4366">
     <span class='ocr_line' id='line_1_96' title="bbox 2048 4290 3544 4366; baseline 0.009 -22"><span class='ocrx_word' id='word_1_622' title='bbox 2048 4291 2139 4346; x_wconf 69' lang='grc'><strong>24.</strong></span> <span class='ocrx_word' id='word_1_623' title='bbox 2177 4290 2330 4347; x_wconf 87' lang='lat' dir='ltr'><strong>Sicut</strong></span> <span class='ocrx_word' id='word_1_624' title='bbox 2384 4295 2748 4363; x_wconf 87' lang='lat' dir='ltr'><strong>promisimus,</strong></span> <span class='ocrx_word' id='word_1_625' title='bbox 2776 4306 2985 4366; x_wconf 89' lang='lat' dir='ltr'><strong>tempus</strong></span> <span class='ocrx_word' id='word_1_626' title='bbox 3010 4307 3112 4363; x_wconf 92' lang='lat' dir='ltr'><strong>est,</strong></span> <span class='ocrx_word' id='word_1_627' title='bbox 3134 4310 3190 4354; x_wconf 92' lang='lat' dir='ltr'><strong>ut</strong></span> <span class='ocrx_word' id='word_1_628' title='bbox 3221 4301 3286 4355; x_wconf 89' lang='lat' dir='ltr'><strong>de</strong></span> <span class='ocrx_word' id='word_1_629' title='bbox 3315 4318 3440 4357; x_wconf 90' lang='lat' dir='ltr'><strong>casu</strong></span> <span class='ocrx_word' id='word_1_630' title='bbox 3468 4306 3544 4359; x_wconf 85' lang='lat' dir='ltr'><strong>rei</strong></span> 
     </span>
    </p>
   </div>
   <div class='ocr_carea' id='block_1_96' title="bbox 1974 4385 3541 4461">
    <p class='ocr_par' dir='ltr' id='par_1_96' title="bbox 1974 4385 3541 4461">
     <span class='ocr_line' id='line_1_97' title="bbox 1974 4385 3541 4461; baseline 0.011 -26"><span class='ocrx_word' id='word_1_631' title='bbox 1974 4385 2429 4454; x_wconf 73' lang='lat' dir='ltr'><strong>quintuplicaudte</strong></span> <span class='ocrx_word' id='word_1_632' title='bbox 2479 4388 2828 4444; x_wconf 87' lang='lat' dir='ltr'><strong>disseramus.</strong></span> <span class='ocrx_word' id='word_1_633' title='bbox 2860 4388 2909 4444; x_wconf 89' lang='lat' dir='ltr'><strong>ls</strong></span> <span class='ocrx_word' id='word_1_634' title='bbox 2954 4406 3083 4445; x_wconf 86' lang='lat' dir='ltr'><strong>vero</strong></span> <span class='ocrx_word' id='word_1_635' title='bbox 3110 4392 3415 4461; x_wconf 86' lang='lat' dir='ltr'><strong>hujusmodi</strong></span> <span class='ocrx_word' id='word_1_636' title='bbox 3439 4406 3541 4452; x_wconf 88' lang='lat' dir='ltr'><strong>est.</strong></span> 
     </span>
    </p>
   </div>
   <div class='ocr_carea' id='block_1_97' title="bbox 1975 4473 3539 4553">
    <p class='ocr_par' dir='ltr' id='par_1_97' title="bbox 1975 4473 3539 4553">
     <span class='ocr_line' id='line_1_98' title="bbox 1975 4473 3539 4553; baseline 0.009 -28"><span class='ocrx_word' id='word_1_637' title='bbox 1975 4473 2076 4538; x_wconf 84' lang='lat' dir='ltr'><strong>Qui</strong></span> <span class='ocrx_word' id='word_1_638' title='bbox 2103 4488 2208 4529; x_wconf 90' lang='lat' dir='ltr'><strong>non</strong></span> <span class='ocrx_word' id='word_1_639' title='bbox 2248 4485 2329 4530; x_wconf 89' lang='lat' dir='ltr'><strong>est</strong></span> <span class='ocrx_word' id='word_1_640' title='bbox 2347 4476 2620 4541; x_wconf 89' lang='lat' dir='ltr'><strong>dominus,</strong></span> <span class='ocrx_word' id='word_1_641' title='bbox 2642 4488 2695 4532; x_wconf 90' lang='lat' dir='ltr'><strong>et</strong></span> <span class='ocrx_word' id='word_1_642' title='bbox 2724 4494 2938 4534; x_wconf 85' lang='lat' dir='ltr'><strong>servum</strong></span> <span class='ocrx_word' id='word_1_643' title='bbox 2991 4480 3247 4547; x_wconf 85' lang='lat' dir='ltr'><strong>alienum,</strong></span> <span class='ocrx_word' id='word_1_644' title='bbox 3285 4491 3539 4553; x_wconf 84' lang='lat' dir='ltr'><strong>tanquam</strong></span> 
     </span>
    </p>
   </div>
   <div class='ocr_carea' id='block_1_98' title="bbox 1972 4568 3542 4639">
    <p class='ocr_par' dir='ltr' id='par_1_98' title="bbox 1972 4568 3542 4639">
     <span class='ocr_line' id='line_1_99' title="bbox 1972 4568 3542 4639; baseline 0.006 -21"><span class='ocrx_word' id='word_1_645' title='bbox 1972 4581 2127 4619; x_wconf 89' lang='lat' dir='ltr'><strong>suum</strong></span> <span class='ocrx_word' id='word_1_646' title='bbox 2154 4568 2486 4633; x_wconf 86' lang='lat' dir='ltr'><strong>manumisit,</strong></span> <span class='ocrx_word' id='word_1_647' title='bbox 2512 4570 2653 4638; x_wconf 86' lang='lat' dir='ltr'><strong>apud</strong></span> <span class='ocrx_word' id='word_1_648' title='bbox 2698 4569 3078 4639; x_wconf 82' lang='lat' dir='ltr'><strong>imperatorem</strong></span> <span class='ocrx_word' id='word_1_649' title='bbox 3106 4573 3331 4627; x_wconf 86' lang='lat' dir='ltr'><strong>rescissa</strong></span> <span class='ocrx_word' id='word_1_650' title='bbox 3357 4591 3542 4628; x_wconf 89' lang='lat' dir='ltr'><strong>manu-</strong></span> 
     </span>
    </p>
   </div>
   <div class='ocr_carea' id='block_1_99' title="bbox 1974 4654 3540 4729">
    <p class='ocr_par' dir='ltr' id='par_1_99' title="bbox 1974 4654 3540 4729">
     <span class='ocr_line' id='line_1_100' title="bbox 1974 4654 3540 4729; baseline 0.008 -21"><span class='ocrx_word' id='word_1_651' title='bbox 1974 4654 2250 4723; x_wconf 88' lang='lat' dir='ltr'><strong>missione,</strong></span> <span class='ocrx_word' id='word_1_652' title='bbox 2272 4658 2483 4727; x_wconf 77' lang='lat' dir='ltr'><strong>cogitur</strong></span> <span class='ocrx_word' id='word_1_653' title='bbox 2506 4659 2594 4714; x_wconf 86' lang='lat' dir='ltr'><strong>hic</strong></span> <span class='ocrx_word' id='word_1_654' title='bbox 2633 4660 2746 4729; x_wconf 88' lang='lat' dir='ltr'><strong>ipse</strong></span> <span class='ocrx_word' id='word_1_655' title='bbox 2776 4663 3159 4717; x_wconf 87' lang='lat' dir='ltr'><strong>manumittens</strong></span> <span class='ocrx_word' id='word_1_656' title='bbox 3210 4662 3326 4717; x_wconf 85' lang='lat' dir='ltr'><strong>loco</strong></span> <span class='ocrx_word' id='word_1_657' title='bbox 3352 4680 3540 4719; x_wconf 88' lang='lat' dir='ltr'><strong>manu-</strong></span> 
     </span>
    </p>
   </div>
   <div class='ocr_carea' id='block_1_100' title="bbox 1971 4748 3541 4823">
    <p class='ocr_par' dir='ltr' id='par_1_100' title="bbox 1971 4748 3541 4823">
     <span class='ocr_line' id='line_1_101' title="bbox 1971 4748 3541 4823; baseline 0.006 -22"><span class='ocrx_word' id='word_1_658' title='bbox 1971 4748 2124 4803; x_wconf 85' lang='lat' dir='ltr'><strong>missi</strong></span> <span class='ocrx_word' id='word_1_659' title='bbox 2155 4751 2395 4819; x_wconf 84' lang='lat' dir='ltr'><strong>quinque</strong></span> <span class='ocrx_word' id='word_1_660' title='bbox 2441 4765 2626 4807; x_wconf 85' lang='lat' dir='ltr'><strong>servos</strong></span> <span class='ocrx_word' id='word_1_661' title='bbox 2669 4753 2801 4808; x_wconf 82' lang='lat' dir='ltr'><strong>alios</strong></span> <span class='ocrx_word' id='word_1_662' title='bbox 2854 4763 3152 4823; x_wconf 73' lang='lat' dir='ltr'><strong>praestare:</strong></span> <span class='ocrx_word' id='word_1_663' title='bbox 3189 4756 3439 4810; x_wconf 87' lang='lat' dir='ltr'><strong>nimirum</strong></span> <span class='ocrx_word' id='word_1_664' title='bbox 3488 4769 3541 4812; x_wconf 90' lang='lat' dir='ltr'><strong>ct</strong></span> 
     </span>
    </p>
   </div>
   <div class='ocr_carea' id='block_1_101' title="bbox 1969 4842 3537 4912">
    <p class='ocr_par' dir='ltr' id='par_1_101' title="bbox 1969 4842 3537 4912">
     <span class='ocr_line' id='line_1_102' title="bbox 1969 4842 3537 4912; baseline 0.006 -21"><span class='ocrx_word' id='word_1_665' title='bbox 1969 4847 2147 4904; x_wconf 85' lang='lat' dir='ltr'><strong>aetate,</strong></span> <span class='ocrx_word' id='word_1_666' title='bbox 2178 4848 2233 4893; x_wconf 88' lang='lat' dir='ltr'><strong>et</strong></span> <span class='ocrx_word' id='word_1_667' title='bbox 2268 4854 2421 4907; x_wconf 77' lang='lat' dir='ltr'><strong>sexu,</strong></span> <span class='ocrx_word' id='word_1_668' title='bbox 2451 4851 2506 4896; x_wconf 86' lang='lat' dir='ltr'><strong>et</strong></span> <span class='ocrx_word' id='word_1_669' title='bbox 2534 4842 2731 4908; x_wconf 85' lang='lat' dir='ltr'><strong>indole,</strong></span> <span class='ocrx_word' id='word_1_670' title='bbox 2760 4853 2813 4898; x_wconf 88' lang='lat' dir='ltr'><strong>et</strong></span> <span class='ocrx_word' id='word_1_671' title='bbox 2836 4855 2953 4898; x_wconf 84' lang='lat' dir='ltr'><strong>arte</strong></span> <span class='ocrx_word' id='word_1_672' title='bbox 2970 4846 3173 4900; x_wconf 86' lang='lat' dir='ltr'><strong>similes</strong></span> <span class='ocrx_word' id='word_1_673' title='bbox 3203 4863 3217 4912; x_wconf 93' lang='lat'><strong>;</strong></span> <span class='ocrx_word' id='word_1_674' title='bbox 3245 4847 3378 4901; x_wconf 86' lang='lat' dir='ltr'><strong>duos</strong></span> <span class='ocrx_word' id='word_1_675' title='bbox 3420 4864 3537 4901; x_wconf 89' lang='lat' dir='ltr'><strong>ma-</strong></span> 
     </span>
    </p>
   </div>
   <div class='ocr_carea' id='block_1_102' title="bbox 1967 4931 3536 5003">
    <p class='ocr_par' dir='ltr' id='par_1_102' title="bbox 1967 4931 3536 5003">
     <span class='ocr_line' id='line_1_103' title="bbox 1967 4931 3536 5003; baseline 0.003 -20"><span class='ocrx_word' id='word_1_676' title='bbox 1967 4931 2196 4985; x_wconf 83' lang='lat' dir='ltr'><strong>numissi</strong></span> <span class='ocrx_word' id='word_1_677' title='bbox 2222 4932 2458 4997; x_wconf 90' lang='lat' dir='ltr'><strong>domino,</strong></span> <span class='ocrx_word' id='word_1_678' title='bbox 2499 4942 2608 4987; x_wconf 86' lang='lat' dir='ltr'><strong>tres</strong></span> <span class='ocrx_word' id='word_1_679' title='bbox 2634 4933 2785 4989; x_wconf 78' lang='lat' dir='ltr'><strong>fisco.</strong></span> <span class='ocrx_word' id='word_1_680' title='bbox 2821 4933 2976 4988; x_wconf 83' lang='lat' dir='ltr'><strong>Tunc</strong></span> <span class='ocrx_word' id='word_1_681' title='bbox 3000 4947 3178 4991; x_wconf 85' lang='lat' dir='ltr'><strong>autem</strong></span> <span class='ocrx_word' id='word_1_682' title='bbox 3202 4936 3269 4999; x_wconf 88' lang='lat' dir='ltr'><strong>is,</strong></span> <span class='ocrx_word' id='word_1_683' title='bbox 3304 4938 3391 5003; x_wconf 86' lang='lat' dir='ltr'><strong>qui</strong></span> <span class='ocrx_word' id='word_1_684' title='bbox 3419 4952 3536 4988; x_wconf 86' lang='lat' dir='ltr'><strong>ma-</strong></span> 
     </span>
    </p>
   </div>
   <div class='ocr_carea' id='block_1_103' title="bbox 1967 5023 3536 5094">
    <p class='ocr_par' dir='ltr' id='par_1_103' title="bbox 1967 5023 3536 5094">
     <span class='ocr_line' id='line_1_104' title="bbox 1967 5023 3536 5094; baseline 0.004 -18"><span class='ocrx_word' id='word_1_685' title='bbox 1967 5023 2206 5087; x_wconf 88' lang='lat' dir='ltr'><strong>nmnisit,</strong></span> <span class='ocrx_word' id='word_1_686' title='bbox 2244 5037 2400 5091; x_wconf 73' lang='lat' dir='ltr'><strong>pmna</strong></span> <span class='ocrx_word' id='word_1_687' title='bbox 2425 5027 2679 5094; x_wconf 65' lang='lat' dir='ltr'><strong>praedicta</strong></span> <span class='ocrx_word' id='word_1_688' title='bbox 2715 5028 3004 5092; x_wconf 87' lang='lat' dir='ltr'><strong>multatur;</strong></span> <span class='ocrx_word' id='word_1_689' title='bbox 3034 5044 3155 5083; x_wconf 90' lang='lat' dir='ltr'><strong>cum</strong></span> <span class='ocrx_word' id='word_1_690' title='bbox 3174 5044 3329 5083; x_wconf 87' lang='lat' dir='ltr'><strong>servo</strong></span> <span class='ocrx_word' id='word_1_691' title='bbox 3360 5028 3536 5083; x_wconf 89' lang='lat' dir='ltr'><strong>alieno</strong></span> 
     </span>
    </p>
   </div>
   <div class='ocr_carea' id='block_1_104' title="bbox 290 5104 1886 5186">
    <p class='ocr_par' dir='ltr' id='par_1_104' title="bbox 290 5104 1863 5186">
     <span class='ocr_line' id='line_1_105' title="bbox 290 5104 1863 5186; baseline 0.009 -33"><span class='ocrx_word' id='word_1_692' title='bbox 290 5104 409 5155; x_wconf 86' lang='grc' dir='ltr'>τότε</span> <span class='ocrx_word' id='word_1_693' title='bbox 443 5104 500 5157; x_wconf 78' lang='grc' dir='ltr'>δὲ</span> <span class='ocrx_word' id='word_1_694' title='bbox 528 5109 856 5178; x_wconf 85' lang='grc' dir='ltr'>τιμωρεῖται</span> <span class='ocrx_word' id='word_1_695' title='bbox 882 5110 909 5161; x_wconf 93' lang='lat'><strong>6</strong></span> <span class='ocrx_word' id='word_1_696' title='bbox 939 5107 1315 5179; x_wconf 68' lang='grc' dir='ltr'>ἐλευθερώσας</span> <span class='ocrx_word' id='word_1_697' title='bbox 1368 5112 1433 5181; x_wconf 79' lang='grc' dir='ltr'>τῇ</span> <span class='ocrx_word' id='word_1_698' title='bbox 1489 5114 1863 5186; x_wconf 76' lang='grc' dir='ltr'>προειρημένῃ</span> 
     </span>
    </p>
   </div>
   <div class='ocr_carea' id='block_1_105' title="bbox 1986 5104 3143 5186">
    <p class='ocr_par' dir='ltr' id='par_1_105' title="bbox 1989 5115 3143 5185">
     <span class='ocr_line' id='line_1_106' title="bbox 1989 5115 3143 5185; baseline 0.004 -18"><span class='ocrx_word' id='word_1_699' title='bbox 1989 5115 2292 5180; x_wconf 83' lang='lat' dir='ltr'><strong>ibertatem,</strong></span> <span class='ocrx_word' id='word_1_700' title='bbox 2325 5115 2495 5173; x_wconf 86' lang='lat' dir='ltr'><strong>inscio</strong></span> <span class='ocrx_word' id='word_1_701' title='bbox 2526 5118 2695 5185; x_wconf 89' lang='lat' dir='ltr'><strong>ipsius</strong></span> <span class='ocrx_word' id='word_1_702' title='bbox 2722 5120 2943 5177; x_wconf 87' lang='lat' dir='ltr'><strong>domino</strong></span> <span class='ocrx_word' id='word_1_703' title='bbox 2976 5121 3143 5175; x_wconf 79' lang='lat' dir='ltr'><strong>dedit.</strong></span> 
     </span>
    </p>
   </div>
   <div class='ocr_carea' id='block_1_106' title="bbox 291 5197 1865 5274">
    <p class='ocr_par' dir='ltr' id='par_1_106' title="bbox 291 5197 1865 5274">
     <span class='ocr_line' id='line_1_107' title="bbox 291 5197 1865 5274; baseline 0.01 -28"><span class='ocrx_word' id='word_1_704' title='bbox 291 5198 468 5266; x_wconf 75' lang='grc' dir='ltr'>ποινῇ,</span> <span class='ocrx_word' id='word_1_705' title='bbox 492 5197 579 5250; x_wconf 85' lang='grc' dir='ltr'>ὅτε</span> <span class='ocrx_word' id='word_1_706' title='bbox 604 5198 945 5270; x_wconf 70' lang='grc' dir='ltr'>ἠλευθέρωσε</span> <span class='ocrx_word' id='word_1_707' title='bbox 968 5201 1060 5255; x_wconf 82' lang='grc' dir='ltr'>τὸν</span> <span class='ocrx_word' id='word_1_708' title='bbox 1084 5202 1361 5272; x_wconf 86' lang='grc' dir='ltr'>ἀλλότριον</span> <span class='ocrx_word' id='word_1_709' title='bbox 1382 5203 1585 5270; x_wconf 85' lang='grc' dir='ltr'>δοῦλον,</span> <span class='ocrx_word' id='word_1_710' title='bbox 1609 5205 1865 5274; x_wconf 72' lang='grc' dir='ltr'>ἀγνοοῦν-</span> 
     </span>
    </p>
   </div>
   <div class='ocr_carea' id='block_1_107' title="bbox 290 5287 1034 5351">
    <p class='ocr_par' dir='ltr' id='par_1_107' title="bbox 290 5287 1034 5351">
     <span class='ocr_line' id='line_1_108' title="bbox 290 5287 1034 5351; baseline 0.015 -15"><span class='ocrx_word' id='word_1_711' title='bbox 290 5301 377 5351; x_wconf 86' lang='grc' dir='ltr'><strong>τος</strong></span> <span class='ocrx_word' id='word_1_712' title='bbox 405 5287 499 5341; x_wconf 87' lang='grc' dir='ltr'>τοῦ</span> <span class='ocrx_word' id='word_1_713' title='bbox 539 5289 803 5345; x_wconf 84' lang='grc' dir='ltr'>δεσπότου</span> <span class='ocrx_word' id='word_1_714' title='bbox 846 5291 1034 5347; x_wconf 85' lang='grc' dir='ltr'>αὐτοῦ.</span> 
     </span>
    </p>
   </div>
   <div class='ocr_carea' id='block_1_108' title="bbox 864 5392 1289 5450">
    <p class='ocr_par' dir='ltr' id='par_1_108' title="bbox 864 5392 1289 5450">
     <span class='ocr_line' id='line_1_109' title="bbox 864 5392 1289 5450; baseline 0.009 -4"><span class='ocrx_word' id='word_1_715' title='bbox 864 5392 1113 5448; x_wconf 86' lang='grc' dir='ltr'><strong>ΤΙΤΛΟΣ</strong></span> <span class='ocrx_word' id='word_1_716' title='bbox 1157 5396 1289 5450; x_wconf 82' lang='lat' dir='ltr'><strong>KA&#39;.</strong></span> 
     </span>
    </p>
   </div>
   <div class='ocr_carea' id='block_1_109' title="bbox 565 5482 1545 5557">
    <p class='ocr_par' dir='ltr' id='par_1_109' title="bbox 565 5482 1545 5557">
     <span class='ocr_line' id='line_1_110' title="bbox 565 5482 1545 5557; baseline 0.009 -23"><span class='ocrx_word' id='word_1_717' title='bbox 565 5482 704 5550; x_wconf 78' lang='grc' dir='ltr'><strong>Περὶ</strong></span> <span class='ocrx_word' id='word_1_718' title='bbox 756 5483 1030 5551; x_wconf 81' lang='grc' dir='ltr'>πράσεως</span> <span class='ocrx_word' id='word_1_719' title='bbox 1063 5486 1161 5538; x_wconf 80' lang='grc' dir='ltr'>καὶ</span> <span class='ocrx_word' id='word_1_720' title='bbox 1203 5487 1545 5557; x_wconf 66' lang='grc' dir='ltr'>ἀγοράσει-ως</span> 
     </span>
    </p>
   </div>
   <div class='ocr_carea' id='block_1_110' title="bbox 358 5570 1852 5652">
    <p class='ocr_par' dir='ltr' id='par_1_110' title="bbox 358 5570 1852 5652">
     <span class='ocr_line' id='line_1_111' title="bbox 358 5570 1852 5652; baseline 0.009 -28"><span class='ocrx_word' id='word_1_721' title='bbox 358 5570 426 5625; x_wconf 90' lang='grc' dir='ltr'><strong>α’.</strong></span> <span class='ocrx_word' id='word_1_722' title='bbox 472 5573 794 5643; x_wconf 81' lang='grc' dir='ltr'>Ἐγγράφως</span> <span class='ocrx_word' id='word_1_723' title='bbox 821 5574 917 5626; x_wconf 76' lang='grc' dir='ltr'>καὶ</span> <span class='ocrx_word' id='word_1_724' title='bbox 947 5574 1211 5644; x_wconf 76' lang='grc' dir='ltr'>ἀγράφοις</span> <span class='ocrx_word' id='word_1_725' title='bbox 1237 5580 1437 5648; x_wconf 75' lang='grc' dir='ltr'>πρᾶσις</span> <span class='ocrx_word' id='word_1_726' title='bbox 1465 5582 1558 5633; x_wconf 64' lang='grc' dir='ltr'><strong>κα)⁵</strong></span> <span class='ocrx_word' id='word_1_727' title='bbox 1584 5582 1852 5652; x_wconf 84' lang='grc' dir='ltr'>ἁγορασία</span> 
     </span>
    </p>
   </div>
   <div class='ocr_carea' id='block_1_111' title="bbox 292 5666 1848 5746">
    <p class='ocr_par' dir='ltr' id='par_1_111' title="bbox 292 5666 1848 5746">
     <span class='ocr_line' id='line_1_112' title="bbox 292 5666 1848 5746; baseline 0.002 -29"><span class='ocrx_word' id='word_1_728' title='bbox 292 5666 382 5719; x_wconf 70' lang='grc' dir='ltr'><strong>ἐπὶ</strong></span> <span class='ocrx_word' id='word_1_729' title='bbox 408 5666 704 5738; x_wconf 79' lang='grc' dir='ltr'>οίῳδήποτε</span> <span class='ocrx_word' id='word_1_730' title='bbox 734 5667 861 5720; x_wconf 77' lang='grc' dir='ltr'>εῖδει</span> <span class='ocrx_word' id='word_1_731' title='bbox 911 5669 1004 5720; x_wconf 76' lang='grc' dir='ltr'>καὶ</span> <span class='ocrx_word' id='word_1_732' title='bbox 1060 5670 1349 5740; x_wconf 87' lang='grc' dir='ltr'>πράγματι</span> <span class='ocrx_word' id='word_1_733' title='bbox 1401 5672 1501 5743; x_wconf 83' lang='grc' dir='ltr'>τῆς</span> <span class='ocrx_word' id='word_1_734' title='bbox 1532 5678 1700 5746; x_wconf 82' lang='grc' dir='ltr'>τιμῆς</span> <span class='ocrx_word' id='word_1_735' title='bbox 1734 5693 1848 5731; x_wconf 81' lang='grc' dir='ltr'>στι.</span> 
     </span>
    </p>
   </div>
   <div class='ocr_carea' id='block_1_112' title="bbox 2525 5408 2981 5469">
    <p class='ocr_par' dir='ltr' id='par_1_112' title="bbox 2525 5408 2981 5469">
     <span class='ocr_line' id='line_1_113' title="bbox 2525 5408 2981 5469; baseline 0.007 -6"><span class='ocrx_word' id='word_1_736' title='bbox 2525 5408 2817 5468; x_wconf 84' lang='lat' dir='ltr'><strong>TITULUS</strong></span> <span class='ocrx_word' id='word_1_737' title='bbox 2843 5412 2981 5469; x_wconf 71' lang='lat' dir='ltr'><strong>XXI.</strong></span> 
     </span>
    </p>
   </div>
   <div class='ocr_carea' id='block_1_113' title="bbox 2339 5501 3101 5574">
    <p class='ocr_par' dir='ltr' id='par_1_113' title="bbox 2339 5501 3101 5574">
     <span class='ocr_line' id='line_1_114' title="bbox 2339 5501 3101 5574; baseline 0.008 -20"><span class='ocrx_word' id='word_1_738' title='bbox 2339 5501 2416 5556; x_wconf 79' lang='lat' dir='ltr'><strong>De</strong></span> <span class='ocrx_word' id='word_1_739' title='bbox 2445 5505 2734 5558; x_wconf 77' lang='lat' dir='ltr'><strong>venditione</strong></span> <span class='ocrx_word' id='word_1_740' title='bbox 2757 5523 2819 5559; x_wconf 85' lang='lat' dir='ltr'><strong>ac</strong></span> <span class='ocrx_word' id='word_1_741' title='bbox 2845 5510 3101 5574; x_wconf 76' lang='lat' dir='ltr'><strong>emptione</strong></span> 
     </span>
    </p>
   </div>
   <div class='ocr_carea' id='block_1_114' title="bbox 2031 5590 3524 5667">
    <p class='ocr_par' dir='ltr' id='par_1_114' title="bbox 2031 5590 3524 5667">
     <span class='ocr_line' id='line_1_115' title="bbox 2031 5590 3524 5667; baseline 0.007 -23"><span class='ocrx_word' id='word_1_742' title='bbox 2031 5591 2083 5645; x_wconf 83' lang='lat' dir='ltr'><strong>l.</strong></span> <span class='ocrx_word' id='word_1_743' title='bbox 2124 5590 2257 5647; x_wconf 86' lang='lat' dir='ltr'><strong>Tam</strong></span> <span class='ocrx_word' id='word_1_744' title='bbox 2282 5608 2375 5662; x_wconf 87' lang='lat' dir='ltr'><strong>per</strong></span> <span class='ocrx_word' id='word_1_745' title='bbox 2399 5595 2745 5662; x_wconf 87' lang='lat' dir='ltr'><strong>scripturam,</strong></span> <span class='ocrx_word' id='word_1_746' title='bbox 2776 5612 2935 5664; x_wconf 87' lang='lat' dir='ltr'><strong>quam</strong></span> <span class='ocrx_word' id='word_1_747' title='bbox 2967 5598 3085 5651; x_wconf 88' lang='lat' dir='ltr'><strong>sine</strong></span> <span class='ocrx_word' id='word_1_748' title='bbox 3107 5598 3371 5667; x_wconf 82' lang='lat' dir='ltr'><strong>scriptura</strong></span> <span class='ocrx_word' id='word_1_749' title='bbox 3393 5614 3524 5655; x_wconf 89' lang='lat' dir='ltr'><strong>con-</strong></span> 
     </span>
    </p>
   </div>
   <div class='ocr_carea' id='block_1_115' title="bbox 1958 5684 3519 5754">
    <p class='ocr_par' dir='ltr' id='par_1_115' title="bbox 1958 5684 3519 5754">
     <span class='ocr_line' id='line_1_116' title="bbox 1958 5684 3519 5754; baseline 0.003 -16"><span class='ocrx_word' id='word_1_750' title='bbox 1958 5684 2192 5738; x_wconf 82' lang='lat' dir='ltr'><strong>trahitur</strong></span> <span class='ocrx_word' id='word_1_751' title='bbox 2235 5685 2469 5741; x_wconf 89' lang='lat' dir='ltr'><strong>venditio</strong></span> <span class='ocrx_word' id='word_1_752' title='bbox 2514 5696 2567 5741; x_wconf 90' lang='lat' dir='ltr'><strong>et</strong></span> <span class='ocrx_word' id='word_1_753' title='bbox 2616 5688 2816 5754; x_wconf 89' lang='lat' dir='ltr'><strong>emptio</strong></span> <span class='ocrx_word' id='word_1_754' title='bbox 2842 5687 2979 5749; x_wconf 86' lang='lat' dir='ltr'><strong>citra</strong></span> <span class='ocrx_word' id='word_1_755' title='bbox 3037 5689 3212 5747; x_wconf 89' lang='lat' dir='ltr'><strong>dolum</strong></span> <span class='ocrx_word' id='word_1_756' title='bbox 3244 5691 3440 5747; x_wconf 82' lang='lat' dir='ltr'><strong>malum</strong></span> <span class='ocrx_word' id='word_1_757' title='bbox 3464 5690 3519 5744; x_wconf 87' lang='lat' dir='ltr'><strong>in</strong></span> 
     </span>
    </p>
   </div>
  </div>
