4084 6208
469 282 580 351 519

1457 281 1964 343 CONSTANTlNl
2002 280 2669 343 PORPHYROGENITI

3615 270 3726 343 520

469 412 793 469 quacunque
809 397 1088 467 specie,,ac
1111 408 1188 460 re,
1222 393 1613 448 interveniente
1633 392 1790 463 pretii
1820 393 2031 460 paclio-
2066 444 2068 450 λ

2169 394 2417 463 [ουμένης
2484 395 2801 447 συνίσταται
2866 389 3087 451 ἀδόλως.
3143 387 3339 441 Ἢνίκα
3384 382 3544 459 οἷονὴ
3588 383 3725 459 τιμή

472 507 556 547 ne.
582 492 712 547 Cum
734 494 896 561 igitur
925 491 998 543 rei
1050 489 1279 557 pretium
1304 488 1373 541 ab
1393 498 1638 557 emptore
1655 488 1837 542 datum
1864 488 2045 551 fuerit,

2126 484 2241 537 τοῦ
2281 485 2604 554 πράγματος
2657 482 2737 552 τῷ
2794 480 3094 550 ἠγορακότι
3142 479 3292 548 δοθῇ,
3326 478 3425 548 τὴν
3472 482 3729 550 τοιαύτην

474 599 578 637 non
604 584 727 636 licet
773 578 1034 649 ejusmodi
1093 577 1454 634 venditionem
1502 578 1891 648 ptenitentihus
1919 578 2050 647 ipsis

2169 578 2352 645 τρᾶσιν
2423 579 2486 628 ὲκ
2550 574 3050 644 μεταμελουμένων
3112 570 3293 624 αὐτῶν
3359 570 3435 639 μὴ
3492 572 3726 643 ἀνατρέ-

474 673 804 729 rescindere.

544 764 597 816 2.
632 762 762 815 Nam
778 762 1155 833 debetemptor
1170 772 1295 817 ante
1314 771 1646 818 contractum
1665 774 1719 817 et
1739 765 2052 821 examinare

473 870 588 910 rem
621 863 674 909 et
702 864 956 908 accurate
984 854 1259 924 inquirere
1301 866 1469 923 atque
1498 856 1572 909 ita
1603 856 1943 912 contrahere.

544 1034 599 1087 ὅ.
659 1031 714 1086 Si
770 1048 899 1087 vero
948 1033 1226 1103 deinceps,
1304 1043 1361 1089 ut
1405 1036 1518 1090 ﬁeri
1566 1034 1721 1099 solet,
1777 1036 2053 1091 venditum

474 1139 672 1195 corpus
696 1126 969 1180 inventum
994 1126 1156 1181 fuerit
1201 1143 1321 1182 esse
1353 1128 1605 1196 liberum,
1656 1128 1738 1184 vel
1766 1128 2058 1199 lymphati-

477 1233 626 1280 cum,
661 1217 922 1272 venditori
958 1218 1288 1273 redhibetur.

546 1307 601 1359 4.
628 1304 684 1360 Si
714 1306 877 1360 arrha
910 1308 1030 1361 data
1066 1307 1229 1363 fuerit
1255 1310 1305 1361 in
1356 1324 1698 1379 quocumque
1749 1319 2054 1376 contractu,

479 1411 643 1464 qnum
680 1412 784 1451 non
832 1396 1087 1467 impletus
1142 1399 1305 1453 luerit
1341 1410 1653 1455 contractus
1680 1401 1827 1455 illius
1877 1402 2055 1470 culpa,

480 1489 572 1556 qui
597 1488 812 1541 arrham
843 1488 1008 1554 dedit,
1043 1489 1280 1546 lucretur
1308 1491 1524 1544 arrham
1575 1492 1641 1554 is,
1680 1492 1772 1561 qui
1804 1492 2011 1562 accepit
2041 1508 2056 1545 :

482 1579 563 1630 sin
634 1576 753 1643 ejus
833 1579 1194 1647 negligentia,
1249 1583 1339 1649 qui
1411 1581 1627 1635 arrham
1682 1583 1912 1652 accepit,
1973 1597 2062 1639 res

485 1666 721 1737 perfecta
744 1682 847 1721 non
881 1667 1065 1735 fuerit,
1108 1668 1296 1724 reddat
1329 1686 1446 1725 eam
1483 1672 1581 1738 illi,
1604 1673 1693 1742 qui
1739 1675 1906 1735 dedit.
1934 1689 2056 1730 cum

484 1757 657 1811 altero
687 1766 854 1811 tanto.
2044 1762 2047 1763 ⁷

554 1860 589 1916 5
637 1861 695 1916 Si
726 1876 915 1917 servus
938 1862 1192 1917 venditus
1221 1872 1317 1918 aut
1344 1865 1488 1919 diem
1516 1867 1732 1932 obierit,
1778 1878 1870 1923 aut
1906 1882 2062 1940 parte

485 1952 732 2021 corporis
767 1952 927 2007 laesus
956 1953 1138 2017 fuerit,
1177 1954 1433 2008 nimirum
1468 1958 1623 2024 pede,
1650 1957 1733 2012 vel
1758 1974 1941 2023 manu,
1977 1958 2061 2015 vel

416 2102 419 2103 ν
486 2044 645 2097 oculo
668 2060 683 2097 :
706 2052 799 2098 aut
827 2045 873 2099 si
895 2045 1090 2099 domus
1116 2044 1381 2100 distracta
1409 2048 1501 2111 sit,
1532 2058 1624 2102 ant
1656 2064 1780 2119 pars
1802 2051 1942 2119 ejus,
1974 2050 2058 2106 vel

486 2140 598 2187 tota
617 2134 740 2202 igne
777 2134 1060 2203 absumpta
1110 2134 1273 2189 fuerit
1302 2152 1314 2188 :
1352 2146 1447 2189 aut
1476 2151 1606 2207 ager
1630 2139 1678 2192 vi
1711 2138 1945 2195 [luminis
1975 2151 2061 2194 to-

490 2230 597 2286 tus,
621 2234 713 2277 aut
743 2224 919 2293 aliqua
956 2233 1108 2294 parte
1151 2234 1356 2294 pereat,
1390 2235 1483 2280 aut
1521 2226 1683 2282 arbor
1710 2244 1739 2282 a
1768 2238 1930 2284 vento
1965 2229 2063 2283 de-

485 2312 628 2381 jecta
672 2315 792 2369 sit:
847 2314 901 2370 in
975 2315 1059 2370 his
1133 2315 1384 2372 omnibus
1452 2319 1707 2373 damnum
1766 2330 2065 2389 emptorem

488 2413 715 2473 spectat.

560 2493 614 2549 6.
645 2495 701 2550 Si
730 2511 920 2553 servus
949 2498 1117 2552 'meus
1147 2499 1261 2568 agri
1313 2501 1515 2555 venditi
1570 2502 1832 2557 terminos
1878 2508 2065 2557 osten-

490 2586 620 2641 dere
655 2586 860 2655 jussus,
889 2590 1008 2659 plus
1035 2591 1352 2656 ostenderit,
1405 2592 1681 2662 idque_vel
1734 2594 1855 2649 dolo
1896 2594 2063 2660 malo,

489 2677 573 2730 vel
598 2692 693 2746 per
733 2678 1110 2748 ignorantiam,
1146 2697 1253 2735 non
1290 2683 1401 2751 ipse
1425 2685 1779 2740 condemnor.
1803 2682 1947 2741 Idem
1969 2702 2066 2741 va-

493 2769 565 2822 let
596 2771 758 2824 etiam
776 2771 830 2825 in
862 2772 1174 2836 traditione,
1207 2789 1329 2829 eum
1372 2775 1557 2846 incipit
1584 2781 1877 2847 possessio.

565 2876 618 2931 7.
652 2876 709 2930 Si
742 2887 865 2931 ante
895 2879 1241 2935 traditionem
1278 2896 1467 2937 servus
1488 2883 1738 2939 venditus
1771 2883 2068 2955 aufugerit,

492 2977 583 3022 aut
616 2968 689 3022 ita
734 2969 878 3025 furto
924 2972 1230 3029 subtractus
1266 2974 1335 3030 ab
1372 2975 1555 3045 aliquo
1589 2975 1772 3043 fuerit,
1810 2985 1868 3030 ut
1912 2976 2070 3032 dolus

2152 665 2369 719 πεσθαι.

2225 756 2290 826 β’.
2337 758 2427 808 Δεῖ
2458 755 2566 824 γὰρ
2602 754 2693 807 τὸν
2732 752 3043 823 ἀγοραστὴν
3078 752 3184 822 πρὸ
3212 750 3307 804 τοῦ
3344 751 3728 821 συναλλάγμα-

2150 862 2243 908 τος
2280 844 2347 898 δι’
2399 842 2630 914 ἐρεύνης
2662 841 2938 910 γενέσθαι,
2996 839 3089 893 καὶ
3131 836 3394 907 ἀκριϐοῦν
3433 833 3732 910 [διερευνᾲν

2154 942 2211 994 ὲν
2239 936 2541 1009 ἀκριϐείᾳῙ,
2579 936 2674 989 καὶ
2711 933 2855 987 οὕτω
2886 933 3265 987 συναλᾶσσειν.

2224 1028 2294 1098 γ’.
2332 1029 2394 1081 Εἰ
2416 1028 2495 1092 δὲ,
2533 1026 2813 1097 ὼςβίκὸς,
2853 1026 2994 1095 μετά
3016 1025 3178 1078 τοῦτο
3212 1025 3410 1096 εὑρεθῇ
3437 1025 3496 1078 τὸ
3522 1024 3731 1094 πραθὲν

2158 1121 2327 1193 [κατά
2348 1119 2447 1190 τὴν
2480 1117 2728 1189 πρᾶσινῖ,
2768 1117 2931 1187 σῶμα
2978 1116 3283 1187 ἐλεύθερον,
3336 1119 3369 1190 ἢ
3406 1118 3501 1170 καὶ
3536 1117 3730 1186 δαιμο-

2157 1212 2284 1278 νῶν,
2310 1211 2473 1265 τοῦτο
2504 1209 2865 1264 ἀναδίδοσθαι.

2228 1306 2291 1359 δ’.
2330 1302 2458 1358 Ἐὰν
2522 1301 2779 1374 ἀρραϐὼν
2830 1301 2957 1372 δοθῇ
3018 1302 3077 1355 ὲν
3125 1301 3422 1372 οίῳδήποτε
3471 1300 3736 1355 συναλλά-

2159 1413 2351 1466 γματι,
2411 1395 2486 1457 ὡς
2525 1392 2751 1456 ἀτελοῦς
2800 1393 2951 1455 δντος
2996 1391 3088 1444 τοῦ
3145 1392 3592 1462 συναλλάγματος
3618 1432 3632 1455 ,
3674 1390 3737 1454 ἐξ

2160 1486 2552 1558 ἀγνωμοσύνης
2586 1486 2683 1556 μὲν
2704 1484 2795 1537 τοῦ
2822 1484 3132 1548 δεδωκότος,
3153 1486 3211 1537 ὲν
3238 1483 3418 1554 κέρδει
3437 1482 3680 1551 γενέσθω
3707 1484 3738 1535 6

2160 1579 2416 1653 ἀρραϐὼν
2450 1578 2541 1632 τοῦ
2575 1578 2851 1640 λαϐόντος.
2885 1575 2947 1629 Ei
2978 1575 3033 1628 δὲ
3056 1575 3114 1639 ἐξ
3142 1574 3402 1644 ἀμελείας
3426 1573 3521 1627 τοῦ
3552 1573 3739 1627 λαϐόν-

2163 1690 2254 1735 τος
2284 1672 2345 1725 οῦ
2384 1670 2601 1740 πραχθῇ
2639 1668 2699 1721 τὺ
2729 1668 2887 1739 ἔργον
2916 1670 2996 1731 εἰς
3022 1667 3196 1729 τέλος,
3238 1665 3569 1720 ἀναδιδόσθω
3603 1666 3738 1735 μετά

2163 1765 2258 1817 καὶ
2288 1762 2450 1817 ἄλλου
2487 1761 2744 1814 τοσούτου
2778 1761 2855 1829 τῷ
2888 1760 3145 1813 δεδωκότι
3178 1759 3362 1813 αὐτόν.

2230 1866 2291 1920 ε’.
2333 1866 2392 1917 '0
2450 1863 2802 1934 πεπραμένος
2834 1862 3052 1933 οἰκέτης
3093 1863 3140 1914 εί
3177 1863 3271 1914 καὶ
3311 1860 3623 1930 τελευτήσει
3656 1902 3669 1924 ,
3701 1860 3735 1931 ἢ

2169 1957 2333 2027 μέρος
2386 1971 2440 2007 τι
2488 1954 2658 2024 βλαϐῇ
2704 1954 2798 2006 τοῦ
2860 1952 3136 2024 σώματος,
3190 1953 3347 2017 πόδα,
3401 1952 3433 2021 ἢ
3480 1955 3660 2021 χεῖρα,
3704 1951 3737 2019 ἦ

2166 2047 2445 2117 ὀφθαλμόν
2470 2064 2484 2077 ·
2523 2048 2555 2116 ἦ
2583 2045 2732 2099 οἰκία
2772 2046 2921 2098 ἐστὶν
2954 2047 2987 2116 ὴ
3020 2044 3347 2114 πεπραμένη
3371 2084 3387 2108 ,
3427 2045 3520 2096 καὶ
3553 2043 3743 2112 μέρος,

2168 2139 2202 2209 ἢ
2252 2140 2401 2192 πᾶσα
2432 2139 2563 2208 πυρὶ
2595 2138 2905 2207 δαπανηθῇ’
2942 2136 2975 2207 ἢ
3005 2137 3172 2208 ἀγρὸς
3204 2136 3293 2206 βίᾳ
3327 2133 3575 2204 ποταμοῦ
3598 2134 3739 2196 ὅλος,

2170 2231 2203 2300 ἢ
2237 2230 2402 2301 μέρος
2431 2230 2752 2293 ἀπόλλυται,
2781 2230 2811 2300 ἢ
2836 2229 3051 2299 δένδρον
3084 2228 3144 2295 ἐξ
3171 2228 3375 2297 ἀνέμου
3411 2227 3739 2285 καταπεσόν’

2166 2317 2261 2370 ἐπὶ
2309 2316 2513 2370 τούτων
2548 2318 2766 2372 πάντων
2796 2320 2829 2387 ἡ
2872 2316 3042 2384 ζημία
3090 2317 3181 2369 τὸν
3210 2316 3518 2386 ἀγοραστὴν
3548 2316 3669 2385 ὁρᾷ.

2244 2508 2318 2566 ς’.
2362 2502 2487 2555 Ἐὰν
2509 2500 2821 2563 κελευσθεὶς
2854 2500 2881 2552 6
2910 2499 3094 2563 δοῦλός
3139 2517 3239 2570 μου
3269 2501 3394 2563 τοὺς
3428 2499 3586 2570 ὅρους
3614 2498 3747 2551 ὑπο*

2167 2594 2337 2658 δεῖξαι
2362 2594 2454 2648 τοῦ
2486 2593 2786 2665 πραθέντος
2818 2593 3011 2662 ἀγροῦ,
3040 2593 3201 2645 πλέον
3232 2592 3511 2666 ὑποδείξῃ,
3544 2593 3577 2662 ἣ
3607 2590 3749 2645 κατά

2165 2685 2338 2747 δόλον,
2390 2684 2423 2754 ἢ
2482 2684 2602 2737 κατ’
2639 2684 2884 2746 ἄγνοιαν.
2918 2684 2977 2735 εὖ
3021 2681 3478 2749 καταδικάζομαι.
3516 2681 3590 2733 Τδ
3618 2679 3747 2733 αὐτὸ

2168 2779 2266 2832 καὶ
2302 2778 2395 2830 ἐπὶ
2431 2776 2805 2847 παραδόσεως,
2837 2776 3009 2845 νομῆς
3037 2774 3333 2845 ἀρχούσης.

2241 2881 2308 2945 ζ’.
2348 2883 2410 2934 El
2441 2881 2547 2951 πρὸ
2582 2880 2934 2953 παραδόσεως
2979 2880 3127 2949 φύγῃ
3153 2882 3181 2932 6
3211 2878 3441 2949 πραθεὶς
3471 2876 3675 2941 δοῦλος.
3707 2879 3743 2948 ἢ

2170 2974 2267 3026 καλ.
2292 2971 2473 3043 κλαπῇ
2502 2972 2603 3024 ὑπό
2623 2989 2788 3035 τινος,
2816 2971 2891 3033 ὡς
2923 2971 2996 3040 μὴ
3027 2970 3175 3022 δόλον
3203 2969 3234 3039 ἢ
3266 2969 3547 3041 ρᾳθυμίαν
3587 2970 3739 3037 ἐλέγ-

493 3059 669 3114 malns
698 3068 791 3114 aut
819 3060 971 3131 culpa
1000 3062 1051 3117 in
1079 3065 1160 3119 his
1210 3065 1425 3134 probari
1456 3076 1691 3136 nequeat
1717 3108 1734 3136 ,
1771 3068 1877 3123 hoc
1910 3068 2068 3123 modo

2173 3064 2362 3137 χεσθαι
2405 3063 2535 3135 περὶ
2576 3063 2767 3127 ταῦτα,
2815 3064 2864 3116 εί
2915 3061 3009 3116 τοῦ
3052 3061 3259 3133 πράτου
3301 3061 3358 3115 τὸ
3394 3060 3742 3132 ζημιοῦσθαι,

494 3150 692 3218 inquiri
717 3150 894 3218 debet,
928 3168 992 3206 an
1022 3155 1322 3211 venditoris
1378 3156 1479 3212 hoc
1503 3158 1703 3213 damno
1730 3160 1819 3215 sit.
1853 3159 2063 3230 Quippe

493 3236 540 3291 si
570 3238 815 3293 venditor
843 3242 894 3294 in
920 3254 977 3295 se
997 3244 1297 3297 custodiam
1348 3245 1490 3300 servi
1536 3247 1737 3301 venditi
1773 3250 2065 3316 receperit,

493 3322 609 3393 ipse
632 3325 884 3381 damnum
917 3329 1041 3383 hinc
1094 3346 1379 3401 emergens
1411 3346 1707 3403 agnoscet:
1752 3338 1834 3391 sin
1864 3353 1984 3392 eam
2012 3339 2067 3392 in

493 3428 553 3469 se
582 3430 689 3469 non
723 3418 948 3485 recepit,
982 3432 1204 3474 securus
1234 3422 1357 3476 erit.
1402 3424 1545 3477 ldem
1579 3434 1634 3479 et
1668 3426 1721 3479 in
1747 3427 2070 3483 animalibus

494 3507 727 3571 emeris,
768 3516 827 3559 nt
876 3522 1035 3574 equo,
1073 3511 1304 3577 camelo,
1346 3522 1401 3568 et
1438 3515 1767 3585 quicumque
1794 3527 1921 3573 sunt
1952 3516 2071 3586 ejus

494 3594 733 3662 generis.
758 3594 987 3651 Prorsus
1009 3608 1188 3653 autem
1209 3603 1453 3657 venditor
1476 3606 1711 3675 emptori
1741 3606 1809 3662 de
1834 3607 2072 3663 dominio

495 3696 548 3740 et
579 3688 846 3743 evictione
868 3698 1102 3746 tenetur.

564 3885 619 3939 8.
654 3886 710 3941 Si
741 3902 830 3956 qu.
858 3905 969 3945 rem
997 3907 1339 3950 communem
1386 3896 1646 3953 habentes
1675 3898 1818 3953 inter
1844 3913 1903 3955 se
1934 3900 2077 3970 pacti

497 3973 719 4041 fuerint,
750 3990 808 4032 ut
837 3982 1011 4035 neutri
1045 3982 1207 4037 liceat
1236 3984 1442 4057 absque
1482 3986 1651 4043 altero
1680 4004 1793 4045 rem
1820 4004 1937 4044 eam
1968 3991 2081 4047 dis-

498 4066 749 4123 trahere:
777 4085 941 4139 qnum
984 4088 1120 4128 unus
1148 4085 1354 4143 partem
1392 4092 1544 4132 suam
1568 4062 1804 4135 vendere
1824 4081 2077 4147 voluerit,

496 4169 551 4208 et
580 4160 979 4214 atlestationem
1026 4163 1091 4214 ad
1119 4164 1347 4217 alterum
1391 4167 1458 4219 de
1502 4168 1811 4223 venditione
1857 4171 1937 4225 vel
1962 4186 2081 4225 em-

501 4248 683 4317 paione
712 4250 1250 4321 interponit,absque
1283 4254 1673 4324 impedimento
1697 4258 1891 4313 deinde
1922 4260 2079 4328 cujus

496 4355 613 4392 eam
648 4341 850 4394 vendit.

565 4442 619 4496 9.
653 4441 785 4496 Nam
815 4442 868 4496 in
897 4456 1093 4513 genere
1116 4445 1279 4511 scias,
1321 4447 1365 4501 si
1392 4448 1596 4518 absque
1625 4450 1750 4505 dolo
1789 4452 1933 4508 malo
1971 4463 2068 4508 aut
2094 4421 2142 4477 θ

498 4533 656 4602 culpa
684 4536 982 4591 venditoris
1013 4551 1100 4591 res
1147 4538 1260 4594 haec
1300 4539 1580 4607 acciderit,
1629 4551 1721 4597 aut
1752 4544 1895 4599 aliud
1929 4545 2074 4615 ejus-

501 4624 922 4689 modi,securum
958 4626 1073 4681 fore
1099 4628 1453 4686 venditorem.

572 4729 661 4784 10.
696 4728 844 4786 Sicut
872 4734 1015 4788 enim
1046 4732 1332 4791 fortuitum
1366 4736 1772 4807 detrimentum,
1799 4741 1880 4796 vel
1904 4743 2070 4797 amis-

496 4822 578 4877 sio
596 4822 670 4876 rei
694 4822 945 4890 venditaa,
972 4826 1038 4879 ad
1055 4837 1356 4896 emptorem
1388 4830 1650 4897 pertinet,
1684 4830 1756 4884 ita
1784 4847 1997 4902 quoque
2024 4833 2069 4887 si

499 4916 709 4969 lucrum
736 4916 1031 4971 accesserit
1062 4920 1293 4990 emptori
1326 4922 1504 4975 cedet.

566 5118 655 5173 Η.
692 5118 845 5175 Unde
872 5123 915 5177 si
940 5138 1035 5194 per
1052 5122 1375 5177 alluvionem
1399 5122 1656 5188 ﬂuminis,
1678 5137 1769 5177 ant
1798 5134 1953 5178 terrm
1978 5139 2073 5194 ag-

495 5215 801 5284 gestionem
850 5226 974 5286 post
1003 5215 1369 5271 venditionem
1404 5214 1600 5271 factam
1652 5232 1779 5287 ager
1817 5219 2071 5288 creverit,

494 5316 707 5375 emptor
732 5305 882 5360 lncro
918 5304 1147 5360 fruetur.

569 5410 658 5464 12.
696 5409 753 5464 Si
789 5425 979 5464 aurum
1019 5409 1087 5464 ab
1132 5408 1311 5479 aliquo
1346 5410 1638 5480 repositum
1672 5410 1726 5465 in
1749 5410 1909 5466 domo
1939 5428 2075 5468 vcn-

498 5502 604 5555 dita
664 5517 758 5570 per
812 5516 1050 5558 errorem
1115 5502 1397 5567 manserit,
1468 5512 1523 5557 et
1573 5504 1625 5557 in
1678 5518 1740 5558 ea
1798 5514 2072 5574 repertum

499 5589 701 5655 fuerit,
760 5606 945 5649 manet
991 5594 1151 5665 ejns,
1214 5597 1303 5666 qni
1384 5596 1588 5665 pridem
1649 5595 1901 5650 dominus
1955 5596 2073 5666 rjns

500 5691 637 5736 crat.

2173 3158 2252 3210 δεῖ
2304 3156 2475 3219 οὕτως
2532 3155 2790 3227 ζητῆσαι.
2833 3155 2895 3207 Et
2953 3154 3051 3224 μὲν
3090 3154 3169 3217 είς
3227 3153 3419 3206 ἑαυτὸν
3453 3156 3479 3206 6
3533 3154 3746 3224 πράτης

2175 3246 2457 3314 ἀνεδέξατο
2490 3245 2589 3318 τὴν
2644 3245 2739 3297 τοῦ
2775 3245 3128 3315 πεπραμένον
3193 3246 3406 3298 οἰκέτου
3474 3244 3744 3313 φυλακὴν,

2174 3342 2270 3396 καὶ
2309 3341 2470 3403 αὐτὸς
2508 3340 2873 3408 ἐπιγνώσεται
2901 3341 3000 3407 την
3052 3337 3299 3391 ἐντεῦθεν
3334 3337 3569 3409 ζημίανο
3610 3339 3659 3390 εί
3690 3338 3744 3390 δὲ

2178 3431 2254 3501 μὴ
2291 3429 2573 3494 ἀνεδέξατο
2627 3431 2707 3491 είς
2767 3429 2978 3492 ἑαυτὸν,
3030 3430 3140 3496 ἔξει
3188 3430 3247 3482 τὸ
3293 3429 3612 3500 ἀμέριμνον.
3673 3429 3747 3481 Τὸ

2175 3520 2308 3574 αὐτὸ
2355 3521 2449 3574 καὶ
2513 3522 2605 3573 ἐπὶ
2646 3520 2755 3573 τῶν
2811 3520 3012 3573 λοιπῶν
3051 3518 3224 3584 ζώων,
3260 3515 3372 3572 οἷον
3416 3520 3607 3584 ἵππου,
3652 3520 3747 3572 καὶ

2172 3612 2446 3681 καμήλου,
2476 3613 2571 3665 καὶ
2599 3613 2699 3665 ὅσα
2735 3611 2963 3665 τοιαῦτά
2987 3612 3127 3665 ἐστι.
3158 3612 3379 3674 Πάντως
3398 3611 3455 3664 δὲ
3487 3612 3752 3681 χρεωστεί
3799 3663 3807 3669 ,

2173 3706 2203 3757 6
2234 3704 2446 3775 πράτης
2491 3704 2569 3774 τῷ
2600 3705 2876 3775 ἀγοραστῇ
2909 3704 3024 3775 ,τὴν
3069 3702 3427 3756 διαυθέντισιν
3467 3703 3562 3756 καὶ
3608 3702 3751 3755 ἐκδί-

2176 3813 2359 3868 κησιν.

2248 3904 2320 3971 η’.
2373 3898 2503 3956 Ἐάν
2544 3915 2686 3959 τινες
2710 3896 2983 3951 ἐπίκοινον
3010 3898 3245 3968 πρᾶγμα
3275 3897 3493 3966 ἔχοντες
3528 3912 3752 3966 συμφω-

2178 3994 2401 4064 νήσωσι,
2446 3992 2729 4062 μηδετέρῳ
2792 3990 2972 4045 αὐτῶν
2998 3989 3197 4054 ἐξεῖναι
3245 3988 3372 4042 ἄνευ
3413 3988 3600 4058 ἑτέρου
3634 4005 3748 4039 πων

2180 4082 2292 4136 λεῖν
2338 4083 2399 4135 τὸ
2431 4083 2687 4154 πρᾶγμα,
2737 4081 2831 4133 έάν
2867 4081 2896 4132 6
2926 4074 3006 4143 εἷς
3038 4080 3253 4149 θελήσει
3287 4079 3347 4132 τὸ
3380 4079 3546 4147 μέρος
3583 4074 3747 4129 αὑτοῦ

2179 4174 2399 4236 πωλεῖν,
2448 4175 2540 4226 καὶ
2599 4172 3028 4243 διαμαρτύρεται
3079 4171 3170 4223 τὸν
3196 4171 3384 4241 ἓτερον
3418 4171 3546 4241 περὶ
3578 4167 3671 4221 τοῦ
3714 4167 3748 4236 ἢ

2180 4265 2450 4336 πωλῆσαι,
2504 4265 2538 4335 ἦ
2603 4264 2916 4333 ἀγοράσαι,
2952 4264 3245 4326 ἀκωλύτως
3308 4261 3477 4314 πωλεί
3526 4258 3602 4330 τῷ
3657 4276 3750 4311 τυ-

2180 4357 2349 4426 χόντι.

2248 4460 2313 4515 0'.
2345 4460 2588 4515 Καθόλου
2621 4458 2730 4531 γὰρ
2760 4457 2891 4521 ἴσθι,
2928 4459 3009 4512 ὅτι
3053 4458 3101 4510 εἰ
3135 4456 3257 4527 δίχα
3308 4455 3461 4510 δόλου
3509 4455 3543 4526 ἢ
3588 4453 3751 4525 ρᾳθυ-

2179 4552 2309 4623 μίας
2353 4550 2448 4604 τοῦ
2485 4550 2692 4621 πράτου
2726 4549 2908 4619 συμϐῇ
2956 4548 3017 4601 τὸ
3057 4549 3314 4619 πρᾶγμα,
3345 4547 3379 4616 ἧ
3405 4564 3457 4600 τι
3487 4542 3749 4605 τοιοῦτον,

2175 4640 2287 4705 ἔξει
2323 4640 2383 4693 τὸ
2414 4640 2719 4711 ἀμέριμνον
2750 4640 2779 4692 6
2807 4639 3042 4709 πράτης.

2247 4751 2298 4800 ι’.
2340 4744 2558 4814 Ὥσπερ
2589 4744 2699 4814 γὰρ
2734 4743 2767 4810 ὴ
2798 4743 2863 4795 ὲκ
2906 4740 3078 4811 τύχης
3129 4740 3418 4801 ἐλάττωσις
3465 4739 3585 4807 ἦτοι
3646 4736 3753 4789 ἀπ-

2174 4835 2341 4889 ώλεια
2363 4834 2456 4888 τοῦ
2486 4834 2839 4905 πεπραμένου
2860 4833 3184 4903 πράγματος
3215 4834 3292 4895 είς
3320 4832 3409 4883 τὸν
3439 4829 3751 4897 ἀγοραστὴν

2172 4926 2483 4996 ἀνατρέχει.
2517 4926 2689 4989 οῦτως
2736 4926 2829 4979 καὶ
2857 4927 2909 4980 εῐ
2934 4942 2987 4977 τι
3039 4925 3229 4993 γέγονε
3270 4922 3460 4993 κέρδος
3489 4920 3580 4975 τὸν
3624 4923 3753 4988 ἀγο-

2181 5021 2387 5092 ραστὴν
2429 5019 2721 5089 ὠφελήσει.

2251 5133 2339 5179 ια’.
2381 5124 2544 5177 Ὅθεν
2576 5124 2625 5175 εί
2654 5122 2749 5176 καλ⁵
2775 5122 2864 5176 διὰ
2890 5122 3277 5193 προσκλύσεως
3325 5119 3358 5190 ἢ
3389 5116 3752 5189 προσχώσεως

2178 5217 2422 5285 ποταμοῦ
2464 5215 2663 5286 μείζων
2697 5216 2964 5283 γέγονενό
2999 5214 3166 5283 ἀγρὸς
3209 5212 3345 5283 μετά
3382 5212 3483 5282 τὴν
3530 5209 3749 5280 πρᾶσιν,

2176 5311 2237 5362 τὸ
2266 5310 2455 5379 κέρδος
2489 5309 2516 5361 ὁ
2560 5308 2867 5381 ἀγοραστής
2900 5306 3219 5361 ἀπολαύσει.
3646 5376 3649 5377 ν

2252 5415 2339 5484 ιβ’.
2389 5414 2514 5469 Ἐἀν
2542 5417 2599 5469 ὲν
2639 5416 2716 5486 τῷ
2756 5414 3021 5485 πραθέντι
3071 5412 3205 5481 οἴκῳ
3253 5412 3313 5464 τὸ
3361 5406 3757 5475 ἀποτιθέμενον

2178 5508 2648 5582 [ἀποτεθειμένον]
2672 5509 2777 5562 ὑπό
2800 5527 2943 5573 τινος
2960 5506 3185 5579 χρυσίον
3202 5505 3339 5558 κατὰ
3355 5502 3561 5569 πλάνην
3588 5514 3755 5551 κατα-

2184 5601 2363 5673 μείνῃ.
2394 5600 2490 5654 καὶ
2523 5602 2579 5652 ὲν
2614 5598 2759 5671 αὐτῷ
2788 5600 3007 5672 εὑρεθῇ,
3046 5598 3195 5669 μένει
3227 5595 3321 5649 τοῦ
3359 5593 3518 5653 πάλαι
3559 5586 3752 5643 δεσπό-

2186 5692 2386 5755 ζοντος.
