4058 6212
341 294 441 357 521
571 295 603 320 '

1601 293 1993 354 DELECTUS
2032 294 2317 355 LEGUM.
3479 299 3583 368 522

419 413 510 476 ιγ’.
551 406 609 459 '0
647 406 861 475 βλέπων
896 402 1364 475 νπιπρασκὸμενον
1404 403 1507 454 ὑπὸ
1553 404 1745 474 ἐτέρου
1793 406 1909 458 ἴδιοι

2098 407 2184 459 I5.
2219 406 2318 472 Qui
2349 420 2458 461 rem
2487 420 2637 461 suam
2663 407 2733 460 ab
2766 407 2870 462 alio
2904 405 3131 462 distrahi
3180 408 3344 473 videt,
3392 423 3453 465 ac
3484 428 3589 471 uozt

343 500 509 557 αὑτοῦ
551 501 805 570 πρᾶγμα,
839 498 935 550 καὶ
975 498 1052 566 μὴ
1100 494 1419 561 ἀντιλέγων,
1463 494 1624 556 αὐτὸς
1650 493 1797 547 δοκεί
1829 512 1916 546 πι-

343 597 557 668 πράσκε
565 608 615 645 ιν
646 591 798 646 αὐτό.

417 685 497 738 ιδ’.
549 683 610 735 Ὀ
649 681 976 752 πιπράσκων
1014 677 1219 741 δοῦλον,
1276 676 1370 729 καὶ
1428 674 1715 744 γινώσκων
1756 674 1918 728 αὐτὸν

343 776 605 845 κλέπτην,
635 773 669 844 ἦ
706 773 1049 842 μαινόμενον,
1080 770 1113 839 ἢ
1143 768 1503 838 δαιμονῶντα,
1530 765 1919 838 προσφωνείτω

345 868 478 935 περὶ
495 867 686 920 τούτου
709 865 801 918 τὸν
825 862 1155 935 ἀγοραστήν.
1191 862 1255 914 Εἰ
1277 861 1385 932 γὰρ
1401 860 1559 913 τοῦτο
1585 861 1659 930 μὴ
1690 860 1915 931 ποιήσῃ,

344 958 505 1020 αὐτὸς
538 956 636 1027 μὲν
658 956 887 1025 λήψεται
922 953 1013 1006 τδν
1043 953 1247 1015 δοῦλον,
1281 953 1340 1004 τὸ
1364 952 1419 1004 δὲ
1447 951 1665 1021 τίμημα
1694 950 1917 1004 διπλοῦν

340 1048 616 1103 ἀποδώσει
656 1046 733 1117 τῷ
778 1045 1075 1116 ὴγορακότι
1121 1043 1537 1112 ἀπαιτούμενος,
1578 1044 1671 1097 καὶ
1709 1043 1763 1095 ετ
1795 1060 1917 1097 τινα

344 1141 551 1212 ζημίαν
582 1138 877 1208 εἰργάσατο
893 1139 951 1191 έν
973 1135 1052 1207 τῷ
1078 1135 1214 1206 οἴκῳ
1242 1135 1408 1191 αὑτοῦ
1437 1133 1531 1188 τοῦ
1554 1135 1915 1205 ὴγορακὸτος.

415 1238 496 1285 ιε’.
544 1231 607 1283 Ὅ
641 1231 698 1296 ἐξ
738 1222 801 1282 οὗ
840 1227 1219 1299 ὲγχειρίζηταί
1264 1243 1316 1279 τι
1343 1225 1599 1296 ὀφφίκιον
1636 1226 1914 1295 δημόσιον,

341 1325 620 1393 ἀγοράσας
672 1339 728 1375 τι
781 1324 1015 1392 πρᾶγμα
1073 1319 1109 1389 ἢ
1146 1318 1213 1371 δι’
1258 1318 1539 1387 έαυτοῦ,ἢ
1584 1318 1915 1387 παρενθέτου

342 1415 662 1486 προσώπου,
692 1413 753 1466 οὐ
793 1415 957 1483 μόνον
1005 1411 1068 1463 τδ
1123 1410 1342 1478 τίμημα
1385 1408 1599 1473 ἀπολεῖ,
1656 1408 1791 1460 ἀλλὰ
1825 1409 1919 1460 καὶ

338 1504 680 1577 τετραπλοῦν
711 1504 792 1561 τῶ
817 1502 1071 1575 δημοσίῳ
1099 1501 1339 1554 δίδωσιν.

416 1698 513 1757 ις’.
556 1688 624 1743 '0
657 1689 944 1769 dyopdzwv
990 1686 1169 1760 ῥητῶς
1215 1687 1491 1757 κεράμους
1521 1688 1663 1740 οἶνον
1692 1684 1785 1738 ἐπὶ
1818 1684 1909 1754 μέ-

338 1799 492 1853 τρου,
532 1782 691 1851 δῆλον
722 1782 804 1834 ὅτι
830 1782 877 1833 εί
909 1780 983 1851 μὴ
1009 1781 1229 1850 ποιήσει
1253 1778 1544 1848 ὑπέρθεσιν
1587 1777 1771 1831 λαΰείν
1813 1776 1909 1848 τὴν

343 1873 626 1943 μέτρησιν,
661 1870 722 1925 οὐ
751 1869 1061 1942 ζημιοῦται,
1101 1868 1202 1924 κᾶν
1242 1860 1572 1939 ἀπολέσθῇὸ
1603 1865 1763 1932 οἶνος.

413 2056 498 2117 ιζ’.
528 2055 590 2107 Ei
621 2053 679 2107 δὲ
711 2054 844 2120 ὑφὲν
875 2048 1017 2105 οἶνόν
1048 2068 1132 2113 τις
1166 2051 1457 2122 ἀγοράσει,
1495 2049 1571 2119 μὴ
1604 2047 1910 2119 συμφωνῶν

342 2145 635 2216 μετρῆσαι,
676 2144 839 2207 αὐτὸς
888 2142 1208 2196 κινδυνεύει.

413 2326 501 2389 ιη’.
540 2320 727 2372 Ταυτᾶ
765 2318 820 2371 δὲ
858 2320 1051 2388 κρατεῖ
1084 2319 1175 2372 καὶ
1205 2316 1297 2370 ἐπὶ
1343 2316 1541 2381 ἐλαίου,
1594 2317 1684 2368 καὶ
1740 2315 1943 2379 σίτουυ

338 2411 434 2462 καὶ
490 2410 600 2462 τῶν
658 2408 946 2462 τοιούτων·
980 2409 1061 2461 ὅτι
1120 2408 1180 2461 τὸ
1229 2408 1420 2477 κέρδος
1472 2407 1565 2459 τοῦ
1615 2407 1913 2476 πραθέντος

336 2501 501 2565 οἴνου,
535 2498 685 2569 καὶή
715 2496 908 2567 ζημία,
941 2498 1031 2551 τὸν
1057 2497 1372 2567 ἀγοραστὴν
1403 2498 1524 2567 ὁρᾷ.

410 2589 496 2642 ιϐ’.
541 2589 602 2641 '0
643 2586 839 2641 πωλῶν
892 2604 944 2639 τι
994 2589 1051 2641 ἐν
1103 2588 1305 2658 είδήσει
1344 2588 1621 2656 ἐπίψογον,
1653 2587 1712 2639 οὐ
1749 2587 1909 2654 μόνον

339 2684 418 2745 είς
466 2683 527 2735 τὸ
580 2682 818 2751 τίμημα,
860 2680 996 2734 ἀλλὰ
1028 2681 1121 2733 καὶ
1156 2681 1237 2743 είς
1262 2682 1442 2734 πᾶσαν
1471 2680 1568 2752 τὴν
1614 2682 1679 2733 ὲκ
1716 2680 1907 2735 τούτου

337 2773 543 2844 ζημίαν
571 2773 877 2843 κατέχεται.

402 2870 473 2917 κ’.
515 2863 597 2916 Τὰ
630 2863 773 2916 κατά
817 2862 1041 2931 ἄγνοιαν
1100 2862 1527 2932 πιπρασκόμενα
1596 2862 1745 2931 παρὰ
1801 2862 1908 2915 τῶν

342 2954 691 3025 κληρονόμων
729 2953 1149 3026 ἀνατρέπονται.

2022 496 2377 562 contradicit,
2415 496 2639 565 ipsemet
2666 511 2784 551 eam
2807 498 3037 552 vendere
3071 499 3305 552 videtur.

2094 676 2178 731 lt.
2213 676 2313 744 Qui
2351 691 2563 732 servum
2608 680 2810 744 vendit,
2852 695 3011 750 quem
3068 682 3172 736 scit
3229 695 3349 737 esse
3400 683 3593 746 furem,

2020 778 2114 821 aut
2155 766 2439 833 furiosum,
2480 777 2573 821 aut
2608 767 3005 837 limpbatirnm,
3047 769 3113 822 de
3156 769 3257 823 hoc
3297 777 3594 841 emptorem

2021 860 2351 930 adloquitor.
2384 859 2594 928 Quippe
2620 860 2673 913 ni
2707 861 2808 913 hoc
2830 858 3039 923 fecerit,
3077 861 3190 930 ipse
3217 876 3434 916 servum
3462 861 3599 914 rcci-

2019 951 2149 1019 piet,
2164 965 2227 1005 ac
2244 950 2476 1020 pretium
2495 950 2713 1020 duplum
2734 951 2964 1021 emptori
2987 953 3247 1021 repetenti
3267 952 3456 1017 solvet,
3476 969 3493 1003 (
3510 967 3597 1005 um

2020 1056 2085 1097 eo
2119 1044 2335 1108 damno,
2366 1041 2411 1097 si
2448 1044 2591 1112 quod
2624 1041 2676 1096 in
2710 1044 2970 1112 emptoris
3007 1044 3168 1100 domo
3203 1045 3270 1099 ab
3290 1059 3356 1098 eo
3389 1042 3593 1101 factum

2018 1135 2205 1191 fuerit.

2054 1228 2179 1293 ,15.
2216 1227 2319 1293 Qui
2368 1242 2435 1280 ex
2474 1242 2540 1281 eo
2580 1236 2854 1293 tempore,
2906 1240 3014 1296 quo
3065 1226 3337 1295 publicum
3383 1228 3598 1299 aliquod

2020 1320 2252 1375 officium
2307 1319 2568 1373 traditum
2597 1318 2647 1373 ei
2683 1317 2865 1383 fuerit,
2926 1333 3039 1371 rem
3096 1318 3330 1386 aliquam
3385 1320 3468 1372 vel
3505 1333 3598 1387 per

2021 1411 2282 1479 seipsum,
2305 1410 2387 1465 vel
2413 1411 2785 1477 interpositam
2812 1423 3095 1478 personam
3120 1409 3335 1472 emerit,
3363 1423 3465 1462 non
3489 1422 3601 1461 mo-

2021 1501 2091 1554 do
2148 1501 2380 1570 pretium
2422 1501 2635 1569 perdit,
2686 1500 2784 1554 sed
2836 1500 3000 1555 etiam
3052 1499 3415 1569 quadruplum
3472 1500 3601 1553 fisco

2023 1580 2202 1647 solvit.

2099 1684 2181 1739 16.
2208 1683 2307 1750 Qui
2332 1682 2443 1736 vini
2468 1682 2759 1750 amphoras
2792 1681 2857 1734 ad
2889 1695 3200 1735 mensuram
3224 1681 3355 1736 emit
3380 1696 3599 1750 expres-
3644 1730 3657 1739 .

2019 1792 2095 1841 se,
2135 1779 2237 1832 nisi
2277 1790 2486 1830 moram
2523 1773 2787 1829 feceritin
2827 1774 3139 1842 accipienda
3169 1788 3446 1835 mensura,
3480 1773 3599 1825 uul-

2015 1874 2123 1929 lum
2170 1872 2309 1926 haud
2368 1870 2528 1926 dubie
2593 1870 2847 1923 damnum
2903 1865 3068 1931 facit,
3131 1866 3345 1922 etiamsi
3416 1868 3599 1922 vinum

2015 1966 2258 2037 perierit.

2088 2057 2173 2111 l7.
2226 2055 2283 2111 Si
2336 2068 2464 2108 vero
2521 2052 2833 2109 summatim
2881 2050 3065 2104 vinum
3117 2048 3314 2117 aliquis
3364 2050 3592 2101 emerit.

2015 2146 2145 2199 nihil
2183 2146 2246 2199 de
2276 2159 2529 2200 mensura
2564 2154 2776 2214 pactus,
2824 2141 3123 2211 periculum
3160 2139 3225 2192 ad
3271 2138 3444 2209 ipsum
3474 2153 3595 2207 pcr-

2018 2236 2173 2290 tinet.

2089 2324 2171 2378 18.
2195 2324 2392 2379 Eadem
2419 2322 2667 2379 obtinent
2690 2333 2744 2379 et
2770 2325 2822 2377 iu
2850 2322 2969 2377 oleo
2990 2334 3042 2377 et
3082 2322 3375 2385 frumento,
3396 2328 3447 2373 et
3475 2318 3595 2373 aliis

2015 2412 2241 2468 talibus:
2265 2414 2407 2487 quod
2430 2414 2662 2481 lucrum,
2690 2421 2744 2469 et
2762 2413 3021 2468 damnum
3040 2412 3141 2467 olei
3171 2410 3369 2467 venditi
3389 2417 3595 2479 spectet

2012 2514 2333 2573 emptorem.

2090 2596 2173 2650 t9.
2201 2594 2301 2661 Qui
2329 2594 2506 2649 sciens
2550 2593 2753 2662 aliquid
2790 2594 3040 2649 vitiosum
3076 2594 3279 2658 vendit,
3334 2607 3439 2647 non
3472 2600 3593 2646 tan-

2013 2684 2298 2755 tumlpretii
2326 2684 2563 2751 nomine,
2592 2684 2686 2740 sed
2717 2684 2882 2739 etiam
2908 2684 3071 2741 totius
3098 2684 3225 2739 hinc
3270 2682 3594 2752 emergentia

1936 2832 1943 2835 ,
2011 2775 2199 2829 damni
2236 2785 2478 2829 tenetur.

2081 2866 2171 2920 20.
2205 2864 2556 2921 Venditiones
2580 2864 2646 2919 ab
2673 2865 2981 2921 literedibus
2999 2878 3097 2935 per
3124 2864 3486 2936 ignorantiam
3518 2863 3593 2918 fa-

2013 2965 2115 3012 cta:
2148 2955 2566 3011 rescinduntur.

407 3053 511 3101 κι’.
556 3047 614 3100 '0
654 3046 866 3117 πράτης
916 3045 1192 3115 παραδοὺς
1217 3045 1277 3100 τδ
1307 3048 1559 3117 πρᾶγμα,
1586 3046 1646 3100 οὐ
1680 3045 1906 3101 δύναται

2080 3047 2169 3103 21.
2201 3045 2484 3110 Venditor,
2513 3059 2571 3101 re
2596 3043 2813 3110 tradita,
2863 3045 3227 3101 venditionem
3273 3043 3593 3101 rescindere

336 3135 436 3207 τὴν
472 3137 670 3207 πρᾶσιν
720 3136 1042 3206 ἀνατρέψαι,
1084 3136 1188 3189 κᾶν
1232 3137 1603 3208 μεταμεληθῇ.

406 3224 510 3294 κβ’.
552 3226 656 3278 Τὸν
694 3224 1045 3295 πεπραμένον
1098 3223 1266 3295 ἀγρὸν
1322 3226 1426 3277 ὑπὸ
1472 3226 1565 3279 τοῦ
1613 3226 1819 3299 πατρὸς
1846 3226 1908 3282 οὐ

338 3314 558 3369 δύναται
592 3315 825 3368 ἐκδικεῖν
863 3313 986 3367 οὗτε
1026 3316 1053 3369 ὁ
1084 3314 1221 3380 υἱὸς,
1253 3313 1375 3369 οὔτε
1410 3317 1437 3368 ὁ
1477 3316 1839 3388 κληρονόμος.

408 3412 515 3473 κγ’.
569 3406 629 3458 Ὀ
678 3405 1081 3476 παραγγελθεὶς
1144 3407 1296 3476 παρά
1354 3407 1449 3459 τοῦ
1501 3406 1761 3463 δεσπότου
1812 3407 1907 3462 τοῦ

338 3498 682 3568 πράγματος,
719 3497 791 3567 μὴ
821 3498 1089 3567 ἀγοράσαι
1114 3498 1267 3563 αὐτὸ,
1304 3500 1400 3552 καὶ
1441 3498 1739 3569 ἀγοράσας,
1776 3500 1906 3554 ἀνα-

336 3586 546 3642 δίδωσιν
576 3587 709 3640 αὐτὸ
752 3591 890 3656 μετὰ
918 3587 1025 3639 τῶν
1056 3587 1302 3655 καρπῶν.

394 3669 617 3731 κδ’.’⁹0
666 3677 860 3731 πωλῶν
899 3678 988 3731 τὸν
1042 3678 1312 3749 δεσπότην
1348 3681 1511 3735 αὐτοῦ
1546 3721 1560 3747 ,
1598 3681 1906 3752 κεφαλικῶς

336 3771 680 3838 τιμωρεῖται.

412 3865 510 3910 κε’.
556 3858 617 3910 ’0
642 3857 837 3911 πωλῶν
864 3858 959 3911 καὶ
992 3860 1250 3928 χαρίζων,
1279 3860 1388 3913 τῶν
1420 3862 1563 3914 ἰδίων
1588 3862 1905 3930 ἀφίσταται.

410 3946 526 4011 κς’.
571 3948 631 4001 Ὀ
663 3947 957 4017 ἐπίτροπος
991 3949 1051 4001 οὐ
1082 3949 1306 4004 δύναται
1345 3951 1637 4021 ὀρφανικὸν
1674 3953 1906 4020 πρᾶγμα

336 4033 628 4101 ἀγοράσαιο
670 4035 730 4086 τὸ
772 4035 901 4087 αὐτὸ
946 4036 1038 4088 καὶ
1075 4035 1167 4089 ἐπὶ
1206 4036 1316 4090 τῶν
1358 4039 1581 4107 ὁμοίων,
1630 4038 1907 4109 κουράτω-

341 4140 432 4193 ρος
459 4126 555 4177 καὶ
586 4141 791 4193 προκου
802 4126 1063 4195 ράτωρος.

406 4215 508 4277 κζ’.
568 4215 625 4267 '0
663 4216 802 4267 κατά
835 4216 1033 4284 νόμους
1102 4216 1419 4282 πεκούλιον,
1452 4218 1483 4286 ἢ
1516 4216 1681 4271 ίδικδν
1724 4218 1907 4289 κτῆμα

337 4302 478 4371 ἔχειν
511 4306 1007 4375 παραχωρούμενος
1056 4308 1397 4376 ὑπεξούσιος,
1428 4309 1607 4372 καλῶς
1646 4310 1907 4381 ἀγοράζει

338 4395 487 4465 παρὰ
521 4396 611 4449 τοῦ
654 4396 783 4450 ἰδίου
823 4398 1047 4467 πατρός.

901 4572 1151 4629 ΤΙΤΛΟΣ
1192 4574 1321 4629 κη’.

407 4661 542 4728 Περὶ
574 4661 837 4727 δανείου,
870 4664 968 4717 καί
1008 4666 1330 4732 ἐνεχύρων,
1364 4667 1464 4719 καὶ
1492 4670 1825 4736 κοινωνίας.

404 4759 473 4811 α’.
516 4753 639 4806 Ἐάν
686 4771 769 4817 τις
820 4756 1109 4825 ἐγγράφως
1162 4758 1193 4827 ἦ
1244 4757 1507 4829 ἀγράφως
1530 4759 1823 4829 λογάριον,
1867 4763 1898 4830 ἢ

334 4842 627 4914 ἀργύριον,
664 4846 697 4916 ἢ
743 4847 928 4916 ἕτερόν
975 4865 1026 4899 τι
1076 4846 1214 4911 εἶδος
1264 4852 1321 4903 ἐν
1355 4850 1599 4924 Θαλάσσῃ
1642 4854 1897 4924 δανείση-

333 4951 441 5000 ται,
497 4936 636 4989 κατά
684 4938 744 4990 τὸ
812 4940 1071 5009 στίχημα,
1112 4942 1206 4995 καὶ
1260 4942 1358 5010 τὴν
1399 4944 1602 5012 μεταξὺ
1656 4944 1901 5015 ἀλλήλων

337 5026 694 5097 προθεσμίαν,
734 5031 1167 5102 ἀπολαμϐανέτω
1192 5033 1220 5085 ὁ
1245 5032 1525 5103 δανειστὴς
1562 5035 1629 5087 τὰ
1660 5036 1787 5100 ἴδια,
1825 5038 1898 5107 μὴ

332 5120 544 5187 ἔχοντος
593 5123 777 5177 ἄδειαν
809 5124 902 5177 τοῦ
951 5125 1338 5196 δανεισαμένου
1383 5126 1640 5197 ὲχθρικὴν
1678 5130 1896 5200 ἐπιδρο-

336 5214 463 5282 μὴν,
504 5215 762 5281 ναυάγιον
793 5216 1085 5286 θαλάσσης,
1124 5217 1155 5288 ἢ
1186 5219 1378 5289 ἑτέραν
1412 5221 1533 5273 τινὰ
1578 5221 1833 5292 ἀφορμὴν
1862 5224 1894 5294 ἢ

330 5304 551 5373 ἀγωγὴν
584 5306 930 5374 προτίθεσθαι
960 5309 1040 5379 τῷ
1073 5310 1400 5365 δανείσαντι.

401 5476 466 5545 β’.
525 5478 649 5533 Ἐὰν
696 5482 724 5533 ὁ
789 5481 1174 5550 δανεισάμενος
1210 5484 1442 5555 ἐνέχυρα
1496 5488 1761 5558 τέθηκεν,
1802 5489 1897 5541 καὶ¹

332 5567 491 5632 αὐτὸς
523 5570 663 5639 μετά
690 5572 791 5641 τὴν
822 5572 915 5623 τοῦ
951 5572 1145 5641 χρέους
1182 5574 1571 5646 ἀποπλήρωσιν
1595 5579 1895 5643 ἀνελλιπῶς

331 5661 762 5733 ἀπολαμϐανέτω
798 5663 865 5715 τὰ
905 5664 1011 5716 ίδια
1040 5704 1053 5727 ,
1093 5665 1167 5735 μὴ
1219 5666 1517 5738 δυναμένου
1574 5672 1670 5726 τοῦ
1725 5671 1896 5726 ταῦτα

651 5756 919 5822 Pauor.
966 5756 1081 5820 Gn.
1132 5758 1347 5825 CXIII.

2015 3138 2223 3210 nequit,
2248 3138 2458 3194 etiamsi
2499 3135 2652 3194 facta:
2673 3135 3005 3207 pmnituerit.

2084 3232 2177 3287 2‘2.
2220 3230 2465 3287 Fundum
2495 3246 2522 3283 a
2548 3238 2701 3300 patre
2733 3228 3006 3284 venditum
3037 3242 3135 3283 nec
3169 3227 3330 3294 ﬁlius,
3362 3242 3468 3283 nec
3485 3226 3592 3282 haec

2014 3335 2103 3376 res
2128 3319 2382 3376 evincere
2412 3327 2609 3388 potest.

2082 3410 2171 3465 εδ.
2196 3409 2296 3464 Cui
2316 3408 2621 3463 nuntiatum
2640 3416 2720 3463 eSt
2737 3422 2769 3461 α
2795 3406 2869 3461 rei
2898 3404 3138 3471 domino,
3162 3417 3230 3461 ne
3256 3403 3402 3459 illam
3423 3412 3590 3471 emat,

2011 3503 2055 3557 si
2088 3502 2304 3567 emerit,
2343 3516 2466 3556 cum
2499 3499 2770 3556 fructibus
2793 3513 2912 3555 eam
2944 3497 3207 3553 restituit.

2080 3692 2171 3747 24.
2200 3693 2301 3759 Qui
2332 3671 2609 3748 dominum
2637 3706 2797 3748 suum
2844 3692 3049 3759 vendit,
3085 3691 3353 3762 supplicio
3397 3691 3589 3761 capitis

2052 3783 2256 3836 unitur.

2052 3797 2256 3836 umtur.

2013 3797 2045 3851 ρ
2080 3864 2170 3918 25.
2206 3862 2306 3929 Qui
2330 3864 2511 3917 vendit
2528 3878 2590 3916 ac
2614 3864 2799 3925 donat,
2825 3864 2986 3917 rebus
3009 3862 3121 3916 suis
3144 3863 3305 3915 cedit.

2081 3953 2171 4007 26.
2226 3952 2395 4004 Tutor
2428 3965 2541 4004 rem
2595 3950 2915 4019 pupillarem
2969 3950 3151 4018 nequit
3182 3962 3388 4002 emere.
3441 3946 3586 4003 ldcm

2012 4041 2219 4095 obtinet
2248 4039 2487 4095 etiamin
2511 4036 2799 4105 similibus,
2832 4047 2889 4091 ut
2912 4036 2966 4091 in
2998 4047 3251 4092 curatore
3300 4051 3365 4092 ae
3388 4052 3585 4107 procu-

2016 4148 2073 4187 ra
2082 4142 2217 4188 tore.

2084 4222 2282 4289 27.Qui
2311 4230 2395 4277 est
2426 4223 2478 4276 in
2500 4220 2725 4275 alterius
2746 4228 3037 4288 potestate,
3058 4220 3101 4275 si
3122 4208 3419 4275 secundum
3438 4221 3583 4289 leges

2013 4314 2061 4368 ei
2087 4314 2380 4384 peculium,
2414 4313 2497 4367 vel
2530 4312 2922 4380 possessionem
2954 4312 3189 4382 aliquam
3226 4326 3378 4366 suam
3412 4311 3581 4366 habe-

1938 4405 2065 4461 Dre
2132 4406 2497 4473 permittatur,
2538 4412 2684 4459 recte
2738 4402 2942 4473 aliquid
2984 4404 3145 4459 etiam
3200 4417 3229 4458 a
3272 4410 3427 4473 patre
3482 4420 3581 4460 suo

2005 4499 2157 4554 emit.

2537 4584 2833 4641 TITULUS
2888 4585 3050 4641 XXII.

2219 4680 2518 4745 Dcnttttuo,
2571 4689 2618 4734 et
2670 4678 2993 4748 pigneribus,
3021 4687 3068 4731 et
3097 4679 3364 4733 societate.

2082 4769 2133 4821 1.
2162 4769 2217 4823 Si
2235 4770 2358 4839 quis
2381 4770 2772 4824 interveniente
2796 4770 3064 4838 scriptura
3090 4769 3173 4824 vcl
3201 4771 3407 4840 absque
3437 4770 3562 4825 scri-

2004 4869 2157 4928 ptura
2187 4862 2490 4929 pecuniam,
2527 4859 2609 4915 vel
2639 4866 2939 4925 argentum,
2978 4859 3059 4914 vel
3094 4860 3251 4913 aliam
3282 4860 3570 4928 quamdam

2003 4951 2237 5015 speciem
2270 4942 2603 5017 profectione
2634 4948 2929 5017 trajecticia
2968 4957 3241 5003 mutuatus
3269 4948 3451 5014 fuerit,
3482 4964 3571 5004 se-

2003 5039 2237 5094 cundum
2289 5041 2460 5107 ipsmn
2514 5050 2722 5108 paetum
2769 5052 2825 5097 et
2850 5043 3265 5098 conventionem
3305 5050 3565 5105 mutuam,

2001 5126 2094 5183 sua
2155 5130 2390 5184 creditor
2451 5132 2679 5200 accipiat
2711 5150 2726 5199 ;
2761 5150 2866 5189 non
2920 5134 3149 5189 habente
3178 5131 3449 5187 licentiam
3481 5147 3566 5197 eo,

2001 5221 2093 5289 qui
2135 5230 2319 5273 mutuo
2377 5222 2629 5291 sumpsit,
2658 5230 2713 5274 ut
2744 5222 3017 5277 incursum
3049 5222 3319 5287 hostilem,
3347 5221 3569 5275 naufra-

2001 5306 2147 5375 gium
2202 5308 2554 5375 maritimum,
2599 5311 2683 5365 vel
2748 5312 2909 5366 aliam
2961 5327 3179 5367 causam
3233 5312 3574 5367 actionemve

2002 5400 2312 5467 quampiam
2345 5401 2602 5457 creditori
2640 5416 2897 5474 Opponat.

2070 5490 2121 5544 2.
2158 5489 2213 5545 Si
2234 5493 2451 5561 pignera
2482 5494 2627 5549 dedit
2653 5495 2719 5559 is,
2749 5498 2839 5565 qui
2870 5505 3053 5552 mutuo
3074 5500 3239 5567 cepit,
3265 5499 3427 5553 etiam
3456 5500 3572 5570 ipso

2000 5596 2116 5653 post
2150 5587 2408 5656 integram
2440 5588 2603 5641 debiti
2652 5588 2969 5643 solutionem
3004 5591 3207 5660 absque
3231 5590 3444 5650 defectu
3472 5607 3567 5649 sua

2003 5676 2219 5750 recipiat
2254 5688 2345 5734 :ct
2368 5679 2441 5735 ita
2483 5679 2723 5755 quidem,
2770 5688 2827 5736 ut
2853 5680 2919 5749 is,
2947 5683 3033 5751 qui
3070 5696 3130 5737 ea
3162 5685 3354 5752 tenuit,
3387 5683 3568 5747 dicere

3178 5777 3243 5843 17
