4084 6208
476 283 585 345 523

1495 273 2001 334 CONSTANTINI
2042 266 2730 333 PORPHYROGENITI

3622 268 3728 332 sat
3764 230 3777 237 ’

462 400 717 462 nequeat,
740 393 806 445 ab
842 405 900 447 se
930 390 1016 444 illa
1046 388 1276 457 perdita,
1309 384 1391 439 vel
1422 385 1583 439 aliam
1641 400 1859 440 causam
1919 400 2043 454 pro-

2154 382 2547 451 κατεσχηκότος
2575 380 2777 449 λέγειν,
2802 379 2835 451 ἦ
2858 379 2940 433 ὅτι
2970 378 3230 435 ἀπώλεσα
3275 379 3433 447 αὐτὰ,
3464 380 3496 450 ἢ
3536 381 3731 450 ἑτέραν

418 522 429 538 ι
461 483 610 537 ferre
644 500 658 535 :
692 482 793 535 nisi
828 480 963 534 forte
988 478 1278 548 probatum
1307 476 1377 533 ab
1409 492 1476 532 eo
1501 476 1693 542 fuerit,
1727 486 1784 531 ut
1815 476 1928 531 ﬁeri
1961 491 2051 530 so-

413 558 419 567 ’
468 570 565 634 let,
584 584 765 623 casum
794 570 1077 620 adversum
1106 564 1488 629 intervenisse,
1515 579 1750 634 cumque
1775 565 1891 620 suis
1914 564 2051 618 alie-

463 675 529 713 na
584 672 796 727 quoque
855 654 1104 724 periisse,
1167 654 1232 710 de
1291 669 1399 723 qno
1456 654 1714 725 deinceps
1766 668 2050 707 causarum

470 750 777 818 cognitores
813 747 865 801 id
885 746 1210 812 observent,
1241 747 1383 816 quod
1414 746 1692 801 observari
1734 755 1969 815 oportet.

424 852 427 853 '
537 839 591 892 3.
624 836 679 891 Si
716 839 837 906 quis
877 846 1121 892 mutuum
1175 836 1335 890 alicui
1383 834 1614 901 dederit,
1647 850 1711 891 ac
1754 834 2051 891 secundum

432 930 859 987 ‘confessionem
916 945 1069 985 suam
1098 927 1314 983 debitor
1361 927 1429 982 ad
1464 928 1605 982 diem
1639 935 1897 983 statutum
1943 940 2050 981 non

464 1022 819 1089 satisfecerit,
880 1024 1128 1078 hortetur
1173 1023 1316 1078 hunc
1361 1036 1427 1077 ex
1468 1021 1742 1093 praeterito
1792 1018 2049 1084 creditor,

461 1131 526 1170 ac
553 1116 595 1171 si
619 1123 742 1185 post
767 1116 900 1169 duas
932 1123 987 1170 et
1019 1120 1131 1169 tres
1148 1114 1561 1170 exhortationes
1578 1122 1635 1169 et
1663 1111 2050 1169 adtestationes

460 1205 676 1259 debitor
707 1217 1021 1273 comparere
1043 1202 1298 1271 noluerit,
1328 1213 1421 1259 aut
1462 1202 1787 1259 solutionem
1817 1200 1999 1254 facere
2034 1215 2048 1264 ;

457 1302 789 1365 potestatem
837 1295 1104 1350 habeatis
1155 1295 1247 1363 qui
1292 1293 1514 1365 pignera
1549 1301 1718 1355 tenet,
1754 1300 1813 1346 ut
1835 1290 1934 1345 sub
1959 1304 2051 1344 ac-

465 1396 652 1440 curata
685 1385 1044 1441 :cstimatione
1076 1384 1285 1455 publica
1334 1399 1432 1454 per
1474 1383 1771 1439 tabularios
1822 1390 1917 1435 aut
1951 1380 2052 1434 de-

465 1476 741 1531 fensorem
776 1476 830 1531 in
865 1475 1084 1545 scriptis
1125 1475 1463 1545 subsignata,
1490 1474 1712 1543 pignera
1758 1472 2051 1538 distrahat,

469 1566 648 1636 deque
673 1567 868 1636 pretio,
900 1581 1020 1635 qua:
1041 1565 1143 1620 sibi
1166 1566 1452 1630 debentur,
1485 1564 1758 1627 retineat;
1784 1559 2051 1631 reliquum

465 1656 699 1713 debitori
727 1656 1004 1710 restituat.

535 1844 591 1899 4.
624 1843 718 1898 Sin
746 1843 889 1913 justa
924 1842 1208 1913 pignorum
1245 1840 1529 1895 distractio
1555 1842 1623 1895 ad
1652 1841 1916 1909 integram
1959 1842 2048 1898 de-

468 1937 567 1990 biti
624 1935 951 1989 solutionem
986 1951 1091 1990 non
1123 1933 1376 1997 sufﬁciet,
1408 1948 1437 1987 a
1489 1932 1735 1987 debitore
1786 1933 2049 2002 reliquum

458 2026 664 2095 exigat.
1571 2034 1582 2043 '

541 2116 598 2172 5.
633 2114 927 2180 Creditor,
978 2128 1100 2170 cum
1149 2113 1421 2182 acceperit
1476 2114 1719 2187 pignera,
1763 2114 1808 2170 si
1854 2113 2053 2169 liberos

466 2210 629 2264 etiam
677 2208 983 2262 debitorum
1041 2205 1349 2273 abstulerit,
1385 2216 1439 2261 et
1480 2208 1546 2261 ad
1589 2208 1813 2264 serviles
1860 2221 2055 2278 operas

468 2300 769 2356 elocavcrit
797 2316 813 2366 ;
845 2300 1023 2355 debito
1048 2298 1227 2365 cadat,
1260 2314 1323 2353 ac
1340 2298 1581 2364 detento,
1611 2300 1694 2354 vel
1721 2299 1836 2369 ejus
1860 2314 2055 2371 paren-

469 2393 637 2457 tibus,
672 2391 897 2446 altcram
930 2397 1135 2445 tantam
1177 2406 1445 2446 summam
1475 2392 1673 2447 solvat.

539 2552 596 2606 6.
614 2552 722 2607 Res
749 2551 867 2606 loco
896 2551 1177 2622 pignerum
1204 2551 1469 2621 obligatas
1491 2551 1847 2621 personaliter
1878 2554 2054 2623 requi-

471 2656 599 2698 rnnt
628 2642 925 2698 debitores.

540 2733 597 2785 7.
629 2732 862 2786 Fructus
896 2729 1049 2785 fundi
1096 2738 1476 2799 computantur
1544 2732 1600 2786 in
1652 2732 1911 2799 debitum,
1950 2749 2052 2789 non

471 2830 677 2877 tantum
698 2836 833 2890 quos
865 2821 1101 2877 creditor
1123 2820 1330 2891 accepit
1359 2836 1374 2887 ;
1403 2835 1591 2877 verum
1604 2823 1765 2879 etiam
1800 2839 1935 2894 quos
1961 2841 2055 2880 ac-

469 2909 654 2980 cipere
686 2910 882 2981 potuit.

543 3003 597 3056 8.
629 3001 785 3068 Quod
834 3003 880 3058 si
935 3002 1100 3057 fundo
1150 3017 1367 3074 quoque
1403 3004 1660 3060 damnum
1690 3005 1857 3072 dedit,
1890 3006 2053 3063 etiam

474 3095 578 3149 hoc
606 3096 825 3149 nomine
861 3096 1205 3150 convenitur.

544 3185 600 3240 9.
629 3186 837 3256 Quippe
866 3186 1125 3243 creditori
1151 3201 1254 3241 non
1278 3186 1404 3243 licet
1425 3188 1634 3257 absque
1661 3197 1840 3258 pacto,
1867 3197 1923 3244 et
1940 3190 2053 3258 jus-

472 3291 538 3330 su
571 3276 823 3345 praetorio
844 3288 951 3341 res,
976 3290 1112 3346 quas
1138 3277 1382 3349 pigneris
1408 3292 1572 3336 causa
1602 3280 1826 3349 detinet,
1858 3280 2054 3337 distra-

469 3368 623 3424 here.

543 3458 637 3514 10.
657 3455 761 3523 Qui
788 3471 965 3511 usura:
983 3471 1143 3512 causa
1172 3456 1396 3512 fundum
1416 3468 1759 3527 acceperunt,
1790 3459 1857 3515 ad
1884 3475 2054 3516 annos

472 3563 538 3601 eo
558 3556 764 3614 septem
798 3556 1042 3607 utuntor,
1072 3546 1341 3602 fruuntor.
1372 3547 1497 3603 Post
1529 3552 1870 3619 septennium
1904 3567 2052 3618 vero,

470 3644 526 3690 et
555 3636 813 3702 ulterius,
864 3636 1145 3691 dimidiam
1190 3648 1396 3707 partem
1430 3639 1569 3711 ejus,
1606 3640 1750 3711 quod
1803 3639 2051 3709 efferunt,

472 3726 525 3776 in
554 3724 701 3792 ipsas
727 3733 905 3780 sortes
929 3725 1293 3793 paciscuntor.

549 3814 640 3869 11.
672 3814 732 3869 Si
759 3826 1009 3870 mutuum
1034 3817 1155 3886 quis
1186 3819 1497 3887 sumpserit,
1523 3829 1577 3876 et
1603 3821 1695 3876 aeri
1739 3822 1918 3879 alieno
1948 3825 2055 3879 sol-

471 3906 649 3963 vendo
679 3922 784 3962 non
815 3907 933 3977 sit;
964 3923 1101 3963 uxor
1120 3908 1237 3976 ejus
1258 3908 1400 3964 haud
1430 3920 1659 3977 tenetor,
1693 3923 1750 3969 ut
1776 3931 1837 3970 ea
1865 3918 1931 3971 de
1958 3917 2055 3973 do-

472 4007 525 4050 te
549 4010 647 4051 sua
678 3996 937 4051 creditori
967 4008 1222 4066 praestet;
1263 3998 1365 4054 nisi
1394 3999 1532 4056 forte
1562 4001 1723 4078 fuerit
1753 4005 2051 4070 inventum,

470 4099 591 4140 eam
633 4087 685 4141 in
737 4087 872 4143 illud
927 4089 1166 4144 debitum
1207 4105 1329 4146 cum
1375 4092 1489 4147 viro
1535 4107 1634 4148 suo
1690 4098 2053 4163 promittendo

471 4178 836 4234 consensisse.
1820 4229 1831 4242 ο

538 4264 632 4319 τε.
702 4266 933 4321 Fructus
992 4281 1059 4320 ex
1116 4267 1336 4337 pignere
1379 4271 1617 4339 percepti
1672 4284 2054 4342 computantur

2154 470 2277 524 τινὰ
2314 470 2650 542 προσφέρειν
2702 471 2998 540 πρόφασινο
3033 472 3082 524 εἰ
3141 472 3215 542 μή
3273 488 3390 535 πως
3440 471 3731 543 ἀποδειχοῇ

2158 560 2330 630 αὐτῷ,
2368 561 2444 625 ὡς
2476 561 2643 624 εἰκὸς,
2705 559 2954 613 ἐπελθεῖν
3013 560 3320 632 συμφορὰν,
3377 560 3470 613 καὶ
3510 560 3607 613 σὺν
3656 560 3734 630 τῷ

2157 650 2273 720 ἰδίῳ
2305 649 2670 719 ἀπολεσθῆναι
2709 648 2805 703 καὶ
2845 648 2911 701 τὰ
2946 649 3203 719 ἀλλότρια
3227 664 3243 679 ο
3283 647 3380 701 καὶ
3434 646 3611 711 καθὼς
3651 648 3733 702 δεῖ

2154 740 2342 795 λοιπὸν
2371 742 2502 813 περὶ
2528 739 2719 793 τούτου
2746 739 3088 811 τηρείτωσαν
3116 742 3165 793 οἰ
3197 738 3486 810 ἀκροαταί.

2224 828 2297 899 γ’.
2352 832 2478 886 Ἐάν
2508 848 2589 894 τις
2618 831 2839 905 δανείσῃ
2877 832 3004 897 τινὶ,
3064 833 3159 886 καὶ
3213 832 3355 887 κατά
3387 832 3487 903 τὴν
3526 831 3737 886 οἰκείαν

2153 922 2484 994 ὁμολόγησιν
2516 924 2580 976 ἐκ
2598 923 2938 995 προθεσμίας
2965 924 2994 975 ὀ
3031 922 3314 994 χρεώστης
3339 923 3413 993 μὴ
3448 922 3739 994 ἐκπληρώ-

2158 1033 2248 1088 σῃ,
2278 1015 2673 1089 προτρεπέσθω
2710 1014 2897 1068 τοῦτον
2924 1018 2989 1069 ἐκ
3013 1014 3338 1085 διαϐασίμου
3364 1016 3391 1067 ὁ
3429 1015 3737 1085 χρεωστούη

2159 1125 2339 1179 μενος·
2366 1108 2463 1162 καὶ
2494 1108 2588 1162 ὲάν
2615 1106 2756 1178 μετά
2802 1108 2896 1161 δύο
2936 1108 3031 1162 καὶ
3094 1108 3243 1179 τρεῖς
3290 1105 3608 1177 προτροπὰς
3639 1107 3732 1160 καὶ

2154 1200 2551 1271 διαμαρτυρίας
2611 1198 2687 1269 μὴ
2736 1197 2938 1270 θελήσῃ
2996 1200 3024 1251 ό
3067 1197 3361 1270 χρεωστῶν
3428 1216 3731 1270 παρουσιαο

2161 1291 2439 1361 summa
2482 1288 2544 1343 τδ
2578 1289 2848 1360 ἀπόχρεον
2903 1289 3145 1359 ποιῆσαι,
3183 1289 3469 1345 αὐθεντίαν
3502 1292 3673 1361 ἐχέτω
3698 1294 3734 1343 ὁ

2153 1382 2222 1436 τά
2251 1382 2485 1453 ἐνέχυρα
2514 1380 2782 1451 κατέχων,
2817 1378 2922 1433 ὑπὸ
2970 1379 3171 1450 ἀκριϐῆ
3212 1379 3477 1450 δημοσίαν
3502 1381 3733 1451 ὲκτίμη-

2155 1488 2262 1536 σιν,
2294 1472 2586 1543 ἐγγράφως
2613 1468 3107 1543 διάηταϐουλαρίων
3136 1470 3169 1541 ἢ
3209 1469 3304 1524 καὶ
3348 1470 3565 1523 ἐκδίκου
3600 1472 3733 1523 ὐπο-

2147 1564 2563 1634 -σημειωμένην,
2598 1562 2773 1617 ταῦτα
2801 1560 3246 1629 διαπιπράσκειν,
3279 1563 3383 1629 ,καὶ
3416 1563 3499 1615 ἐκ-
3518 1562 3625 1614 τῶν
3650 1580 3730 1614 τι-

2157 1652 2427 1723 μημάτων
2454 1651 2529 1704 τὰ
2573 1649 2992 1722 χρεωστούμενα
3030 1648 3179 1720 αὑτῷ
3207 1653 3604 1720 παρακρατεῖν,
3637 1651 3729 1703 καὶ

2073 1733 2118 1790 Β
2146 1743 2208 1798 τὸ
2242 1743 2565 1814 περιττεῦον
2593 1741 2966 1813 ἀποκαθιστᾷν
2999 1740 3079 1812 τῷ
3104 1742 3497 1812 χρεωστοῦντι.

2220 1832 2284 1892 δ’.
2311 1835 2374 1888 Εἰ
2420 1833 2476 1887 δὲ
2532 1834 2640 1887 τῶν
2688 1833 2961 1904 ἐνεχύρων
2989 1832 3172 1886 δικαία
3208 1835 3408 1903 πρᾶσις
3457 1834 3519 1886 ού
3568 1833 3728 1886 σώσει

2149 1942 2249 1995 την
2295 1925 2484 1995 ἐντελῆ
2541 1924 2636 1978 τοῦ
2698 1926 2891 1995 χρέους
2939 1924 3234 1992 ἀπὸδωσιν,
3287 1925 3587 1979 ἀπαιτείτω
3634 1925 3728 1978 τὸν

2152 2017 2435 2090 χρεώστην
2465 2017 2528 2071 τὸ
2556 2015 2968 2089 λειπαζόμενον.

2226 2114 2287 2165 ε’.
2332 2110 2391 2163 Ὅ
2426 2109 2732 2179 δανειστὴς.
2766 2108 2861 2163 ἐὰν
2892 2106 3126 2179 ἐνέχυρα
3153 2108 3315 2180 λάϐη,
3345 2108 3393 2162 εἰ
3420 2107 3513 2161 καὶ
3548 2108 3731 2181 ἐπάρῃ

2153 2197 2225 2254 τὰ
2254 2199 2422 2255 τέκνα
2450 2200 2559 2255 τῶν
2592 2200 2736 2253 ἰδίων
2764 2199 3198 2271 χρεωφειλετῶν,
3237 2200 3330 2252 καὶ
3366 2200 3446 2262 εἰς
3478 2199 3730 2270 δουλικὴν

2157 2291 2458 2363 ὑπηρεσίαν
2517 2289 2692 2345 ταῦτα
2770 2291 3109 2361 μισθώσηται
3153 2329 3169 2355 ,
3241 2290 3552 2344 ἐκπιπτέτω
3632 2290 3728 2345 τοῦ

2155 2382 2371 2453 χρέους,
2406 2382 2500 2455 καί
2548 2382 2714 2452 ἀλλην
2760 2380 3032 2451 τοσαύτην
3077 2381 3349 2451 ποσότητα
3395 2382 3474 2451 τῷ
3519 2398 3726 2452 κρατη-

2163 2473 2330 2537 θέντι,
2379 2475 2427 2526 εἰ
2472 2473 2566 2527 καὶ
2594 2476 2705 2539 τοῖς
2737 2474 2929 2526 τούτου
2961 2473 3179 2541 γονεῦσι
3218 2472 3620 2531 καταϐαλλέτω.

2233 2561 2308 2629 ς’.
2342 2564 2423 2618 Τά
2451 2564 2779 2618 ὑποτεθέντα
2809 2564 3111 2635 πράγματα
3138 2565 3217 2629 εἰς
3250 2564 3481 2637 ἐνέχυρα
3503 2563 3729 2636 ζητοῦσι

2159 2656 2526 2722 προσωπικῶς
2551 2657 2599 2708 οἱ
2625 2655 2923 2726 χρεῶσται.

2227 2746 2290 2811 ζ’.
2328 2748 2390 2802 υἱ
2427 2748 2629 2817 καρποὶ
2655 2746 2751 2799 τοῦ
2791 2746 2961 2817 ἀγροῦ
2984 2746 3309 2817 ψηφίζονται
3342 2749 3424 2811 εἰς
3456 2749 3515 2801 τὸ
3544 2748 3725 2819 χρέος,

2157 2838 2217 2890 ού
2249 2838 2408 2907 μόνον
2437 2836 2530 2900 οὓς
2559 2836 2753 2891 ἐλαϐεν
2778 2838 2807 2891 ό
2830 2837 3136 2908 δανειστὴς,
3168 2838 3304 2892 ἀλλά
3346 2838 3441 2892 καὶ
3469 2838 3560 2902 οὓς
3600 2836 3727 2908 ἡδύ-

2159 2944 2285 2979 νατο
2317 2926 2525 2981 λαϐεῖν.
3360 2936 3379 2942 ’

2227 3023 2297 3088 η’.
2329 3017 2390 3072 Εἰ
2416 3018 2472 3075 δὲ
2500 3017 2594 3072 καὶ
2626 3018 2825 3090 ἔϐλαψε
2855 3018 2945 3074 τὸν
2978 3019 3166 3091 ἀγρὸν,
3196 3020 3451 3090 ἐνάγεται
3475 3022 3569 3078 καὶ
3598 3022 3723 3092 περὶ

2156 3105 2368 3160 τούτου.

2228 3196 2291 3252 θ’.
2323 3198 2457 3253 Οὐδὲ
2479 3200 2586 3269 γὰρ
2622 3200 2799 3266 ἔξεστι
2840 3200 2917 3271 τῷ
2955 3200 3206 3273 δανειστῇ
3233 3204 3404 3275 χωρὶς
3434 3221 3725 3277 συμφωνου

2155 3289 2249 3341 καὶ
2303 3290 2536 3360 ἀρχικῆς
2591 3290 2895 3357 κελεύσεως
2926 3296 3261 3364 πιπράσκειν
3291 3296 3362 3349 τὰ
3413 3296 3492 3359 εἰς
3543 3298 3726 3353 αἰτίαν

2154 3380 2412 3452 ἐνεχύρου
2458 3383 2799 3453 κατεχόμενα
2838 3386 3161 3455 πράγματα.
3588 3396 3597 3399 “

2228 3469 2281 3524 ι’.
2319 3472 2382 3523 Ol
2437 3472 2597 3525 τόκου
2643 3474 2803 3542 χάριν
2841 3474 3099 3537 λαϐόντες
3141 3476 3329 3546 ἀγρὸν,
3378 3478 3541 3549 μέχρι
3587 3479 3727 3532 ἑπτα

2155 3558 2362 3629 χρόνων
2381 3559 2798 3630 καρπιζέτωσαν
2832 3562 2995 3615 αὐτόν
3032 3579 3047 3593 ⁸
3083 3563 3193 3616 ἀπὸ
3229 3566 3326 3633 τῆς
3380 3568 3725 3632 ἐπταετείας,

2156 3650 2251 3704 καὶ
2302 3650 2433 3713 ἀνω,
2480 3651 2579 3721 τὴν
2627 3653 2887 3723 ἡμίσειαν
2934 3655 3174 3727 ἐκφορὰν
3203 3660 3617 3728 στιχησάτωσαν
3648 3662 3726 3722 εἰς

2155 3741 2446 3809 κεφάλαια.

2230 3828 2320 3888 ια’.
2358 3832 2481 3886 Ἐάν
2507 3851 2589 3897 τις
2633 3834 2969 3906 δανείσηται,
3009 3842 3107 3895 καὶ
3166 3841 3240 3913 μὴ
3271 3842 3476 3914 εὐπορῇ
3509 3844 3607 3911 τὴν
3630 3842 3724 3895 τοῦ

2154 3922 2349 3992 χρέους
2374 3925 2700 3995 ποιήσασθαι
2722 3928 2996 3995 ἀπόδοσιν,
3022 3932 3352 4003 ἀνέγκλητος
3375 3934 3515 3986 ἔστω
3539 3935 3572 4003 ἡ
3591 3936 3726 4003 γυνὴ

2154 4013 2342 4078 αὑτοῦ,
2362 4015 2457 4068 τοῦ
2487 4016 2661 4071 ταῦτα
2694 4020 2759 4071 ἐκ
2791 4020 2891 4089 τῆς
2935 4022 3161 4091 προικὸς
3205 4023 3375 4094 αὐτῆς
3426 4026 3727 4094 παρασχεῖν

2152 4103 2232 4172 τῷ
2280 4104 2631 4159 δανείσαντι·
2667 4108 2716 4160 εἰ
2770 4110 2966 4178 μήπως
3017 4110 3214 4182 εὑρέθη
3252 4112 3311 4164 ἐν
3366 4112 3444 4182 τῷ
3502 4113 3727 4182 τοιούτῳ

2154 4193 2304 4265 χρέει
2335 4196 2817 4267 συνομολογησασα
2842 4199 2918 4270 τῷ
2942 4201 3095 4270 ἀνδρί
3119 4202 3311 4272 αὐτῆς.

2229 4282 2317 4354 ιβ’.
2349 4287 2413 4337 Οἰ
2441 4286 2505 4337 ἐκ
2550 4284 2647 4338 τοῦ
2699 4286 2958 4357 ἑνεχύρου
2994 4289 3292 4359 ληφθέντες
3324 4289 3530 4360 καρποὶ
3555 4288 3725 4360 ψηφί-

471 4355 525 4408 ὶιι
556 4355 820 4418 debttum,
851 4370 917 4411 ac
941 4355 1209 4425 siquidem
1244 4358 1509 4428 integrum
1541 4360 1783 4416 debitum
1811 4374 2045 4434 aztjuant,

2155 4372 2336 4437 ζονται
2369 4377 2450 4441 εἰς
2477 4377 2538 4429 τὸ
2560 4376 2740 4448 χρέος,
2776 4355 2876 4433 καὶ*
2935 4380 3031 4433 ἐὰν
3048 4355 3237 4436 ⁷ἱκανοὶ.
3283 4355 3548 4450 γένωνται
3569 4355 3728 4451 ’τέρδς

472 4455 581 4542 tam
634 4445 891 4516 obligatio
928 4447 1176 4514 solvitur,
1222 4463 1385 4517 quam
1440 4451 1634 4521 pignus
1657 4453 1922 4511 redditur.
1953 4455 2051 4512 Sin

2156 4466 2219 4519 τὸ
2268 4466 2389 4520 ὅλον
2438 4445 2620 4537 χρέος,
2645 4468 2887 4542 λύεταιὴ
2921 4471 3139 4542 ἀγωγὴ,
3167 4472 3261 4525 καὶ
3294 4445 3616 4526 ἀποδίδοται
3636 4445 3728 4523 *τὸ

470 4532 682 4591 fructus
724 4551 992 4593 summam
1035 4536 1205 4593 debiti
1252 4548 1536 4608 superant,
1560 4540 1840 4613 ,ωροταυὶ
1899 4546 2056 4601 resti-

472 4635 721 4682 tuuntur.
1844 4692 1847 4693 ν

552 4716 642 4772 13.
674 4717 864 4787 Operae
883 4732 1199 4785 servorum,
1228 4727 1282 4776 et
1301 4718 1661 4792 obligatarum
1688 4723 1882 4780 aedium
1917 4740 2054 4797 pen-

473 4813 677 4877 siones,
706 4812 757 4865 in
789 4810 1028 4866 debitum
1058 4819 1442 4881 computantur
1472 4829 1487 4867 :
1532 4826 1597 4868 ac
1624 4813 1888 4883 siquidem
1916 4816 2053 4873 mul-

475 4915 588 4959 tum
619 4910 702 4956 est
732 4900 804 4968 id,
836 4901 981 4970 quod
1021 4900 1249 4969 cogitur,
1273 4902 1516 4971 exspirat
1536 4902 1696 4957 actio.

546 4993 639 5051 14.
675 4993 733 5050 Si
767 4993 1010 5049 creditor
1039 5006 1146 5047 non
1176 4993 1337 5063 culpa
1377 5009 1474 5048 sua
1508 4995 1700 5067 pignus
1734 4997 2049 5067 perdiderit,

475 5099 580 5139 non
623 5093 856 5139 tenetur.
884 5083 992 5138 Sed
1022 5082 1363 5151 probandum
1391 5092 1472 5138 est
1496 5085 1569 5150 ei,
1605 5088 1748 5156 quod
1784 5088 2047 5144 amiserit.

473 5176 681 5245 Quippe
712 5188 871 5229 casus
896 5172 1108 5227 fortuiti
1160 5186 1266 5226 non
1299 5173 1543 5240 periculo
1590 5185 1715 5230 sunt
1740 5178 2046 5245 creditoris,

474 5268 568 5323 sed
602 5265 825 5336 potestis
856 5278 914 5319 re
954 5262 1177 5319 fortuito
1216 5265 1435 5331 amissa,
1462 5282 1730 5321 summam
1763 5268 1864 5323 sibi
1901 5269 2050 5325 debi—

477 5369 583 5411 tam
616 5364 878 5426 repetere.
910 5354 967 5411 Si
1010 5368 1138 5411 vero
1164 5356 1244 5411 s’ic
1293 5358 1606 5414 convenerit
1648 5360 1797 5415 inter
1830 5372 2050 5418 contra-

475 5447 686 5512 henles,
714 5455 774 5502 ut
801 5447 1022 5504 amissio
1048 5447 1323 5518 pignerutr
1366 5447 1662 5505 debitorem
1692 5447 1906 5518 liberet,
1963 5468 2050 5508 ra-

469 5545 717 5597 wtn‘noc
746 5552 882 5599 esto.

2156 4557 2431 4629 ἐνέχυρον.
2464 4560 2526 4613 Εἰ
2553 4559 2611 4613 δὲ
2645 4560 2893 4624 πλείονες
2922 4556 3026 4617 ὦσι
3052 4563 3148 4616 τοῦ
3175 4564 3369 4634 χρέους
3398 4566 3448 4616 οἰ
3503 4565 3724 4635 καρποὶ.

2153 4648 2493 4704 ἀποδίδονται
2521 4652 2569 4705 οἰ
2591 4652 3021 4720 περιττεύοντες.

2226 4733 2316 4804 ιγ’.
2345 4737 2466 4791 Τῶν
2499 4738 2702 4793 δούλων
2730 4742 2778 4793 οἱ
2817 4743 3075 4811 κάματοι,
3114 4744 3208 4797 καὶ
3250 4744 3319 4795 τὰ
3361 4744 3570 4797 ἐνοίκια
3615 4745 3726 4796 τῶν

2156 4823 2526 4879 ὑποτεθέντων
2554 4829 2892 4898 οἰκημάτων,
2934 4831 3015 4893 εἰς
3051 4831 3110 4884 τὸ
3168 4831 3328 4902 χρέος
3373 4830 3681 4900 λογίζονται
3706 4847 3722 4864 ⁸

2154 4916 2249 4968 καὶ
2281 4917 2378 4972 ὲάν
2407 4917 2543 4972 πολύ
2586 4921 2702 4972 ἐστι
2731 4920 2791 4973 τὸ
2812 4923 3203 4993 συναγόμενον,
3227 4923 3417 4978 λύεται
3449 4926 3482 4995 ἡ
3512 4926 3723 4993 ἀγωγή.

2227 5003 2308 5060 ιδ’.
2372 5007 2498 5060 Ἐὰν
2554 5010 2583 5060 ὁ
2645 5008 2930 5078 δανειστὴς
2994 5010 3069 5080 μὴ
3138 5012 3269 5081 παρ’
3334 5010 3470 5063 ἰδίαν
3549 5012 3729 5063 αἰτίαν

2152 5096 2411 5151 ἀπολέσει
2435 5098 2497 5151 τὸ
2530 5099 2808 5169 ἐνέχυρον,
2836 5100 2937 5153 οὐκ
2969 5101 3305 5168 ἐγκαλεῖται.
3330 5102 3452 5172 Χρὴ
3472 5101 3529 5156 δὲ
3563 5101 3726 5153 αὐτὶν

2151 5186 2452 5253 ἀποδεῖξαι,
2492 5189 2575 5241 ὃτι
2607 5186 2880 5256 ἀπώλεσε,
2925 5192 2993 5245 τὰ
3039 5191 3147 5261 γὰρ
3201 5192 3418 5263 τυχηρά
3457 5192 3519 5244 ού
3550 5191 3727 5244 κινδυ-

2151 5278 2367 5332 νεύεται
2408 5278 2486 5350 τῷ
2514 5278 2787 5353 δανειστῇ,
2826 5282 2959 5336 ἀλλὰ
2992 5282 3215 5338 δύναται
3245 5284 3386 5339 κατὰ
3416 5284 3586 5355 τύχην
3620 5284 3725 5336 ἀπ-

2151 5367 2345 5431 ολέσας
2364 5368 2426 5420 τὸ
2444 5371 2699 5439 πρᾶγμα,
2719 5372 2973 5425 ἀπαιτεῖν
2997 5372 3057 5426 τὸ
3080 5371 3231 5443 αύτῷ
3254 5374 3531 5443 χρεωστού
3540 5390 3723 5443 μενον.

2164 5459 2289 5513 Ἐὰν
2336 5460 2394 5513 δὲ
2434 5460 2639 5531 μεταξὺ
2680 5460 2790 5515 τῶν
2845 5462 3319 5517 συναλλασσόντων
3368 5464 3585 5534 ἤρεσεν,
3642 5462 3726 5515 ἵνα

2150 5551 2184 5621 ἡ
2214 5551 2456 5604 ἀπώλεια
2475 5551 2582 5604 τῶν
2612 5552 2880 5625 ἐνεχύρων
2914 5553 3271 5626 ἐλευθερώσει
3300 5555 3391 5609 τὸν
3415 5555 3720 5625 χρεώστην,

2152 5640 2310 5696 τοῦτο
2348 5643 2499 5714 ἰσχὺν
2533 5642 2666 5715 ἔχει.
