4058 6212
322 284 431 349 £25

1596 292 1695 353 DE
1705 293 1992 355 LECTUS
2027 296 2311 361 LEGUM.

3478 314 3581 377 526

389 409 473 456 ιε’.
523 398 581 453 Ὀ
626 399 728 473 τὴν
784 400 918 454 ἰδίαν
971 402 1316 473 συγγραφὴν,
1376 404 1408 475 ἢ
1462 404 1561 476 τὴν
1615 408 1702 461 ἐπ’
1747 409 1880 479 αὑτᾷ

2072 413 2161 468 15.
2195 415 2294 481 Qui
2325 418 2688 488 syngrapham
2707 420 3007 489 propriam,
3038 422 3120 476 vel
3144 421 3341 477 factam
3362 425 3465 479 subi
3493 441 3582 480 so-

311 493 620 565 γενομένην
650 493 963 563 καταϐολὴν
990 495 1345 565 ἀρνούμενος,
1372 498 1431 549 τὸ
1460 496 1746 553 διπλάσιον
1779 500 1900 570 μετ’

316 587 575 655 ἐλέγχους
607 584 930 655 καταθήσει.
974 585 1031 637 Ὀ
1052 585 1108 638 δὲ
1132 586 1385 656 πάραυτα
1408 588 1503 641 τοῦ
1535 590 1897 660 ἀρνήσασθαι,

313 678 374 745 ἐξ
398 678 670 746 ἐπιφορᾶς
700 677 865 747 ὅρκου
922 676 1022 746 τὴν
1084 677 1343 747 ἀληθειαν
1383 681 1655 751 φανερῶν,
1702 682 1900 750 ἐκφεύ-

316 772 464 838 ξεται
494 772 593 842 τὴν
622 773 922 842 καταδίκην
975 772 1070 825 τοῦ
1126 773 1434 831 διπλασίου.
1483 774 1539 829 Ὀ
1566 776 1619 828 δὲ
1655 776 1899 847 βραδέως

312 864 614 935 ὁμολογῶν,
669 863 973 935 καταθήσει
1016 865 1117 927 τὰς
1152 865 1399 930 δαπάνας
1429 866 1530 936 τῆς
1563 866 1717 939 δίκης
1747 868 1896 941 ὅρκῳ

310 955 407 1008 τοῦ
440 955 734 1008 ἀντιδίκου.

387 1054 483 1109 ις’.
518 1046 650 1099 Οὔτε
682 1045 1045 1117 όδανειστὴς,
1106 1044 1232 1099 οὔτε
1286 1050 1313 1101 ὁ
1364 1049 1457 1101 τοῦ
1508 1049 1719 1103 δανείου
1776 1050 1893 1121 [δα-

315 1136 550 1208 νειστοῦ]
610 1137 967 1207 κληρονόμος,
1021 1137 1099 1207 τῷ
1154 1139 1403 1210 χρεώστῃ
1460 1142 1598 1209 μετὰ
1645 1142 1744 1212 τὴν
1797 1144 1891 1197 τοῦ

310 1229 501 1300 χρέους
555 1228 898 1301 καταϐολὴν,
964 1229 1153 1283 ἕνεκεν
1201 1231 1296 1283 τοῦ
1351 1233 1610 1306 ἐνεχύρου
1669 1234 1891 1290 δύναται

308 1338 341 1390 χ
348 1320 500 1390 ρόνου
535 1320 911 1392 παραγραφὴν
945 1324 1355 1389 προσενεγκεῖν.

382 1408 465 1473 ιζ’.
513 1410 571 1461 't)
604 1410 889 1481 χρεώστης
916 1411 1250 1481 ἀρνούμενος
1276 1412 1335 1464 τὸ
1362 1413 1541 1481 χρέος,
1564 1414 1625 1464 οὐ
1667 1414 1889 1468 δύναται

307 1501 449 1570 μετά
476 1501 649 1554 ταῦτα
683 1503 775 1554 ἐπὶ
799 1507 865 1573 τῇ
895 1504 1169 1572 καταϐολῇ
1206 1505 1539 1574 προσφέρειν
1562 1505 1887 1572 ἀποδείξεις.

378 1594 470 1662 Τῷ
527 1596 851 1665 ἀρνουμένῳ
912 1595 1161 1667 χρεώστῃ
1226 1597 1284 1648 οὐ
1345 1596 1763 1667 λογισθήσονται
1835 1601 1890 1653 αἱ

308 1684 445 1752 μετά
476 1683 648 1737 ταῦτα
680 1686 1121 1755 προσφερόμεναι
1150 1686 1256 1737 τῶν
1316 1688 1631 1741 καταϐολῶν
1673 1690 1889 1745 ἀποδεί-

306 1773 438 1838 ξεις,
466 1774 603 1826 ἀλλὰ
638 1775 730 1827 καὶ
752 1775 811 1827 τὸ
844 1778 952 1828 πᾶν
991 1778 1325 1833 ἀπαιτεῖται.

377 1864 467 1935 ιη’.
516 1867 575 1919 '0
606 1866 891 1937 δανειστὴς
924 1867 1023 1931 τὰς
1076 1870 1283 1933 οἰκείας
1330 1872 1708 1943 ἀρνησάμενος
1752 1876 1887 1928 ἀπο-

300 1956 515 2024 δείξεις,
576 1958 858 2013 διπλάσιον
916 1960 977 2012 τὸ
1033 1965 1423 2032 περιεχόμενον
1488 1966 1672 2030 αὐτοῖς
1722 1970 1886 2023 ποσὸν

308 2048 425 2116 μετ’
459 2049 714 2120 ἐλέγχους
737 2051 1158 2120 καταλογίζεται
1190 2054 1267 2123 τῷ
1297 2055 1566 2128 χρεώστῃ.

380 2137 462 2192 ιί)’.
483 2139 643 2210 [Περὶ
670 2142 1038 2215 κοινωνίας.]
1064 2145 1387 2200 Συνίσταται
1413 2148 1666 2203 κοινωνία
1688 2152 1888 2222 ὲγγρέ-

304 2246 419 2295 φως
478 2232 570 2283 κτιιί¹
623 2233 910 2304 ἀγράφως,
970 2237 1174 2304 μεταξὺ
1230 2237 1394 2311 δύοῆ
1450 2241 1544 2294 καί⁸
1600 2241 1885 2309 πλειόνων,

300 2320 499 2371 ὁπόταν
546 2323 775 2387 ἕκαστος
824 2326 1005 2379 αὐτῶν
1056 2328 1113 2394 ἐξ
1171 2329 1413 2399 ἰσότητος
1454 2333 1545 2385 καὶ
1605 2334 1886 2399 ἐλάττονος

299 2410 399 2480 τὴν
453 2413 658 2465 οἰκείαν
698 2418 895 2484 μοῖραν
929 2420 1009 2479 εἰς
1035 2419 1274 2489 ἐνθήκην
1298 2424 1584 2490 εἰσαγαγεῖ
1610 2442 1624 2455 ·
1656 2426 1688 2495 ἢ
1722 2428 1885 2480 τινῶν

301 2503 399 2572 μὲν
456 2504 711 2574 ὲνθήκην,
754 2508 959 2577 ἐτέρων
998 2509 1054 2561 δὲ
1086 2511 1213 2572 τοὺς
1252 2513 1484 2577 οἰκείους
1524 2516 1759 2584 μόχθους
1791 2520 1885 2571 καὶ

298 2596 501 2665 ὀπέρας
560 2595 913 2671 [ὑπηρεσίας]
968 2601 1483 2674 καταϐαλλομένων.
1523 2608 1594 2659 Τὸ
1629 2609 1685 2660 δὲ
1730 2628 1882 2680 περιο

298 2689 623 2757 ποιούμενον
649 2692 831 2753 αὐτοῖς
871 2693 1083 2763 κέρδος,
1136 2696 1258 2766 μεθ’
1294 2698 1582 2769 ὑφαίρεσιν
1641 2699 1882 2769 δηλονότι

296 2780 405 2832 τῶν
435 2782 766 2850 κεφαλαίων,
804 2772 943 2839 κατά
985 2787 1047 2839 τὸ
1078 2788 1134 2840 ἐν
1184 2790 1336 2860 μέσῳ
1393 2790 1573 2843 αὐτῶν
1627 2794 1882 2863 στιχηθὲν

297 2872 828 2941 ἐπιμεριζέσθωσαν.

369 2971 437 3018 κ’.
465 2966 526 3018 Et
558 2967 614 3019 δὲ
647 2968 830 3039 συμϐῇ
864 2969 957 3022 ἐπὶ
986 2974 1051 3041 τῇ
1082 2970 1309 3043 τοιαύτῃ
1357 2974 1610 3046 κοινωνίᾳ
1654 2978 1885 3046 προσγὲυ

2007 498 2269 556 lutionem
2330 503 2618 560 inﬁtiando
2668 516 2850 575 negat,
2907 508 3124 577 duplum
3171 512 3581 580 probationibus

2001 594 2312 649 subsecutis
2342 594 2594 665 deponet.
2650 596 2751 663 Qui
2790 613 2916 653 vero
2942 601 3123 654 statim
3156 610 3318 669 atque
3354 618 3581 674 negave-

2002 684 2093 747 rit,
2120 687 2429 752 iuramento
2453 688 2555 743 sibi
2587 688 2764 743 delato
2788 692 3071 746 veritatem
3106 692 3394 762 patefacit,
3452 710 3579 750 con-

2000 775 2401 832 demnationem
2436 779 2486 832 in
2524 778 2741 848 duplum
2778 779 3020 850 effugiet.
3047 784 3117 837 At
3148 786 3237 853 qui
3270 790 3421 842 tarde
3452 804 3580 843 con-

2000 866 2229 933 litetur,
2285 868 2558 937 impensas
2614 869 2723 924 litis
2785 886 2854 925 ex
2907 872 3206 929 adversarii
3268 878 3578 947 juramento

2000 954 2250 1025 deponet.

2070 1042 2157 1098 16.
2196 1043 2302 1099 Nec
2342 1045 2596 1110 creditor,
2634 1061 2733 1101 nec
2769 1048 3061 1105 creditoris
3110 1052 3304 1117 haeres,
3337 1066 3451 1123 post
3482 1056 3578 1110 dc-

1998 1133 2092 1188 biti
2127 1136 2450 1193 solutionem
2492 1139 2729 1208 pigneris
2780 1141 2997 1197 nomine
3046 1142 3277 1200 debitori
3319 1149 3577 1217 temporis

1996 1226 2374 1296 exceptionem
2408 1242 2681 1298 Opponere
2710 1238 2907 1299 potest.
3014 1220 3021 1225 ’

2066 1404 2153 1459 17.
2182 1404 2405 1460 Debitor
2442 1406 2725 1461 inﬁtiando
2747 1408 2983 1464 debitum
3014 1425 3234 1481 negans,
3261 1426 3366 1467 non
3392 1420 3574 1482 poteSt

1994 1495 2247 1564 deinceps
2282 1498 2626 1565 probationes
2662 1498 2817 1553 taetre
2850 1502 3135 1557 solutionis
3160 1507 3479 1572 producere.

2067 1587 2313 1642 Debitum
2351 1590 2565 1659 neganti
2588 1590 2816 1645 debitori
2856 1607 2962 1646 non
3011 1595 3367 1651 admittentur
3419 1598 3572 1654 solu-

1995 1677 2201 1732 tionum
2232 1678 2601 1747 probationes,
2626 1695 2761 1749 quas
2791 1682 3045 1754 deinceps
3076 1687 3358 1754 producit,
3383 1691 3479 1747 sed
3517 1692 3572 1746 in

1919 1753 1963 1808 Β
1991 1770 2501 1840 solidum‘exigitur.

2064 1861 2152 1916 18.
2198 1861 2467 1927 Creditur,
2504 1866 2593 1934 qui
2625 1868 2976 1936 probationes
2994 1883 3123 1925 suas
3164 1871 3427 1928 inﬁtiatus
3452 1883 3568 1939 est,

1991 1968 2279 2020 summam,
2314 1972 2434 2025 quae
2460 1958 2772 2014 continetur
2800 1961 2901 2024 eis,
2937 1971 3058 2029 post
3087 1964 3458 2020 convictiones
3486 1980 3574 2022 sc-

1988 2054 2161 2111 cutas,
2200 2046 2430 2101 debitori
2479 2048 2697 2117 duplam
2736 2051 3038 2107 rationibus
3075 2053 3223 2109 initis
3253 2057 3510 2111 refundit.

2063 2133 2149 2187 l9.
2177 2134 2253 2188 De
2282 2137 2545 2191 societate.
2575 2167 2643 2179 ——
2670 2138 3023 2196 Contrahitur
3050 2144 3283 2199 societas
3313 2160 3409 2215 per
3435 2148 3573 2202 scri-

1990 2232 2222 2292 pturam,
2256 2235 2311 2280 et
2334 2227 2541 2297 absque
2572 2230 2859 2300 scriptura,
2885 2232 3025 2288 inter
3056 2235 3193 2291 duos
3223 2248 3314 2290 aut
3351 2236 3568 2306 plures;

1988 2330 2153 2385 quum
2188 2333 2377 2375 eorum
2411 2322 2637 2391 quilibet
2659 2337 2725 2377 ex
2758 2339 2935 2391 aequo,
2956 2335 3010 2380 et
3042 2340 3105 2381 ex
3135 2328 3329 2383 minori
3356 2339 3566 2397 partem

1987 2423 2139 2462 suam
2174 2410 2244 2465 ad
2289 2428 2375 2466 res
2419 2414 2595 2470 illatas
2623 2416 2771 2471 addit
2817 2433 2832 2469 :
2876 2428 2967 2470 aut
3026 2418 3292 2489 aliquibus
3337 2436 3566 2485 merces,

1986 2500 2105 2555 aliis
2131 2500 2342 2557 labores
2365 2512 2418 2558 et
2441 2520 2633 2574 cperas
2672 2509 3102 2565 conferentibus.
3136 2511 3371 2567 Lucrum
3410 2529 3561 2578 vero,

1984 2595 2124 2660 quod
2178 2594 2246 2649 ab
2294 2595 2373 2650 eis
2421 2597 2744 2666 adquiritur,
2800 2610 2922 2670 post
2980 2602 3371 2658 detractionem
3402 2605 3566 2659 sortis

1984 2684 2215 2752 scilicet,
2276 2697 2431 2756 prout
2478 2688 2616 2744 inter
2670 2705 2763 2745 eos
2811 2705 3133 2749 conventum
3181 2695 3368 2763 fuerit,
3426 2680 3565 2750 divi-

1983 2775 2171 2831 dunlo.

2052 2963 2141 3017 ‘20.
2181 2962 2235 3018 Si
2268 2979 2396 3020 vero
2425 2966 2475 3020 in
2506 2968 2815 3037 huiusmodi
2839 2972 3097 3029 societate
3127 2974 3384 3031 damnum
3421 2994 3564 3033 mer-

296 3058 483 3111 νεσθαι
512 3061 577 3128 τῇ
628 3059 832 3132 ἐκθήκῃ
869 3062 1095 3132 ζημίαν,
1158 3064 1388 3118 ἕκαστον
1440 3067 1698 3121 κοινωνὸν
1739 3069 1879 3123 κατά

1984 3056 2141 3113 cibus
2196 3060 2445 3115 accidere
2484 3064 2792 3130 contigerit,
2852 3067 3077 3135 quilibet
3124 3084 3189 3124 ex
3244 3070 3410 3127 sociis
3462 3072 3563 3127 hoc

293 3150 396 3219 τὴν
433 3151 526 3205 τοῦ
560 3152 783 3222 κέρδους
813 3156 1013 3225 μοῖραν
1046 3156 1140 3210 καὶ
1171 3157 1375 3228 ταύτην
1400 3160 1803 3228 ἐπιγινώσκειν.

368 3238 474 3297 κα’.
526 3243 855 3297 Συνίσταται
913 3246 1170 3299 κοινωνία
1200 3248 1232 3318 ἢ
1261 3247 1364 3311 ἓως
1399 3244 1459 3303 οὗ
1493 3249 1657 3314 ζῶσιν
1686 3253 1735 3303 οἱ
1769 3271 1881 3306 κοί⁶

293 3334 619 3404 νιονοιῖντες,
665 3338 697 3407 ἢ
749 3337 884 3408 πρὸς
922 3342 1129 3412 καιρὸν,
1176 3342 1208 3412 ἢ
1257 3344 1364 3397 ἀπὸ
1414 3347 1631 3417 καιροῦ,
1681 3348 1713 3417 ἢ
1776 3349 1879 3403 ὑπὸ

292 3428 531 3498 αἵρεσιν.

366 3520 470 3589 κβ’.
539 3521 619 3575 Τά
672 3525 887 3595 τυχηρὰ
943 3528 968 3579 ό
1023 3528 1279 3591 κοινωνός
1332 3529 1430 3581 οὐκ
1496 3530 1870 3600 ἐπιγινώσκει.

290 3612 458 3665 Ὀθεν
493 3612 559 3666 τὰ
590 3612 811 3668 δοθέντα
846 3616 1280 3688 διατετιμημένα
1334 3618 1649 3690 θρέμματα,
1681 3624 1728 3674 εἰ
1775 3623 1873 3691 μὲν

288 3704 400 3760 ὑπὸ
433 3706 645 3777 λῃστῶν
677 3708 1039 3778 ἀφαιρεθῶσι,
1100 3710 1253 3780 κοινὴ
1306 3712 1517 3778 γίνεται
1570 3716 1602 3783 ἡ
1654 3715 1825 3785 ζημία
1857 3732 1871 3748 ο

288 3798 338 3849 εί
373 3797 430 3849 δὲ
466 3798 735 3860 κλαπῶσι,
770 3799 930 3867 μόνος
965 3802 993 3850 ό
1054 3800 1303 3870 ἐσχηκὼς
1363 3802 1502 3854 αὑτά
1558 3803 1871 3872 ζημιοῦται.

286 3889 576 3957 Χρεωστεί
600 3888 706 3958 γάρ
737 3889 1144 3958 ἀκριϐεστάτην
1169 3891 1472 3957 ἀσφάλειαν
1511 3892 1539 3942 ό
1582 3892 1873 3962 δεξάμενος

287 3977 728 4047 διατετιμημένα
760 3993 777 4009 ο
825 3978 917 4031 καὶ
946 3978 1177 4048 ἁρμόζει
1208 3980 1300 4031 ἐπὶ
1330 3981 1615 4043 κοινωνίας
1656 3982 1869 4052 ἅχω-γὴ,

288 4070 387 4123 ἐὰν
434 4070 527 4123 ἐπὶ
599 4070 857 4140 κοινωνίᾳ
907 4070 1169 4141 ἐδόθησαν
1204 4070 1534 4141 βώσκεσθαι,
1568 4074 1616 4124 εἰ
1654 4078 1749 4126 καὶ
1802 4074 1870 4127 τὰ

292 4160 531 4233 μάλιστα
562 4162 1015 4232 διατετιμημένα.

358 4251 465 4321 κγ’.
501 4252 665 4324 [Περί
700 4252 1051 4325 ἑνεχύρων.]
1085 4251 1214 4307 Ἐἀν
1262 4272 1342 4317 τις
1402 4255 1489 4307 διά
1546 4257 1864 4328 οἱανδήποτε

287 4346 585 4415 πρόφασιν,
624 4346 655 4413 ἢ
709 4346 893 4414 φόϐον,
938 4345 1270 4416 παραθήκην
1330 4348 1693 4415 παρατίθεται
1733 4350 1862 4416 τινὶ,

1983 3148 2144 3202 etiam
2180 3164 2276 3219 pro
2307 3160 2462 3220 parte
2497 3152 2629 3207 lucri
2678 3156 2990 3224 adgnoscat.

2052 3242 2141 3296 ﬁl.
2185 3243 2541 3300 Contrahitur
2602 3248 2836 3301 societas
2892 3249 2976 3302 vel
3033 3250 3209 3306 donec
3244 3256 3565 3311 societatem

1982 3332 2233 3389 ineuntes
2263 3334 2454 3393 vivunt
2510 3337 2594 3391 vel
2626 3338 2691 3390 ad
2724 3346 2954 3407 tempus,
2991 3342 3072 3395 vel
3103 3356 3134 3395 a
3176 3351 3439 3413 tempore,
3476 3347 3558 3399 vel

1983 3425 2083 3479 sub
2113 3425 2446 3480 conditione.

2048 3518 2140 3572 22.
2171 3517 2363 3574 Sucius
2398 3518 2655 3575 fortuitos
2719 3535 2881 3576 casus
2927 3537 3033 3576 non
3080 3527 3345 3592 agnoscit.
3406 3527 3561 3584 Unde

1980 3611 2189 3667 traditae
2242 3613 2479 3681 pecudes
2517 3614 2821 3679 aestimatae,
2857 3616 3121 3686 siquidem
3148 3634 3176 3671 a
3213 3620 3563 3688 praedonibus

1977 3702 2167 3756 ablatae
2200 3703 2423 3767 fuerint,
2483 3708 2757 3759 communi
2822 3717 2949 3759 sunt
2990 3710 3237 3765 damno:
3279 3712 3362 3766 sin
3416 3712 3561 3767 furto

1976 3794 2257 3860 perierint,
2293 3793 2441 3847 solus
2475 3794 2520 3847 is
2551 3795 2747 3848 damno
2808 3795 3065 3861 afﬁcitur,
3104 3801 3195 3865 qui
3220 3815 3314 3855 eas
3348 3802 3557 3857 habuit.

1976 3880 2107 3933 Nam
2149 3880 2238 3947 qui
2290 3879 2492 3949 recepit
2517 3882 2834 3945 aestimatas,
2869 3887 3338 3941 accuratissimam
3372 3901 3559 3946 custo-

1973 3970 2117 4024 diam
2144 3969 2325 4023 debet.
2383 3969 2657 4039 Competit
2679 3980 2733 4024 et
2762 3971 3039 4027 societatis
3065 3976 3230 4040 actio,
3261 3978 3305 4031 si
3336 3980 3558 4035 nomine

1974 4060 2250 4115 societatis
2273 4060 2337 4115 ad
2367 4062 2696 4128 pascendum
2726 4063 2938 4118 tradita:
2962 4063 3183 4133 fuerint,
3212 4068 3377 4124 etiam
3408 4074 3556 4129 aesti-

1973 4171 2055 4211 ma
2065 4167 2147 4210 ῑιὲ.

2040 4247 2127 4302 25.
2167 4249 2239 4302 De
2260 4249 2559 4319 pigneribus
2590 4282 2657 4291 -—
2690 4250 2746 4306 Si
2776 4253 2897 4322 quis
2917 4268 2981 4308 ex
3005 4268 3343 4326 quacumque
3364 4273 3551 4323 causa,

1969 4336 2051 4389 vel
2082 4346 2248 4403 metu,
2280 4353 2395 4391 rem
2422 4339 2711 4407 quamdam
2745 4344 2886 4411 apud
2919 4343 3152 4412 aliquem
3206 4346 3463 4415 deponit:
3498 4359 3554 4403 et

286 4437 384 4491 καὶ
420 4437 602 4507 συμϐῇ
641 4435 731 4488 τὸν
771 4434 976 4503 ταύτην
1002 4435 1390 4505 παραλαϐόντα
1415 4438 1862 4506 ἀπαρνήσασθαι,

1984 4427 2284 4495 :ontigcrit,
2314 4439 2369 4480 ut
2394 4429 2483 4497 qui
2519 4444 2637 4483 eam
2666 4431 2899 4499 accepit,
2921 4434 3203 4488 inﬁtiando
3235 4438 3509 4507 negaverit
3534 4456 3551 4507 ;

288 4529 624 4599 ζητουμένου
684 4530 777 4583 τοῦ
840 4529 1177 4599 κεφαλαίου,
1248 4530 1343 4582 καὶ
1402 4529 1864 4601 ἀποδεικνυμένου

287 4620 450 4675 αὑτοῦ
485 4622 746 4691 ψεύστου,
791 4622 932 4675 κατά
988 4621 1209 4674 διπλοῦν
1265 4622 1565 4675 ἀποδιδότω
1615 4623 1756 4677 αὑτά
1784 4624 1864 4693 τῷ

286 4730 363 4766 πα
369 4714 501 4783 ραθε
510 4716 678 4784 μένῳ.

358 4802 456 4857 κδ’.
503 4804 564 4857 Εἰ
586 4804 640 4857 δὲ
672 4805 764 4857 καί
806 4806 1059 4874 συμφορᾷ
1094 4822 1197 4857 τινι
1229 4805 1335 4857 ἀπὸ
1367 4806 1664 4877 πιδρκαῖας,
1694 4808 1727 4878 ἢ
1756 4808 1865 4860 ἀπὸ

287 4896 515 4967 κλοπῆς,
548 4898 751 4969 ἐπέλθῃ
776 4898 924 4968 αὑτῷ
956 4899 1049 4950 καὶ
1099 4898 1195 4950 σὺν
1220 4898 1294 4967 τῷ
1325 4898 1439 4968 ἰδίῳ
1466 4898 1631 4952 αὑτοῦ
1658 4900 1861 4953 ἀπολε-

288 4985 479 5054 σθῆναι
515 4989 763 5051 κάκεῖνα,
800 4989 1139 5057 τηρείτωσαν
1169 4989 1217 5040 οί
1266 4989 1553 5057 ἀκροαταὶ,
1594 4990 1684 5041 καὶ
1704 4990 1864 5058 ἀνέγ-

286 5076 483 5147 κλητον
519 5079 610 5131 τὸν
644 5080 741 5150 τὴν
776 5079 1031 5149 τοιαύτην
1081 5080 1557 5149 παρακαταθήκην
1589 5080 1861 5150 ἐσχηκότα

285 5169 762 5237 φυλαττέσθωσαν,
797 5172 871 5234 ὠς
894 5173 1164 5236 ἀκουσίως
1188 5172 1329 5225 αὑτά
1353 5172 1717 5228 ἀπολέσαντα.

860 5300 1111 5354 ΤΙΤΛΟΣ
1150 5302 1241 5353 ΚΓ
1244 5300 1271 5356 ’.

705 5411 840 5479 Περί
911 5410 1432 5479 παρακαταθήκης.

349 5520 451 5577 κε’.
489 5522 599 5593 Τῆς
636 5522 1111 5593 παρακαταθήκης
1140 5524 1236 5576 καὶ
1260 5525 1308 5576 οἰ
1330 5525 1553 5595 καρποὶ,
1580 5527 1671 5581 καὶ
1704 5529 1751 5581 οἱ
1772 5546 1859 5582 το-

280 5614 447 5677 κετοί,
484 5619 577 5668 καὶ
614 5618 722 5667 πᾶν
759 5616 988 5684 πρᾶγμα
1021 5616 1357 5670 ἀπαιτεῖται.

350 5707 461 5773 κς’.
498 5708 692 5772 Δοῦλός
724 5726 813 5761 σου
860 5707 1128 5777 παρέθετό
1183 5728 1272 5780 μοι
1320 5714 1598 5785 χρήματα,
1644 5717 1735 5770 ἐπὶ
1799 5718 1855 5770 τὸ

1972 4530 2136 4572 causa
2168 4517 2447 4586 inquisita,
2482 4519 2527 4574 si
2570 4520 2805 4574 mendax
2839 4521 2926 4577 ille
2951 4522 3233 4591 probetur,
3262 4528 3342 4580 rei
3379 4529 3548 4595 depo-

1971 4607 2091 4663 sita:
2128 4608 2346 4679 duplum
2380 4609 2477 4675 illi,
2503 4611 2593 4679 qui
2630 4611 2901 4679 deposuit,
2940 4612 3132 4669 solvat.

2037 4792 2127 4847 24.
2171 4794 2266 4849 Sin
2296 4810 2423 4849 casu
2454 4797 2685 4866 quodam
2714 4800 2942 4854 adverso
2965 4802 3246 4869 acciderit,
3282 4812 3339 4859 ut
3366 4806 3550 4861 incen-

1970 4886 2079 4947 dio,
2115 4888 2196 4941 vel
2229 4888 2398 4950 furto,
2425 4905 2546 4942 cum
2579 4891 2739 4944 rebus
2774 4892 2887 4946 suis
2924 4903 2979 4948 et
3008 4894 3123 4949 illas
3158 4897 3369 4951 amittat
3400 4916 3412 4950 :
3444 4900 3536 4951 ob-

1966 4989 2186 5033 servent
2220 4980 2321 5032 ltoc
2374 4996 2664 5035 causarum
2700 4985 3025 5052 cognitores,
3062 4997 3115 5041 et
3144 4998 3300 5041 extra
3327 4989 3544 5058 culpant

1964 5078 2169 5137 ponant
2189 5086 2333 5134 cum,
2354 5073 2441 5139 qni
2478 5072 2615 5140 apud
2638 5089 2697 5127 se
2724 5076 3025 5144 depositum
3052 5080 3314 5149 ejusmodi
3334 5080 3542 5154 habuit,

1965 5166 2131 5220 veluti
2163 5165 2256 5234 qui
2288 5166 2535 5220 amiserit
2570 5167 2795 5222 invitus.

2497 5311 2797 5369 TITULUS
2831 5314 3017 5370 XXIII.

2560 5422 2641 5487 De
2676 5426 2933 5493 deposito.

2032 5532 2120 5588 ‘25.
2154 5532 2209 5588 In
2239 5535 2482 5606 deposito
2504 5546 2557 5592 et
2583 5537 2809 5601 fructus,
2836 5546 2884 5591 et
2909 5545 3119 5606 partus,
3154 5546 3207 5593 et
3237 5548 3345 5594 tota
3374 5554 3538 5595 causa

1961 5637 2243 5694 petuntur.

2035 5718 2123 5774 26.
2162 5717 2365 5778 Servus
2398 5730 2518 5777 tuus
2546 5722 2684 5793 apud
2732 5736 2814 5777 me
2855 5723 3137 5792 pecuniam
3176 5726 3439 5797 deposuit,
3480 5734 3539 5783 ut
