4084 6208
479 305 584 374 527
1435 310 1941 374 CONSTANTINI
1981 309 2542 373 PORPIIYROGEN
2555 310 2661 372 [TI
3637 307 3747 373 528

474 400 547 479 ea
582 421 683 478 tibi
710 422 950 490 daretur,
975 433 1083 490 quo
1112 417 1260 474 illum
1284 417 1723 474 mmmitteres.
1757 417 1815 472 Si
1842 432 1908 473 ea
1939 416 2064 472 data

2178 415 2355 471 Βοῦναί
2387 434 2492 482 σοι,
2548 418 2689 488 ὑπὲρ
2743 415 2840 471 τοῦ
2891 414 3261 487 ἐλευθερῶσαι
3303 413 3488 470 αύτόν.
3538 416 3600 472 Ei
3649 419 3751 489 μὲν

421 552 427 562 ε
482 515 614 572 fecit
660 527 883 569 usuram
935 511 1135 576 sciens,
1166 525 1287 581 qua:
1354 518 1407 565 te
1468 510 1869 579 comitaretur;
1907 510 2064 565 aliter

2178 508 2292 573 Βοὺς
2335 510 2637 582 ἐποιήσατο
2662 508 2905 575 τοκετδν,
2939 509 3033 563 τόν
3085 526 3147 562 σε
3192 507 3752 579 παρακολουθήσοντα

483 620 591 674 ego
616 619 725 659 non
752 613 959 668 teneor,
1008 601 1112 656 nisi
1166 602 1314 673 quod
1344 602 1614 672 obligatus
1646 617 1764 657 sum
1811 601 1888 667 id,
1920 601 2062 671 quod

2178 603 2225 656 ὲν
2270 602 2495 674 είδήσει,
2555 602 2655 656 οὐκ
2703 602 2986 673 ἐνέχομαι,
3033 603 3083 655 εί
3121 601 3200 672 μὴ
3229 600 3259 654 ὅ
3298 618 3389 672 μοι
3439 600 3749 668 διαδέδωκε,

484 696 615 751 mibi
646 693 889 759 tradidit,
917 701 1173 762 tanquam
1199 693 1509 763 depositum
1533 694 1780 749 reddere.
1840 691 2066 764 Deposi-

431 844 436 850 _
484 792 603 839 tum
644 784 903 839 estinter
948 798 1045 839 eas
1076 796 1182 849 res,
1212 798 1334 855 qua
1381 784 1455 839 ad
1498 783 1858 855 deponentem
1892 783 2066 854 perti-

435 882 448 904 '
487 886 640 934 nent.
675 874 829 932 Unde
861 876 981 932 iset
1004 874 1237 943 fruetus,
1263 884 1318 931 et
1344 886 1554 947 partus,
1578 885 1631 931 et
1654 889 1871 931 causam
1896 883 2064 929 totam

485 971 643 1040 petit.

560 1061 717 1117 l7.Si
753 1061 880 1131 quis
906 1059 1210 1130 depositum
1242 1060 1308 1113 ab
1340 1074 1400 1115 se
1450 1071 1729 1131 receptum
1782 1061 2068 1117 inﬁtiando

487 1155 787 1227 negaverit,
820 1164 875 1208 ct
907 1164 1075 1210 lt‘SleS
1128 1155 1182 1208 in
1226 1155 1326 1208 hoc
1362 1156 1608 1224 producti
1644 1155 1867 1221 fuerint,
1903 1154 2068 1225 idque

487 1248 796 1318 depositum
829 1246 1104 1301 inventqu
1137 1244 1297 1298 fuerit
1326 1259 1393 1300 eo
1437 1257 1701 1317 tempore,
1726 1260 1833 1317 quo
1867 1248 1956 1302 ille
1977 1247 2067 1316 ju—

491 1337 716 1399 raverit,
748 1343 841 1389 aut
866 1350 964 1405 per
1011 1335 1340 1405 scripturam
1372 1337 1801 1393 renuntiaverit:
1843 1337 2065 1406 duplum

487 1430 607 1500 ejus
635 1427 865 1498 depositi
896 1426 1087 1493 solvet,
1134 1439 1198 1481 ac
1255 1436 1515 1496 prtcterea
1574 1425 1796 1497 perjurii
1850 1440 2067 1497 poenam

486 1522 778 1575 sustineat.

557 1612 649 1669 28.
690 1611 865 1668 Omne
894 1606 1197 1679 depositura
1234 1618 1303 1661 ex
1334 1603 1662 1662 inﬁtiatione
1696 1605 1970 1677 duplatur.
2059 1643 2065 1655 .

1007 1791 1315 1850 TlTULUS
1345 1791 1542 1849 XXIV.

1049 1887 1127 1941 De
1167 1886 1512 1956 emphyteusr‘.

561 1988 616 2043 1.
652 1981 1037 2056 Emphyteusis
1066 1989 1327 2053 perpetua
1356 1979 1560 2052 jurinm
1600 1980 1962 2036 immobilium
2010 1977 2071 2036 tit

488 2095 613 2135 eum
652 2076 967 2134 conditione
1005 2073 1284 2145 pensiouis
1316 2088 1536 2140 annum,
1586 2074 1653 2130 de
1680 2090 1784 2146 qua
1815 2089 2073 2145 expresse

487 2169 828 2235 convenitur,
861 2167 1043 2223 addita
1068 2166 1340 2221 mentione
1355 2165 1649 2237 diligentia:
1672 2182 1736 2222 ac
1769 2169 2070 2224 correctio-

484 2265 576 2320 nis
603 2269 813 2330 eorum,
846 2275 966 2331 qua:
992 2258 1259 2316 locantur.

558 2354 617 2411 2.
656 2353 712 2410 Si
741 2353 864 2427 quis
885 2367 1014 2409 vero
1045 2359 1387 2418 curaturum,
1425 2348 1910 2417 chartulariorum,
1945 2351 2073 2406 reli-

487 2459 835 2518 quorumque
883 2442 1264 2508 militantium;
1306 2441 1373 2509 ad
1421 2443 1804 2498 detrimentum
1841 2443 1926 2498 vel
1964 2443 2073 2498 cir-

484 2535 969 2606 cumscriptionem
1014 2532 1221 2589 domini
1278 2530 1594 2603 principalis
1642 2530 1849 2601 aliquid
1888 2529 2074 2587 facere

485 2633 639 2687 visus
675 2628 874 2696 fuerit,
922 2627 968 2684 is
1010 2625 1204 2681 militia
1256 2640 1356 2679 sua
1409 2621 1699 2680 confestim
1740 2623 1986 2692 excidat,
2019 2633 2076 2680 et

489 2726 647 2780 irrita
686 2723 759 2778 sit
797 2720 1064 2790 ejusmodi
1097 2718 1318 2774 locatio.

563 2815 619 2870 3.
659 2811 762 2879 Qui
793 2811 1189 2882 emphyteusim
1224 2815 1539 2879 perpetuam
1585 2807 1830 2879 accepit,
1861 2820 2077 2877 pensio-

493 2916 616 2956 nem
647 2913 884 2955 annuam
916 2898 1037 2952 sine
1070 2894 1521 2965 tergiversatione
1552 2894 1765 2952 solvere
1795 2896 1982 2950 debet:
2019 2904 2077 2949 et

485 2991 578 3061 qui
603 2987 746 3061 juris
771 2984 1066 3043 immobilis
1096 2985 1149 3040 in
1181 2995 1326 3041 statu
1358 2999 1462 3041 suo
1497 2984 1861 3043 conservandi
1892 2992 1948 3040 et
1978 2998 2074 3040 ex-

2167 693 2467 764 ύπόκειμαι
2492 693 2692 748 διδόναι
2731 693 2806 757 ὡς
2866 692 3365 765 παρακαταθήκην.
3407 693 3473 747 Ἥ
3502 710 3753 765 παρακα-

2165 785 2378 858 ταθήκη
2401 786 2511 839 τῶν
2533 785 2903 858 διαφερόντων
2929 786 3010 857 τῷ
3040 784 3556 858 παρακαταθεμένῳ
3580 786 3748 841 ἐστίν.

2168 876 2334 932 Ὅθεν
2367 878 2461 932 καὶ
2491 878 2759 946 καρποὺς,
2784 877 2880 933 καὶ
2907 879 3189 946 τοκετοὺς,
3218 879 3314 932 καὶ
3339 878 3520 931 πᾶσαν
3572 877 3753 933 αἰτίαν

2168 970 2412 1024 ἀπαιτεῖ.

2244 1060 2346 1128 κζ’.
2394 1062 2521 1116 Ἐάν
2555 1080 2639 1127 τις
2693 1062 2987 1135 δεξάμενος
3038 1062 3752 1134 παρακαταϐήκην,,ἀρνήο

2172 1171 2334 1222 σηται
2374 1154 2567 1227 αὐτὴν,
2609 1157 2703 1210 καὶ
2738 1156 3074 1228 μαρτυρηθῇ
3106 1157 3167 1208 ἐν
3198 1154 3375 1227 αὐτῷ,
3419 1155 3514 1206 καὶ
3545 1151 3750 1223 εὑρεθῇ

2169 1248 2229 1300 ἐν
2267 1247 2446 1319 καιρῷ
2485 1247 2651 1302 αὑτοῦ
2685 1249 3027 1320 όμώσαντος,
3059 1250 3092 1320 ἥ
3138 1247 3432 1319 ἐγγράφως
3471 1244 3754 1309 ἀποταξατ

2174 1339 2358 1408 μένου,
2391 1340 2587 1395 διπλᾶν
2632 1340 2839 1413 ταύτην
2880 1332 3170 1405 ἀποδώσει,
3202 1340 3295 1394 καὶ
3325 1339 3427 1411 τῆς
3467 1336 3757 1409 ἐπιορκίας

2176 1425 2270 1497 τήν
2293 1428 2567 1501 τιμωρίαν
2605 1428 2947 1500 ὑπομενέτω.

2241 1617 2353 1683 κη’.
2394 1612 2551 1666 Πᾶσα
2578 1612 3022 1685 παρακαταθήκη
3055 1610 3116 1676 ἐξ
3144 1609 3433 1681 ἀρνήσεως
3470 1607 3754 1663 διπλασιά-

2172 1703 2347 1769 ζεται.

2752 1792 3003 1847 ΤΙΤΛΟΣ
3041 1792 3169 1849 KA'.
3188 1808 3195 1813 ·

2632 1883 2776 1954 Περὶ
2842 1883 3292 1954 ἐμφυτεύσεως.

2244 1981 2313 2032 α’.
2355 1974 2622 2048 Διηνεκής
2649 1975 2988 2047 ἐμφύτευσις
3020 1974 3300 2043 ἀκινήτων
3349 1970 3577 2026 δικαίων
3605 1970 3757 2040 γίνε-

2172 2086 2264 2145 ται
2298 2069 2392 2122 ἐπὶ
2414 2068 2711 2139 τελέσματι
2735 2066 3053 2137 ἐνιαυσιαίῳ
3083 2064 3267 2137 ῥητῶς
3287 2065 3759 2135 συμφωνουμένῳ,

2174 2160 2270 2217 καὶ
2308 2145 2596 2233 ἐπιμελείᾳ
2650 2175 2713 2215 τι
2744 2159 2843 2213 καὶ
2893 2155 3176 2229 διορθώσει
3225 2154 3336 2211 τῶν
3375 2154 3757 2223 ἐκδιδομένων.

2249 2349 2317 2420 β’.
2349 2350 2412 2402 Ei
2441 2348 2497 2401 δέ
2526 2364 2610 2409 τις
2641 2348 2706 2400 ἐκ
2755 2345 2865 2399 τῶν
2914 2343 3272 2417 φροντιστῶν,
3329 2316 3757 2413 χαρίτουλαρίων,

2177 2441 2270 2496 καὶ
2295 2438 2503 2493 λοιπῶν
2539 2434 2937 2510 [στρατιωτῶν]
2982 2434 3118 2506 πρὸς
3166 2432 3373 2505 βλάϐην
3403 2432 3438 2503 ἢ
3468 2448 3762 2503 παραγρα·

2178 2530 2285 2601 φὴν
2320 2527 2419 2598 τῆς
2465 2526 2827 2598 πρωτοτύπου
2880 2525 3202 2588 δεσποτείας
3256 2526 3398 2595 φανῇ
3453 2520 3763 2594 smmum.

2179 2637 2364 2693 μενος,
2402 2613 2558 2683 οὗτος
2602 2618 2701 2689 μέν
2734 2616 2981 2688 παρευθῦ
3023 2616 3339 2670 ἐκπιπτέτω
3366 2613 3461 2668 τοῦ
3492 2613 3760 2685 στρατεύ·

2180 2730 2350 2785 ματος
2377 2711 2564 2771 αὑτοῦ.
2597 2710 2922 2779 ἀκυρούσθω
2950 2710 3007 2764 δὲ
3030 2709 3125 2763 καὶ
3170 2710 3204 2778 ἡ
3256 2706 3487 2776 τοιαύτη
3526 2705 3758 2768 ἔκδυσις.

2249 2803 2322 2875 γ’.
2371 2805 2477 2858 Τὸν
2520 2802 2788 2874 διηνεκῶς
2835 2801 3316 2873 ἐμφυτευσάμενον
3344 2799 3455 2852 δεῖν
3484 2798 3544 2852 τδ
3576 2799 3760 2851 ἐνιαυ-

2181 2900 2353 2953 σιαίον
2402 2895 2781 2967 ἁδιαστρόφως
2836 2894 3196 2950 καταϐάλλειν
3235 2894 3497 2964 τῇεσμα,
3556 2890 3650 2944 καὶ
3679 2891 3759 2951 εἰς

2179 2991 2280 3063 τὴν
2307 2988 2401 3044 τοῦ
2455 2990 2715 3059 ἀκινήτου
2766 2986 2978 3042 δικαίου
3024 2985 3344 3055 ἀγωνιῶντα
3398 2983 3654 3038 σύστασίν
3699 3000 3759 3034 τε

488 3081 703 3137 colendi
758 3092 926 3137 causa
978 3076 1186 3134 virium
1241 3077 1650 3134 contentionem
1689 3076 1951 3142 adhibet,
2003 3073 2072 3131 ab

2184 3084 2279 3137 καὶ
2333 3080 2677 3152 ἐπιμέλειαν,
2732 3079 2808 3151 μὴ
2839 3078 3307 3134 ἀποκινεῖσθαιέκ
3362 3077 3461 3146 τῆς
3505 3073 3761 3144 τοιαύτης

480 3169 753 3240 ejusmodi
795 3167 1157 3226 eonductione
1192 3182 1299 3224 non
1344 3175 1693 3223 removeatur
1723 3183 1739 3221 :
1769 3164 1868 3222 sed
1910 3164 2071 3221 liceat

483 3271 545 3319 et
574 3263 666 3333 jus
696 3260 817 3317 talis
842 3258 1215 3331 empbyteusis
1246 3259 1551 3315 hazredibus
1577 3259 1695 3315 suis
1734 3256 2067 3328 relinquere,

488 3356 715 3421 donare,
749 3353 804 3409 in
830 3353 1017 3411 dotem
1042 3349 1195 3415 dare,
1229 3349 1315 3405 vel
1353 3349 1461 3405 alio
1490 3351 1652 3405 modo
1684 3347 1935 3419 quopiam
1969 3347 2073 3402 hoc

488 3445 584 3515 alii
612 3446 829 3512 cedere,
867 3458 934 3499 ac
975 3441 1209 3496 vendere
1244 3453 1259 3489 :
1305 3440 1466 3495 modo
1507 3439 1716 3496 scilicet
1736 3436 2072 3508 prmlatiouis

488 3548 678 3597 causa,
725 3547 824 3603 per
872 3530 1291 3587 adtestationem
1354 3528 1576 3586 domino
1616 3528 1901 3600 principali
1944 3539 2072 3583 ante

487 3623 858 3678 venditionem
878 3619 1176 3676 emendum
1214 3618 1527 3689 huiusmodi
1554 3619 1647 3691 jus
1676 3616 1950 3674 exhibeat.
1975 3616 2073 3674 lllo

487 3728 624 3770 vero
646 3712 978 3783 emptionem
1007 3720 1317 3779 recusante,
1368 3712 1488 3767 sine
1530 3709 1645 3766 ullo
1683 3709 2070 3779 impedimento

489 3812 614 3875 post
650 3816 867 3859 menses
901 3803 1039 3860 duos
1074 3802 1142 3858 ab
1173 3803 1559 3860 exhortatione
1604 3801 1672 3858 ad
1709 3800 1861 3857 illum
1884 3801 2030 3858 facta
2052 3841 2069 3869 ,

487 3895 740 3966 personis
779 3909 887 3951 non
908 3893 1196 3965 prohibitis
1221 3902 1276 3950 et
1296 3894 1727 3960 meliorationes,
1761 3904 1816 3950 et
1846 3893 2072 3964 emphy-

486 3988 661 4044 tensis
686 3986 953 4059 ejusmodi
980 3986 1072 4058 jus
1108 3986 1225 4059 ipse
1259 3983 1473 4043 vendat.

559 4164 616 4219 ι.
652 4165 764 4222 Res
789 4165 1097 4222 immobiles
1127 4180 1406 4223 sacrarum
1441 4165 1825 4232 ecclesiarum,
1850 4164 2073 4236 religio-

490 4272 676 4314 sorum
707 4260 968 4314 domuum
988 4295 1006 4323 ,
1035 4266 1131 4312 aut
1168 4257 1648 4322 monasteriorum,
1688 4266 1781 4312 aut
1814 4258 2073 4326 collegio-

490 4366 635 4417 rum,
664 4351 890 4422 (quibus
916 4349 1082 4406 rebus
1112 4358 1547 4406 annumerantur
1573 4359 1630 4406 et
1670 4350 1875 4404 rustica
1913 4364 2071 4405 man-

2180 3175 2470 3242 ὲκδόσεως,
2504 3173 2624 3229 ἀλλ’
2652 3172 2851 3238 ἐξεῖναι
2879 3171 3029 3242 αύτῷ
3059 3172 3122 3224 τὸ
3147 3171 3355 3225 δίκαιον
3380 3170 3477 3240 τῆς
3507 3167 3762 3235 τοιαύτης

2180 3267 2570 3342 ἐμφυτεύσεως
2594 3266 2954 3337 κληρονόμοις
2975 3263 3430 3334 καταλιμπάνειν,
3447 3258 3760 3332 δωρεῖσθαι,

2179 3362 2276 3415 καὶ
2301 3358 2621 3433 ἐμπροίκως
2650 3357 2733 3429 [ἐν
2761 3354 2972 3428 προικὶ]
3007 3354 3319 3419 ἐπιδιδόναι,
3353 3353 3386 3423 ἢ
3415 3351 3541 3407 καθ’
3573 3351 3762 3422 ἕτερον

2176 3452 2378 3522 τρόπον
2410 3450 2806 3521 μετερκχωρεῖν,
2843 3448 2942 3502 καὶ
2968 3446 3414 3514 διαπιπράσκειν,
3454 3443 3542 3499 διὰ
3570 3441 3763 3514 προτί-

2181 3556 2352 3611 μησιν
2407 3541 2473 3593 ἐκ
2519 3537 2922 3608 διαμαρτυρίας
2984 3536 3229 3608 δηλονότι
3278 3535 3359 3607 τῷ
3415 3533 3764 3605 πρωτοτύπῳ

2187 3634 2431 3706 δεσπότῃ
2466 3631 2577 3703 πρὸ
2616 3631 2975 3702 διαπράσεως
3024 3627 3324 3699 παρέχοντι
3361 3626 3490 3681 αὐτὸ
3519 3626 3763 3677 τοιοῦτον

2178 3725 2495 3797 ὠνήσασθαι
2516 3723 2743 3779 δίκαιον,
2779 3722 3023 3777 Ἐκείνου
3038 3720 3095 3775 δὲ
3116 3720 3193 3790 μὴ
3216 3716 3564 3790 βουλομένου,
3584 3718 3763 3786 ἀπαρ-

2178 3819 2521 3890 εμποδίστως
2574 3819 2714 3890 μετὰ
2760 3816 2853 3871 δύο
2908 3817 3083 3888 μῆνας
3129 3814 3228 3885 τῆς
3285 3812 3476 3867 τούτου
3531 3827 3766 3883 προτρο-

2180 3913 2290 3984 πῆς
2323 3913 2663 3983 πιπράσκειν
2696 3911 2860 3967 αύτδν
2889 3912 3003 3973 τοῖς
3042 3908 3118 3980 μή
3162 3905 3562 3977 κεκωλυμένοις
3591 3919 3766 3975 προσ-

2178 4004 2346 4069 ώποις
2376 4006 2445 4059 τά
2471 4022 2529 4057 τε
2551 4004 2917 4075 ἐμπονήματα
2946 4000 3043 4057 καὶ
3083 4004 3143 4055 τὸ
3170 3999 3273 4070 τῆς
3303 3996 3559 4068 τοιαύτης
3588 3997 3766 4066 ἐμφυ.

2179 4095 2420 4158 τεύσεως
2447 4095 2674 4149 δίκαιον.

2253 4184 2317 4241 δ’.
2379 4185 2461 4239 Τὰ
2506 4186 2742 4256 ἀκίνητα
2788 4184 2901 4238 τῶν
2951 4182 3114 4255 ἱερῶν
3169 4179 3497 4251 ἐκκλησιῶν,
3547 4176 3764 4246 εὐαγῶν

2180 4272 2365 4338 οἴκων,
2431 4271 2464 4342 η
2529 4274 2930 4345 μοναστηρίων,
2975 4275 3009 4345 ἦ
3035 4273 3399 4342 συστημάτων
3437 4270 3762 4340 πράγματα,

2181 4362 2267 4431 οἷς
2299 4366 2715 4438 συναριθμεῖται
2752 4368 2847 4422 καὶ
2895 4367 2964 4420 τὰ
2991 4365 3276 4438 γεωργικά
3307 4363 3641 4436 ἀνδράποδα,
3671 4363 3762 4415 καὶ

482 4445 653 4519 _cipia)
712 4446 949 4514 itemque
1001 4453 1291 4500 structum
1352 4444 1595 4510 urbanae,
1645 4443 1792 4499 nullo
1840 4444 2000 4499 modo
2044 4457 2072 4498 a

2183 4460 2281 4524 τὰς
2317 4459 2602 4524 πολιτικὰς
2628 4459 2955 4526 ἐπικτίσεις,
3012 4461 3135 4514 κατ’
3185 4460 3379 4514 οὐδένα
3434 4458 3638 4529 τρόπον
3678 4456 3765 4509 ἐκ·

490 4551 767 4608 quoquam
831 4536 1175 4604 alieneutur;
1243 4536 1573 4606 imperatore
1630 4532 1751 4590 solo
1814 4538 2071 4608 excepto,

489 4638 715 4698 propter
740 4642 869 4684 usus
898 4628 1263 4685 necessarios.

562 4712 706 4784 Fiat,
756 4718 952 4788 inquit,
1002 4720 1360 4776 immobiliqu
1412 4734 1593 4776 rerum
1634 4733 1916 4776 sacrarum
1957 4733 2077 4776 em-

488 4811 774 4884 phyteusis
807 4814 1153 4883 temporaria,
1190 4828 1363 4885 usque
1394 4815 1461 4868 ad
1493 4824 1703 4885 tempus
1745 4813 1870 4869 vita:
1908 4812 2074 4879 illius,

485 4905 584 4974 qui
623 4903 983 4973 conduxerit,
1010 4914 1066 4961 et
1103 4906 1398 4963 liberorum
1443 4907 1635 4977 ipsius,
1679 4914 1736 4962 et
1779 4915 2034 4977 nepotum
2057 4946 2073 4971 ,

491 5005 657 5065 atque
694 4997 863 5053 etiam
899 4997 1088 5053 uxoris
1133 4998 1274 5068 ejus,
1323 4980 1721 5070 siquidem'ita
1760 4995 2079 5053 convenerit

493 5102 793 5159 expresse:
820 5103 943 5145 cum
970 5090 1281 5148 conditione
1323 5093 1490 5147 sexta:
1529 5092 1701 5164 partis
1733 5091 1948 5162 pristini
1982 5103 2077 5144 re-

493 5182 640 5239 ditus
674 5184 964 5239 solvendae.

565 5274 619 5330 5.
661 5273 1055 5342 Ecclesiarum,
1094 5280 1151 5330 et
1180 5272 1576 5329 venerabilium
1610 5270 1899 5327 domorum
1932 5272 2077 5327 sub-

494 5369 736 5436 urbana,
768 5382 878 5424 non
912 5368 979 5424 ad
1010 5380 1309 5439 proventus
1339 5381 1434 5423 eos
1464 5367 1734 5430 locentur,
1771 5366 1863 5436 qui
1900 5365 2079 5421 adhuc

496 5471 827 5532 supersunt:
858 5461 954 5519 sed
992 5469 1229 5534 oportet,
1278 5476 1466 5517 eorum
1519 5459 1881 5516 aestimatione
1913 5460 2077 5527 facta,

496 5563 760 5619 quantum
822 5554 1117 5611 suburbani
1174 5552 1464 5611 mstimatio
1516 5553 1754 5610 reditum
1823 5553 2080 5626 colligere

496 5652 691 5711 potest,
725 5647 777 5701 in
808 5662 982 5705 annos
1018 5646 1118 5704 XX
1143 5649 1338 5715 divisa,
1371 5657 1581 5704 tantum
1611 5658 1672 5703 ut
1712 5658 2004 5719 proventus
2036 5648 2083 5704 is

491 5733 820 5809 stipuletur,
856 5742 949 5813 qui
994 5742 1372 5816 emphyteusin
1417 5745 1535 5814 ejus
1573 5751 1896 5814 accepturus
1941 5750 2081 5817 est”:

2176 4550 2472 4615 ποιεῖσθαι,
2509 4550 2649 4623 πλὴν
2681 4552 2830 4625 μόνῳ
2860 4552 3092 4624 βασιλεῖ,
3118 4551 3188 4606 δι’
3215 4551 3521 4621 ἀναγκαίας
3550 4548 3761 4621 χρείας.

2249 4737 2522 4805 Γενέσθω,
2570 4736 2758 4807 φησὶν,
2790 4735 3068 4807 ἀκινήτων
3098 4735 3393 4807 ίερατικῶν
3420 4733 3765 4805 πραγμάτων

2181 4829 2514 4898 πρόσκαιρος
2541 4826 2874 4897 ἐμφύτευσις
2911 4825 3075 4898 μέχρι
3104 4827 3202 4897 τῆς
3238 4823 3385 4896 ζωῆς
3436 4823 3532 4877 τοῦ
3581 4827 3765 4893 ἐμφυ-

2178 4921 2547 4990 τευσαμένου,
2601 4919 2696 4972 καὶ
2731 4917 2841 4972 τῶν
2887 4917 3093 4971 παίδων
3119 4916 3310 4982 αὑτοῦ,
3345 4916 3442 4970 καὶ
3501 4917 3763 4985 ἐκγόνων,

2180 5008 2318 5066 ἀλλά
2352 5011 2459 5083 μὴν
2492 5011 2587 5065 καὶ
2619 5011 2866 5082 γαμετῆς
2911 5009 3126 5081 ἀνδρὸς,
3159 5010 3209 5063 εἰ
3252 5009 3433 5080 ῥητῶς
3460 5007 3618 5065 τοῦτο
3644 5024 3765 5060 συν-

2182 5102 2492 5174 εφώνησαν,
2522 5101 2619 5172 τῆς
2643 5101 2808 5173 ἕκτης
2853 5101 3049 5174 μοίρας
3100 5097 3470 5171 κομιζομένης
3511 5101 3613 5170 τῆς
3660 5101 3763 5169 ἀρ-

2182 5194 2348 5265 χαίας
2377 5193 2667 5263 προσόδου.
3270 5258 3275 5263 λ
3710 5186 3713 5191 “

2253 5281 2319 5340 ε’.
2375 5284 2458 5338 Τὰ
2502 5283 2614 5337 τῶν
2661 5282 2991 5356 ἐκκλησιῶν,
3023 5284 3121 5339 καὶ
3148 5282 3364 5338 σεπτῶν
3411 5283 3579 5337 οίκων
3631 5299 3765 5353 προ-

2182 5375 2397 5443 άστεια,
2430 5375 2506 5448 μὴ
2527 5375 2665 5447 πρὸς
2696 5376 2798 5448 τὴν
2819 5374 3137 5448 σωζομένην
3166 5374 3564 5430 ἐκδιδόσθωσαν
3593 5374 3766 5446 πρόσσ

2181 5468 2323 5536 οδον,
2345 5469 2483 5523 ἀλλά
2512 5469 2595 5522 δεῖ
2621 5468 2718 5539 τῆς
2749 5470 3024 5541 τιμήσεως
3053 5470 3261 5524 τούτων
3289 5469 3606 5540 γινομένης,
3633 5469 3765 5540 δσην

2184 5562 2442 5631 συνάγειν
2491 5561 2713 5616 δύναται
2760 5563 3021 5634 πρόσοδον
3055 5564 3089 5634 ή
3136 5564 3468 5634 ἀποτίμησις
3497 5560 3593 5614 τοῦ
3624 5575 3765 5631 προ-

2185 5654 2419 5722 αστείου,
2448 5656 2526 5716 εἰς
2571 5654 2816 5709 εἰκοστὸν
2855 5656 2975 5719 ἔτος
3015 5656 3393 5727 διαιρουμένη,
3432 5654 3701 5725 τοσαύτην
3734 5655 3763 5705 δ

2188 5743 2399 5814 μέλλων
2452 5744 2600 5815 αύτῷ
2652 5744 2831 5821 [αὐτὸ]
2912 5746 3313 5817 ἐμφυτεύεσθητ
3382 5743 3763 5817 ἐπερωτᾶσθαι
