4058 6212
324 314 428 378 ξιὲθ

1590 316 1983 381 DELECTUS
2021 316 2308 377 LEGUM.

3473 320 3583 382 530

329 432 616 502 πρόσοδον,
639 433 889 486 τουτέστι
916 433 978 485 τὸ
1006 431 1252 487 είκοστδν
1281 433 1444 505 μέρος
1475 434 1573 505 τῆς
1603 436 1882 509 γινομένης

1999 433 2100 488 hoc
2128 440 2230 497 est,
2264 430 2536 499 promittit
2557 431 2929 501 empliytenta,
2957 445 3016 485 se
3037 431 3347 487 vicesimam
3372 442 3578 502 partem

322 526 701 595 διατιμήσεως
724 526 821 579 τοῦ
859 525 1187 595 προαστείου
1217 526 1707 597 προσομολογεῖται
1740 529 1770 581 ὁ
1798 531 1901 599 ἐμ-

324 615 596 685 φυτευτὴς
623 618 708 679 είς
732 616 957 685 ἐτησίαν
982 616 1244 686 παρέχειν
1268 616 1554 686 πρόσοδον.

398 706 474 773 ς’.
511 708 569 761 '0
592 707 866 779 τολμήσας
892 707 1148 777 ἀκίνητον
1192 707 1464 777 ἱερατικὸν
1502 710 1737 781 πρᾶγμα
1772 709 1900 776 ἀγο-

330 800 517 870 ράσαι,
548 798 661 851 τῶν
695 797 1022 868 τιμημάτων
1052 797 1146 850 καὶ
1189 795 1283 850 τοῦ
1306 797 1631 866 πράγματος
1659 800 1897 852 ἀποστε-

324 894 519 961 ρεῖται,
539 890 816 951 ἀναδιδοὺς
839 890 933 942 καὶ
956 890 1081 954 τοὺς
1101 891 1347 961 καρποὺς
1371 891 1464 944 τοῦ
1494 892 1659 962 μέσου
1676 890 1894 963 χρόνουο

320 982 429 1036 τῶν
451 983 867 1051 πιπρασκόντων
889 981 1187 1052 οἰκονόμων
1215 999 1296 1049 τε,
1325 983 1419 1037 καὶ
1444 982 1750 1053 διοικητῶν,
1774 984 1893 1049 ταῖς

322 1076 527 1136 ποιναῖς
553 1073 1003 1143 ὑποδαλλομένων
1038 1076 1137 1144 τῆς
1165 1074 1460 1141 διατάξεως
1487 1075 1735 1140 Λέοντος.

385 1163 453 1226 ζ’.
501 1164 558 1217 '0
590 1166 729 1217 κατά
760 1164 970 1235 δωρεάν
999 1165 1200 1232 λαϐὼν,
1238 1166 1374 1237 πρὸς
1408 1166 1487 1237 τῷ
1541 1166 1617 1238 μὴ
1648 1166 1887 1222 ἀπολαῦ-

320 1274 406 1309 σαι
440 1254 532 1307 τοῦ
566 1254 927 1324 δωρηθέντος,
963 1258 1057 1311 καὶ⁵
1095 1258 1281 1328 ἕτερον
1334 1257 1713 1329 παραπλήσιον
1744 1260 1887 1312 ἀπο-

316 1350 494 1402 δώσει.
534 1349 593 1403 Ὀ
626 1350 749 1403 κατ’
779 1351 1081 1423 ἐναλλαγὴν
1110 1351 1472 1421 κτησάμενος,
1514 1352 1607 1405 καὶ
1636 1351 1666 1405 ὃ
1696 1350 1885 1404 ἐλαϐεν

314 1442 604 1513 ἀποδώσει,
628 1443 722 1497 καὶ
758 1443 852 1501 τοῦ
882 1442 1132 1507 δοθέντος
1163 1444 1498 1496 ἐκπεσεῖται.

895 1625 1144 1679 ΤΙΤΛΟΣ
1166 1621 1294 1677 KE'.

832 1714 971 1784 Περὶ
997 1712 1372 1785 μισθώσεων.

2008 522 2126 591 ejus
2155 522 2335 591 pretii,
2360 536 2476 591 quo
2504 521 2871 577 suburbanum
2902 523 3224 591 mstimatur,
3248 523 3452 579 reditus
3476 540 3581 579 an-

2007 616 2099 671 nui
2128 614 2351 669 nomine
2384 622 2785 683 pmslaturnm.

2076 707 2130 763 θ.
2160 705 2261 773 Qui
2295 720 2479 760 emere
2510 704 2675 759 fuerit
2714 720 2879 759 ausus
2917 720 3030 760 rem
3070 719 3279 759 sacram
3324 706 3576 760 immobi-

2005 798 2132 863 lem,
2164 807 2270 851 tam
2305 796 2501 866 pretio,
2532 810 2693 865 quam
2726 796 2841 865 ipsa
2861 812 2920 850 re
2946 797 3209 865 privatur,
3241 796 3403 849 etiam
3437 805 3574 850 tem-

2001 890 2149 959 poris
2178 886 2483 943 intermedii
2516 886 2725 940 fructus
2752 886 2985 941 reddens
3018 903 3030 938 :
3066 887 3425 941 vendentibus
3453 902 3574 939 eam

2002 991 2112 1037 lam
2152 978 2476 1043 mconomis,
2509 993 2671 1048 quam
2715 977 3272 1041 administratoribus,
3307 979 3573 1032 constitu-

2000 1072 2161 1126 tionis
2197 1070 2450 1125 Leonina:
2482 1070 2657 1139 ptenis
2682 1068 3056 1137 subiiciendis.

2066 1164 2119 1217 7.
2153 1162 2253 1229 Qui
2281 1161 2435 1216 titulo
2456 1160 2767 1216 donationis
2802 1161 3050 1215 eamdem
3102 1160 3386 1226 acceperit,
3424 1173 3571 1227 pra:-

1996 1260 2241 1318 terquam
2276 1251 2419 1322 quod
2451 1266 2508 1305 re
2548 1252 2744 1304 donata
2790 1264 2896 1302 non
2952 1246 3179 1311 fruetur,
3218 1246 3379 1300 etiam
3426 1244 3587 1297 aliud?

1994 1342 2251 1410 quiddam
2280 1341 2429 1410 paris
2452 1339 2833 1395 aestimationis
2863 1340 3058 1393 solvet.
3087 1336 3187 1402 Qui
3216 1336 3430 1389 nomine
3451 1348 3571 1401 pcr-

1994 1431 2310 1487 mutationis
2335 1430 2709 1500 adquisiverit,
2738 1438 2847 1484 tam
2876 1430 3018 1496 quod
3044 1426 3334 1498 acceperit,
3360 1425 3570 1486 reddet,

1992 1536 2155 1589 quam
2185 1534 2274 1587 eo,
2306 1522 2449 1590 quod
2471 1521 2704 1585 dederit,
2737 1519 2970 1575 excidet.

2522 1625 2822 1682 TlTULUS
2869 1624 3037 1680 XXV.

2272 1717 2349 1773 De
2382 1717 2723 1771 locationibus
2752 1728 2800 1771 et
2831 1714 3282 1769 conductionibus.

382 1804 451 1860 α’.
484 1806 550 1858 Ai
587 1805 883 1876 μισθώσεις
928 1806 1193 1878 ἕγγραφοί
1245 1821 1305 1858 τε
1357 1804 1450 1859 καὶ
1496 1804 1736 1876 ἄγραφοι
1795 1808 1882 1861 ἐπὶ

2069 1813 2119 1867 l.
2156 1811 2477 1867 Locationes
2506 1819 2614 1865 tam
2655 1809 2711 1863 in
2758 1807 2996 1876 scriptis,
3034 1821 3193 1875 quam
3242 1806 3377 1858 citra
3432 1808 3569 1859 scri-

310 1896 596 1969 ὀνομαστῷ
643 1900 961 1968 ἐνιαυσιαίῳ
996 1897 1441 1969 συμφωνουμένῳ
1473 1896 1768 1968 τελέσματι
1798 1900 1893 1953 καὶ

310 1988 474 2041 αὑταὶ
504 1988 868 2056 γενέσθωσαν,
898 1990 1030 2060 παρ’
1054 1991 1259 2059 ἐτέρων
1283 1988 1645 2061 [περαιτέρω]
1670 1991 1778 2044 τῶν
1810 1992 1890 2045 κθ¹

314 2079 523 2149 χρόνων
551 2080 629 2149 μὴ
667 2082 1064 2151 ἐκτεινόμεναι,
1113 2083 1225 2135 εττε
1272 2081 1365 2134 ἐπὶ
1396 2082 1890 2151 ἐκκλησιαστικῶν,

313 2171 423 2223 εἴτε
449 2170 546 2224 τοῦ
580 2172 781 2241 μέρους
805 2172 899 2226 τοῦ
939 2172 1221 2241 δημοσίου,
1258 2172 1292 2243 ἢ
1330 2172 1612 2242 βασιλικοῦ
1648 2176 1819 2241 οίκου,
1854 2176 1887 2246 ἢ

310 2261 544 2328 εὐαγοῦς
582 2264 773 2327 τόπου,
831 2265 1146 2335 κτημάτων,
1206 2264 1443 2335 χωρίων,
1486 2265 1694 2336 ἀγρῶν,
1729 2267 1762 2337 ἢ
1797 2266 1892 2320 ἐπὶ

309 2350 513 2405 λοιπῶν
542 2353 599 2405 al
628 2354 876 2409 τοιαῦται
906 2355 1145 2418 ἐκδόσεις
1188 2356 1475 2424 γένωνται,
1512 2357 1606 2411 καὶ
1649 2359 1786 2428 πρὸς
1828 2358 1890 2411 τὸ

311 2443 674 2513 συμφωηθέν
696 2446 760 2497 ἐκ
784 2445 876 2499 τοῦ
909 2447 1388 2518 ἐκλαμϐανομένω
1429 2450 1529 2503 καὶ
1554 2451 1888 2522 ὁμολογηθὲν

311 2536 642 2589 ἐνιαυσιαῖον
665 2535 998 2605 μισθωτικὸν
1021 2537 1259 2608 τέλεσμα
1285 2540 1437 2611 παρὰ
1465 2540 1560 2594 τοῦ
1588 2542 1885 2597 ἐκδεδωκό-

309 2642 419 2687 τος.
452 2626 616 2679 Ὥστε
646 2626 741 2678 τοῦ
781 2625 1262 2697 ἐκλαμϐανομένου
1304 2630 1756 2698 μεταμελοῦντος,
1785 2631 1886 2702 τὴν

315 2716 577 2783 μίσθωσιν
613 2718 761 2780 ἐντὸς
793 2718 1043 2771 ἐνιαυτοῦ
1079 2719 1487 2789 προστίθεσθαι,
1514 2721 1609 2775 ἐὰν
1635 2723 1700 2776 ἐκ
1746 2741 1883 2796 συμ-

310 2808 490 2876 φώνου
519 2811 647 2879 περὶ
676 2809 864 2865 τούτου
890 2810 1151 2881 ὀνομαστὶ
1172 2812 1530 2877 ἀπετάξαντο.

380 2901 444 2968 β’.
490 2902 615 2955 Ἐὰν
646 2903 1007 2973 συμφωνηθῇ,
1058 2903 1183 2966 τοὺς
1235 2905 1687 2976 μισθωσαμένους
1732 2904 1883 2964 οἷκον

309 2992 544 3056 ἀϐλαϐὲς
576 2993 722 3062 ἔχειν
756 2993 890 3064 πῦρ,
925 2994 1020 3049 καὶ
1042 2996 1260 3067 τυχηρά
1288 2997 1514 3068 γένηται
1544 2998 1761 3065 καῦσις,
1782 3002 1883 3055 οὐκ

310 3082 551 3151 ἐνέχεται
609 3084 637 3135 ό
692 3084 1151 3155 μισθωσάμενοςο
1197 3087 1247 3140 εί
1294 3086 1351 3141 δὲ
1409 3088 1551 3142 κατά
1606 3090 1882 3162 ῥαθυμίαν

306 3173 469 3228 αὐτοῦ
504 3177 725 3246 συνέϐη,
759 3177 1024 3247 ἐνέχεται.

376 3272 445 3333 γ’.
522 3266 581 3319 '0
638 3268 1053 3339 μισθωσάμενος
1103 3271 1340 3341 ἀγέλην,
1400 3275 1495 3329 ἐὰν
1534 3274 1742 3346 δειχθῇ,
1796 3277 1879 3331 ὅτι

307 3357 473 3425 χωρὶς
503 3356 669 3411 αὐτοῦ
703 3358 897 3430 λῃσταὶ
924 3360 1095 3431 αὐτὴν
1121 3362 1423 3431 ἀφείλοντο,
1452 3367 1552 3419 οὐκ
1594 3368 1840 3438 ἐνέχεται
1860 3386 1873 3399 ·

304 3448 442 3503 ἀλλά
474 3448 887 3520 λαμϐάνειτοὺς
924 3453 1156 3525 μισθοὺς
1186 3455 1282 3510 τοῦ
1314 3456 1638 3529 λειπομένου
1660 3462 1874 3532 χρόνου.

372 3628 434 3681 δ’.
497 3628 622 3683 Ἐὰν
669 3630 869 3701 εὑρεθῇ
928 3632 1133 3703 ποιμὴν
1186 3636 1453 3705 μισθωτός
1504 3638 1758 3709 ἀμέλγων
1808 3641 1878 3696 τά

302 3720 631 3791 βοσκήματα
678 3722 852 3793 λάθρα
885 3722 991 3776 τῶν
1044 3726 1249 3794 κυρίων
1306 3728 1499 3795 αὐτοῦ,
1543 3731 1875 3804 τυπτόμενος

298 3810 411 3863 τῶν
438 3811 647 3879 μισθῶν
676 3811 856 3864 αὐτῶν
888 3814 1204 3880 στερείσθω.

374 3898 437 3952 ε’.
482 3899 542 3951 Ὅ
565 3900 791 3969 ποιμὴν,
815 3900 908 3953 καὶ
948 3901 979 3954 ό
1012 3901 1245 3974 ῥάπτης,
1272 3904 1368 3958 καὶ
1413 3906 1443 3958 ό
1474 3910 1735 3976 γναφεὺς,
1768 3908 1878 3963 ἀπὸ

298 3990 577 4061 ῥᾳθυμίας
601 3990 865 4061 ἐνέχεται.

369 4080 447 4145 ς’.
487 4082 614 4136 Ἐἀν
637 4082 928 4154 μυόϐρωτα
949 4084 1229 4153 γίνωνται,
1257 4087 1289 4158 ἢ
1316 4087 1541 4142 κολύσια
1571 4090 1876 4163 [σκωληκό-

298 4168 533 4240 6ρωτα],
562 4170 594 4241 ἢ
627 4169 818 4241 ἕτερον
845 4171 938 4225 τοῦ
962 4172 1155 4244 ἐτέρου
1189 4177 1561 4248 παρασχισθῇ,
1593 4176 1873 4243 ὡσαύτως.

296 4261 409 4313 Καὶ
436 4261 465 4313 ό
492 4262 760 4329 γναφεὺς,
790 4261 889 4316 ἐὰν
919 4265 1259 4339 συμφωνηθῇ
1303 4266 1381 4339 μὴ
1424 4267 1569 4339 ἔχειν
1604 4269 1737 4341 πῦρ,
1782 4271 1876 4325 καὶ

296 4352 421 4418 σχῇ,
463 4350 731 4419 ἐνέχεται.

1994 1910 2208 1972 pturam
2240 1908 2295 1954 et
2334 1900 2463 1970 ipsa:
2508 1898 2611 1953 sub
2647 1911 2903 1965 expressa
2944 1896 3262 1950 nominatim
3306 1896 3567 1963 pensione

1991 2010 2191 2059 annua,
2230 1993 2298 2049 de
2318 2008 2423 2063 qua
2454 1990 2795 2055 convenerit,
2830 1990 2996 2055 ﬁant,
3033 1987 3174 2041 ultra
3199 1986 3367 2042 XXIX
3395 2002 3569 2041 annos

1990 2097 2049 2137 se
2074 2096 2179 2135 non
2203 2080 2583 2145 extendentes,
2607 2079 2723 2135 sive
2751 2079 2805 2132 in
2839 2091 3019 2131 rerum
3048 2076 3566 2138 ecclesiasticarum,

1990 2189 2084 2230 seu
2118 2173 2256 2239 ﬁsci,
2289 2189 2383 2228 seu
2422 2175 2618 2227 domus
2658 2172 2976 2242 augustalis,
3029 2186 3125 2225 seu
3166 2170 3267 2225 loci
3320 2169 3564 2239 religiosi

1989 2262 2448 2331 possessionibus,
2482 2262 2719 2330 praediis,
2754 2261 2960 2328 fundis,
2990 2271 3082 2316 aut
3118 2262 3171 2316 in
3208 2261 3331 2316 aliis
3371 2261 3564 2330 hujus-

1990 2353 2131 2408 modi
2166 2354 2465 2407 locationes
2491 2361 2546 2407 et
2569 2353 2959 2408 conductiones
2982 2354 3132 2418 (iant,
3154 2354 3220 2408 ad
3246 2352 3581 2422 stipulatam‘

1988 2459 2018 2497 a
2054 2446 2423 2510 condnctore,
2459 2444 2827 2514 locatorisque
2870 2460 3138 2500 consensu
3197 2446 3557 2515 approbatum

1985 2536 2299 2606 pensionem
2349 2552 2584 2591 annuam
2627 2537 3021 2593 conductitiatu
3071 2553 3084 2589 :
3121 2538 3196 2591 ita
3230 2539 3468 2605 quidem,
3506 2546 3566 2589 ut

1984 2628 2029 2684 si
2076 2629 2457 2684 conductorem
2496 2628 2616 2699 ejus
2654 2630 2934 2698 pmniteat,
2978 2630 3117 2683 intra
3167 2630 3401 2698 spatium
3432 2628 3561 2681 anni

1985 2720 2398 2775 conductionem
2425 2721 2684 2791 resignet,
2710 2721 2868 2776 modo
2897 2723 2965 2778 de
2998 2723 3099 2777 hoc
3129 2723 3270 2777 inter
3290 2738 3350 2777 se
3377 2723 3557 2777 nomi-

1985 2812 2153 2867 natim
2180 2828 2246 2867 ex
2278 2822 2437 2884 pacto
2466 2813 2844 2869 convenerint.

2052 2905 2109 2957 2.
2154 2903 2208 2958 Si
2251 2906 2584 2969 convenerit,
2629 2912 2689 2958 ut
2725 2904 2915 2959 domus
2954 2905 3315 2960 conductores
3376 2903 3559 2973 ignem

1985 2996 2164 3050 damni
2206 3004 2484 3065 expertem
2512 2994 2780 3059 habeant,
2812 3004 2869 3049 et
2928 2994 3208 3050 fortuitum
3246 2995 3563 3050 incendium

1985 3085 2289 3146 exstiterit.
2326 3085 2626 3141 conductor
2667 3100 2773 3139 non
2814 3093 3069 3140 tenetur:
3099 3087 3182 3143 sin
3225 3087 3557 3158 negligentia

1987 3176 2157 3246 ipsius
2184 3176 2466 3241 acciderit,
2492 3186 2730 3231 tenetur.

2054 3267 2107 3321 5.
2140 3266 2240 3333 Qui
2286 3282 2501 3337 gregem
2540 3269 2870 3338 pascendum
2906 3270 3251 3335 conduxerit,
3284 3271 3328 3323 si
3361 3272 3555 3338 proba-

1984 3367 2094 3412 tum
2124 3358 2304 3423 fuerit,
2328 3374 2450 3414 eum
2485 3360 2690 3430 absque
2723 3361 2823 3416 hoc
2848 3376 2877 3415 a
2916 3360 3216 3418 latronibus
3244 3361 3569 3431 abreptum,

1982 3467 2087 3506 non
2125 3461 2367 3519 tenetur;
2398 3452 2490 3509 sed
2521 3454 2826 3511 mercedem
2863 3453 3061 3524 reliqui
3109 3455 3367 3525 temporis
3405 3454 3555 3509 acci-

1981 3540 2078 3609 pit.

2050 3630 2103 3687 ιὶ.
2135 3630 2189 3685 Si
2215 3631 2579 3688 conductitius
2608 3644 2791 3701 pastor
2811 3634 3186 3706 deprehensus
3215 3636 3375 3691 fuerit
3408 3638 3549 3691 clam

1980 3722 2217 3777 dominis
2259 3723 2373 3776 suis
2421 3724 2661 3793 mulgere
2706 3728 2964 3793 pecudes,
3000 3728 3316 3784 verberibus
3360 3744 3553 3794 caesus,

1979 3813 2142 3866 etiam
2168 3813 2283 3880 ipse
2308 3816 2556 3868 mercede
2587 3816 2846 3881 privator.

2050 3903 2103 3957 5.
2137 3904 2353 3967 Pastor,
2388 3914 2442 3959 et
2474 3905 2798 3971 sarcinator,
2820 3915 2877 3961 et
2907 3906 3063 3973 fullo,
3093 3908 3432 3978 negligentia:
3463 3923 3555 3961 no-

1980 3992 2125 4047 mine
2166 4002 2435 4047 tenentur.

2050 4084 2104 4138 6.
2139 4082 2193 4139 Si
2227 4098 2256 4137 a
2286 4084 2531 4140 muribus
2559 4086 2910 4153 arrodantur,
2948 4096 3041 4142 aut
3074 4103 3104 4141 a
3141 4088 3435 4155 vermibus,
3461 4100 3555 4143 aut

1978 4174 2314 4240 alterumab
2343 4175 2517 4232 altero
2546 4176 2899 4246 discindatur,
2928 4180 3153 4249 perinde
3170 4180 3301 4235 fullo
3320 4189 3551 4236 tenetur.

1977 4266 2289 4334 ldetuJullo,
2307 4270 2351 4324 si
2382 4270 2717 4339 convenerit,
2741 4280 2799 4326 ut
2821 4273 2997 4343 ignem
3026 4287 3129 4329 non
3145 4274 3357 4339 habeat,
3379 4284 3432 4329 et
3455 4274 3554 4329 lia-

1977 4359 2157 4414 lnicrit
2176 4399 2191 4424 ,
2225 4368 2458 4416 tenetur.

367 4439 432 4519 ς.
479 4441 602 4496 Ἐἀν
651 4444 791 4516 λάϐῃ
845 4462 930 4510 τις
986 4446 1083 4501 ἐπὶ
1119 4447 1179 4501 τὸ
1236 4449 1541 4519 ἐγκλεῖσαι,
1593 4452 1626 4523 ἢ
1676 4453 1879 4524 γλύψαι

2058 4450 2111 4503 7.
2148 4448 2205 4505 Si
2243 4466 2513 4520 gemmam
2543 4452 2666 4523 quis
2709 4454 3002 4524 acceperit,
3051 4466 3108 4510 ut
3142 4471 3263 4512 eam
3309 4457 3549 4512 includat

295 4529 503 4593 λιθέαν,
532 4532 626 4585 καὶ
655 4533 884 4606 κλασθῇ,
922 4538 972 4590 εἰ
997 4538 1096 4608 μὲν
1126 4540 1184 4607 ἐξ
1214 4541 1469 4612 ἀπειρίας
1490 4542 1585 4597 τοῦ
1611 4545 1877 4615 τεχνίτου,

296 4620 544 4690 ἐνέχεται
570 4638 584 4651 ο
616 4626 666 4677 εί
700 4624 757 4678 δὲ
790 4627 900 4680 ἀπὸ
931 4628 1110 4690 αἰτίας
1139 4630 1237 4702 τῆς
1272 4630 1426 4703 ῦλης,
1466 4632 1567 4688 οὐκ
1611 4635 1876 4706 ἐνέχεται,

294 4714 343 4765 εί
370 4714 446 4785 μὴ
476 4716 567 4768 τὸν
596 4716 844 4770 κίνδυνον
874 4720 1182 4785 ἀνεδέξατο.

362 4802 429 4873 η’.
478 4805 605 4859 Ἐάν
630 4824 714 4869 τις
747 4808 1090 4879 μισθώσηται
1125 4810 1300 4874 κίονα,
1340 4813 1373 4883 ἢ
1413 4813 1588 4879 πίθον,
1627 4815 1659 4886 ἢ
1700 4816 1874 4882 ξύλον,

297 4891 486 4960 ἦάλλο
529 4896 789 4964 πρᾶγμα.
842 4898 921 4961 είς
958 4898 1019 4951 τὸ
1075 4903 1462 4972 μετακομίσαι,
1522 4906 1618 4958 καὶ
1665 4907 1874 4981 κλασθῇ

293 4986 351 5036 ἐν
397 4983 475 5054 τῷ
501 4986 946 5059 κουφίζεσθαι,ἢ
994 4991 1050 5043 ἐν
1097 4992 1173 5061 τῷ
1223 4995 1601 5057 ἀποτίθεσθαι,
1642 4999 1743 5050 οὐκ
1790 5002 1876 5052 ἐν·

289 5075 496 5144 έχεται,
535 5079 582 5129 εί
617 5077 692 5147 μὴ
725 5078 833 5131 ἀπὸ
880 5080 1151 5151 ῥᾳθυμίας
1183 5084 1414 5151 οἰκείας,
1461 5084 1494 5154 ἢ
1535 5084 1642 5137 τῶν
1672 5086 1875 5157 ὑπουρο

289 5168 528 5232 γούντων
558 5168 727 5239 αὐτῷ.

364 5254 429 5309 θ’.
475 5258 598 5310 Ἐὰν
627 5259 934 5329 παριόντων
992 5265 1362 5332 στρατιωτῶν,
1418 5267 1815 5338 παραχωρήσει
1846 5270 1874 5321 ό

293 5346 729 5417 μισθωσάμενος,
759 5353 851 5403 καὶ
888 5354 937 5405 οἱ
988 5356 1319 5424 στρατιῶται
1353 5358 1452 5421 τάς
1484 5358 1705 5428 θυρίδας
1742 5358 1872 5429 [μυο

293 5437 526 5509 ριάδας],
567 5439 599 5508 ἢ
635 5440 822 5509 ἕτερόν
848 5460 901 5494 τι
927 5444 1254 5512 ἀφέλωνται,
1296 5449 1409 5517 εἴγε
1445 5449 1743 5519 δυνάμενος
1771 5449 1871 5502 οὐκ

289 5526 591 5595 ἀπήγγειλε
646 5527 722 5597 τῷ
753 5530 1016 5601 δεσπότῃ,
1052 5533 1084 5602 ἢ
1123 5534 1421 5607 δυνάμενος
1465 5539 1564 5591 οὐκ
1613 5538 1867 5607 ἀντέστη,

290 5618 552 5688 ἐνέχεται.

367 5713 423 5762 ι’.
487 5708 545 5761 '0
581 5710 995 5780 μισθωσάμενος
1042 5716 1235 5783 ἄλκργον
1265 5721 1343 5784 εἰς
1375 5719 1434 5774 τὸ
1494 5721 1763 5786 βαστάσαι
1812 5740 1861 5775 τι

1982 4551 2076 4596 aut
2111 4542 2359 4613 sculpat,
2401 4546 2446 4600 si
2478 4544 2647 4600 fracta
2690 4545 2853 4602 fuerit
2890 4548 3117 4604 artiﬁcis
3143 4551 3433 4618 imperitia,
3471 4560 3553 4606 tc-
3634 4605 3639 4611 .

1983 4643 2140 4689 netur
2169 4652 2184 4691 :
2216 4637 2300 4690 sin
2343 4637 2580 4692 materia-
2604 4638 2756 4706 vitio,
2793 4654 2898 4695 non
2923 4649 3152 4707 tenetur,
3185 4642 3286 4697 nisi
3323 4643 3552 4713 pericu-

1980 4725 2088 4780 lum
2124 4726 2175 4780 in
2209 4742 2267 4782 se
2302 4729 2583 4798 receperit.

2050 4815 2104 4869 8.
2146 4815 2201 4870 Si
2230 4819 2313 4870 cui
2352 4818 2602 4873 columna
2642 4821 2814 4875 locata
2858 4822 3036 4892 fuerit,
3070 4834 3161 4880 aut
3193 4826 3427 4891 dolium,
3458 4841 3553 4882 aut.

1980 4907 2204 4977 lignum,
2246 4910 2417 4964 aliave
2451 4926 2538 4966 rcs
2571 4913 2753 4983 aliquo
2782 4918 3223 4985 transportando,
3266 4918 3548 4988 fractaque

1980 4998 2144 5055 luerit
2183 5001 2324 5056 inter
2376 5002 2793 5071 sublevandutn,
2841 5007 2925 5062 vel
2972 5009 3386 5078 deponendum,
3436 5026 3542 5064 non

1981 5102 2215 5159 tenetur,
2251 5094 2353 5150 nisi
2383 5110 2457 5150 ex
2486 5109 2605 5162 sua,
2644 5098 2725 5152 vel
2750 5114 2944 5169 operas
2970 5102 3074 5158 sibi
3110 5106 3419 5158 navantiuui
3454 5119 3549 5160 nc-

1977 5185 2254 5254 gligvntia.

2045 5276 2098 5330 9.
2134 5276 2189 5330 Si
2240 5276 2502 5333 militibus
2546 5282 2972 5350 transeuntibus,
3015 5287 3362 5341 conductoris
3407 5302 3546 5356 per-

1975 5368 2141 5421 missn
2166 5368 2457 5437 fenestras,
2478 5382 2570 5427 aut
2589 5372 2792 5444 aliquid
2815 5376 2961 5431 aliud
2991 5377 3186 5433 milites
3202 5378 3543 5432 abstulerint:

1976 5461 2261 5530 siquidem,
2314 5477 2432 5516 cum
2495 5472 2713 5534 posset,‘
2751 5469 2800 5520 id
2829 5468 3051 5523 domino
3098 5484 3204 5522 non
3246 5469 3542 5535 nuntiavit,

1976 5562 2067 5603 aut
2095 5551 2174 5606 eis
2206 5568 2311 5607 non
2348 5554 2563 5619 restitit,
2604 5570 2723 5610 cum
2752 5566 2965 5625 posset,
2996 5567 3232 5611 tenetur.

2051 5721 2129 5774 lt).
2171 5723 2268 5787 Qui
2313 5721 2614 5791 iumentum
2653 5721 2907 5780 conduxit
2938 5724 3003 5780 ad
3039 5725 3218 5783 oneris
3244 5725 3377 5784 certi
3418 5742 3541 5798 ges‘
