4084 6208
473 319 574 384 531

1508 323 1650 384 CON
1655 323 1927 386 STANTI
1935 325 2016 385 NI
2056 319 2739 387 PORPHYROGENlTI

3618 325 3727 389 532

476 430 760 500 tationem,
807 434 851 489 si
894 433 1021 502 quid
1060 445 1215 500 aequo
1266 431 1486 504 gravius
1547 433 1891 505 imposuerit,
1940 450 2048 506 quo

2153 437 2328 509 δῆλον,
2355 439 2402 492 εί
2451 437 2750 508 βαρύτερον
2797 435 3066 506 ἐπιθήσει,
3131 433 3508 507 βλαπτομένου
3560 438 3732 492 αὐτοῦ

468 523 714 596 iumento
748 523 977 589 lzeditur,
1005 539 1068 580 eo
1100 525 1320 580 nomine
1347 534 1576 582 tenetur.

546 615 633 668 ll;
677 611 942 666 Similiter
965 622 1017 668 et
1050 614 1116 680 is,
1153 615 1245 684 qui
1283 617 1543 672 conduxit
1589 619 1652 673 ad
1696 618 1870 676 locum
1913 619 2047 675 deﬁ-

472 703 669 766 nitum,
699 709 753 754 et
789 701 1016 758 ulterius
1043 709 1235 774 pergil.

543 793 630 847 l2.
663 792 764 859 Qui
813 795 1005 850 bovem
1049 798 1279 869 alicujus
1321 816 1501 872 operae
1542 817 1704 858 causa
1767 803 2046 868 conduxit,

471 883 514 938 si
549 883 817 939 moriatur
852 887 904 941 in
938 902 1003 944 eo
1031 889 1239 955 labore,
1272 892 1338 946 ad
1371 907 1532 962 quem
1570 894 1723 948 illum
1759 895 1933 965 petiit,
1959 895 2048 949 in-

471 976 683 1031 demnis
731 987 848 1033 esto
885 997 898 1033 :
935 981 1019 1034 sin
1062 984 1365 1040 exstinctus
1410 984 1466 1039 in
1505 986 1613 1042 alio
1662 985 1825 1041 fuerit
1863 999 2047 1057 opere,

469 1066 642 1124 solvet
662 1083 784 1123 eum
815 1071 866 1124 in
901 1071 1155 1128 solidum.

545 1157 632 1211 15.
662 1158 763 1225 Qui
804 1174 993 1230 agrum
1037 1164 1399 1232 conduxerit,
1439 1176 1495 1222 et
1536 1177 1778 1239 tempore
1818 1167 2048 1222 necdum

471 1247 625 1304 ﬁnito
671 1250 876 1320 absque
936 1267 1102 1308 causa
1152 1257 1468 1329 reliquerit,
1515 1261 1834 1330 pensionem
1888 1260 2051 1314 totius

474 1343 735 1411 temporis
764 1345 943 1401 solvit.

546 1435 636 1490 M.
669 1435 772 1503 Qui
811 1439 888 1493 rei
921 1441 1262 1497 custodiendi
1290 1457 1454 1499 causa
1510 1443 1814 1500 mercedem
1881 1459 2050 1499 acce-

472 1527 639 1595 perit,
669 1531 926 1584 custodiae
953 1532 1254 1600 periculum
1296 1535 1348 1588 in
1388 1551 1447 1590 se
1473 1536 1685 1604 recipit.

544 1617 634 1672 15.
671 1617 772 1684 Qui
807 1619 960 1675 ﬁnito
988 1629 1228 1690 tempore
1258 1625 1652 1690 conductionis,
1682 1639 1794 1679 rem
1825 1640 1931 1679 non
1967 1638 2054 1679 re-

473 1709 678 1776 stituit,
710 1721 763 1766 et
792 1711 963 1781 ipsam
997 1729 1131 1784 rem,
1163 1726 1217 1772 et
1255 1717 1672 1774 aestimationem
1705 1717 1826 1788 ejus
1856 1718 2048 1775 solvat.

2149 531 2419 600 ἐνέχεται.

2222 629 2311 678 ια’.
2357 622 2590 693 Ὀμοίως
2625 620 2716 676 καὶ
2752 623 2832 686 εἷς
2861 619 3170 694 ὡρισμένον
3195 619 3382 688 τόπον,
3429 621 3524 675 καὶ
3560 621 3732 692 ὕπερ-

2149 714 2371 769 ϐαίνων.

2224 805 2309 876 ιβ’.
2353 807 2412 861 '0
2440 807 2620 860 λαϐὼν
2652 805 2779 877 βοῦν
2811 807 2948 878 πρὸς
2981 805 3270 876 ἐργασίαν,
3303 805 3351 859 εί
3388 803 3641 877 ἀποθάνῃ
3674 807 3733 856 ἐν

2149 894 2194 968 ᾧ
2223 899 2369 970 ἔργῳ
2403 898 2668 970 ἐζήτησεν
2719 899 2904 963 αὑτὸν,
2961 897 3196 969 ἀζήμιος
3246 895 3388 950 ἔστω
3416 912 3428 926 ·
3489 896 3538 948 εί
3563 895 3608 948 δ’
3643 895 3730 949 ἐπ’

2150 991 2297 1064 ἄλλῳ
2331 991 2478 1064 ἔργῳ
2505 992 2770 1058 ἀπέθανε,
2805 989 2968 1046 δώσει
2989 989 3151 1045 αὑτὸν
3185 988 3518 1060 ὁλοκλήρως.

2226 1175 2314 1246 ιγ’.
2350 1177 2411 1230 '0
2473 1174 2893 1247 μισθωσάμενος
2942 1171 3133 1244 ἀγρὸν,
3187 1171 3281 1225 καὶ
3328 1169 3499 1242 χωρὶς
3553 1166 3734 1231 αίτίας

2154 1266 2258 1338 πρὸ
2307 1264 2404 1319 τοῦ
2454 1261 2938 1335 συμπληρὼματος
2990 1259 3086 1314 τοῦ
3149 1259 3342 1328 χρόνου
3393 1251 3731 1316 καταλιπὼν,

2151 1359 2364 1413 δίδωσιν
2393 1357 2514 1410 ὅλου
2545 1354 2638 1409 τοῦ
2669 1355 2864 1427 χρόνου
2895 1353 2989 1406 τὸν
3018 1350 3232 1423 μισθόν.

2227 1447 2309 1505 ιδ’.
2345 1449 2403 1502 Ὀ
2431 1447 2612 1502 λαϐὼν
2654 1446 2848 1518 μισθὸν
2869 1444 2963 1498 ἐπὶ
2988 1443 3204 1513 φυλακῇ
3260 1439 3611 1512 πράγματος,
3638 1436 3731 1488 ἐκ·

2154 1539 2455 1596 κινδυνεύει
2488 1539 2614 1611 περὶ
2639 1538 2739 1610 τὴν
2771 1536 2935 1591 αὑτοῦ
2965 1534 3230 1606 φυλακήν.

2228 1638 2310 1688 ιε’.
2364 1634 2426 1686 '0
2465 1631 2605 1704 μετὰ
2652 1630 2749 1702 τὴν
2779 1628 3180 1700 συμπλήρωσιν
3219 1624 3293 1697 μὴ
3345 1619 3733 1678 ἀποκαθιστῶν

2153 1726 2215 1779 τὸ
2268 1728 2523 1797 πρᾶγμα,
2589 1723 2685 1777 καὶ
2739 1723 2799 1777 τὸ
2848 1723 3084 1792 πρᾶγμα
3137 1716 3456 1780 ἀποδιδότω,
3514 1713 3609 1767 καὶ
3639 1713 3735 1780 τὴν

2076 1796 2126 1858 Β
2154 1796 2464 1886 διατίμησιν
2518 1811 2710 1869 αὐτοῦ.

442 1966 443 1969 η
545 1895 638 1951 16.
675 1895 867 1952 Omnis
904 1899 1232 1970 redemptor,
1257 1903 1343 1958 vel
1373 1901 1699 1974 artifex,qui
1734 1917 1868 1973 opus
1885 1904 2049 1972 cepit,

473 1995 528 2041 et
566 2001 671 2041 non
718 1989 976 2054 absolvit,
1037 1991 1292 2046 damnum
1335 1993 1599 2065 integrum
1631 2004 1881 2065 praestet,
1919 2001 2051 2065 ;eum

473 2076 682 2132 scilicet
706 2079 1010 2133 mercedem
1042 2095 1196 2135 suam
1228 2083 1441 2153 accipit.

544 2167 633 2221 17.
666 2165 760 2221 Sin
796 2183 1001 2238 pauper
1029 2182 1130 2239 est,
1155 2183 1209 2228 et
1247 2176 1502 2230 damnum
1544 2186 1805 2247 prastare
1837 2179 2051 2250 nequit,

473 2257 796 2313 verberibus
826 2276 1018 2330 caesus,
1046 2265 1328 2334 relegator.

546 2349 634 2403 18.
673 2350 729 2406 Si
763 2355 1093 2410 eaenaculum
1125 2357 1176 2412 in
1211 2376 1410 2416 annum
1450 2364 1707 2432 conduxi,
1738 2367 2050 2436 pensionem

475 2439 738 2510 integram
770 2447 942 2502 solvo.
977 2445 1128 2514 Quod
1152 2450 1194 2505 si
1218 2453 1508 2517 corruerit,
1539 2455 1701 2509 etiam
1725 2457 1871 2511 circa
1903 2474 2053 2514 uten-

473 2549 588 2588 sem
619 2547 865 2606 sextum,
897 2543 1160 2610 reliquum
1195 2545 1470 2614 pcnsionis
1505 2547 1726 2616 recipio.

544 2627 632 2684 19.
656 2629 712 2685 Si
746 2645 980 2703 emptum
1013 2651 1148 2704 Opus
1175 2652 1203 2688 a
1233 2645 1392 2691 terrae
1420 2646 1566 2692 motu
1596 2654 1920 2697 concussum
1945 2642 2054 2700 fue-

474 2722 576 2787 rlt,
609 2725 850 2793 periculo
874 2728 925 2782 id
967 2729 1198 2784 locantis
1223 2741 1330 2786 est.

546 2814 636 2869 20.
671 2816 771 2882 Qui
818 2832 1032 2873 servum
1078 2821 1146 2875 ab
1195 2836 1254 2876 se
1292 2821 1524 2878 locatum
1577 2823 1721 2879 furto
1759 2824 2050 2894 subtrahit,

475 2906 602 2961 furti
647 2916 875 2964 leuetur.

547 2997 637 3052 21.
672 2998 727 3054 Si
755 3013 880 3056 ante
910 3002 1109 3059 factum
1152 3007 1449 3074 periculum
1500 3013 1836 3072 corruerit...
1873 3014 2049 3084 siqui-

2227 1906 2323 1973 ις’.
2360 1909 2474 1971 Πᾶς
2513 1905 2830 1978 ἐργολάϐος,
2863 1903 2894 1975 ἢ
2923 1901 3196 1972 τεχνίτης.
3239 1897 3518 1968 ἁψάμενος
3547 1894 3734 1967 ἔργου,

2155 2002 2248 2055 καὶ
2274 1999 2349 2071 μὴ
2383 1998 2605 2069 πληρῶν
2638 1996 2787 2060 αὐτὸ,
2847 1993 3036 2046 διδότω
3083 1992 3184 2062 τὴν
3244 1989 3535 2059 σύμπασαν
3568 1983 3736 2038 αὐτοῦ

2155 2092 2383 2164 ζημίαν,
2409 2089 2651 2160 δηλονότι
2680 2085 2976 2157 λαμϐάνων
3006 2084 3097 2136 τὸν
3135 2081 3325 2152 μισθὸν
3357 2078 3543 2133 αὐτοῦ.

2227 2182 2313 2246 ιζ’.
2340 2183 2402 2236 Εί
2432 2183 2486 2235 δὲ
2517 2181 2687 2251 πένης
2721 2180 2856 2240 ἐστὶ,
2886 2178 2980 2230 καὶ
3013 2175 3088 2247 μὴ
3127 2172 3310 2245 ἀρκῶν
3335 2170 3469 2241 πρὸς
3497 2167 3737 2224 καταϐο-

2153 2275 2249 2347 λὴν
2276 2277 2378 2346 τῆς
2406 2273 2630 2343 ζημίας,
2655 2267 2942 2322 τυπτέσθω
2972 2265 3067 2320 καὶ
3101 2262 3451 2335 ἐξοριζὲσθω.

2227 2370 2316 2435 ιη’.
2387 2361 2513 2415 Ἐάν
2582 2361 2793 2414 δίαιταν
2862 2359 2943 2421 είς
3000 2355 3248 2410 ἐνιαυτὸν
3303 2350 3729 2423 ἐμισθωσάμην,

2154 2458 2274 2510 ὅλον
2299 2455 2571 2526 παράσχω
2593 2453 2684 2506 τὸν
2717 2451 2907 2522 μισθόν
2933 2465 2947 2480 ο
2981 2450 3029 2501 εἰ
3052 2447 3109 2501 δέ
3137 2447 3231 2500 καὶ
3258 2445 3416 2516 πέσῃ,
3445 2443 3628 2514 κάμφὶ
3653 2440 3731 2512 τῷ

2154 2550 2298 2619 ἕκτῳ
2331 2547 2484 2619 μηνὶ,
2513 2543 2882 2614 ἀναλαμϐάνω
2914 2543 2974 2595 τὸ
3001 2539 3208 2593 λοιπόν.

2227 2641 2315 2695 ιϐ’.
2360 2639 2487 2693 Ἐάν
2508 2638 2567 2691 τὸ
2595 2637 2878 2708 γινόμενον
2911 2633 3069 2705 ἔργον
3093 2631 3199 2688 ἀπὸ
3223 2627 3448 2700 σεισμοῦ
3481 2641 3732 2697 παρασα-

2154 2734 2342 2806 λευθῇ,
2373 2731 2468 2786 τοῦ
2507 2729 2876 2803 μισθώσαντός
2905 2729 3051 2782 ἐστιν
3083 2728 3110 2780 ό
3149 2723 3412 2785 κίνδυνος.

2225 2834 2292 2883 κ’.
2365 2827 2423 2880 '0
2471 2825 2718 2880 κλέπτων
2766 2823 2857 2877 τὸν
2909 2817 3253 2894 μισθωθέντα
3303 2812 3470 2869 αὑτοῦ
3519 2809 3730 2875 δοῦλον,

2153 2919 2398 2989 ἐνέχεται
2443 2917 2518 2981 ὼς
2556 2916 2816 2982 κλέπτης.

2225 3007 2332 3063 κα⁹.
2379 3008 2506 3060 Ἐὰν
2544 3007 2650 3076 πρὸ
2683 3004 3006 3074 δοκιμασίας
3033 3001 3175 3073 πέσῃ
3200 2999 3262 3052 τὸ
3292 2997 3529 3069 ῥεῖθρον,
3555 2994 3603 3048 εί
3631 2990 3728 3062 μὲν

476 3090 596 3144 dem
629 3091 730 3146 soli
763 3094 914 3158 vitio,
963 3096 1044 3150 vel
1069 3112 1135 3153 ex
1172 3109 1327 3155 terra
1374 3113 1517 3158 motu
1541 3144 1555 3171 ,
1591 3105 1821 3163 locantis
1857 3108 2053 3162 damno

2157 3101 2264 3155 ἀπὸ
2287 3101 2464 3162 αίτίας
2490 3098 2583 3152 τοῦ
2609 3097 2860 3164 ἐδάφους,
2900 3094 2933 3165 ἢ
2979 3094 3085 3146 ἀπὸ
3120 3089 3368 3158 σεισμοῦ,
3403 3090 3430 3142 ό
3454 3084 3731 3195 μισθώσας

475 3191 558 3238 est
601 3201 614 3238 :
657 3184 743 3240 sin
768 3186 948 3255 operis
980 3187 1128 3258 vitio,
1165 3195 1532 3252 conductoris.

546 3367 636 3422 2‘2.
672 3369 729 3425 Si
770 3373 894 3442 quis
938 3389 967 3427 a
1019 3375 1194 3430 vicino
1241 3377 1546 3443 iumentum
1594 3382 1830 3450 petierit,
1895 3382 2054 3452 idque

475 3457 640 3514 fuerit
667 3463 946 3528 adtritum,
975 3466 1057 3519 vel
1089 3477 1330 3534 captum,
1367 3470 1446 3524 vel
1480 3481 1751 3527 mortuum
1773 3513 1789 3538 ,
1830 3474 2050 3530 domino

479 3567 586 3606 non
620 3564 906 3622 praesente,
934 3558 1138 3614 solvet:
1163 3562 1244 3614 sin
1272 3563 1519 3620 dominus
1537 3565 1698 3628 adsit,
1728 3581 1834 3620 non
1859 3566 2052 3622 solvet.

484 3644 543 3697 Si
575 3647 944 3705 conductitios
982 3650 1178 3721 aliquis
1217 3653 1408 3722 fuerit,
1441 3657 1512 3712 sit
1539 3657 1586 3713 ei
1622 3657 1743 3714 loco
1766 3661 2051 3716 mercedis.

1009 3873 1307 3932 TITULUS
1365 3877 1554 3938 XXVI.

1091 3988 1170 4046 De
1201 3992 1434 4050 testibus.

550 4098 604 4151 1.
640 4097 694 4152 ln
727 4100 954 4157 testibus
986 4104 1558 4177 requiriturdignitas,
1591 4119 1646 4165 et
1677 4110 1830 4175 ﬁdes,
1856 4119 1909 4166 et
1935 4126 2052 4166 mo-

475 4206 585 4255 res,
617 4199 669 4246 ct
691 4194 950 4262 gravitas.
984 4192 1176 4249 Testes
1211 4196 1314 4250 ﬁde
1337 4198 1482 4265 digni
1503 4209 1684 4266 sunto,
1719 4215 1823 4254 non
1854 4202 2050 4255 sedem

476 4283 600 4337 tarii
635 4294 686 4338 et
729 4284 934 4339 sordidi
979 4284 1218 4352 quidam,
1265 4300 1364 4341 nec
1404 4287 1656 4354 humiles,
1696 4304 1795 4344 nec
1827 4289 2051 4346 omnino

474 4373 695 4429 obscuri
728 4391 742 4427 :
777 4374 868 4428 sed
902 4383 1117 4444 oportet
1151 4391 1245 4430 eos
1289 4378 1706 4435 existimationis
1738 4396 1859 4436 esse
1897 4382 2051 4437 bona:

2159 3192 2450 3266 ζημιοῦται
2480 3208 2495 3224 ο
2554 3191 2602 3243 εί
2649 3189 2706 3242 δὲ
2766 3186 2824 3254 ἐξ
2875 3183 3258 3255 ἐλαττώματος
3307 3179 3403 3234 τοῦ
3465 3178 3654 3249 ἔργου,
3702 3173 3732 3226 ὁ

2161 3286 2597 3358 μισθωσάμενος.
3495 3327 3498 3330 .

2229 3375 2334 3446 κβ’.
2385 3375 2512 3429 Ἐὰν
2558 3375 2761 3447 αἰτήσῃ
2789 3391 2870 3436 τις
2898 3371 3049 3442 παρὰ
3093 3369 3186 3423 τοῦ
3234 3364 3463 3437 πλησίον
3512 3361 3731 3431 κτῆνος,

2157 3467 2252 3520 καὶ
2293 3465 2571 3536 συντριϐῇ,
2614 3464 2648 3534 ἢ
2707 3462 3053 3533 αἰχμάλωτον
3093 3460 3334 3529 γένηται,
3389 3454 3422 3524 ἢ
3461 3449 3732 3519 ἀποθάνῃ,

2156 3557 2185 3610 ὁ
2236 3556 2293 3609 δὲ
2345 3557 2536 3627 κύριος
2593 3550 2731 3629 μὴῇ
2767 3556 2882 3624 μετ’
2935 3551 3127 3616 αὐτοῦ,
3177 3549 3465 3604 ἀποτίσει·
3529 3543 3623 3597 ἐὰν
3673 3540 3733 3594 δὲ

2155 3645 2185 3696 ό
2218 3644 2405 3715 κύριος
2451 3644 2616 3698 αὐτοῦ
2677 3628 2792 3716 μετ’
2853 3643 3019 3697 αὐτοῦ
3073 3638 3131 3714 ᾗ,
3178 3639 3279 3693 οὐκ
3312 3635 3561 3691 ἀποτίσει
3590 3647 3603 3660 ·
3637 3628 3734 3682 ἐὰν

2156 3741 2212 3794 δὲ
2249 3741 2518 3811 μισθωτὸς
2544 3737 2602 3814 ᾖ,
2631 3741 2771 3794 ἔστω
2801 3739 2949 3811 αὐτῷ
2976 3737 3097 3792 θιντλ⁵
3125 3735 3220 3790 τοῦ
3245 3729 3438 3807 μισθοῦ
3470 3725 3661 3783 αὑτοῦ.

2730 3875 2976 3929 Times
3010 3870 3156 3940 KG".
3233 3919 3236 3922 .

2681 3986 2822 4055 Περὶ
2861 3984 3200 4056 μαρτύρων.

2228 4102 2297 4158 α’.
2359 4101 2486 4156 Ἐπὶ
2529 4099 2640 4154 τῶν
2703 4101 2996 4172 μαρτύρων
3062 4095 3382 4169 ζητεῖταιή
3437 4091 3585 4156 ἀξία,
3637 4085 3732 4143 καὶ

2155 4198 2189 4267 ἡ
2231 4195 2432 4259 πίστις,
2461 4194 2556 4248 καὶ
2589 4193 2656 4248 τὰ
2683 4193 2811 4265 ἤθη,
2841 4194 2936 4246 καὶ
2975 4193 3008 4263 ἡ
3040 4188 3358 4262 στερρὁης.
3401 4183 3731 4250 Ἀξιόπιστοι

2155 4287 2400 4340 ἔστωσαν
2452 4286 2500 4337 οἱ
2557 4285 2853 4355 μάρτυρες,
2900 4283 2974 4354 μή
3023 4299 3168 4345 τινες
3217 4279 3536 4349 ἐπιδίφριοι,
3597 4271 3731 4345 μηδὲ

2153 4397 2223 4452 χα
2231 4396 2295 4450 με
2306 4381 2479 4449 ρπείς,
2501 4375 2634 4447 μηδέ
2658 4375 2924 4437 παντοίως
2942 4373 3046 4444 ἄση
3057 4391 3167 4444 μοι,
3187 4371 3300 4426 ἀλλ’
3321 4367 3731 4438 εύῦπολήπτους

472 4476 698 4536 prepter
728 4466 1060 4536 dignitatem,
1090 4478 1182 4522 aut
1215 4467 1485 4536 militiam,
1515 4479 1608 4525 aut
1630 4472 1933 4540 facultates,
1958 4483 2047 4528 aut

2155 4469 2296 4526 εἶναι
2333 4471 2413 4524 δεῖ
2457 4469 2546 4522 διὰ
2595 4468 2693 4539 τὴν
2717 4467 2932 4538 ἀξίανῆ
2986 4463 3321 4536 στρατηγίαν
3365 4454 3728 4534 [στρατείαν],

474 4559 892 4629 professionem.

542 4647 600 4701 2.
642 4648 736 4702 Sin
784 4650 951 4718 ignoti
995 4660 1141 4716 sunt,
1192 4659 1247 4706 et
1302 4651 1674 4719 circulatores,
1739 4658 2052 4713 examinem

472 4753 660 4795 eorum
705 4740 1010 4794 testimonia
1038 4740 1267 4810 iudices,
1295 4752 1351 4798 et.
1375 4759 1468 4812 per
1495 4748 1818 4814 quaestiones
1850 4749 1916 4802 ad
1955 4763 2050 4803 eos

471 4832 754 4900 accedant,
799 4841 857 4887 ut
889 4834 1291 4905 perceptionem
1317 4837 1559 4894 veritatis
1587 4837 1886 4895 inveniant.

540 5010 595 5064 3.
633 5008 918 5077 Parentes,
943 5021 992 5067 et
1024 5011 1201 5078 liberi,
1231 5022 1421 5068 contra
1448 5029 1505 5068 se
1530 5015 1833 5070 testimonia
1865 5015 2049 5071 dicen-

468 5111 570 5167 tes,
603 5117 709 5158 nou
741 5105 1099 5160 admittuntor
1135 5121 1148 5156 :
1184 5120 1248 5160 ac
1277 5121 1452 5175 neque
1480 5121 1579 5176 pro
1613 5109 1849 5172 domino,
1878 5123 2048 5177 neque

469 5203 659 5248 contra
705 5195 984 5250 dominum
1026 5211 1215 5251 servus
1261 5207 1354 5250 aut
1407 5197 1631 5253 libertus
1679 5199 2045 5253 testimonium

466 5286 618 5341 dicit.

537 5378 592 5435 4.
635 5380 816 5444 Pater,
855 5390 907 5434 et
959 5379 1100 5434 ﬁlius
1149 5379 1406 5447 fantilias,
1449 5389 1503 5437 et
1541 5381 1646 5436 duo
1697 5382 1894 5438 fratres
1949 5383 2044 5439 ﬁlii

469 5470 721 5538 familias,
764 5471 816 5526 in
853 5471 1038 5526 eodem
1069 5470 1283 5542 negotio
1309 5479 1475 5526 testes
1512 5487 1631 5526 esse
1661 5481 1901 5541 possunt.

540 5561 596 5616 5.
626 5561 764 5618 Cum
809 5572 974 5620 testes
1027 5565 1166 5633 apud
1189 5563 1404 5635 judices
1437 5573 1622 5618 contra
1652 5574 1813 5621 testes
1839 5567 2045 5635 produ-

469 5659 686 5718 cuntur,
719 5656 951 5724 primum
984 5656 1188 5727 absque
1217 5655 1535 5725 iuramento
1581 5656 1634 5711 in
1689 5656 1903 5714 duobus
1950 5666 2046 5713 aut

471 5741 645 5820 tribus
674 5747 1015 5808 examinibus
1041 5749 1142 5807 sibi
1187 5750 1402 5821 cognita
1431 5749 1709 5820 proferant
1748 5767 1760 5805 :
1795 5750 1936 5828 ac_si
1977 5752 2042 5810 dc
2094 5831 2126 5838 Α

2153 4565 2186 4634 ἢ
2229 4562 2512 4633 εὐπορίαν,
2547 4561 2581 4632 ἢ
2628 4560 2998 4630 ἐπιτήδευσιν.

2227 4655 2291 4725 β’.
2321 4655 2382 4709 El
2411 4655 2469 4708 δέ
2500 4655 2639 4706 εἰσιν
2675 4653 2944 4721 ἄγνωστοι
2992 4650 3084 4704 καὶ
3121 4645 3468 4720 ἀμφιτισταὶ,
3518 4643 3585 4696 τά
3630 4641 3730 4710 τῆς

2152 4748 2333 4802 αὐτῶν
2369 4746 2674 4818 μαρτυρίας
2723 4743 3197 4808 κακονιζὲσθωσαν
3249 4742 3296 4793 οί
3327 4736 3600 4798 δικασταὶ,
3633 4733 3729 4786 καὶ

2151 4839 2237 4893 διὰ
2269 4839 2519 4910 βασάνων
2566 4836 2911 4907 ἐρχὲσοωσαν
2959 4835 3096 4907 πρὸς
3143 4833 3363 4896 αὐτοὺς,
3427 4830 3574 4890 ὅπως
3629 4823 3729 4896 τὴν

2091 4990 2106 5004 χ
2153 4931 2251 5003 τῆς
2281 4930 2539 5003 ἀληθείας
2565 4929 2866 4999 κατάληψιν
2901 4927 3156 4999 εὕρωσιν.

2223 5021 2292 5090 γ’.
2327 5024 2388 5075 Oi
2417 5025 2595 5091 γονεῖς
2621 5020 2714 5074 καὶ
2751 5020 2821 5072 τὰ
2847 5019 3013 5071 τέκνα
3049 5018 3170 5071 κατ’
3201 5015 3448 5085 ἀλλήλων
3474 5012 3728 5081 λέγοντες

2155 5114 2231 5184 μὴ
2279 5112 2807 5183 προσδεχέσθωσαν’
2868 5111 3004 5180 μήτε
3059 5109 3199 5178 ὑπὲρ
3243 5107 3529 5168 δεσπότου,
3589 5099 3730 5170 μήτε

2150 5204 2293 5259 κατὰ
2321 5205 2604 5270 δεσπότου,
2644 5202 2829 5268 δοῦλος
2872 5201 2905 5273 ἢ
2949 5200 3313 5270 ἀπελεύθερος
3343 5197 3727 5269 μαρτυρεῖται.

2224 5380 2284 5435 δ’.
2319 5381 2534 5451 Πατὴρ,
2567 5380 2662 5434 καὶ
2692 5380 2805 5443 υίὸς
2839 5379 3181 5443 ύπεξούσιος,
3228 5378 3324 5430 κα)⁸
3355 5376 3450 5430 δύο
3501 5375 3729 5445 ἀδελφοὶ

2150 5475 2482 5544 ύπεξούσιοι,
2521 5474 2928 5546 μαρτυροῦνται
2963 5476 3021 5527 ἐν
3051 5473 3134 5526 ἐνὶ
3165 5472 3476 5542 πράγματι.

2220 5566 2281 5622 ε’.
2323 5569 2387 5620 υἱ
2418 5568 2693 5638 μάρτυρες
2715 5567 2941 5620 ἐπὶτῶν
2977 5565 3250 5621 δικαστῶν
3302 5566 3384 5627 είς
3441 5561 3726 5632 μάρτυρας

2148 5661 2430 5729 ἀγόμενοι,
2488 5659 2706 5730 πρῶτον
2761 5658 2890 5713 ἄνευ
2913 5659 3077 5731 ὅρκου
3115 5657 3209 5710 ἐπὶ
3256 5656 3408 5711 δυσὶν
3460 5653 3494 5725 ἢ
3546 5648 3723 5719 τρισὶν

2149 5751 2472 5823 ἀνακρίσεσι
2501 5750 2568 5807 τὰ
2591 5751 2688 5822 τῆς
2720 5751 2976 5824 εἰδήσεως
3016 5750 3199 5805 αὐτῶν
3251 5749 3578 5819 λεγέτωσαν·
3631 5739 3724 5796 καὶ
