4084 6208
337 326 445 385 533

1612 320 2003 384 DELECTUS
2044 324 2185 387 Ι.Εο
2196 327 2332 389 UM.

3490 332 3597 393 534

337 434 432 487 ἐὰν
459 428 591 502 περὶ
623 426 721 483 τοῦ
742 428 1079 500 ζητουμένου
1111 427 1378 500 εὗρεθῶσι
1410 428 1657 499 λέγοντες
1692 432 1745 485 τί
1771 448 1922 497 ποτε,

2029 449 2109 502 re,
2145 454 2264 506 quze
2307 439 2620 506 inquiritur,
2652 440 2855 496 invenlt
2896 440 3098 517 fuerint
3142 440 3343 511 aliquid
3395 443 3597 509 dicere,

337 525 461 577 τότε
493 520 871 591 ὁμνυέτωσαν.

411 614 485 681 ς’.
520 616 584 669 Οἱ
617 613 838 683 μακρὰν
859 611 1139 680 διάγοντες
1164 613 1441 687 μάρτυρες
1470 616 1534 667 ὲν
1556 616 1677 678 ταῖς
1709 632 1924 685 χρημα-

338 714 524 774 τικαϊς
582 708 877 761 ὑποθέσεσι
912 707 1054 761 κατά
1083 709 1175 761 τὸν
1209 710 1374 762 τόπον
1406 710 1482 780 μὴ
1509 710 1926 777 ἀναγκαζέσθω-

342 822 445 859 σαν
505 801 946 873 παραγενέσθαι,
998 800 1137 854 ἀλλά
1168 802 1235 855 δι’
1276 801 1536 855 ἐντολέων
1563 803 1699 875 πρὸς
1726 804 1925 868 αὐτοὺς

340 895 713 966 στελλομένων
732 894 800 947 τὰ
825 893 927 964 τῆς
947 894 1209 964 εἱδήσεως
1234 893 1415 948 αὐτῶν
1442 894 1922 965 μαρτυρείτωσαν.

412 984 477 1051 ζ’.
548 986 637 1038 Ἐν
696 984 1053 1055 ἐκμαρτυρίῳ
1138 984 1214 1056 μὴ
1292 985 1597 1039 πιστευέτω
1652 984 1923 1040 ταὸουλά-

346 1096 485 1149 ριος.

416 1177 486 1239 η’.
519 1171 580 1224 0i
614 1168 917 1240 μάρτυρες,
951 1169 1067 1222 ὅσοι
1097 1169 1298 1240 δήποτε
1339 1170 1559 1243 ἀριθμῷ
1601 1165 1724 1238 ὦσι,
1762 1173 1925 1245 μέχρι

345 1259 626 1330 τεσσάρων
658 1258 912 1324 ταξιδίων
962 1260 1059 1313 καὶ
1096 1259 1257 1331 μόνον
1305 1262 1648 1331 ἀγέσοωσαν,
1689 1265 1925 1335 ἑκάστης

347 1353 684 1423 παραγωγῆς
710 1350 839 1420 μίαν
873 1350 983 1421 ήμέ
993 1368 1113 1423 ραν.

413 1442 475 1494 θ’.
533 1436 627 1504 Εἷς
680 1441 895 1513 μάρτυς
944 1443 1238 1515 μαρτυρῶν
1279 1446 1341 1499 οὗ
1396 1446 1758 1513 πιστεύεται,
1809 1447 1927 1502 ἀλλ’

346 1531 718 1586 ἐκὸαλλέσθω.

318 1654 325 1664 ι
416 1622 469 1676 ι’.
538 1624 665 1677 Ἐὰν
723 1624 782 1678 δὲ
842 1625 1086 1681 τοιοῦτόν
1142 1630 1260 1685 ἐστι
1328 1632 1391 1687 τὸ
1451 1639 1720 1710 πρᾶγμα,
1781 1644 1923 1698 ὥστε

339 1715 601 1779 δέξασθαι
658 1717 1037 1787 μαρτυροῦντα
1098 1721 1225 1789 ἕνα,
1287 1724 1320 1797 ἢ
1381 1730 1651 1799 κυνηγὸν,
1703 1733 1737 1803 ἢ
1797 1736 1925 1800 τοὺς

338 1807 583 1877 ὁμοίους,
611 1813 781 1878 χωρὶς
803 1809 1047 1879 βασάνων
1078 1815 1140 1867 οὐ
1163 1817 1498 1875 πιστεύεται.

414 1904 505 1952 ια’.
544 1900 605 1950 ΟΞ
660 1898 915 1968 πένητες,
959 1904 1006 1955 οἱ
1064 1903 1140 1975 μὴ
1191 1905 1407 1976 ἔχοντες
1459 1914 1798 1987 πεντήκοντα
1830 1937 1916 1973 νο·

346 1989 635 2058 μισμάτων
659 1994 1000 2062 περιουσίαν,
1026 1997 1085 2048 οὺ
1119 2001 1511 2069 μαρτυροῦσιν.

421 2077 510 2146 ιβ’.
539 2080 601 2131 Ol
636 2081 911 2151 μάρτυρες
939 2084 970 2154 ἢ
999 2084 1176 2153 ἀξίαν,
1209 2088 1240 2158 ἢ
1271 2094 1528 2159 στρατιὰν
1555 2100 1921 2170 [στρατείαν],

352 2169 845 2262 ἢέπιτηδεύματα,
902 2175 933 2245 ἦ
989 2177 1262 2249 ἐμπορίαν
1317 2182 1626 2261 [εὐπορίαν]
1685 2169 1926 2262 ἔχοντες,

349 2260 493 2311 κατὰ
517 2260 779 2333 πρόληψιν
796 2264 1038 2318 δεκταίοι
1060 2272 1442 2339 τυγχάνουσιν.

420 2350 507 2417 ιγ’.
555 2353 611 2406 ⁸0
667 2357 1084 2445 καταδικασθεὶς
1135 2365 1262 2433 περὶ
1296 2366 1567 2436 μοιχείας,
1618 2372 1677 2423 οὐ
1712 2372 1926 2445 δέχεται

347 2444 427 2502 εἰς
459 2444 791 2513 μαρτυρίαν.

424 2532 503 2586 ιδ’.
541 2534 600 2587 '0
622 2536 804 2605 ἥττων
824 2539 929 2592 τῶν
950 2541 1120 2594 είκοσι
1147 2546 1303 2608 ἐτῶν,
1329 2547 1390 2599 οὐ
1417 2555 1709 2623 μαρτυρεῖ.

424 2626 503 2682 ιε’.
564 2628 623 2683 '0
672 2630 880 2697 δοῦλος,
918 2634 1011 2687 καὶ
1040 2636 1068 2687 6
1098 2638 1300 2706 κωφὸς,
1353 2642 1447 2693 καὶ
1492 2645 1520 2696 6
1572 2647 1923 2718 μαινόμενος,

346 2717 411 2767 οὐ
444 2722 728 2789 μαρτυρεῖ.

424 2815 522 2902 ιςξ.
568 2809 752 2902 Ὀ-τὴν
776 2813 985 2869 οἰκείαν
1020 2816 1305 2892 ίδιόχειρον
1336 2821 1429 2875 τοῦ
1459 2827 1649 2897 χρέους
1681 2846 1925 2902 συγγρα-

348 2898 460 2990 ιρὴν
484 2900 836 2990 ἀρνούμενος,
870 2904 903 2974 ἢ
932 2905 999 2958 τὰ
1039 2909 1218 2962 οίκεῑα
1250 2912 1556 2983 γράμματα
1580 2898 1922 2990 ἐπιθέμενος,

347 2989 682 3080 ἀρνούμενος
717 2992 772 3045 δὲ
801 2994 902 3063 τὴν
958 2999 1266 3071 καταϐολὴν
1318 3003 1416 3073 τῆς
1442 2989 1758 3076 ποσότητος,
1787 3012 1927 3080 μετά

2030 537 2155 581 tunc
2181 528 2557 597 jusjurandum
2592 543 2870 599 prmstent.

2096 620 2149 673 6.
2183 620 2284 686 Qui
2336 622 2518 689 procul
2552 622 2753 692 degunt
2792 634 2981 695 testes,
3022 626 3073 679 in
3104 626 3283 682 causis
3336 628 3605 695 pecunia-

2028 710 2122 764 riis
2150 710 2216 763 ad
2248 710 2422 778 ipsum
2452 710 2627 765 locum
2659 728 2717 767 se
2749 715 3004 769 conferre
3032 730 3137 769 nou
3168 726 3434 784 coguntor
3457 755 3473 781 ,
3512 718 3604 771 sed

2029 815 2125 869 per
2190 800 2576 867 mandatores,
2608 802 2675 857 ad
2714 818 2809 859 eos
2851 804 3069 869 missos,
3112 817 3372 874 quantum
3425 808 3608 863 norint

2028 899 2312 946 testanlor.

2097 985 2148 1036 ’1.
2185 982 2243 1037 lu
2270 984 2559 1040 testimonii
2588 985 2824 1042 dictione
2866 986 2999 1042 ﬁdes
3043 988 3312 1043 tabulario
3358 1007 3461 1045 non
3501 991 3605 1045 lia-

2027 1072 2207 1127 betor.

2094 1162 2149 1217 8.
2188 1163 2401 1230 Testes,
2442 1174 2791 1238 quotcunque
2830 1169 3053 1225 tandem
3109 1185 3339 1227 numero
3385 1171 3603 1240 fuerint,

2023 1253 2093 1308 ad
2122 1267 2356 1324 quatuor
2395 1257 2679 1313 dumtaxat
2714 1261 3058 1317 accessiones
3105 1263 3492 1332 producuntur,
3539 1265 3607 1316 ad

2026 1360 2192 1400 unum
2228 1348 2370 1404 diem
2404 1351 2756 1419 productione
2790 1352 3050 1422 qualibet.

2096 1437 2149 1493 9.
2183 1436 2287 1493 Uni
2321 1440 2466 1504 testi,
2501 1442 2870 1498 testimonium
2908 1443 3131 1511 dicenti,
3161 1442 3290 1499 fides
3316 1458 3420 1500 non
3446 1444 3610 1501 liabe—

2027 1535 2114 1582 tur
2130 1568 2145 1593 ,
2180 1528 2275 1583 sed
2304 1528 2569 1598 rejicitor.

2098 1620 2185 1674 10.
2222 1621 2278 1676 Si
2304 1636 2430 1677 vero
2457 1622 2561 1677 tale
2603 1624 2874 1694 negotium
2897 1625 2990 1690 sit,
3016 1633 3075 1678 ut
3103 1624 3422 1680 admittatur
3454 1628 3609 1684 testis

2025 1728 2187 1778 unus,
2211 1713 2294 1769 vel
2316 1716 2599 1769 arenarius
2619 1714 2719 1785 (5),
2742 1715 2825 1770 vel
2848 1715 2932 1771 bis
2957 1715 3187 1783 similes,
3213 1716 3330 1771 sine
3348 1720 3607 1787 quaestio-

1949 1788 1997 1847 B
2027 1804 2185 1862 nibus
2216 1807 2297 1862 eis
2330 1807 2464 1863 ﬁdes
2494 1822 2601 1863 nou
2630 1808 2878 1864 habetur.
2928 1860 2961 1875 κ,

2100 1897 2186 1951 ‘ll.
2222 1895 2514 1968 Pauperes,
2539 1900 2629 1968 qui
2655 1915 2907 1954 nummos
2934 1902 3329 1975 quinquaginta
3355 1905 3409 1960 iu
3443 1904 3605 1961 bonis

2030 2004 2134 2043 non
2170 1989 2391 2055 habent,
2418 2000 2583 2046 testes
2615 2005 2737 2046 esse
2762 2003 3058 2061 nequeunt.

2105 2083 2185 2137 12.
2223 2083 2323 2151 Qui
2363 2093 2534 2140 testes
2575 2094 2669 2140 aut
2698 2086 3018 2156 dignitatem
3065 2086 3288 2153 habent,
3329 2097 3422 2143 aut
3467 2088 3607 2143 mili-

2032 2176 2184 2238 tiam,
2214 2184 2305 2228 aut
2337 2174 2759 2245 professionem,
2804 2186 2896 2231 aut
2928 2176 3214 2233 facultates
3242 2178 3487 2245 idoneas,
3511 2194 3608 2248 per

2032 2268 2505 2336 prmsumptionem
2536 2269 2914 2325 admittuntur.

2104 2359 2190 2414 15.
2230 2358 2522 2413 Damnatus
2546 2361 2597 2413 in
2622 2358 2825 2427 judicio
2854 2360 3127 2428 adulterii,
3152 2378 3261 2418 non
3290 2362 3597 2419 admittitur

2032 2450 2098 2503 ad
2135 2449 2423 2504 dicendum
2450 2451 2842 2509 testimonium.

2103 2540 2188 2593 H.
2227 2539 2399 2596 Minor
2423 2542 2581 2595 annis
2612 2542 2799 2613 viginti
2834 2544 2990 2598 testis
3018 2540 3141 2602 esse
3181 2561 3285 2600 non
3316 2555 3512 2616 potest.

2106 2631 2194 2685 15.
2221 2629 2422 2687 Servus
2442 2641 2495 2688 et
2520 2634 2737 2697 surdus,
2770 2644 2822 2689 et
2855 2634 3111 2703 furiosus,
3144 2642 3395 2707 nousunt
3418 2644 3603 2692 testes.

2118 2813 2202 2869 16.
2236 2814 2334 2882 Qui
2372 2815 2631 2886 scriptam
2680 2830 2840 2870 manu
2889 2831 2984 2871 sua
3033 2815 3397 2888 syngrapham
3438 2815 3606 2870 debiti

2031 2917 2209 2977 negat,
2246 2916 2339 2961 aut
2375 2922 2528 2961 suam
2557 2907 2774 2976 quidem
2806 2908 2919 2963 edit
2956 2910 3301 2979 scripturam,
3336 2908 3429 2963 sed
3457 2907 3606 2963 solu-

2033 2999 2234 3053 tionem
2277 3014 2502 3053 summm
2525 2998 2805 3055 infitiando
2833 3010 3023 3069 negat;
3065 3001 3383 3070 probatione
3411 3000 3607 3055 verita-

347 3079 626 3192 dn66et5t‘v
649 3082 749 3151 τῆς
779 3084 1059 3156 ἀληθείας,
1099 3091 1259 3164 διπλῇ
1310 3095 1567 3167 ποσότητι
1612 3100 1640 3152 6
1684 3079 1921 3169 ἀρνήσά-

2033 3089 2100 3144 tis
2136 3099 2341 3157 secuta,
2385 3090 2438 3145 iu
2470 3090 2684 3159 duplam
2712 3105 2980 3146 summam
3016 3094 3423 3146 condemnatur.

353 3187 517 3239 μενος
552 3172 611 3225 τὸ
644 3175 802 3245 χρέος
827 3181 1271 3247 καταδικάζεται.

427 3261 511 3325 ιζ’.
540 3265 603 3317 Ei
632 3266 689 3319 δέ
708 3284 790 3331 τις
820 3270 1027 3343 ἀρνηθῇ
1049 3273 1110 3327 τὸ
1132 3277 1503 3351 ἐκμαρτύριον
1523 3282 1690 3336 αὑτοῦ
1714 3284 1926 3356 ίδιόχέι-

352 3371 467 3449 ρον,
497 3356 659 3426 ὅρκος
692 3359 985 3429 ἐπαγέσοω
1016 3365 1093 3437 τῷ
1133 3367 1411 3443 λεγομένῳ
1457 3372 1716 3449 [λέγοντι]
1750 3378 1921 3433 ταῦτα

352 3447 430 3518 μὴ
458 3456 915 3524 χειρογραφῆσαι.

424 3546 517 3609 ιη’.
554 3541 611 3595 '0
647 3543 816 3599 θέλων
868 3547 1114 3618 ἐπισχεῖν
1162 3554 1289 3618 τοὺς
1334 3557 1639 3633 μάρτυρας,
1683 3564 1924 3633 δαπάνας

349 3630 535 3696 αὐτοῖς
558 3633 766 3691 διδότω.

426 3724 510 3779 ιθ’.
545 3728 657 3781 Οὐκ
683 3730 909 3786 ἀπαιτεί
936 3734 965 3787 6
995 3735 1324 3809 ἐναγόμενος
1353 3743 1542 3815 φέρειν
1569 3749 1693 3803 καθ’
1724 3753 1921 3807 ἐαυτοῦ

348 3817 698 3912 δικαιώματα
727 3824 862 3894 πρὸς
889 3827 1192 3897 ἀπόδειξιν.
1227 3833 1285 3887 ⁸0
1308 3837 1417 3907 γάρ
1458 3840 1668 3908 ἐνάγων
1719 3844 1924 3912 ὀφείλει

347 3907 543 3975 δεῖξαι,
573 3912 666 3965 καὶ
688 3915 735 3968 εἰ
760 3915 836 3987 μὴ
861 3917 1031 3992 δείξῃ,
1057 3923 1186 3993 νικᾷ
1205 3926 1234 3977 6
1263 3907 1611 3997 ἐναγόμενος.

424 4001 494 4055 κ’.
536 4004 596 4056 ’0
634 4006 916 4079 ἐπιφέρων
965 4014 1075 4068 τινὶ
1125 4016 1311 4089 ὅρκον,
1367 4020 1471 4090 πρὸ
1521 4022 1616 4076 τοῦ
1669 4023 1925 4089 δέξασθαι

349 4094 443 4188 τδν
474 4097 639 4169 ὅρκον
663 4099 887 4158 δύναται
929 4106 1069 4177 μετὰ
1113 4108 1273 4165 τοῦτο
1306 4109 1475 4184 [μετά
1539 4114 1624 4186 τὸ]
1652 4120 1925 4188 τραπῆναι

348 4187 782 4281 είςῗάπόδειξιν.
849 4193 910 4248 ὐ
965 4196 1369 4255 διαϐεϐαιοῦται
1435 4200 1537 4275 [δὶς
1596 4187 1923 4281 βεϐαιώσας]

347 4278 412 4331 οὐ
444 4279 669 4336 δύναται
700 4284 796 4338 ἐπὶ
819 4286 911 4341 τὸν
933 4288 1096 4359 ὅρκον
1122 4292 1462 4349 ἐπανελθεῖν.

420 4372 528 4427 κα’.
575 4374 634 4429 '0
656 4376 862 4448 ὀμόσας
892 4380 1027 4436 ἴδιον
1053 4380 1193 4440 εἶναι
1220 4386 1281 4440 τὸ
1320 4390 1577 4461 πρᾶγμα,
1613 4390 1839 4447 ἀπαιτεῖ
1863 4410 1925 4448 τε

348 4465 600 4534 καρποὺς
637 4468 730 4521 καὶ
756 4471 981 4526 τοκετδν
1006 4473 1362 4546 θρεμμάτων.

420 4554 524 4625 κβ’.
578 4557 636 4611 '0
666 4559 830 4629 ὅρκος
873 4562 1103 4635 δύναμιν
1144 4569 1474 4638 ἀποφάσεως
1520 4571 1659 4642 ἔχει.
1715 4574 1774 4627 ⁸0
1819 4575 1926 4648 γὰρ

347 4648 630 4718 ἐπιφέρων
661 4651 844 4721 ὅρκον,
875 4656 969 4709 τοῦ
1000 4658 1272 4715 ἀντιδίκου
1296 4662 1462 4717 αὐτοῦ
1494 4663 1643 4718 δοκεῖ
1662 4664 1927 4738 δικαστὴν

347 4738 516 4791 αὑτὸν
547 4741 744 4795 ποιεῖν.

422 4836 525 4899 κγ’.
569 4833 633 4885 Οἱ
674 4833 943 4902 ἄγνωστοι
992 4838 1102 4893 τῶν
1154 4838 1450 4911 μαρτύρων
1502 4841 1599 4896 καὶ
1648 4842 1927 4912 βασανιξέ-

350 4922 584 4991 σθωσαν,
618 4929 666 4980 εἰ
696 4929 897 4999 δεήσει.

423 5015 518 5069 κδ’.
562 5018 650 5071 Ἐν
678 5022 799 5084 ταῖς
836 5025 1230 5095 παραγραφαίς
1253 5026 1281 5079 ὁ
1306 5027 1635 5098 ἐναγόμενος
1679 5027 1927 5099 βαρεῖται

345 5108 414 5174 τῇ
442 5106 738 5173 ἀποδείξει.

423 5193 523 5250 κε’.
555 5198 723 5253 Ὅταν
779 5202 830 5255 οἱ
886 5202 1162 5277 μάρτυρες
1211 5207 1429 5270 ἑαυτοῖς
1462 5207 1853 5275 ἐναντιοῦνται,
1890 5210 1923 5281 ἢ

343 5285 526 5348 ἄλλως
568 5289 619 5340 at
677 5291 976 5363 μάρτυρες,
1030 5295 1063 5365 ἢ
1102 5296 1354 5362 πλαστῶς
1390 5299 1750 5371 μαρτυροῦσι,
1803 5301 1925 5355 τότε

342 5378 590 5448 δεχέσθω
619 5383 647 5434 ὁ
680 5382 940 5455 δικαστὴς
963 5385 1089 5450 τοὺς
1122 5388 1384 5452 ἐξαύτῶν
1418 5390 1919 5463 ἀξιοπιστοτέρους,

347 5470 443 5521 καὶ
480 5471 793 5536 κολαζέσθω
823 5477 951 5541 τοὺς
976 5478 1273 5547 ὑπόπτους,
1316 5481 1474 5553 είπερ
1519 5481 1771 5552 ἐπίτηδες
1806 5501 1924 5553 φα-

344 5564 491 5617 νοῖεν
516 5568 972 5638 κακουργοῦντες.

423 5740 509 5815 (3)
536 5742 647 5804 lloc
675 5760 776 5817 ρει,
818 5752 910 5821 qui
942 5753 1179 5808 decertat
1239 5751 1293 5805 in
1347 5767 1519 5807 arena
1545 5752 1628 5808 vel
1690 5752 1919 5808 theatre.

2101 3274 2185 3327 17.
2213 3272 2281 3328 At
2307 3274 2352 3328 si
2393 3274 2513 3344 quis
2550 3274 2916 3329 testimonium
2950 3289 3111 3330 suum
3153 3289 3342 3328 manus
3373 3276 3603 3345 preprize

2032 3364 2330 3435 negaverit,
2362 3364 2875 3433 tuncjuramcntutn
2913 3366 2984 3420 illi
3018 3365 3277 3431 defertor,
3301 3366 3393 3436 qui
3423 3380 3482 3422 se
3513 3366 3603 3420 illa

2029 3473 2192 3512 manu
2228 3460 2451 3529 propria
2488 3475 2594 3513 non
2619 3459 2909 3529 scripsisse
2940 3460 3090 3515 dicit.

2098 3550 2187 3608 18.
2226 3551 2328 3619 Qui
2365 3559 2528 3608 testes
2556 3553 2787 3608 retinere
2809 3555 2942 3609 vult.
2970 3553 3056 3607 det
3085 3551 3166 3609 eis
3201 3552 3494 3622 impensas.
3592 3612 3612 3635 κ

2100 3738 2187 3791 19.
2225 3738 2370 3794 Reus
2400 3739 2758 3793 instrumenta
2788 3749 2981 3807 contra
3016 3752 3074 3791 se
3111 3736 3340 3805 proferri
3383 3736 3449 3790 ad
3477 3752 3606 3804 pro-

2028 3829 2262 3885 bandum
2289 3844 2394 3885 non
2427 3830 2584 3897 petit.
2610 3828 2744 3883 Nam
2767 3839 2919 3884 actor
2942 3829 3173 3899 probare
3196 3829 3377 3893 debet,
3408 3842 3471 3879 ac
3499 3828 3607 3881 nisi
3630 3862 3633 3865 -

2028 3920 2360 3991 probaverit,
2395 3920 2562 3974 vincit
2593 3935 2739 3975 reus.

2081 4010 2188 4065 ἑο,
2222 4010 2711 4079 Quijuramentum
2742 4008 2903 4062 alicui
2957 4007 3152 4071 defert,
3208 4008 3253 4061 is
3297 4015 3595 4077 antequam

2022 4101 2392 4170 juratncntum
2428 4099 2770 4163 admittatur,
2800 4099 2867 4153 ad
2912 4099 3250 4169 probandum
3284 4106 3607 4154 convertere

2029 4207 2086 4247 se
2109 4200 2307 4264 potest.
2340 4192 2443 4261 Qui
2469 4191 2555 4247 bis
2592 4191 2797 4262 aliquid
2838 4192 3192 4259 asseveravit,
3230 4193 3296 4247 ad
3324 4192 3607 4262 j'uramcn-

2030 4294 2144 4340 tum
2166 4284 2343 4341 redire
2371 4283 2583 4354 nequit.

2100 4379 2190 4432 21.
2217 4376 2318 4443 Qui
2352 4392 2465 4432 rem
2506 4389 2660 4431 suam
2690 4388 2813 4431 esse
2847 4374 3073 4445 iuravit,
3090 4383 3147 4430 et
3174 4373 3381 4430 fructus
3414 4383 3466 4429 et
3505 4374 3608 4429 foe-

1956 4464 2005 4523 Ι)
2033 4478 2207 4525 turam
2234 4468 2505 4539 pecudum
2541 4466 2697 4537 petit.

2096 4560 2188 4615 22.
2220 4559 2594 4615 Juramentum
2640 4558 2928 4614 sententiae
2947 4558 3055 4611 vim
3091 4556 3322 4613 obtinet.
3355 4556 3484 4612 Nam
3517 4561 3609 4628 qui

2024 4652 2389 4721 juramentutn
2414 4650 2607 4717 defert,
2633 4651 2928 4707 adversarii
2953 4650 3036 4706 sui
3062 4650 3304 4722 judicetn
3336 4665 3395 4706 se
3430 4650 3609 4705 facere

2030 4744 2261 4799 videtur.

2095 4835 2190 4889 23.
2218 4832 2391 4905 Ignoti
2424 4841 2589 4891 testes
2613 4837 2776 4890 etiam
2802 4834 3196 4904 quaestionibus
3225 4834 3606 4904 Subjiciuntor,

2028 4927 2074 4983 si
2104 4940 2243 4995 opus
2275 4924 2459 4980 fuerit.

2097 5018 2189 5074 24.
2218 5015 2278 5072 In
2316 5015 2725 5087 exceptionibus
2758 5029 2883 5071 reus
2908 5025 3168 5073 oneratur
3198 5014 3535 5086 probatione.

2098 5205 2191 5261 25.
2222 5205 2359 5262 Cum
2391 5213 2559 5261 testes
2606 5202 2710 5260 sibi
2742 5202 2875 5275 ipsis
2901 5202 3281 5269 adversantur,
3307 5210 3389 5257 vel
3420 5202 3604 5258 diver-

2027 5315 2108 5365 sa,
2146 5298 2229 5355 vel
2266 5299 2391 5353 ficta
2422 5296 2729 5354 testimonia
2762 5295 3047 5369 proferunt
3082 5312 3098 5351 :
3132 5306 3260 5350 tunc
3300 5295 3464 5365 judex
3499 5294 3603 5347 fide
3716 5342 3719 5345 ,

2028 5392 2300 5463 digniores
2334 5408 2400 5449 ex
2434 5390 2514 5447 eis
2550 5390 2817 5458 admittat,
2872 5399 2927 5445 et
2976 5398 3259 5458 suspectos
3296 5386 3512 5461 puniat,
3555 5385 3609 5441 si

2028 5482 2152 5539 data
2183 5498 2344 5554 opera
2374 5482 2619 5553 improbe
2646 5496 2807 5554 agere
2836 5481 2936 5539 visi
2967 5478 3192 5536 fuerint.
