4084 6208
456 291 563 363 B33

1489 293 2002 358 CONSTANTIN!
2039 298 2718 368 POBPHYBOGENITI
2754 346 2764 357 ε

3600 311 3770 374 536‹

518 405 611 462 26.
643 404 745 475 Qui
777 408 1077 465 advocatus
1104 406 1158 459 in
1183 402 1365 473 aliqua
1405 417 1575 463 causa
1607 404 1728 481 fuit,
1760 405 1814 462 in
1838 405 2027 463 eadem

2204 412 2318 478 κς’.
2362 415 2420 468 ’0
2448 418 2828 489 συνηγορήσας
2861 418 2920 471 ἐν
2946 416 3224 485 ὑποθέσει,
3256 417 3318 474 οὗ
3351 416 3623 493 μαρτυρεῖ
3645 423 3710 476 ἐι

444 510 557 554 non
585 507 669 555 est
693 499 868 552 testis.

514 591 607 646 27.
641 589 969 644 Prohibetur
998 601 1123 647 esse
1150 589 1310 646 testis
1341 589 1614 660 impubes,
1642 604 1859 658 servus,
1896 604 2022 646 sur-

444 683 570 749 dus,
601 688 888 745 et'mutus,
910 688 1006 735 aut
1039 679 1301 747 furiosus,
1332 689 1428 738 aut
1455 682 1596 741 ﬁlius
1622 681 1856 739 familias
1887 694 2026 751 pros

444 774 625 845 digus,
662 783 790 829 cum
814 782 968 844 pater
994 771 1114 844 eius
1135 772 1205 830 ab
1233 772 1341 833 alio
1370 773 1605 845 scriptus
1633 773 1802 833 fuerit
1826 775 2024 831 hares.

950 970 1255 1034 TITULUS
1305 972 1523 1031 XXVII.

986 1066 1065 1122 De
1104 1067 1482 1122 lransactione.

472 1176 836 1235 *Transactio
891 1194 990 1251 per
1047 1179 1399 1251 scripturam,
1435 1194 1559 1235 cum
1612 1181 1775 1235 trium
1804 1179 2025 1235 testium

440 1269 863 1342 subscriptione,
894 1270 1006 1327 ﬁat.
1033 1271 1091 1327 Si
1124 1272 1245 1340 quis
1272 1286 1443 1328 annos
1477 1272 1655 1327 aetatis
1687 1272 1862 1342 plenae
1888 1284 2025 1325 non-

440 1364 570 1418 dum
597 1364 834 1443 )tabens,
859 1379 982 1420 cum
1017 1365 1198 1435 aliquo
1228 1364 1642 1436 transcgerlt,el
1676 1372 1895 1441 prapter
1926 1362 2028 1414 im—

441 1455 836 1525 perfectionem
875 1456 1412 1513 annorum-fortasse
1442 1465 1786 1525 contemptus
1809 1493 1824 1519 ,
1858 1462 1913 1507 et
1949 1451 2029 1506 af-

443 1543 619 1602 fectus
653 1548 852 1603 damno
891 1546 1078 1614 fuerit,
1123 1562 1189 1602 ac
1230 1546 1389 1616 plene
1438 1546 1699 1613 deinceps
1741 1542 1939 1612 viginti
1972 1551 2030 1596 et

441 1638 686 1707 quinque
708 1647 870 1693 natus
895 1653 1089 1707 annos,
1114 1639 1370 1692 damnum
1401 1635 1502 1692 sibi
1536 1637 1688 1706 prius
1711 1634 1914 1689 illatum
1942 1631 2030 1687 in-

443 1706 746 1790 tellexerit;
788 1706 1112 1794 potesta'tem
1145 1724 1344 1780 habeat
1375 1724 1567 1795 agendi
1606 1725 1747 1779 hanc
1807 1734 2028 1778 causam

441 1816 582 1884 apud
603 1815 837 1884 iudices,
869 1830 932 1871 ac
958 1816 1189 1871 veritate
1220 1814 1468 1886 probata,
1496 1813 1586 1884 ius
1613 1812 1663 1868 ei
1696 1825 1856 1869 suum
1899 1824 2021 1867 scr-

443 1919 623 1963 νοιοτ.

943 2014 1246 2079 TITULUS
1294 2013 1535 2077 XXVIII.

909 2106 1139 2164 Pwnalt’s
1188 2111 1563 2164 criminalium.

516 2220 573 2276 1.
597 2217 770 2276 Nemo
795 2220 1199 2293 conlugientem
1228 2220 1294 2279 ad
1320 2220 1631 2287 ecclesiam,
1660 2221 1713 2276 vi
1741 2218 2027 2279 abstrahi-

446 2321 504 2370 to
534 2329 549 2370 :
584 2314 681 2373 sed
711 2313 958 2389 coniuga
1004 2328 1227 2371 causam
1280 2313 1534 2389 episcopo
1562 2311 1910 2370 manifestam
1940 2310 2027 2365 fa-

445 2405 579 2470 cito,
608 2415 661 2475 et
690 2405 758 2461 ab
790 2419 879 2472 eo,
911 2405 1256 2462 cautionibus
1291 2405 1799 2472 intervenientibus,
1832 2403 2027 2461 confu-

446 2497 680 2566 gientem
706 2495 776 2557 ad
815 2497 1106 2557 ecclesiam
1153 2497 1404 2568 accipiat,
1446 2504 1507 2552 ut
1552 2496 1619 2552 de
1654 2495 1921 2551 intentato
1952 2494 2026 2550 illi

446 2589 623 2658 capite
651 2584 890 2657 legitime
924 2596 1203 2659 quaeratur
1232 2595 1290 2641 et
1313 2595 1528 2657 agatur.
1562 2583 1716 2652 Quod
1741 2585 1788 2640 si
1819 2585 1905 2640 cui
1935 2598 2027 2654 po-

447 2678 558 2734 tius
592 2679 768 2733 visum
816 2678 996 2741 fuerit,
1026 2691 1409 2748 quemcunque
1442 2675 1731 2749 coniugam
1762 2690 1922 2731 manu
1958 2675 2027 2731 ab

446 2767 678 2826 ecclesia
708 2766 925 2829 auferre
958 2785 973 2823 :
1012 2768 1060 2827 is
1084 2768 1279 2827 allacta
1317 2764 1527 2841 (ﬂagra)
1565 2767 1850 2824 duodecim
1883 2767 2029 2823 acci-

447 2857 584 2929 piat,
614 2872 722 2931 quo
769 2855 935 2926 facto,
982 2873 1146 2916 causa
1182 2858 1450 2928 confugze,
1482 2873 1577 2917 ceu
1609 2861 1767 2916 decet
1813 2858 2027 2915 examie

448 2955 629 3009 ﬂetur.

518 3039 574 3093 Ξ.
607 3039 691 3107 Ei,
727 3039 817 3112 qui
853 3041 920 3099 de
947 3041 1214 3099 sententia
1239 3040 1464 3111 iudicis,
1497 3040 1581 3099 vel
1619 3041 1833 3099 dicendi
1875 3039 2027 3097 testi-
2057 3105 2097 3124 η

457 3131 632 3188 monii
666 3147 831 3187 causa
862 3132 1200 3203 producitur,
1248 3133 1333 3189 vel
1366 3133 1693 3190 adversariis
1715 3132 2030 3204 urgentibus

447 3236 603 3279 sacra
643 3220 736 3278 Dei
762 3222 1054 3294 Evangelia
1092 3223 1353 3297 tangit.ct
1377 3225 1756 3297 jusjurandum
1785 3230 2030 3295 praestat,

453 3326 519 3368 ac
540 3312 738 3371 deinde
756 3314 1006 3387 periurus
1030 3329 1150 3370 esse
1178 3315 1462 3386 probatur,
1494 3316 1676 3386 lingua
1702 3313 2028 3387 prxciditor.

516 3500 571 3554 ὅ.
611 3498 713 3566 Qui
747 3499 1011 3555 adversus
1036 3499 1418 3570 imperatorem
1452 3502 1639 3559 turbas
1668 3499 1929 3567 concitat,
1946 3500 2030 3557 vel

448 3589 676 3645 insidias
714 3591 895 3656 struit,
917 3590 1003 3645 vel
1038 3591 1436 3659 coniurationes
1462 3591 1723 3648 adversus
1754 3607 1907 3655 eum,
1948 3591 2033 3647 vel

446 3682 705 3743 adversus
749 3681 1134 3753 rempublicam
1179 3681 1548 3741 Christianam
1594 3683 1856 3750 molitur,
1883 3683 2032 3755 eius-

448 3773 593 3830 modi
640 3773 910 3829 homincm
962 3789 1061 3844 par
1125 3774 1342 3845 quidem
1396 3787 1534 3841 erat,
1592 3775 1680 3831 illa
1732 3775 1851 3847 ipsa
1897 3775 2030 3833 hora

451 3873 629 3920 morte
665 3864 831 3931 allici,
878 3866 1045 3923 veluti
1073 3868 1164 3936 qui
1210 3867 1633 3923 destructionem
1680 3882 1861 3929 rerum
1903 3867 2029 3923 uni-

448 3958 711 4019 versalem
745 3958 1034 4019 meditatus
1057 3957 1239 4019 fuerit.
1264 3950 1466 4023 Verum
1499 3973 1571 4016 ne
1590 3960 1680 4030 qui
1705 3975 1832 4034 erga
1850 3975 2022 4032 quos-

448 4050 576 4107 dam
602 4052 917 4127 plerumque
935 4052 1203 4113 hostiliter
1238 4052 1445 4122 affecti,
1480 4054 1629 4110 nullo
1651 4054 2022 4110 intervenien-

345 4153 358 4166 '
455 4154 510 4199 te
551 4140 756 4212 iudicio
810 4144 1161 4211 interﬁciant,
1217 4145 1624 4203 satisfactioues
1658 4154 1906 4207 extremo
1934 4159 2031 4211 co-

450 4243 583 4290 natu
626 4233 945 4300 afferentes,
1009 4249 1173 4304 quam
1230 4235 1399 4289 multa
1444 4235 1653 4293 scilicet
1706 4234 1783 4293 illi
1840 4243 2027 4295 contra

450 4326 792 4394 maiestatem
842 4326 1105 4397 principis
1160 4326 1327 4382 locuti
1377 4328 1489 4387 sint
1533 4343 1548 4385 :
1597 4335 1818 4403 Oportet
1868 4327 2011 4384 hunc

2133 506 2295 576 αὐτῇ.

2204 598 2306 666 κζ’.
2346 602 2635 661 Κωλύιται
2668 606 2972 676 μαρτυρεῖν
2996 605 3028 659 δ
3059 604 3283 676 ἄνηϐος,
3324 605 3569 674 οἰκέτης,
3598 623 3709 660 κω-

2132 691 2255 760 φὸς,
2298 693 2394 746 καὶ
2418 691 2637 760 άλαλος,
2686 693 2720 764 ἥ
2755 694 3103 765 μαινόμενος,
3152 695 3421 768 ῆάσωτος
3463 695 3577 758 υίὸς
3601 696 3709 748 ύπ-

2132 780 2396 849 εξούσιος,
2418 781 2510 837 ὅτε
2536 782 2567 836 ό
2588 784 2776 857 πατὴρ
2802 785 2971 863 αύτοῦ
3009 788 3142 860 παρ’
3164 788 3330 845 ἄλλου
3360 790 3547 860 γραφῇ
3574 787 3706 857 χλη-

2136 873 2382 945 ρονόμος.

2713 991 2961 1046 ΤΙΤΛΟΣ
2999 992 3125 1049 KZ'.

2646 1080 2788 1151 Περὶ
2826 1081 3188 1152 διαλύσεως.

2214 1189 2281 1244 Ἦ
2312 1189 2555 1253 διάλυσις
2589 1191 2903 1262 ἐγγράφως,
2930 1189 2999 1251 δι’
3023 1191 3347 1265 ὑπογραφῆς
3371 1191 3538 1262 τριῶν
3564 1204 3705 1263 μαρ-

2132 1284 2334 1356 τύρων,
2359 1283 2625 1353 γενέσθω.
2672 1282 2799 1337 Ἐάν
2847 1299 2931 1347 τις
2977 1283 3088 1337 τῶν
3124 1285 3332 1357 χρόνων
3364 1283 3437 1357 μὴ
3472 1280 3547 1335 ὣν
3587 1282 3703 1336 διά-

2133 1377 2289 1435 λυσιν
2318 1377 2526 1448 ποιήσῃ
2558 1375 2693 1447 πρός
2721 1391 2865 1443 τινα,
2924 1376 3021 1429 καὶ
3071 1376 3162 1430 διά
3196 1376 3297 1447 τὴν
3341 1374 3450 1433 τῶν
3494 1373 3704 1444 χρόνων

2125 1468 2387 1530 ,ἀτέλειαν
2413 1469 2543 1533 ῐσως
2574 1468 2985 1540 καταφρονηθῇ,
3016 1468 3110 1521 stati.
3141 1467 3335 1540 βλαϐῇ,
3374 1468 3469 1523 καὶ
3497 1468 3577 1530 είς
3602 1465 3705 1535 τὴν

2133 1560 2243 1614 τῶν
2276 1560 2613 1615 είκοσιπέντε
2666 1562 2872 1632 χρόνων
2902 1562 3176 1619 ἐντέλειαν
3207 1560 3411 1633 διαγνῷ
3439 1560 3537 1631 τὴν
3571 1575 3705 1629 προ-

2135 1652 2433 1727 γενομένην
2473 1652 2624 1724 αὐτῷ
2675 1653 2899 1725 βλάϐην,
2932 1654 3118 1709 ἄδειαν
3148 1655 3319 1725 ἐχέτω
3362 1652 3513 1724 παρὰ
3555 1654 3709 1707 δικα-

2060 1765 2105 1822 B
2135 1743 2293 1806 σταῖς
2339 1743 2511 1795 κινεῖν
2555 1740 2625 1796 τά
2664 1742 2762 1814 τῆς
2803 1743 3134 1808 ὑποθέσεως,
3177 1744 3272 1797 καὶ
3306 1742 3405 1814 τῆς
3448 1742 3705 1816 ἀληθείας

2128 1824 2616 1905 ἀπὸδεικνυμένης,
2646 1833 2998 1904 φυλαττέσθω
3021 1833 3187 1887 αὐτοῦ
3210 1833 3271 1888 τδ
3297 1833 3527 1890 δίκαιον.

2699 2024 2952 2081 ΤΙΤΛΟΣ
2987 2025 3125 2082 KH'.

2419 2118 2740 2187 Ποινάλιος
2766 2119 2887 2175 τῶν
2906 2120 3384 2193 ἐγκληματικῶν.

2198 2227 2272 2285 α’.
2311 2230 2520 2302 Μηδεὶς
2544 2232 2638 2287 τὸν
2661 2232 2929 2304 ἐκκλησίᾳ
2976 2232 3390 2304 προσφεύγοντα
3419 2231 3513 2305 βίᾳ
3534 2232 3702 2304 ἀφαι-

2131 2319 2350 2392 ρείσθω,
2376 2320 2513 2375 ἀλλά
2539 2321 2639 2391 τὴν
2660 2322 2841 2375 αἰτίαν
2867 2320 2963 2375 τοῦ
3007 2321 3324 2394 πρόσφυγος
3366 2321 3704 2393 δηλοποιήτω

2125 2409 2203 2481 τῷ
2228 2412 2385 2482 ίερετ,
2413 2411 2505 2493 καὶ
2541 2411 2670 2483 παρ’
2699 2411 2865 2465 αὐτοῦ
2900 2412 3036 2483 μετὰ
3068 2412 3178 2467 τῶν
3201 2411 3462 2483 ἀσφαλῶν
3506 2412 3707 2485 [ἀσφα-

2126 2501 2308 2575 λειῶν]
2339 2502 2815 2574 παραλαμϐανέτω
2834 2503 2927 2558 τὸν
2952 2504 3389 2577 προσφεύγοντα,
3417 2504 3513 2562 τοῦ
3544 2504 3701 2575 νομί-

2131 2612 2247 2666 μως
2273 2596 2575 2668 ζητηθῆναι
2616 2595 2711 2650 καὶ
2740 2592 3087 2668 διοικηθῆναι
3125 2597 3187 2650 τδ
3210 2595 3329 2651 κατ’
3351 2594 3516 2651 αὐτοῦ
3543 2595 3705 2663 κεφά-

2128 2686 2300 2741 λαιον.
2333 2685 2401 2739 Ei
2428 2704 2509 2749 τις
2553 2686 2837 2756 δοκιμάσει
2866 2686 3013 2757 χειρὶ
3041 2685 3150 2740 ἀπὸ
3189 2685 3487 2758 ἐκκλησίας
3532 2685 3709 2756 πρόσ-

2132 2796 2281 2849 φυγα
2332 2780 2539 2849 ἐπᾶραι
2584 2778 2677 2833 τὸν
2734 2778 3070 2851 οἱονδήποτε,
3119 2780 3149 2833 ὁ
3202 2777 3448 2845 τοιοῦτος
3496 2777 3707 2840 δώδεκα

2128 2870 2371 2926 ἀλλακτά
2400 2868 2746 2943 λαμϐανέτω,
2793 2872 2888 2927 καὶ
2924 2869 3048 2924 τότε
3082 2871 3223 2926 κατά
3274 2870 3336 2929 τὸ
3377 2870 3588 2942 πρέπον
3640 2868 3702 2930 τὸ

2129 2960 2226 3016 τοῦ
2255 2958 2422 3017 αὑτοῦ
2438 2960 2763 3047 ιἰιρόσφυγος
2786 2958 3054 3031 ζητείσθω
3073 2959 3388 3029 κεφάλαιον.
3438 2986 3441 2987 ν

2205 3056 2271 3129 β’.
2313 3053 2372 3108 '0
2418 3055 2482 3107 ἐκ
2517 3052 2836 3124 δικαστικῆς
2866 3051 3131 3123 «Memmii
3164 3053 3261 3107 καὶ
3285 3053 3380 3111 ἐπὶ
3429 3048 3706 3123 μαρτυρίᾳ

2135 3146 2541 3220 παραγόμενος,
2569 3146 2603 3217 ἢ
2631 3142 2692 3210 ἐξ
2737 3143 3033 3217 ἐπαγωγῆς
3072 3142 3360 3199 ἀντιδίκων
3391 3142 3706 3214 ἐφαπτόμε-

2133 3260 2223 3309 νος
2249 3242 2362 3296 τῶν
2383 3241 2557 3315 ἁγίων
2586 3237 2681 3294 τοῦ
2708 3238 2846 3294 Θεοῦ
2872 3237 3243 3308 Εὐαγγελίων,
3261 3238 3357 3293 καὶ
3379 3234 3706 3306 ὀμνύμενος,

2134 3336 2392 3411 ἐπίορκος
2420 3334 2480 3389 δὲ
2510 3332 2652 3406 μετά
2675 3330 2850 3387 ταῦτα
2884 3331 3372 3403 ἀποδεικνύμενος,
3396 3329 3709 3400 γλωσσοκο-

2134 3425 2361 3482 πείσθω.

2201 3518 2272 3589 γ’.
2309 3517 2369 3572 '0
2407 3515 2550 3572 κατά
2591 3514 2871 3587 βασιλείας
2908 3514 3190 3586 φατρίξων
3254 3510 3642 3587 [φατριάἶωνῙθ
3670 3509 3706 3582 ἦ

2132 3608 2659 3679 ἐπιϐουλευόμενος,
2701 3606 2736 3676 ἢ
2780 3606 3106 3679 συνομοσίας
3150 3607 3271 3660 κατ’
3307 3604 3497 3671 αὐτοῦ,
3531 3603 3565 3673 ἢ
3606 3603 3709 3673 τῆς

2132 3698 2410 3763 πολιτείας
2436 3697 2546 3753 τῶν
2571 3696 2912 3775 Χριστιανῶν
2954 3695 3150 3763 ποιῶν,
3196 3695 3288 3750 τὸν
3333 3696 3436 3766 μὲν
3463 3692 3710 3755 τοιοῦτον

2131 3794 2342 3868 ἥρμοζε
2385 3792 2528 3851 κατά
2556 3792 2657 3862 τὴν
2686 3790 2839 3864 ὤραν
2902 3788 3291 3855 θανατοῦσθαι,
3341 3789 3419 3853 ὡς
3478 3788 3578 3865 τὴν
3611 3783 3708 3841 τοῦ

2132 3886 2333 3950 παντὸς
2357 3884 2653 3940 κατάλυσιν
2682 3883 3079 3959 μελετήσαντα.
3126 3880 3265 3935 Ἀλλ’
3314 3880 3403 3934 ἵνα
3455 3881 3531 3951 μή
3564 3894 3710 3942 τινες

2131 3982 2226 4042 καὶ
2277 3978 2565 4056 ἐχθρωδῶς
2627 3977 2885 4041 πολλάκις
2935 3974 3273 4043 διακείμενοι
3333 3972 3475 4045 πρός
3526 3988 3706 4034 τινας,

2131 4071 2372 4145 ἀκρίτως
2421 4066 2777 4141 φονεύσωσιν,
2826 4064 3126 4135 ἀπολογίας
3183 4065 3430 4136 ἐσχάτως
3462 4061 3704 4134 προσφέ-

2136 4179 2342 4235 ροντες,
2371 4163 2472 4217 ὅσα
2501 4159 2645 4214 κατά
2678 4160 2778 4233 τῆς
2832 4156 3112 4229 βασιλείας
3142 4154 3435 4227 ἐλάλησαν,
3464 4155 3583 4208 δέον
3613 4152 3707 4209 τὸν

2129 4255 2374 4311 τοιοῦτον
2405 4253 2548 4308 κατὰ
2578 4251 2671 4306 τὸν
2698 4252 2864 4309 τόπον
2894 4250 3000 4305 ὑπὸ
3030 4249 3260 4322 στερεὰν
3286 4247 3535 4318 φυλακὴν
3561 4245 3710 4314 γίνεο

2133 4350 2278 4411 σθαι,
2312 4348 2407 4402 καὶ
2442 4346 2513 4401 τὰ
2555 4346 2687 4416 περὶ
2714 4342 2906 4401 τούτου
2955 4334 3170 4414 βᾶσιλεῖ
3193 4338 3587 4413 ἀναφέρεσθαι,
3612 4335 3709 4393 καὶ

448 4416 723 4474 hominem
780 4431 848 4472 eo
908 4416 1028 4473 loco
1075 4418 1178 4473 sub
1215 4416 1367 4471 ﬁrma
1425 4417 1612 4479 haberi
1659 4418 1925 4487 custodia,
1973 4428 2027 4476 et

2134 4441 2315 4506 καθὼς
2362 4438 2547 4494 λοιπὸν
2602 4435 2767 4507 αὐτὸς
2822 4437 3110 4510 ἀνακρινεί
3161 4434 3257 4490 καὶ
3314 4431 3706 4505 βουλεύσεται,

451 4509 627 4581 ipsius
655 4507 959 4567 molitiones
989 4507 1059 4565 ad
1093 4508 1476 4579 imperatorem
1498 4509 1713 4576 referri,
1734 4525 1798 4569 ac
1828 4525 2025 4582 quem-

451 4603 741 4659 admodum
775 4601 865 4658 ille
910 4601 1168 4674 deinceps
1219 4616 1335 4659 rem
1377 4603 1703 4665 examinarit
1729 4611 1783 4665 et
1806 4604 2028 4663 consul-

452 4694 602 4758 tarit,
642 4691 838 4748 facere.

522 4783 579 4840 4.
610 4782 691 4841 De
721 4785 1020 4841 homicidia.
1042 4817 1116 4827 —
1147 4785 1248 4854 Qui
1278 4787 1465 4848 volens
1490 4786 1711 4855 occidit,
1739 4784 2032 4855 cuiuscun-

451 4889 558 4945 que
593 4874 769 4929 mtatis
815 4883 919 4942 est,
960 4875 1138 4946 gladio
1174 4877 1413 4946 punitor.
1460 4874 1517 4931 Si
1565 4891 1694 4933 vero
1736 4891 2031 4948 percussus

451 4985 561 5027 non
593 4968 922 5036 decesserit,
956 4985 1150 5027 manus
1188 4972 1271 5039 ei,
1315 4973 1406 5047 qui
1436 4971 1631 5029 vulnus
1665 4972 1880 5039 inﬂixit,
1921 4987 2033 5027 am-

370 5098 375 5105 -
451 5071 668 5132 putator
699 5080 713 5118 :
749 5062 893 5133 quod
921 5063 1143 5118 omnino
1171 5061 1352 5132 gladio
1372 5063 1645 5119 hominem
1675 5062 1841 5118 ferire
1868 5062 2031 5118 fuerit

448 5170 634 5215 ausus.

519 5248 575 5302 5.
613 5248 671 5305 Si
699 5248 820 5318 quis
862 5261 1078 5309 servum
1126 5244 1258 5309 loris
1300 5254 1396 5309 aut
1440 5245 1675 5303 fustibus
1712 5247 2029 5315 caeciderit,

450 5348 614 5412 atque
634 5339 726 5401 ille
742 5338 1063 5401 decesserit.
1100 5335 1354 5397 dominus
1380 5338 1501 5410 eius
1532 5347 1591 5393 ut
1611 5338 1877 5399 homicida
1900 5355 2032 5400 con-

452 5432 759 5488 demnatur.
782 5431 878 5489 Sin
897 5448 1021 5488 cum
1049 5429 1336 5489 immodice
1359 5432 1642 5498 tartnentis
1667 5432 1919 5505 subiecit,
1939 5443 2032 5490 aut

452 5530 667 5580 veneno
702 5525 957 5605 sustulit,
990 5525 1074 5580 vel
1119 5522 1347 5590 adussit,
1381 5522 1648 5594 plectitur,
1684 5525 1762 5579 uti
1807 5526 1898 5596 qui
1926 5541 2028 5582 cte-

452 5611 575 5667 dem
605 5615 901 5671 admiserit.

525 5704 579 5760 8.
608 5703 665 5761 Si
698 5706 812 5764 rixa
835 5710 890 5765 in
914 5712 1176 5779 quosdam
1201 5711 1460 5782 excitata,
1486 5720 1633 5769 mors
1669 5708 2045 5814 quorumdam

2134 4534 2330 4591 ποιεῖν.

2202 4795 2266 4852 δ’.
2288 4796 2430 4866 Περὶ
2457 4794 2711 4867 φονέων.
2736 4823 2799 4835 -
2819 4791 2878 4848 '0
2905 4789 3148 4865 φονεύων
3167 4786 3452 4852 ἑκουσίως.
3480 4782 3705 4859 eiusqu-

2132 4906 2264 4943 ποτε
2294 4887 2511 4952 ἡλικίας
2535 4889 2671 4954 ἐστὶ,
2700 4886 2848 4956 ξίφει
2878 4882 3257 4955 τιμωρείσθωο
3286 4881 3335 4936 εἰ
3364 4879 3422 4935 δὲ
3442 4878 3544 4933 οὐκ
3570 4876 3711 4932 ἁπο-

2133 4978 2323 5052 θάνῃό
2351 4978 2603 5048 πληγεὶς,
2638 4972 3067 5048 χειροκοπείσθω
3117 4973 3146 5029 ὀ
3190 4969 3467 5035 δεδωκὼς,
3516 4966 3584 5020 δι’
3628 4960 3709 5023 ὧν

2130 5069 2270 5134 ὅλως
2301 5068 2441 5140 μετά
2471 5067 2658 5138 ξίφους
2689 5064 2875 5121 δοῦναι
2905 5063 3229 5135 ἐτόλμησεν.

2200 5253 2262 5303 ε’.
2306 5245 2433 5309 Ἐάν
2479 5263 2564 5309 τις
2603 5246 2694 5299 τὶν
2744 5245 2873 5305 ἴδιον
2916 5244 3137 5316 οἰκέτην
3185 5236 3452 5316 λώροις’ἢ
3488 5241 3710 5318 ῥάϐδοις

2131 5339 2300 5412 τύψῃ,
2331 5338 2428 5397 καὶ
2453 5339 2722 5415 ἀποθάνῃ,
2743 5339 3135 5412 κατακρίνεται
3157 5340 3186 5394 ὁ
3216 5338 3487 5409 δεσπότης
3517 5333 3711 5401 αὐτοῦ,

2133 5432 2208 5496 ὡς
2241 5428 2584 5500 ἀνδροφόνος.
2632 5429 2696 5483 El
2732 5430 2789 5485 δὲ
2820 5431 3076 5501 ἀμέτρως
3105 5429 3270 5485 αὐτὸν
3304 5427 3647 5488 ἐϐασάνισεν,
3673 5421 3711 5494 ἦ

2135 5525 2414 5595 φαρμάκῳ
2447 5521 2679 5587 ἀνεῖλεν,
2736 5519 2770 5591 ἢ
2833 5519 3233 5590 προσέκαυσεν,
3286 5515 3363 5582 ὡς
3417 5513 3578 5586 φόνον
3612 5527 3711 5564 πε·

2135 5615 2383 5685 ποιηκὼς
2412 5613 2785 5685 τιμωρείσθω.

2208 5713 2279 5774 τ’·
2324 5707 2448 5769 Ἐάν
2499 5706 2678 5780 μάχης
2734 5705 2937 5781 μεταξῦ
2983 5706 3145 5764 τινῶν
3178 5701 3475 5775 γινομένης
3526 5696 3708 5775 συμϐῇ
