4084 6208
433 290 540 357 537

1707 292 2098 355 DELECTUS
2139 293 2424 355 LEGUM.

3574 291 3679 358 538

432 407 665 463 Θάνατον
695 402 1003 473 προελθεῖν,
1037 393 1499 474 ’συγκρινὲτωσαν
1522 405 1574 461 οί
1608 405 1876 477 ἀκροαταὶ
1907 407 2002 461 καὶ

2128 410 2446 474 occesserit,
2491 407 2778 462 conferant
2827 404 2972 462 inter
3025 417 3085 460 se
3111 402 3343 474 iudices,
3379 412 3435 460 et
3478 405 3684 464 instru-

433 496 777 571 τηρείτωσαν
808 495 875 549 τὰ
910 496 1139 567 ὄργανα,
1173 495 1238 548 δι’
1273 488 1348 549 ὧν
1391 493 1760 568 κατειργάσθη
1791 500 1819 551 6
1846 497 2009 552 ϐάναο

433 610 547 657 τος.
574 590 686 643 Καὶ
708 590 757 642 εἰ
789 587 993 659 εὕρωσι
1023 587 1111 642 διὰ
1133 588 1307 657 ξύλων
1336 588 1580 657 τελείων,
1633 589 1667 660 ἦ
1713 589 1878 643 λίθων
1905 607 2006 659 με-

436 687 641 756 γάλων,
703 682 736 752 ἦ
793 681 1039 738 λακτέων
1088 681 1181 735 τὸν
1234 682 1395 752 φόνον
1444 682 1720 752 γενέσθαι,
1768 685 1797 736 6
1849 682 2009 737 τοῦτο

438 778 630 842 ποιῶν,
662 773 1113 846 χειροκοπείσθω.

506 871 571 935 ζ’.
615 866 679 922 El
716 869 773 923 δὲ
815 867 882 921 δι’
931 866 1181 937 ἐλαφρῶν
1223 885 1384 923 τινων
1427 867 1607 940 συμόᾗ
1640 865 1892 936 γενέσθαι
1919 867 2011 923 τὸν

442 960 690 1035 Θάνατον,
714 957 1013 1012 τύπτεσθαι
1046 958 1209 1011 αὐτὸν
1261 957 1357 1015 καὶ
1382 958 1751 1023 ὲέοοίζεσϐαι.

517 1143 587 1205 η’.
622 1135 679 1187 Ὀ
710 1134 769 1185 ὲν
798 1134 950 1204 μάχῃ
983 1132 1124 1203 μετὰ
1156 1131 1342 1204 χειρὸς
1366 1130 1587 1188 τύπτων
1620 1132 1709 1189 ml
1746 1131 2013 1200 φονεύων,

445 1221 728 1274 τυπτέσθω
757 1220 852 1273 καὶ
885 1220 1233 1290 ἐξοριζέσοω,
1256 1219 1332 1285 ὡς
1358 1220 1631 1289 ἀκουσίως
1654 1222 1918 1293 φονεύων.

516 1338 585 1403 η’.
612 1332 750 1400 Περὶ
776 1329 1025 1400 μοιχῶν.
1050 1330 1191 1384 --⁹Ο
1219 1332 1299 1394 είς
1329 1334 1563 1401 γυναῖκα
1598 1332 1869 1403 ύπανδρον
1896 1351 2015 1403 μοι·

447 1423 641 1495 χεύων,
676 1421 1067 1493 ῥινοκοπείσοω
1095 1423 1188 1474 καὶ
1212 1422 1398 1489 αὐτὸς,
1433 1424 1531 1476 καὶ
1564 1424 1597 1494 ἡ
1640 1424 1908 1494 μοιχαλὶς,
1941 1425 2018 1487 ὡς

450 1515 702 1569 ἐντεῦθεν
726 1512 1007 1585 χωρισμοῦ
1038 1512 1323 1583 γινομένου
1346 1552 1360 1578 ,
1390 1516 1483 1568 καὶ
1508 1514 1782 1579 ἀπωλείας
1810 1517 2017 1571 τέκνων

450 1605 912 1676 προσερχομένης,
947 1605 1041 1657 καὶ
1068 1602 1162 1656 τοῦ
1197 1605 1479 1675 Κυριακοῢ
1517 1606 1677 1675 λόγου
1707 1609 1783 1680 μὴ
1811 1609 2019 1678 φυλατ-

448 1698 702 1766 τομένου,
733 1696 828 1750 τοῦ
848 1695 1315 1761 διδάσκοντος,ὄτι
1348 1698 1376 1749 6
1398 1697 1530 1761 Θεὸς
1562 1700 1644 1762 είς
1670 1699 1850 1768 σάρκα
1888 1700 2017 1771 μίαν

450 1788 678 1849 τούτους
707 1788 1006 1857 συνήνωσεο
1066 1790 1205 1858 μετὰ
1257 1788 1407 1844 δὲτὸ
1459 1790 1886 1862 ρινοκοπηθῆναι
1919 1792 2019 1863 τὴν

454 1878 762 1949 μοιχαλίδα,
820 1878 1115 1947 λαμϐάνειν
1170 1878 1341 1949 αὐτὴν
1383 1879 1459 1953 τίκ
1500 1879 1610 1933 ίδια
1661 1881 1830 1952 αὐτῆς
1879 1882 2019 1952 πρά-

451 1989 659 2042 γματα,
712 1973 854 2045 ἅπερ
886 1974 1148 2041 εἰσήγαγε
1178 1973 1257 2042 τῷ
1289 1974 1445 2044 ἀνδρὶ
1496 1974 1685 2046 αὐτῆς,
1724 1975 1819 2029 καὶ
1855 1975 2021 2046 μηδὲν

454 2066 641 2135 ἕτερον
662 2081 675 2094 °
711 2064 803 2118 τὸν
834 2065 891 2118 δὲ
926 2065 1113 2136 μοιχὸν
1144 2066 1209 2118 ὲκ
1235 2067 1333 2133 τῆς
1364 2065 1499 2133 ιδίας
1527 2054 1786 2134 γυναικὸς
1814 2067 1887 2137 μὴ
1916 2084 2023 2137 χω-

460 2156 701 2228 ρίζεσθαι
720 2198 735 2221 ,
763 2158 811 2211 εί
833 2157 929 2211 καὶ
952 2156 1342 2227 ὲρινοκοπήθη.
1380 2157 1537 2211 Μετά
1559 2157 1756 2227 πολλῆς
1778 2157 1833 2210 δὲ
1862 2158 2021 2227 ἀκρι-

456 2249 609 2310 ϐείας
655 2248 714 2301 τὸ
766 2247 894 2318 περὶ
942 2247 1187 2319 μοιχείας
1240 2248 1525 2317 ζητείσθω
1554 2248 1871 2317 κεφάλαιον,
1929 2248 2024 2302 καὶ

452 2339 889 2410 ἐπιτηρείτωσαν
942 2340 991 2393 οί
1044 2340 1312 2410 ἀκροαταὶ
1355 2340 1482 2403 τοὺς
1532 2339 1871 2410 κατηγόρους
1920 2338 2024 2409 τῆς

448 2433 705 2501 τοιαύτης
739 2429 1068 2493 ὑποθέσεως.
1101 2430 1209 2485 Καὶ
1238 2430 1287 2483 εί
1330 2430 1432 2501 μέν
1459 2432 1606 2483 ἐστιν
1639 2430 1770 2495 ἴδιος
1797 2429 1959 2501 ἀνὴρ,
1987 2429 2022 2502 ἢ

449 2523 477 2574 6
500 2522 683 2593 πατὴρ
707 2521 901 2591 αὐτῆς,
949 2523 982 2593 ἢ
1012 2523 1040 2575 6
1072 2520 1323 2592 ἀδελφὸς,
1355 2522 1388 2593 ἢ
1427 2521 1571 2585 οεϊος
1612 2524 1641 2576 6
1675 2522 2023 2592 κατηγορῶν,

451 2614 814 2684 εύπιστοτέρα
848 2615 881 2685 ἡ
912 2615 1184 2686 πρόφασις
1212 2614 1313 2686 τῆς
1345 2614 1627 2686 ζητήσεως
1672 2615 1924 2682 γίνεται·
1974 2616 2024 2670 εί

450 2703 506 2755 δὲ
528 2702 669 2769 ξένοι
697 2702 839 2758 εἰσὶν
865 2703 916 2756 οἱ
945 2702 1400 2773 κατηγοροῦντες,
1422 2703 1539 2757 δέον
1559 2702 1935 2767 κανονίξεσθαι
1958 2701 2027 2757 τὰ

452 2794 741 2863 πρόσωπα,
774 2792 934 2856 ποίας
964 2794 1239 2856 πολιτείας
1294 2794 1404 2847 είσὶ
1432 2832 1447 2856 ,
1500 2792 1595 2846 καὶ
1642 2792 1868 2856 τούτους
1904 2809 2029 2851 κατ·

453 2885 875 2955 ασφαλίζεσθαι,
905 2887 1001 2941 καὶ
1028 2886 1278 2941 ἀπαιτεῖν
1328 2885 1526 2947 αὐτοὺς
1555 2885 1652 2956 τὴν
1678 2885 1808 2953 περὶ
1833 2884 2025 2938 τούτου

454 2977 751 3041 ἀπόδειξιν.
786 2977 893 3030 Καὶ
923 2978 972 3033 εἰ
1007 2977 1103 3046 μὲν
1141 2976 1467 3043 ἀποδείξωσι
1493 2975 1593 3047 τὴν
1643 2978 1914 3044 μοιχείαν,
1946 2976 2029 3044 9t-

2107 508 2285 553 menta
2313 497 2679 560 considerent,
2711 512 2810 567 per
2840 510 2959 565 quae
2998 495 3175 550 credes
3209 504 3515 567 perpetrata
3554 497 3684 551 fuit.

2103 591 2181 646 Ac
2200 590 2245 645 si
2276 589 2495 659 quidem
2552 588 3037 658 deprehenderint,
3076 586 3311 643 fustibus
3348 588 3559 654 solidis,
3591 597 3687 642 aut

2106 680 2317 750 magnis
2355 677 2641 746 lapidibus,
2693 685 2787 731 aut
2841 676 3037 733 calcib.
3088 676 3290 733 caulem
3338 676 3633 731 admissam
3664 717 3680 742 ,

2119 771 2328 827 auctori
2361 771 2527 827 caedis
2566 784 2758 827 manus
2783 779 3110 838 amputator.

2178 863 2234 918 7.
2272 862 2369 918 Sin
2424 860 2629 917 levibus
2676 860 2998 928 quibusdam
3059 859 3434 916 instrumentis
3480 861 3687 916 caedem

2112 952 2228 1007 fieri
2253 950 2563 1022 contigerit,
2587 960 2777 1009 auctor
2792 949 2908 1019 ejus
2921 950 3258 1018 verberator,
3275 961 3332 1008 et
3356 953 3409 1007 in
3432 952 3686 1009 exsilium

2112 1042 2366 1101 mittitur.

2184 1135 2238 1189 8.
2269 1134 2367 1202 Qui
2403 1133 2459 1189 in
2492 1133 2607 1188 rixa
2643 1147 2804 1191 manu
2844 1133 3095 1203 percutit,
3132 1148 3189 1190 et
3220 1136 3442 1201 occidit,
3487 1136 3688 1193 verbe-

2113 1234 2263 1281 rator
2294 1234 2349 1280 et
2381 1225 2667 1295 relegator,
2699 1224 3179 1281 utinvoluntarius
3200 1227 3490 1282 homicida.

2186 1335 2241 1392 9.
2274 1333 2353 1390 De
2382 1334 2657 1390 adulteris.
2688 1363 2755 1381 -—
2785 1333 2886 1400 Qui
2932 1333 3258 1388 adulterium
3304 1349 3426 1389 cum
3467 1336 3692 1389 muliere

2119 1427 2372 1481 maritata
2399 1427 2712 1492 committit,
2750 1434 2856 1480 tam
2892 1426 3023 1495 ipse,
3047 1441 3211 1495 quam
3258 1426 3497 1481 adultera
3528 1442 3693 1480 nares

2118 1519 2331 1573 amittat
2378 1536 2393 1572 :
2444 1533 2565 1573 eum
2605 1533 2671 1573 ex
2714 1533 2779 1573 eo
2809 1517 2973 1585 facto,
2997 1518 3291 1573 divortium
3326 1528 3600 1588 sequatur,
3640 1527 3696 1572 et

2118 1610 2420 1665 internecio
2450 1609 2741 1666 liberorum
2775 1610 3079 1678 proveniat,
3105 1620 3157 1665 et
3187 1610 3526 1665 Dominicnm
3565 1608 3692 1664 illud

2120 1699 2344 1755 verbum
2372 1712 2481 1754 non
2505 1708 2774 1766 servetur,
2807 1713 2914 1766 quo
2945 1698 3222 1765 docemur,
3250 1700 3418 1754 Deum
3450 1699 3511 1752 in-
3530 1713 3692 1753 unam

2121 1806 2340 1847 carnem
2387 1792 2488 1847 hos
2535 1790 2903 1858 coniunxisse.
2939 1790 3296 1861 Posteaquam
3350 1805 3481 1846 vero
3532 1804 3697 1845 nares

2122 1880 2378 1937 adultera:
2413 1882 2651 1951 prtecisae
2696 1882 2917 1945 fuerint.
2966 1897 3054 1937 res
3109 1885 3221 1952 ipsa
3281 1896 3408 1937 suas
3459 1881 3697 1950 accipiat

2122 1989 2257 2045 quas
2281 1976 2349 2029 ad
2380 1974 2555 2028 virum
2586 1988 2741 2028 suum
2790 1973 3008 2038 attulit,
3041 1988 3143 2029 nec
3176 1974 3321 2028 aliud
3357 1972 3651 2043 quidquam
3680 1987 3696 2025 :

2122 2065 2334 2121 adulter
2362 2073 2543 2120 autem
2572 2066 2642 2119 ab
2674 2080 2847 2120 uxore
2887 2079 2982 2119 sua
3017 2080 3124 2119 non
3154 2074 3454 2133 separetur,
3482 2062 3699 2118 tametsi

2123 2170 2281 2210 nares
2305 2155 2352 2209 ei
2376 2155 2617 2223 praecisa
2645 2155 2780 2211 sint.
2807 2145 3001 2224 Magna
3028 2168 3161 2208 vero
3190 2168 3315 2208 cum
3346 2153 3693 2207 accuratione

2124 2245 2374 2301 adulterii
2415 2253 2577 2314 caput
2609 2246 2971 2311 examinator,
3030 2254 3085 2300 et
3136 2252 3480 2299 accusatores
3532 2243 3583 2296 in
3638 2257 3703 2297 ea

2123 2349 2286 2391 causa
2317 2334 2526 2403 iudices
2566 2335 2933 2390 considerent.
2970 2336 3049 2389 Ac
3077 2334 3121 2389 si
3148 2334 3365 2403 quidem
3408 2334 3492 2386 vir
3534 2332 3705 2401 ipsius

2124 2434 2227 2489 eat,
2258 2434 2351 2480 aut
2380 2432 2533 2495 pater
2555 2423 2817 2490 mulieris,
2846 2426 3137 2491 autfrater,
3165 2434 3260 2477 aut
3288 2432 3511 2492 patruus
3530 2436 3707 2476 avun-

2124 2515 2369 2581 cuiusve,
2433 2516 2527 2584 qui
2594 2523 2818 2571 accusat
2858 2532 2872 2568 :
2920 2514 3025 2569 lide
3065 2514 3281 2581 dignior
3322 2512 3381 2567 fit
3440 2513 3707 2566 examinis

2125 2621 2312 2661 causa.
2365 2605 2460 2660 Sin
2500 2607 2747 2661 extranei
2779 2616 2925 2669 sunt,
2965 2605 3053 2673 qui
3096 2604 3499 2659 accusationem
3543 2603 3707 2656 insti-

2124 2704 2303 2765 tuunt,
2337 2696 2485 2753 velut
2516 2697 2583 2751 ad
2620 2697 2858 2767 regulam
2892 2697 3180 2766 quamdam
3212 2695 3554 2764 exploranda:
3581 2701 3709 2747 sunt

2126 2803 2396 2858 personae,
2444 2787 2659 2857 qualem
2693 2788 2859 2842 vitam
2894 2792 3078 2858 agant,
3109 2793 3164 2840 et
3201 2784 3481 2840 cautiones
3518 2783 3587 2837 ab
3617 2782 3707 2848 iis,

2130 2899 2253 2937 cum
2282 2882 2693 2952 probationibus
2717 2882 2783 2936 de
2815 2882 3054 2938 admisso
3084 2879 3371 2944 adulterio,
3403 2878 3701 2946 exigendae.

2130 2975 2231 3041 Qui
2281 2975 2326 3028 si
2374 2973 2724 3029 commissum
2792 2971 3115 3027 adulterium
3171 2970 3548 3042 probaverim,
3597 2978 3706 3022 tam

455 3068 913 3131 νοκοπείσϐωσαν,
942 3068 970 3122 ὅ
1003 3084 1064 3119 τε
1098 3066 1305 3137 μοιχὸς,
1338 3067 1434 3125 καὶ
1486 3067 1519 3135 ἠ
1553 3064 1832 3136 μοιχαλίςο
1887 3064 1938 3118 εί
1968 3063 2025 3117 δὲ

2130 3064 2398 3131 adultero,
2426 3079 2587 3133 quam
2613 3062 2889 3125 adulterte,
2918 3077 3079 3117 nares
3115 3061 3495 3129 praciduntor.
3523 3058 3579 3112 Si
3604 3073 3709 3111 non

457 3158 563 3211 οὐκ
585 3158 966 3224 ἀποδείξωσιν,
1000 3156 1136 3210 ἀλλὰ
1166 3157 1233 3210 δι’
1271 3156 1471 3228 ἔχθραν
1501 3155 1623 3212 τινὰ
1661 3154 1760 3226 τὴν
1790 3171 2030 3226 κατηγο-

460 3251 582 3321 ρίαν
625 3250 918 3319 ἐποίησαν,
969 3249 1067 3319 τὴν
1110 3248 1515 3307 ταυτοπάθειαν
1592 3248 1644 3303 οἱ
1694 3247 2030 3319 συκοφάνται

458 3343 898 3410 ὑπομενέτωσαν.

531 3457 582 3504 ι’.
642 3450 782 3517 Περὶ
830 3449 1116 3519 φθορέων.
1147 3480 1217 3493 -·
1254 3447 1315 3509 Ὀ
1347 3447 1667 3519 βιαζόμενος
1690 3449 1861 3520 κόρην
1936 3448 2034 3503 καὶ

456 3541 693 3611 φθείρων
724 3542 915 3612 αὐτὴν,
948 3541 1357 3612 ρινοκοπείσθω.

533 3639 620 3688 ια’,
673 3634 732 3686 Ὀ
766 3634 864 3701 τὴν
913 3632 1199 3702 ἀλλοτρίαν
1227 3633 1471 3704 μνήστην
1506 3632 1780 3703 φθείρων,
1837 3632 1887 3684 εί
1939 3632 2036 3685 καὶ

461 3724 778 3795 προαιρέσει
854 3723 957 3795 τῆς
1028 3724 1198 3795 κόρης
1267 3724 1424 3781 τοῦτο
1488 3724 1750 3792 ἐγένετο,
1827 3726 2035 3794 ῥινοκο-

460 3814 687 3868 πείσθω.

531 3920 618 3989 ιβ’.
671 3922 729 3975 '0
787 3921 1025 3991 φθείρων
1059 3921 1228 3991 κόρην
1280 3919 1386 3989 πρὸ
1427 3919 1523 3989 τῆς
1540 3919 1701 3989 ἥϐης,
1731 3919 1900 3990 ἤγουν
1931 3920 2039 3989 πρὸ

458 4009 554 4065 τοῦ
582 4010 1087 4081 τρισκαιῶκαετοῦς
1113 4011 1327 4080 χρόνου,
1364 4008 1755 4080 ρινοκοπείσθω
1780 4025 1793 4038 ⁸
1851 4010 1945 4061 καὶ
1973 4010 2035 4063 τὸ

460 4103 631 4172 ἥμισυ
652 4102 749 4172 τῆς
773 4102 1120 4165 ὑποστάσεως
1144 4100 1311 4156 αὐτοῦ
1336 4098 1635 4170 παρεχέτω
1665 4102 1733 4171 τῇ
1765 4099 2035 4173 φθαρείσῃ

460 4194 620 4265 κόρῃ.

534 4322 589 4374 ιγ
611 4346 625 4360 .
662 4304 720 4358 '0
754 4302 1017 4374 ἁρπάζων
1041 4318 1374 4373 μοναστριαν
1403 4301 1436 4372 ἢ
1474 4302 1742 4373 παρθένον
1771 4302 2034 4374 βιωτικὴν

2136 3156 2504 3226 probaverint,
2528 3154 2621 3209 sed
2648 3167 2716 3207 ex
2745 3151 3027 3207 inimicitia
3051 3152 3282 3221 quadam
3306 3149 3709 3204 accusationem

2133 3247 2484 3312 instituerint,
2523 3245 2739 3300 easdem
2784 3258 2975 3313 poenas
3015 3242 3118 3310 ipsi
3165 3240 3588 3296 calumniatores
3622 3253 3715 3292 su-

2134 3339 2397 3395 stinento.

2208 3448 2297 3504 10.
2333 3446 2411 3501 De
2438 3440 2979 3516 stupratoribus.—Ei
3002 3440 3092 3512 qui
3129 3439 3317 3510 puellae
3355 3437 3464 3492 vim
3513 3435 3715 3500 adfert,

2137 3555 2366 3609 eamque
2396 3548 2628 3609 stuprat,
2655 3554 2815 3593 nares
2848 3535 3260 3591 abscinduntor.

2208 3633 2295 3688 Η.
2330 3632 2387 3686 Ei
2420 3632 2511 3700 qui
2558 3644 2814 3701 sponsam
2867 3627 3098 3681 alienam
3157 3630 3395 3692 stuprat,
3445 3618 3571 3674 licet
3614 3617 3720 3673 hoc

2138 3724 2318 3795 puella
2344 3723 2555 3778 volente
2582 3723 2783 3779 factum
2826 3719 2917 3783 sit,
2963 3732 3121 3773 nares
3159 3716 3571 3772 abscinduntor.

2214 3914 2302 3967 l2.
2334 3911 2398 3966 Ei
2429 3910 2518 3981 qui
2570 3910 2726 3964 vitiat
2768 3906 3000 3979 puellam
3036 3913 3163 3959 ante
3207 3904 3574 3974 pubertatem,
3617 3900 3721 3954 hoc

2143 4012 2248 4070 est,
2280 4013 2406 4058 ante
2452 4001 2721 4057 decimum
2766 3998 2983 4053 tertium
3030 4002 3457 4063 annum,‘nares
3504 3992 3721 4045 abscin-

2143 4094 2361 4159 duntor,
2394 4101 2449 4145 et
2478 4091 2761 4144 semissem
2805 4085 2893 4142 ille
2938 4084 3204 4140 bonorum
3249 4096 3468 4137 suorum
3509 4080 3721 4135 violata:

2142 4183 2334 4254 puellae
2366 4190 2637 4253 praestate.

2215 4297 2303 4351 15.
2340 4293 2400 4349 Ei
2441 4293 2534 4364 qui
2572 4290 2981 4361 {monastriam,
3049 4284 3133 4341 vel
3185 4282 3511 4338 mundanam
3553 4281 3724 4351 virgi-

462 4394 524 4459 ιε
568 4372 905 4463 οίουδήποτε,
953 4372 1051 4446 ἐὰν
1082 4372 1278 4466 φθείρῃ
1312 4392 1502 4463 αὐτὴν,
1530 4372 1921 4464 ῥινοκοπείσοω
1942 4408 1956 4425 ⁶
1987 4372 2026 4447 oi

2143 4402 2288 4451 nem,
2314 4386 2704 4455 cujuscumque
2743 4381 2834 4441 sit,
2859 4378 3001 4448 rapit
3040 4390 3103 4431 ac
3150 4381 3381 4442 stuprat,
3424 4386 3586 4425 nares
3614 4372 3725 4425 ab-

460 4488 518 4541 δὲ
541 4488 620 4551 είς
648 4487 746 4558 τὴν
763 4486 1020 4558 τοιαύτην
1053 4486 1310 4556 ἁρπαγὴν
1345 4485 1752 4557 συντρέχοντες,
1790 4486 2031 4558 ἐξοριζέ-

464 4583 704 4637 σῦωσοιν.

538 4689 617 4745 ιδ’.
658 4689 796 4757 Περὶ
831 4690 1210 4759 αἱμομίκτων.
1241 4719 1311 4730 —-
1339 4689 1402 4741 Ol
1423 4688 1769 4760 αίμομίκται,
1798 4687 1831 4756 ἢ
1863 4688 2042 4754 γονεῖς

461 4782 600 4851 πρὸς
644 4782 831 4846 τέκνα,
878 4780 913 4851 ἢ
950 4781 1115 4837 τέκνα
1152 4781 1288 4853 πρὸς
1320 4783 1516 4845 γονεῖς,
1567 4778 1598 4849 ἢ
1638 4777 1861 4846 ἀδελφοὶ
1900 4776 2039 4847 πρὸς

462 4872 717 4941 ἀδελφὰς,
778 4872 920 4941 ξίφει
955 4870 1449 4944 τιμωρείσθωσαν“
1495 4870 1545 4924 οί
1592 4870 1651 4923 δὲ
1687 4870 1824 4939 πρὸς
1872 4867 2039 4941 ἄλλην

463 4964 788 5030 συγγένειαν
851 4964 1355 5034 συμφοειρόμενοι,
1399 4961 1651 5016 τουτέστι
1716 4959 1895 5031 πατὴρ
1960 4962 2037 5024 είς

460 5058 694 5120 γυναῖκα
734 5053 894 5120 υἱοῦ,
928 5055 1042 5118 υίδς
1091 5056 1227 5125 πρδς
1279 5056 1518 5125 γυναῖκα
1570 5051 1816 5124 πατρὸς,
1868 5053 2037 5125 ἤγουν

462 5147 597 5218 πρὸς
635 5148 927 5219 μητρυιὰν,
957 5148 990 5217 ἢ
1024 5146 1275 5217 πατρωὸς
1304 5147 1384 5209 είς
1418 5146 1714 5217 προγὸνην,
1755 5144 2039 5215 ῆάδελφδς

459 5238 539 5300 εἰς
572 5241 807 5305 γυναῖκα
829 5236 1082 5303 ἀδελφοῦ,
1122 5236 1153 5307 ἢ
1184 5235 1325 5301 θεῖος
1355 5236 1435 5298 είς
1465 5235 1713 5306 ἀνεψιὰν,
1746 5235 1779 5306 ἢ
1816 5234 2039 5304 ἀνεψιὸς

460 5332 541 5392 εἰς
571 5329 743 5401 θείαν,
778 5327 1299 5402 ῥινοκοπείσθωσαν.
1363 5328 1595 5400 Ὁμοίως
1631 5328 1724 5383 καλ⁵
1753 5328 1781 5383 6
1814 5329 1895 5392 si;
1941 5327 2037 5383 δύο

458 5417 693 5491 ἀδελφὰς
726 5421 929 5493 εἰδήσει
959 5420 1312 5493 μιγνύμενος.

534 5682 616 5738 ιε’.
673 5683 798 5739 Ἐὰν
830 5684 967 5754 γυνὴ
999 5686 1295 5755 πορνεύσῃ,
1337 5684 1430 5738 καὶ
1453 5683 1675 5755 γένηται
1696 5682 1912 5754 ἔγκυος,
1941 5681 2034 5738 καὶ

2144 4477 2465 4535 scinduntor
2493 4493 2506 4531 :
2538 4481 2594 4531 ct
2632 4473 2724 4547 qui
2753 4474 2855 4529 hac
2893 4472 2947 4526 in
2978 4466 3167 4538 rapina
3201 4464 3601 4527 concurrerint,
3635 4475 3724 4517 re-

2143 4569 2410 4640 legantor.

2213 4680 2305 4733 14.
2339 4678 2418 4734 De
2446 4679 2658 4748 praprio
2697 4677 2946 4746 sanguini
2983 4692 3036 4730 se
3075 4674 3439 4730 nascentibus.
3498 4696 3565 4710 —
3622 4664 3725 4733 Qui

2142 4785 2266 4826 cum
2326 4770 2543 4841 proprio
2591 4769 2853 4838 sanguine
2904 4783 2964 4822 se
3016 4766 3393 4827 commiscent,
3464 4761 3579 4817 sive
3634 4772 3727 4827 pa-

2142 4870 2326 4918 rentes
2357 4877 2479 4918 cum
2512 4861 2716 4923 liberis,
2762 4860 2876 4915 sive
2904 4859 3058 4914 liberi
3100 4873 3223 4916 cum
3265 4853 3597 4926 parentibus,
3640 4848 3729 4904 vel

2141 4952 2339 5010 fratres
2370 4970 2489 5010 cum
2532 4952 2832 5017 sororibus,
2879 4951 3057 5022 gladio
3100 4949 3415 5020 puniuntor.
3456 4945 3548 4999 Eis
3571 4956 3731 5004 vero,

2142 5045 2233 5115 qui
2264 5060 2329 5100 cx
2359 5045 2465 5100 alio
2495 5042 2833 5115 cognationis
2856 5042 3027 5114 gradu
3062 5040 3292 5097 invicem
3324 5036 3427 5092 sibi
3469 5044 3727 5123 stuprum
3764 5102 3779 5123 ‘

2142 5134 2444 5201 intulerint,
2487 5133 2646 5188 veluti
2677 5142 2830 5204 pater
2854 5130 3010 5186 nurui
3054 5128 3137 5185 vel
3166 5127 3306 5185 [ilius
3333 5125 3484 5181 uxori
3526 5120 3723 5192 patris,

2141 5227 2257 5282 sive
2318 5224 2740 5293 noverczeyvel
2796 5224 3023 5279 vitricus
3063 5221 3346 5292 privignae,
3403 5217 3491 5273 vel
3554 5217 3750 5270 fratcre

2141 5316 2297 5371 uxori
2340 5314 2544 5381 fratris,
2596 5312 2681 5369 vel
2708 5319 2930 5383 patruus
2958 5306 3322 5366 avunculusve
3358 5302 3481 5358 filiae
3533 5297 3722 5356 fratris

2142 5415 2236 5460 aut
2285 5405 2513 5471 sororis,
2567 5403 2748 5459 amitze
2792 5410 2887 5457 aut
2922 5405 3229 5456 matertera:
3260 5433 3276 5460 ,
3308 5408 3469 5449 nares
3492 5388 3722 5446 abscin-

2142 5497 2357 5553 duntor.
2399 5495 2662 5552 Similiter
2702 5502 2757 5552 et
2785 5493 2883 5557 illi.
2910 5490 3149 5562 quicum
3187 5486 3399 5542 duabus
3432 5480 3720 5541 sororibus

2143 5591 2319 5645 sciens
2349 5587 2598 5643 coiverit.
3480 5642 3485 5645 .

2215 5679 2301 5737 15.
2338 5680 2393 5736 Si
2451 5680 2644 5737 mulier
2692 5683 2927 5735 scortata
2984 5670 3169 5741 fuerit,
3201 5677 3255 5728 ct
3298 5668 3520 5742 gravida
3576 5664 3717 5721 facta
