4084 6208
346 249 454 314 κιο
1368 248 1887 315 CONSTANTINI
1928 251 2382 318 PORPBYROG
2395 258 2492 319 EN
2503 256 2614 316 [TI
2983 249 3007 270 ί
3483 259 3590 322 510

334 365 512 421 ventri
541 379 643 423 suo
669 367 931 424 struxerit
971 365 1218 430 insidias,
1247 373 1306 419 ut
1336 365 1568 420 abortiat
1591 407 1606 432 ,
1633 368 1909 423 verberata
1936 424 1939 430 ,

2046 371 2369 442 πιϐουλεύσῃ
2426 373 2490 440 τῇ
2546 370 2653 439 ἰδίᾳ
2707 368 2908 438 γαστρὶ
2965 367 3099 438 πρὸς
3171 369 3230 422 τὸ
3289 369 3580 442 ἐκτρῶσαι,

336 454 514 526 relega
523 467 624 512 tor.

2045 461 2324 532 υπτομένη
2351 460 2705 530 ὲξοριζέσθω.

410 549 496 604 16.
523 549 626 615 Qui
654 563 773 604 cum
796 547 970 616 puella
1002 539 1213 615 virgine
1229 547 1417 612 coivit,
1439 563 1500 603 ea
1519 551 1910 615 consentiente,

2085 560 2180 618 ις’.
2236 555 2294 607 '0
2323 554 2726 621 συγγενόμενος
2766 550 2903 621 κόρῃ
2945 549 3224 621 παρθένῳ,
3273 550 3590 621 προαιρέσει

337 639 656 710 parentibus
687 638 1082 708 ignorantibus,
1120 640 1334 694 tandem
1369 654 1428 695 re
1451 641 1684 711 cognita,
1716 642 1761 696 si
1787 641 1915 697 velit

2040 646 2114 698 ιὲν
2152 649 2248 714 τῆς
2289 646 2458 714 κόρης
2486 684 2500 708 ,
2565 643 2798 712 ἀγνώμῃ
2847 641 3092 714 [ἀγνοίᾳ]
3150 641 3209 695 δὲ
3266 641 3376 696 τῶν
3423 643 3591 712 αὐτῆς

338 747 457 785 eam
490 745 715 784 uxorem
751 730 968 792 ducere.
1011 731 1326 799 parentibus
1363 731 1592 802 virginis
1636 733 1776 788 idem
1815 747 1912 788 vo-

2040 733 2236 797 ὀνέων,
2274 735 2333 785 ὲν
2368 732 2583 802 ὑστέρῳ
2611 731 2818 785 τούτων
2867 731 3342 798 διαγινωσκόντων
3363 730 3590 804 [τούτου

338 821 592 886 lentibns,
616 820 1019 875 matrimonium
1041 822 1396 878 contrahitor.
1435 823 1530 878 Siu
1552 839 1654 878 una
1680 824 1911 892 partium

2047 822 2558 894 ιαγινωσκομένου],
2607 823 2655 876 εἰ
2698 823 2797 894 μὲν
2829 822 3249 894 θελήσειλαόεἰν
3277 823 3464 894 αὐτὴν,
3501 825 3595 877 καὶ

339 912 492 978 nolit,
522 921 574 966 et
602 923 880 982 stuprator
903 913 1142 981 locuples
1167 913 1259 980 sit,
1297 913 1515 968 violatae
1546 914 1739 983 puellae
1793 913 1914 968 auri

2040 917 2283 987 ιελήσωσι
2304 915 2398 969 καὶ
2418 915 2467 968 οἰ
2503 916 2684 983 γονεῖς
2713 913 2908 983 αὐτῆς.
2941 912 3180 982 γινέσθω
3208 914 3301 968 τὸν
3331 912 3594 966 συνάλλα-

339 1004 530 1058 libram
557 1020 748 1070 unam;
777 1005 822 1059 si
854 1005 1116 1073 egentior,
1157 1005 1436 1061 semissem
1468 1005 1780 1075 patrimonii
1825 1003 1906 1060 sui

2040 1025 2159 1077 τμα.
2208 1007 2271 1059 El
2317 1005 2374 1060 δὲ
2415 1003 2474 1059 ἓν
2513 1005 2622 1060 τῶν
2653 1004 2836 1076 μερῶν
2867 1005 2942 1074 μὴ
2976 1003 3206 1077 θελήσῃ,
3233 1005 3284 1058 εί
3315 1004 3414 1076 μέν
3447 1007 3594 1058 ἐστιν

340 1104 618 1162 praestate.
643 1096 698 1150 Si
724 1097 947 1151 omnino
981 1097 1050 1150 sit
1075 1111 1280 1168 pauper
1307 1107 1362 1154 et
1397 1098 1572 1169 inops,
1596 1099 1914 1155 verberatus

2040 1097 2250 1168 :l’mopo;
2299 1097 2328 1150 ὁ
2363 1095 2617 1169 φθορείις,
2669 1096 2859 1150 διδότω
2907 1098 2976 1167 τῇ
3019 1095 3157 1168 κόρῃ
3206 1099 3272 1166 τῇ
3326 1095 3602 1166 φθαρείσῃ

345 1195 402 1241 et
433 1195 622 1243 tonsus
656 1186 832 1257 relega
842 1197 944 1242 tor.

2040 1189 2248 1260 ίρυσίου
2266 1187 2458 1259 λίτραν
2493 1187 2643 1258 μίανο
2677 1188 2727 1241 εί
2751 1185 2809 1242 δέ
2837 1188 2988 1240 ἐστιν
3018 1186 3383 1258 ἑνδεέστερος,
3404 1186 3596 1240 διδότω

338 1278 401 1330 τὸ
443 1279 616 1348 ἥμισυ
649 1278 745 1348 τῆς
779 1279 1131 1344 ὑποστάσεως
1176 1279 1364 1337 αὑτοῦ.
1418 1282 1482 1336 Εἰ
1527 1281 1584 1336 δὲ
1623 1280 1904 1346 παντελῶς
1942 1281 2166 1354 ὑπάρχῃ
2200 1282 2371 1352 πένης
2400 1281 2495 1336 καὶ
2559 1280 2897 1352 ἀνεύπορος,
2945 1280 3282 1351 τυπτόμενος
3348 1280 3443 1334 ιιιαί⁸
3476 1298 3598 1336 κου·

344 1371 637 1436 ρευόμενος
665 1369 1014 1440 ὲξοριζέσθω.

417 1459 502 1514 17.
539 1459 638 1526 Qui
682 1475 787 1515 non
815 1459 977 1516 habet
1010 1475 1253 1528 uxorem,
1275 1470 1643 1528 ctscortatur,
1695 1475 1791 1517 sex
1817 1461 1912 1516 al-

344 1550 499 1604 lactis
525 1550 860 1607 verberator.

416 1641 504 1695 18.
531 1640 631 1706 Qui
664 1641 956 1710 legitimam
980 1657 1202 1698 uxorem
1225 1642 1405 1711 habet,
1425 1659 1489 1698 ac
1513 1644 1564 1699 in
1590 1644 1919 1700 scortatione

348 1731 812 1801 deprehenditur:
842 1732 1005 1788 veluti
1037 1735 1127 1803 qui
1149 1734 1354 1790 dictum
1379 1735 1510 1790 illud
1545 1736 1755 1790 Domini
1791 1751 1925 1791 con-

349 1822 559 1886 temnit,
590 1835 696 1889 quo
726 1823 968 1889 docetur,
1025 1822 1140 1878 Non
1189 1825 1539 1890 scortaberis,
1591 1826 1803 1880 allactis
1835 1840 1926 1880 ca-

347 1912 650 1984 stigationis
675 1929 834 1970 causa
867 1915 1148 1970 duodecim
1179 1915 1509 1971 verberator.

422 2024 710 2098 Scholium.
735 2057 807 2069 —
829 2029 929 2094 Qui
970 2037 1258 2093 scortntur,
1299 2029 1493 2098 inquit,
1521 2031 1564 2084 si
1597 2029 1760 2085 habet
1791 2046 1926 2086 uxo-

349 2110 505 2168 rem,
539 2097 821 2168 duodecim
849 2098 1079 2164 allactis,
1115 2101 1215 2152 hoc
1263 2097 1384 2165 est,
1410 2101 1602 2168 plagis,
1631 2100 1748 2156 sive
1776 2116 1929 2156 man-

351 2166 561 2229 claviis,
593 2174 649 2218 ut
677 2167 834 2236 vulgo
862 2167 1172 2236 loquuntur,
1211 2166 1524 2239 castiga—tori.

426 2279 514 2334 i9.
552 2279 610 2333 Si
636 2281 756 2348 quis
781 2296 1003 2335 uxorem
1036 2282 1260 2349 habens,
1289 2297 1412 2337 cum
1441 2284 1632 2338 ancilla
1661 2300 1758 2338 sua
1789 2299 1926 2339 con-

295 2411 306 2422 .
355 2369 614 2433 sueverit,
648 2385 704 2424 rc
730 2370 964 2438 cognita,
988 2371 1186 2426 auferri
1215 2387 1276 2426 ea
1298 2372 1450 2427 debet
1483 2387 1513 2425 a
1546 2374 1773 2442 praeside
1801 2373 1928 2437 loci,

356 2473 410 2516 et
449 2471 598 2516 extra
641 2464 972 2532 provinciam
1009 2464 1201 2520 abillo
1241 2463 1514 2521 distrahi:
1549 2466 1722 2534 pretio
1762 2465 1815 2519 in
1860 2466 1928 2519 ii-

358 2569 508 2610 scum
545 2555 848 2611 inferendo.

427 2732 519 2787 20.
551 2733 650 2799 Qui
698 2747 819 2788 cum
867 2734 1042 2788 aliena
1085 2734 1281 2788 ancilla
1312 2745 1600 2802 scortntur,
1634 2736 1680 2792 si
1728 2737 1798 2792 sit
1831 2735 1929 2790 bo-

361 2825 566 2879 nestior
637 2825 736 2897 [αι.
791 2825 1073 2897 locuples],
1139 2825 1441 2894 huiusmodi
1491 2827 1669 2882 delicti
1717 2828 1933 2881 nomine

362 2915 578 2970 domino
608 2916 818 2971 ancilia:
845 2917 1060 2986 triginta
1092 2932 1183 2971 sex
1212 2917 1416 2973 solidos
1444 2927 1662 2988 prasstet
1694 2937 1708 2973 :
1743 2917 1928 2972 humi-

2095 1456 2179 1521 ιζ’.
2211 1456 2270 1510 '0
2295 1457 2370 1526 μὴ
2399 1455 2540 1526 έχων
2570 1456 2830 1524 γυναῖκα,
2863 1455 2955 1506 καὶ
2981 1451 3282 1523 πορνεύων,
3312 1451 3608 1506 τυπτέσθω

2024 1549 2268 1605 ἀλλακτά
2298 1545 2379 1613 ἒξ.

2101 1639 2191 1709 ιη’.
2241 1639 2300 1692 '0
2329 1639 2566 1707 γυναῖκα
2603 1636 2854 1707 νομίμως
2900 1634 3063 1706 έχων,
3114 1633 3209 1689 καὶ
3240 1635 3323 1696 εἰς
3347 1631 3603 1704 πορνείαν

2026 1731 2430 1802 εὑρισκόμενος,
2459 1728 2536 1794 ὥς
2563 1729 2624 1782 τὸ
2661 1729 2815 1799 ῥῆμα
2840 1726 2936 1780 τοῦ
2972 1725 3180 1797 Κυρίου
3222 1725 3604 1796 καταφρονῶν,

2026 1824 2088 1878 τὸ
2107 1825 2376 1889 διδάσκον,
2412 1822 2499 1893 Μὴ
2529 1820 2858 1894 πορνεύσῃς,
2882 1818 3170 1874 τυπτέσθω
3196 1817 3438 1873 άλλακτὰ
3467 1815 3605 1888 πρὸς

2030 1914 2409 1988 σωφρονισμὸν
2441 1915 2676 1968 δώδεκα.

2101 2033 2526 2100 Σχόλιον.-Ὀ
2563 2030 2865 2102 πορνεύων,
2899 2029 3087 2102 φησὶν,
3118 2029 3170 2102 εἰ
3203 2027 3316 2102 ἔχει
3347 2026 3604 2102 γυναῖκα,

2027 2104 2114 2157 διὰ
2149 2098 2537 2170 ιβ’ἀλλακτῶν,
2559 2098 2806 2171 τουτέστι
2831 2098 3074 2171 δαρμῶν.
3109 2098 3320 2171 ἢ-παρά
3358 2098 3465 2160 τοῖς
3495 2111 3603 2149 κοι-

2029 2176 2136 2236 νοῖς
2162 2168 2468 2241 λεγομένων
2502 2170 2875 2241 μαγκλαὸίων,
2901 2168 3337 2240 σωφρονιζέσθω.

2105 2287 2188 2341 ιο’.
2241 2289 2299 2339 Ὀ
2328 2286 2466 2356 έχων
2503 2289 2760 2355 γυναῖκα,
2799 2285 2896 2340 καὶ
2941 2286 3010 2354 τῇ
3064 2283 3173 2353 ἰδία
3211 2279 3606 2349 συγγενόμενος

2029 2379 2211 2450 δούλῃ,
2243 2377 2740 2448 διαγινωσκομένου
2775 2375 2869 2430 τοῦ
2901 2375 3247 2446 πράγματος.
3275 2372 3482 2442 ταύτην
3502 2371 3607 2424 ὑπὸ

2029 2470 2123 2523 τοῦ
2161 2469 2300 2522 κατὰ
2330 2469 2420 2522 τὸν
2458 2469 2625 2522 τόπον
2674 2467 2936 2540 ἄρχοντος
2973 2464 3320 2536 ἐπαίρεσθαι,
3352 2463 3442 2516 καί
3477 2461 3610 2530 παρ’

2031 2558 2198 2612 αὑτοῦ
2257 2559 2398 2629 ὑπὲρ
2449 2557 2719 2628 ἐπαρχίαν
2776 2555 3220 2627 πιπράσκεσθαιο
3273 2553 3380 2606 τῶν
3433 2551 3606 2622 τιμῶν

2035 2649 2208 2719 αὐτῆς
2241 2642 2707 2720 εἰσκομιζομένων
2739 2649 2796 2702 ὲν
2819 2647 2895 2718 τῷ
2921 2647 3076 2719 μέρει
3101 2646 3195 2699 τοῦ
3219 2644 3500 2714 δημοσίου.

2106 2748 2175 2794 κ’.
2214 2739 2274 2795 '0
2317 2739 2594 2811 πορνεύων
2639 2743 2718 2804 εἰς
2769 2739 2961 2809 δούλην
3026 2738 3335 2809 ἀλλοτρίαν,
3392 2735 3605 2803 ἔντιμος

2035 2833 2198 2904 [ἄλλ.
2235 2833 2328 2886 καὶ
2344 2831 2596 2904 εὔπορος]
2640 2833 2716 2885 ῶν
2764 2831 3050 2903 παρεχέτω
3092 2829 3231 2900 ὑπὲρ
3256 2829 3347 2882 τοῦ
3367 2826 3607 2880 τοιούτου

2037 2924 2379 2994 πταίσματος
2404 2924 2482 2994 τῷ
2511 2924 2743 2996 αὐθέντῃ
2771 2924 2870 2994 τῆς
2891 2923 3082 2992 δούλης
3112 2922 3426 2991 νομίσματα
3456 2918 3609 2987 τριά-

361 3004 466 3059 lior
508 3014 711 3072 autem,
741 3008 1070 3071 verberalor,
1100 3017 1154 3061 et
1194 3008 1246 3060 in
1297 3017 1550 3075 quantum
1591 3017 1786 3078 potest,
1836 3022 1934 3078 pro

2040 3030 2198 3068 κοντα
2217 3014 2297 3080 ἓξ.
2329 3015 2564 3085 Εύτελὴς
2589 3016 2644 3068 δὲ
2663 3015 2737 3068 ὢν
2757 3033 2818 3068 τυ
2833 3015 3067 3078 πτέσθω,
3089 3015 3182 3069 καὶ
3204 3015 3284 3075 εἰς
3311 3012 3340 3064 ὃ
3362 3011 3608 3082 εὐπορεῖ,

360 3105 477 3150 rata
507 3096 798 3149 solidorum
831 3096 1045 3165 triginta
1073 3113 1169 3151 sex
1202 3097 1396 3152 solvat.

437 3184 526 3241 11.
576 3186 656 3239 De
706 3188 1082 3254 medii-auibus.
1114 3187 1538 3256 —l’a:dicones,
1593 3200 1699 3243 tam
1752 3191 1798 3245 is
1841 3193 1931 3261 qui

360 3276 514 3346 facit,
540 3294 699 3347 quam
721 3280 811 3348 qui
837 3280 1057 3348 patitur,
1085 3280 1261 3350 gladio
1290 3283 1606 3350 puuiuntor.
1633 3282 1726 3336 Sin
1754 3285 1822 3349 is,
1843 3285 1934 3354 qui

365 3369 607 3436 patitur,
658 3369 839 3421 minor
879 3369 1038 3422 anuis
1087 3371 1371 3425 duodecim
1427 3371 1679 3426 inventus
1740 3374 1933 3441 fuerit,

365 3457 658 3525 iguoscitor
711 3458 759 3511 ei
788 3473 801 3509 :
838 3471 962 3510 cum
997 3468 1130 3512 artas
1163 3459 1275 3527 ipsa
1312 3460 1383 3515 sit
1417 3460 1644 3527 indicio,
1675 3477 1780 3517 non
1815 3478 1935 3518 eum

362 3544 530 3607 scire,
564 3545 689 3609 quid
721 3545 975 3608 patiatur.

389 3684 394 3689 .
432 3634 522 3688 Ἡ.
558 3635 634 3688 De
665 3635 962 3688 ineuntibus
984 3635 1247 3702 jumenta.
1269 3669 1340 3679 —
1363 3639 1474 3707 Eis,
1498 3639 1588 3711 qui
1615 3655 1737 3695 cum
1769 3639 1941 3695 brutis

363 3735 744 3791 consuescunt,
775 3727 874 3782 hoc
902 3735 1004 3792 cst,
1034 3728 1124 3797 qui
1149 3727 1394 3798 jumeuta
1420 3731 1632 3797 ineunt,
1663 3732 1818 3801 penis
1847 3731 1944 3787 ah-

375 3816 660 3870 scinditur.

431 3907 523 3962 25.
569 3907 644 3962 De
671 3911 1024 3979 sycophanlis.
1061 3941 1134 3953 —
1177 3912 1637 3979 Calumniatores,
1685 3917 1736 3968 in
1788 3929 1929 3984 qua-

363 4013 597 4068 cumque
660 4014 822 4054 causa
865 4001 1182 4057 calumniati
1250 4001 1485 4068 fuerint,
1537 4004 1728 4058 iisdem
1769 4003 1946 4073 poenis

365 4099 635 4146 tenentur.

433 4183 525 4237 2i.
560 4184 635 4240 De
669 4187 930 4256 veneﬁcis.
960 4217 1033 4228 —
1057 4186 1196 4254 Magi
1236 4196 1291 4240 et
1326 4185 1576 4248 veneﬁci,
1620 4186 1712 4256 qui
1748 4193 1810 4240 ut
1847 4186 1947 4240 ho-

367 4274 602 4330 minibus
636 4288 886 4343 noceant,
914 4278 1184 4333 damiones
1219 4277 1593 4346 alloquuntur,
1634 4277 1812 4349 gladio
1846 4293 1946 4348 pu-

365 4365 603 4423 niuntor.

397 4447 400 4450 ’
442 4462 532 4515 25.
577 4462 676 4528 Qui
709 4461 946 4518 amuleta
978 4461 1289 4525 coniiciunt,
1327 4461 1509 4529 specie
1542 4470 1702 4518 tenus
1745 4462 1813 4517 ad
1846 4463 1945 4517 bo-

367 4562 574 4612 miuum
598 4555 1094 4625 utilitatcm,turpis
1124 4553 1261 4608 lucri
1286 4556 1370 4610 sui
1414 4570 1601 4623 causa,
1653 4557 1945 4627 publicatis

368 4650 524 4704 bouis
552 4649 882 4718 relegautor.

435 4739 525 4793 26.
565 4738 694 4794 Sive
725 4753 936 4804 servus,
977 4740 1095 4797 sive
1147 4741 1434 4810 ingenuus,
1465 4742 1554 4811 qui
1607 4757 1950 4813 quocumque

367 4842 640 4904 prmtcxtu
697 4844 881 4902 potum
929 4832 1062 4887 dare
1118 4836 1560 4906 deprehenditur,
1608 4845 1700 4889 aut
1754 4837 1949 4890 marito

369 4925 588 4989 mulier,
631 4934 724 4979 aut
763 4926 973 4980 mulieri
1007 4929 1259 4993 maritus,
1311 4939 1405 4982 aut
1457 4928 1653 4983 ancilla
1683 4927 1947 4995 dominae;

365 5025 530 5086 atque
569 5017 671 5070 hac
706 5018 992 5073 occasione
1021 5018 1116 5087 qui
1161 5029 1344 5087 potum
1389 5019 1620 5087 sumpsit
1648 5020 1947 5073 exhibitum

367 5107 560 5164 abillo
594 5108 719 5174 sibi,
752 5109 797 5164 si
837 5110 996 5164 cadat
1027 5109 1080 5162 iu
1119 5103 1386 5176 morbum,
1425 5111 1690 5181 quasique
1732 5109 1948 5175 deﬂuat,

363 5210 420 5254 et
447 5198 712 5254 moriatur
737 5241 752 5266 ,
788 5201 966 5269 gladio
995 5200 1267 5270 plectilor.

441 5289 534 5346 27.
564 5291 624 5346 Ei
650 5293 883 5360 quicum
911 5294 1203 5347 mouastria
1227 5301 1517 5359 scortntur,
1543 5303 1819 5360 tamquam
1848 5288 1951 5344 Ee-

370 5382 589 5437 clesiam
613 5383 705 5439 Dei
729 5384 1054 5440 contumelia
1085 5383 1368 5454 allicienti,
1390 5399 1550 5440 nares
1567 5383 1952 5439 abscinduutor

372 5484 676 5543 prOpterea,
710 5478 850 5545 quod
880 5481 1042 5534 etiam
1074 5469 1191 5550 ipse
1217 5480 1544 5535 adulterium
1589 5478 1947 5542 commiserit,

372 5565 466 5619 illa
507 5566 575 5620 ab
599 5565 841 5622 Ecclesia
890 5569 1125 5625 alienata
1177 5589 1189 5623 :
1240 5571 1430 5627 cadent
1476 5570 1820 5629 exsecutione
1857 5571 1948 5626 ud—

376 5671 567 5714 vcrsus
594 5657 765 5728 ipsam
806 5677 1018 5734 quoque
1049 5666 1335 5720 servanda.

2034 3107 2172 3179 πρὸς
2197 3109 2488 3177 ἀναλογίαν
2521 3109 2627 3163 τῶν
2655 3107 2744 3174 λς’
2777 3109 3127 3179 νομισμάτων
3156 3107 3364 3160 διδότω.

2104 3198 2210 3254 κα’.
2245 3199 2384 3266 Περὶ
2414 3197 2712 3268 ἀσελγῶν.
2742 3198 2805 3252 οι
2826 3189 3100 3265 ἀσελγεῖς,
3140 3198 3168 3250 ὅ
3192 3212 3251 3248 τε
3284 3193 3472 3255 ποιῶν,
3511 3191 3606 3245 καὶ

2035 3293 2063 3345 ὁ
2087 3292 2395 3362 ὑπομένων,
2421 3290 2562 3360 ξίφει
2588 3289 3058 3360 τιμωρείσθωσαν.
3082 3289 3144 3340 Εἰ
3176 3288 3232 3342 δὲ
3263 3289 3290 3341 ό
3319 3284 3610 3355 ὑπομένων

2036 3384 2212 3452 ἥττων
2259 3383 2368 3435 τῶν
2403 3380 2470 3450 ιβ’
2523 3381 2660 3434 ἐτῶν
2689 3381 2916 3451 εὑρεθῇ,
2952 3379 3364 3450 συγχωρείσθω·
3409 3376 3485 3438 ὼς
3510 3378 3610 3443 τῆς

2038 3470 2256 3539 ἡλικίας
2302 3469 2567 3540 δηλούσης
2596 3507 2611 3534 ,
2674 3469 2748 3539 μὴ
2802 3470 3003 3522 εἰδέναι
3055 3466 3219 3522 αὑτὸν
3268 3465 3330 3519 τὸ
3374 3463 3428 3517 τί
3481 3464 3612 3517 ὑπο-

2043 3561 2213 3629 μένει.

2112 3651 2215 3705 κδ’.
2257 3651 2395 3720 Περί
2422 3648 2985 3719 κτηνοόατῶν.-οἰ
3011 3645 3415 3718 ἁλογευόμενοι,
3443 3641 3622 3714 ἧγουν

2041 3741 2390 3815 κτηνοϐἀται,
2413 3740 2982 3797 καυλοκοπείσοωσαν.

2116 3916 2222 3987 κγ’.
2263 3913 3015 3986 Περίσυκοφαντῶν.-Οί
3046 3910 3379 3979 συκοφάνται
3425 3909 3483 3961 ὲν
3529 3906 3623 3976 οἵᾳ.

2045 4010 2091 4064 δ’
2117 4011 2184 4064 ἂν
2212 4011 2362 4081 αἰτίᾳ
2388 4008 2859 4079 συκοφαντήσωσι,
2895 4008 2962 4078 τῇ
2997 4001 3363 4071 ταυτοπαθείᾳ
3401 3999 3622 4054 ὑποκεί-

2049 4101 2285 4155 σθωσαν.

2118 4191 2217 4248 κδ’.
2253 4192 2392 4260 Περί
2422 4188 2909 4262 φαρμακῶν.-Οἰ
2927 4189 3121 4260 γόητες
3139 4189 3232 4242 καὶ
3247 4187 3296 4240 οἰ
3315 4183 3621 4255 φαρμακοὶ,

2049 4285 2098 4338 οἱ
2123 4285 2212 4337 ἐπὶ
2225 4283 2397 4355 βλάϐῃ
2427 4284 2732 4352 ἀνθρώπων
2761 4280 3197 4353 προσλαλοῦντες
3242 4279 3354 4342 τοῖς
3379 4274 3623 4346 δαίμοσι,

1975 4381 2018 4436 ι)
2048 4377 2192 4447 ξίφει
2210 4375 2702 4446 ⁹τιμωρείσθωσαν.

2121 4464 2218 4521 κε’.
2293 4466 2358 4518 Oi
2411 4466 2468 4518 δὲ
2520 4465 2802 4529 ποιοῦντες
2861 4462 3112 4533 φυλακτά
3161 4461 3256 4516 τοῦ
3309 4460 3489 4514 δοκεῖν
3537 4459 3624 4511 ἐπ’

2047 4556 2284 4628 ὠφελείᾳ
2297 4554 2392 4609 ἀνθ
2401 4556 2616 4626 ρώπων,
2635 4555 2724 4609 διὰ
2746 4554 2882 4609 ἰδίαν
2899 4553 3366 4626 αἰσχροκέρδειαν,
3383 4551 3449 4623 δη
3457 4549 3592 4621 μευό
3603 4577 3623 4590 ο

2051 4667 2202 4720 μενοι
2234 4647 2688 4718 ὲξοριζέσθωσαν.

2121 4738 2233 4806 κς’.
2278 4741 2338 4794 'O
2377 4740 2792 4810 εὑρισκόμενος,
2815 4740 2925 4792 εἴτε
2950 4737 3161 4803 δοῦλος,
3182 4737 3292 4791 είτε
3322 4736 3624 4806 ἐλεύθερος,

2050 4835 2142 4886 ἐπὶ
2194 4832 2466 4903 προφάσει
2520 4831 2810 4903 οἱᾳδήποτε
2873 4830 3054 4893 διδοὺς
3100 4827 3284 4894 ποτὸν,
3330 4829 3441 4880 εἴτε
3487 4826 3629 4897 γυνὴ

2049 4924 2223 4994 ἀνδρὶ,
2260 4924 2370 4976 εἴτε
2409 4922 2548 4994 ἀνὴρ
2575 4921 2820 4990 γυναικὶ,
2854 4922 2965 4975 εἴτε
2991 4921 3152 4991 δούλη
3198 4924 3264 4990 τῇ
3310 4918 3625 4988 αὑθεντρία,

2051 5015 2146 5068 καὶ
2161 5014 2358 5083 διάτῆς
2383 5012 2642 5082 τοιαύτης
2657 5013 2986 5082 προφάσεως
3008 5009 3264 5082 ἀσθενείᾳ
3294 5010 3578 5079 περιπέσοι
3599 5008 3629 5058 δ

2049 5105 2230 5160 λαϐὼν
2263 5107 2356 5160 τὐν
2409 5104 2515 5158 ὑπὸ
2567 5103 2757 5158 τούτου
2813 5104 2977 5157 ποτὸν
3008 5143 3024 5168 ,
3072 5105 3165 5156 καὶ
3220 5101 3402 5171 συμϐῇ
3460 5097 3625 5152 αὑτὸν

2052 5196 2382 5268 καταρεῦσαι
2419 5196 2514 5250 καὶ
2543 5194 2858 5258 ἀποθανεῖν,
2892 5193 3034 5262 ξίφει
3067 5191 3438 5263 τιμωρείσθω.

2121 5288 2221 5354 κζ’.
2276 5290 2333 5344 '0
2363 5287 2641 5360 πορνεύων
2674 5289 2754 5350 εἰς
2788 5287 3138 5358 μονάστριαν,
3161 5287 3237 5350 ὡς
3266 5285 3363 5354 τὴν
3395 5281 3631 5350 Ἐκκλη-

2054 5383 2176 5437 σίαν
2241 5381 2335 5434 τοῦ
2383 5381 2518 5436 Θεοῦ
2550 5379 2895 5450 καθυϐρίζων
2925 5417 2941 5443 ,
3001 5376 3434 5450 ῥινοκοπείσθω·
3493 5374 3628 5427 διότι

2053 5477 2303 5537 κάκεῖνος
2341 5472 2586 5543 μοιχείαν
2623 5471 2938 5542 εἰργάσατο,
2975 5471 3073 5539 τῆς
3101 5467 3432 5539 Ἐκκλησίας
3457 5464 3629 5532 αὐτὴν

2052 5565 2437 5638 ἁλλοτριὼσας·
2478 5566 2573 5638 τῆς
2598 5566 2787 5638 ὁμοίας
2817 5564 2913 5619 καὶ
2940 5564 3026 5618 ἐπ’
3049 5564 3185 5633 αὐτῇ
3216 5559 3627 5633 φυλαττομένης

2056 5657 2472 5725 ἐπεξελεύσεως.
