4084 6208
1536 200 1571 213 V

444 278 540 344 ἰαί]

1713 291 2106 354 DELEC’I‘US
2148 293 2438 357 LEGUM.

3602 295 3711 359 5i2

508 395 617 466 κη’.
683 394 744 447 '0
801 393 1060 466 ἀλλοτρίᾳ
1114 398 1283 478 μητρὶ
1323 397 1418 452 καὶ
1466 400 1533 469 τῇ
1582 399 1755 472 αὐτῆς
1795 403 2017 473 θυγατρί

2212 406 2303 461 28.
2346 406 2405 461 Ei
2452 406 2542 476 qui
2591 420 2711 461 cum
2747 414 3001 462 extranea
3042 413 3238 471 matre,
3271 418 3334 461 ac
3383 405 3529 462 illius
3576 409 3707 473 tilia,

436 487 722 561 σαρκικῶς
743 487 801 539 ἐν
834 486 1040 555 εἰδίλσει
1091 487 1423 559 μιγνύμενος
1442 531 1457 554 ,
1487 493 1880 561 ρινοκοπείσθω
1904 511 1918 525 ⁸
1954 499 2022 566 τῇ

435 581 575 650 αὐτῇ
608 579 770 648 ποινῇ
804 576 899 629 καὶ
928 578 1025 646 τῆς
1056 579 1113 631 ἐν
1142 579 1344 649 εἰδήσει
1368 581 1844 656 πλημμελησάσης
1874 586 2023 656 αὐτῷ

438 671 831 740 ὑποκειμένης.

512 764 618 820 κθ¹.
652 762 713 814 Ὅ
731 761 823 814 δύο
846 777 913 828 γα
923 760 1093 829 μετάς
1112 761 1273 832 ἔχων,
1295 766 1596 819 τυπτέσθω·
1627 766 2021 836 ἐκδιωκομένου

438 855 531 909 τοῦ
564 852 898 905 ἐπεισάκτου
934 849 1160 917 γυναίου
1182 854 1320 921 μετά
1356 853 1465 907 τῶν
1510 852 1569 917 ἐξ
1599 853 1767 923 αὐτῆς
1806 852 2026 923 τεχθέν-

439 965 546 1001 των
568 946 799 999 τέκνων.

511 1035 578 1090 λ’.
611 1035 671 1087 '0
693 1034 981 1106 ἀλλοτρίας
1010 1032 1212 1103 ἀγέλης
1234 1033 1335 1103 τῆς
1360 1034 1682 1104 οίασδήποτε
1721 1034 2023 1089 ἁπελασίαν

445 1121 782 1192 ποιούμενος,
808 1125 866 1176 ἐν
898 1122 998 1193 μὲν
1037 1123 1278 1192 πρώτοις
1306 1123 1467 1177 τοῦτο
1497 1124 1689 1190 ποιῶν,
1714 1123 2021 1177 τυπτέσθω·

440 1210 689 1280 δεύτερον
705 1210 782 1274 δὲ,
813 1210 999 1283 ἐξορία
1021 1212 1500 1282 παραπεμπέσθω’
1532 1214 1715 1284 τρίτον
1744 1214 1818 1276 δέ,
1845 1231 2023 1285 χειρο-

443 1302 716 1355 κοπείσθω
745 1318 760 1333 ο
814 1302 1141 1371 ὀφειλόντων
1187 1304 1432 1375 δηλονότι
1479 1305 1587 1358 τῶν
1656 1307 1787 1376 παρ’
1853 1305 2021 1359 αὑτοῦ

439 1394 859 1464 ἀπολλυομένων
885 1397 948 1464 τῇ
979 1395 1083 1466 ίδίᾳ
1109 1395 1581 1449 ἀποκαθίστασθαι
1606 1386 1914 1469 δεσποτεία.

508 1486 610 1539 λα’.
646 1485 707 1539 '0
728 1485 1027 1557 λῃστεύων,
1056 1488 1151 1540 καὶ
1176 1488 1397 1558 ἐνέδρας
1421 1489 1611 1557 ποιῶν,
1638 1491 1735 1543 καὶ
1754 1487 2020 1558 φονεύων,

444 1579 502 1630 ἐν
522 1570 566 1645 ᾧ
595 1580 880 1648 κρατεῖται
911 1578 1083 1649 τόπῳ,
1130 1580 1535 1652 φουρκιζέσθω.

2128 496 2306 549 sciens
2334 495 2626 550 carnaliter
2649 511 2707 549 se
2726 497 3064 562 commiscet,
3098 511 3256 551 nares
3285 497 3704 553 abscinduntor:

2128 587 2300 640 eidem
2350 599 2507 654 paena
2556 583 2642 637 illa
2683 599 2900 655 quoque
2953 585 3311 652 subjicienda,
3356 599 3477 653 quae
3527 586 3709 639 sciens

2128 692 2249 731 cum
2281 675 2370 729 illo
2399 675 2655 729 delictum
2687 675 2788 729 hoc
2819 675 3060 730 admisit.

2183 767 2285 828 .29.
2319 766 2421 833 Qui
2450 765 2587 821 duas
2611 780 2806 821 uxores
2832 766 3015 831 habet,
3042 767 3361 821 verberator
3394 784 3407 820 :
3438 766 3703 835 ejicienda

2127 858 2440 914 muliercula
2466 858 2559 912 illa
2598 868 2877 925 extranea,
2900 872 3023 913 cum
3062 859 3207 913 natis
3235 875 3300 913 ex
3336 860 3455 929 ipsa
3493 859 3699 914 liberis.

2196 1040 2286 1095 50.
2326 1039 2599 1109 Abigeus,
2637 1037 2729 1108 qui
2783 1050 3164 1108 quemcunque
3206 1050 3420 1106 gregem
3467 1035 3704 1090 alienum

2127 1132 2319 1202 abigit,
2365 1132 2409 1186 si
2447 1130 2623 1201 prima
2663 1130 2716 1184 id
2750 1129 2869 1184 vice
2912 1127 3095 1192 faciat,
3138 1128 3500 1182 verberator:
3538 1128 3583 1181 si
3617 1142 3706 1181 se-

2125 1223 2322 1287 utnda,
2355 1221 2411 1276 in
2448 1220 2697 1276 exsilium
2728 1218 2961 1273 mittitor
2984 1231 2999 1270 :
3024 1218 3070 1272 si
3098 1218 3280 1282 tertia,
3308 1232 3500 1271 manus
3525 1218 3574 1271 ei
3606 1217 3704 1270 ah-

2123 1312 2389 1368 scinditor
2421 1326 2436 1363 :
2476 1310 2541 1364 iis
2570 1309 2795 1374 scilicet,
2826 1322 2948 1377 qua:
2977 1306 3147 1377 ipsius
3191 1306 3345 1376 culpa
3373 1307 3699 1373 perduntur,

2123 1402 2343 1457 domino
2382 1416 2483 1454 suo
2518 1398 2892 1453 restituendis.

2194 1488 2284 1543 5t.
2318 1488 2420 1554 Qui
2460 1486 2835 1552 latrocinatur,
2873 1495 2926 1541 et
2952 1486 3177 1542 insidias
3210 1486 3385 1551 locat,
3429 1495 3483 1542 et
3530 1485 3706 1541 caedes

2123 1580 2388 1647 admittit,
2417 1593 2524 1649 quo
2560 1578 2613 1633 in
2641 1578 2762 1634 loco
2787 1579 3020 1649 capitur,
3054 1579 3253 1635 ibidem
3284 1578 3441 1635 furca
3479 1592 3704 1649 suspen-

2122 1673 2285 1728 ditor.

510 1758 615 1829 λβ⁹.
662 1760 722 1812 '0
755 1760 983 1830 πρᾶγμα
1020 1758 1159 1829 ἔχων
1186 1759 1328 1829 μετά
1356 1777 1523 1824 τινος,
1553 1761 1644 1814 καλ⁸
1677 1761 1751 1831 μὴ
1780 1763 1845 1831 τῇ
1876 1761 2015 1833 ἀρχῇ

2192 1763 2282 1817 '52.
2321 1761 2422 1829 Qui
2464 1775 2588 1817 cum
2622 1760 2805 1830 aliquo
2851 1757 3123 1829 negotium
3170 1756 3356 1824 habet,
3399 1770 3499 1811 nec
3527 1756 3703 1826 magi-

436 1848 801 1919 προσιεωνῶν,
841 1848 955 1901 ἀλλ’
996 1849 1339 1912 αύτοδούλως
1380 1850 1497 1903 εἴτε
1529 1850 1649 1904 κατ’
1690 1851 2016 1922 ἐξουσίαν,ἢ

437 1940 532 1994 καί
564 1958 681 1992 τινα
706 1939 1029 1993 δυναστείαν
1054 1942 1198 2012 χειρὶ
1225 1942 1523 1995 ἐπιϐαίνων
1550 1944 1647 1997 καὶ
1681 1944 1929 2012 ἐπαίρων
1958 1942 2019 1995 τὸ

441 2032 660 2085 είτιοῦψ
700 2033 747 2085 εί
783 2032 882 2101 μὲν
914 2034 1055 2086 κατᾶ
1094 2032 1354 2104 ἀλήθειαν
1397 2035 1458 2087 τὸ
1495 2035 1625 2086 ῐδιον
1648 2033 1829 2099 ζητῶν
1860 2034 2018 2087 τοῦτο

441 2124 737 2195 ἐποίησεν,
801 2125 1116 2178 ἐκπιπτέτω
1166 2126 1261 2178 τοῦ
1318 2126 1448 2178 ἰδίου
1502 2127 1857 2196 πράγματος,
1925 2128 2020 2179 καὶ

439 2216 731 2270 ἀναδιδότω
760 2216 834 2285 τῷ
880 2217 1072 2287 ἑτέρῳ.
1102 2217 1162 2269 Et
1191 2216 1247 2269 δὲ
1275 2217 1369 2269 καὶ
1398 2217 1680 2286 ἀλλότριόν
1710 2233 1761 2269 τι
1790 2217 2016 2287 ἐπῆρεν,

439 2306 543 2359 ὑπὸ
570 2306 667 2375 μὲν
683 2306 776 2359 τοῦ
799 2309 938 2359 κατά
960 2306 1048 2359 τὸν
1075 2307 1239 2359 τόπον
1262 2308 1526 2379 ἄρχοντος
1548 2306 1809 2378 δερέσθω,
1832 2306 1906 2370 ὡς
1942 2307 2016 2378 μὴ

434 2399 762 2468 ἀρχόμενος,
805 2401 901 2453 καὶ
948 2400 1111 2453 αὐτοῦ
1145 2401 1437 2470 γενόμενος
1463 2400 1694 2465 ἔκδικος,
1728 2401 1822 2453 καὶ
1846 2400 2019 2463 οὕτως

433 2490 534 2561 τὴν
556 2491 1004 2544 ἀποκατάστασιν
1030 2491 1291 2545 ποιείσθω
1315 2483 1488 2562 οὗπερ
1516 2493 1792 2560 ἀφείλετο.

507 2580 605 2650 λγ’.
664 2582 722 2636 Ὀ
756 2582 903 2653 ἱερέα
922 2582 1030 2635 εἴτε
1048 2584 1104 2636 ἐν
1132 2582 1418 2654 ἐκκλησίᾳ,
1446 2584 1555 2636 εἴτε
1579 2586 1636 2638 ἐν
1656 2584 1779 2658 λιτῇ
1810 2589 2019 2657 ἐπιχει-

439 2673 571 2743 ρῶν,
601 2676 941 2743 τυπτόμενος
972 2673 1316 2743 ἐξορεζέσθω.

507 2764 601 2820 λδ’.
650 2765 711 2820 ὐ
744 2767 1126 2837 εἰσερχόμενος
1165 2768 1221 2819 ἐν
1257 2766 1651 2839 θυσιαστηρίῳ,
1678 2769 1735 2823 ἐν
1770 2770 2014 2843 ἡμέραῆ

438 2858 530 2911 καὶ
560 2859 619 2909 ἐν
650 2859 827 2924 νυκτὶ,
860 2858 954 2912 καί
976 2876 1027 2911 τι
1060 2858 1166 2936 τῶν
1200 2858 1362 2929 ἱερῶν
1391 2859 1747 2928 ἀφελόμενος,
1780 2862 2016 2930 τυφλού-

439 2951 571 3005 σθω.
613 2952 671 3005 Ὀ
704 2952 759 3004 δέ
791 2952 897 3019 ἔξω
928 2951 1021 3005 τοῦ
1054 2952 1442 3023 θυσιαστηρίου
1483 2954 1727 3023 ἐπαίρων
1748 2972 1800 3007 τι
1830 2956 2017 3024 ἐκῙτοῦ

2121 1866 2346 1912 stratum
2374 1854 2680 1924 compellat,
2716 1852 2808 1907 sed
2837 1852 3058 1922 proprio
3092 1849 3337 1913 consilio,
3371 1849 3488 1904 sive
3543 1857 3702 1913 pote-

2118 1959 2281 2011 state,
2319 1949 2433 2002 sive
2453 1946 2690 2012 potentia
2720 1945 2953 2013 quadam
2981 1942 3172 2006 fretus,
3201 1956 3368 1995 manu
3408 1940 3613 1995 invadit
3650 1949 3704 1994 et

2120 2037 2335 2108 quidvis
2395 2036 2573 2091 aufert
2620 2052 2633 2088 :
2689 2030 2957 2102 siquidem
3019 2031 3195 2100 rcipsa
3244 2029 3385 2100 quod
3422 2044 3579 2083 suum
3619 2036 3704 2082 est

2120 2145 2389 2201 quaerens,
2423 2130 2474 2183 id
2508 2128 2661 2193 fecit;
2695 2142 2751 2181 re
2783 2140 2880 2179 sua
2913 2123 3105 2189 cadat,
3140 2137 3372 2191 eamque
3422 2123 3574 2176 alteri
3612 2136 3702 2176 re-

2119 2225 2331 2279 stituat.
2387 2222 2481 2276 Sin
2534 2220 2769 2274 alienum
2800 2216 2929 2287 quid
2971 2213 3217 2280 abstulit,
3254 2229 3285 2269 a
3329 2214 3559 2284 prteside
3599 2213 3700 2266 loci

2119 2314 2302 2385 ﬂagris
2360 2312 2601 2376 caeditor,
2644 2310 2808 2365 veluti
2848 2308 2960 2377 qui,
3008 2321 3131 2362 cum
3170 2304 3549 2373 magistratum
3594 2317 3700 2357 non

2120 2415 2354 2480 gereret,
2402 2403 2778 2474 suimelipsius
2840 2417 2901 2457 se
2950 2400 3221 2455 vindicem
3262 2396 3498 2460 fecerit,
3538 2406 3702 2466 atque

2121 2504 2190 2558 ita
2226 2500 2370 2572 quod
2403 2498 2644 2564 abstulit,
2670 2497 2943 2553 reetituat.

2189 2596 2278 2651 '53.
2312 2593 2413 2661 Qui
2446 2592 2786 2650 sacerdotem
2808 2591 2923 2645 sive
2948 2590 3001 2643 in
3037 2588 3293 2653 ecclesia,
3332 2586 3448 2642 sive
3476 2584 3530 2639 in
3562 2583 3701 2638 lita-

2121 2688 2210 2743 nia
2243 2685 2578 2758 aggreditur,
2609 2683 2926 2738 verberatus
2954 2681 3244 2751 relcgator.

2192 2776 2281 2831 54.
2311 2775 2413 2841 Qui
2444 2772 2741 2829 sacrarium
2775 2771 3072 2841 ingressus,
3104 2768 3349 2824 interdiu
3393 2766 3476 2820 vel
3512 2772 3698 2828 noctu,

2120 2882 2401 2924 sacrorum
2434 2864 2635 2934 aliquid
2679 2862 2805 2917 inde
2834 2860 3032 2927 aufert,
3067 2868 3391 2915 excaecator.
3426 2856 3529 2923 Qui
3572 2869 3700 2909 vero

2122 2967 2277 3013 extra
2322 2954 2620 3011 sacrarium
2664 2966 2696 3007 e
2755 2949 2951 3017 templo
2988 2950 3116 3019 quid
3172 2947 3372 3012 aufert,
3424 2945 3604 3013 ﬂagris
3643 2952 3701 2997 ut

437 3045 589 3107 ναοῦ,
617 3043 855 3115 δερέσθω
882 3044 957 3107 ὡς
988 3044 1214 3116 ἀσεϐὴς,
1268 3046 1364 3098 καὶ
1396 3045 1795 3117 κουρευόμενος
1837 3046 2012 3117 ἐξορι-

2124 3049 2322 3120 impius
2351 3046 2593 3111 caeditor,
2617 3054 2673 3100 et
2697 3052 2885 3099 tonsus
2902 3041 3092 3098 exsilio
3124 3040 3435 3097 mulctator.

438 3133 633 3199 ζέσθω.

462 3227 597 3280 “13'.
629 3228 691 3280 Οἱ
718 3227 808 3281 διά
856 3245 1007 3292 τινας
1058 3228 1260 3299 ἐχθρὰς
1296 3229 1328 3299 ἢ
1365 3229 1624 3300 ἁρπαγὰς
1647 3232 2011 3302 πραγμάτων,

434 3316 468 3385 ἢ
499 3318 837 3388 ἐμπρησμὸν
868 3320 925 3371 ἐν
957 3318 1107 3372 πόλει
1132 3319 1434 3385 ποιοῦντες,
1459 3322 1593 3391 πυρὶ
1615 3321 2017 3391 παραδιδόσθω-

436 3427 558 3463 σαν.
620 3412 682 3463 Εἰ
713 3411 770 3462 δὲ
802 3410 907 3475 ἔξω
937 3410 1145 3473 πόλεως
1211 3412 1409 3481 χωρία,
1448 3413 1481 3482 ἢ
1523 3415 1748 3484 ἀγροὺς,
1783 3413 2017 3482 ἧοίκίας

435 3501 622 3572 ἀγρῶν
645 3500 960 3569 ἐξεπίτηδες
986 3501 1168 3571 ἐμπρή
1181 3518 1332 3565 τωσι,
1362 3501 1506 3570 ξίφει
1536 3504 2013 3576 τιμωρείσθωσαν.

434 3594 497 3646 El
560 3592 615 3645 δέ
638 3609 721 3653 τις
743 3591 843 3661 τὴν
872 3590 1125 3663 καλάμην
1157 3592 1252 3644 τοῦ
1296 3593 1427 3645 ἰδίου
1468 3596 1747 3664 χωραφίου
1773 3634 1788 3659 ,
1841 3595 1874 3665 ἢ
1916 3594 2016 3658 τάς

338 3718 357 3735 .
436 3682 672 3745 ἀκάνθας
705 3682 1030 3751 βουλόμενος
1060 3682 1285 3747 καῦσαι,
1342 3684 1565 3741 ὲνέόαλε
1599 3684 1712 3756 πῦρ
1765 3685 1886 3738 κατ’
1920 3686 2016 3739 αὐ-

431 3775 563 3837 τῶν,
598 3776 658 3827 τὸ
686 3775 744 3827 δὲ
776 3773 889 3845 πῦρ
923 3774 1017 3827 καὶ
1048 3774 1360 3845 περαιτέρω
1385 3775 1650 3845 προῆλθε,
1680 3778 1775 3829 καὶ
1816 3775 2015 3829 ἔκαυσε

433 3867 505 3918 τέι
536 3866 797 3937 ἀλλότρια
818 3867 1097 3938 χωράφια,
1136 3867 1168 3937 ἢ
1222 3866 1314 3919 τὸν
1344 3867 1625 3938 ἀλλότριον
1675 3868 1977 3937 ἀμπελῶνα
1996 3883 2013 3901 ο

433 3958 517 4011 δεῖ
552 3958 1012 4030 περιεργάζεσθαι
1056 3957 1152 4011 τὸν
1178 3958 1475 4030 ἀκροατὴν,
1522 3959 1620 4012 καὶ
1660 3960 1708 4012 εἰ
1742 3959 1842 4029 μὲν
1873 3959 2017 4013 κατὰ

434 4052 692 4123 ἀπειρίαν
717 4052 751 4122 ἢ
786 4052 1059 4123 ῥᾳθυμίαν
1092 4050 1185 4104 τοῦ
1220 4050 1473 4121 βαλόντος
1503 4051 1564 4104 τὸ
1597 4050 1709 4123 πῦρ
1734 4052 1894 4105 τοῦτο
1925 4052 2017 4118 γέ-

433 4159 584 4212 γονε,
615 4144 675 4197 τὸ
706 4144 940 4215 ἀζήμιον
970 4143 1048 4213 τῷ
1084 4143 1333 4213 βλαϐέντι
1384 4142 1643 4197 ποιείτω·
1701 4145 1751 4196 εἰ
1803 4145 1910 4216 γάρ
1956 4147 2016 4198 ἐν

435 4236 624 4305 ἡμέρᾳ
644 4234 848 4304 ἄνεμον
876 4233 1043 4288 πολὺν
1068 4232 1267 4305 ἐχούσῃ
1293 4234 1353 4286 τὸ
1371 4233 1483 4305 πῦρ
1511 4234 1725 4300 ἐϐαλεν,
1752 4234 1783 4305 ἢ
1818 4236 1913 4289 καὶ
1939 4234 2015 4306 μὴ

438 4324 790 4395 παρεφύλαξε
811 4323 1286 4397 [παρεφυλάξατο]
1316 4326 1375 4379 τὸ
1401 4325 1478 4397 μὴ
1510 4325 1793 4396 προελθεῖν
1819 4326 1881 4380 τὸ
1902 4326 2015 4400 πῦρ

2188 3226 2277 3281 55.
2309 3223 2408 3290 Qui
2436 3229 2661 3292 propter
2692 3218 3008 3275 inimicitias
3036 3217 3321 3287 quasdam,
3352 3218 3409 3270 in
3441 3218 3574 3269 urbe
3616 3228 3702 3268 re-

2120 3330 2238 3369 rum
2268 3311 2600 3380 direptiones
2626 3316 2721 3362 aut
2751 3306 3059 3361 incendium
3086 3303 3309 3369 faciunt,
3340 3303 3449 3372 igni
3479 3304 3701 3354 tradun-

2122 3415 2228 3461 tor.
2251 3403 2345 3457 Sin
2376 3410 2533 3456 extra
2562 3398 2751 3453 urbem
2773 3396 2989 3462 fundos,
3012 3403 3104 3449 aut
3130 3408 3309 3463 agros,
3336 3402 3425 3446 aut
3445 3405 3697 3460 agrorum

2117 3497 2371 3559 aedificia,
2403 3495 2528 3550 data
2555 3507 2723 3563 opera
2758 3490 3122 3550 incenderint,
3174 3486 3351 3558 gladio
3382 3485 3695 3555 puniuntor.

2121 3593 2176 3647 Si
2212 3590 2336 3661 quis
2364 3598 2547 3644 autem
2580 3585 2806 3657 stipulas
2832 3584 2945 3654 agri
2982 3587 3088 3648 sui,
3128 3581 3212 3634 vel
3255 3588 3434 3633 sentes
3471 3588 3702 3630 exurere

2120 3683 2331 3747 volens,
2367 3681 2546 3749 ignem
2580 3679 2633 3733 in
2664 3692 2758 3733 eas
2789 3675 3056 3745 injecerit,
3091 3683 3145 3727 et
3177 3672 3318 3742 ignis
3360 3670 3448 3724 ille
3472 3667 3703 3724 ulterius

2120 3772 2412 3844 scrpserit,
2449 3780 2611 3839 atque
2655 3768 2862 3822 alienos
2906 3764 3125 3827 fundos,
3159 3773 3264 3815 aut
3306 3761 3522 3815 vineam
3571 3759 3703 3812 alie-

2116 3881 2240 3920 nam
2273 3861 2581 3919 exusserit:
2612 3859 2779 3925 judex
2817 3870 2937 3911 eam
2982 3869 3094 3907 rem
3134 3852 3345 3906 curiose
3387 3848 3701 3918 perquirere

2117 3958 2307 4021 debet,
2372 3969 2435 4010 ac
2487 3950 2901 4020 siquidem'pcr
2953 3943 3280 4015 imperitiam
3344 3940 3427 3995 vel
3487 3938 3700 4007 culpam

2118 4050 2266 4118 ejus,
2314 4047 2404 4117 qui
2455 4046 2632 4116 ignem
2681 4039 2829 4097 illum
2872 4037 3085 4108 injecit,
3130 4037 3232 4089 hoc
3298 4034 3497 4088 factum
3557 4031 3699 4085 fuit:

2118 4152 2373 4205 damnum
2418 4144 2508 4199 hic
2550 4143 2735 4195 datum
2781 4136 2883 4199 illi,
2925 4133 3017 4204 qui
3059 4145 3251 4200 passus
3299 4137 3403 4193 est,
3440 4140 3701 4195 compen-

2119 4250 2223 4298 set.
2288 4236 2421 4293 Nam
2462 4234 2508 4291 si
2567 4233 2690 4299 die,
2750 4243 2857 4299 quo
2912 4235 3110 4283 ventus
3160 4221 3325 4277 ﬂabat
3375 4220 3701 4279 vehemens.

2118 4336 2298 4406 ignem
2354 4326 2619 4385 immisit:
2654 4332 2748 4378 aut
2778 4322 2824 4377 si
2870 4334 2975 4376 non
3017 4317 3181 4381 cavit,
3237 4329 3308 4369 ne
3352 4311 3513 4367 latius
3566 4310 3705 4379 ignis

436 4417 770 4486 περαιτέρω,
806 4416 881 4479 ὡς
912 4416 1196 4486 ἀμελήσας
1230 4418 1325 4471 καὶ
1361 4417 1689 4489 ῥᾳθυμήσας
1719 4419 2014 4473 καταδικά-

2124 4403 2367 4498 serperet
2409 4440 2423 4477 :
2468 4418 2632 4478 veluti
2676 4415 2956 4487 negligens
3008 4419 3062 4467 et
3092 4409 3242 4476 .latae
3293 4405 3464 4475 culpa:
3508 4403 3704 4498 adfinis

440 4509 614 4572 ζεται.
647 4508 708 4559 Et
729 4507 786 4559 δὲ
805 4508 901 4560 καὶ
921 4508 1098 4561 πάντα
1126 4509 1224 4579 μὲν
1250 4508 1694 4578 παρεφυλάξατο,
1719 4509 1915 4581 ἁθρόον
1959 4511 2017 4563 δὲ

441 4598 661 4669 πνεῦμα
712 4599 890 4668 βίαιον
941 4600 1199 4666 ἐνέπεσε,
1259 4602 1352 4653 καὶ
1375 4601 1464 4654 διά
1491 4601 1651 4655 τοῦτο
1681 4603 2020 4674 πορρωτέρω

440 4684 679 4762 προῆλοε
702 4691 763 4745 τὸ
786 4692 920 4766 πῦρ,
944 4692 1006 4744 οὐ
1030 4692 1475 4757 καταδικάζεται.
1517 4694 1645 4747 Ἐὰν
1668 4696 1732 4748 ἐκ
1757 4694 1854 4748 τοῦ
1882 4712 2020 4765 συμ-

440 4783 735 4855 ϐεϐηκότος
790 4784 1144 4856 ἐμπυρισμοῦ
1204 4786 1499 4858 ἐμπρησθῇ
1527 4783 1677 4850 οἶκός
1713 4804 1884 4853 τινος,
1921 4788 2018 4841 καὶ

440 4876 752 4930 ἐκκαυθῶσί
787 4894 909 4931 τινα
942 4877 1052 4931 τῶν
1090 4876 1236 4929 ίδίων
1288 4878 1453 4932 αὑτοῦ
1515 4880 1882 4951 πραγμάτων,
1924 4880 2021 4934 καὶ

438 4967 685 5039 ἐκδράμῃ
720 4968 781 5021 τὸ
811 4967 943 5039 πῦρ,
978 4967 1073 5022 καὶ
1103 4969 1382 5039 ἐμπρήσει
1432 4970 1555 5023 τινὰ
1601 4972 1709 5024 τῶν
1744 4987 2018 5041 παρακει-

443 5062 621 5133 μένων
646 5062 796 5133 αύτῷ
826 5062 1168 5133 οίκημάτων,
1199 5063 1534 5134 ἀνέγκλητος
1557 5064 1719 5129 ἔστω,
1749 5063 1825 5129 ὡς
1855 5065 2021 5117 ἀκου-

440 5157 572 5218 σίως
604 5158 696 5210 τοῦ
726 5157 968 5211 τοιούτου
994 5159 1331 5229 ἐμπρησμοῦ
1362 5159 1685 5228 γενομένου.

506 5248 614 5313 λς’.
657 5250 718 5302 0i
742 5250 869 5311 τοὺς
913 5251 1141 5319 νεκροὺς
1198 5253 1259 5304 ἐν
1288 5252 1403 5313 τοῖς
1453 5251 1648 5319 τάφοις
1708 5249 2016 5317 ἐκδύοντες,

439 5358 725 5412 χειροκοπε
736 5343 750 5395 ί
757 5343 994 5396 σθωσαν.

512 5432 609 5497 λζ’.
661 5435 719 5487 '0
745 5436 905 5506 σῶμα
934 5435 1219 5506 ἐλεύθερον
1248 5434 1502 5490 κλέπτων
1542 5434 1638 5489 καὶ
1668 5434 2017 5506 πιπράσκων,

438 5526 896 5598 χειροκοπείσθω.

513 5616 616 5687 λη’.
662 5619 723 5671 ’0
783 5620 1150 5687 ὑπονοθεύων,
1216 5622 1310 5676 καὶ
1360 5621 1641 5693 κρύπτων,
1695 5619 1789 5674 καί¹
1838 5618 2020 5688 ἀφανῆ

440 5712 615 5768 ποιῶν
640 5713 918 5786 ἁλῖότριον
948 5714 1188 5785 οίκέτην,
1213 5715 1347 5787 πρὸς
1367 5717 1430 5786 τῇ
1458 5712 1902 5769 ἀποκαταστάσει
1927 5710 2019 5765 τοῦ

2122 4492 2530 4574 condemnatur.
2578 4509 2674 4565 Sin
2719 4521 2842 4562 cum
2893 4501 2996 4558 sibi
3033 4500 3271 4554 cavisset
3314 4497 3377 4563 ,in
3427 4492 3702 4556 omnibus,

2121 4607 2303 4663 Subito
2339 4610 2533 4658 ventus
2578 4598 2916 4667 impetuosus
2959 4590 3156 4654 irruit,
3210 4601 3380 4657 eaque
3419 4585 3485 4640 de
3537 4598 3702 4638 causa

2122 4701 2284 4757 latius
2312 4699 2451 4765 ignis
2495 4694 2583 4749 ille
2622 4691 2822 4764 serpsit
2851 4707 2866 4744 :
2897 4702 3006 4742 non
3034 4685 3450 4742 condemnatur.
3484 4681 3541 4736 Si
3581 4696 3703 4736 cum

2122 4795 2301 4866 ignem
2339 4791 2390 4844 iu
2431 4785 2660 4852 alicujus
2690 4786 2849 4839 domo
2878 4777 3103 4835 accendi
3135 4776 3474 4845 contigisset,
3513 4788 3574 4827 ca
3607 4772 3705 4827 do-

2121 4863 2242 4939 mus
2275 4882 2398 4951 igne
2433 4886 2684 4945 correpta
2715 4874 2898 4940 fuerit,
2931 4880 3005 4939 .et
3046 4868 3333 4939 ipsiusmet
3371 4863 3576 4920 domini
3616 4876 3704 4916 res

2121 4974 2366 5047 quaedam
2392 4976 2595 5025 exusta:
2629 4982 2642 5020 :
2674 4964 2867 5021 deinde
2907 4973 3226 5034 progressus
3283 4955 3442 5025 ignis,
3472 4951 3702 5047 aedilicia

2121 5042 2370 5139 quaedam
2393 5060 2645 5130 contigua
2668 5055 2901 5111 ﬂammis
2925 5049 3273 5121 corripuerit,
3309 5056 3464 5101 extra
3490 5042 3702 5112 culpam

2122 5134 2260 5223 esto,
2291 5153 2453 5211 veluti
2491 5167 2600 5223 quo
2631 5148 2798 5205 invito
2826 5144 3132 5201 incendium
3166 5137 3295 5195 illud
3320 5134 3607 5191 acciderit.

2192 5252 2281 5309 36.
2312 5252 2424 5319 Eis,
2448 5249 2539 5319 qui
2572 5254 2811 5302 mortuos
2844 5242 2900 5296 in
2944 5237 3207 5309 sepulcris
3245 5241 3471 5297 exuunt,
3507 5242 3702 5282 manus

2124 5346 2482 5404 abscittditor.

2189 5438 2281 5492 37.
2315 5437 2397 5500 Ei,
2434 5434 2523 5504 qui
2570 5447 2769 5502 corpus
2810 5430 3039 5485 liberum
3073 5424 3286 5479 furatur
3325 5431 3389 5473 ac
3421 5412 3695 5480 distrahit,

2124 5542 2317 5583 manus
2346 5525 2705 5582 abscinditur.

2194 5620 2284 5676 '58.
2316 5618 2418 5685 Qui
2449 5616 2724 5677 sollicitat,
2752 5619 2808 5665 et
2832 5609 3010 5673 celat,
3038 5614 3095 5661 et
3125 5617 3393 5674 nusquam
3428 5610 3696 5670 apparere

2125 5711 2253 5768 facit
2288 5709 2519 5766 alienum
2547 5718 2785 5770 servum,
2818 5708 3014 5773 prwtcr
3056 5700 3172 5768 ejus
3216 5695 3357 5753 servi
3396 5688 3698 5751 restitutio-
