4058 6212
350 233 464 297 543

1387 215 1890 284 CONSTANTINI
1927 215 2622 284 PORPHYROGENITII

3513 215 3611 278 544

353 359 498 407 nem,
528 341 696 399 etiam
729 347 893 402 alium
925 340 1143 398 domino
1167 349 1407 402 servum,
1437 333 1522 388 vel
1552 331 1786 403 pretium
1813 328 1933 395 ejus

2057 331 2277 388 τοιούτου
2309 333 2497 388 δούλου
2519 333 2614 385 καὶ
2650 330 2837 400 ἕτερον
2867 328 2943 399 τῷ
2973 326 3148 398 κυρίῳ
3179 324 3344 379 αὐτοῦ
3371 326 3612 398 οἰκέτην.

374 442 602 488 ιτέρδιθι.

374 450 602 488 περειει.

358 450 374 503 1
431 525 520 580 59.
560 524 660 589 Qui
693 524 907 576 furatur
938 519 991 573 in
1042 515 1270 581 fossato,
1309 529 1429 572 sive
1469 515 1523 570 in
1566 512 1931 583 expeditione,

359 617 406 671 si
447 627 614 674 arma,
659 611 1017 664 verberator:
1051 607 1098 664 si
1133 605 1435 680 iumentum
1461 643 1478 671 ,
1524 619 1715 659 manus
1752 603 1800 658 ei
1840 602 1934 658 ab-

359 703 636 762 seiuditor.

429 793 516 847 40.
559 792 626 843 At
658 806 785 845 vero
819 791 908 860 qui
945 791 1053 848 alio
1099 791 1150 846 in
1195 789 1314 846 loco
1355 788 1663 862 reipublica:
1696 787 1932 853 furatur,

361 898 480 936 cum
516 882 564 934 id
603 881 777 950 prima
818 881 936 935 vice
981 880 1136 943 facit,
1167 879 1433 949 siquidem
1465 880 1601 934 liber
1628 887 1736 944 est,
1776 887 1830 932 et
1856 877 1934 933 lo-

360 974 576 1044 cuples,
628 981 827 1042 prmter
864 973 1258 1029 restitutionem
1299 971 1512 1028 furtivae
1541 971 1616 1027 rei
1641 1009 1659 1036 ,
1712 970 1934 1040 duplum

361 1065 552 1120 deinde
583 1058 817 1135 pretium
843 1065 960 1136 ejus
989 1074 1210 1134 praestat
1247 1079 1260 1116 :
1295 1064 1379 1119 sin
1413 1065 1589 1135 inops,
1625 1063 1938 1118 verberator

359 1165 415 1209 ct
453 1157 506 1209 in
541 1155 790 1212 exsilium
823 1156 1071 1212 mittitor.
1100 1153 1351 1211 Secunda
1385 1168 1519 1213 vero
1568 1152 1708 1222 vice,
1749 1166 1940 1208 manus

361 1246 409 1299 ci
441 1246 796 1301 abSt-iuditor.

436 1337 526 1390 41.
563 1336 714 1391 Servi
749 1337 884 1392 furis
915 1337 1186 1402 dominus,
1215 1337 1261 1394 si
1295 1351 1513 1392 servum
1540 1334 1808 1406 ejusmodi
1850 1349 1938 1390 re-

369 1427 539 1482 tinere
585 1428 716 1494 vult,
759 1430 1014 1484 damnum
1060 1431 1243 1484 datum
1298 1429 1396 1494 illi,
1441 1429 1533 1498 qui
1587 1442 1778 1497 passus
1834 1433 1937 1490 est,

366 1530 672 1588 contpenset
703 1529 799 1575 :at
851 1523 901 1576 si
951 1535 1164 1576 servum
1218 1519 1467 1576 eumdem
1529 1518 1664 1576 nolit
1719 1517 1940 1582 habere,

369 1613 546 1665 tradat
577 1627 700 1666 eum
733 1611 785 1666 in
810 1613 1194 1681 proprietatem
1233 1611 1460 1667 solidam
1497 1611 1597 1678 illi,
1629 1609 1718 1680 qui
1739 1608 1938 1664 furtum

368 1714 560 1764 passus
593 1710 697 1754 est.

438 1788 529 1842 42.
567 1787 845 1844 Mauicbtei
869 1797 926 1846 et
949 1789 1315 1856 Montanistze,
1344 1790 1522 1858 gladio
1555 1791 1871 1860 puniuntor.

437 1967 527 2021 43.
562 1966 665 2033 Qui
706 1969 890 2038 specie
925 1977 1084 2026 tenus
1116 1982 1340 2022 uxorem
1372 1968 1522 2023 ducit
1559 1983 1702 2034 eam,
1734 1983 1855 2038 qua:
1879 1983 1947 2024 ex

369 2069 559 2112 sancto
595 2070 645 2113 et
671 2060 896 2114 salutari
933 2060 1258 2130 baptismate
1289 2061 1434 2116 facta
1463 2071 1547 2118 est
1585 2062 1683 2132 ipsi
1709 2078 1949 2118 comma-

372 2162 474 2217 Ier,
512 2151 597 2204 vel
629 2167 748 2206 cum
777 2167 840 2206 ea
871 2153 990 2206 sine
1021 2153 1223 2222 nuptiis
1254 2152 1498 2209 carnales
1530 2153 1585 2208 in
1634 2153 1948 2224 complexus

373 2240 518 2294 venit
538 2280 554 2304 ,
586 2239 687 2295 hoc
709 2257 839 2311 ergo
858 2241 946 2310 qui
979 2243 1194 2297 facinus
1216 2242 1473 2308 admittit,
1499 2252 1620 2318 post
1663 2245 1946 2298 amborum

373 2347 401 2383 a
433 2347 492 2386 se
530 2331 758 2387 invicem
785 2334 1134 2404 diremptum,
1168 2334 1533 2392 adulterorum
1567 2351 1740 2406 parum
1779 2335 1952 2405 subji-

373 2422 532 2487 citor,
560 2421 664 2477 hoc
693 2430 798 2492 est,
829 2434 935 2480 tam
958 2425 1096 2496 ipsi,
1128 2439 1290 2495 quam
1327 2424 1403 2484 illi
1439 2439 1602 2484 nares
1624 2426 1953 2486 abscindun-

375 2524 480 2570 |0l‘.

444 2606 530 2661 44.
577 2607 634 2662 Si
670 2609 790 2679 quis
828 2610 879 2664 in
925 2611 1234 2666 maritatam
1274 2617 1625 2666 commatrem
1664 2623 1818 2668 suam
1849 2611 1954 2671 ltu-

375 2697 603 2766 iusmodi
647 2703 776 2772 quid
837 2702 1122 2757 admittere
1173 2701 1545 2770 deprehensus
1601 2703 1802 2772 fuerit.
1842 2716 1950 2763 tam

378 2793 512 2861 ipse.
547 2808 710 2862 quam
743 2795 854 2862 illa,
887 2803 1086 2865 praater
1111 2796 1323 2852 narium
1357 2800 1752 2868 praecisiouem,
1785 2803 1952 2858 etiam

379 2886 580 2942 acriter
611 2887 988 2946 verberantor.

452 2975 543 3030 45.
586 2977 743 3043 Quia
769 2979 858 3034 die
889 2979 1138 3048 praesenti
1175 2980 1522 3038 matrimonio
1553 2981 1957 3052 coniunguntur
1981 2985 2026 3048 (ζ

379 3065 533 3120 liberi
572 3067 822 3136 fratrum,
851 3079 903 3124 et
939 3072 1130 3126 borum
1157 3072 1308 3128 liberi
1331 3074 1614 3128 dumtaxat
1641 3091 1654 3129 :
1685 3075 1768 3129 vel
1791 3075 1952 3131 etiam

380 3169 537 3226 pater
573 3171 625 3216 et
653 3162 794 3218 ﬁlius
830 3178 952 3219 eum
998 3174 1173 3222 matre
1199 3181 1264 3222 ac
1297 3165 1428 3228 ﬁlia.
1471 3166 1553 3222 vel
1603 3167 1709 3223 duo
1758 3167 1956 3226 fratres

378 3267 502 3306 cum
537 3253 742 3312 duabus
767 3257 1084 3314 sororibus:
1109 3267 1309 3328 praeter
1339 3259 1762 3326 reparationem,
1788 3260 1952 3317 etiam

380 3344 751 3404 verberantor.

449 3435 542 3492 46.
581 3437 841 3495 Falsariis
870 3446 1122 3503 monetae.
1157 3452 1350 3498 manus
1385 3449 1712 3509 amputatur.

454 3606 546 3662 47.
580 3606 682 3676 Qui
719 3607 774 3666 in
797 3609 1030 3666 hostium
1073 3625 1264 3668 manus
1299 3621 1578 3680 venerunt,
1614 3621 1670 3671 et
1720 3612 1963 3686 inculpa-

386 3706 497 3752 tam
531 3697 689 3754 {idem
727 3709 968 3756 nostram
1000 3701 1362 3762 Christianam
1417 3705 1776 3778 abnegarunt,
1813 3716 1962 3781 post-

386 3786 597 3844 liminio
628 3801 985 3859 revertentes.
1020 3793 1090 3850 ad
1116 3794 1408 3856 ecclesiam
1437 3797 1813 3856 remittuntor.

455 3973 546 4031 48.
576 3973 678 4040 Qui
711 3975 866 4035 uxori
905 3990 1016 4032 sure
1054 3975 1325 4032 condonet
1351 3985 1406 4032 et
1455 3978 1722 4048 permittit
1751 3977 1962 4053 adulta:

389 4065 550 4132 rium,
587 4067 901 4122 verberatus
931 4067 1198 4138 relegator
1228 4084 1244 4122 :
1275 4069 1536 4128 adultera:
1557 4083 1686 4128 vero
1742 4079 1797 4126 et
1816 4068 1969 4124 adul-

389 4168 508 4213 tero
534 4171 696 4214 nares
726 4169 1098 4230 amputautor.

2031 422 2064 492 ἢ
2098 423 2195 486 τὰς
2219 423 2360 496 ὑπὲρ
2383 422 2549 478 αὑτοῦ
2572 421 2738 492 τιμὰς
2760 420 2970 475 διδότω.

2103 512 2202 571 λθ’.
2249 514 2310 569 Ὀ
2341 514 2593 569 κλέπτων
2613 515 2671 566 ἐν
2707 512 2984 582 φοσσάτῳ,
3017 512 3136 584 ἦτοι
3163 512 3222 564 ἐν
3252 512 3536 583 ἐξπεδίτῳ,
3568 514 3620 567 εί

2037 605 2137 677 μὲν
2163 605 2329 672 ὅπλα,
2353 604 2641 659 τυπτέσθω
2663 618 2676 633 ·
2707 603 2758 657 εί
2791 603 2848 656 δὲ
2871 602 3087 672 ἄλογον,
3124 604 3578 674 χειροκοπείσθω.

2109 788 2188 852 μ’.
2231 778 2294 834 Ὀ
2329 778 2578 835 κλέπτων
2606 779 2663 831 ἐν
2687 775 2864 848 ἑτέρῳ
2891 774 3043 844 τόπῳ
3070 774 3170 842 τῆς
3202 775 3501 840 πολιτείας,
3560 776 3622 828 ἐν

2039 871 2276 943 πρώτοις
2312 870 2412 942 μὲν
2432 869 2589 923 τοῦτο
2621 867 2811 932 ποιῶν,
2845 865 2941 919 ἐὰν
2995 865 3279 935 ἐλεύθερός
3334 869 3486 932 ἐστι,
3521 868 3618 921 καὶ

2037 966 2282 1036 εὐπορεῖ,
2332 964 2469 1035 πρὸς
2517 965 2586 1034 τῇ
2641 957 3088 1016 ἀποκαταστάσει
3141 957 3238 1011 τοῦ
3291 958 3616 1023 κλαπέντος,

2041 1054 2179 1126 μετὰ
2214 1054 2372 1108 τοῦτο
2421 1053 2618 1123 διπλῆν
2669 1051 2770 1122 τὴν
2807 1048 2903 1102 τοῦ
2939 1048 3240 1110 κλαπέντος
3277 1048 3445 1120 τιμὴν
3479 1066 3619 1117 παρ-

2037 1146 2227 1216 εχέτω
2259 1148 2310 1199 ει
2345 1145 2400 1198 δὲ
2429 1145 2656 1216 ἄπορος,
2677 1138 2965 1194 τυπτέσθω
2996 1139 3090 1192 καὶ
3121 1138 3469 1210 ἐξοριζέσθω.
3488 1139 3619 1192 Δεύ-

2037 1255 2194 1310 τερον
2219 1238 2297 1302 δέ,
2321 1235 2776 1308 χειροκοπείσθω.

2110 1335 2220 1399 μα’.
2265 1326 2323 1380 Ὁ
2356 1326 2451 1380 τοῦ
2489 1326 2726 1380 κλέπτου
2753 1326 2944 1380 δούλου
2977 1327 3191 1398 κύριος,
3217 1323 3390 1395 εἰμὲν
3425 1323 3615 1394 βούλε-

2039 1420 2305 1491 ταιξέχειν
2348 1418 2441 1473 τὸν
2498 1419 2742 1472 τοιοῦτον
2772 1417 3014 1488 οἰκέτην,
3039 1418 3099 1471 τὸ
3125 1417 3363 1486 ἀζήμιον
3393 1415 3621 1470 ποιείτω

2041 1512 2117 1584 τῷ
2149 1512 2407 1566 κλαπέντι
2435 1528 2450 1542 ο
2487 1510 2563 1582 μὴ
2603 1510 2931 1582 βουλόμενος
2956 1510 3014 1562 δὲ
3041 1509 3186 1579 ἔχειν
3213 1508 3305 1562 τὸν
3341 1509 3505 1562 αὐτὸν
3539 1506 3619 1560 ol-

2043 1606 2228 1674 κέτην,
2263 1605 2454 1658 τοῦτον
2476 1603 2776 1658 ἀποδιδότω
2833 1603 2913 1666 είς
2945 1601 3160 1654 τελείαν
3187 1599 3504 1654 δεσποτείαν
3540 1599 3622 1670 τῷ

1980 1686 2021 1738 Β
2049 1698 2150 1770 τὴν
2183 1696 2388 1765 κλοπὴν
2409 1695 2789 1766 ὑπομείναντι.

2121 1786 2230 1860 μβπ
2259 1789 2326 1842 Οἱ
2352 1789 2644 1858 Μανιχαῖοι
2675 1786 2773 1841 καὶ
2820 1786 2870 1840 oi.
2895 1783 3205 1849 Μωντάνοι,
3250 1783 3398 1852 ξίφει
3444 1801 3623 1855 τιμω-

2050 1881 2354 1952 ρείσθωσαν

2116 1973 2227 2044 μγ’.
2265 1974 2320 2028 '0
2345 1973 2482 2044 πρὸς
2511 1973 2689 2042 γάμον
2717 1971 2796 2041 τῷ
2820 1972 2998 2025 δοκεῖν
3019 1971 3280 2040 ἀγόμενος
3302 1969 3402 2038 τὴν
3429 1971 3494 2022 ἐκ
3523 1968 3632 2022 τοῦ

2053 2065 2208 2135 ἁγίου
2229 2066 2324 2120 καὶ
2347 2065 2726 2136 σωτηριώδους
2752 2064 3132 2135 βαπτίσματος
3155 2063 3460 2132 γενομένην
3475 2061 3631 2132 αὐτῷ

2052 2155 2364 2222 σύντεκνον,
2390 2155 2424 2226 ἢ
2453 2156 2548 2210 καὶ
2575 2155 2855 2226 σαρκικῶς
2881 2154 3056 2226 ταύτῃ
3099 2154 3228 2209 ἄνευ
3274 2153 3458 2222 γάμου
3489 2169 3628 2221 συμ-

2049 2249 2404 2319 πλεκόμενος,
2433 2249 2462 2301 ὀ
2509 2247 2674 2302 τοῦτο
2721 2246 3081 2316 πλημμελῶν,
3141 2243 3281 2314 μετὰ
3309 2243 3370 2296 rb
3397 2242 3627 2296 ἀποδιω-

2051 2339 2249 2411 χθῆναι
2285 2339 2482 2400 αὐτοὺς
2509 2338 2605 2393 ἀπ’
2640 2338 2911 2409 ἀλλήλων,
2969 2340 3036 2408 τῇ
3088 2336 3198 2390 τῶν
3234 2335 3439 2406 μοιχῶν
3467 2335 3634 2404 ποιειῇ

2053 2428 2569 2495 καθυποϐαλλέσθω,
2585 2429 2752 2500 ἧγουν
2773 2427 2936 2492 αὐτὸς
2955 2427 3186 2498 κάκείνη
3210 2424 3626 2498 ῥινοκοπείσθω.

2126 2603 2228 2676 μθ.
2257 2604 2324 2658 Et
2348 2621 2433 2664 τις
2461 2606 2540 2668 είς
2572 2604 2840 2676 ὖπανδρον
2867 2607 3155 2661 σύντεκνον
3175 2605 3344 2659 αὐτοῦ
3370 2622 3424 2657 τι
3452 2603 3644 2656 τοιοῦοη

2053 2713 2146 2749 τον
2177 2695 2371 2767 εὑρεθῇ
2436 2695 2623 2761 ποιῶν,
2679 2701 2775 2750 καὶ
2804 2697 2967 2751 αὑτὸν
3025 2696 3121 2750 καὶ⁹
3169 2696 3373 2766 ταύτην
3399 2695 3536 2767 πρὸς
3564 2695 3632 2764 τῇ

2055 2791 2262 2862 ἐκτομῇ
2286 2789 2384 2860 τῆς
2411 2789 2560 2862 ῥινὸς
2583 2790 2678 2845 καὶ
2705 2790 2914 2865 σφόδρα
2947 2790 3276 2848 τύπτεσθαι.

2130 2964 2238 3035 με’.
2271 2965 2335 3018 Οἱ
2366 2963 2478 3018 ἀπὸ
2503 2964 2596 3020 τοῦ
2626 2964 2894 3036 παρόντος
2919 2965 3055 3037 πρὸς
3081 2965 3260 3036 γάμον
3291 2964 3635 3034 συναπτόμε-

2060 3071 2143 3108 νοι
2175 3054 2473 3124 ἐξάδελφοι,
2499 3055 2595 3109 καὶ
2627 3056 2694 3109 τὰ
2719 3055 2926 3109 τούτων
2953 3057 3122 3110 τέκνα
3144 3057 3235 3109 καὶ
3267 3056 3445 3126 μόνον,
3478 3047 3638 3126 ἧ”καὶ

2065 3146 2245 3218 πατὴρ
2293 3147 2388 3199 καὶ
2433 3148 2548 3210 υίὸς
2584 3147 2722 3212 πρὸς
2756 3147 2969 3218 μητέρα
3015 3148 3110 3201 καί
3146 3147 3501 3216 θυγατέρα,ἢ
3543 3145 3644 3199 δύο

2067 3239 2285 3307 ἀδελφοὶ
2309 3241 2389 3303 εἰς
2421 3239 2516 3294 δύο
2546 3239 2803 3309 ἀδελφὰς,
2832 3240 2969 3311 πρὸς
3002 3240 3080 3312 τῷ
3113 3240 3376 3318 χωρισμῷ
3418 3238 3512 3293 καὶ
3543 3254 3638 3292 τυ-

2066 3328 2412 3382 πτέσθωσαν.

2138 3420 2258 3492 μς’.
2284 3424 2348 3476 0i
2380 3423 2810 3493 παραχαράκται
2857 3424 3120 3497 μονήτας,
3177 3428 3639 3496 χειροκοπείσθω-

2072 3529 2193 3568 σαν.

2142 3606 2253 3678 με’.
2282 3608 2346 3664 Oi
2378 3606 2484 3662 ὑπὸ
2515 3609 2624 3663 τῶν
2673 3610 2950 3679 πολεμίων
3005 3611 3382 3682 χειρωθέντες,
3427 3613 3520 3664 καὶ
3540 3613 3643 3680 τὴν

2069 3697 2371 3770 ἀμώμητον
2389 3700 2546 3771 ἡμῶν
2565 3701 2674 3756 τῶν
2715 3703 3060 3772 Χριστιανῶν
3108 3704 3291 3758 πίστιν
3322 3704 3646 3774 ἀπαρνησά-

2076 3806 2252 3859 μενοι,
2297 3791 2730 3862 ὑποστρέφοντες
2774 3794 2834 3848 ἐν
2852 3797 2919 3865 τῇ
2970 3794 3238 3866 πολιτείᾳ,
3271 3797 3339 3866 τῇ
3377 3795 3647 3864 ἐκκλησία

2075 3879 2658 3951 παραπεμπέσθωσαν.

2145 3979 2259 4043 μηᾶ
2293 3972 2351 4027 '0
2405 3976 2473 4046 τῇ
2535 3974 2644 4045 ίδίᾳ
2695 3979 2910 4046 γαμετῇ
2959 3977 3213 4048 μοιχείαν
3241 3973 3311 4050 ἦν
3363 3977 3656 4045 γινώσκων

2074 4062 2534 4138 {conuiuia}:va
2564 4066 2660 4120 καὶ
2691 4061 3058 4141 παραχωρῶν,
3105 4071 3441 4141 τυπτόμενος
3469 4070 3646 4142 ἐξορι-

2074 4156 2253 4220 ζέσθω
2271 4173 2286 4190 ο
2316 4158 2351 4228 ἦ
2378 4157 2434 4211 δέ
2467 4158 2715 4229 μοιχαλὶς
2734 4160 2830 4212 καὶ
2854 4162 2882 4213 ὁ
2913 4163 3101 4233 μοιχὸς
3130 4163 3648 4234 ρινοκοπείσθωσαν.

460 4251 549 4306 49.
583 4251 683 4319 Qui
727 4251 959 4306 alienam
1005 4251 1058 4306 in
1111 4251 1300 4308 silvam
1355 4251 1532 4324 ignem
1587 4251 1846 4320 immisit,
1881 4251 1955 4307 vel

2137 4243 2248 4318 μθ’.
2289 4245 2348 4299 '0
2378 4244 2490 4316 πῦρ
2514 4246 2770 4317 ἐμϐαλὼν
2805 4250 2864 4302 ἐν
2891 4249 3150 4323 ἀλλοτρίᾳ
3203 4252 3325 4323 ὕλῃ,
3359 4253 3392 4324 ἢ
3434 4254 3652 4320 κόπτων

387 4343 613 4398 arbores
639 4358 706 4400 ex
735 4358 801 4398 ea
831 4343 1007 4408 caedit,
1038 4343 1094 4398 in
1123 4344 1347 4413 duplum
1383 4344 1815 4403 eondemnamr.‘

460 4433 551 4487 50.
582 4431 684 4502 Qui
722 4433 892 4490 aliena
923 4448 1118 4503 pecora
1176 4431 1414 4495 inclusit.
1446 4441 1500 4486 et
1525 4432 1668 4490 fame
1705 4434 1966 4504 corrupit,

389 4523 473 4576 Vel
497 4522 604 4578 alio
625 4538 732 4594 quo
770 4525 932 4582 modo
961 4524 1191 4590 necavit,
1235 4523 1289 4580 in
1312 4522 1530 4594 duplum
1554 4524 1974 4582 condemnatur.

461 4695 550 4752 5i.
586 4695 642 4750 Si
666 4697 864 4754 arietes
886 4707 979 4754 aut
1007 4699 1173 4755 boves
1200 4699 1474 4772 congressi
1504 4700 1723 4769 fuerint,
1754 4711 1806 4758 et
1825 4703 1972 4776 prior

337 4813 339 4815 ι
391 4803 679 4858 aggressus
710 4802 937 4847 mortem
968 4791 1313 4862 oppetiverit,
1335 4793 1589 4850 dominus
1615 4793 1780 4862 illius,
1807 4811 1837 4850 a
1860 4812 1970 4866 quo

395 4896 542 4937 mors
564 4890 648 4938 est
680 4881 846 4948 illata,
881 4900 986 4942 non
1014 4887 1355 4943 convenitur.
1381 4885 1438 4944 Si
1455 4903 1586 4944 vero
1610 4889 1968 4958 moriaturid,

397 4975 540 5044 quod
567 4975 811 5034 invasum
839 4975 962 5046 fuit,
1018 4978 1294 5036 interfecti
1338 4981 1593 5038 dominus
1626 4982 1969 5050 convenitur,

396 5075 454 5120 ct
477 5065 571 5122 dat
602 5069 803 5124 animal
835 5069 909 5134 id,
939 5071 1082 5142 quod
1127 5072 1356 5129 alterum
1391 5075 1618 5143 occidit;
1659 5077 1743 5140 vel
1775 5076 1848 5142 ei,
1877 5079 1970 5148 qui

397 5158 652 5216 daumum
687 5161 914 5234 accepit,
947 5162 1355 5236 indemnitatem
1381 5176 1621 5235 prastat.

468 5244 560 5300 52.
593 5245 649 5302 Si
687 5247 808 5318 quis
838 5264 1036 5318 equum
1071 5255 1414 5309 commodato
1446 5255 1652 5322 ceperit
1691 5270 1863 5324 usque
1904 5255 1970 5311 ad

398 5349 606 5396 certum
637 5340 836 5410 locum,
866 5351 921 5398 et
962 5343 1100 5400 ultra
1147 5344 1325 5403 locum
1363 5345 1513 5400 illum
1555 5347 1968 5403 dcterminatum

397 5444 580 5485 secum
617 5435 927 5501 abduxerit,
961 5446 1050 5492 aut
1093 5437 1339 5494 miserit:
1365 5441 1618 5493 damnum
1654 5440 1702 5494 ei
1731 5439 1866 5494 forte
1881 5440 1978 5495 da-

400 5529 546 5587 tum,
579 5525 662 5579 vel
713 5543 892 5595 mors,
943 5531 1012 5585 ad
1057 5545 1178 5586 eum
1231 5539 1470 5600 spectat,
1505 5531 1595 5602 qui
1636 5532 1976 5591 commodata

401 5613 568 5682 cepit,
597 5621 650 5667 ct
682 5615 1008 5676 indemnitas
1032 5622 1154 5690 equi
1191 5621 1408 5678 domino
1434 5624 1679 5695 praestari
1711 5624 1891 5682 debet.

2071 4338 2130 4405 ἐξ
2159 4338 2329 4408 αὐτῆς
2358 4338 2574 4409 δένδρα,
2603 4339 2684 4403 είς
2706 4341 2768 4393 τὸ
2803 4341 3088 4398 διπλάσιον
3129 4344 3576 4408 καταδικάζεται.

2137 4427 2201 4483 ν’.
2242 4429 2299 4483 '0
2331 4430 2666 4495 ἀποκλείσας
2696 4431 2955 4504 ἀλλότρια
3001 4434 3317 4506 θρέμματα,
3357 4435 3452 4488 καὶ
3507 4434 3655 4505 λιμῷ

2065 4519 2405 4591 διαφθείρας,
2437 4521 2470 4594 ἢ
2501 4521 2676 4586 ἄλλως
2721 4540 2839 4588 πως
2886 4523 3120 4591 ἀνελὼν,
3171 4527 3250 4590 είς
3276 4526 3336 4579 τὸ
3370 4526 3654 4579 διπλάσιον

2069 4612 2522 4677 καταδικάζεται.

2138 4703 2237 4760 να’.
2279 4706 2404 4760 Ἐὰν
2425 4708 2571 4779 κρίοι
2600 4709 2632 4780 ἢ
2659 4710 2781 4780 βόες
2813 4710 3164 4773 συνέλθωσιν,
3185 4711 3234 4764 εἰ
3262 4713 3363 4782 μὲν
3382 4712 3410 4765 ὁ
3438 4711 3652 4781 πρῶτος

2068 4795 2312 4850 ἐπελθὼν
2339 4799 2630 4871 ἐφονεύθη,
2663 4802 2764 4856 οὐκ
2788 4801 3043 4870 ἐνάγεται
3064 4805 3092 4858 ό
3115 4803 3302 4874 κύριος
3335 4804 3430 4856 τοῦ
3462 4803 3653 4873 φονεύ-

2071 4907 2263 4954 σαντος
2285 4907 2301 4924 ο
2334 4893 2382 4949 εί
2407 4893 2463 4946 δὲ
2495 4893 2620 4948 καθ’
2643 4888 2703 4949 οὗ
2747 4894 2986 4966 ἐπῆλθεν
3034 4895 3593 4968 ἀποθάνη,ξένάγεται
3625 4894 3656 4945 ό

2070 4983 2261 5054 κύριος
2309 4982 2403 5037 τοῦ
2435 4983 2820 5054 φονεύσαντος,
2883 4986 2978 5039 καὶ
3028 4986 3278 5039 ἐκδίδωσι
3311 4986 3373 5039 τὸ
3427 4986 3565 5050 ζῶον
3594 4985 3655 5038 τὸ

2071 5075 2361 5145 φονεῦσαν,
2395 5078 2430 5147 ἢ
2468 5077 2531 5130 τὸ
2557 5074 2798 5148 ἀζήμιον
2823 5076 2900 5148 τῷ
2931 5076 3184 5148 βλασέντι
3208 5077 3454 5133 ποιείτω.

2140 5253 2242 5326 νβ’.
2291 5255 2420 5308 Ἐὰν
2454 5251 2728 5324 χρήσηται
2765 5270 2849 5316 τις
2875 5253 3043 5306 ἵππον
3066 5251 3172 5316 ἓως
3213 5251 3521 5322 ὡρισμένου
3561 5251 3654 5303 τό·

2074 5366 2199 5415 που,
2233 5347 2377 5419 ὑπὲρ
2404 5347 2460 5400 δὲ
2492 5345 2583 5399 τὸν
2609 5343 2898 5416 ὁρισθέντα
2933 5345 3100 5396 τόπον
3151 5341 3339 5397 τοῦτον
3375 5343 3655 5414 ἀπενέγκῃ

2073 5440 2107 5511 ἢ
2132 5438 2346 5510 πέμψῃ,
2385 5437 2506 5509 τὴν,
2528 5436 2603 5499 ὡς
2620 5435 2786 5500 εἰκὸς,
2813 5435 3112 5505 γενομένην
3136 5434 3341 5504 βλάϐην
3364 5434 3453 5486 ἐπ’
3480 5433 3654 5504 αὐτῷ,

2074 5531 2390 5605 ῆθάνατον,
2424 5529 2517 5583 τὸν
2577 5529 2924 5604 χρησάμενον
2983 5528 3139 5599 ὁρᾷν,
3190 5526 3374 5582 καὶτὸ
3419 5525 3658 5594 ἀζήμιον

2065 5622 2464 5697 περιποιεῖλθαι
2500 5622 2576 5693 τῷ
2607 5621 2782 5693 κυρίῳ
2817 5619 2908 5674 τοῦ
2937 5619 3129 5674 ἵππου.
3678 5617 3682 5621 ”
