  <div class='ocr_page' id='page_1' title='image "/cluster/home/n/w/nwhite01/storage/ocr_20150623/113/hvd.32044073502270/277.png"; bbox 0 0 4058 6212; ppageno 0'>
   <div class='ocr_carea' id='block_1_1' title="bbox 368 192 3729 309">
    <p class='ocr_par' dir='ltr' id='par_1_1' title="bbox 368 192 3729 309">
     <span class='ocr_line' id='line_1_1' title="bbox 368 192 3729 309; baseline -0.017 0"><span class='ocrx_word' id='word_1_1' title='bbox 368 243 475 309; x_wconf 72' lang='grc'><strong>547</strong></span> <span class='ocrx_word' id='word_1_2' title='bbox 1387 220 1895 287; x_wconf 78' lang='lat' dir='ltr'><strong>CONSTANTINI</strong></span> <span class='ocrx_word' id='word_1_3' title='bbox 1922 208 2594 280; x_wconf 78' lang='lat' dir='ltr'><strong>PORPHYROGENITI</strong></span> <span class='ocrx_word' id='word_1_4' title='bbox 3358 307 3365 309; x_wconf 15' lang='grc' dir='ltr'><strong><em>ῃ</em></strong></span> <span class='ocrx_word' id='word_1_5' title='bbox 3522 192 3633 255; x_wconf 60' lang='grc'><strong>548</strong></span> <span class='ocrx_word' id='word_1_6' title='bbox 3726 222 3729 223; x_wconf 52' lang='grc' dir='ltr'><strong>ν</strong></span> 
     </span>
    </p>
   </div>
   <div class='ocr_carea' id='block_1_2' title="bbox 447 307 2049 420">
    <p class='ocr_par' dir='ltr' id='par_1_2' title="bbox 447 307 2027 420">
     <span class='ocr_line' id='line_1_2' title="bbox 447 307 2027 420; baseline -0.015 -10"><span class='ocrx_word' id='word_1_7' title='bbox 447 355 556 411; x_wconf 87' lang='lat' dir='ltr'><strong>Tit.</strong></span> <span class='ocrx_word' id='word_1_8' title='bbox 584 353 675 409; x_wconf 86' lang='lat'><strong>60.</strong></span> <span class='ocrx_word' id='word_1_9' title='bbox 707 350 932 420; x_wconf 79' lang='lat' dir='ltr'><strong>Quando</strong></span> <span class='ocrx_word' id='word_1_10' title='bbox 962 344 1261 402; x_wconf 88' lang='lat' dir='ltr'><strong>creditores</strong></span> <span class='ocrx_word' id='word_1_11' title='bbox 1292 354 1453 410; x_wconf 80' lang='lat' dir='ltr'><strong>agere</strong></span> <span class='ocrx_word' id='word_1_12' title='bbox 1489 339 1723 393; x_wconf 84' lang='lat' dir='ltr'><strong>debeant</strong></span> <span class='ocrx_word' id='word_1_13' title='bbox 1755 338 1946 390; x_wconf 83' lang='lat' dir='ltr'><strong>adver-</strong></span> <span class='ocrx_word' id='word_1_14' title='bbox 1980 336 2027 393; x_wconf 76' lang='grc' dir='ltr'><strong>Α</strong></span> 
     </span>
    </p>
   </div>
   <div class='ocr_carea' id='block_1_3' title="bbox 2036 307 3638 420">
    <p class='ocr_par' dir='ltr' id='par_1_3' title="bbox 2134 307 3638 395">
     <span class='ocr_line' id='line_1_3' title="bbox 2134 307 3638 395; baseline -0.015 -12"><span class='ocrx_word' id='word_1_15' title='bbox 2134 332 2252 383; x_wconf 76' lang='lat' dir='ltr'><strong>Tit.</strong></span> <span class='ocrx_word' id='word_1_16' title='bbox 2288 328 2357 390; x_wconf 77' lang='grc' dir='ltr'><strong>ξ’.</strong></span> <span class='ocrx_word' id='word_1_17' title='bbox 2396 324 2533 395; x_wconf 73' lang='grc' dir='ltr'>Περὶ</span> <span class='ocrx_word' id='word_1_18' title='bbox 2563 318 2657 374; x_wconf 92' lang='grc' dir='ltr'><strong>τοῦ</strong></span> <span class='ocrx_word' id='word_1_19' title='bbox 2690 318 2817 370; x_wconf 78' lang='grc' dir='ltr'>πότε</span> <span class='ocrx_word' id='word_1_20' title='bbox 2843 315 2925 368; x_wconf 82' lang='grc' dir='ltr'>δεῖ</span> <span class='ocrx_word' id='word_1_21' title='bbox 2947 312 3165 380; x_wconf 76' lang='grc' dir='ltr'><strong>ἐνάγειν</strong></span> <span class='ocrx_word' id='word_1_22' title='bbox 3193 309 3317 371; x_wconf 77' lang='grc' dir='ltr'>τοὺς</span> <span class='ocrx_word' id='word_1_23' title='bbox 3349 307 3638 371; x_wconf 65' lang='grc' dir='ltr'>δανειστὰς</span> 
     </span>
    </p>
   </div>
   <div class='ocr_carea' id='block_1_4' title="bbox 370 403 1972 503">
    <p class='ocr_par' dir='ltr' id='par_1_4' title="bbox 370 441 1153 503">
     <span class='ocr_line' id='line_1_4' title="bbox 370 441 1153 503; baseline -0.02 0"><span class='ocrx_word' id='word_1_24' title='bbox 370 463 466 503; x_wconf 85' lang='lat' dir='ltr'><strong>sus</strong></span> <span class='ocrx_word' id='word_1_25' title='bbox 494 445 731 501; x_wconf 56' lang='lat' dir='ltr'><strong>haredes</strong></span> <span class='ocrx_word' id='word_1_26' title='bbox 759 441 1153 496; x_wconf 81' lang='lat' dir='ltr'><strong>defunctorum.</strong></span> 
     </span>
    </p>
   </div>
   <div class='ocr_carea' id='block_1_5' title="bbox 1674 403 3276 503">
    <p class='ocr_par' dir='ltr' id='par_1_5' title="bbox 2058 403 3276 483">
     <span class='ocr_line' id='line_1_5' title="bbox 2058 403 3276 483; baseline -0.018 -9"><span class='ocrx_word' id='word_1_27' title='bbox 2058 420 2200 474; x_wconf 87' lang='grc' dir='ltr'><strong>κατά</strong></span> <span class='ocrx_word' id='word_1_28' title='bbox 2219 417 2327 470; x_wconf 82' lang='grc' dir='ltr'><strong>τῶν</strong></span> <span class='ocrx_word' id='word_1_29' title='bbox 2357 411 2714 483; x_wconf 73' lang='grc' dir='ltr'>κληρονόμων</span> <span class='ocrx_word' id='word_1_30' title='bbox 2738 405 2849 461; x_wconf 86' lang='grc' dir='ltr'><strong>τῶν</strong></span> <span class='ocrx_word' id='word_1_31' title='bbox 2874 403 3276 457; x_wconf 82' lang='grc' dir='ltr'><strong>τελευτώντων.</strong></span> 
     </span>
    </p>
   </div>
   <div class='ocr_carea' id='block_1_6' title="bbox 446 490 2048 596">
    <p class='ocr_par' dir='ltr' id='par_1_6' title="bbox 446 490 1952 596">
     <span class='ocr_line' id='line_1_6' title="bbox 446 490 1952 596; baseline -0.014 -5"><span class='ocrx_word' id='word_1_32' title='bbox 920 525 1164 595; x_wconf 64' lang='lat' dir='ltr'><strong>reliquiae</strong></span> <span class='ocrx_word' id='word_1_33' title='bbox 1201 523 1278 593; x_wconf 75' lang='grc'><strong>(4)</strong></span> <span class='ocrx_word' id='word_1_34' title='bbox 1317 522 1755 578; x_wconf 87' lang='lat' dir='ltr'><strong>Christianorum</strong></span> <span class='ocrx_word' id='word_1_35' title='bbox 1809 517 1952 588; x_wconf 85' lang='lat' dir='ltr'><strong>inju-</strong></span> 
     </span>
    </p>
   </div>
   <div class='ocr_carea' id='block_1_7' title="bbox 2035 490 3637 596">
    <p class='ocr_par' dir='ltr' id='par_1_7' title="bbox 2133 490 3637 575">
     <span class='ocr_line' id='line_1_7' title="bbox 2133 490 3637 575; baseline -0.018 -8"><span class='ocrx_word' id='word_1_36' title='bbox 2133 513 2249 566; x_wconf 86' lang='lat' dir='ltr'><strong>Tlt.</strong></span> <span class='ocrx_word' id='word_1_37' title='bbox 2289 510 2399 574; x_wconf 72' lang='lat' dir='ltr'><strong>Ea’.</strong></span> <span class='ocrx_word' id='word_1_38' title='bbox 2431 505 2568 575; x_wconf 77' lang='grc' dir='ltr'>Περὶ</span> <span class='ocrx_word' id='word_1_39' title='bbox 2605 501 2698 557; x_wconf 89' lang='grc' dir='ltr'><strong>τοῦ</strong></span> <span class='ocrx_word' id='word_1_40' title='bbox 2732 500 2805 569; x_wconf 81' lang='grc' dir='ltr'>μὴ</span> <span class='ocrx_word' id='word_1_41' title='bbox 2834 492 3217 575; x_wconf 77' lang='grc' dir='ltr'>ὲνυϐρίζεσθαι</span> <span class='ocrx_word' id='word_1_42' title='bbox 3249 490 3320 545; x_wconf 78' lang='grc' dir='ltr'>τὰ</span> <span class='ocrx_word' id='word_1_43' title='bbox 3362 490 3471 544; x_wconf 86' lang='grc' dir='ltr'><strong>τῶν</strong></span> <span class='ocrx_word' id='word_1_44' title='bbox 3501 490 3637 559; x_wconf 81' lang='grc' dir='ltr'>Χρι-</span> 
     </span>
    </p>
   </div>
   <div class='ocr_carea' id='block_1_8' title="bbox 372 586 1974 691">
    <p class='ocr_par' dir='ltr' id='par_1_8' title="bbox 372 615 1512 684">
     <span class='ocr_line' id='line_1_8' title="bbox 372 615 1512 684; baseline -0.016 1"><span class='ocrx_word' id='word_1_45' title='bbox 372 629 470 684; x_wconf 82' lang='lat' dir='ltr'><strong>riis</strong></span> <span class='ocrx_word' id='word_1_46' title='bbox 496 641 525 678; x_wconf 89' lang='lat' dir='ltr'><strong>a</strong></span> <span class='ocrx_word' id='word_1_47' title='bbox 555 619 912 677; x_wconf 76' lang='lat' dir='ltr'><strong>creditoribus</strong></span> <span class='ocrx_word' id='word_1_48' title='bbox 945 616 1088 671; x_wconf 81' lang='lat' dir='ltr'><strong>afﬁci</strong></span> <span class='ocrx_word' id='word_1_49' title='bbox 1120 633 1224 670; x_wconf 92' lang='lat' dir='ltr'><strong>non</strong></span> <span class='ocrx_word' id='word_1_50' title='bbox 1256 615 1512 671; x_wconf 81' lang='lat' dir='ltr'><strong>debeam.</strong></span> 
     </span>
    </p>
   </div>
   <div class='ocr_carea' id='block_1_9' title="bbox 1609 586 3211 691">
    <p class='ocr_par' dir='ltr' id='par_1_9' title="bbox 1866 586 3211 666">
     <span class='ocr_line' id='line_1_9' title="bbox 1866 586 3211 666; baseline -0.017 -8"><span class='ocrx_word' id='word_1_51' title='bbox 1866 586 1875 588; x_wconf 13' lang='grc' dir='ltr'>ἡ</span> <span class='ocrx_word' id='word_1_52' title='bbox 2059 600 2286 655; x_wconf 83' lang='grc' dir='ltr'>στιανῶν</span> <span class='ocrx_word' id='word_1_53' title='bbox 2315 597 2543 666; x_wconf 76' lang='grc' dir='ltr'>λείψανα</span> <span class='ocrx_word' id='word_1_54' title='bbox 2578 591 2730 662; x_wconf 74' lang='grc' dir='ltr'>παρὰ</span> <span class='ocrx_word' id='word_1_55' title='bbox 2754 589 2862 642; x_wconf 86' lang='grc' dir='ltr'><strong>τῶν</strong></span> <span class='ocrx_word' id='word_1_56' title='bbox 2890 586 3211 639; x_wconf 84' lang='grc' dir='ltr'>δανειστῶν.</span> 
     </span>
    </p>
   </div>
   <div class='ocr_carea' id='block_1_10' title="bbox 447 687 2049 778">
    <p class='ocr_par' dir='ltr' id='par_1_10' title="bbox 447 707 1276 778">
     <span class='ocr_line' id='line_1_10' title="bbox 447 707 1276 778; baseline -0.008 -10"><span class='ocrx_word' id='word_1_57' title='bbox 447 714 553 770; x_wconf 87' lang='lat' dir='ltr'><strong>Tit.</strong></span> <span class='ocrx_word' id='word_1_58' title='bbox 586 712 676 766; x_wconf 74' lang='grc'><strong>62.</strong></span> <span class='ocrx_word' id='word_1_59' title='bbox 712 712 783 763; x_wconf 70' lang='lat' dir='ltr'><strong>Ite</strong></span> <span class='ocrx_word' id='word_1_60' title='bbox 810 709 965 764; x_wconf 88' lang='lat' dir='ltr'><strong>novis</strong></span> <span class='ocrx_word' id='word_1_61' title='bbox 999 707 1276 778; x_wconf 81' lang='lat' dir='ltr'><strong>operibus.</strong></span> 
     </span>
    </p>
   </div>
   <div class='ocr_carea' id='block_1_11' title="bbox 1365 687 2967 778">
    <p class='ocr_par' dir='ltr' id='par_1_11' title="bbox 2135 687 2967 757">
     <span class='ocr_line' id='line_1_11' title="bbox 2135 687 2967 757; baseline -0.018 -11"><span class='ocrx_word' id='word_1_62' title='bbox 2135 694 2250 746; x_wconf 76' lang='lat' dir='ltr'><strong>Tit.</strong></span> <span class='ocrx_word' id='word_1_63' title='bbox 2282 688 2395 755; x_wconf 66' lang='grc' dir='ltr'><strong>ξβ.</strong></span> <span class='ocrx_word' id='word_1_64' title='bbox 2426 687 2563 757; x_wconf 73' lang='grc' dir='ltr'>Περὶ</span> <span class='ocrx_word' id='word_1_65' title='bbox 2586 687 2967 751; x_wconf 82' lang='grc' dir='ltr'>καινοτομιῶν.</span> 
     </span>
    </p>
   </div>
   <div class='ocr_carea' id='block_1_12' title="bbox 447 774 2049 869">
    <p class='ocr_par' dir='ltr' id='par_1_12' title="bbox 447 774 1053 869">
     <span class='ocr_line' id='line_1_12' title="bbox 447 774 1053 869; baseline -0.013 -9"><span class='ocrx_word' id='word_1_66' title='bbox 447 807 553 860; x_wconf 87' lang='lat' dir='ltr'><strong>Tit.</strong></span> <span class='ocrx_word' id='word_1_67' title='bbox 584 804 674 858; x_wconf 77' lang='lat'><strong>65.</strong></span> <span class='ocrx_word' id='word_1_68' title='bbox 707 801 782 857; x_wconf 89' lang='lat' dir='ltr'><strong>De</strong></span> <span class='ocrx_word' id='word_1_69' title='bbox 813 801 1010 869; x_wconf 77' lang='lat' dir='ltr'><strong>poenis.</strong></span> <span class='ocrx_word' id='word_1_70' title='bbox 1037 774 1053 778; x_wconf 45' lang='lat'><strong>-</strong></span> 
     </span>
    </p>
   </div>
   <div class='ocr_carea' id='block_1_13' title="bbox 1224 774 2826 869">
    <p class='ocr_par' dir='ltr' id='par_1_13' title="bbox 2138 774 2826 850">
     <span class='ocr_line' id='line_1_13' title="bbox 2138 774 2826 850; baseline -0.02 -11"><span class='ocrx_word' id='word_1_71' title='bbox 2138 785 2253 838; x_wconf 86' lang='lat' dir='ltr'><strong>Tlt.</strong></span> <span class='ocrx_word' id='word_1_72' title='bbox 2286 779 2394 850; x_wconf 70' lang='grc' dir='ltr'><strong>ἐτ’.</strong></span> <span class='ocrx_word' id='word_1_73' title='bbox 2429 779 2565 849; x_wconf 78' lang='grc' dir='ltr'>Περὶ</span> <span class='ocrx_word' id='word_1_74' title='bbox 2603 774 2826 829; x_wconf 84' lang='grc' dir='ltr'>ποινῶν.</span> 
     </span>
    </p>
   </div>
   <div class='ocr_carea' id='block_1_14' title="bbox 449 863 2051 966">
    <p class='ocr_par' dir='ltr' id='par_1_14' title="bbox 449 863 1352 961">
     <span class='ocr_line' id='line_1_14' title="bbox 449 863 1352 961; baseline -0.009 -13"><span class='ocrx_word' id='word_1_75' title='bbox 449 895 552 949; x_wconf 89' lang='lat' dir='ltr'><strong>Tit.</strong></span> <span class='ocrx_word' id='word_1_76' title='bbox 590 894 676 948; x_wconf 72' lang='grc'><strong>64.</strong></span> <span class='ocrx_word' id='word_1_77' title='bbox 710 893 783 947; x_wconf 92' lang='lat' dir='ltr'><strong>Dc</strong></span> <span class='ocrx_word' id='word_1_78' title='bbox 813 863 1000 961; x_wconf 78' lang='lat' dir='ltr'><strong>spoliis</strong></span> <span class='ocrx_word' id='word_1_79' title='bbox 1029 886 1352 943; x_wconf 81' lang='lat' dir='ltr'><strong>dividendis.</strong></span> 
     </span>
    </p>
   </div>
   <div class='ocr_carea' id='block_1_15' title="bbox 1607 863 3209 966">
    <p class='ocr_par' dir='ltr' id='par_1_15' title="bbox 2134 863 3209 943">
     <span class='ocr_line' id='line_1_15' title="bbox 2134 863 3209 943; baseline -0.013 -11"><span class='ocrx_word' id='word_1_80' title='bbox 2134 879 2251 931; x_wconf 84' lang='lat' dir='ltr'><strong>Tt&#39;t.</strong></span> <span class='ocrx_word' id='word_1_81' title='bbox 2282 875 2389 941; x_wconf 82' lang='grc' dir='ltr'><strong>ξδ’.</strong></span> <span class='ocrx_word' id='word_1_82' title='bbox 2420 872 2559 943; x_wconf 73' lang='grc' dir='ltr'>Περὶ</span> <span class='ocrx_word' id='word_1_83' title='bbox 2579 866 2944 940; x_wconf 89' lang='grc' dir='ltr'>διαμερισμοῦ</span> <span class='ocrx_word' id='word_1_84' title='bbox 2975 863 3209 918; x_wconf 82' lang='grc' dir='ltr'><strong>σκύλων.</strong></span> 
     </span>
    </p>
   </div>
   <div class='ocr_carea' id='block_1_16' title="bbox 449 953 2051 1054">
    <p class='ocr_par' dir='ltr' id='par_1_16' title="bbox 449 953 1961 1054">
     <span class='ocr_line' id='line_1_16' title="bbox 449 953 1961 1054; baseline -0.005 -12"><span class='ocrx_word' id='word_1_85' title='bbox 449 989 558 1043; x_wconf 84' lang='lat' dir='ltr'><strong>Tit.</strong></span> <span class='ocrx_word' id='word_1_86' title='bbox 587 987 676 1042; x_wconf 82' lang='lat'><strong>65.</strong></span> <span class='ocrx_word' id='word_1_87' title='bbox 709 986 786 1041; x_wconf 90' lang='lat' dir='ltr'><strong>De</strong></span> <span class='ocrx_word' id='word_1_88' title='bbox 810 953 881 1049; x_wconf 80' lang='lat' dir='ltr'><strong>vi,</strong></span> <span class='ocrx_word' id='word_1_89' title='bbox 918 994 973 1039; x_wconf 92' lang='lat' dir='ltr'><strong>et</strong></span> <span class='ocrx_word' id='word_1_90' title='bbox 1003 994 1158 1053; x_wconf 90' lang='lat' dir='ltr'><strong>raptu</strong></span> <span class='ocrx_word' id='word_1_91' title='bbox 1204 996 1386 1037; x_wconf 88' lang='lat' dir='ltr'><strong>rerum</strong></span> <span class='ocrx_word' id='word_1_92' title='bbox 1412 991 1466 1037; x_wconf 92' lang='lat' dir='ltr'><strong>et</strong></span> <span class='ocrx_word' id='word_1_93' title='bbox 1501 982 1669 1054; x_wconf 84' lang='lat' dir='ltr'><strong>agris,</strong></span> <span class='ocrx_word' id='word_1_94' title='bbox 1694 991 1748 1037; x_wconf 90' lang='lat' dir='ltr'><strong>et</strong></span> <span class='ocrx_word' id='word_1_95' title='bbox 1777 979 1961 1036; x_wconf 81' lang='lat' dir='ltr'><strong>incen-</strong></span> 
     </span>
    </p>
   </div>
   <div class='ocr_carea' id='block_1_17' title="bbox 2041 953 3643 1054">
    <p class='ocr_par' dir='ltr' id='par_1_17' title="bbox 2133 953 3643 1032">
     <span class='ocr_line' id='line_1_17' title="bbox 2133 953 3643 1032; baseline -0.011 -11"><span class='ocrx_word' id='word_1_96' title='bbox 2133 967 2248 1020; x_wconf 84' lang='lat' dir='ltr'><strong>Tt&#39;t.</strong></span> <span class='ocrx_word' id='word_1_97' title='bbox 2275 962 2375 1030; x_wconf 70' lang='grc' dir='ltr'><strong>ξδ’.</strong></span> <span class='ocrx_word' id='word_1_98' title='bbox 2403 961 2538 1032; x_wconf 76' lang='grc' dir='ltr'>Περὶ</span> <span class='ocrx_word' id='word_1_99' title='bbox 2574 960 2696 1029; x_wconf 84' lang='grc' dir='ltr'>βίας</span> <span class='ocrx_word' id='word_1_100' title='bbox 2728 957 2820 1010; x_wconf 69' lang='grc' dir='ltr'><strong>καὶ</strong></span> <span class='ocrx_word' id='word_1_101' title='bbox 2852 955 3111 1026; x_wconf 81' lang='grc' dir='ltr'>ἁρπαγῆς</span> <span class='ocrx_word' id='word_1_102' title='bbox 3142 953 3510 1024; x_wconf 77' lang='grc' dir='ltr'><strong>πραγμάτων,</strong></span> <span class='ocrx_word' id='word_1_103' title='bbox 3548 953 3643 1005; x_wconf 60' lang='grc' dir='ltr'><strong>καὶ⁹</strong></span> 
     </span>
    </p>
   </div>
   <div class='ocr_carea' id='block_1_18' title="bbox 375 1046 1977 1149">
    <p class='ocr_par' dir='ltr' id='par_1_18' title="bbox 375 1046 1677 1145">
     <span class='ocr_line' id='line_1_18' title="bbox 375 1046 1677 1145; baseline -0.003 -11"><span class='ocrx_word' id='word_1_104' title='bbox 375 1081 501 1139; x_wconf 85' lang='lat' dir='ltr'><strong>diis,</strong></span> <span class='ocrx_word' id='word_1_105' title='bbox 543 1090 597 1132; x_wconf 91' lang='lat' dir='ltr'><strong>et</strong></span> <span class='ocrx_word' id='word_1_106' title='bbox 629 1046 919 1145; x_wconf 71' lang='lat' dir='ltr'><strong>sepulcris.</strong></span> <span class='ocrx_word' id='word_1_107' title='bbox 1068 1046 1083 1053; x_wconf 32' lang='grc' dir='ltr'><em>υ</em></span> <span class='ocrx_word' id='word_1_108' title='bbox 1537 1046 1563 1054; x_wconf 41' lang='grc'>⁷</span> 
     </span>
    </p>
   </div>
   <div class='ocr_carea' id='block_1_19' title="bbox 1777 1046 3379 1149">
    <p class='ocr_par' dir='ltr' id='par_1_19' title="bbox 2061 1046 3334 1129">
     <span class='ocr_line' id='line_1_19' title="bbox 2061 1046 3334 1129; baseline -0.013 -16"><span class='ocrx_word' id='word_1_109' title='bbox 2061 1058 2270 1129; x_wconf 81' lang='grc' dir='ltr'><strong>ἀγρῶν,</strong></span> <span class='ocrx_word' id='word_1_110' title='bbox 2305 1056 2401 1109; x_wconf 70' lang='grc' dir='ltr'><strong>καὶ</strong></span> <span class='ocrx_word' id='word_1_111' title='bbox 2437 1053 2559 1121; x_wconf 69' lang='grc' dir='ltr'>περὶ</span> <span class='ocrx_word' id='word_1_112' title='bbox 2585 1048 2955 1119; x_wconf 82' lang='grc' dir='ltr'>ἐμπρησμῶν,</span> <span class='ocrx_word' id='word_1_113' title='bbox 2996 1046 3090 1099; x_wconf 67' lang='grc' dir='ltr'><strong>καὶ</strong></span> <span class='ocrx_word' id='word_1_114' title='bbox 3121 1046 3334 1112; x_wconf 78' lang='grc' dir='ltr'>τάφων.</span> 
     </span>
    </p>
   </div>
   <div class='ocr_carea' id='block_1_20' title="bbox 450 1135 2052 1235">
    <p class='ocr_par' dir='ltr' id='par_1_20' title="bbox 450 1135 1963 1235">
     <span class='ocr_line' id='line_1_20' title="bbox 450 1135 1963 1235; baseline -0.006 -13"><span class='ocrx_word' id='word_1_115' title='bbox 450 1135 557 1222; x_wconf 81' lang='lat' dir='ltr'><strong>Tit.</strong></span> <span class='ocrx_word' id='word_1_116' title='bbox 589 1135 784 1221; x_wconf 43' lang='lat' dir='ltr'><strong>66.&#39;De</strong></span> <span class='ocrx_word' id='word_1_117' title='bbox 815 1167 929 1232; x_wconf 85' lang='lat' dir='ltr'><strong>his,</strong></span> <span class='ocrx_word' id='word_1_118' title='bbox 962 1179 1082 1234; x_wconf 73' lang='lat' dir='ltr'><strong>qua:</strong></span> <span class='ocrx_word' id='word_1_119' title='bbox 1122 1164 1176 1220; x_wconf 91' lang='lat' dir='ltr'><strong>in</strong></span> <span class='ocrx_word' id='word_1_120' title='bbox 1202 1164 1391 1222; x_wconf 81' lang='lat' dir='ltr'><strong>iiscum</strong></span> <span class='ocrx_word' id='word_1_121' title='bbox 1418 1135 1781 1235; x_wconf 76' lang='lat' dir='ltr'><strong>publicantur,</strong></span> <span class='ocrx_word' id='word_1_122' title='bbox 1809 1172 1865 1218; x_wconf 93' lang='lat' dir='ltr'><strong>et</strong></span> <span class='ocrx_word' id='word_1_123' title='bbox 1894 1160 1963 1214; x_wconf 91' lang='lat' dir='ltr'><strong>de</strong></span> 
     </span>
    </p>
   </div>
   <div class='ocr_carea' id='block_1_21' title="bbox 2040 1135 3642 1235">
    <p class='ocr_par' dir='ltr' id='par_1_21' title="bbox 2133 1135 3642 1214">
     <span class='ocr_line' id='line_1_21' title="bbox 2133 1135 3642 1214; baseline -0.013 -10"><span class='ocrx_word' id='word_1_124' title='bbox 2133 1151 2250 1203; x_wconf 84' lang='lat' dir='ltr'><strong>Tt&#39;t.</strong></span> <span class='ocrx_word' id='word_1_125' title='bbox 2289 1145 2405 1211; x_wconf 81' lang='grc' dir='ltr'><strong>ξς’.</strong></span> <span class='ocrx_word' id='word_1_126' title='bbox 2435 1145 2572 1214; x_wconf 72' lang='grc' dir='ltr'>Περὶ</span> <span class='ocrx_word' id='word_1_127' title='bbox 2593 1143 2700 1195; x_wconf 88' lang='grc' dir='ltr'><strong>τῶν</strong></span> <span class='ocrx_word' id='word_1_128' title='bbox 2724 1138 3111 1211; x_wconf 83' lang='grc' dir='ltr'>δημευομένων</span> <span class='ocrx_word' id='word_1_129' title='bbox 3136 1138 3194 1190; x_wconf 79' lang='grc' dir='ltr'>ὲν</span> <span class='ocrx_word' id='word_1_130' title='bbox 3224 1135 3301 1204; x_wconf 80' lang='grc' dir='ltr'>τῷ</span> <span class='ocrx_word' id='word_1_131' title='bbox 3322 1135 3522 1203; x_wconf 83' lang='grc' dir='ltr'>φίσκῳ,</span> <span class='ocrx_word' id='word_1_132' title='bbox 3550 1135 3642 1186; x_wconf 81' lang='grc' dir='ltr'>καὶ</span> 
     </span>
    </p>
   </div>
   <div class='ocr_carea' id='block_1_22' title="bbox 378 1225 1980 1330">
    <p class='ocr_par' dir='ltr' id='par_1_22' title="bbox 378 1225 1776 1330">
     <span class='ocr_line' id='line_1_22' title="bbox 378 1225 1776 1330; baseline -0.006 -13"><span class='ocrx_word' id='word_1_133' title='bbox 378 1260 738 1330; x_wconf 84' lang='lat' dir='ltr'><strong>inquirendis,</strong></span> <span class='ocrx_word' id='word_1_134' title='bbox 766 1267 818 1313; x_wconf 88' lang='lat' dir='ltr'><strong>et</strong></span> <span class='ocrx_word' id='word_1_135' title='bbox 853 1225 1218 1328; x_wconf 67' lang='lat' dir='ltr'><strong>deportandis.</strong></span> <span class='ocrx_word' id='word_1_136' title='bbox 1419 1225 1435 1235; x_wconf 46' lang='lat'>.</span> <span class='ocrx_word' id='word_1_137' title='bbox 1768 1225 1776 1228; x_wconf 22' lang='grc' dir='ltr'>ν</span> 
     </span>
    </p>
   </div>
   <div class='ocr_carea' id='block_1_23' title="bbox 1818 1225 3420 1330">
    <p class='ocr_par' dir='ltr' id='par_1_23' title="bbox 2063 1225 3420 1310">
     <span class='ocr_line' id='line_1_23' title="bbox 2063 1225 3420 1310; baseline -0.012 -16"><span class='ocrx_word' id='word_1_138' title='bbox 2063 1241 2191 1310; x_wconf 72' lang='grc' dir='ltr'>περὶ</span> <span class='ocrx_word' id='word_1_139' title='bbox 2222 1234 2698 1307; x_wconf 76' lang='grc' dir='ltr'>ἁναζητουμὲνων,</span> <span class='ocrx_word' id='word_1_140' title='bbox 2731 1232 2825 1284; x_wconf 78' lang='grc' dir='ltr'><strong>καὶ</strong></span> <span class='ocrx_word' id='word_1_141' title='bbox 2848 1225 3420 1299; x_wconf 86' lang='grc' dir='ltr'>δεπορτατευομένων.</span> 
     </span>
    </p>
   </div>
   <div class='ocr_carea' id='block_1_24' title="bbox 454 1324 2056 1426">
    <p class='ocr_par' dir='ltr' id='par_1_24' title="bbox 454 1324 1080 1417">
     <span class='ocr_line' id='line_1_24' title="bbox 454 1324 1080 1417; baseline -0.003 -13"><span class='ocrx_word' id='word_1_142' title='bbox 454 1324 557 1404; x_wconf 56' lang='lat' dir='ltr'><strong>in.</strong></span> <span class='ocrx_word' id='word_1_143' title='bbox 596 1350 684 1403; x_wconf 83' lang='lat'><strong>67.</strong></span> <span class='ocrx_word' id='word_1_144' title='bbox 726 1350 801 1403; x_wconf 86' lang='lat' dir='ltr'><strong>De</strong></span> <span class='ocrx_word' id='word_1_145' title='bbox 841 1324 1080 1417; x_wconf 82' lang='lat' dir='ltr'><strong>injuriis.</strong></span> 
     </span>
    </p>
   </div>
   <div class='ocr_carea' id='block_1_25' title="bbox 1538 1324 3140 1426">
    <p class='ocr_par' dir='ltr' id='par_1_25' title="bbox 2141 1324 3140 1426">
     <span class='ocr_line' id='line_1_25' title="bbox 2141 1324 3140 1426; baseline -0.014 -40"><span class='ocrx_word' id='word_1_146' title='bbox 2141 1334 2256 1387; x_wconf 73' lang='lat' dir='ltr'><strong>Tit.</strong></span> <span class='ocrx_word' id='word_1_147' title='bbox 2291 1327 2396 1394; x_wconf 57' lang='grc' dir='ltr'><strong>ξε.</strong></span> <span class='ocrx_word' id='word_1_148' title='bbox 2439 1328 2575 1398; x_wconf 78' lang='grc' dir='ltr'>Περὶ</span> <span class='ocrx_word' id='word_1_149' title='bbox 2603 1324 2835 1395; x_wconf 75' lang='grc' dir='ltr'>ὕϐρεων.</span> <span class='ocrx_word' id='word_1_150' title='bbox 2898 1409 2910 1426; x_wconf 51' lang='lat'><strong><em>&#39;</em></strong></span> <span class='ocrx_word' id='word_1_151' title='bbox 3117 1407 3140 1419; x_wconf 43' lang='lat'><strong>.-</strong></span> 
     </span>
    </p>
   </div>
   <div class='ocr_carea' id='block_1_26' title="bbox 456 1403 2058 1565">
    <p class='ocr_par' dir='ltr' id='par_1_26' title="bbox 456 1403 1782 1508">
     <span class='ocr_line' id='line_1_26' title="bbox 456 1403 1782 1508; baseline 0 -15"><span class='ocrx_word' id='word_1_152' title='bbox 456 1403 562 1494; x_wconf 86' lang='lat' dir='ltr'><strong>Tit.</strong></span> <span class='ocrx_word' id='word_1_153' title='bbox 592 1440 679 1494; x_wconf 89' lang='lat'><strong>68.</strong></span> <span class='ocrx_word' id='word_1_154' title='bbox 714 1440 789 1494; x_wconf 84' lang='lat' dir='ltr'><strong>De</strong></span> <span class='ocrx_word' id='word_1_155' title='bbox 817 1403 1109 1494; x_wconf 71' lang='lat' dir='ltr'><strong>liberorum</strong></span> <span class='ocrx_word' id='word_1_156' title='bbox 1132 1452 1521 1508; x_wconf 84' lang='lat' dir='ltr'><strong>servorumque</strong></span> <span class='ocrx_word' id='word_1_157' title='bbox 1548 1438 1782 1493; x_wconf 77' lang='lat' dir='ltr'><strong>delictis.</strong></span> 
     </span>
    </p>
   </div>
   <div class='ocr_carea' id='block_1_27' title="bbox 2041 1403 3643 1565">
    <p class='ocr_par' dir='ltr' id='par_1_27' title="bbox 2064 1403 3643 1565">
     <span class='ocr_line' id='line_1_27' title="bbox 2141 1403 3643 1486; baseline -0.015 -11"><span class='ocrx_word' id='word_1_158' title='bbox 2141 1422 2254 1475; x_wconf 86' lang='lat' dir='ltr'><strong>Tt&#39;t.</strong></span> <span class='ocrx_word' id='word_1_159' title='bbox 2285 1420 2396 1486; x_wconf 63' lang='lat'><strong>571&#39;.</strong></span> <span class='ocrx_word' id='word_1_160' title='bbox 2439 1416 2574 1486; x_wconf 83' lang='grc' dir='ltr'>Περὶ</span> <span class='ocrx_word' id='word_1_161' title='bbox 2614 1409 3028 1484; x_wconf 77' lang='grc' dir='ltr'><strong>ἁμαρτημάτων</strong></span> <span class='ocrx_word' id='word_1_162' title='bbox 3072 1407 3182 1461; x_wconf 90' lang='grc' dir='ltr'><strong>τῶν</strong></span> <span class='ocrx_word' id='word_1_163' title='bbox 3231 1403 3533 1475; x_wconf 73' lang='grc' dir='ltr'>ἐλευθέρων</span> <span class='ocrx_word' id='word_1_164' title='bbox 3584 1418 3643 1454; x_wconf 83' lang='grc' dir='ltr'><strong>τε</strong></span> 
     </span>
     <span class='ocr_line' id='line_1_28' title="bbox 2064 1510 2422 1565; baseline -0.008 0"><span class='ocrx_word' id='word_1_165' title='bbox 2064 1514 2160 1565; x_wconf 70' lang='grc' dir='ltr'><strong>καὶ</strong></span> <span class='ocrx_word' id='word_1_166' title='bbox 2196 1510 2422 1565; x_wconf 85' lang='grc' dir='ltr'>δούλων.</span> 
     </span>
    </p>
   </div>
   <div class='ocr_carea' id='block_1_28' title="bbox 2064 1528 2422 1567">
    <p class='ocr_par' dir='ltr' id='par_1_28' title="bbox 2064 1528 2422 1567">
     <span class='ocr_line' id='line_1_29' title="bbox 2064 1528 2422 1567; baseline -0.014 0"><span class='ocrx_word' id='word_1_167' title='bbox 2064 1528 2160 1567; x_wconf 81' lang='grc' dir='ltr'><strong>και</strong></span> <span class='ocrx_word' id='word_1_168' title='bbox 2196 1528 2422 1565; x_wconf 79' lang='grc' dir='ltr'>οουΑων.</span> 
     </span>
    </p>
   </div>
   <div class='ocr_carea' id='block_1_29' title="bbox 458 1591 2060 1694">
    <p class='ocr_par' dir='ltr' id='par_1_29' title="bbox 458 1617 2031 1694">
     <span class='ocr_line' id='line_1_30' title="bbox 458 1617 2031 1694; baseline -0.003 -19"><span class='ocrx_word' id='word_1_169' title='bbox 458 1622 563 1675; x_wconf 90' lang='lat' dir='ltr'><strong>Tit.</strong></span> <span class='ocrx_word' id='word_1_170' title='bbox 633 1620 721 1675; x_wconf 84' lang='lat'><strong>69.</strong></span> <span class='ocrx_word' id='word_1_171' title='bbox 768 1620 845 1675; x_wconf 89' lang='lat' dir='ltr'><strong>De</strong></span> <span class='ocrx_word' id='word_1_172' title='bbox 887 1619 1397 1684; x_wconf 88' lang='lat' dir='ltr'><strong>calumniatoribus,</strong></span> <span class='ocrx_word' id='word_1_173' title='bbox 1438 1628 1493 1674; x_wconf 89' lang='lat' dir='ltr'><strong>et</strong></span> <span class='ocrx_word' id='word_1_174' title='bbox 1522 1617 1957 1682; x_wconf 88' lang='lat' dir='ltr'><strong>accusatoribus,</strong></span> <span class='ocrx_word' id='word_1_175' title='bbox 1990 1678 2031 1694; x_wconf 44' lang='lat' dir='ltr'><strong>ﬁ</strong></span> 
     </span>
    </p>
   </div>
   <div class='ocr_carea' id='block_1_30' title="bbox 2046 1591 3648 1694">
    <p class='ocr_par' dir='ltr' id='par_1_30' title="bbox 2139 1591 3648 1670">
     <span class='ocr_line' id='line_1_31' title="bbox 2139 1591 3648 1670; baseline -0.009 -13"><span class='ocrx_word' id='word_1_176' title='bbox 2139 1601 2382 1667; x_wconf 51' lang='lat' dir='ltr'><strong>Tini-16’.</strong></span> <span class='ocrx_word' id='word_1_177' title='bbox 2422 1598 2559 1670; x_wconf 78' lang='grc' dir='ltr'>Περὶ</span> <span class='ocrx_word' id='word_1_178' title='bbox 2613 1594 2985 1665; x_wconf 80' lang='grc' dir='ltr'>συκοφαντῶν,</span> <span class='ocrx_word' id='word_1_179' title='bbox 3025 1591 3120 1645; x_wconf 75' lang='grc' dir='ltr'>καὶ</span> <span class='ocrx_word' id='word_1_180' title='bbox 3167 1592 3506 1663; x_wconf 77' lang='grc' dir='ltr'>κατηγόρων,</span> <span class='ocrx_word' id='word_1_181' title='bbox 3555 1593 3648 1645; x_wconf 78' lang='grc' dir='ltr'><strong>καὶ</strong></span> 
     </span>
    </p>
   </div>
   <div class='ocr_carea' id='block_1_31' title="bbox 384 1678 1986 1788">
    <p class='ocr_par' dir='ltr' id='par_1_31' title="bbox 384 1710 1705 1780">
     <span class='ocr_line' id='line_1_32' title="bbox 384 1710 1705 1780; baseline -0.003 -13"><span class='ocrx_word' id='word_1_182' title='bbox 384 1723 439 1767; x_wconf 89' lang='lat' dir='ltr'><strong>et</strong></span> <span class='ocrx_word' id='word_1_183' title='bbox 468 1711 817 1775; x_wconf 87' lang='lat' dir='ltr'><strong>delatoribus,</strong></span> <span class='ocrx_word' id='word_1_184' title='bbox 850 1712 1023 1780; x_wconf 84' lang='lat' dir='ltr'><strong>deque</strong></span> <span class='ocrx_word' id='word_1_185' title='bbox 1048 1710 1208 1776; x_wconf 79' lang='lat' dir='ltr'><strong>falso,</strong></span> <span class='ocrx_word' id='word_1_186' title='bbox 1241 1721 1297 1765; x_wconf 89' lang='lat' dir='ltr'><strong>et</strong></span> <span class='ocrx_word' id='word_1_187' title='bbox 1330 1712 1397 1766; x_wconf 90' lang='lat' dir='ltr'><strong>de</strong></span> <span class='ocrx_word' id='word_1_188' title='bbox 1427 1711 1705 1764; x_wconf 85' lang='lat' dir='ltr'><strong>thesauro.</strong></span> 
     </span>
    </p>
   </div>
   <div class='ocr_carea' id='block_1_32' title="bbox 2042 1678 3644 1788">
    <p class='ocr_par' dir='ltr' id='par_1_32' title="bbox 2062 1683 3644 1763">
     <span class='ocr_line' id='line_1_33' title="bbox 2062 1683 3644 1763; baseline -0.007 -16"><span class='ocrx_word' id='word_1_189' title='bbox 2062 1692 2398 1763; x_wconf 85' lang='grc' dir='ltr'>δηλατόρων,</span> <span class='ocrx_word' id='word_1_190' title='bbox 2448 1691 2543 1743; x_wconf 75' lang='grc' dir='ltr'><strong>καὶ</strong></span> <span class='ocrx_word' id='word_1_191' title='bbox 2573 1688 2703 1757; x_wconf 75' lang='grc' dir='ltr'>περὶ</span> <span class='ocrx_word' id='word_1_192' title='bbox 2728 1683 2990 1747; x_wconf 83' lang='grc' dir='ltr'>πλαστοῦ,</span> <span class='ocrx_word' id='word_1_193' title='bbox 3032 1684 3126 1736; x_wconf 76' lang='grc' dir='ltr'><strong>καὶ</strong></span> <span class='ocrx_word' id='word_1_194' title='bbox 3168 1683 3296 1751; x_wconf 69' lang='grc' dir='ltr'><strong>περ)⁸</strong></span> <span class='ocrx_word' id='word_1_195' title='bbox 3347 1683 3644 1752; x_wconf 76' lang='grc' dir='ltr'>Θησαυροῦ.</span> 
     </span>
    </p>
   </div>
   <div class='ocr_carea' id='block_1_33' title="bbox 462 1775 2064 1870">
    <p class='ocr_par' dir='ltr' id='par_1_33' title="bbox 462 1775 1962 1870">
     <span class='ocr_line' id='line_1_34' title="bbox 462 1775 1962 1870; baseline 0.001 -16"><span class='ocrx_word' id='word_1_196' title='bbox 462 1801 570 1855; x_wconf 87' lang='lat' dir='ltr'><strong>Tit.</strong></span> <span class='ocrx_word' id='word_1_197' title='bbox 611 1802 703 1857; x_wconf 88' lang='lat'><strong>70.</strong></span> <span class='ocrx_word' id='word_1_198' title='bbox 761 1803 837 1856; x_wconf 90' lang='lat' dir='ltr'><strong>De</strong></span> <span class='ocrx_word' id='word_1_199' title='bbox 865 1775 1095 1868; x_wconf 75' lang='lat' dir='ltr'><strong>furibus,</strong></span> <span class='ocrx_word' id='word_1_200' title='bbox 1120 1810 1175 1856; x_wconf 90' lang='lat' dir='ltr'><strong>et</strong></span> <span class='ocrx_word' id='word_1_201' title='bbox 1195 1775 1655 1870; x_wconf 87' lang='lat' dir='ltr'><strong>receptatoribus,</strong></span> <span class='ocrx_word' id='word_1_202' title='bbox 1679 1811 1733 1856; x_wconf 92' lang='lat' dir='ltr'><strong>et</strong></span> <span class='ocrx_word' id='word_1_203' title='bbox 1791 1802 1962 1857; x_wconf 85' lang='lat' dir='ltr'><strong>saeti-</strong></span> 
     </span>
    </p>
   </div>
   <div class='ocr_carea' id='block_1_34' title="bbox 2047 1775 3649 1870">
    <p class='ocr_par' dir='ltr' id='par_1_34' title="bbox 2141 1775 3649 1850">
     <span class='ocr_line' id='line_1_35' title="bbox 2141 1775 3649 1850; baseline -0.009 -12"><span class='ocrx_word' id='word_1_204' title='bbox 2141 1784 2257 1839; x_wconf 77' lang='lat' dir='ltr'><strong>Tlt.</strong></span> <span class='ocrx_word' id='word_1_205' title='bbox 2289 1779 2357 1836; x_wconf 80' lang='grc' dir='ltr'><strong>θ’.</strong></span> <span class='ocrx_word' id='word_1_206' title='bbox 2398 1780 2535 1850; x_wconf 79' lang='grc' dir='ltr'>Περὶ</span> <span class='ocrx_word' id='word_1_207' title='bbox 2568 1777 2838 1840; x_wconf 86' lang='grc' dir='ltr'>κλεπτῶν,</span> <span class='ocrx_word' id='word_1_208' title='bbox 2874 1776 2967 1828; x_wconf 74' lang='grc' dir='ltr'><strong>καὶ</strong></span> <span class='ocrx_word' id='word_1_209' title='bbox 2996 1775 3326 1841; x_wconf 82' lang='grc' dir='ltr'>ὑποδεκτῶν,</span> <span class='ocrx_word' id='word_1_210' title='bbox 3384 1775 3478 1827; x_wconf 79' lang='grc' dir='ltr'><strong>καὶ</strong></span> <span class='ocrx_word' id='word_1_211' title='bbox 3509 1775 3649 1844; x_wconf 79' lang='grc' dir='ltr'>ίερο-</span> 
     </span>
    </p>
   </div>
   <div class='ocr_carea' id='block_1_35' title="bbox 387 1867 1989 1966">
    <p class='ocr_par' dir='ltr' id='par_1_35' title="bbox 387 1867 1987 1963">
     <span class='ocr_line' id='line_1_36' title="bbox 387 1867 1987 1963; baseline 0.003 -16"><span class='ocrx_word' id='word_1_212' title='bbox 387 1891 542 1962; x_wconf 84' lang='lat' dir='ltr'><strong>legis,</strong></span> <span class='ocrx_word' id='word_1_213' title='bbox 575 1902 628 1947; x_wconf 87' lang='lat' dir='ltr'><strong>et</strong></span> <span class='ocrx_word' id='word_1_214' title='bbox 652 1892 951 1963; x_wconf 82' lang='lat' dir='ltr'><strong>plagiariis.</strong></span> <span class='ocrx_word' id='word_1_215' title='bbox 1327 1867 1343 1870; x_wconf 31' lang='grc' dir='ltr'><strong><em>ν</em></strong></span> <span class='ocrx_word' id='word_1_216' title='bbox 1641 1867 1649 1869; x_wconf 17' lang='lat'><strong><em>7</em></strong></span> <span class='ocrx_word' id='word_1_217' title='bbox 1984 1950 1987 1951; x_wconf 30' lang='grc' dir='ltr'><em>ν</em></span> 
     </span>
    </p>
   </div>
   <div class='ocr_carea' id='block_1_36' title="bbox 2046 1867 3648 1966">
    <p class='ocr_par' dir='ltr' id='par_1_36' title="bbox 2069 1867 2936 1941">
     <span class='ocr_line' id='line_1_37' title="bbox 2069 1867 2936 1941; baseline -0.007 -12"><span class='ocrx_word' id='word_1_218' title='bbox 2069 1875 2264 1940; x_wconf 87' lang='grc' dir='ltr'>σύλων,</span> <span class='ocrx_word' id='word_1_219' title='bbox 2289 1874 2385 1927; x_wconf 72' lang='grc' dir='ltr'><strong>καὶ</strong></span> <span class='ocrx_word' id='word_1_220' title='bbox 2411 1867 2936 1941; x_wconf 82' lang='grc' dir='ltr'>ὲξανδραποδιστῶν.</span> 
     </span>
    </p>
   </div>
   <div class='ocr_carea' id='block_1_37' title="bbox 462 1956 2064 2052">
    <p class='ocr_par' dir='ltr' id='par_1_37' title="bbox 462 1956 1967 2052">
     <span class='ocr_line' id='line_1_38' title="bbox 462 1956 1967 2052; baseline 0.001 -17"><span class='ocrx_word' id='word_1_221' title='bbox 462 1956 571 2036; x_wconf 74' lang='lat' dir='ltr'><strong>Tn.</strong></span> <span class='ocrx_word' id='word_1_222' title='bbox 611 1956 703 2038; x_wconf 70' lang='grc' dir='ltr'><strong>τὶ.</strong></span> <span class='ocrx_word' id='word_1_223' title='bbox 741 1956 832 2036; x_wconf 73' lang='grc' dir='ltr'><strong>ὐε</strong></span> <span class='ocrx_word' id='word_1_224' title='bbox 861 1982 1039 2052; x_wconf 76' lang='lat' dir='ltr'><strong>poenis</strong></span> <span class='ocrx_word' id='word_1_225' title='bbox 1086 1983 1431 2047; x_wconf 87' lang='lat' dir='ltr'><strong>militaribus,</strong></span> <span class='ocrx_word' id='word_1_226' title='bbox 1480 1997 1546 2038; x_wconf 77' lang='lat' dir='ltr'><strong>ex</strong></span> <span class='ocrx_word' id='word_1_227' title='bbox 1595 1981 1755 2050; x_wconf 81' lang='lat' dir='ltr'><strong>Rufo,</strong></span> <span class='ocrx_word' id='word_1_228' title='bbox 1807 1993 1862 2039; x_wconf 84' lang='lat' dir='ltr'><strong>et</strong></span> <span class='ocrx_word' id='word_1_229' title='bbox 1900 1983 1967 2039; x_wconf 89' lang='lat' dir='ltr'><strong>de</strong></span> 
     </span>
    </p>
   </div>
   <div class='ocr_carea' id='block_1_38' title="bbox 2049 1956 3651 2052">
    <p class='ocr_par' dir='ltr' id='par_1_38' title="bbox 2149 1956 3651 2034">
     <span class='ocr_line' id='line_1_39' title="bbox 2149 1956 3651 2034; baseline -0.011 -10"><span class='ocrx_word' id='word_1_230' title='bbox 2149 1969 2265 2024; x_wconf 75' lang='lat' dir='ltr'><strong>Tit.</strong></span> <span class='ocrx_word' id='word_1_231' title='bbox 2299 1963 2407 2020; x_wconf 89' lang='lat' dir='ltr'><strong>oa’.</strong></span> <span class='ocrx_word' id='word_1_232' title='bbox 2450 1964 2587 2034; x_wconf 72' lang='grc' dir='ltr'>Περὶ</span> <span class='ocrx_word' id='word_1_233' title='bbox 2638 1958 3048 2031; x_wconf 84' lang='grc' dir='ltr'><strong>στρατιωτικῶν</strong></span> <span class='ocrx_word' id='word_1_234' title='bbox 3102 1956 3412 2027; x_wconf 72' lang='grc' dir='ltr'>ἐπιτιμίων,</span> <span class='ocrx_word' id='word_1_235' title='bbox 3467 1957 3533 2009; x_wconf 66' lang='grc' dir='ltr'>ἑκ</span> <span class='ocrx_word' id='word_1_236' title='bbox 3556 1956 3651 2008; x_wconf 86' lang='grc' dir='ltr'><strong>τοῦ</strong></span> 
     </span>
    </p>
   </div>
   <div class='ocr_carea' id='block_1_39' title="bbox 396 2050 1998 2140">
    <p class='ocr_par' dir='ltr' id='par_1_39' title="bbox 396 2050 1262 2140">
     <span class='ocr_line' id='line_1_40' title="bbox 396 2050 1262 2140; baseline 0.003 -14"><span class='ocrx_word' id='word_1_237' title='bbox 396 2073 610 2140; x_wconf 81' lang='lat' dir='ltr'><strong>legibus</strong></span> <span class='ocrx_word' id='word_1_238' title='bbox 637 2050 890 2127; x_wconf 86' lang='lat' dir='ltr'><strong>ordinum</strong></span> <span class='ocrx_word' id='word_1_239' title='bbox 925 2073 1262 2130; x_wconf 85' lang='lat' dir='ltr'><strong>militarium.</strong></span> 
     </span>
    </p>
   </div>
   <div class='ocr_carea' id='block_1_40' title="bbox 1298 2050 2900 2140">
    <p class='ocr_par' dir='ltr' id='par_1_40' title="bbox 2082 2050 2900 2127">
     <span class='ocr_line' id='line_1_41' title="bbox 2082 2050 2900 2127; baseline -0.012 -14"><span class='ocrx_word' id='word_1_240' title='bbox 2082 2059 2337 2127; x_wconf 82' lang='grc' dir='ltr'><strong>Ῥούφου,</strong></span> <span class='ocrx_word' id='word_1_241' title='bbox 2377 2055 2473 2109; x_wconf 72' lang='grc' dir='ltr'>καὶ</span> <span class='ocrx_word' id='word_1_242' title='bbox 2503 2053 2611 2105; x_wconf 89' lang='grc' dir='ltr'><strong>τῶν</strong></span> <span class='ocrx_word' id='word_1_243' title='bbox 2630 2050 2900 2106; x_wconf 82' lang='grc' dir='ltr'>τακτικῶν</span> 
     </span>
    </p>
   </div>
   <div class='ocr_carea' id='block_1_41' title="bbox 471 2139 2073 2230">
    <p class='ocr_par' dir='ltr' id='par_1_41' title="bbox 471 2139 1964 2230">
     <span class='ocr_line' id='line_1_42' title="bbox 471 2139 1964 2230; baseline 0.001 -13"><span class='ocrx_word' id='word_1_244' title='bbox 471 2139 578 2217; x_wconf 89' lang='lat' dir='ltr'><strong>Tit.</strong></span> <span class='ocrx_word' id='word_1_245' title='bbox 610 2162 696 2216; x_wconf 74' lang='lat'><strong>72.</strong></span> <span class='ocrx_word' id='word_1_246' title='bbox 750 2162 826 2219; x_wconf 87' lang='lat' dir='ltr'><strong>De</strong></span> <span class='ocrx_word' id='word_1_247' title='bbox 855 2165 1117 2222; x_wconf 85' lang='lat' dir='ltr'><strong>societate</strong></span> <span class='ocrx_word' id='word_1_248' title='bbox 1155 2165 1545 2230; x_wconf 84' lang='lat' dir='ltr'><strong>contrahenda,</strong></span> <span class='ocrx_word' id='word_1_249' title='bbox 1594 2174 1648 2221; x_wconf 89' lang='lat' dir='ltr'><strong>et</strong></span> <span class='ocrx_word' id='word_1_250' title='bbox 1687 2164 1964 2221; x_wconf 83' lang='lat' dir='ltr'><strong>solvenda.</strong></span> 
     </span>
    </p>
   </div>
   <div class='ocr_carea' id='block_1_42' title="bbox 2049 2139 3651 2230">
    <p class='ocr_par' dir='ltr' id='par_1_42' title="bbox 2148 2139 3651 2218">
     <span class='ocr_line' id='line_1_43' title="bbox 2148 2139 3651 2218; baseline -0.009 -12"><span class='ocrx_word' id='word_1_251' title='bbox 2148 2152 2263 2206; x_wconf 84' lang='lat' dir='ltr'><strong>Tt&#39;t.</strong></span> <span class='ocrx_word' id='word_1_252' title='bbox 2303 2146 2414 2215; x_wconf 79' lang='grc' dir='ltr'><strong>οβ’.</strong></span> <span class='ocrx_word' id='word_1_253' title='bbox 2451 2148 2589 2218; x_wconf 70' lang='grc' dir='ltr'>Περὶ</span> <span class='ocrx_word' id='word_1_254' title='bbox 2621 2146 2931 2208; x_wconf 85' lang='grc' dir='ltr'>συστάσεως</span> <span class='ocrx_word' id='word_1_255' title='bbox 2979 2141 3282 2208; x_wconf 81' lang='grc' dir='ltr'>κοινωνίας,</span> <span class='ocrx_word' id='word_1_256' title='bbox 3312 2142 3405 2195; x_wconf 71' lang='grc' dir='ltr'><strong>καὶ</strong></span> <span class='ocrx_word' id='word_1_257' title='bbox 3450 2139 3651 2202; x_wconf 80' lang='grc' dir='ltr'>λύσεως</span> 
     </span>
    </p>
   </div>
   <div class='ocr_carea' id='block_1_43' title="bbox 2075 2245 2270 2315">
    <p class='ocr_par' dir='ltr' id='par_1_43' title="bbox 2075 2245 2270 2315">
     <span class='ocr_line' id='line_1_44' title="bbox 2075 2245 2270 2315; baseline 0.005 -18"><span class='ocrx_word' id='word_1_258' title='bbox 2075 2245 2270 2315; x_wconf 81' lang='grc' dir='ltr'>αὐτῆς.</span> 
     </span>
    </p>
   </div>
   <div class='ocr_carea' id='block_1_44' title="bbox 473 2323 2075 2411">
    <p class='ocr_par' dir='ltr' id='par_1_44' title="bbox 473 2339 1968 2411">
     <span class='ocr_line' id='line_1_45' title="bbox 473 2339 1968 2411; baseline 0.005 -20"><span class='ocrx_word' id='word_1_259' title='bbox 473 2339 578 2394; x_wconf 86' lang='lat' dir='ltr'><strong>Tit.</strong></span> <span class='ocrx_word' id='word_1_260' title='bbox 616 2340 704 2396; x_wconf 81' lang='grc'><strong>75.</strong></span> <span class='ocrx_word' id='word_1_261' title='bbox 744 2340 818 2396; x_wconf 84' lang='lat' dir='ltr'><strong>De</strong></span> <span class='ocrx_word' id='word_1_262' title='bbox 850 2352 1030 2411; x_wconf 90' lang='lat' dir='ltr'><strong>pacto,</strong></span> <span class='ocrx_word' id='word_1_263' title='bbox 1061 2351 1430 2409; x_wconf 85' lang='lat' dir='ltr'><strong>etconvento,</strong></span> <span class='ocrx_word' id='word_1_264' title='bbox 1478 2352 1533 2398; x_wconf 90' lang='lat' dir='ltr'><strong>et</strong></span> <span class='ocrx_word' id='word_1_265' title='bbox 1580 2344 1968 2409; x_wconf 85' lang='lat' dir='ltr'><strong>transactione,</strong></span> 
     </span>
    </p>
   </div>
   <div class='ocr_carea' id='block_1_45' title="bbox 2044 2323 3646 2411">
    <p class='ocr_par' dir='ltr' id='par_1_45' title="bbox 2155 2323 3646 2402">
     <span class='ocr_line' id='line_1_46' title="bbox 2155 2323 3646 2402; baseline -0.009 -14"><span class='ocrx_word' id='word_1_266' title='bbox 2155 2334 2271 2389; x_wconf 78' lang='lat' dir='ltr'><strong>Tlt.</strong></span> <span class='ocrx_word' id='word_1_267' title='bbox 2298 2338 2402 2402; x_wconf 65' lang='lat'><strong>07’.</strong></span> <span class='ocrx_word' id='word_1_268' title='bbox 2443 2331 2580 2399; x_wconf 81' lang='grc' dir='ltr'>Περὶ</span> <span class='ocrx_word' id='word_1_269' title='bbox 2621 2329 2853 2391; x_wconf 86' lang='grc' dir='ltr'>πάκτου,</span> <span class='ocrx_word' id='word_1_270' title='bbox 2906 2325 3001 2381; x_wconf 79' lang='grc' dir='ltr'>καὶ</span> <span class='ocrx_word' id='word_1_271' title='bbox 3047 2326 3362 2398; x_wconf 85' lang='grc' dir='ltr'>συμφώνου,</span> <span class='ocrx_word' id='word_1_272' title='bbox 3399 2326 3492 2377; x_wconf 68' lang='grc' dir='ltr'>καὶ</span> <span class='ocrx_word' id='word_1_273' title='bbox 3534 2323 3646 2375; x_wconf 79' lang='grc' dir='ltr'>δια-</span> 
     </span>
    </p>
   </div>
   <div class='ocr_carea' id='block_1_46' title="bbox 395 2419 1997 2501">
    <p class='ocr_par' dir='ltr' id='par_1_46' title="bbox 395 2429 1654 2501">
     <span class='ocr_line' id='line_1_47' title="bbox 395 2429 1654 2501; baseline 0.001 -17"><span class='ocrx_word' id='word_1_274' title='bbox 395 2440 451 2484; x_wconf 88' lang='lat' dir='ltr'><strong>ct</strong></span> <span class='ocrx_word' id='word_1_275' title='bbox 477 2429 545 2485; x_wconf 88' lang='lat' dir='ltr'><strong>de</strong></span> <span class='ocrx_word' id='word_1_276' title='bbox 580 2429 667 2496; x_wconf 90' lang='lat' dir='ltr'><strong>iis,</strong></span> <span class='ocrx_word' id='word_1_277' title='bbox 694 2445 813 2501; x_wconf 79' lang='lat' dir='ltr'><strong>quae</strong></span> <span class='ocrx_word' id='word_1_278' title='bbox 848 2431 1141 2500; x_wconf 85' lang='lat' dir='ltr'><strong>patrocinii</strong></span> <span class='ocrx_word' id='word_1_279' title='bbox 1178 2432 1408 2487; x_wconf 90' lang='lat' dir='ltr'><strong>nomine</strong></span> <span class='ocrx_word' id='word_1_280' title='bbox 1434 2431 1654 2486; x_wconf 87' lang='lat' dir='ltr'><strong>dantur.</strong></span> 
     </span>
    </p>
   </div>
   <div class='ocr_carea' id='block_1_47' title="bbox 1917 2419 3519 2501">
    <p class='ocr_par' dir='ltr' id='par_1_47' title="bbox 2075 2419 3519 2493">
     <span class='ocr_line' id='line_1_48' title="bbox 2075 2419 3519 2493; baseline -0.006 -12"><span class='ocrx_word' id='word_1_281' title='bbox 2075 2428 2304 2491; x_wconf 76' lang='grc' dir='ltr'>λύσεως,</span> <span class='ocrx_word' id='word_1_282' title='bbox 2338 2425 2431 2479; x_wconf 75' lang='grc' dir='ltr'><strong>καὶ</strong></span> <span class='ocrx_word' id='word_1_283' title='bbox 2461 2422 2588 2493; x_wconf 70' lang='grc' dir='ltr'>περὶ</span> <span class='ocrx_word' id='word_1_284' title='bbox 2620 2422 2729 2474; x_wconf 87' lang='grc' dir='ltr'><strong>τῶν</strong></span> <span class='ocrx_word' id='word_1_285' title='bbox 2758 2422 2853 2474; x_wconf 71' lang='grc' dir='ltr'><strong>ἐπὶ</strong></span> <span class='ocrx_word' id='word_1_286' title='bbox 2881 2420 3182 2491; x_wconf 75' lang='grc' dir='ltr'>προστασίᾳ</span> <span class='ocrx_word' id='word_1_287' title='bbox 3210 2419 3519 2489; x_wconf 80' lang='grc' dir='ltr'>διδομένων.</span> 
     </span>
    </p>
   </div>
   <div class='ocr_carea' id='block_1_48' title="bbox 940 2532 2542 2602">
    <p class='ocr_par' dir='ltr' id='par_1_48' title="bbox 940 2542 1403 2599">
     <span class='ocr_line' id='line_1_49' title="bbox 940 2542 1403 2599; baseline -0.004 -1"><span class='ocrx_word' id='word_1_288' title='bbox 940 2542 1263 2599; x_wconf 78' lang='lat' dir='ltr'><strong>TITULUS.</strong></span> <span class='ocrx_word' id='word_1_289' title='bbox 1299 2582 1313 2597; x_wconf 94' lang='lat'><strong>.</strong></span> <span class='ocrx_word' id='word_1_290' title='bbox 1345 2583 1359 2598; x_wconf 95' lang='lat'><strong>.</strong></span> <span class='ocrx_word' id='word_1_291' title='bbox 1389 2584 1403 2596; x_wconf 91' lang='lat'><strong>.</strong></span> 
     </span>
    </p>
   </div>
   <div class='ocr_carea' id='block_1_49' title="bbox 1531 2532 3133 2602">
    <p class='ocr_par' dir='ltr' id='par_1_49' title="bbox 2588 2532 3133 2602">
     <span class='ocr_line' id='line_1_50' title="bbox 2588 2532 3133 2602; baseline -0.002 -16"><span class='ocrx_word' id='word_1_292' title='bbox 2588 2533 2839 2587; x_wconf 82' lang='grc' dir='ltr'><strong>ΤΙΤΛΟΣ</strong></span> <span class='ocrx_word' id='word_1_293' title='bbox 2876 2532 2989 2602; x_wconf 77' lang='grc'><strong>(5).</strong></span> <span class='ocrx_word' id='word_1_294' title='bbox 3025 2569 3040 2585; x_wconf 93' lang='grc'>.</span> <span class='ocrx_word' id='word_1_295' title='bbox 3071 2571 3084 2585; x_wconf 95' lang='grc'>.</span> <span class='ocrx_word' id='word_1_296' title='bbox 3120 2570 3133 2585; x_wconf 94' lang='grc'>.</span> 
     </span>
    </p>
   </div>
   <div class='ocr_carea' id='block_1_50' title="bbox 862 2645 2464 2721">
    <p class='ocr_par' dir='ltr' id='par_1_50' title="bbox 862 2651 1496 2721">
     <span class='ocr_line' id='line_1_51' title="bbox 862 2651 1496 2721; baseline -0.002 -16"><span class='ocrx_word' id='word_1_297' title='bbox 862 2652 941 2706; x_wconf 85' lang='lat' dir='ltr'><strong>De</strong></span> <span class='ocrx_word' id='word_1_298' title='bbox 970 2652 1153 2721; x_wconf 77' lang='lat' dir='ltr'><strong>spoliis</strong></span> <span class='ocrx_word' id='word_1_299' title='bbox 1178 2651 1496 2706; x_wconf 77' lang='lat' dir='ltr'><strong>dividendis.</strong></span> 
     </span>
    </p>
   </div>
   <div class='ocr_carea' id='block_1_51' title="bbox 1644 2645 3246 2721">
    <p class='ocr_par' dir='ltr' id='par_1_51' title="bbox 2468 2645 3246 2718">
     <span class='ocr_line' id='line_1_52' title="bbox 2468 2645 3246 2718; baseline -0.006 -14"><span class='ocrx_word' id='word_1_300' title='bbox 2468 2648 2605 2718; x_wconf 70' lang='grc' dir='ltr'>Περὶ</span> <span class='ocrx_word' id='word_1_301' title='bbox 2639 2645 2934 2718; x_wconf 80' lang='grc' dir='ltr'>μερισμοῦ</span> <span class='ocrx_word' id='word_1_302' title='bbox 2980 2646 3246 2700; x_wconf 82' lang='grc' dir='ltr'>σκύλων.</span> 
     </span>
    </p>
   </div>
   <div class='ocr_carea' id='block_1_52' title="bbox 487 2755 2089 2837">
    <p class='ocr_par' dir='ltr' id='par_1_52' title="bbox 487 2764 1979 2837">
     <span class='ocr_line' id='line_1_53' title="bbox 487 2764 1979 2837; baseline 0.001 -18"><span class='ocrx_word' id='word_1_303' title='bbox 487 2766 590 2832; x_wconf 87' lang='lat' dir='ltr'><strong>Qui</strong></span> <span class='ocrx_word' id='word_1_304' title='bbox 638 2768 690 2819; x_wconf 92' lang='lat' dir='ltr'><strong>in</strong></span> <span class='ocrx_word' id='word_1_305' title='bbox 720 2766 929 2820; x_wconf 84' lang='lat' dir='ltr'><strong>hostem</strong></span> <span class='ocrx_word' id='word_1_306' title='bbox 981 2765 1253 2835; x_wconf 81' lang='lat' dir='ltr'><strong>pugnandi</strong></span> <span class='ocrx_word' id='word_1_307' title='bbox 1285 2779 1447 2820; x_wconf 83' lang='lat' dir='ltr'><strong>causa</strong></span> <span class='ocrx_word' id='word_1_308' title='bbox 1482 2764 1851 2837; x_wconf 86' lang='lat' dir='ltr'><strong>egrediuntur,</strong></span> <span class='ocrx_word' id='word_1_309' title='bbox 1888 2780 1979 2821; x_wconf 84' lang='lat' dir='ltr'><strong>ca-</strong></span> 
     </span>
    </p>
   </div>
   <div class='ocr_carea' id='block_1_53' title="bbox 2054 2755 3656 2837">
    <p class='ocr_par' dir='ltr' id='par_1_53' title="bbox 2152 2755 3656 2834">
     <span class='ocr_line' id='line_1_54' title="bbox 2152 2755 3656 2834; baseline -0.011 -11"><span class='ocrx_word' id='word_1_310' title='bbox 2152 2766 2222 2823; x_wconf 83' lang='lat' dir='ltr'><strong>a&#39;.</strong></span> <span class='ocrx_word' id='word_1_311' title='bbox 2262 2766 2406 2829; x_wconf 66' lang='grc' dir='ltr'><strong>Τοὶλς</strong></span> <span class='ocrx_word' id='word_1_312' title='bbox 2459 2761 2848 2834; x_wconf 80' lang='grc' dir='ltr'>ὲξερχομένους</span> <span class='ocrx_word' id='word_1_313' title='bbox 2890 2761 2969 2823; x_wconf 88' lang='grc' dir='ltr'><strong>είς</strong></span> <span class='ocrx_word' id='word_1_314' title='bbox 3016 2758 3242 2828; x_wconf 67' lang='grc' dir='ltr'>ἐχθροὺς</span> <span class='ocrx_word' id='word_1_315' title='bbox 3289 2756 3381 2809; x_wconf 76' lang='grc' dir='ltr'>ἐπὶ</span> <span class='ocrx_word' id='word_1_316' title='bbox 3414 2755 3656 2826; x_wconf 75' lang='grc' dir='ltr'>πνελέμῳ,</span> 
     </span>
    </p>
   </div>
   <div class='ocr_carea' id='block_1_54' title="bbox 401 2848 2003 2930">
    <p class='ocr_par' dir='ltr' id='par_1_54' title="bbox 401 2856 1979 2928">
     <span class='ocr_line' id='line_1_55' title="bbox 401 2856 1979 2928; baseline -0.001 -14"><span class='ocrx_word' id='word_1_317' title='bbox 401 2873 527 2914; x_wconf 72' lang='lat' dir='ltr'><strong>rere</strong></span> <span class='ocrx_word' id='word_1_318' title='bbox 554 2858 750 2912; x_wconf 84' lang='lat' dir='ltr'><strong>debent</strong></span> <span class='ocrx_word' id='word_1_319' title='bbox 776 2856 844 2911; x_wconf 93' lang='lat' dir='ltr'><strong>ab</strong></span> <span class='ocrx_word' id='word_1_320' title='bbox 874 2857 1020 2912; x_wconf 89' lang='lat' dir='ltr'><strong>omni</strong></span> <span class='ocrx_word' id='word_1_321' title='bbox 1050 2856 1196 2913; x_wconf 91' lang='lat' dir='ltr'><strong>dicto</strong></span> <span class='ocrx_word' id='word_1_322' title='bbox 1225 2866 1277 2912; x_wconf 91' lang='lat' dir='ltr'><strong>et</strong></span> <span class='ocrx_word' id='word_1_323' title='bbox 1314 2857 1458 2913; x_wconf 76' lang='lat' dir='ltr'><strong>iacto</strong></span> <span class='ocrx_word' id='word_1_324' title='bbox 1484 2872 1675 2928; x_wconf 84' lang='lat' dir='ltr'><strong>pravo,</strong></span> <span class='ocrx_word' id='word_1_325' title='bbox 1708 2867 1979 2914; x_wconf 80' lang='lat' dir='ltr'><strong>mentem~</strong></span> 
     </span>
    </p>
   </div>
   <div class='ocr_carea' id='block_1_55' title="bbox 2056 2848 3658 2930">
    <p class='ocr_par' dir='ltr' id='par_1_55' title="bbox 2085 2848 3658 2930">
     <span class='ocr_line' id='line_1_56' title="bbox 2085 2848 3658 2930; baseline -0.01 -16"><span class='ocrx_word' id='word_1_326' title='bbox 2085 2858 2319 2930; x_wconf 82' lang='grc' dir='ltr'>φυλάξαι</span> <span class='ocrx_word' id='word_1_327' title='bbox 2353 2857 2433 2908; x_wconf 84' lang='grc' dir='ltr'>δεῖ</span> <span class='ocrx_word' id='word_1_328' title='bbox 2461 2853 2569 2908; x_wconf 81' lang='grc' dir='ltr'><strong>ἀπὸ</strong></span> <span class='ocrx_word' id='word_1_329' title='bbox 2597 2851 2800 2914; x_wconf 81' lang='grc' dir='ltr'>παντὸς</span> <span class='ocrx_word' id='word_1_330' title='bbox 2839 2849 3077 2919; x_wconf 80' lang='grc' dir='ltr'>πονηροῦ</span> <span class='ocrx_word' id='word_1_331' title='bbox 3119 2850 3360 2920; x_wconf 77' lang='grc' dir='ltr'>ῥήματος</span> <span class='ocrx_word' id='word_1_332' title='bbox 3394 2849 3487 2899; x_wconf 73' lang='grc' dir='ltr'><strong>καὶ</strong></span> <span class='ocrx_word' id='word_1_333' title='bbox 3523 2848 3658 2916; x_wconf 77' lang='grc' dir='ltr'>πρά-</span> 
     </span>
    </p>
   </div>
   <div class='ocr_carea' id='block_1_56' title="bbox 400 2936 2002 3021">
    <p class='ocr_par' dir='ltr' id='par_1_56' title="bbox 400 2947 1974 3021">
     <span class='ocr_line' id='line_1_57' title="bbox 400 2947 1974 3021; baseline 0.001 -19"><span class='ocrx_word' id='word_1_334' title='bbox 400 2966 506 3021; x_wconf 87' lang='lat' dir='ltr'><strong>qne</strong></span> <span class='ocrx_word' id='word_1_335' title='bbox 558 2964 713 3005; x_wconf 90' lang='lat' dir='ltr'><strong>suam</strong></span> <span class='ocrx_word' id='word_1_336' title='bbox 746 2959 801 3003; x_wconf 90' lang='lat' dir='ltr'><strong>et</strong></span> <span class='ocrx_word' id='word_1_337' title='bbox 826 2947 1193 3018; x_wconf 86' lang='lat' dir='ltr'><strong>precationem</strong></span> <span class='ocrx_word' id='word_1_338' title='bbox 1219 2950 1285 3005; x_wconf 90' lang='lat' dir='ltr'><strong>ad</strong></span> <span class='ocrx_word' id='word_1_339' title='bbox 1315 2950 1488 3005; x_wconf 89' lang='lat' dir='ltr'><strong>solum</strong></span> <span class='ocrx_word' id='word_1_340' title='bbox 1522 2949 1686 3004; x_wconf 90' lang='lat' dir='ltr'><strong>Deum</strong></span> <span class='ocrx_word' id='word_1_341' title='bbox 1717 2951 1974 3005; x_wconf 87' lang='lat' dir='ltr'><strong>directam</strong></span> 
     </span>
    </p>
   </div>
   <div class='ocr_carea' id='block_1_57' title="bbox 2058 2936 3660 3021">
    <p class='ocr_par' dir='ltr' id='par_1_57' title="bbox 2085 2936 3660 3021">
     <span class='ocr_line' id='line_1_58' title="bbox 2085 2936 3660 3021; baseline -0.008 -18"><span class='ocrx_word' id='word_1_342' title='bbox 2085 2965 2318 3021; x_wconf 87' lang='grc' dir='ltr'>γματος,</span> <span class='ocrx_word' id='word_1_343' title='bbox 2366 2946 2459 2999; x_wconf 75' lang='grc' dir='ltr'><strong>καὶ</strong></span> <span class='ocrx_word' id='word_1_344' title='bbox 2506 2944 2643 3015; x_wconf 79' lang='grc' dir='ltr'>πρὸς</span> <span class='ocrx_word' id='word_1_345' title='bbox 2694 2942 2852 3013; x_wconf 86' lang='grc' dir='ltr'>μόνον</span> <span class='ocrx_word' id='word_1_346' title='bbox 2885 2940 2976 2993; x_wconf 77' lang='grc' dir='ltr'><strong>τὸν</strong></span> <span class='ocrx_word' id='word_1_347' title='bbox 3031 2939 3276 2993; x_wconf 72' lang='grc' dir='ltr'>Θεὸν-τὸν</span> <span class='ocrx_word' id='word_1_348' title='bbox 3329 2936 3453 2991; x_wconf 91' lang='grc' dir='ltr'>νοῦν</span> <span class='ocrx_word' id='word_1_349' title='bbox 3484 2940 3660 2991; x_wconf 81' lang='grc' dir='ltr'>αὐτῶν</span> 
     </span>
    </p>
   </div>
   <div class='ocr_carea' id='block_1_58' title="bbox 404 3031 2006 3113">
    <p class='ocr_par' dir='ltr' id='par_1_58' title="bbox 404 3031 2006 3110">
     <span class='ocr_line' id='line_1_59' title="bbox 404 3031 2006 3110; baseline 0 -13"><span class='ocrx_word' id='word_1_350' title='bbox 404 3045 627 3104; x_wconf 82' lang='lat' dir='ltr'><strong>habere,</strong></span> <span class='ocrx_word' id='word_1_351' title='bbox 660 3040 999 3110; x_wconf 90' lang='lat' dir='ltr'><strong>consilioque</strong></span> <span class='ocrx_word' id='word_1_352' title='bbox 1036 3042 1282 3097; x_wconf 90' lang='lat' dir='ltr'><strong>adhibito</strong></span> <span class='ocrx_word' id='word_1_353' title='bbox 1314 3042 1561 3110; x_wconf 74' lang='lat' dir='ltr'><strong>prtelium</strong></span> <span class='ocrx_word' id='word_1_354' title='bbox 1606 3042 1972 3098; x_wconf 85' lang='lat' dir='ltr'><strong>committere.</strong></span> <span class='ocrx_word' id='word_1_355' title='bbox 2005 3031 2006 3042; x_wconf 47' lang='grc'><em>“</em></span> 
     </span>
    </p>
   </div>
   <div class='ocr_carea' id='block_1_59' title="bbox 2060 3031 3662 3113">
    <p class='ocr_par' dir='ltr' id='par_1_59' title="bbox 2082 3031 3662 3113">
     <span class='ocr_line' id='line_1_60' title="bbox 2082 3031 3662 3113; baseline -0.009 -17"><span class='ocrx_word' id='word_1_356' title='bbox 2082 3044 2225 3113; x_wconf 81' lang='grc' dir='ltr'>ἔχειν</span> <span class='ocrx_word' id='word_1_357' title='bbox 2259 3039 2355 3093; x_wconf 69' lang='grc' dir='ltr'>καὶ</span> <span class='ocrx_word' id='word_1_358' title='bbox 2382 3038 2479 3108; x_wconf 82' lang='grc' dir='ltr'>τὴν</span> <span class='ocrx_word' id='word_1_359' title='bbox 2520 3037 2724 3105; x_wconf 85' lang='grc' dir='ltr'>δέησιν,</span> <span class='ocrx_word' id='word_1_360' title='bbox 2760 3036 2855 3087; x_wconf 72' lang='grc' dir='ltr'><strong>καὶ</strong></span> <span class='ocrx_word' id='word_1_361' title='bbox 2888 3035 3026 3104; x_wconf 86' lang='grc' dir='ltr'><strong>μετά</strong></span> <span class='ocrx_word' id='word_1_362' title='bbox 3082 3031 3409 3101; x_wconf 85' lang='grc' dir='ltr'>συμϐουλίας</span> <span class='ocrx_word' id='word_1_363' title='bbox 3442 3032 3662 3100; x_wconf 84' lang='grc' dir='ltr'>ποιῆσαι</span> 
     </span>
    </p>
   </div>
   <div class='ocr_carea' id='block_1_60' title="bbox 401 3121 2003 3204">
    <p class='ocr_par' dir='ltr' id='par_1_60' title="bbox 401 3132 1979 3204">
     <span class='ocr_line' id='line_1_61' title="bbox 401 3132 1979 3204; baseline 0.001 -17"><span class='ocrx_word' id='word_1_364' title='bbox 401 3132 538 3187; x_wconf 81' lang='lat' dir='ltr'><strong>Nam</strong></span> <span class='ocrx_word' id='word_1_365' title='bbox 574 3132 859 3198; x_wconf 80' lang='lat' dir='ltr'><strong>auxilium,</strong></span> <span class='ocrx_word' id='word_1_366' title='bbox 883 3148 1005 3188; x_wconf 87' lang='lat' dir='ltr'><strong>eum</strong></span> <span class='ocrx_word' id='word_1_367' title='bbox 1037 3134 1202 3189; x_wconf 91' lang='lat' dir='ltr'><strong>corde</strong></span> <span class='ocrx_word' id='word_1_368' title='bbox 1220 3134 1432 3189; x_wconf 86' lang='lat' dir='ltr'><strong>consilii</strong></span> <span class='ocrx_word' id='word_1_369' title='bbox 1462 3133 1644 3204; x_wconf 92' lang='lat' dir='ltr'><strong>pleno,</strong></span> <span class='ocrx_word' id='word_1_370' title='bbox 1672 3149 1703 3189; x_wconf 87' lang='lat' dir='ltr'><strong>a</strong></span> <span class='ocrx_word' id='word_1_371' title='bbox 1742 3133 1851 3189; x_wconf 89' lang='lat' dir='ltr'><strong>Deo</strong></span> <span class='ocrx_word' id='word_1_372' title='bbox 1881 3134 1979 3189; x_wconf 88' lang='lat' dir='ltr'><strong>da-</strong></span> 
     </span>
    </p>
   </div>
   <div class='ocr_carea' id='block_1_61' title="bbox 2059 3121 3661 3204">
    <p class='ocr_par' dir='ltr' id='par_1_61' title="bbox 2084 3121 3661 3199">
     <span class='ocr_line' id='line_1_62' title="bbox 2084 3121 3661 3199; baseline -0.009 -14"><span class='ocrx_word' id='word_1_373' title='bbox 2084 3133 2178 3185; x_wconf 79' lang='grc' dir='ltr'><strong>τὸν</strong></span> <span class='ocrx_word' id='word_1_374' title='bbox 2224 3129 2485 3199; x_wconf 84' lang='grc' dir='ltr'>πόλεμον.</span> <span class='ocrx_word' id='word_1_375' title='bbox 2544 3126 2774 3195; x_wconf 74' lang='grc' dir='ltr'>Βοήοεια</span> <span class='ocrx_word' id='word_1_376' title='bbox 2829 3124 2936 3194; x_wconf 84' lang='grc' dir='ltr'><strong>γὰρ</strong></span> <span class='ocrx_word' id='word_1_377' title='bbox 2984 3123 3049 3176; x_wconf 81' lang='grc' dir='ltr'><strong>ἐκ</strong></span> <span class='ocrx_word' id='word_1_378' title='bbox 3095 3122 3234 3175; x_wconf 87' lang='grc' dir='ltr'>Θεοῦ</span> <span class='ocrx_word' id='word_1_379' title='bbox 3287 3121 3488 3174; x_wconf 76' lang='grc' dir='ltr'>δίδοται</span> <span class='ocrx_word' id='word_1_380' title='bbox 3526 3122 3661 3188; x_wconf 74' lang='grc' dir='ltr'>μετὰ</span> 
     </span>
    </p>
   </div>
   <div class='ocr_carea' id='block_1_62' title="bbox 406 3212 2008 3295">
    <p class='ocr_par' dir='ltr' id='par_1_62' title="bbox 406 3221 1980 3292">
     <span class='ocr_line' id='line_1_63' title="bbox 406 3221 1980 3292; baseline 0 -17"><span class='ocrx_word' id='word_1_381' title='bbox 406 3234 515 3277; x_wconf 89' lang='lat' dir='ltr'><strong>tur.</strong></span> <span class='ocrx_word' id='word_1_382' title='bbox 581 3221 699 3276; x_wconf 82' lang='lat' dir='ltr'><strong>Non</strong></span> <span class='ocrx_word' id='word_1_383' title='bbox 740 3222 884 3276; x_wconf 89' lang='lat' dir='ltr'><strong>enim</strong></span> <span class='ocrx_word' id='word_1_384' title='bbox 941 3221 994 3276; x_wconf 91' lang='lat' dir='ltr'><strong>in</strong></span> <span class='ocrx_word' id='word_1_385' title='bbox 1036 3222 1383 3278; x_wconf 89' lang='lat' dir='ltr'><strong>multitudine</strong></span> <span class='ocrx_word' id='word_1_386' title='bbox 1424 3222 1704 3292; x_wconf 88' lang='lat' dir='ltr'><strong>copiarum</strong></span> <span class='ocrx_word' id='word_1_387' title='bbox 1755 3222 1980 3276; x_wconf 85' lang='lat' dir='ltr'><strong>victoria</strong></span> 
     </span>
    </p>
   </div>
   <div class='ocr_carea' id='block_1_63' title="bbox 2061 3212 3663 3295">
    <p class='ocr_par' dir='ltr' id='par_1_63' title="bbox 2086 3212 3663 3295">
     <span class='ocr_line' id='line_1_64' title="bbox 2086 3212 3663 3295; baseline -0.008 -17"><span class='ocrx_word' id='word_1_388' title='bbox 2086 3222 2313 3295; x_wconf 84' lang='grc' dir='ltr'>καρδίας</span> <span class='ocrx_word' id='word_1_389' title='bbox 2397 3217 2775 3290; x_wconf 83' lang='grc' dir='ltr'>βουλευτικῆς.</span> <span class='ocrx_word' id='word_1_390' title='bbox 2844 3216 2960 3270; x_wconf 81' lang='grc' dir='ltr'>Οὐκ</span> <span class='ocrx_word' id='word_1_391' title='bbox 3014 3217 3071 3267; x_wconf 84' lang='grc' dir='ltr'>ὲν</span> <span class='ocrx_word' id='word_1_392' title='bbox 3099 3213 3295 3283; x_wconf 76' lang='grc' dir='ltr'>πλήθει</span> <span class='ocrx_word' id='word_1_393' title='bbox 3347 3213 3453 3283; x_wconf 81' lang='grc' dir='ltr'><strong>γὰρ</strong></span> <span class='ocrx_word' id='word_1_394' title='bbox 3507 3212 3663 3266; x_wconf 79' lang='grc' dir='ltr'>δυνά-</span> 
     </span>
    </p>
   </div>
   <div class='ocr_carea' id='block_1_64' title="bbox 403 3304 2005 3384">
    <p class='ocr_par' dir='ltr' id='par_1_64' title="bbox 403 3311 1983 3381">
     <span class='ocr_line' id='line_1_65' title="bbox 403 3311 1983 3381; baseline 0.001 -16"><span class='ocrx_word' id='word_1_395' title='bbox 403 3311 525 3367; x_wconf 89' lang='lat' dir='ltr'><strong>belli</strong></span> <span class='ocrx_word' id='word_1_396' title='bbox 584 3312 757 3381; x_wconf 85' lang='lat' dir='ltr'><strong>posita</strong></span> <span class='ocrx_word' id='word_1_397' title='bbox 805 3320 911 3377; x_wconf 86' lang='lat' dir='ltr'><strong>est,</strong></span> <span class='ocrx_word' id='word_1_398' title='bbox 960 3313 1055 3367; x_wconf 93' lang='lat' dir='ltr'><strong>sed</strong></span> <span class='ocrx_word' id='word_1_399' title='bbox 1103 3328 1132 3366; x_wconf 90' lang='lat' dir='ltr'><strong>a</strong></span> <span class='ocrx_word' id='word_1_400' title='bbox 1177 3313 1286 3367; x_wconf 87' lang='lat' dir='ltr'><strong>Deo</strong></span> <span class='ocrx_word' id='word_1_401' title='bbox 1325 3313 1608 3367; x_wconf 81' lang='lat' dir='ltr'><strong>victoriam</strong></span> <span class='ocrx_word' id='word_1_402' title='bbox 1653 3313 1983 3368; x_wconf 89' lang='lat' dir='ltr'><strong>concedente</strong></span> 
     </span>
    </p>
   </div>
   <div class='ocr_carea' id='block_1_65' title="bbox 2062 3304 3664 3384">
    <p class='ocr_par' dir='ltr' id='par_1_65' title="bbox 2089 3304 3664 3384">
     <span class='ocr_line' id='line_1_66' title="bbox 2089 3304 3664 3384; baseline -0.008 -15"><span class='ocrx_word' id='word_1_403' title='bbox 2089 3332 2237 3384; x_wconf 85' lang='grc' dir='ltr'>μεως</span> <span class='ocrx_word' id='word_1_404' title='bbox 2317 3311 2442 3380; x_wconf 83' lang='grc' dir='ltr'>νίκη</span> <span class='ocrx_word' id='word_1_405' title='bbox 2511 3310 2772 3379; x_wconf 81' lang='grc' dir='ltr'>πολέμου,</span> <span class='ocrx_word' id='word_1_406' title='bbox 2833 3307 2963 3361; x_wconf 86' lang='grc' dir='ltr'>ἀλλ’</span> <span class='ocrx_word' id='word_1_407' title='bbox 3001 3307 3065 3358; x_wconf 82' lang='grc' dir='ltr'><strong>ἐκ</strong></span> <span class='ocrx_word' id='word_1_408' title='bbox 3129 3304 3262 3357; x_wconf 80' lang='grc' dir='ltr'>Θεοῦ</span> <span class='ocrx_word' id='word_1_409' title='bbox 3338 3304 3664 3374; x_wconf 80' lang='grc' dir='ltr'>παρέχοντος</span> 
     </span>
    </p>
   </div>
   <div class='ocr_carea' id='block_1_66' title="bbox 400 3402 2002 3474">
    <p class='ocr_par' dir='ltr' id='par_1_66' title="bbox 400 3402 794 3471">
     <span class='ocr_line' id='line_1_67' title="bbox 400 3402 794 3471; baseline 0.008 -19"><span class='ocrx_word' id='word_1_410' title='bbox 400 3402 794 3471; x_wconf 79' lang='lat' dir='ltr'><strong>proﬁciscitur.</strong></span> 
     </span>
    </p>
   </div>
   <div class='ocr_carea' id='block_1_67' title="bbox 668 3402 2270 3474">
    <p class='ocr_par' dir='ltr' id='par_1_67' title="bbox 668 3402 2270 3474">
     <span class='ocr_line' id='line_1_68' title="bbox 668 3402 2270 3474; baseline 0.001 -19"><span class='ocrx_word' id='word_1_411' title='bbox 668 3402 794 3456; x_wconf 85' lang='lat' dir='ltr'><strong>itur.</strong></span> <span class='ocrx_word' id='word_1_412' title='bbox 2093 3405 2270 3474; x_wconf 84' lang='grc' dir='ltr'>νίκην.</span> 
     </span>
    </p>
   </div>
   <div class='ocr_carea' id='block_1_68' title="bbox 474 3487 2076 3567">
    <p class='ocr_par' dir='ltr' id='par_1_68' title="bbox 474 3489 1986 3560">
     <span class='ocr_line' id='line_1_69' title="bbox 474 3489 1986 3560; baseline 0.003 -17"><span class='ocrx_word' id='word_1_413' title='bbox 474 3492 779 3545; x_wconf 70' lang='lat' dir='ltr'><strong>2.Sextam</strong></span> <span class='ocrx_word' id='word_1_414' title='bbox 822 3497 1032 3560; x_wconf 88' lang='lat' dir='ltr'><strong>partem</strong></span> <span class='ocrx_word' id='word_1_415' title='bbox 1103 3489 1398 3559; x_wconf 89' lang='lat' dir='ltr'><strong>spoliorum</strong></span> <span class='ocrx_word' id='word_1_416' title='bbox 1477 3490 1611 3548; x_wconf 84' lang='lat' dir='ltr'><strong>ﬁsco</strong></span> <span class='ocrx_word' id='word_1_417' title='bbox 1682 3493 1986 3548; x_wconf 85' lang='lat' dir='ltr'><strong>consecrari</strong></span> 
     </span>
    </p>
   </div>
   <div class='ocr_carea' id='block_1_69' title="bbox 2060 3487 3662 3567">
    <p class='ocr_par' dir='ltr' id='par_1_69' title="bbox 2160 3487 3662 3567">
     <span class='ocr_line' id='line_1_70' title="bbox 2160 3487 3662 3567; baseline -0.008 -16"><span class='ocrx_word' id='word_1_418' title='bbox 2160 3498 2226 3567; x_wconf 84' lang='grc' dir='ltr'><strong>β’.</strong></span> <span class='ocrx_word' id='word_1_419' title='bbox 2268 3497 2342 3550; x_wconf 81' lang='grc' dir='ltr'>Τὸ</span> <span class='ocrx_word' id='word_1_420' title='bbox 2379 3496 2537 3549; x_wconf 78' lang='grc' dir='ltr'>ἓκτον</span> <span class='ocrx_word' id='word_1_421' title='bbox 2566 3493 2729 3565; x_wconf 84' lang='grc' dir='ltr'>μέρος</span> <span class='ocrx_word' id='word_1_422' title='bbox 2758 3489 3116 3560; x_wconf 82' lang='grc' dir='ltr'>ἀφιεροῦσοαι</span> <span class='ocrx_word' id='word_1_423' title='bbox 3149 3488 3231 3541; x_wconf 85' lang='grc' dir='ltr'>δεῖ</span> <span class='ocrx_word' id='word_1_424' title='bbox 3276 3488 3353 3557; x_wconf 79' lang='grc' dir='ltr'><strong>τῷ</strong></span> <span class='ocrx_word' id='word_1_425' title='bbox 3400 3487 3662 3559; x_wconf 84' lang='grc' dir='ltr'>δημοσίῳ,</span> 
     </span>
    </p>
   </div>
   <div class='ocr_carea' id='block_1_70' title="bbox 413 3576 2015 3659">
    <p class='ocr_par' dir='ltr' id='par_1_70' title="bbox 413 3583 1985 3656">
     <span class='ocr_line' id='line_1_71' title="bbox 413 3583 1985 3656; baseline 0.004 -23"><span class='ocrx_word' id='word_1_426' title='bbox 413 3590 650 3651; x_wconf 84' lang='lat' dir='ltr'><strong>oportet,</strong></span> <span class='ocrx_word' id='word_1_427' title='bbox 686 3583 1017 3653; x_wconf 90' lang='lat' dir='ltr'><strong>ctquidquid</strong></span> <span class='ocrx_word' id='word_1_428' title='bbox 1062 3583 1283 3637; x_wconf 87' lang='lat' dir='ltr'><strong>omnino</strong></span> <span class='ocrx_word' id='word_1_429' title='bbox 1348 3592 1591 3653; x_wconf 82' lang='lat' dir='ltr'><strong>superat,</strong></span> <span class='ocrx_word' id='word_1_430' title='bbox 1621 3584 1671 3638; x_wconf 88' lang='lat' dir='ltr'><strong>id</strong></span> <span class='ocrx_word' id='word_1_431' title='bbox 1731 3585 1985 3656; x_wconf 88' lang='lat' dir='ltr'><strong>populum</strong></span> 
     </span>
    </p>
   </div>
   <div class='ocr_carea' id='block_1_71' title="bbox 2064 3576 3666 3659">
    <p class='ocr_par' dir='ltr' id='par_1_71' title="bbox 2088 3576 3666 3659">
     <span class='ocr_line' id='line_1_72' title="bbox 2088 3576 3666 3659; baseline -0.008 -13"><span class='ocrx_word' id='word_1_432' title='bbox 2088 3594 2183 3646; x_wconf 77' lang='grc' dir='ltr'>καὶ</span> <span class='ocrx_word' id='word_1_433' title='bbox 2226 3592 2288 3645; x_wconf 82' lang='grc' dir='ltr'><strong>τδ</strong></span> <span class='ocrx_word' id='word_1_434' title='bbox 2332 3591 2518 3645; x_wconf 74' lang='grc' dir='ltr'>λοιπὸν</span> <span class='ocrx_word' id='word_1_435' title='bbox 2577 3592 2685 3643; x_wconf 76' lang='grc' dir='ltr'><strong>πᾶν</strong></span> <span class='ocrx_word' id='word_1_436' title='bbox 2736 3589 2935 3659; x_wconf 79' lang='grc' dir='ltr'>μέτρον</span> <span class='ocrx_word' id='word_1_437' title='bbox 2981 3590 3187 3648; x_wconf 79' lang='grc' dir='ltr'>πάντας</span> <span class='ocrx_word' id='word_1_438' title='bbox 3245 3576 3378 3646; x_wconf 77' lang='grc' dir='ltr'>τοὺς</span> <span class='ocrx_word' id='word_1_439' title='bbox 3418 3583 3580 3646; x_wconf 79' lang='grc' dir='ltr'>λαοὺς</span> <span class='ocrx_word' id='word_1_440' title='bbox 3610 3582 3666 3647; x_wconf 80' lang='grc' dir='ltr'><strong>ἐξ</strong></span> 
     </span>
    </p>
   </div>
   <div class='ocr_carea' id='block_1_72' title="bbox 411 3668 2013 3753">
    <p class='ocr_par' dir='ltr' id='par_1_72' title="bbox 411 3674 1985 3748">
     <span class='ocr_line' id='line_1_73' title="bbox 411 3674 1985 3748; baseline 0.003 -21"><span class='ocrx_word' id='word_1_441' title='bbox 411 3675 725 3730; x_wconf 84' lang='lat' dir='ltr'><strong>universum</strong></span> <span class='ocrx_word' id='word_1_442' title='bbox 753 3689 817 3729; x_wconf 85' lang='lat' dir='ltr'><strong>ex</strong></span> <span class='ocrx_word' id='word_1_443' title='bbox 860 3690 1011 3744; x_wconf 55' lang='lat' dir='ltr'><strong>aequa</strong></span> <span class='ocrx_word' id='word_1_444' title='bbox 1047 3684 1104 3730; x_wconf 89' lang='lat' dir='ltr'><strong>et</strong></span> <span class='ocrx_word' id='word_1_445' title='bbox 1142 3674 1193 3728; x_wconf 90' lang='lat' dir='ltr'><strong>in</strong></span> <span class='ocrx_word' id='word_1_446' title='bbox 1216 3689 1423 3744; x_wconf 64' lang='lat' dir='ltr'><strong>aequam</strong></span> <span class='ocrx_word' id='word_1_447' title='bbox 1448 3676 1749 3745; x_wconf 87' lang='lat' dir='ltr'><strong>portionem</strong></span> <span class='ocrx_word' id='word_1_448' title='bbox 1773 3678 1985 3748; x_wconf 87' lang='lat' dir='ltr'><strong>partiri,</strong></span> 
     </span>
    </p>
   </div>
   <div class='ocr_carea' id='block_1_73' title="bbox 2063 3668 3665 3753">
    <p class='ocr_par' dir='ltr' id='par_1_73' title="bbox 2092 3668 3665 3753">
     <span class='ocr_line' id='line_1_74' title="bbox 2092 3668 3665 3753; baseline -0.008 -15"><span class='ocrx_word' id='word_1_449' title='bbox 2092 3685 2213 3753; x_wconf 83' lang='grc' dir='ltr'>ίσης</span> <span class='ocrx_word' id='word_1_450' title='bbox 2270 3683 2367 3737; x_wconf 73' lang='grc' dir='ltr'><strong>καὶ</strong></span> <span class='ocrx_word' id='word_1_451' title='bbox 2399 3684 2482 3735; x_wconf 80' lang='grc' dir='ltr'>ἐπ’</span> <span class='ocrx_word' id='word_1_452' title='bbox 2525 3683 2647 3752; x_wconf 76' lang='grc' dir='ltr'>ἴσης</span> <span class='ocrx_word' id='word_1_453' title='bbox 2696 3682 2889 3752; x_wconf 87' lang='grc' dir='ltr'>μοίρας</span> <span class='ocrx_word' id='word_1_454' title='bbox 2939 3678 3281 3750; x_wconf 77' lang='grc' dir='ltr'>μερίζεσθαι,</span> <span class='ocrx_word' id='word_1_455' title='bbox 3330 3677 3420 3729; x_wconf 78' lang='grc' dir='ltr'><strong>τὸν</strong></span> <span class='ocrx_word' id='word_1_456' title='bbox 3474 3668 3665 3745; x_wconf 79' lang='grc' dir='ltr'>μέγαν,</span> 
     </span>
    </p>
   </div>
   <div class='ocr_carea' id='block_1_74' title="bbox 409 3760 2011 3845">
    <p class='ocr_par' dir='ltr' id='par_1_74' title="bbox 409 3760 1990 3837">
     <span class='ocr_line' id='line_1_75' title="bbox 409 3760 1990 3837; baseline 0.003 -20"><span class='ocrx_word' id='word_1_457' title='bbox 409 3764 522 3817; x_wconf 79' lang='lat' dir='ltr'><strong>sive</strong></span> <span class='ocrx_word' id='word_1_458' title='bbox 544 3763 668 3833; x_wconf 80' lang='lat' dir='ltr'><strong>quis</strong></span> <span class='ocrx_word' id='word_1_459' title='bbox 702 3778 950 3833; x_wconf 89' lang='lat' dir='ltr'><strong>magnus,</strong></span> <span class='ocrx_word' id='word_1_460' title='bbox 974 3766 1088 3820; x_wconf 85' lang='lat' dir='ltr'><strong>sive</strong></span> <span class='ocrx_word' id='word_1_461' title='bbox 1112 3780 1308 3834; x_wconf 81' lang='lat' dir='ltr'><strong>parvus</strong></span> <span class='ocrx_word' id='word_1_462' title='bbox 1328 3766 1418 3820; x_wconf 85' lang='lat' dir='ltr'><strong>sit.</strong></span> <span class='ocrx_word' id='word_1_463' title='bbox 1453 3765 1662 3821; x_wconf 79' lang='lat' dir='ltr'><strong>Suﬂicit</strong></span> <span class='ocrx_word' id='word_1_464' title='bbox 1680 3767 1825 3821; x_wconf 92' lang='lat' dir='ltr'><strong>enitn</strong></span> <span class='ocrx_word' id='word_1_465' title='bbox 1849 3760 1990 3837; x_wconf 62' lang='lat' dir='ltr'><strong>prtia-</strong></span> 
     </span>
    </p>
   </div>
   <div class='ocr_carea' id='block_1_75' title="bbox 2066 3760 3668 3845">
    <p class='ocr_par' dir='ltr' id='par_1_75' title="bbox 2091 3769 3668 3845">
     <span class='ocr_line' id='line_1_76' title="bbox 2091 3769 3668 3845; baseline -0.006 -16"><span class='ocrx_word' id='word_1_466' title='bbox 2091 3777 2183 3830; x_wconf 78' lang='grc' dir='ltr'><strong>καὶ</strong></span> <span class='ocrx_word' id='word_1_467' title='bbox 2221 3776 2311 3829; x_wconf 78' lang='grc' dir='ltr'><strong>τὸν</strong></span> <span class='ocrx_word' id='word_1_468' title='bbox 2352 3775 2566 3845; x_wconf 75' lang='grc' dir='ltr'>μικρόν.</span> <span class='ocrx_word' id='word_1_469' title='bbox 2628 3774 2816 3844; x_wconf 81' lang='grc' dir='ltr'>Ἀρκεῖ</span> <span class='ocrx_word' id='word_1_470' title='bbox 2846 3773 2954 3842; x_wconf 84' lang='grc' dir='ltr'><strong>γὰρ</strong></span> <span class='ocrx_word' id='word_1_471' title='bbox 2989 3773 3101 3835; x_wconf 86' lang='grc' dir='ltr'>τοῖς</span> <span class='ocrx_word' id='word_1_472' title='bbox 3132 3770 3390 3840; x_wconf 78' lang='grc' dir='ltr'>ἄρχουσιν</span> <span class='ocrx_word' id='word_1_473' title='bbox 3427 3769 3459 3838; x_wconf 86' lang='grc' dir='ltr'>ἡ</span> <span class='ocrx_word' id='word_1_474' title='bbox 3499 3785 3668 3837; x_wconf 67' lang='grc' dir='ltr'>πρεσ-</span> 
     </span>
    </p>
   </div>
   <div class='ocr_carea' id='block_1_76' title="bbox 410 3855 2012 3940">
    <p class='ocr_par' dir='ltr' id='par_1_76' title="bbox 410 3855 1988 3925">
     <span class='ocr_line' id='line_1_77' title="bbox 410 3855 1988 3925; baseline 0.003 -16"><span class='ocrx_word' id='word_1_475' title='bbox 410 3855 564 3909; x_wconf 79' lang='lat' dir='ltr'><strong>feetis</strong></span> <span class='ocrx_word' id='word_1_476' title='bbox 600 3856 992 3910; x_wconf 63' lang='lat' dir='ltr'><strong>incrementum</strong></span> <span class='ocrx_word' id='word_1_477' title='bbox 1044 3856 1435 3925; x_wconf 87' lang='lat' dir='ltr'><strong>stipendiorum</strong></span> <span class='ocrx_word' id='word_1_478' title='bbox 1481 3872 1724 3913; x_wconf 87' lang='lat' dir='ltr'><strong>suorum.</strong></span> <span class='ocrx_word' id='word_1_479' title='bbox 1757 3857 1908 3925; x_wconf 87' lang='lat' dir='ltr'><strong>Quod</strong></span> <span class='ocrx_word' id='word_1_480' title='bbox 1943 3859 1988 3913; x_wconf 89' lang='lat' dir='ltr'><strong>si</strong></span> 
     </span>
    </p>
   </div>
   <div class='ocr_carea' id='block_1_77' title="bbox 2067 3855 3669 3940">
    <p class='ocr_par' dir='ltr' id='par_1_77' title="bbox 2092 3862 3669 3940">
     <span class='ocr_line' id='line_1_78' title="bbox 2092 3862 3669 3940; baseline -0.004 -19"><span class='ocrx_word' id='word_1_481' title='bbox 2092 3868 2233 3940; x_wconf 82' lang='grc' dir='ltr'>Θήκη</span> <span class='ocrx_word' id='word_1_482' title='bbox 2268 3868 2376 3922; x_wconf 86' lang='grc' dir='ltr'><strong>τῶν</strong></span> <span class='ocrx_word' id='word_1_483' title='bbox 2429 3868 2604 3939; x_wconf 74' lang='grc' dir='ltr'>ρογῶν</span> <span class='ocrx_word' id='word_1_484' title='bbox 2633 3866 2834 3920; x_wconf 81' lang='grc' dir='ltr'>αὐτῶν.</span> <span class='ocrx_word' id='word_1_485' title='bbox 2901 3867 2964 3918; x_wconf 80' lang='lat' dir='ltr'><strong>Ei</strong></span> <span class='ocrx_word' id='word_1_486' title='bbox 3009 3865 3067 3918; x_wconf 84' lang='grc' dir='ltr'>δὲ</span> <span class='ocrx_word' id='word_1_487' title='bbox 3113 3864 3378 3934; x_wconf 83' lang='grc' dir='ltr'>εὑρεθῶσί</span> <span class='ocrx_word' id='word_1_488' title='bbox 3407 3879 3549 3925; x_wconf 66' lang='grc' dir='ltr'>τινες</span> <span class='ocrx_word' id='word_1_489' title='bbox 3606 3862 3669 3914; x_wconf 86' lang='grc' dir='ltr'>ὲκ</span> 
     </span>
    </p>
   </div>
   <div class='ocr_carea' id='block_1_78' title="bbox 412 3947 2014 4029">
    <p class='ocr_par' dir='ltr' id='par_1_78' title="bbox 412 3947 1987 4021">
     <span class='ocr_line' id='line_1_79' title="bbox 412 3947 1987 4021; baseline 0.001 -21"><span class='ocrx_word' id='word_1_490' title='bbox 412 3948 613 4015; x_wconf 86' lang='lat' dir='ltr'><strong>reperti</strong></span> <span class='ocrx_word' id='word_1_491' title='bbox 690 3948 909 4015; x_wconf 88' lang='lat' dir='ltr'><strong>quidam</strong></span> <span class='ocrx_word' id='word_1_492' title='bbox 962 3947 1453 4018; x_wconf 60' lang='lat' dir='ltr'><strong>praefectifnerint,</strong></span> <span class='ocrx_word' id='word_1_493' title='bbox 1512 3950 1606 4021; x_wconf 93' lang='lat' dir='ltr'><strong>qui</strong></span> <span class='ocrx_word' id='word_1_494' title='bbox 1644 3950 1874 4005; x_wconf 80' lang='lat' dir='ltr'><strong>viriliter</strong></span> <span class='ocrx_word' id='word_1_495' title='bbox 1935 3949 1987 4003; x_wconf 90' lang='lat' dir='ltr'><strong>in</strong></span> 
     </span>
    </p>
   </div>
   <div class='ocr_carea' id='block_1_79' title="bbox 2067 3947 3669 4029">
    <p class='ocr_par' dir='ltr' id='par_1_79' title="bbox 2090 3955 3669 4029">
     <span class='ocr_line' id='line_1_80' title="bbox 2090 3955 3669 4029; baseline -0.003 -17"><span class='ocrx_word' id='word_1_496' title='bbox 2090 3960 2199 4013; x_wconf 92' lang='grc' dir='ltr'><strong>τῶν</strong></span> <span class='ocrx_word' id='word_1_497' title='bbox 2225 3959 2404 4012; x_wconf 78' lang='grc' dir='ltr'>αὐτῶν</span> <span class='ocrx_word' id='word_1_498' title='bbox 2462 3957 2738 4029; x_wconf 80' lang='grc' dir='ltr'>ἀρχόντων</span> <span class='ocrx_word' id='word_1_499' title='bbox 2784 3956 3047 4027; x_wconf 85' lang='grc' dir='ltr'>ἀνδρείως</span> <span class='ocrx_word' id='word_1_500' title='bbox 3081 3956 3395 4028; x_wconf 79' lang='grc' dir='ltr'>φερόμενοι,</span> <span class='ocrx_word' id='word_1_501' title='bbox 3437 3956 3465 4007; x_wconf 87' lang='grc' dir='ltr'><strong>ὁ</strong></span> <span class='ocrx_word' id='word_1_502' title='bbox 3523 3955 3669 4024; x_wconf 82' lang='grc' dir='ltr'>εὑρι-</span> 
     </span>
    </p>
   </div>
   <div class='ocr_carea' id='block_1_80' title="bbox 410 4038 2012 4117">
    <p class='ocr_par' dir='ltr' id='par_1_80' title="bbox 410 4038 1991 4111">
     <span class='ocr_line' id='line_1_81' title="bbox 410 4038 1991 4111; baseline 0.003 -19"><span class='ocrx_word' id='word_1_503' title='bbox 410 4038 622 4093; x_wconf 64' lang='grc' dir='ltr'>ιιο.ιιοιη</span> <span class='ocrx_word' id='word_1_504' title='bbox 682 4038 968 4095; x_wconf 81' lang='lat' dir='ltr'><strong>ferantur:</strong></span> <span class='ocrx_word' id='word_1_505' title='bbox 1003 4042 1081 4096; x_wconf 91' lang='lat' dir='ltr'><strong>eis</strong></span> <span class='ocrx_word' id='word_1_506' title='bbox 1114 4050 1313 4111; x_wconf 71' lang='lat' dir='ltr'><strong>prmtor</strong></span> <span class='ocrx_word' id='word_1_507' title='bbox 1362 4043 1638 4097; x_wconf 78' lang='lat' dir='ltr'><strong>exercitus</strong></span> <span class='ocrx_word' id='word_1_508' title='bbox 1683 4041 1885 4111; x_wconf 88' lang='lat' dir='ltr'><strong>aliquid</strong></span> <span class='ocrx_word' id='word_1_509' title='bbox 1923 4040 1991 4096; x_wconf 87' lang='lat' dir='ltr'><strong>de</strong></span> 
     </span>
    </p>
   </div>
   <div class='ocr_carea' id='block_1_81' title="bbox 2068 4038 3670 4117">
    <p class='ocr_par' dir='ltr' id='par_1_81' title="bbox 2093 4045 3670 4117">
     <span class='ocr_line' id='line_1_82' title="bbox 2093 4045 3670 4117; baseline -0.003 -16"><span class='ocrx_word' id='word_1_510' title='bbox 2093 4048 2359 4117; x_wconf 77' lang='grc' dir='ltr'>σχόμενος</span> <span class='ocrx_word' id='word_1_511' title='bbox 2399 4047 2699 4117; x_wconf 79' lang='grc' dir='ltr'>στρατηγὸς</span> <span class='ocrx_word' id='word_1_512' title='bbox 2730 4048 2794 4099; x_wconf 86' lang='grc' dir='ltr'>ὲκ</span> <span class='ocrx_word' id='word_1_513' title='bbox 2819 4045 2913 4099; x_wconf 89' lang='grc' dir='ltr'><strong>τοῦ</strong></span> <span class='ocrx_word' id='word_1_514' title='bbox 2944 4046 3236 4117; x_wconf 80' lang='grc' dir='ltr'>εἰρημένου</span> <span class='ocrx_word' id='word_1_515' title='bbox 3264 4046 3423 4099; x_wconf 70' lang='grc' dir='ltr'>ἕκτου</span> <span class='ocrx_word' id='word_1_516' title='bbox 3468 4046 3670 4116; x_wconf 83' lang='grc' dir='ltr'>μέρους</span> 
     </span>
    </p>
   </div>
   <div class='ocr_carea' id='block_1_82' title="bbox 412 4130 2014 4212">
    <p class='ocr_par' dir='ltr' id='par_1_82' title="bbox 412 4130 1991 4201">
     <span class='ocr_line' id='line_1_83' title="bbox 412 4130 1991 4201; baseline 0 -17"><span class='ocrx_word' id='word_1_517' title='bbox 412 4130 650 4185; x_wconf 88' lang='lat' dir='ltr'><strong>iudicata</strong></span> <span class='ocrx_word' id='word_1_518' title='bbox 684 4141 837 4185; x_wconf 80' lang='lat' dir='ltr'><strong>sexta</strong></span> <span class='ocrx_word' id='word_1_519' title='bbox 873 4141 1026 4200; x_wconf 87' lang='lat' dir='ltr'><strong>parte</strong></span> <span class='ocrx_word' id='word_1_520' title='bbox 1056 4131 1169 4185; x_wconf 80' lang='lat' dir='ltr'><strong>ﬁsci</strong></span> <span class='ocrx_word' id='word_1_521' title='bbox 1215 4132 1496 4201; x_wconf 79' lang='lat' dir='ltr'><strong>largiatur,</strong></span> <span class='ocrx_word' id='word_1_522' title='bbox 1520 4141 1576 4186; x_wconf 88' lang='lat' dir='ltr'><strong>et</strong></span> <span class='ocrx_word' id='word_1_523' title='bbox 1611 4131 1759 4201; x_wconf 90' lang='lat' dir='ltr'><strong>ipsos</strong></span> <span class='ocrx_word' id='word_1_524' title='bbox 1784 4148 1851 4187; x_wconf 82' lang='lat' dir='ltr'><strong>ex</strong></span> <span class='ocrx_word' id='word_1_525' title='bbox 1898 4146 1991 4185; x_wconf 85' lang='lat' dir='ltr'><strong>ra-</strong></span> 
     </span>
    </p>
   </div>
   <div class='ocr_carea' id='block_1_83' title="bbox 2066 4130 3668 4212">
    <p class='ocr_par' dir='ltr' id='par_1_83' title="bbox 2091 4138 3668 4212">
     <span class='ocr_line' id='line_1_84' title="bbox 2091 4138 3668 4212; baseline -0.001 -19"><span class='ocrx_word' id='word_1_526' title='bbox 2091 4140 2185 4193; x_wconf 89' lang='grc' dir='ltr'><strong>τοῦ</strong></span> <span class='ocrx_word' id='word_1_527' title='bbox 2236 4139 2496 4210; x_wconf 86' lang='grc' dir='ltr'>δημοσίου</span> <span class='ocrx_word' id='word_1_528' title='bbox 2546 4139 2635 4193; x_wconf 85' lang='grc' dir='ltr'><strong>ἴνα</strong></span> <span class='ocrx_word' id='word_1_529' title='bbox 2686 4140 2967 4212; x_wconf 81' lang='grc' dir='ltr'>παράσχῃ,</span> <span class='ocrx_word' id='word_1_530' title='bbox 3003 4138 3096 4192; x_wconf 71' lang='grc' dir='ltr'>καὶ</span> <span class='ocrx_word' id='word_1_531' title='bbox 3150 4139 3290 4194; x_wconf 79' lang='grc' dir='ltr'>κατὰ</span> <span class='ocrx_word' id='word_1_532' title='bbox 3332 4138 3397 4192; x_wconf 75' lang='grc' dir='ltr'>τὸ</span> <span class='ocrx_word' id='word_1_533' title='bbox 3462 4143 3668 4210; x_wconf 80' lang='grc' dir='ltr'>πρέπον</span> 
     </span>
    </p>
   </div>
   <div class='ocr_carea' id='block_1_84' title="bbox 415 4222 2017 4302">
    <p class='ocr_par' dir='ltr' id='par_1_84' title="bbox 415 4222 1995 4292">
     <span class='ocr_line' id='line_1_85' title="bbox 415 4222 1995 4292; baseline 0.001 -18"><span class='ocrx_word' id='word_1_534' title='bbox 415 4223 559 4277; x_wconf 85' lang='lat' dir='ltr'><strong>tione</strong></span> <span class='ocrx_word' id='word_1_535' title='bbox 588 4222 769 4277; x_wconf 87' lang='lat' dir='ltr'><strong>decori</strong></span> <span class='ocrx_word' id='word_1_536' title='bbox 802 4231 1091 4277; x_wconf 91' lang='lat' dir='ltr'><strong>sustentet.</strong></span> <span class='ocrx_word' id='word_1_537' title='bbox 1118 4222 1387 4276; x_wconf 83' lang='lat' dir='ltr'><strong>Caeterum</strong></span> <span class='ocrx_word' id='word_1_538' title='bbox 1416 4237 1513 4291; x_wconf 91' lang='lat' dir='ltr'><strong>pro</strong></span> <span class='ocrx_word' id='word_1_539' title='bbox 1544 4224 1755 4277; x_wconf 85' lang='lat' dir='ltr'><strong>ratione</strong></span> <span class='ocrx_word' id='word_1_540' title='bbox 1772 4222 1995 4292; x_wconf 85' lang='lat' dir='ltr'><strong>portio-</strong></span> 
     </span>
    </p>
   </div>
   <div class='ocr_carea' id='block_1_85' title="bbox 2068 4222 3670 4302">
    <p class='ocr_par' dir='ltr' id='par_1_85' title="bbox 2097 4229 3670 4302">
     <span class='ocr_line' id='line_1_86' title="bbox 2097 4229 3670 4302; baseline 0 -18"><span class='ocrx_word' id='word_1_541' title='bbox 2097 4233 2444 4301; x_wconf 80' lang='grc' dir='ltr'>συγκροτήσῃ</span> <span class='ocrx_word' id='word_1_542' title='bbox 2478 4229 2693 4293; x_wconf 78' lang='grc' dir='ltr'>αὐτούς.</span> <span class='ocrx_word' id='word_1_543' title='bbox 2744 4232 2903 4283; x_wconf 83' lang='grc' dir='ltr'>Κατὰ</span> <span class='ocrx_word' id='word_1_544' title='bbox 2940 4229 2997 4283; x_wconf 76' lang='grc' dir='ltr'>δὲ</span> <span class='ocrx_word' id='word_1_545' title='bbox 3031 4230 3130 4301; x_wconf 84' lang='grc' dir='ltr'><strong>τὴν</strong></span> <span class='ocrx_word' id='word_1_546' title='bbox 3165 4231 3357 4301; x_wconf 88' lang='grc' dir='ltr'>μερίδα</span> <span class='ocrx_word' id='word_1_547' title='bbox 3389 4232 3484 4284; x_wconf 90' lang='grc' dir='ltr'><strong>τοῦ</strong></span> <span class='ocrx_word' id='word_1_548' title='bbox 3517 4233 3670 4302; x_wconf 77' lang='grc' dir='ltr'>εὑρι-</span> 
     </span>
    </p>
   </div>
   <div class='ocr_carea' id='block_1_86' title="bbox 412 4312 2014 4411">
    <p class='ocr_par' dir='ltr' id='par_1_86' title="bbox 412 4312 1988 4382">
     <span class='ocr_line' id='line_1_87' title="bbox 412 4312 1988 4382; baseline -0.001 -14"><span class='ocrx_word' id='word_1_549' title='bbox 412 4314 497 4368; x_wconf 88' lang='lat' dir='ltr'><strong>nis</strong></span> <span class='ocrx_word' id='word_1_550' title='bbox 525 4326 737 4377; x_wconf 87' lang='lat' dir='ltr'><strong>eorum,</strong></span> <span class='ocrx_word' id='word_1_551' title='bbox 768 4312 861 4381; x_wconf 89' lang='lat' dir='ltr'><strong>qui</strong></span> <span class='ocrx_word' id='word_1_552' title='bbox 906 4328 1099 4382; x_wconf 78' lang='lat' dir='ltr'><strong>pugnae</strong></span> <span class='ocrx_word' id='word_1_553' title='bbox 1147 4313 1439 4379; x_wconf 90' lang='lat' dir='ltr'><strong>intersunt,</strong></span> <span class='ocrx_word' id='word_1_554' title='bbox 1506 4312 1613 4367; x_wconf 89' lang='lat' dir='ltr'><strong>erit</strong></span> <span class='ocrx_word' id='word_1_555' title='bbox 1667 4322 1721 4366; x_wconf 90' lang='lat' dir='ltr'><strong>et</strong></span> <span class='ocrx_word' id='word_1_556' title='bbox 1773 4312 1988 4367; x_wconf 84' lang='lat' dir='ltr'><strong>illorum</strong></span> 
     </span>
    </p>
   </div>
   <div class='ocr_carea' id='block_1_87' title="bbox 2065 4312 3667 4411">
    <p class='ocr_par' dir='ltr' id='par_1_87' title="bbox 2065 4312 3667 4397">
     <span class='ocr_line' id='line_1_88' title="bbox 2065 4312 3667 4397; baseline -0.001 -23"><span class='ocrx_word' id='word_1_557' title='bbox 2065 4312 2070 4397; x_wconf 38' lang='grc' dir='ltr'>μ</span> <span class='ocrx_word' id='word_1_558' title='bbox 2098 4321 2366 4391; x_wconf 84' lang='grc' dir='ltr'>σκομένου</span> <span class='ocrx_word' id='word_1_559' title='bbox 2395 4322 2475 4384; x_wconf 87' lang='grc' dir='ltr'><strong>είς</strong></span> <span class='ocrx_word' id='word_1_560' title='bbox 2510 4321 2601 4375; x_wconf 72' lang='grc' dir='ltr'><strong>τὸν</strong></span> <span class='ocrx_word' id='word_1_561' title='bbox 2640 4320 2898 4391; x_wconf 86' lang='grc' dir='ltr'>πόλεμον,</span> <span class='ocrx_word' id='word_1_562' title='bbox 2931 4320 3104 4384; x_wconf 76' lang='grc' dir='ltr'>οὕτως</span> <span class='ocrx_word' id='word_1_563' title='bbox 3134 4320 3274 4374; x_wconf 76' lang='grc' dir='ltr'>ἔστω</span> <span class='ocrx_word' id='word_1_564' title='bbox 3307 4322 3400 4374; x_wconf 64' lang='grc' dir='ltr'><strong>καί⁵</strong></span> <span class='ocrx_word' id='word_1_565' title='bbox 3444 4324 3476 4391; x_wconf 80' lang='grc' dir='ltr'>ή</span> <span class='ocrx_word' id='word_1_566' title='bbox 3511 4322 3667 4393; x_wconf 69' lang='grc' dir='ltr'>μερὶς</span> 
     </span>
    </p>
   </div>
   <div class='ocr_carea' id='block_1_88' title="bbox 412 4406 2014 4486">
    <p class='ocr_par' dir='ltr' id='par_1_88' title="bbox 412 4406 1993 4479">
     <span class='ocr_line' id='line_1_89' title="bbox 412 4406 1993 4479; baseline 0.006 -24"><span class='ocrx_word' id='word_1_567' title='bbox 412 4407 591 4476; x_wconf 77' lang='lat' dir='ltr'><strong>portio</strong></span> <span class='ocrx_word' id='word_1_568' title='bbox 612 4406 703 4477; x_wconf 92' lang='lat' dir='ltr'><strong>qui</strong></span> <span class='ocrx_word' id='word_1_569' title='bbox 737 4406 802 4461; x_wconf 88' lang='lat' dir='ltr'><strong>ad</strong></span> <span class='ocrx_word' id='word_1_570' title='bbox 841 4408 1121 4463; x_wconf 87' lang='lat' dir='ltr'><strong>tuldornm</strong></span> <span class='ocrx_word' id='word_1_571' title='bbox 1153 4410 1269 4464; x_wconf 73' lang='lat' dir='ltr'><strong>sive</strong></span> <span class='ocrx_word' id='word_1_572' title='bbox 1295 4409 1820 4479; x_wconf 67' lang='lat' dir='ltr'><strong>impedimentorum</strong></span> <span class='ocrx_word' id='word_1_573' title='bbox 1866 4422 1993 4464; x_wconf 88' lang='lat' dir='ltr'><strong>cus-</strong></span> 
     </span>
    </p>
   </div>
   <div class='ocr_carea' id='block_1_89' title="bbox 1885 4406 3487 4486">
    <p class='ocr_par' dir='ltr' id='par_1_89' title="bbox 1885 4406 3487 4486">
     <span class='ocr_line' id='line_1_90' title="bbox 1885 4406 3487 4486; baseline 0.003 -22"><span class='ocrx_word' id='word_1_574' title='bbox 1885 4422 1993 4464; x_wconf 85' lang='lat' dir='ltr'><strong>:us-</strong></span> <span class='ocrx_word' id='word_1_575' title='bbox 2018 4406 2056 4411; x_wconf 55' lang='grc'><em>’</em></span> <span class='ocrx_word' id='word_1_576' title='bbox 2096 4414 2204 4468; x_wconf 90' lang='grc' dir='ltr'><strong>τῶν</strong></span> <span class='ocrx_word' id='word_1_577' title='bbox 2237 4414 2295 4467; x_wconf 82' lang='grc' dir='ltr'>ὲν</span> <span class='ocrx_word' id='word_1_578' title='bbox 2318 4415 2429 4477; x_wconf 84' lang='grc' dir='ltr'>τοῖς</span> <span class='ocrx_word' id='word_1_579' title='bbox 2468 4413 2722 4477; x_wconf 81' lang='grc' dir='ltr'>τουῖδίοις</span> <span class='ocrx_word' id='word_1_580' title='bbox 2760 4412 3046 4486; x_wconf 83' lang='grc' dir='ltr'>[τούλδοις]</span> <span class='ocrx_word' id='word_1_581' title='bbox 3076 4415 3487 4486; x_wconf 78' lang='grc' dir='ltr'>ἀπερχομένων.</span> 
     </span>
    </p>
   </div>
   <div class='ocr_carea' id='block_1_90' title="bbox 415 4499 1104 4570">
    <p class='ocr_par' dir='ltr' id='par_1_90' title="bbox 415 4499 1104 4570">
     <span class='ocr_line' id='line_1_91' title="bbox 415 4499 1104 4570; baseline 0.006 -18"><span class='ocrx_word' id='word_1_582' title='bbox 415 4499 615 4554; x_wconf 90' lang='lat' dir='ltr'><strong>todiam</strong></span> <span class='ocrx_word' id='word_1_583' title='bbox 648 4499 1104 4570; x_wconf 56' lang='lat' dir='ltr'><strong>sese.conferunt.</strong></span> 
     </span>
    </p>
   </div>
   <div class='ocr_carea' id='block_1_91' title="bbox 975 4600 2577 4693">
    <p class='ocr_par' dir='ltr' id='par_1_91' title="bbox 975 4600 2429 4688">
     <span class='ocr_line' id='line_1_92' title="bbox 975 4600 2429 4688; baseline -0.012 0"><span class='ocrx_word' id='word_1_584' title='bbox 975 4630 1336 4688; x_wconf 86' lang='lat' dir='ltr'><strong>&#39;l‘lTULUS..</strong></span> <span class='ocrx_word' id='word_1_585' title='bbox 1364 4672 1379 4686; x_wconf 93' lang='lat'><strong>.</strong></span> <span class='ocrx_word' id='word_1_586' title='bbox 1409 4671 1422 4683; x_wconf 95' lang='lat'><strong>.</strong></span> <span class='ocrx_word' id='word_1_587' title='bbox 2426 4600 2429 4603; x_wconf 84' lang='grc'><em>’</em></span> 
     </span>
    </p>
   </div>
   <div class='ocr_carea' id='block_1_92' title="bbox 1502 4600 3104 4693">
    <p class='ocr_par' dir='ltr' id='par_1_92' title="bbox 2426 4600 3104 4693">
     <span class='ocr_line' id='line_1_93' title="bbox 2426 4600 3104 4693; baseline 0.009 -6"><span class='ocrx_word' id='word_1_588' title='bbox 2426 4600 2429 4603; x_wconf 59' lang='grc'><em>’</em></span> <span class='ocrx_word' id='word_1_589' title='bbox 2674 4626 2923 4690; x_wconf 75' lang='grc' dir='ltr'>ΤιτΛοΣ</span> <span class='ocrx_word' id='word_1_590' title='bbox 2954 4679 2967 4693; x_wconf 95' lang='grc'>.</span> <span class='ocrx_word' id='word_1_591' title='bbox 2998 4678 3010 4693; x_wconf 94' lang='grc'>.</span> <span class='ocrx_word' id='word_1_592' title='bbox 3042 4677 3056 4692; x_wconf 95' lang='grc'>.</span> <span class='ocrx_word' id='word_1_593' title='bbox 3090 4676 3104 4692; x_wconf 94' lang='grc'>.</span> 
     </span>
    </p>
   </div>
   <div class='ocr_carea' id='block_1_93' title="bbox 415 4768 2017 4842">
    <p class='ocr_par' dir='ltr' id='par_1_93' title="bbox 415 4768 1990 4842">
     <span class='ocr_line' id='line_1_94' title="bbox 415 4768 1990 4842; baseline 0.001 -17"><span class='ocrx_word' id='word_1_594' title='bbox 415 4769 505 4842; x_wconf 68' lang='lat' dir='ltr'><strong>De</strong></span> <span class='ocrx_word' id='word_1_595' title='bbox 554 4768 839 4842; x_wconf 75' lang='lat' dir='ltr'><strong>militibus.</strong></span> <span class='ocrx_word' id='word_1_596' title='bbox 877 4770 969 4840; x_wconf 84' lang='lat' dir='ltr'><strong>qui</strong></span> <span class='ocrx_word' id='word_1_597' title='bbox 998 4770 1177 4842; x_wconf 73' lang='lat' dir='ltr'><strong>generi</strong></span> <span class='ocrx_word' id='word_1_598' title='bbox 1210 4782 1355 4835; x_wconf 76' lang='lat' dir='ltr'><strong>sunt,</strong></span> <span class='ocrx_word' id='word_1_599' title='bbox 1378 4780 1427 4823; x_wconf 80' lang='lat' dir='ltr'><strong>et</strong></span> <span class='ocrx_word' id='word_1_600' title='bbox 1475 4786 1777 4825; x_wconf 73' lang='lat' dir='ltr'><strong>socerorum</strong></span> <span class='ocrx_word' id='word_1_601' title='bbox 1808 4771 1990 4826; x_wconf 77' lang='lat' dir='ltr'><strong>domos</strong></span> 
     </span>
    </p>
   </div>
   <div class='ocr_carea' id='block_1_94' title="bbox 2072 4768 3674 4842">
    <p class='ocr_par' dir='ltr' id='par_1_94' title="bbox 2096 4768 3674 4842">
     <span class='ocr_line' id='line_1_95' title="bbox 2096 4768 3674 4842; baseline -0.004 -14"><span class='ocrx_word' id='word_1_602' title='bbox 2096 4773 2238 4842; x_wconf 81' lang='grc' dir='ltr'>Περὶ</span> <span class='ocrx_word' id='word_1_603' title='bbox 2293 4770 2566 4842; x_wconf 70' lang='grc' dir='ltr'>γαμϐρῶν</span> <span class='ocrx_word' id='word_1_604' title='bbox 2636 4768 3033 4842; x_wconf 62' lang='grc' dir='ltr'>στρατιωτῶν,</span> <span class='ocrx_word' id='word_1_605' title='bbox 3106 4773 3543 4840; x_wconf 78' lang='grc' dir='ltr'>είσερχομενων</span> <span class='ocrx_word' id='word_1_606' title='bbox 3582 4772 3674 4842; x_wconf 65' lang='grc' dir='ltr'>εἷς</span> 
     </span>
    </p>
   </div>
   <div class='ocr_carea' id='block_1_95' title="bbox 486 4839 2088 4909">
    <p class='ocr_par' dir='ltr' id='par_1_95' title="bbox 486 4839 1996 4909">
     <span class='ocr_line' id='line_1_96' title="bbox 486 4839 1996 4909; baseline 0.003 -17"><span class='ocrx_word' id='word_1_607' title='bbox 486 4839 957 4909; x_wconf 78' lang='lat' dir='ltr'><strong>ittgrediuntur,ct</strong></span> <span class='ocrx_word' id='word_1_608' title='bbox 999 4840 1231 4899; x_wconf 71' lang='lat' dir='ltr'><strong>inferunt</strong></span> <span class='ocrx_word' id='word_1_609' title='bbox 1275 4842 1545 4905; x_wconf 76' lang='lat' dir='ltr'><strong>stipendia</strong></span> <span class='ocrx_word' id='word_1_610' title='bbox 1587 4858 1707 4909; x_wconf 78' lang='lat' dir='ltr'><strong>sua,</strong></span> <span class='ocrx_word' id='word_1_611' title='bbox 1761 4843 1996 4897; x_wconf 75' lang='lat' dir='ltr'><strong>labores-</strong></span> 
     </span>
    </p>
   </div>
   <div class='ocr_carea' id='block_1_96' title="bbox 2071 4839 3673 4909">
    <p class='ocr_par' dir='ltr' id='par_1_96' title="bbox 2174 4839 3673 4909">
     <span class='ocr_line' id='line_1_97' title="bbox 2174 4839 3673 4909; baseline -0.003 -13"><span class='ocrx_word' id='word_1_612' title='bbox 2174 4839 2399 4907; x_wconf 65' lang='grc' dir='ltr'>οἴκους,</span> <span class='ocrx_word' id='word_1_613' title='bbox 2450 4842 2547 4893; x_wconf 75' lang='grc' dir='ltr'>καὶ</span> <span class='ocrx_word' id='word_1_614' title='bbox 2598 4840 3000 4907; x_wconf 68' lang='grc' dir='ltr'>εἰσφερόντων</span> <span class='ocrx_word' id='word_1_615' title='bbox 3055 4842 3162 4907; x_wconf 86' lang='grc' dir='ltr'>τὰς</span> <span class='ocrx_word' id='word_1_616' title='bbox 3212 4843 3400 4909; x_wconf 72' lang='grc' dir='ltr'>,ρόγιις</span> <span class='ocrx_word' id='word_1_617' title='bbox 3453 4840 3673 4906; x_wconf 75' lang='grc' dir='ltr'>αὐτῶν,</span> 
     </span>
    </p>
   </div>
   <div class='ocr_carea' id='block_1_97' title="bbox 489 4911 2091 4987">
    <p class='ocr_par' dir='ltr' id='par_1_97' title="bbox 489 4912 900 4981">
     <span class='ocr_line' id='line_1_98' title="bbox 489 4912 900 4981; baseline 0.007 -19"><span class='ocrx_word' id='word_1_618' title='bbox 489 4927 591 4981; x_wconf 83' lang='lat' dir='ltr'><strong>que</strong></span> <span class='ocrx_word' id='word_1_619' title='bbox 620 4912 900 4965; x_wconf 74' lang='lat' dir='ltr'><strong>sustinent.</strong></span> 
     </span>
    </p>
   </div>
   <div class='ocr_carea' id='block_1_98' title="bbox 1714 4911 3316 4987">
    <p class='ocr_par' dir='ltr' id='par_1_98' title="bbox 2173 4911 3093 4981">
     <span class='ocr_line' id='line_1_99' title="bbox 2173 4911 3093 4981; baseline -0.005 -13"><span class='ocrx_word' id='word_1_620' title='bbox 2173 4914 2274 4967; x_wconf 81' lang='grc' dir='ltr'><strong>καί</strong></span> <span class='ocrx_word' id='word_1_621' title='bbox 2318 4911 2622 4981; x_wconf 80' lang='grc' dir='ltr'>καμάτους</span> <span class='ocrx_word' id='word_1_622' title='bbox 2650 4911 3004 4963; x_wconf 79' lang='grc' dir='ltr'>ποιούντων.</span> <span class='ocrx_word' id='word_1_623' title='bbox 3090 4944 3093 4949; x_wconf 77' lang='lat'><strong>~</strong></span> 
     </span>
    </p>
   </div>
   <div class='ocr_carea' id='block_1_99' title="bbox 489 4997 2091 5094">
    <p class='ocr_par' dir='ltr' id='par_1_99' title="bbox 489 4997 1995 5092">
     <span class='ocr_line' id='line_1_100' title="bbox 489 4997 1995 5092; baseline 0.001 -17"><span class='ocrx_word' id='word_1_624' title='bbox 489 5021 808 5076; x_wconf 87' lang='lat' dir='ltr'><strong>Statuerunt</strong></span> <span class='ocrx_word' id='word_1_625' title='bbox 847 5022 919 5091; x_wconf 89' lang='lat' dir='ltr'><strong>pii</strong></span> <span class='ocrx_word' id='word_1_626' title='bbox 973 5031 1029 5077; x_wconf 90' lang='lat' dir='ltr'><strong>et</strong></span> <span class='ocrx_word' id='word_1_627' title='bbox 1071 4997 1583 5091; x_wconf 79' lang='lat' dir='ltr'><strong>amantesjnstitiae</strong></span> <span class='ocrx_word' id='word_1_628' title='bbox 1636 5022 1995 5092; x_wconf 87' lang='lat' dir='ltr'><strong>imperatores</strong></span> 
     </span>
    </p>
   </div>
   <div class='ocr_carea' id='block_1_100' title="bbox 2072 4997 3674 5094">
    <p class='ocr_par' dir='ltr' id='par_1_100' title="bbox 2181 5020 3674 5094">
     <span class='ocr_line' id='line_1_101' title="bbox 2181 5020 3674 5094; baseline -0.003 -17"><span class='ocrx_word' id='word_1_629' title='bbox 2181 5025 2447 5094; x_wconf 87' lang='grc' dir='ltr'>Ἔκριναν</span> <span class='ocrx_word' id='word_1_630' title='bbox 2479 5025 2526 5077; x_wconf 84' lang='grc' dir='ltr'>οἱ</span> <span class='ocrx_word' id='word_1_631' title='bbox 2558 5021 2803 5083; x_wconf 76' lang='grc' dir='ltr'>εὐσεϐεῖς</span> <span class='ocrx_word' id='word_1_632' title='bbox 2851 5022 2942 5074; x_wconf 73' lang='grc' dir='ltr'>καὶ</span> <span class='ocrx_word' id='word_1_633' title='bbox 2976 5020 3295 5089; x_wconf 75' lang='grc' dir='ltr'>φιλοδίκαιοι</span> <span class='ocrx_word' id='word_1_634' title='bbox 3333 5022 3490 5091; x_wconf 84' lang='grc' dir='ltr'>ήμῶν</span> <span class='ocrx_word' id='word_1_635' title='bbox 3522 5021 3674 5091; x_wconf 83' lang='grc' dir='ltr'>βασι-</span> 
     </span>
    </p>
   </div>
   <div class='ocr_carea' id='block_1_101' title="bbox 418 5112 2020 5186">
    <p class='ocr_par' dir='ltr' id='par_1_101' title="bbox 418 5114 1995 5186">
     <span class='ocr_line' id='line_1_102' title="bbox 418 5114 1995 5186; baseline 0 -16"><span class='ocrx_word' id='word_1_636' title='bbox 418 5114 797 5183; x_wconf 80' lang='lat' dir='ltr'><strong>nostri,juxta</strong></span> <span class='ocrx_word' id='word_1_637' title='bbox 827 5114 1107 5186; x_wconf 81' lang='lat' dir='ltr'><strong>religiosas</strong></span> <span class='ocrx_word' id='word_1_638' title='bbox 1138 5114 1305 5183; x_wconf 86' lang='lat' dir='ltr'><strong>leges,</strong></span> <span class='ocrx_word' id='word_1_639' title='bbox 1363 5125 1422 5168; x_wconf 94' lang='lat' dir='ltr'><strong>ut</strong></span> <span class='ocrx_word' id='word_1_640' title='bbox 1475 5130 1663 5170; x_wconf 87' lang='lat' dir='ltr'><strong>omnes</strong></span> <span class='ocrx_word' id='word_1_641' title='bbox 1712 5116 1834 5185; x_wconf 82' lang='lat' dir='ltr'><strong>quis</strong></span> <span class='ocrx_word' id='word_1_642' title='bbox 1878 5130 1995 5184; x_wconf 89' lang='lat' dir='ltr'><strong>spe-</strong></span> 
     </span>
    </p>
   </div>
   <div class='ocr_carea' id='block_1_102' title="bbox 2076 5112 3678 5186">
    <p class='ocr_par' dir='ltr' id='par_1_102' title="bbox 2105 5112 3678 5184">
     <span class='ocr_line' id='line_1_103' title="bbox 2105 5112 3678 5184; baseline -0.003 -15"><span class='ocrx_word' id='word_1_643' title='bbox 2105 5116 2218 5179; x_wconf 82' lang='grc' dir='ltr'>λεῖς</span> <span class='ocrx_word' id='word_1_644' title='bbox 2248 5115 2387 5169; x_wconf 85' lang='grc' dir='ltr'>κατὰ</span> <span class='ocrx_word' id='word_1_645' title='bbox 2412 5115 2537 5177; x_wconf 81' lang='grc' dir='ltr'>τοὺς</span> <span class='ocrx_word' id='word_1_646' title='bbox 2563 5113 2805 5174; x_wconf 79' lang='grc' dir='ltr'>εὐσεϐεῖς</span> <span class='ocrx_word' id='word_1_647' title='bbox 2834 5113 3051 5182; x_wconf 82' lang='grc' dir='ltr'>νόμους,</span> <span class='ocrx_word' id='word_1_648' title='bbox 3091 5112 3176 5165; x_wconf 79' lang='grc' dir='ltr'><strong>ἵνα</strong></span> <span class='ocrx_word' id='word_1_649' title='bbox 3202 5113 3375 5166; x_wconf 77' lang='grc' dir='ltr'>πάντα</span> <span class='ocrx_word' id='word_1_650' title='bbox 3406 5131 3511 5177; x_wconf 86' lang='grc' dir='ltr'>τις,</span> <span class='ocrx_word' id='word_1_651' title='bbox 3536 5114 3678 5184; x_wconf 72' lang='grc' dir='ltr'>ειπερ</span> 
     </span>
    </p>
   </div>
   <div class='ocr_carea' id='block_1_103' title="bbox 421 5202 2023 5280">
    <p class='ocr_par' dir='ltr' id='par_1_103' title="bbox 421 5206 1999 5275">
     <span class='ocr_line' id='line_1_104' title="bbox 421 5206 1999 5275; baseline -0.001 -14"><span class='ocrx_word' id='word_1_652' title='bbox 421 5208 532 5262; x_wconf 84' lang='lat' dir='ltr'><strong>cies</strong></span> <span class='ocrx_word' id='word_1_653' title='bbox 560 5216 611 5261; x_wconf 89' lang='lat' dir='ltr'><strong>et</strong></span> <span class='ocrx_word' id='word_1_654' title='bbox 635 5222 742 5269; x_wconf 89' lang='lat' dir='ltr'><strong>res,</strong></span> <span class='ocrx_word' id='word_1_655' title='bbox 771 5221 907 5275; x_wconf 88' lang='lat' dir='ltr'><strong>quas</strong></span> <span class='ocrx_word' id='word_1_656' title='bbox 938 5208 989 5261; x_wconf 92' lang='lat' dir='ltr'><strong>in</strong></span> <span class='ocrx_word' id='word_1_657' title='bbox 1016 5206 1279 5275; x_wconf 82' lang='lat' dir='ltr'><strong>ejusmodi</strong></span> <span class='ocrx_word' id='word_1_658' title='bbox 1304 5206 1523 5262; x_wconf 88' lang='lat' dir='ltr'><strong>domum</strong></span> <span class='ocrx_word' id='word_1_659' title='bbox 1552 5206 1750 5269; x_wconf 82' lang='lat' dir='ltr'><strong>intulit,</strong></span> <span class='ocrx_word' id='word_1_660' title='bbox 1798 5208 1875 5261; x_wconf 91' lang='lat' dir='ltr'><strong>sic</strong></span> <span class='ocrx_word' id='word_1_661' title='bbox 1905 5224 1999 5260; x_wconf 88' lang='lat' dir='ltr'><strong>an-</strong></span> 
     </span>
    </p>
   </div>
   <div class='ocr_carea' id='block_1_104' title="bbox 2075 5202 3677 5280">
    <p class='ocr_par' dir='ltr' id='par_1_104' title="bbox 2107 5202 3677 5280">
     <span class='ocr_line' id='line_1_105' title="bbox 2107 5202 3677 5280; baseline -0.004 -19"><span class='ocrx_word' id='word_1_662' title='bbox 2107 5210 2400 5280; x_wconf 82' lang='grc' dir='ltr'>εἰσήγαγεν</span> <span class='ocrx_word' id='word_1_663' title='bbox 2439 5206 2553 5275; x_wconf 81' lang='grc' dir='ltr'>εῐδη</span> <span class='ocrx_word' id='word_1_664' title='bbox 2584 5206 2675 5258; x_wconf 68' lang='grc' dir='ltr'><strong>καὶ</strong></span> <span class='ocrx_word' id='word_1_665' title='bbox 2708 5204 3006 5273; x_wconf 75' lang='grc' dir='ltr'>πράγματα</span> <span class='ocrx_word' id='word_1_666' title='bbox 3033 5204 3090 5255; x_wconf 85' lang='grc' dir='ltr'>ὲν</span> <span class='ocrx_word' id='word_1_667' title='bbox 3143 5203 3221 5273; x_wconf 82' lang='grc' dir='ltr'>τῷ</span> <span class='ocrx_word' id='word_1_668' title='bbox 3266 5202 3489 5275; x_wconf 75' lang='grc' dir='ltr'>τοιούτῳ</span> <span class='ocrx_word' id='word_1_669' title='bbox 3522 5203 3677 5274; x_wconf 82' lang='grc' dir='ltr'>οἴκῳ,</span> 
     </span>
    </p>
   </div>
   <div class='ocr_carea' id='block_1_105' title="bbox 420 5296 2022 5372">
    <p class='ocr_par' dir='ltr' id='par_1_105' title="bbox 420 5298 2000 5368">
     <span class='ocr_line' id='line_1_106' title="bbox 420 5298 2000 5368; baseline 0 -14"><span class='ocrx_word' id='word_1_670' title='bbox 420 5298 580 5364; x_wconf 76' lang='lat' dir='ltr'><strong>ferat,</strong></span> <span class='ocrx_word' id='word_1_671' title='bbox 607 5298 812 5354; x_wconf 84' lang='lat' dir='ltr'><strong>utnihil</strong></span> <span class='ocrx_word' id='word_1_672' title='bbox 854 5299 1011 5355; x_wconf 75' lang='lat' dir='ltr'><strong>exiis</strong></span> <span class='ocrx_word' id='word_1_673' title='bbox 1034 5299 1173 5354; x_wconf 90' lang='lat' dir='ltr'><strong>desit</strong></span> <span class='ocrx_word' id='word_1_674' title='bbox 1206 5315 1219 5365; x_wconf 91' lang='lat'><strong>;</strong></span> <span class='ocrx_word' id='word_1_675' title='bbox 1261 5308 1370 5352; x_wconf 89' lang='lat' dir='ltr'><strong>tttm</strong></span> <span class='ocrx_word' id='word_1_676' title='bbox 1401 5298 1659 5368; x_wconf 81' lang='lat' dir='ltr'><strong>quidquid</strong></span> <span class='ocrx_word' id='word_1_677' title='bbox 1702 5314 1822 5353; x_wconf 88' lang='lat' dir='ltr'><strong>eam</strong></span> <span class='ocrx_word' id='word_1_678' title='bbox 1871 5314 2000 5354; x_wconf 89' lang='lat' dir='ltr'><strong>con-</strong></span> 
     </span>
    </p>
   </div>
   <div class='ocr_carea' id='block_1_106' title="bbox 2079 5296 3681 5372">
    <p class='ocr_par' dir='ltr' id='par_1_106' title="bbox 2108 5296 3681 5372">
     <span class='ocr_line' id='line_1_107' title="bbox 2108 5296 3681 5372; baseline -0.005 -16"><span class='ocrx_word' id='word_1_679' title='bbox 2108 5303 2287 5372; x_wconf 80' lang='grc' dir='ltr'>ὲπάρῃ</span> <span class='ocrx_word' id='word_1_680' title='bbox 2319 5300 2668 5362; x_wconf 85' lang='grc' dir='ltr'>ἀνελλειπῶς,</span> <span class='ocrx_word' id='word_1_681' title='bbox 2704 5300 2798 5351; x_wconf 78' lang='grc' dir='ltr'>καὶ</span> <span class='ocrx_word' id='word_1_682' title='bbox 2846 5299 3060 5367; x_wconf 84' lang='grc' dir='ltr'>εῐτιπερ</span> <span class='ocrx_word' id='word_1_683' title='bbox 3092 5299 3232 5368; x_wconf 77' lang='grc' dir='ltr'>φανῇ</span> <span class='ocrx_word' id='word_1_684' title='bbox 3286 5297 3534 5368; x_wconf 76' lang='grc' dir='ltr'>ἐσχηκὼς</span> <span class='ocrx_word' id='word_1_685' title='bbox 3572 5296 3681 5351; x_wconf 84' lang='grc' dir='ltr'><strong>ἀπὸ</strong></span> 
     </span>
    </p>
   </div>
   <div class='ocr_carea' id='block_1_107' title="bbox 421 5388 2023 5463">
    <p class='ocr_par' dir='ltr' id='par_1_107' title="bbox 421 5389 2000 5461">
     <span class='ocr_line' id='line_1_108' title="bbox 421 5389 2000 5461; baseline 0.001 -18"><span class='ocrx_word' id='word_1_686' title='bbox 421 5390 709 5445; x_wconf 71' lang='grc' dir='ltr'>ειίιετίιοι</span> <span class='ocrx_word' id='word_1_687' title='bbox 750 5390 1127 5461; x_wconf 83' lang='lat' dir='ltr'><strong>largitionibus</strong></span> <span class='ocrx_word' id='word_1_688' title='bbox 1154 5390 1539 5460; x_wconf 87' lang='lat' dir='ltr'><strong>imperatoriis,</strong></span> <span class='ocrx_word' id='word_1_689' title='bbox 1582 5399 1635 5444; x_wconf 92' lang='lat' dir='ltr'><strong>ct</strong></span> <span class='ocrx_word' id='word_1_690' title='bbox 1676 5389 1850 5459; x_wconf 84' lang='lat' dir='ltr'><strong>gladio</strong></span> <span class='ocrx_word' id='word_1_691' title='bbox 1902 5406 2000 5445; x_wconf 90' lang='lat' dir='ltr'><strong>suo</strong></span> 
     </span>
    </p>
   </div>
   <div class='ocr_carea' id='block_1_108' title="bbox 2080 5388 3682 5463">
    <p class='ocr_par' dir='ltr' id='par_1_108' title="bbox 2112 5388 3682 5463">
     <span class='ocr_line' id='line_1_109' title="bbox 2112 5388 3682 5463; baseline -0.003 -17"><span class='ocrx_word' id='word_1_692' title='bbox 2112 5392 2403 5463; x_wconf 75' lang='grc' dir='ltr'>βασιλικῶν</span> <span class='ocrx_word' id='word_1_693' title='bbox 2432 5391 2791 5462; x_wconf 83' lang='grc' dir='ltr'>δωρημάτων,</span> <span class='ocrx_word' id='word_1_694' title='bbox 2839 5390 2935 5443; x_wconf 74' lang='grc' dir='ltr'>καὶ</span> <span class='ocrx_word' id='word_1_695' title='bbox 2990 5391 3053 5442; x_wconf 82' lang='grc' dir='ltr'>ὲκ</span> <span class='ocrx_word' id='word_1_696' title='bbox 3095 5388 3189 5440; x_wconf 81' lang='grc' dir='ltr'><strong>τοῦ</strong></span> <span class='ocrx_word' id='word_1_697' title='bbox 3217 5390 3449 5443; x_wconf 76' lang='grc' dir='ltr'>σπαθίου</span> <span class='ocrx_word' id='word_1_698' title='bbox 3492 5388 3682 5453; x_wconf 80' lang='grc' dir='ltr'>αὐτοῦ,</span> 
     </span>
    </p>
   </div>
   <div class='ocr_carea' id='block_1_109' title="bbox 500 5565 3679 5638">
    <p class='ocr_par' dir='ltr' id='par_1_109' title="bbox 500 5565 3679 5638">
     <span class='ocr_line' id='line_1_110' title="bbox 500 5565 3679 5638; baseline 0 -19"><span class='ocrx_word' id='word_1_699' title='bbox 500 5567 578 5638; x_wconf 58' lang='grc'><strong>(4)</strong></span> <span class='ocrx_word' id='word_1_700' title='bbox 613 5569 671 5638; x_wconf 75' lang='grc' dir='ltr'><strong>ιιι</strong></span> <span class='ocrx_word' id='word_1_701' title='bbox 700 5578 803 5632; x_wconf 90' lang='lat' dir='ltr'><strong>est,</strong></span> <span class='ocrx_word' id='word_1_702' title='bbox 835 5569 1123 5623; x_wconf 87' lang='lat' dir='ltr'><strong>cadavera.</strong></span> <span class='ocrx_word' id='word_1_703' title='bbox 1355 5637 1358 5638; x_wconf 17' lang='grc' dir='ltr'><em>ν</em></span> <span class='ocrx_word' id='word_1_704' title='bbox 1511 5637 1519 5638; x_wconf 16' lang='grc' dir='ltr'>ί</span> <span class='ocrx_word' id='word_1_705' title='bbox 2117 5569 2379 5625; x_wconf 72' lang='lat' dir='ltr'><strong>Dill’ernnt</strong></span> <span class='ocrx_word' id='word_1_706' title='bbox 2412 5570 2523 5622; x_wconf 69' lang='lat' dir='ltr'><strong>haec</strong></span> <span class='ocrx_word' id='word_1_707' title='bbox 2556 5569 2773 5638; x_wconf 81' lang='lat' dir='ltr'><strong>quidem</strong></span> <span class='ocrx_word' id='word_1_708' title='bbox 2812 5569 2877 5622; x_wconf 83' lang='lat' dir='ltr'><strong>ah</strong></span> <span class='ocrx_word' id='word_1_709' title='bbox 2935 5568 3017 5631; x_wconf 77' lang='lat' dir='ltr'><strong>iis,</strong></span> <span class='ocrx_word' id='word_1_710' title='bbox 3053 5582 3170 5638; x_wconf 73' lang='lat' dir='ltr'><strong>quae</strong></span> <span class='ocrx_word' id='word_1_711' title='bbox 3210 5565 3363 5619; x_wconf 86' lang='lat' dir='ltr'><strong>titulo</strong></span> <span class='ocrx_word' id='word_1_712' title='bbox 3394 5566 3504 5621; x_wconf 76' lang='lat' dir='ltr'><strong>LVI</strong></span> <span class='ocrx_word' id='word_1_713' title='bbox 3536 5565 3679 5630; x_wconf 80' lang='lat' dir='ltr'><strong>libri,</strong></span> 
     </span>
    </p>
   </div>
   <div class='ocr_carea' id='block_1_110' title="bbox 492 5636 3599 5712">
    <p class='ocr_par' dir='ltr' id='par_1_110' title="bbox 492 5636 3599 5712">
     <span class='ocr_line' id='line_1_111' title="bbox 492 5636 3599 5712; baseline 0 -23"><span class='ocrx_word' id='word_1_714' title='bbox 492 5637 574 5712; x_wconf 74' lang='grc' dir='ltr'><strong>(ὅ)</strong></span> <span class='ocrx_word' id='word_1_715' title='bbox 626 5637 894 5692; x_wconf 84' lang='lat' dir='ltr'><strong>luccrlum</strong></span> <span class='ocrx_word' id='word_1_716' title='bbox 931 5638 1089 5708; x_wconf 84' lang='lat' dir='ltr'><strong>cujus</strong></span> <span class='ocrx_word' id='word_1_717' title='bbox 1135 5637 1311 5707; x_wconf 79' lang='lat' dir='ltr'><strong>operis</strong></span> <span class='ocrx_word' id='word_1_718' title='bbox 1350 5637 1449 5694; x_wconf 88' lang='lat' dir='ltr'><strong>huc</strong></span> <span class='ocrx_word' id='word_1_719' title='bbox 1501 5637 1860 5704; x_wconf 77' lang='lat' dir='ltr'><strong>fragmentum</strong></span> <span class='ocrx_word' id='word_1_720' title='bbox 1904 5638 2000 5695; x_wconf 84' lang='lat' dir='ltr'><strong>sit.</strong></span> <span class='ocrx_word' id='word_1_721' title='bbox 2111 5640 2263 5709; x_wconf 83' lang='lat' dir='ltr'><strong>cujus</strong></span> <span class='ocrx_word' id='word_1_722' title='bbox 2288 5650 2340 5696; x_wconf 86' lang='lat' dir='ltr'><strong>et</strong></span> <span class='ocrx_word' id='word_1_723' title='bbox 2374 5640 2507 5695; x_wconf 87' lang='lat' dir='ltr'><strong>alios</strong></span> <span class='ocrx_word' id='word_1_724' title='bbox 2540 5636 2626 5694; x_wconf 83' lang='lat' dir='ltr'><strong>hic</strong></span> <span class='ocrx_word' id='word_1_725' title='bbox 2659 5640 2841 5694; x_wconf 82' lang='lat' dir='ltr'><strong>titulos</strong></span> <span class='ocrx_word' id='word_1_726' title='bbox 2862 5638 3127 5703; x_wconf 82' lang='lat' dir='ltr'><strong>dedimus,</strong></span> <span class='ocrx_word' id='word_1_727' title='bbox 3160 5636 3429 5707; x_wconf 81' lang='lat' dir='ltr'><strong>leguntur.</strong></span> <span class='ocrx_word' id='word_1_728' title='bbox 3594 5650 3599 5655; x_wconf 83' lang='lat'><em>&#39;</em></span> 
     </span>
    </p>
   </div>
  </div>
