4056 6210
430 296 534 357 555

1454 282 1960 344 CONSTANTINI
1993 276 2677 341 PORPHYROGENITI

3576 279 3687 340 1:36

432 418 575 475 neat,
603 417 663 463 ut
700 416 753 463 et
777 406 988 461 illorum
1012 399 1352 455 habitatores
1378 406 1432 451 et
1482 410 1829 466 possessores
1863 395 2004 449 inter

2120 394 2254 463 (είας
2285 394 2363 464 τῷ
2394 392 2703 447 ἐκποιοῦντι
2744 394 2834 445 καὶ
2871 394 2934 462 τῇ
2967 392 3133 445 αὑτοῦ
3170 392 3423 463 φαμιλίᾳ,
3458 394 3518 446 οὐ
3549 398 3689 447 κατὰ

432 519 491 559 se
520 504 609 573 jus
636 494 963 569 praelationis
987 492 1245 547 habeant.
1270 491 1341 544 At
1370 489 1414 543 sl
1444 488 1780 558 repudiarint
1815 500 2004 543 omnes

432 595 629 662 quibus
669 598 755 645 est
807 597 1066 642 concessa
1119 582 1501 653 praerogativa,
1574 579 1661 635 vel
1724 581 2003 649 probatum

431 684 591 738 fuerit
618 694 712 735 eos
744 674 1042 748 pecuniarii
1072 673 1278 738 damni,
1312 672 1394 726 vel
1425 669 1743 726 insidiarunt
1775 668 1996 736 corpori

434 780 786 837 struetarum,
829 768 914 823 vel
957 767 1160 822 atrocis
1198 764 1436 820 infamia:
1484 772 1735 818 auctores
1787 761 1861 816 illi
1908 776 2004 816 ex-

428 859 658 922 stitisse,
689 857 778 926 qui
807 870 919 911 rem
965 854 1187 919 alienat,
1234 853 1461 924 ejusque
1492 851 1750 917 familiae,
1805 865 1901 905 nec
1954 850 2005 905 id

432 938 679 1015 for'tuito,
704 951 797 1003 sed
826 948 950 1002 data
978 961 1164 1016 opera,
1196 960 1292 1015 per
1320 959 1401 1009 se,
1434 944 1515 999 vel
1543 959 1637 1013 per
1665 942 1912 998 homines
1939 943 2008 997 ad

430 1059 491 1098 se
542 1041 876 1113 pertinentes
906 1056 921 1093 ς
958 1040 1092 1093 tales
1125 1052 1189 1092 eo
1234 1037 1425 1101 invito,
1455 1036 1547 1105 qui
1585 1034 1847 1105 ejusmodi
1884 1048 2009 1104 per-

430 1146 622 1201 pessus
660 1138 767 1196 est,
800 1129 951 1185 nullo
982 1127 1143 1183 modo
1172 1127 1240 1182 ad
1298 1126 1467 1196 ipsius
1496 1125 1757 1195 praedium
1811 1139 2007 1195 perve—

435 1225 552 1277 nire
593 1221 859 1277 volumus.
892 1220 971 1276 Ex
1039 1233 1204 1275 causa
1228 1227 1402 1274 tamen
1431 1218 1598 1282 dotis,
1634 1227 1728 1272 aut
1759 1217 2007 1273 donatio-

436 1317 519 1370 nis
549 1324 773 1384 propter
823 1313 1064 1383 nuptias,
1092 1322 1189 1367 aut
1236 1311 1499 1381 simplicis
1532 1310 1792 1365 mortisve
1842 1324 2006 1365 causa

441 1404 777 1469 donationis,
809 1412 902 1458 aut
924 1416 992 1457 ex
1017 1410 1343 1458 testamento
1379 1401 1464 1457 vel
1483 1403 1900 1472 permutatione,
1927 1400 2009 1455 vel

438 1496 829 1563 transactione,
849 1506 955 1551 tam
978 1496 1265 1567 propinqui
1310 1509 1523 1561 omnes,
1556 1509 1718 1564 quam
1737 1493 2004 1561 extranei,

436 1586 678 1643 alienare
701 1595 930 1657 possunt
958 1604 971 1641 :
1000 1587 1165 1642 modo
1185 1600 1250 1641 ne
1272 1588 1394 1657 quis
1416 1600 1511 1657 per
1532 1586 1931 1642 simulationem
1950 1601 2010 1642 re

435 1675 575 1731 clam
604 1676 671 1731 iis
705 1677 922 1732 vendita
951 1675 1035 1731 vel
1071 1675 1267 1742 locata,
1295 1676 1389 1748 qui
1440 1675 1644 1731 nullum
1679 1676 2009 1746 prmlationis

430 1767 521 1835 jus
553 1766 775 1835 habent,
806 1767 985 1839 palam
1027 1782 1089 1824 se
1116 1768 1343 1834 donare,
1386 1768 1469 1824 vel
1512 1769 1715 1839 legare,
1747 1772 1832 1826 vel
1876 1772 2007 1841 quid

435 1858 583 1914 aliud
611 1873 823 1926 eorum,
855 1874 975 1930 qua:
997 1871 1418 1916 commemorata
1443 1870 1589 1928 sunt,
1628 1876 1737 1931 prae
1754 1877 1812 1918 se
1846 1863 2005 1918 ferat.

436 1949 571 2007 Nam
600 1960 890 2022 propterea
920 1954 1013 2021 qui
1047 1951 1397 2022 privilegium
1438 1953 1770 2021 praelationis
1788 1954 2005 2022 habent,

440 2050 548 2097 tant
579 2058 607 2097 a
638 2043 821 2112 dante,
854 2057 1016 2111 quam
1054 2041 1121 2096 ab
1145 2042 1466 2113 accipiente,
1494 2042 1869 2113 jusjurandum
1891 2045 2007 2099 exi-

442 2148 568 2206 gere
602 2143 846 2204 possunt.
902 2132 958 2189 Si
987 2149 1112 2189 vero
1133 2134 1223 2204 qui
1242 2134 1500 2200 alienant,
1529 2135 1581 2189 in
1614 2135 1856 2190 fraudem
1881 2136 2015 2206 legis

443 2226 642 2280 nostra:
662 2224 807 2280 aliud
825 2225 952 2295 quid
983 2240 1142 2295 agere
1165 2223 1367 2281 fuerint
1395 2226 1537 2290 ausi,
1571 2234 1625 2280 et
1661 2226 1804 2279 aliud
1825 2236 2014 2296 aperte

440 2332 552 2388 prae
615 2335 675 2376 se
730 2320 953 2376 tulerint
1013 2335 1029 2373 :
1102 2317 1371 2388 siquidem
1441 2327 1561 2387 post
1633 2317 2011 2389 jusjurandum

440 2411 677 2466 convicti
708 2411 930 2476 fuerint,
959 2419 1068 2464 tam
1112 2409 1237 2479 ipsi,
1286 2422 1448 2479 quam
1477 2408 1570 2477 qui
1608 2406 1745 2464 adeo
1789 2407 2013 2462 fraudu-

442 2501 616 2556 lenter
645 2510 755 2555 tum
781 2501 861 2557 eis
890 2508 1306 2563 contraxerunt,
1334 2508 1389 2553 et
1418 2497 1643 2568 perjurii
1675 2511 1865 2566 poenas
1885 2512 2011 2552 sus-

447 2592 717 2657 tinebunt,
752 2602 805 2647 et
847 2591 986 2647 alter
1021 2590 1212 2657 fundo,
1249 2589 1389 2645 alter
1426 2588 1603 2658 pretio
1636 2588 1775 2643 ciant
1827 2603 2015 2643 nume-

446 2693 563 2737 rato
593 2684 841 2747 excidet;
876 2682 1122 2750 utrisque
1160 2680 1295 2735 fisco
1336 2678 1649 2744 inferendis,
1700 2688 1759 2733 ut
1808 2693 1837 2732 a
1887 2678 2017 2733 fisco

447 2788 533 2825 res
558 2774 642 2833 iis.
676 2773 765 2839 qui
798 2772 1027 2841 proximi
1090 2778 1238 2835 sunt,
1298 2772 1675 2826 venumdetur.
1742 2768 1837 2825 Sin
1889 2779 2017 2824 ante

2107 484 2297 554 τύχην,
2323 484 2441 536 ἀλλ’
2461 486 2525 536 ἐκ
2558 484 2837 552 προνοίας,
2861 482 2928 535 δι’
2964 482 3177 535 ἑαυτῶν
3208 482 3239 552 ἦ
3272 483 3358 535 διὰ
3380 485 3487 537 τῶν
3519 504 3687 555 προσ-

2108 576 2351 647 ηκόντων
2394 577 2576 640 αὐτοῖς
2610 576 2917 644 γεγονότες,
2957 575 3085 639 τοὺς
3134 578 3412 639 τοιούτους
3462 578 3689 643 ἄκοντος

2106 669 2201 722 τοῦ
2229 668 2559 732 πεπονθότος
2603 670 2720 723 κατ’
2753 668 2945 721 οὐδένα
2968 667 3172 739 τρόπον
3198 668 3278 730 εἰς
3330 668 3427 739 τὴν
3479 670 3689 724 ἐκείνου

2109 762 2304 830 κτῆσιν
2367 760 2739 831 εἰσενεχθῆναι
2799 756 3121 827 βουλόμεθα.
3192 757 3350 810 Κατά
3415 759 3691 825 πρόφασιν

2113 852 2295 921 μέντοι
2332 851 2558 922 προικὸς
2591 851 2624 921 ἢ
2668 849 3042 921 προγαμιαίας
3074 848 3283 919 δωρεᾶς
3340 844 3391 919 ἢ’
3429 849 3607 917 ἀπλῆς
3655 852 3689 920 ἦ

2110 942 2343 996 θανάτου
2368 942 2519 1013 αἰτίᾳ
2544 941 2754 1012 δωρεᾶς
2783 940 2816 1010 ἢ
2840 941 2906 993 ὲκ
2932 938 3199 1009 διαθήκης
3224 938 3257 1009 ἢ
3285 939 3627 1011 ἀνταλλαγῆς
3656 941 3689 1009 ἢ

2111 1034 2407 1097 διαλύσεως
2430 1034 2524 1087 καὶ
2553 1036 2744 1088 οἰκεῖοι
2779 1032 2874 1087 καὶ
2906 1032 3157 1099 ὲξωτικοὶ
3182 1030 3420 1095 ἅπαντες
3446 1034 3691 1085 ὲκποιεῖν

2108 1120 2361 1176 δύνανται
2396 1136 2410 1150 ’
2472 1121 2633 1190 μόνον
2664 1121 2753 1175 ἵνα
2811 1120 2886 1191 μή
2946 1138 3029 1183 τις
3078 1120 3221 1175 κατά
3264 1121 3466 1191 σκῆψιν
3519 1122 3691 1193 λάθρα

2110 1213 2425 1285 πωλήσαςῆ
2463 1213 2751 1283 μισθώσας
2775 1216 2890 1277 τοῖς
2929 1214 3002 1284 μὴ
3033 1214 3489 1284 προτιμωμένοις,
3522 1216 3578 1267 ὲν
3611 1217 3692 1285 τῷ

2112 1305 2335 1376 φανερῷ
2380 1306 2672 1376 δωρεῖσθαι
2700 1306 2733 1377 ἢ
2762 1306 3078 1374 λεγατεύειν
3106 1307 3140 1376 ῆ
3168 1324 3221 1360 τι
3250 1306 3357 1359 τῶν
3387 1308 3692 1377 εἰρημένων

2114 1398 2579 1467 προσποιήσηται.
2638 1398 2738 1450 Δ»ιά
2791 1396 2965 1451 ταῦτα
2999 1397 3107 1468 γὰρ
3138 1399 3233 1451 καὶ
3282 1398 3445 1468 ὅρκον
3484 1399 3576 1451 τοῦ
3630 1416 3691 1451 τε

2110 1486 2343 1552 διδόντος
2403 1490 2499 1543 καὶ
2545 1489 2639 1543 τοῦ
2668 1489 3035 1560 λαμϐάνοντος
3066 1490 3117 1543 οἱ
3147 1490 3206 1543 τὸ
3254 1492 3545 1561 προνόμιον
3592 1492 3691 1557 τῆς

2111 1579 2497 1650 προτιμήσεως
2542 1580 2759 1652 ἔχοντες
2807 1581 3063 1636 δύνανται
3100 1583 3373 1636 ἀπαιτεῖν.
3426 1583 3489 1635 Ei
3520 1583 3576 1636 δέ
3627 1600 3693 1651 γε

2114 1671 2162 1723 οἱ
2191 1671 2548 1735 ὲκποιοῦντες
2582 1671 2719 1743 πρὸς
2769 1672 3119 1744 περιγραφὴν
3164 1672 3266 1742 τῆς
3296 1674 3569 1744 ἡμετέρας
3603 1691 3694 1727 νο-

2122 1761 2380 1833 μοθεσίας
2413 1761 2541 1816 ἀλλο
2568 1779 2621 1815 τι
2654 1762 2861 1833 πρᾶξαι
2889 1763 3217 1833 τολμήσουσι
3253 1765 3345 1818 καὶ
3394 1764 3523 1819 ἀλλο
3559 1782 3611 1817 τι
3632 1766 3695 1817 ἐκ

2116 1853 2209 1908 τοῦ
2244 1853 2483 1925 φανεροῦ
2513 1856 2998 1927 προσποιήσονται,
3036 1857 3086 1908 ει
3124 1857 3224 1927 μὲν
3254 1857 3393 1925 μετά
3414 1856 3504 1910 τὸν
3531 1857 3695 1928 ὅρκον

2116 1948 2469 2019 ἐλεγχθῶσιν,
2511 1949 2664 2004 αὐτοί
2694 1966 2757 2003 τε
2791 1951 2884 2003 καὶ
2933 1953 2981 2003 οἱ
3038 1949 3181 2005 οὕτω
3225 1949 3457 2020 δολερῶς
3510 1951 3697 2013 αὐτοῖς

2119 2039 2547 2105 συναλλάξαντες
2569 2039 2669 2103 τάς
2689 2057 2749 2093 τε
2770 2040 2867 2111 τῆς
2892 2040 3179 2111 ἐπιορκίας
3203 2041 3393 2104 ποινὰς
3415 2041 3697 2111 ὑφέξουσι,

2123 2129 2218 2185 καὶ
2246 2131 2273 2183 ὁ
2311 2130 2409 2201 μὲν
2444 2130 2540 2183 τοῦ
2566 2133 2870 2202 κτήματος,
2899 2134 2927 2186 ό
2964 2133 3020 2185 δὲ
3060 2130 3154 2185 τοῦ
3202 2132 3374 2203 λάθρα
3419 2134 3703 2202 καταϐλη-

2122 2220 2307 2283 θέντος
2366 2220 2680 2289 τιμήματος
2731 2222 3074 2285 ἐκπεσεῖται,
3132 2222 3225 2275 καὶ⁴
3279 2222 3565 2293 ἀμςςότερα
3619 2223 3696 2291 τῷ

2120 2310 2365 2382 δημοσίῳ
2392 2312 2931 2383 είσκομισθήσονται,
2965 2316 3051 2367 ἴνα
3083 2316 3146 2367 ὲκ
3179 2313 3274 2367 τοῦ
3312 2315 3572 2383 δημοσίου
3615 2316 3696 2376 είς

2121 2405 2245 2467 τοὺς
2276 2404 2678 2475 πλησιάζοντας
2719 2405 3014 2476 διαπραθῇ.
3066 2405 3128 2457 Ei
3170 2404 3228 2458 δὲ
3272 2404 3378 2474 πρὸ
3402 2404 3495 2457 τοῦ
3531 2405 3692 2473 ὅρκου

2118 2497 2418 2568 φωραθεῖεν
2438 2498 2677 2551 τοιοῦτόν
2702 2515 2754 2551 τι
2780 2497 3233 2570 διαπραξάμενοι,
3258 2499 3354 2552 καὶ
3372 2498 3431 2550 τὺ
3454 2496 3697 2566 πραχθὲν

2119 2588 2323 2660 ἄκυρον
2355 2589 2527 2655 ἔσται,
2559 2592 2655 2644 καὶ
2700 2591 2761 2643 τὺ
2805 2594 2990 2661 κτῆμα
3040 2593 3068 2644 ὁ
3102 2590 3247 2657 ἅπαξ
3280 2589 3560 2660 πειραθεὶς
3591 2605 3694 2640 κα-

2120 2680 2231 2745 κῶς
2266 2682 2562 2752 ὲκποιῆσαι
2599 2684 2693 2736 καὶ
2734 2683 2884 2737 ἄκων
2918 2683 3304 2753 ἀπεμπολῆσαι
3347 2680 3693 2749 ἀναγκασθή-

2123 2788 2272 2824 σεται
2300 2774 2378 2835 εἰς
2405 2774 2665 2837 ἐκείνους,
2698 2767 2777 2836 οἷς
2807 2772 3120 2844 δεδώκαμεν
3149 2773 3247 2844 τὴν
3269 2774 3618 2844 προτίμησιν.

446 2865 739 2931 praestitum
760 2863 1136 2933 jusjurandum
1160 2861 1401 2931 talequid
1432 2860 1604 2929 egisse
1619 2860 1939 2931 deprehensi
1971 2861 2190 2927 fuerint,
2232 2865 2442 2932 etquod
2462 2876 2636 2920 actum
2661 2867 2761 2921 erit
2783 2866 2995 2920 irritum
3016 2866 3148 2929 erit,
3181 2875 3235 2919 et
3257 2867 3346 2933 qui
3379 2865 3543 2919 semel
3569 2863 3694 2916 fnu-

446 2960 571 3013 dum
601 2959 844 3025 nequiter
866 2955 1102 3011 alienare
1118 2965 1346 3011 conatus
1363 2964 1467 3021 est,
1490 2955 1575 3011 vel
1594 2956 1794 3010 invitus
1816 2969 1936 3009 eum
1956 2963 2178 3023 cogetur
2215 2955 2280 3010 iis
2300 2959 2548 3021 vendere,
2573 2960 2767 3027 quibus
2784 2959 2877 3028 jus
2910 2957 3694 3028 przerogativzeconcessimus.

517 3053 572 3106 2.
600 3050 915 3107 Potentibus
954 3058 1132 3104 autem
1155 3048 1403 3119 personis
1439 3049 1504 3103 de
1553 3058 1752 3105 caztero
1796 3046 2022 3102 interdi-

2204 3049 2270 3119 β’.
2304 3051 2428 3114 Τοῖς
2453 3052 2507 3104 δὲ
2540 3052 2781 3115 δυνατοῖς
2810 3050 3228 3122 ἁπαγορεύομεν
3251 3048 3344 3102 τοῦ
3374 3049 3560 3102 λοιποῦ
3587 3050 3698 3099 υἱο-

453 3144 651 3205 cintus,
682 3156 746 3195 ne
771 3155 863 3209 per
893 3139 1109 3195 modum
1138 3138 1465 3209 adoptionis,
1493 3149 1586 3194 aut
1618 3138 1903 3208 simplicis,
1928 3148 2017 3192 aut

2126 3142 2310 3206 θεσίας
2337 3145 2521 3215 τρόπῳ
2557 3144 2588 3214 ἦ
2616 3145 2826 3213 δωρεᾶς
2856 3120 3035 3211 ἁπλῆ-ς
3069 3143 3102 3213 ἢ
3133 3120 3366 3195 θανάτου
3397 3141 3604 3211 αἱτίᾳῆ
3637 3143 3698 3192 ἐκ

452 3234 642 3286 ntortis
666 3244 829 3285 causa
883 3229 1213 3297 donationis,
1265 3240 1363 3286 aut
1411 3245 1478 3286 ex
1530 3238 1877 3295 testamento,
1930 3239 2022 3282 aut

451 3323 668 3378 nomine
687 3322 853 3377 solius
881 3321 1245 3389 ususfructus,
1266 3331 1357 3375 aut
1387 3320 1614 3390 alicujus
1632 3321 1915 3392 patrocinii
1941 3320 2023 3375 vel

449 3414 657 3479 auxilii,
689 3414 983 3481 quidquant
1018 3412 1085 3466 ab
1119 3411 1507 3468 humilioribus
1565 3412 1836 3481 accipiant
1920 3411 2020 3466 nisi

450 3506 590 3558 forte
621 3502 907 3572 pr0pinqui
945 3515 1133 3555 eorum
1171 3500 1528 3556 fuerint.Nec
1561 3500 1690 3556 item
1722 3515 1889 3555 novas
1913 3516 2023 3555 ent-

451 3595 685 3665 ptioues,
716 3602 812 3647 attt
837 3592 1154 3654 locationes.
1186 3601 1280 3648 aut
1304 3593 1725 3662 permutationes
1754 3592 1806 3647 in
1865 3593 2021 3658 vicis,

454 3696 545 3747 aut
572 3686 739 3756 agris,
782 3686 833 3739 in
866 3685 1062 3754 quibus
1086 3685 1335 3756 proprios
1367 3685 1561 3741 fundos
1612 3686 1789 3741 nullos
1825 3686 2024 3740 habent

455 3790 579 3828 cum
604 3774 910 3829 eorutndem
934 3775 1663 3845 possessoribusinstituant.
1687 3776 1837 3843 Quod
1852 3777 1895 3830 si
1916 3792 2020 3830 non

434 3868 644 3923 phorum
676 3866 939 3921 stationes
964 3876 1111 3934 sunt,
1144 3867 1238 3923 sed
1271 3868 1337 3923 ad
1373 3882 1631 3938 personas
1657 3868 1792 3925 alias
1828 3870 2025 3924 subur-

452 3960 614 4026 bana,
655 3973 775 4028 quae
803 3958 1202 4025 distrahuntur,
1232 3960 1542 4031 pertinent;
1579 3962 1693 4017 sive
1724 3976 1754 4015 a
1787 3962 1915 4017 fisco
1945 3961 2023 4015 lo-

452 4063 682 4117 ca,qua:
713 4048 995 4103 tributaria
1055 4048 1330 4115 dicuntur,
1383 4049 1556 4105 aliave
1608 4050 1804 4119 praedia
1856 4050 2023 4120 ipsius

454 4141 757 4196 alienantur
787 4159 800 4194 :
842 4141 1094 4196 similiter
1130 4142 1293 4208 iidem
1328 4156 1674 4210 possessores
1727 4142 2024 4212 praeferan-

455 4244 561 4289 tur.
592 4234 661 4287 At
690 4234 791 4301 ,his
828 4241 1017 4302 sponte
1046 4247 1143 4287 sua
1172 4233 1602 4302 repudiantibus,
1637 4234 1801 4288 etiam
1834 4245 2023 4303 poten-

454 4324 597 4378 tihus
632 4322 956 4377 contrahere
985 4320 1068 4377 fas
1098 4329 1201 4377 est.
1227 4319 1480 4378 Petentes
1520 4329 1698 4377 autem
1723 4322 2023 4393 intelligan-

452 4426 577 4481 tur,
639 4416 755 4486 qui,
820 4414 1032 4471 tametsi
1091 4429 1199 4470 non
1259 4428 1359 4484 per
1417 4414 1644 4483 seipsos,
1700 4424 1879 4470 tamen
1928 4431 2099 4503 ρει-ι)

452 4508 679 4562 aliorum
705 4506 1024 4577 potentiam,
1058 4506 1257 4576 quibus
1284 4521 1405 4561 cum
1432 4505 1628 4561 fiducia
1665 4517 1719 4563 et
1758 4507 2015 4564 libertate

442 4603 683 4671 quadam
718 4599 1015 4656 familiares
1055 4607 1204 4666 sunt,
1234 4598 1368 4655 satis
1394 4600 1589 4655 virium
1638 4601 1705 4656 ad
1740 4602 2025 4656 terrendos

452 4693 753 4746 alienantes
774 4690 994 4755 habent,
1026 4691 1113 4746 vel
1149 4690 1219 4746 ad
1248 4690 1616 4758 efficiendum,
1643 4701 1702 4747 ut
1747 4693 1812 4749 de
1862 4693 2025 4749 bene-

456 4784 578 4837 ticio
606 4782 707 4837 sibi
745 4783 1014 4853 promisso
1047 4785 1182 4840 certi
1213 4784 1346 4842 sint.
1382 4785 1437 4839 Si
1464 4800 1569 4854 qua
1602 4800 1734 4841 vero
1794 4801 1859 4843 ex
1902 4801 2025 4855 per-

453 4876 602 4932 sOnis
636 4876 947 4946 potentibus
972 4876 1178 4947 aliquid
1209 4876 1474 4945 ejusmodi
1503 4887 1823 4947 perpetrare
1857 4892 2024 4932 cona-

457 4980 511 5024 ta
548 4968 733 5034 fuerit,
766 4975 821 5023 et
849 4966 1015 5024 fundo
1044 4968 1389 5039 spoliabitur,
1411 4977 1465 5024 et
1496 4968 1739 5038 ejusdem
1791 4970 2023 5037 pretium

454 5063 523 5114 ab
546 5074 611 5115 ea
644 5059 806 5115 fiscus
830 5060 1030 5130 exiget.
1083 5060 1211 5117 Post
1258 5060 1582 5116 decennium
1625 5070 1803 5117 tamen
1857 5069 2026 5115 attes-

457 5151 659 5207 tatioue
685 5152 832 5208 nulla
862 5152 1244 5221 interruptum,
1274 5154 1535 5210 adversus
1583 5167 1700 5219 eos,
1746 5154 1837 5222 qui
1889 5168 2025 5221 quo-

448 5257 675 5315 cunque
706 5243 864 5299 modo
912 5252 1327 5309 contraxerunt,
1360 5252 1453 5298 aut
1486 5244 1804 5299 donationes
1834 5260 2029 5300 conse-

457 5337 568 5393 cuti
622 5344 770 5403 sunt,
821 5344 915 5389 aut
936 5349 1003 5390 ex
1050 5342 1370 5390 testamento
1404 5336 1533 5405 quid
1584 5336 2026 5405 acquisiverunt:

446 5430 526 5484 .ab
560 5443 747 5486 eorum
791 5425 1029 5492 nemine,
1059 5425 1153 5495 qui
1184 5426 1512 5496 praelationis
1547 5426 1778 5498 h’incjus
1810 5428 2028 5495 habent,

457 5536 559 5577 nec
580 5520 713 5577 item
737 5535 765 5574 a
792 5517 923 5575 fisco
945 5517 1050 5575 ulla
1086 5517 1453 5573 controversia
1489 5519 1813 5575 movebitur.

523 5612 579 5665 5.
600 5610 810 5665 Praeter
839 5610 955 5665 haec
971 5609 1229 5680 jubemus
1258 5617 1317 5663 ut
1345 5622 1534 5665 omnes
1581 5609 1732 5665 fundi
1764 5612 2030 5667 militares

457 5699 552 5770 qui
598 5713 928 5770 quocunque
963 5703 1123 5759 modo
1154 5702 1300 5758 intra
1340 5704 1569 5770 spatium
1617 5719 1881 5762 annorum
1916 5707 2033 5764 :tri-

2124 3233 2385 3305 διαθήκης
2420 3237 2453 3308 ἢ
2481 3234 2620 3288 κατά
2677 3236 2844 3306 μόνην
2894 3236 3090 3305 χρῆσιν
3143 3233 3177 3302 ἢ
3208 3231 3284 3295 ώς
3310 3232 3401 3285 ὲπξ
3429 3250 3535 3284 τινι
3566 3247 3698 3300 προ-

2128 3327 2324 3396 στασία
2356 3328 2447 3378 καὶ
2484 3326 2757 3396 συνδρομῇ
2790 3324 3089 3395 λαμϐάνειν
3123 3340 3172 3375 τι
3220 3321 3372 3391 παρά
3396 3321 3506 3374 τῶν
3549 3321 3699 3372 stiss-

2125 3416 2412 3487 λεστέρων,
2460 3418 2509 3469 εἰ
2561 3416 2635 3487 μή
2667 3417 2776 3485 ἄρα
2817 3417 3098 3483 συγγενεῖς
3129 3413 3307 3469 αὐτῶν
3340 3408 3470 3466 εἷεν.
3538 3411 3698 3464 Ἀλλὰ

2128 3507 2261 3575 μηδὲ
2293 3508 2416 3569 νέας
2450 3506 2749 3576 ἁγοραοίας
2792 3507 3063 3559 ποιεῖσθαι
3093 3505 3126 3575 ἢ
3164 3503 3461 3575 μισθώσεις
3495 3504 3528 3573 ἢ
3568 3504 3698 3555 ἀντ-

2124 3599 2366 3666 αλλαγάς
2424 3599 2480 3651 ἔν
2529 3615 2641 3651 τισι
2689 3598 2911 3669 χωρίοις
2976 3598 3008 3667 ἢ
3051 3597 3337 3665 ἀγριδίοις,
3386 3598 3445 3648 ιν
3489 3590 3569 3657 οἷς
3600 3596 3702 3646 οὐκ

2125 3690 2338 3760 ἔχουσιν
2368 3690 2473 3742 ἴδια
2504 3690 2783 3758 κτήματα,
2826 3690 2889 3742 ὲκ
2925 3687 3037 3741 τῶν
3078 3687 3360 3756 κτητόρων
3396 3684 3596 3739 αὐτῶν.
3637 3684 3703 3735 Εἰ

2125 3782 2182 3835 δὲ
2226 3781 2300 3853 μὴ
2348 3782 2553 3835 τούτων
2602 3783 2657 3836 αἱ
2689 3782 2931 3844 στάσεις,
2973 3780 3087 3833 ἁλλ’
3140 3779 3342 3850 ἑτέρων
3392 3776 3702 3849 προσώπων

2126 3875 2235 3927 eici
2262 3874 2331 3927 τὰ
2371 3874 2885 3944 διαπιπρασκόμενα
2939 3872 3261 3943 προάστεια,
3311 3872 3422 3924 εἴτε
3478 3872 3542 3922 ὲκ
3605 3867 3702 3919 τοῦ

2125 3966 2386 4036 δημοσίου
2412 3967 2459 4019 οἱ
2495 3964 2777 4035 λεγόμενοι
2803 3963 3171 4033 κλασματικοὶ
3196 3962 3351 4014 τόποι
3374 3962 3406 4030 ἢ
3444 3958 3537 4012 καὶ
3566 3958 3701 4024 άλλη

2127 4058 2322 4127 κτῆσις
2350 4058 2631 4128 ἀνήκουσα
2655 4054 2805 4125 αὐτῷ
2828 4055 3170 4124 βχποιεῖται,
3223 4053 3317 4105 καλ⁵
3359 4050 3619 4111 ὡσαύτως
3649 4050 3702 4097 ιι

2126 4150 2282 4203 αὐτοὶ
2342 4150 2605 4219 κτήτορες
2662 4146 3142 4217 προτιμάσθωσαν.
3176 4144 3394 4197 Τούτων
3427 4142 3484 4195 δὲ
3544 4143 3704 4193 ἑκου-

2128 4239 2257 4302 σίως
2292 4237 2770 4306 ἀποτασσομένων,
2807 4237 2926 4290 τότε
2963 4236 3194 4297 καὶτοῖς
3234 4234 3477 4293 δυνατοῖς
3525 4229 3700 4295 ἔξεστι

2128 4327 2532 4384 συναλλάττειν.
2563 4329 2790 4382 Ἐκεῖνοι
2812 4328 2869 4381 δὲ
2891 4326 3221 4382 νοείσθωσαν
3247 4324 3482 4388 δυνατοὶ,
3506 4324 3699 4383 οἵτινες

2128 4423 2230 4476 κᾶν
2262 4421 2337 4492 μὴ
2363 4422 2429 4475 δι’
2469 4420 2699 4487 ἑαυτῶν,
2744 4420 2857 4473 ἀλλ’
2898 4414 2990 4474 οὖν
3038 4419 3128 4473 διὰ
3181 4422 3279 4489 τῆς
3313 4418 3513 4484 ἐτέρων
3539 4417 3701 4469 δυναο

2129 4516 2334 4579 στείας,
2362 4514 2499 4583 πρὸς
2524 4513 2616 4577 οὓς
2640 4513 3211 4584 πεπαρρησιασμένως
3228 4511 3558 4581 ᾠκείωνται,
3584 4510 3705 4561 ἱκα-

2128 4607 2207 4660 νοί
2238 4608 2378 4660 εἰσιν
2408 4605 2713 4676 ἐκφοϐῆσαι
2738 4606 2865 4668 τοὺς
2893 4603 3273 4667 ὲκποιοῦντας,
3302 4605 3334 4673 ή
3374 4604 3509 4673 πρὸς
3546 4602 3704 4671 εὐερ-

2092 4700 2318 4770 ηγεσίας
2374 4700 2670 4769 ὑπόσχεσιν
2724 4697 2825 4768 τὴν
2855 4696 3232 4768 πληροφορίαν
3284 4696 3467 4758 αὐτοῖς
3524 4712 3704 4764 παρα-

2130 4796 2301 4865 σχεῖν.
2332 4794 2394 4846 Εἰ
2430 4793 2486 4846 δὲ.
2514 4790 2689 4855 τιςὲκ
2713 4792 2821 4845 τῶν
2846 4790 3090 4845 δυνατῶν
3125 4789 3435 4861 προσώπων
3463 4787 3708 4841 τοιοῦτόν

2128 4905 2180 4941 τι
2245 4886 2556 4957 ἐγχειρήσει
2617 4883 3053 4952 διαπράξασθαι,
3117 4882 3211 4936 καὶ
3272 4881 3367 4934 τοῦ
3426 4880 3709 4949 κτήματος

2131 4978 2527 5050 στερηθήσεται
2576 4976 2671 5029 καὶ
2731 4975 2830 5045 τήν
2888 4975 3220 5043 ἀποτίμησιν
3278 4971 3442 5024 αὑτοῦ
3496 4972 3559 5023 ὲκ
3613 4968 3709 5019 τοῦ

2128 5068 2387 5141 δημοσίου
2435 5066 2919 5138 είσπραχῢήσεται.
2970 5066 3125 5119 Μετὰ
3182 5064 3370 5134 μέντοι
3420 5060 3709 5113 δεκαετίαν

2130 5158 2537 5229 ἀνεπιφώνητον
2569 5158 2710 5212 κατὰ
2752 5157 2861 5211 τῶν
2896 5156 3142 5210 ὁπωσοῦν
3191 5152 3630 5217 συναλλαξάντων
3676 5149 3710 5218 ἢ

2130 5254 2340 5325 δωρεὰς
2389 5252 2701 5321 δεξαμένων
2748 5250 2880 5322 ήὲκ
2930 5248 3199 5319 διαθήκης
3248 5265 3303 5299 τι
3348 5242 3714 5315 κτησαμένων

2132 5345 2356 5416 οὐδεμία
2392 5343 2523 5415 παρ’
2560 5343 2772 5406 οὐδενὸς
2809 5344 2917 5396 τῶν
2950 5341 3207 5395 ἐντεῦθεν
3251 5335 3709 5410 προτιμωμένων,

2131 5435 2167 5507 ή
2196 5440 2285 5490 καὶ
2312 5436 2387 5500 ὡς
2418 5438 2482 5488 ἐκ
2507 5436 2598 5489 τοῦ
2629 5435 2891 5506 δημοσίου
2921 5434 3150 5504 ζήτησις
3180 5432 3358 5486 ἔσται.

2196 5622 2272 5684 γ’.
2306 5614 2447 5685 Πρὸς
2482 5613 2694 5676 τούτοις
2746 5612 2805 5666 δὲ
2863 5611 3184 5681 κελεύομεν,
3241 5609 3385 5663 ὥστε
3439 5609 3613 5660 πάντα
3645 5603 3715 5655 τὰ

2138 5707 2507 5779 στρατιωτικὰ
2566 5707 2844 5778 κτήματα,
2904 5707 3007 5763 ὅσα
3058 5704 3211 5769 ἐντὸς
3263 5696 3715 5773 τριακονταετίας
