4058 6212
423 267 526 332 ειν

1439 244 1936 311 CONSTANTlNI
1966 239 2635 304 PORPHYROGENITI

3563 245 3668 307 560

373 425 376 428 ~
492 386 549 439 5.·
583 383 658 439 De
693 391 948 437 concesso
977 369 1188 428 triennii
1234 377 1473 435 tempore
1501 371 1721 434 propter
1753 361 1975 422 refusio-

2155 353 2214 406 ε’.
2242 353 2380 424 Περὶ
2405 353 2502 407 τοῦ
2533 351 2782 415 δοθέντος
2810 351 3060 422 τριετοῦς
3091 351 3286 424 χρόνου
3335 355 3524 409 ἕνεκεν
3560 361 3661 426 τῆς

367 512 371 516 ς
408 492 542 531 nem
593 472 773 544 pretii,
818 477 978 535 utque
1010 460 1193 518 statim
1237 457 1458 528 juvetur
1509 453 1662 522 inops
1689 451 1755 544 ad
1800 451 1975 544 praedii

2087 443 2438 514 ἀναστροφῆς
2468 444 2562 498 τοῦ
2597 446 2927 515 τιμήματος,
2955 444 3052 498 καὶ
3080 446 3178 516 τῆς
3207 448 3540 502 άπεντεῦθεν
3561 452 3663 520 ήδη

423 533 905 635 recuperationem,
937 568 1038 608 uua
1081 557 1216 607 cum
1243 547 1480 614 caeteris,
1513 544 1710 616 quibus
1742 543 1842 600 liae
1868 542 1975 614 lege

2090 535 2442 604 παραδόσεως
2491 533 2586 588 τοῦ
2663 535 2945 606 κτήματος
3012 534 3269 605 βοήθειαν
3328 537 3408 608 τῷ
3469 539 3663 612 ἀπόρῳ

411 651 660 725 praelatio
685 658 937 704 concessa
969 648 1074 696 est.

488 827 550 893 6.
585 825 661 879 De
690 819 920 891 venditis
967 826 1088 888 post
1140 815 1484 871 indictionem
1535 813 1762 884 primam
1810 825 1981 882 usque

415 919 478 972 ad
512 924 782 979 octavam,
819 909 1230 967 aestimationem
1263 906 1424 976 duplo
1447 904 1702 976 majorem
1730 904 1978 960 habenti-

414 1011 532 1072 bus,
571 1015 629 1060 ut
660 1005 864 1074 absque
893 1000 1068 1072 pretio
1095 998 1409 1054 reddantur.

485 1097 534 1150 7.
580 1095 654 1150 De
685 1089 1136 1149 condemnatione
1167 1086 1404 1150 illorum,
1435 1084 1524 1155 qui
1555 1089 1802 1140 emerunt
1837 1081 1979 1137 intra

412 1183 725 1257 praedictum
759 1191 968 1252 tempus
1003 1180 1209 1234 minore
1239 1178 1435 1247 pretio,
1470 1189 1629 1245 quam
1651 1173 1819 1244 justo.

481 1279 534 1333 8.
576 1277 644 1332 Ut
671 1274 995 1330 monasteria
1020 1270 1366 1342 praediorum,
1399 1283 1518 1337 qua:
1547 1267 1676 1337 ipsis
1713 1266 1864 1322 titulo
1890 1280 1975 1321 re-

412 1369 766 1425 nuntiationis
798 1365 997 1433 mundo
1045 1363 1200 1419 factae
1247 1363 1464 1428 dantur,
1509 1359 1892 1416 aestimationes
1921 1369 1975 1416 et

387 1465 600 1535 'prclia,
636 1476 739 1518 non
775 1459 919 1530 ipsos
945 1451 1137 1512 fundos
1171 1453 1454 1524 accipiant.

483 1555 798 1612 Hominibus
839 1553 924 1620 iis,
960 1551 1052 1622 qui
1090 1549 1254 1604 vafra:
1301 1563 1493 1603 manus
1527 1557 1581 1604 et
1625 1548 1978 1608 fraudulenta:

411 1649 706 1712 solertiam,
769 1644 1023 1699 eximium
1069 1649 1122 1697 et
1165 1649 1448 1710 augustum
1484 1641 1734 1710 quiddam
1775 1642 1978 1699 ducunt

411 1749 571 1808 atque
619 1741 952 1804 nuncupant,
999 1732 1179 1801 magni
1213 1731 1315 1786 hoc
1343 1731 1662 1797 aestimatur,
1693 1741 1749 1789 et
1795 1734 1976 1791 studio

407 1825 666 1899 singulari
712 1823 1015 1896 expetitur;
1061 1831 1125 1878 ut
1167 1811 1413 1878 ad‘illius
1459 1822 1620 1893 primi
1673 1825 1976 1894 deceptoris

2087 635 2350 705 πράττειν
2379 634 2476 688 καί⁸
2503 635 2614 697 τοῖς
2653 633 2863 698 λοιποῖς
2894 634 3007 696 τοῖς
3038 633 3149 688 ἀπὸ
3177 631 3331 686 τοῦδε
3363 633 3460 688 τοῦ
3493 635 3662 705 νόμου

2087 723 2495 794 προτιμηθεῖσι.

2159 814 2230 882 ς’.
2269 817 2406 882 Περὶ
2446 815 2556 868 τῶν
2589 815 2700 870 άπὸ
2724 815 2827 885 τῆς
2861 813 3086 885 πρώτης
3130 815 3462 880 ίνδικτιῶνος
3496 818 3657 889 μέχρι

2085 909 2183 976 τῆς
2225 905 2418 975 ὀγδόης
2464 905 2806 976 πραθέντων,
2852 905 3020 970 ἀξίων
3058 906 3229 960 ὄντων
3263 907 3528 961 ἐπέκεινα
3559 910 3656 962 τοῦ

2081 998 2444 1064 διπλασίονος,
2471 996 2912 1070 ἀναστρέφεσθαι
2955 999 3057 1052 ἀνα
3065 999 3165 1069 ργύ
3175 1017 3282 1070 ρως

2151 1089 2216 1154 ζ’.
2249 1090 2385 1161 Περί⁹
2413 1091 2512 1161 τῆς
2551 1091 2850 1160 καταδίκης
2881 1090 2990 1144 τῶν
3020 1091 3407 1160 ἀγορασάντων
3442 1090 3658 1163 ἔνδοθεν

2078 1181 2172 1234 τοῦ
2196 1182 2598 1256 προρῤηθέντος
2623 1182 2814 1253 χρόνου
2860 1181 3078 1234 ἔλαττον
3109 1183 3206 1252 τῆς
3224 1181 3438 1243 δικαίας
3467 1184 3653 1252 τιμῆς.

2155 1275 2224 1348 η’.
2259 1262 2394 1346 Περὶ
2439 1273 2534 1327 τοῦ
2563 1273 2750 1326 λαϐεῖν
2796 1273 2896 1344 (6),
2937 1273 3072 1326 ἀλλὰ
3117 1273 3210 1326 καὶ
3252 1271 3550 1343 λαμϐάνειν
3589 1277 3655 1328 τὰ

2085 1366 2423 1438 μοναστήρια
2464 1363 2574 1417 τῶν
2619 1363 2753 1434 ὑπὲρ
2796 1362 3082 1433 άποταγῆς
3123 1362 3420 1433 διδομένων
3448 1365 3653 1417 τοπίων

2082 1458 2179 1522 τὰς
2209 1456 2397 1527 τιμὰς,
2427 1455 2522 1509 καὶ
2543 1455 2603 1507 οὐ
2625 1453 2720 1507 τὸν
2753 1453 2939 1508 τόπον.

2164 1550 2498 1623 Ἀνθρώποις
2526 1550 2645 1603 ἐστὶ
2674 1547 2915 1622 ζηλωτὸν
2933 1536 3038 1603 ¹καὶ
3062 1567 3128 1602 πε
3135 1550 3551 1620 ρισπούδαστον,
3569 1549 3650 1615 οἷς

2079 1649 2221 1719 μέγα
2249 1648 2342 1716 καὶ
2390 1647 2684 1717 σεϐάσμιον
2729 1646 2790 1699 τὸ
2821 1646 2919 1716 τῆς
2973 1646 3314 1718 παντουργοῦ
3356 1649 3536 1717 χειρὸς
3567 1667 3653 1701 νο-

2080 1735 2335 1810 μίζεσθαί
2368 1753 2428 1788 τε
2459 1736 2554 1790 καὶ
2602 1734 2966 1807 ὀνομάζεσθαι
2997 1736 3392 1807 φιλοτέχνημα,
3422 1739 3486 1791 τὸ
3510 1738 3650 1808 πρὸς

2074 1827 2176 1900 τὴν
2206 1824 2302 1880 τοῦ
2353 1826 2770 1898 παραγαγόντος
2818 1826 3052 1898 μίμησιν
3078 1827 3179 1896 τὴν
3203 1827 3438 1900 ψυχικὴν
3471 1846 3652 1899 παρα-

409 1918 784 1982 imitationem,
809 1914 1054 1971 habitum
1079 1914 1377 1969 animorum
1395 1928 1614 1969 suorum
1639 1929 1972 1986 comparent.

2079 1917 2365 1983 σκευάζειν
2400 1917 2667 1973 διάθεσιν’
2727 1912 2807 1983 οἷς
2849 1919 2907 1972 δὲ
2969 1919 3044 1991 μὴ
3101 1919 3244 1989 μέγα
3292 1919 3451 1972 τοῦτο
3509 1921 3647 1991 μηδὲ

408 2011 612 2079 Quibus
643 2019 821 2064 autem
861 2007 962 2063 hoc
998 2020 1250 2078 magnum
1287 2019 1352 2061 ac
1379 2003 1703 2061 fortunatum
1735 2014 1974 2077 putatur,

408 2107 473 2161 iis
500 2119 632 2160 sane
662 2101 796 2158 nihil
829 2099 972 2157 aliud
1015 2108 1142 2155 ante
1187 2097 1372 2155 oculos
1417 2098 1650 2169 positum
1678 2107 1782 2165 est,
1813 2113 1974 2171 quam

410 2205 467 2262 ut
503 2204 553 2252 et
597 2193 908 2258 creationis,
951 2179 1006 2246 et
1045 2189 1231 2262 iudicii
1275 2189 1572 2246 doctrinam
1618 2191 1970 2247 inllcientur:

411 2303 512 2344 nec
544 2287 686 2342 aliud
720 2294 907 2351 restat,
943 2297 1105 2356 quam
1137 2292 1197 2340 ut
1231 2297 1352 2341 esse
1386 2284 1487 2340 hoc
1521 2283 1825 2339 institutum
1855 2282 1976 2338 ani-

413 2378 482 2433 mi
519 2379 602 2434 sui
645 2377 940 2443 declarent,
979 2383 1037 2432 ut
1075 2376 1239 2431 vitam
1277 2388 1490 2431 omnem
1521 2373 1575 2430 in
1610 2376 1766 2431 terris
1796 2375 1976 2447 perci-

410 2471 581 2539 piant,
611 2477 666 2523 et
698 2469 750 2523 in
785 2468 887 2524 hoc
916 2467 1051 2525 Orbe
1082 2466 1353 2524 duntaxat
1386 2481 1453 2523 ex
1487 2474 1612 2524 voto
1642 2481 1744 2522 suo
1771 2467 1974 2523 vivant.

410 2561 548 2616 Hinc
574 2560 764 2633 ingens
803 2559 889 2616 illa
931 2559 1179 2617 confusio
1227 2574 1433 2626 rerum,
1486 2559 1613 2615 hinc
1661 2555 1751 2614 illa
1785 2574 1975 2630 magna

411 2647 738 2704 nefariorum
771 2646 1074 2704 facinorum
1107 2644 1336 2712 illuvies,
1371 2645 1498 2702 liine
1529 2645 1710 2715 gravis
1754 2653 1810 2701 et
1855 2645 1974 2701 diu-

413 2747 571 2792 turna
600 2753 894 2808 pauperum
921 2735 1226 2802 calamitas,
1252 2745 1306 2791 et
1328 2750 1593 2802 arumna,
1618 2735 1978 2810 frequensque

412 2827 641 2898 gemitus
674 2829 912 2897 inopum,
943 2839 1170 2898 quorum
1200 2843 1365 2884 causa
1400 2827 1656 2906 Dominus
1713 2833 1974 2904 exsurgit,

415 2929 470 2972 ut
498 2918 692 2974 dicitur
724 2935 739 2974 :
773 2917 997 2987 Propter
1045 2934 1337 2973 aerumnam
1384 2936 1695 2990 pauperum,
1759 2932 1809 2978 et
1862 2926 1976 2985 ina,-

413 3027 535 3078 pum
582 3011 852 3082 gemitum,
903 3025 1039 3064 nunc
1082 3024 1326 3081 exsurgo,
1391 3011 1519 3065 dicit
1549 3011 1804 3068 Dominus
1832 3013 1874 3068 ¹.
1916 3014 1974 3070 Si

416 3101 558 3157 Deus
592 3102 658 3156 ad
689 3101 979 3156 vindictam
1020 3101 1287 3171 exsurgit,
1334 3101 1424 3171 qui
1475 3109 1531 3156 et
1571 3101 1726 3159 ﬁnxit
1765 3119 1882 3170 nos,
1921 3113 1976 3162 et

412 3191 568 3246 saluti
596 3190 850 3258 restituit,
879 3198 932 3244 et
964 3197 1152 3261 regnat
1180 3208 1194 3246 :
1225 3205 1330 3261 quo
1366 3200 1523 3261 pacto
1544 3205 1572 3247 a
1598 3192 1753 3249 nobis
1781 3208 1844 3251 ea
1877 3209 1973 3251 ne-

2081 2011 2349 2083 μακάριον
2396 2011 2726 2081 λελόγισται,
2785 2011 2998 2077 τούτοις
3026 2013 3136 2084 ἄρα
3184 2012 3318 2083 μετὰ
3351 2012 3450 2082 τῆς
3502 2016 3645 2067 πλά-

2079 2121 2216 2169 σεως
2243 2103 2336 2159 καὶ
2363 2105 2391 2158 δ
2419 2104 2519 2175 τῆς
2545 2103 2783 2178 κρίσεως
2804 2104 3646 2177 ὲξαρνεῖσθαιπρόκειταιλόγος,

2077 2195 2172 2250 καλ⁵
2205 2195 2589 2250 ὑπολέλειπται
2651 2195 2726 2261 ώς
2779 2198 2838 2252 ἐν
2865 2199 2936 2268 γῇ
2969 2196 3032 2251 τὸ
3086 2199 3195 2252 πᾶν
3227 2197 3651 2269 ἀναδεξαμένοις

2059 2286 2175 2368 κτῆς
2219 2285 2460 2358 βιώσεως
2488 2285 2583 2340 καὶ
2617 2287 2789 2358 μόνης
2830 2288 2922 2341 ἐπὶ
2955 2289 3055 2358 τῆς
3111 2289 3216 2360 γῆς
3249 2287 3516 2358 βιοτεύειν
3557 2291 3639 2342 αί-

2081 2377 2367 2450 ρουμένοις
2382 2379 2444 2432 τὸ
2474 2378 2575 2448 τῆς
2593 2379 2800 2443 οἰκείας
2819 2379 3224 2435 ἐπιδείκνυσθαι
3247 2381 3638 2453 προαιρέσεως.

2089 2469 2371 2525 Ἐντεῦθεν
2417 2472 2451 2540 ἠ
2500 2469 2671 2542 πολλὴ
2704 2470 2813 2525 τῶν
2861 2472 3205 2544 πραγμάτων
3249 2472 3534 2544 σύγχυσις,
3565 2475 3650 2526 ὲνο

2077 2560 2266 2616 τεῦθεν
2294 2562 2326 2633 ἡ
2363 2560 2579 2632 μεγάλη
2597 2559 2706 2616 τῶν
2728 2560 3084 2634 ἀδικημάτων
3113 2563 3370 2632 ἐπιφορὰ,
3399 2563 3649 2617 ἐντεῦθεν

2076 2652 2110 2722 ἡ
2143 2651 2356 2722 μεγάλῆ
2390 2651 2486 2706 καὶ
2533 2653 2720 2725 μακρὰ
2748 2653 2856 2707 τῶν
2892 2653 3124 2725 πτωχῶν
3147 2653 3515 2725 ταλαιπωρία,
3551 2654 3650 2708 καὶ

2075 2743 2105 2796 δ
2134 2743 2302 2808 πολὺς
2331 2744 2635 2815 στεναγμὸς
2666 2745 2775 2800 τῶν
2811 2745 3084 2816 πενήτων,
3113 2746 3180 2799 δι’
3214 2746 3311 2812 οὓς
3355 2748 3649 2801 ἀνίσταται

2078 2834 2300 2906 Κύριος.
2331 2836 2553 2889 Ἕνεκα
2601 2835 2731 2904 γὰρ,
2763 2835 2918 2905 φησὶ,
2951 2835 3062 2904 τῆς
3095 2838 3497 2905 ταλαιπωρίας
3528 2836 3648 2890 τῶν

2077 2929 2328 2998 πτωχῶν
2343 2928 2441 2984 καὶ
2469 2929 2574 2983 τοῦ
2590 2929 2929 3000 στεναγμοῦ
2945 2929 3063 2983 τῶν
3077 2929 3351 2998 πενήτων
3373 2931 3651 3002 νῦν-ἀνα-

2077 3017 2399 3088 στήσομαι,
2427 3019 2591 3089 λέγει
2627 3020 2865 3088 Κύριος.
2899 3021 2960 3073 Εἰ
2994 3019 3126 3084 θεὸς
3152 3022 3232 3082 είς
3254 3021 3534 3093 ἐκδίκησιν
3569 3022 3648 3076 διο

2079 3110 2364 3169 ανίσταται
2389 3112 2417 3163 ὁ
2445 3111 2541 3165 καὶ
2561 3110 2770 3176 πλάσας
2794 3113 2944 3183 ἡμᾶς
2968 3113 3062 3167 καὶ
3078 3113 3259 3178 σώσας
3274 3113 3367 3168 καὶ
3397 3114 3647 3185 βασιλεύ-

2080 3218 2199 3269 σας,
2230 3201 2350 3266 πῶς
2374 3203 2506 3274 ἡμῖν
2532 3202 2971 3275 ὑπεροφθήσεται
3022 3205 3116 3258 καὶ
3146 3207 3224 3269 είς
3251 3206 3402 3269 τέλος
3451 3207 3646 3276 ὲπιλη-

413 3280 675 3350 gligctur,
722 3287 776 3335 et
847 3278 1099 3334 oblivioni
1160 3289 1434 3352 perpetuae
1492 3283 1772 3339 tradetur?
1848 3299 1970 3340 cum

2079 3292 2359 3365 σθήσεται;
2378 3295 2501 3348 ἐπεὶ
2523 3295 2716 3365 μόνους
2731 3295 2859 3358 τοὺς
2883 3295 2981 3364 τῆς
3005 3295 3284 3366 βασιλείας
3329 3297 3646 3368 ὀφθαλμοὺς

412 3372 554 3427 solos
594 3371 934 3442 imperatoris
982 3369 1167 3426 oculos
1197 3385 1398 3442 pauper
1439 3371 1507 3426 ad
1549 3373 1971 3431 consolationem

412 3463 492 3516 sui
535 3463 894 3530 praestoletur.
929 3460 1266 3529 Quapropter
1307 3461 1372 3514 ad
1420 3461 1612 3517 horum
1659 3464 1972 3535 vindictam,

415 3567 519 3604 non
560 3551 700 3620 quod
733 3552 799 3606 de
830 3563 1022 3624 recens
1070 3551 1122 3603 in
1168 3564 1261 3606 eos
1303 3551 1552 3608 admissis
1578 3553 1976 3626 designatisque

415 3639 669 3695 sanandis
702 3639 1114 3710 dispexerimus,
1146 3654 1330 3694 verum
1367 3647 1503 3696 utet
1537 3642 1745 3711 publice
1780 3645 1976 3714 perdu-

417 3743 624 3788 rantem
659 3734 734 3788 rei
773 3731 1091 3808 medicinam
1129 3730 1450 3800 faceremus,
1484 3745 1802 3805 praesentem
1837 3737 1977 3795 hanc

415 3827 582 3896 legem
630 3812 1111 3896 promulgavimus;
1166 3824 1462 3882 confectam
1505 3842 1536 3882 a
1582 3827 1759 3895 nobis,
1809 3839 1869 3886 ut
1907 3831 1977 3887 sit

414 3917 556 3973 velut
585 3918 826 3988 expulsio
859 3918 1101 3987 quaedam
1137 3925 1189 3972 et
1217 3919 1532 3988 expurgatio
1561 3921 1866 3992 cupiditatis
1895 3923 1976 3979 in-

413 4011 677 4066 satiabilis
701 4028 715 4066 :
745 4025 811 4066 ne
834 4010 944 4080 jam
971 4011 1094 4082 quis
1121 4011 1350 4082 amplius
1376 4011 1535 4069 rebus
1553 4014 1666 4069 suis
1692 4013 1973 4084 spolietur,

415 4117 480 4158 ue
510 4118 606 4173 per
639 4101 928 4173 potentiam
960 4112 1162 4172 pauper
1194 4103 1534 4172 opprimatur
1568 4121 1582 4158 :
1621 4118 1780 4172 quam
1803 4106 1974 4176 legem

412 4205 466 4249 et
498 4193 708 4266 publice
736 4193 1146 4258 conducibilem,
1189 4203 1244 4248 et
1281 4202 1557 4263 acceptam
1587 4194 1716 4260 Deo,
1749 4205 1801 4251 et
1826 4211 1974 4252 com-

414 4287 624 4342 modam
659 4287 772 4342 fore
800 4286 951 4352 ﬁsco,
979 4293 1034 4340 et
1063 4284 1368 4354 reipublicae
1405 4284 1734 4342 fructuosam
1774 4288 1976 4342 utilita-

414 4392 522 4432 tem
554 4377 837 4431 allaturum
867 4375 1260 4447 perspeximus.
1322 4377 1638 4446 Quanquam
1683 4392 1787 4434 non
1823 4379 1976 4450 igno-

2076 3385 2156 3448 εἰς
2187 3385 2532 3455 παράκλησιν
2560 3388 2588 3439 ὁ
2635 3386 2804 3458 πένης
2833 3388 3207 3458 προσδέχεται.
3242 3389 3340 3444 Διὰ
3370 3389 3540 3444 ταῦτα
3565 3392 3645 3454 εἰς

2077 3475 2174 3547 τὴν
2201 3477 2408 3531 τούτων
2443 3477 2724 3549 ἐκδίκησιν
2765 3479 2826 3532 ού
2861 3481 2930 3534 τὰ
2973 3480 3110 3550 πρὸς
3137 3482 3334 3545 αὐτοὺς
3364 3482 3524 3551 μόνον
3560 3483 3647 3535 εν-

2076 3583 2242 3638 αγχος
2263 3568 2584 3624 τελεσθέντα
2625 3587 2686 3623 τε
2713 3569 2746 3641 ἢ
2791 3571 3117 3643 τολμώμενα
3152 3571 3396 3636 ἐξιᾶσθαι
3427 3573 3644 3627 διασκο-

2079 3661 2374 3731 πήσαντες,
2431 3661 2567 3716 ἀλλὰ
2611 3663 2708 3716 καὶ
2748 3663 2933 3735 κοινὴν
2987 3665 3080 3718 καὶ
3141 3663 3504 3735 διαμένουσαν
3565 3666 3646 3735 τῷ

2077 3756 2364 3828 πράγματι
2393 3757 2692 3828 θεραπείαν
2732 3758 3126 3828 ἐπιτιθέμενοι,
3165 3758 3256 3811 τὸν
3281 3758 3526 3827 παρόντα
3556 3757 3645 3809 νό-

2081 3864 2180 3917 μον
2211 3847 2529 3919 ὲξεθέμεθα,
2581 3847 2746 3902 οίονεί
2786 3864 2910 3901 τινα
2958 3847 3188 3918 ἐκϐολὴν
3221 3848 3315 3901 καὶ
3359 3844 3646 3917 καθαρμὸν

2076 3943 2174 4011 τῆς
2204 3940 2480 4012 ἀπλήστου
2515 3939 2740 4013 γνώμης
2783 3940 2972 3995 τοῦτον
3023 3941 3508 4002 ἐπισκευάσαντες,
3569 3939 3646 4002 ὡς

2080 4035 2280 4103 μηκέτι
2305 4031 2427 4086 τινὰ
2469 4033 2580 4087 τῶν
2632 4033 2850 4087 οἰκείων
2880 4032 3292 4103 ἀλλοτριοῠσθαι
3324 4030 3441 4097 νῦν,
3465 4031 3539 4093 ὡς
3567 4030 3644 4100 μὴ

2078 4122 2637 4179 καταδυναστεύεσθαι
2670 4123 2898 4194 πένητα,
2945 4123 3019 4186 ὡς
3047 4125 3199 4194 κοινῇ
3235 4122 3641 4183 λυσιτελοῦσαν,

2078 4212 2174 4266 καὶ
2191 4211 2309 4282 Θεῷ
2339 4213 2698 4267 εὐαπόδεκτον
2721 4215 2817 4268 καὶ
2839 4214 2917 4285 τῷ
2946 4215 3193 4286 δημοσίῳ
3220 4214 3530 4284 πρόσφορον
3550 4213 3645 4267 καὶ

2078 4305 2143 4374 τῇ
2174 4302 2420 4374 πολιτείᾳ
2443 4305 2733 4375 χρήσιμον,
2763 4304 2860 4375 τὴν
2891 4306 3080 4376 χρείαν
3104 4304 3248 4375 ἔχειν
3274 4303 3645 4373 διασκεψάμε-

2079 4411 2179 4450 νοι.
2215 4393 2352 4448 Οὐδὲ
2375 4394 2544 4449 πάλαι
2582 4395 2682 4463 μὲν
2721 4394 2991 4466 λαθούσης
3019 4396 3051 4466 ἢ
3085 4398 3186 4466 τῆς
3219 4394 3292 4466 μὴ
3334 4393 3648 4464 προσηκούο

395 4487 595 4534 ~remus
647 4471 820 4540 banc
892 4486 1112 4527 causam
1176 4470 1303 4527 olim
1366 4485 1581 4540 quoque
1638 4471 1975 4542 convenienti

2081 4505 2181 4557 σης
2219 4484 2492 4556 τυχούσης
2535 4487 2852 4558 ἐπιμελείας
2883 4487 2980 4557 τῆς
3011 4486 3265 4556 τοιαύτης
3304 4485 3642 4544 ὑποθέσεως·

413 4566 612 4631 studio,
638 4565 1023 4636 diligentiaque
1069 4574 1357 4621 tractatam
1388 4583 1401 4619 :
1435 4580 1556 4620 eum
1591 4574 1810 4637 propter
1856 4580 1975 4621 eam

2080 4578 2145 4632 δι’
2197 4578 2265 4648 ἣν
2321 4578 2416 4632 καὶ
2468 4577 2639 4647 ψῆφοι
2685 4579 2778 4632 καὶ
2808 4579 3041 4650 κρίσεις,
3089 4577 3150 4630 τὸ
3200 4574 3506 4644 κακοῦργον
3546 4575 3645 4644 τῆς

409 4658 690 4713 sententia:
719 4659 1044 4728 decretaque
1084 4657 1390 4727 iudiciaria,
1433 4657 1627 4728 quibus
1656 4658 1972 4729 improbitas

2080 4647 2305 4740 γνώμης
2358 4669 2779 4722 ἀναστέλλουσαι
2823 4647 2918 4721 καὶ
2965 4669 3063 4740 τὴν
3107 4667 3207 4738 τῆς
3258 4665 3646 4734 πλεονεκτικῆς

412 4749 713 4824 animorum
747 4760 1110 4814 coerceretur,
1155 4764 1344 4806 omnes
1375 4749 1645 4820 subiectas
1695 4751 1849 4806 nobis
1893 4751 1975 4824 di-

414 4821 590 4898 tiones
617 4855 680 4895 ac
710 4841 1020 4911 provincias
1047 4842 1154 4897 sint
1181 4852 1491 4916 pervagata.
1525 4842 1630 4900 Sed
1663 4844 1786 4914 quia
1822 4821 1976 4906 malli-

415 4935 487 4989 tia
514 4943 788 4989 versutum
821 4931 1074 5005 quiddam
1107 4943 1209 5002 est,
1249 4943 1303 4989 et
1349 4934 1503 4990 valde
1554 4936 1781 5001 varium,
1818 4936 1978 5005 idque

410 5037 533 5079 cum
565 5023 631 5078 de
660 5023 804 5078 vitiis
835 5022 1104 5087 omnibus,
1137 5033 1247 5078 tum
1293 5039 1397 5078 non
1430 5023 1652 5080 minime
1691 5025 1756 5080 de
1796 5025 1975 5080 avari-

415 5113 509 5181 tia,
533 5115 616 5169 vel
643 5109 820 5184 magis
849 5115 1048 5185 potius,
1079 5129 1240 5185 quam
1279 5116 1345 5171 de
1377 5116 1607 5185 caeteris,
1637 5131 1822 5172 verum
1855 5125 1972 5182 est;

413 5206 486 5262 ita
518 5207 758 5278 quidem,
791 5217 851 5265 ut
879 5207 1045 5266 etiam
1081 5207 1331 5264 moliatur
1367 5209 1666 5265 sanctionis
1707 5207 1824 5278 lege
1847 5223 1977 5278 pro-

474 5373 493 5405 ί
524 5373 666 5430 Psal.
705 5389 781 5442 ιι,
804 5373 858 5431 6.

2081 4759 2262 4831 χειρδς
2298 4758 2519 4812 ἔκτασιν
2550 4759 3034 4823 καταστέλλουσαι,
3085 4761 3180 4812 καὶ
3206 4759 3264 4810 ἐν
3293 4756 3495 4819 πάσαις
3527 4757 3647 4816 ταῖς

2080 4850 2171 4920 ὑφ’
2220 4851 2372 4922 ἡμᾶς
2419 4852 2780 4922 τεταγμέναις
2825 4851 3024 4921 ἀρχαῖς
3080 4850 3645 4920 καταπεφοιτήκασιν.

2091 4942 2232 4997 Ἀλλ’
2260 4945 2384 4997 ἐπεὶ
2433 4942 2772 5014 πολύτροπον
2803 4945 2836 5013 ἠ
2863 4943 3031 4997 κακία
3056 4943 3146 4995 καὶ
3179 4939 3648 4996 πολυποικιλώτα-

2078 5051 2192 5100 τον,
2234 5037 2327 5089 καὶ
2375 5034 2585 5089 ἅπασαι
2621 5035 2741 5106 μὲν,
2788 5037 2886 5105 οὐχ
2915 5035 3120 5104 ἥκιστα
3165 5034 3222 5086 δὲ
3263 5023 3572 5095 πλεονεξία,
3601 5032 3648 5083 εί

2086 5126 2162 5196 μή
2190 5142 2252 5194 γε
2283 5126 2376 5180 καὶ
2407 5125 2628 5197 μᾶλλον,
2653 5125 2728 5188 ώς
2745 5127 2926 5196 νόμων
2945 5125 3040 5180 καὶ
3063 5124 3452 5193 θεσπισμάτων
3483 5121 3650 5183 λαϐάς

2084 5215 2484 5286 διαδιδράσκειν
2541 5215 2892 5288 μηχανᾶσθαι
2949 5216 3043 5270 καὶ
3086 5217 3180 5269 τὸν
3216 5213 3485 5286 ἀλάθητον
3521 5222 3653 5280 παρ’

482 5508 858 5594 (θλ-ξοιιξιεεο
895 5514 1042 5585 leg”:
1083 5512 1219 5584 Περὶ
1249 5512 1346 5570 τοῦ
1375 5513 1722 5585 μονασάντων
1779 5515 1971 5586 κτήσει

2079 5518 2122 5590 μὴ
2185 5519 2487 5591 λαμϐάνειν
2533 5521 2604 5579 τά
2633 5522 2998 5593 μοναστήρια,
3029 5521 3148 5579 ἀλλ’
3177 5521 3323 5594 ὑπὲρ
3368 5519 3652 5591 ἀποταγῆς

408 5577 518 5634 τῶν
537 5577 632 5638 διδ.
666 5585 781 5637 κτλ.
