4058 6212
417 357 517 426 561

1512 368 1873 433 ΝΟιἘιιιΕ
1914 372 2583 436 CONSTITUTIONES.

3563 367 3666 430 562

418 469 577 522 οὐδὲν
604 468 702 537 τῆς
733 469 883 534 θείας
916 472 1070 541 δίκης
1100 474 1342 529 τίθεσθαι
1373 478 1670 551 ὀφθαλμὸν,
1704 484 1789 538 διὰ
1820 486 1992 540 ταῦτα

2104 487 2353 557 mulgata:
2384 484 2593 539 vincula
2625 480 2939 552 pervadere,
2970 486 3128 546 atque
3156 478 3362 534 oculum
3386 478 3522 533 adeo
3552 480 3667 533 vin~

422 559 515 612 νῦν
569 561 983 633 ἀσφαλεστέρας
1041 565 1134 618 καὶ
1199 567 1629 643 ἐπιμελεστέρας
1672 576 1996 648 ἀναγραφῆς

422 653 652 720 ἠξίωται
682 654 877 718 ταῦτα,
911 656 1008 726 τῆς
1043 658 1153 710 τῶν
1202 663 1654 733 κακουργούντων
1689 665 1997 740 βουλήσεως

422 746 491 798 τὰ
516 745 824 815 σοφίσματα
859 747 1121 817 ρίπτοντά
1157 767 1217 803 τε
1247 753 1341 806 καὶ
1370 755 1764 828 ἀποτέμνοντα.
1794 761 1996 815 Θεσπί-

425 839 592 906 ζομεν
626 838 936 909 τοιγαροῦν,
964 840 1091 902 τοὺς
1130 841 1188 893 ὲν
1218 842 1364 915 πάσῃ
1396 843 1551 918 χώρᾳ
1604 848 1698 902 καὶ⁵
1729 850 1993 922 πολιτείᾳ,

424 929 489 998 ἣν
520 929 655 999 μετά
685 928 815 982 θεὸν
845 930 877 1001 ἠ
912 929 1001 998 ὑφ’
1037 931 1196 1001 ἡμῶν
1246 933 1424 988 διέπει
1469 937 1647 1009 ἀρχὴ,
1705 942 1994 1011 διάγοντας

426 1018 714 1088 ἐλευθέραν
755 1020 851 1073 καὶ
873 1021 1228 1093 ἀνενόχλητον
1256 1024 1355 1096 τὴν
1382 1026 1653 1098 λαχοῦσαν
1688 1031 1833 1101 ἔχειν
1859 1050 1993 1087 κατ·-

423 1110 655 1179 οίκησιν.
681 1110 822 1165 Ἀλλ’
848 1114 897 1166 εί
924 1114 1022 1185 μὲν
1042 1114 1201 1169 τοῦτο
1236 1118 1389 1188 μένει
1417 1120 1702 1190 φυλάττων
1730 1126 1757 1178 ὁ
1779 1125 1991 1195 χρόνος,

423 1202 563 1254 ἔστω
610 1204 710 1273 τῆς
737 1204 847 1257 τῶν
876 1205 1151 1278 τέκνωνῆ
1202 1212 1483 1279 συγγενῶν
1529 1212 1885 1285 κληροδοσίας
1936 1218 1996 1272 τὸ

424 1290 709 1361 ὲπίκτημα
760 1293 793 1362 ἢ
847 1293 947 1362 τῆς
1008 1294 1101 1348 τοῦ
1148 1300 1470 1368 κατέχοντος
1516 1302 1892 1372 προαιρέσεως
1934 1306 1996 1359 το

425 1382 674 1454 βούλημα
708 1385 1223 1459 συμπληρούμενον.
1263 1389 1325 1443 Εί
1354 1392 1434 1456 δὲ,
1474 1389 1560 1446 οἷα
1596 1394 1695 1465 τῆς
1721 1396 1996 1467 ἀνθρωπί-

422 1492 519 1545 νης
551 1474 794 1544 βιώσεως
821 1477 1029 1546 καὶτῆς
1055 1478 1149 1531 τοῦ
1174 1481 1364 1550 χρόνου
1384 1483 1728 1555 παλιρροίας,
1751 1486 1998 1558 ἀνάγκης

424 1564 456 1635 ἢ
490 1567 681 1635 χρείας
715 1567 1154 1641 ὲπικειμένης,ἦ
1192 1572 1285 1624 καὶ
1332 1572 1603 1645 θελήσεως
1637 1575 1800 1646 τυχὸν
1831 1577 1999 1649 μόνης

427 1657 822 1728 ὑποτιθεμένης
843 1699 857 1722 ,
911 1660 1011 1731 τὴν
1043 1661 1149 1715 τῶν
1182 1664 1399 1718 οἰκείων
1433 1666 1616 1720 τόπων
1649 1668 1937 1737 ύπεισάγει
1964 1669 1997 1739 ἢ

430 1749 672 1817 μερικῶς
708 1750 739 1819 ἢ
769 1749 995 1805 καθόλου
1049 1755 1354 1825 ἐκποίησιν,
1408 1759 1520 1821 τοῖς
1570 1759 1680 1812 τῶν
1729 1760 1908 1814 αὐτῶν
1963 1762 1996 1829 ἢ

427 1840 657 1893 καὶτῶν
689 1841 1036 1913 ὁμορούντων
1083 1846 1272 1916 ἀγρῶν
1306 1848 1338 1917 ἢ
1376 1850 1589 1919 χωρίων
1622 1853 1934 1924 οἰκήτορσιν
1962 1856 1995 1923 ἡ
2033 1834 2074 1889 Β

426 1928 693 2001 ὲξὼνησις
744 1933 1078 2003 προκείσθω.
1132 1934 1211 1989 Οὐ
1247 1935 1395 2004 μίσει
1445 1938 1500 1991 δὲ
1535 1941 1628 1992 καὶ
1663 1940 1840 2010 φθόνῳ
1892 1943 2001 1995 τῶν

428 2022 791 2093 ἰσχυροτέρων
848 2026 1019 2079 ταῦτα
1053 2026 1512 2098 θεσμοθετοῦμεν,
1547 2030 1662 2084 ἀλλ’
1694 2032 1877 2103 εὐνοία
1908 2035 2005 2087 καὶ

430 2111 738 2183 προστασίᾳ
765 2114 873 2167 τῶν
904 2117 1150 2185 πενήτων
1208 2121 1302 2171 καὶ
1351 2123 1504 2190 κοινῇ
1543 2121 1788 2192 σωτηρία
1846 2121 2004 2176 τοῦτο

426 2203 799 2273 διοριζόμεθα.
848 2206 987 2259 Ἀνθ’
1032 2200 1108 2262 ὧν
1151 2210 1260 2282 γὰρ
1308 2211 1475 2282 ἐχρῆν
1529 2215 1653 2276 τοὺς
1703 2215 1893 2286 ἄρχειν
1941 2218 2005 2270 ὲκ

426 2290 563 2343 Θεοῦ
597 2292 883 2362 λαχόντας,
924 2299 1050 2359 τοὺς
1101 2298 1224 2370 δόξῃ
1260 2300 1351 2354 καὶ
1383 2302 1596 2374 πλούτῳ
1646 2305 1755 2357 τῶν
1792 2307 2005 2361 πολλῶν

426 2381 963 2452 ὐπερανεστηκότας,
1030 2388 1157 2456 περὶ
1193 2389 1391 2443 πολλοῦ
1435 2392 1534 2463 τὴν
1586 2393 1693 2446 τῶν
1748 2396 1996 2467 πενήτων

424 2471 699 2523 ποιεῖσθαι
754 2474 1117 2545 προμήθειαν,
1165 2472 1311 2531 οὗτοι
1377 2482 1719 2552 κατάϐρωμα
1773 2484 1996 2551 τούτους

424 2560 642 2631 ἔχοντες
668 2563 751 2616 ὅτι
785 2563 860 2635 μὴ
888 2565 1074 2636 τάχιον
1097 2567 1270 2621 ταῦτα
1304 2570 1593 2641 κατέχουσι
1616 2572 1995 2645 δυσχεραίνου-

427 2670 528 2707 σιν.
550 2655 613 2707 Εί
642 2654 696 2707 δὲ
729 2656 823 2708 καὶ
856 2657 931 2726 μὴ
967 2658 1185 2711 πάντων
1204 2659 1265 2711 τὸ
1292 2661 1535 2715 τοιοῦτον
1554 2664 1991 2738 ἀνοσιούργημα,

426 2745 541 2797 ἀλλ’
573 2744 711 2798 ἔστω
743 2748 876 2800 πᾶσι
910 2748 1087 2803 κοινὸν
1127 2750 1187 2802 τὸ
1215 2751 1306 2805 τοῦ
1335 2754 1500 2822 νόμου
1545 2757 1890 2827 συντήρημα,
1919 2757 1996 2822 ὡς

428 2834 493 2886 ἂν
532 2835 605 2905 μὴ
636 2835 775 2909 λάθῃ
807 2837 884 2908 τῷ
916 2838 1047 2908 σίτῳ
1081 2843 1564 2913 συνεισφερόμενον
1626 2847 1685 2898 τὸ
1735 2846 1991 2911 ζιζάνιον.

2097 580 2254 635 dicta:
2276 577 2493 643 divinae,
2525 590 2686 644 quem
2721 573 2855 627 nihil
2882 573 3035 639 latet,
3065 571 3215 625 llocci
3246 572 3437 626 faciat:
3464 571 3667 626 idcirco

2097 685 2243 725 nunc
2274 683 2494 740 Operam
2526 666 2791 731 dedimus,
2824 673 2879 718 ut
2909 666 3023 719 haec
3053 663 3208 735 longe
3239 672 3346 717 tam
3377 664 3590 718 cautius
3615 674 3670 718 et

2098 765 2323 827 certius,
2353 774 2516 831 quam
2543 756 2851 826 diligentius
2878 753 3377 824 perscriberentur;
3409 768 3511 822 qua
3546 768 3669 821 per—

2097 849 2390 919 scriptione
2419 853 2724 902 commenta
2750 844 2987 899 libidinis
3010 842 3380 897 fraudulenter
3395 844 3667 912 agentium

2098 948 2413 996 resecentur
2468 949 2523 994 et
2584 937 2963 1006 explodautur.
3017 934 3302 990 Sancimus
3362 936 3547 1004 igitur,
3614 944 3671 988 ut

2096 1040 2364 1101 quotquot
2414 1030 2468 1085 in
2521 1030 2774 1084 universa
2817 1029 3021 1083 ditione
3064 1042 3129 1083 ac
3173 1027 3465 1096 republica,
3507 1043 3668 1096 quam

2098 1122 2394 1180 secundum
2426 1122 2619 1188 Deum,
2646 1130 2889 1176 nostrum
2925 1121 3063 1189 regit
3093 1119 3401 1188 imperium,
3439 1122 3633 1188 degunt
3655 1157 3668 1179 ,

2097 1214 2451 1279 domicilium,
2502 1213 2646 1283 quod
2702 1212 2833 1282 ipsis
2881 1210 3095 1280 obtigit,
3161 1210 3329 1264 libere
3386 1210 3673 1278 quieteque

2099 1306 2433 1376 possideant.
2486 1303 2750 1360 Nimirum
2800 1304 2842 1358 si
2902 1301 3159 1370 temporis
3207 1313 3271 1354 ea
3320 1301 3675 1355 commoditas

2099 1406 2201 1461 est,
2235 1406 2294 1450 ut
2325 1412 2481 1452 suum
2511 1396 2613 1451 sibi
2650 1395 2907 1466 praedium
2956 1393 3203 1462 quisque
3237 1400 3437 1456 servet,
3470 1393 3675 1444 'succe-

2100 1490 2231 1543 dant
2261 1489 2312 1542 in
2356 1504 2421 1543 eo
2466 1488 2623 1543 liberi
2664 1497 2757 1541 aut
2813 1485 3047 1554 cognati,
3099 1484 3205 1537 vel‘
3237 1481 3568 1552 possessoris
3613 1482 3677 1533 de

2101 1594 2166 1634 eo
2198 1579 2483 1635 statuentis
2498 1578 2749 1634 voluntas
2780 1576 3086 1646 impleatur.
3126 1574 3348 1629 Si'vero
3378 1575 3500 1643 quis
3529 1573 3677 1627 loco-

2106 1689 2223 1728 rum
2278 1687 2497 1728 suorum
2528 1671 2611 1725 vel
2647 1669 3044 1739 particularem,
3084 1667 3501 1720 vel~universam
3541 1666 3674 1718 alie—

2103 1766 2377 1820 nationem
2419 1762 2684 1827 instituat,
2737 1770 2862 1830 puta
2900 1760 2978 1815 sic
3019 1760 3255 1814 humano
3303 1757 3549 1823 consilio,
3593 1756 3687 1810 vel“

2100 1866 2217 1910 orta
2251 1856 2316 1909 de
2358 1852 2731 1908 vicissitudine
2767 1848 3024 1918 temporis
3065 1846 3391 1902 necessitate
3426 1852 3676 1913 urgente,

2098 1945 2182 2001 vel
2211 1944 2373 1999 etiam
2406 1942 2521 1997 sola
2542 1940 2817 1995 voluntate
2847 1944 3169 2007 suggerente
3197 1951 3211 1988 :
3240 1933 3561 2002 praediorum
3596 1930 3680 1984 vel

2099 2050 2352 2105 agrorum
2381 2033 2718 2094 eorumdem,
2760 2040 2850 2084 aut
2886 2030 3049 2083 etiam
3080 2026 3376 2082 confinium
3411 2022 3680 2079 habitato-

2100 2126 2250 2179 ribus
2284 2123 2546 2193 permissa
2591 2122 2660 2175 sit
2707 2120 2929 2189 emptio,
2984 2132 3090 2173 non
3140 2116 3286 2185 quod
3328 2115 3430 2170 hoc
3475 2113 3561 2169 vel
3610 2114 3677 2167 ad

2098 2215 2304 2280 odium,
2357 2214 2439 2269 vel
2490 2207 2747 2267 invidiam
2799 2210 3163 2281 potentiorum
3216 2215 3556 2271 statuamus;
3586 2205 3681 2260 sed

2101 2306 2169 2361 ad
2200 2305 2438 2360 favorem
2487 2312 2544 2359 et
2586 2302 2946 2373 patrocinium
2984 2313 3305 2372 pauperum,
3342 2299 3683 2366 salutemque

2101 2397 2393 2466 publicam,
2422 2395 2495 2450 ita
2520 2394 2865 2450 deliniamus.
2894 2393 3101 2462 Quippe
3126 2406 3225 2459 pro
3249 2405 3337 2453 eo,
3369 2389 3513 2460 quod
3539 2387 3679 2449 illos,

2101 2488 2193 2557 qui
2226 2486 2485 2542 divinitus
2517 2487 2900 2557 magistratum
2939 2484 3162 2556 gerendi
3195 2480 3518 2550 potestatem
3544 2492 3679 2533 con-

2100 2576 2269 2633 secuti
2294 2582 2439 2639 sunt,
2467 2574 2669 2645 quique
2694 2584 2801 2628 tam
2825 2574 3017 2644 gloria,
3034 2586 3195 2642 quam
3218 2570 3414 2641 opibus
3446 2568 3693 2637 reliquos.

2099 2667 2452 2733 antecellunt,
2510 2666 2665 2721 valde
2726 2666 2792 2720 de
2848 2663 3173 2732 pauperibus
3243 2674 3365 2717 esse
3424 2657 3684 2715 sollicitos

2098 2761 2417 2830 oportebat;
2450 2759 2551 2829 ipsi
2584 2773 2679 2814 eos
2710 2772 2808 2827 pro
2841 2770 2965 2812 esca
3006 2770 3105 2811 sua
3148 2754 3428 2817 ducentes,
3470 2762 3685 2819 permo-

2101 2852 2240 2908 leste
2280 2852 2487 2917 ferunt,
2524 2864 2713 2906 eorum
2758 2862 2817 2903 se
2848 2848 2989 2904 bona
3036 2847 3194 2902 citius
3235 2859 3341 2899 non
3381 2842 3681 2913 possidere.

429 2929 581 2992 Quod
614 2932 659 2983 si
707 2946 810 2984 non
854 2932 904 2985 in
942 2948 1132 2987 omnes
1168 2936 1389 3004 impium
1422 2938 1555 2993 adeo
1590 2939 1799 2996 facinus
1831 2943 1997 3009 cadit,
2038 2953 2094 2999 at
2127 2945 2261 3014 legis
2293 2945 2454 3015 hujus
2499 2942 2810 3000 observatio
2875 2938 3182 2995 communis
3210 2934 3489 3008 [omnibus
3522 2941 3638 2988 esto
3668 2946 3680 2981 :

427 3039 494 3074 ue
523 3023 751 3077 latenter
785 3040 886 3078 una
915 3040 1036 3079 cum
1068 3028 1243 3081 tritico
1275 3028 1457 3084 lolium
1494 3031 1797 3102 colligatur.

500 3114 569 3169 α’.
596 3117 801 3186 Μηδεὶς
834 3114 927 3173 οὖν
952 3120 1151 3191 μηκέτι
1184 3123 1321 3193 μήτε
1349 3124 1459 3177 τῶν
1501 3128 1816 3197 περιφανῶν
1846 3129 2001 3199 μαγί-

2188 3131 2236 3181 1.
2291 3125 2481 3181 Nullus
2509 3124 2672 3195 igitur
2704 3122 2757 3177 in
2789 3130 3064 3192 posterum
3092 3133 3191 3174 nec
3232 3118 3522 3173 lllustrium
3567 3129 3682 3169 ma-

430 3224 607 3277 στρων
637 3208 670 3277 ἢ
701 3211 1030 3275 πατρικίων,
1053 3212 1190 3282 μήτε
1222 3213 1333 3268 τῶν
1360 3214 1613 3288 ἁρχαίςῆ
1643 3218 2002 3291 στρατηγίαις

427 3298 461 3372 ἢ
514 3298 809 3365 πολιτικοῖς
858 3303 893 3373 ἢ
925 3307 1339 3375 στρατιωτικοῖς
1383 3307 1661 3378 ἀξιώμασι
1694 3311 2000 3383 τετιμημέ-

428 3408 556 3456 νων,
591 3392 728 3463 μήτε
761 3394 868 3466 μὴν
904 3396 1043 3459 ὅλως
1072 3396 1181 3451 τῶν
1208 3400 1291 3461 είς
1327 3400 1634 3473 συγκλήτου
1666 3402 1864 3476 βουλὴν
1896 3405 2003 3459 ἀπο

430 3483 847 3555 ηριθμημένων,
877 3487 1016 3558 μήτε
1044 3487 1153 3543 τῶν
1184 3490 1498 3562 θεματικῶν
1523 3495 1801 3566 ἀρχόντων
1832 3497 1864 3569 ἢ
1894 3497 2001 3551 ἀπ-

427 3576 730 3647 αρχόντων,
758 3580 896 3650 μήτε
926 3573 1035 3635 τῶν
1061 3582 1489 3654 θεοφιλεστάτων
1522 3589 1935 3660 μητροπολιτῶν
1966 3590 1999 3661 ἡ

426 3667 875 3737 ἀρχιεπισκόπνιιν
907 3672 939 3742 ἢ
981 3674 1295 3730 ἐπισκόπων
1326 3679 1358 3748 ἢ
1400 3680 1718 3749 ἡγουμένων
1753 3682 1786 3751 ἢ
1814 3681 2010 3751 ἐκκλη-

431 3759 731 3814 σιαστικῶν
759 3762 1038 3831 ἀρχόντων
1065 3764 1096 3833 ἢ
1129 3766 1237 3819 τῶν
1267 3767 1366 3837 τὴν
1397 3770 1737 3836 προστασίαν
1768 3770 1860 3822 καὶ
1888 3770 2007 3822 ἐπι·

431 3850 693 3915 κράτειαν
718 3851 826 3903 τῶν
857 3852 1126 3925 εὐαγῶνῆ
1158 3855 1452 3922 βασιλικῶν
1483 3859 1647 3911 οίκων
1674 3858 1927 3927 ἑχόντων,
1967 3861 2001 3929 ἢ

432 3942 512 4002 εἰς
543 3942 742 3994 οίκείον
771 3942 1060 4013 πρόσωπον
1089 3945 1121 4015 ἢ
1152 3945 1251 4014 τῆς
1301 3946 1586 4018 βασιλικῆς
1619 3949 1937 4019 περιουσίας
1967 3949 2001 4020 ἢ

430 4030 530 4097 τῆς
561 4031 909 4102 Ἑκκλησίας,
932 4035 965 4103 ἤ
989 4035 1054 4088 δι’
1078 4035 1336 4109 ἑαυτῶνῆ
1358 4037 1444 4090 διὰ
1472 4038 1799 4109 παρενθέτου
1828 4057 2000 4111 προσ-

428 4123 579 4175 ώπου
615 4125 872 4195 τολμήσει
904 4127 1103 4198 μηκέτι
1136 4127 1246 4183 εἴτε
1281 4130 1360 4193 είς
1390 4132 1588 4201 χωρίον
1616 4132 1646 4201 ἥ
1680 4134 1761 4195 είς
1796 4134 1993 4204 ἀγρὸν,

430 4214 461 4283 ἢ
496 4216 725 4270 καθόλου
762 4219 794 4288 ἢ
831 4220 1075 4289 μερικῶς
1128 4221 1470 4276 ύπεισελθεῖν
1522 4224 1553 4295 ἢ
1592 4226 1796 4294 ἀγορᾶς
1832 4226 1864 4297 ἢ
1894 4225 1998 4278 δω-

435 4308 561 4371 ρεᾶς
589 4308 620 4376 ἢ
650 4308 1006 4380 κληροδοσίας
1043 4311 1268 4383 ἤᾶλλης
1302 4314 1524 4367 οίασοῦν
1557 4315 1883 4385 προφάσεως
1916 4318 2001 4370 αί-

428 4401 539 4470 τίᾳ,
589 4400 665 4463 ὡς
722 4401 1015 4474 ἀνισχύρου
1052 4405 1149 4475 μὲν
1173 4404 1540 4477 διορισθείσης
1580 4409 1680 4478 τῆς
1736 4408 1997 4479 τοιαύτης

2108 3220 2429 3293 gistrorum,
2461 3224 2557 3271 aut
2586 3212 2957 3285 patriciorum,
2988 3224 3087 3266 nec
3121 3208 3544 3281 magistratibus,
3590 3216 3684 3260 aut

2108 3309 2381 3383 prmturis,
2444 3315 2539 3363 aut
2583 3303 2831 3361 civilibus
2878 3300 3270 3357 militaribusve
3327 3296 3679 3368 dignitatibus

2106 3403 2517 3464 honoratorum,
2564 3410 2665 3451 nec
2710 3409 2898 3452 eorum
2942 3392 3187 3465 omnino,
3234 3390 3326 3460 qui
3368 3396 3677 3445 senatorum

2108 3505 2337 3549 numero
2364 3496 2675 3554 censentur,
2702 3500 2800 3542 nec
2822 3481 3233 3556 provincialium
3264 3478 3573 3551 praesidum,
3599 3475 3686 3532 vel

2106 3580 2490 3654 expuesidum,
2518 3592 2620 3637 nec
2647 3574 3144 3633 amantissimorum
3179 3569 3271 3627 Dei
3304 3567 3682 3638 metropolita-

2108 3690 2327 3739 norum,
2356 3673 2440 3728 vel
2471 3659 3027 3741 archiepiscoporum,
3060 3661 3148 3718 vel
3175 3664 3570 3732 episcoporum,
3602 3659 3684 3715 vel

2109 3768 2384 3828 abbatum,
2426 3764 2541 3818 sive
2569 3762 2831 3830 priorum,
2863 3757 2948 3812 vel
2975 3752 3464 3811 ecclesiasticarum
3494 3749 3683 3818 praesi-

2109 3858 2258 3921 dum,
2287 3853 2373 3908 vel
2400 3865 2611 3913 eorum,
2646 3849 2735 3918 qui
2780 3846 3049 3917 religiosis
3078 3843 3287 3898 aedibus
3324 3852 3415 3897 aut
3446 3848 3687 3910 augusta:

2109 3947 2267 4003 alicui
2301 3943 2484 4001 domui
2538 3956 2661 3996 cum
2713 3945 2981 4009 potestate
3035 3945 3300 4006 praesunt,
3352 3934 3406 3990 in
3455 3945 3685 4003 persona

2108 4054 2229 4103 sua,
2264 4036 2350 4093 vel
2382 4033 2598 4092 nomine
2635 4029 2947 4103 patrimonii
2988 4026 3271 4099 principis,
3302 4025 3385 4080 vel
3414 4024 3691 4088 ecclesiae,

2108 4147 2205 4203 per
2223 4145 2304 4195 se,
2329 4128 2413 4183 vel
2434 4141 2531 4197 per
2551 4125 2849 4196 subjectam
2878 4131 3192 4193 personam,
3226 4118 3423 4173 audeat
3448 4114 3686 4186 amplius

2110 4225 2164 4279 in
2197 4220 2454 4293 praedium
2490 4217 2572 4272 vel
2602 4230 2791 4289 agrum
2824 4214 2876 4269 in
2902 4213 3131 4270 solidum
3165 4219 3259 4267 aut
3291 4225 3355 4265 ex
3384 4216 3537 4280 parte
3564 4223 3705 4263 sue-.7

2112 4318 2326 4379 cedere,
2362 4312 2446 4368 vel
2477 4308 2786 4380 emptionis,
2816 4305 2900 4362 vel
2930 4302 3261 4369 donationis,
3290 4301 3370 4357 vel
3399 4300 3685 4356 haeredita-

2116 4409 2208 4473 tis,
2234 4406 2319 4461 vel
2345 4400 2646 4460 occasionis
2676 4397 2900 4454 alterius
2942 4395 3311 4466 cujuscunque
3336 4392 3490 4450 titulo
3523 4410 3541 4446 :7
3563 4405 3685 4445 cum

432 4493 846 4561 προσκτήσεως,
874 4495 1202 4567 ἀναργύρως
1234 4497 1291 4549 δὲ
1314 4497 1421 4550 τῶν
1447 4499 1835 4569 ὲπικτωμένων
1864 4498 2001 4568 μετά

2108 4494 2412 4568 huiusmodi
2430 4491 2716 4563 acquisitio
2745 4488 2942 4545 nullius
2971 4499 3092 4543 esse
3122 4485 3395 4541 momenti.
3413 4482 3687 4539 declarata

430 4586 527 4650 τῆς
562 4585 994 4656 προσγινομένης
1029 4588 1379 4659 καλλιεργίας
1413 4591 1548 4659 πρὸς
1584 4591 1710 4653 τοὺς
1737 4591 1999 4659 κατέχον-

430 4692 550 4736 τας,
577 4676 610 4746 ἢ
639 4676 844 4729 τούτων
868 4678 900 4748 ἢ
926 4680 1206 4747 συγγενῶν
1229 4681 1410 4735 αὐτῶν
1434 4680 1508 4751 μὴ
1533 4681 1845 4750 προσόντων
1865 4680 2002 4750 πρὸς

430 4766 557 4827 τοὺς
601 4767 709 4821 τῶν
748 4769 964 4839 χωρίων
995 4772 1026 4840 ἢ
1056 4771 1240 4841 ἀγρῶν
1270 4773 1563 4843 οἰκήτορας
1595 4777 1792 4842 χωρεῖν
1823 4774 2006 4827 διακε-

433 4855 785 4911 λευσθέντων.
824 4859 887 4911 Ἦ
917 4858 1025 4931 γὰρ
1059 4860 1168 4913 τῶν
1188 4861 1444 4915 τοιούτων
1480 4863 1806 4932 ἐπικράτεια
1834 4879 2003 4933 προσ-

431 4948 597 5000 ώπων
624 4950 717 5001 καὶ
746 4950 854 5004 τῶν
891 4952 1140 5021 πενήτων
1188 4954 1285 5025 τὴν
1336 4953 1536 5024 πολλὴν
1586 4952 1865 5024 ἐπηύξησε
1906 4971 2003 5007 τα-

432 5037 759 5111 λαιπωρίαν,
804 5042 881 5112 τῷ
926 5043 1122 5115 πλήθει
1151 5045 1260 5098 τῶν
1304 5044 1555 5107 οἰκετῶν,
1604 5044 1713 5098 τῶν
1771 5045 2005 5116 μισθαρο

432 5131 691 5197 νούντων,
720 5132 829 5187 τῶν
857 5134 1033 5199 άλλως
1066 5138 1466 5207 ὲπιτρεχὸντων
1495 5138 1588 5191 καὶ
1613 5136 1878 5190 συνόντων
1903 5137 2003 5199 τὰς

434 5224 857 5289 ἐπαναστάσεις,
877 5227 975 5291 τὰς
996 5228 1228 5297 διώξεις,
1244 5229 1342 5294 τὰς
1369 5229 1673 5300 ἀγγαρείας
1698 5230 2000 5298 ἐπάγουσα,

433 5314 532 5377 τὰς
551 5315 727 5380 ἄλλως
756 5318 1230 5383 ὲπακολουθούσας
1252 5320 1460 5389 θλίψεις
1491 5321 1582 5374 καὶ
1619 5321 2007 5392 στενοχωρίας,

436 5408 530 5459 καὶ
562 5409 662 5479 τὴν
682 5410 776 5463 τοῦ
806 5412 986 5464 κοινοῦ
1016 5411 1317 5484 διαφθορὰν
1345 5414 1454 5477 τοῖς
1498 5414 1733 5483 συνορᾷν
1762 5412 2007 5482 δυναμέ-

435 5515 547 5562 νοις
578 5500 639 5553 οὑ
673 5500 899 5571 μικρὰν,
917 5503 965 5554 εί
985 5502 1060 5573 μὴ
1082 5503 1403 5574 προφθάσας
1423 5506 1451 5556 ὁ
1485 5503 1675 5574 παρὼν
1703 5504 2009 5557 ἁναστείλει

436 5586 621 5655 νόμος,
664 5587 1050 5659 προεξένησεν.
1089 5591 1155 5643 'H
1182 5590 1292 5661 γὰρ
1320 5589 1427 5643 τῶν
1456 5591 1667 5644 πολλῶν
1688 5590 2009 5661 κατοίκησις

438 5681 641 5751 πολλὴν
681 5681 926 5735 δείκνυσι
957 5681 1055 5751 τῆς
1081 5683 1270 5755 χρείας
1298 5683 1397 5753 τὴν
1441 5685 1734 5753 ὠφέλειαν,
1767 5684 1866 5756 τὴν
1899 5683 2009 5737 τῶν

435 5768 714 5843 δημοσίων
757 5774 1139 5847 συνεισφορὰν,
1175 5775 1273 5849 τὴν
1317 5775 1423 5830 τῶν
1456 5776 1863 5849 στρατιωτικῶν
1903 5775 2010 5829 λει-

2109 4593 2199 4655 sit,
2249 4596 2304 4644 et
2330 4591 2530 4657 absque
2566 4583 2726 4655 pretii
2774 4580 3115 4638 restitutione
3142 4592 3229 4634 res
3258 4577 3553 4647 acquisitas
3580 4591 3682 4630 una

2107 4696 2229 4735 cum
2261 4678 2590 4748 expolitione
2623 4675 2742 4748 fhoc
2775 4683 2873 4743 est,
2929 4687 3053 4729 cum
3087 4668 3525 4740 emponematis],
3566 4684 3686 4737 qua:

2108 4772 2354 4835 accessit,
2419 4770 2485 4824 ad
2552 4781 2914 4839 possessores,
2979 4772 3073 4819 aut
3132 4762 3535 4833 possessoribus
3590 4777 3682 4814 eu-

2111 4878 2300 4919 rumve
2341 4859 2656 4931 propinquis
2704 4872 2812 4913 non
2864 4855 3229 4917 exstantibus,
3288 4853 3354 4907 ad
3413 4852 3682 4904 habitato-

2109 4971 2197 5011 res
2254 4956 2491 5009 vicorum
2545 4951 2628 5007 vel
2662 4964 2911 5020 agrorum
2951 4947 3254 5019 pervenire,
3313 4942 3507 4999 merito
3569 4953 3683 4995 sta-

2110 5052 2288 5098 tutum
2345 5041 2437 5095 sit.
2507 5038 2641 5093 Nam
2706 5035 2970 5107 ejusmodi
3028 5045 3382 5105 personarum
3441 5036 3683 5099 potestas

2110 5149 2357 5205 magnam
2416 5131 2558 5185 illam
2610 5142 2903 5199 pauperum
2954 5127 3226 5182 miseriam
3275 5121 3522 5185 adauxit,
3572 5119 3684 5188 ipsa

2111 5225 2453 5282 multitudine
2510 5220 2854 5283 famulorum,
2909 5214 3386 5275 mercenariorum,
3449 5219 3505 5266 et
3548 5208 3684 5264 alias

2108 5317 2500 5374 accurrentium
2573 5322 2735 5384 atque
2792 5326 2913 5368 cum
2987 5309 3067 5365 eis
3138 5305 3467 5378 degentium,
3520 5302 3687 5357 insul-

2112 5417 2215 5473 tus,
2273 5417 2327 5462 et
2381 5406 2802 5476 persecutiones,
2859 5409 2914 5455 et
2950 5397 3201 5469 angarias
3228 5396 3493 5460 inferens,
3524 5403 3688 5462 atque

2113 5498 2433 5555 comitantes
2472 5496 2606 5552 alias
2652 5491 2995 5553 aﬂlictiones,
3047 5496 3101 5544 et
3164 5486 3461 5556 angustias,
3502 5493 3557 5539 et
3603 5486 3685 5540 rei

2114 5590 2418 5648 communis
2439 5588 2665 5644 exitium
2690 5583 2997 5642 conﬁnibus
3018 5597 3123 5639 non
3145 5579 3644 5654 exiguum'gignens
3668 5597 3681 5632 :

2110 5685 2213 5739 nisi
2238 5681 2322 5738 lex
2345 5694 2604 5752 praesens,
2636 5680 2753 5734 haec
2779 5676 3145 5748 anticipando,
3171 5683 3443 5737 coerceat.
3476 5672 3684 5742 Quippe

2109 5772 2344 5845 plurium
2377 5768 2675 5828 incolarum
2699 5765 3003 5839 frequentia
3033 5776 3241 5839 magna
3272 5764 3683 5823 commodorum
