4056 6210
338 396 445 461 563

1326 403 1827 464 CONSTANTINI
1868 408 2534 469 POliPHYilOGENlTl
2584 460 2591 465 κ
3043 475 3048 480 ,
3488 403 3588 466 Sili

337 515 702 588 perceptioms
732 512 990 568 indicium
1039 520 1143 577 est,
1188 523 1242 567 et
1279 518 1655 584 praestatioues
1697 533 1910 585 eorum,

2046 522 2411 591 ουργημάτων
2450 521 2788 574 συντέλειαν·
2836 520 2871 573 ἃ
2925 519 3142 581 πάντως
3176 517 3459 587 ἀπολείψει
3491 522 3588 573 τοῦ

339 624 461 678 quae
491 608 604 664 lisci
625 616 771 669 sunt,
795 614 848 659 et
873 603 1181 660 collationis
1209 604 1542 663 functionqu
1568 609 1906 665 militarium.

341 703 471 770 Quae
501 701 680 756 omnia
708 698 865 767 plane
893 698 1170 754 defectura
1205 710 1353 767 sunt,
1387 702 1479 758 ubi
1518 703 1801 759 multitudo
1829 705 1912 759 in-

284 876 291 877 7
336 795 578 850 cularum
612 791 891 847 deiecerit.
923 791 1148 862 Oportet
1173 802 1353 850 autem
1384 810 1497 862 eos,
1529 797 1621 866 qui
1648 796 1913 852 securitao

2024 612 2261 682 πλήθους
2290 612 2683 675 ἐκλελοιπότος.
2732 610 2840 664 Καὶ
2876 610 2980 681 χρὴ
3009 609 3135 672 τοὺς
3173 609 3274 678 τῆς
3306 611 3591 677 πολιτικῆς

2019 704 2320 772 ἀσφαλείας
2366 703 2659 774 ἐχομένους
2696 705 2790 754 καὶ⁴
2816 702 2876 753 τὸ
2918 699 3250 770 ταρακτικὸν
3295 700 3590 770 ἀποτρίϐε-

2022 791 2169 856 σθαι,
2200 794 2294 846 καὶ
2317 794 2377 845 τὸ
2397 792 2659 864 βλαϐερὸν
2684 790 3025 846 ἀπωθεῖσθαι
3050 792 3146 845 καὶ
3162 791 3260 860 τὴν
3283 790 3379 845 τοῦ
3413 791 3594 845 κοινοῦ

339 888 408 941 ιίε
438 882 751 954 reipublicae
789 885 1016 940 studiosi
1060 895 1204 951 sunt,
1255 896 1312 941 et
1353 888 1631 942 turbarum
1668 888 1911 944 lomitem

2044 887 2277 957 rut/tardi;
2307 885 2597 956 ὠφέλειαν.
2658 885 2770 938 Καὶ
2820 883 2995 937 ταῦτα
3040 885 3137 954 μὲν
3177 885 3205 937 ό
3239 884 3380 954 μετὰ
3421 883 3595 937 ταῦτα

338 974 577 1039 amoliri,
600 983 653 1029 et
686 988 967 1031 removere
992 977 1176 1045 noxia,
1206 984 1261 1034 et
1292 978 1576 1034 utilitatem
1606 979 1930 1051 reipublicae

2044 975 2191 1045 ιχέτω
2214 975 2405 1047 καιρὸς
2424 975 2563 1045 ὑπὲρ
2583 974 2768 1044 κοινῆς
2796 972 3063 1041 ὠφελείας
3085 973 3178 1027 καὶ
3206 975 3598 1035 καταστάσεως

338 1066 598 1123 stabilire.
634 1066 813 1138 Atque
849 1068 965 1124 haec
995 1070 1098 1125 sibi
1145 1080 1455 1127 secuturum
1512 1072 1770 1144 deinceps
1817 1073 1916 1129 ha-

340 1159 467 1215 beat
493 1174 689 1226 aevum,
718 1174 816 1229 pro
844 1161 1120 1216 communi
1150 1165 1433 1219 commodo
1461 1177 1516 1217 et
1554 1173 1696 1219 statu
1726 1164 1917 1220 subdi-

2020 1066 2131 1119 τῶν
2156 1066 2437 1139 ἡμετέρων
2459 1067 2736 1137 ὑπηκόων.
2759 1068 2851 1118 Δεῖ
2869 1065 2925 1118 δὲ
2949 1065 3047 1118 οὐκ
3078 1064 3171 1117 ἐπὶ
3197 1066 3310 1127 τοῖς
3342 1064 3597 1134 μέλλουσι

2027 1158 2189 1226 μόνον
2218 1158 2355 1213 ἀλλά
2385 1158 2480 1213 καὶ
2512 1160 2608 1211 ἐπὶ
2656 1159 2773 1221 τοῖς
2809 1156 3051 1225 φθάσασι
3092 1155 3192 1225 τὴν
3240 1155 3603 1226 ἐνδεχομένην

345 1260 522 1306 torum
580 1260 915 1307 nostrorum.
980 1252 1171 1321 Neque
1227 1269 1357 1310 vero
1406 1255 1603 1311 futuris
1654 1256 1921 1310 duntaxat

2044 1250 2339 1319 ιπεισάγειν
2390 1249 2708 1320 θεραπείαν.
2754 1249 2947 1303 Πολλοὶ
2977 1247 3087 1320 γὰρ
3116 1247 3372 1318 ἀφορμὴν
3429 1248 3599 1317 ἐμπο-

342 1343 529 1411 rebus,
548 1358 735 1418 verum
762 1344 924 1399 etiam
946 1344 1031 1413 iis,
1058 1360 1179 1416 quae
1202 1346 1314 1417 jam
1341 1348 1737 1417 praeterierunt,
1768 1347 1921 1403 adbi-

2030 1342 2150 1414 ρίας
2177 1342 2279 1411 τήν
2304 1341 2412 1395 τῶν
2442 1342 2687 1411 πενήτων
2710 1340 3003 1410 λαϐόμενοι
3026 1339 3282 1409 ἀπορίαν,
3299 1338 3599 1408 ἥνόπάντα

342 1433 519 1489 benda
565 1442 650 1494 est
698 1435 962 1491 medicina
1006 1438 1333 1493 necessaria.
1378 1436 1511 1493 Nam
1550 1438 1791 1507 plerique
1849 1435 1917 1491 ad

2044 1434 2212 1506 ρέρων
2256 1434 2449 1505 χρόνος
2484 1435 2707 1504 ἤνεγκε,
2744 1432 2944 1503 μᾶλλον
2985 1430 3041 1484 δὲ
3085 1433 3118 1500 ή
3165 1430 3274 1483 τῶν
3315 1428 3600 1500 ἡμετέρων

347 1524 689 1581 occasionem
718 1539 837 1582 sese
861 1525 1308 1596 collocupletaudi
1339 1528 1659 1599 arripientes
1688 1528 1919 1598 inopiam

2044 1528 2240 1599 πληθὺς
2298 1527 2716 1597 ἁμαρτημάτων
2746 1525 2842 1596 τὴν
2874 1524 3022 1578 θείαν
3075 1520 3441 1590 ἐκϐιαζομένη
3478 1521 3600 1588 φιλ-

342 1634 664 1691 pauperum,
695 1635 857 1690 quam
887 1619 1068 1677 ferens
1091 1622 1269 1676 omnia
1303 1632 1513 1693 tempus
1543 1637 1725 1677 secum
1782 1631 1924 1677 attu-

346 1710 436 1778 lit,
477 1720 571 1767 aut
602 1725 762 1782 quam
797 1713 977 1783 potius
1023 1713 1316 1768 multitudo
1356 1713 1675 1769 delictorum
1711 1721 1926 1769 nostro—

346 1816 492 1868 rum,
515 1801 710 1857 divina
736 1802 946 1857 lenitati
991 1803 1100 1859 vim
1147 1804 1430 1870 adhibens,
1459 1805 1699 1873 peperit;
1737 1805 1927 1859 huma-

2030 1618 2348 1689 ανθρωπίαν
2403 1615 2791 1687 προεξένησεν,
2842 1615 2963 1668 ἀντὶ
2992 1612 3420 1684 φιλανθρωπίας,
3482 1611 3604 1665 ἀντὶ

2030 1712 2235 1773 οἴκτου,
2267 1709 2388 1764 ἀντὶ
2414 1708 2805 1780 χρηστότητος,
2827 1705 2973 1775 λιμῷ
2992 1703 3350 1774 πιεζομένους
3366 1704 3604 1771 δρῶντες

2032 1804 2157 1864 τοὺς
2192 1804 2433 1871 πένητας
2455 1840 2469 1865 ,
2516 1801 2567 1853 οἱ
2616 1800 2715 1869 μὲν
2756 1796 3004 1868 ἀργυρίῳ
3038 1796 3086 1848 oi
3129 1794 3185 1847 δέ
3216 1792 3424 1866 χρυσίῳ
3460 1794 3510 1846 οἱ
3548 1793 3603 1844 δὲ

346 1890 559 1960 uitatis,
614 1892 1138 1957 commiserationis,
1193 1892 1541 1961 benignitatis
1598 1893 1738 1958 loco,
1800 1908 1923 1948 cum

2044 1894 2223 1966 τίτῳή
2258 1894 2445 1957 ἄλλαις
2488 1892 2633 1946 τισὶν
2685 1890 3018 1955 ἐπιδόσεσιν,
3077 1886 3295 1949 εύὼνως
3344 1885 3445 1947 τὰς
3494 1885 3607 1937 τῶν

350 1981 496 2040 fame
537 1997 757 2053 pressos
805 1983 995 2053 inopes
1037 1984 1239 2048 vident,
1284 1982 1376 2036 alii
1421 1983 1638 2051 quidem
1679 1992 1925 2055 argento,

353 2089 488 2130 auro
514 2074 629 2142 alii,
666 2074 756 2129 alii
784 2074 1079 2139 frumento,
1111 2073 1232 2129 aliis
1256 2073 1347 2128 alii
1383 2075 1928 2143 suppeditationibus,

2032 1986 2378 2057 ἀτυχούντων
2396 1984 2645 2054 πενήτων
2672 1979 3014 2050 ἐξωνήσαντο
3039 1978 3283 2048 κτήσεις,
3309 1974 3608 2044 βιαιότεροι

2031 2079 2131 2146 τῆς
2162 2076 2534 2147 προκειμένης
2563 2074 2832 2141 ἀνάγκης,
2867 2070 2960 2124 καὶ
3008 2072 3065 2123 ἐν
3096 2068 3281 2129 αὐτοῖς
3324 2067 3438 2127 τοῖς
3470 2064 3608 2133 μετὰ

351 2179 613 2235 perquam
640 2166 733 2220 vili
772 2166 947 2235 pretio
978 2167 1346 2235 possessiones
1381 2165 1671 2220 infelicium
1709 2180 1930 2235 compa-

2044 2169 2205 2224 ταῦτα
2228 2168 2442 2238 χρόνοις
2462 2169 2577 2230 τοῖς
2608 2165 2810 2228 ἀθλίοις
2834 2163 2944 2216 τῶν
2972 2160 3186 2232 χωρίων
3218 2158 3497 2229 οἰκήτορσι
3520 2172 3610 2224 γι-

354 2266 513 2322 rant;
560 2258 791 2327 ipsamet
822 2268 1053 2329 urgente
1095 2259 1421 2313 necessitate
1465 2256 1837 2323 violentiores,
1878 2265 1935 2313 et

359 2350 451 2418 qui
480 2354 728 2419 sequenti
754 2360 996 2422 tempore
1018 2352 1234 2407 miseris
1264 2351 1507 2405 vicorum
1541 2350 1933 2405 habitatoribus

362 2441 535 2496 instar
599 2442 901 2512 pestilentis
978 2442 1259 2512 cujusdam
1340 2441 1653 2497 morborum
1735 2440 1935 2495 illuviei

362 2532 517 2598 ﬁunt,
538 2532 593 2588 in
622 2547 824 2589 morem
847 2549 1148 2606 gangrama:
1180 2533 1504 2603 praediorum
1527 2531 1739 2601 corpori
1774 2546 1831 2586 se
1862 2531 1913 2585 iu

360 2625 620 2694 gerentis,
648 2635 704 2682 et
733 2627 1161 2683 internecionem
1191 2626 1271 2681 eis
1298 2624 1536 2696 parantis
1566 2606 1631 2678 ac
1656 2625 1933 2679 struentis.

426 2718 483 2772 2.
525 2718 803 2789 Quotquot
837 2719 1001 2790 igitur
1037 2733 1103 2775 ex
1148 2719 1395 2788 personis
1443 2715 1766 2781 illustribus,
1798 2730 1936 2785 quas

359 2811 534 2865 arceri
574 2811 832 2866 traditum
876 2822 961 2868 est
1018 2811 1268 2882 superius
1313 2813 1413 2866 bac
1456 2812 1593 2881 lege,
1640 2811 1707 2866 ab
1755 2810 1935 2879 elapsa

364 2903 539 2971 prima
568 2902 884 2967 indictione,
924 2903 1006 2958 vel
1034 2919 1063 2958 a
1094 2913 1337 2974 tempore
1365 2902 1546 2969 tantis,
1579 2917 1700 2973 qua»,
1727 2898 1936 2967 incidit,

364 3005 527 3061 agros
572 2999 669 3047 aut
722 2992 923 3061 pmdia
978 2994 1277 3059 consecuti,
1326 2993 1407 3047 vel
1459 2989 1823 3061 particulatim
1856 2988 1941 3045 vel

365 3084 614 3139 universe
643 3084 1018 3154 possessiones
1048 3085 1099 3138 in
1135 3084 1214 3140 eis
1243 3085 1421 3153 adepti
1445 3094 1609 3140 sunt:
1644 3083 1679 3137 ii
1707 3082 1939 3137 solutum

369 3176 438 3227 ab
481 3188 541 3230 se
594 3174 829 3243 pretium
872 3174 1216 3243 recipientes,
1275 3175 1562 3243 exigantur
1608 3172 1735 3226 inde
1787 3168 1871 3222 vel
1910 3183 1940 3221 a

366 3262 751 3335 principalibus
780 3263 1034 3330 dominis,
1064 3264 1145 3319 vel
1169 3265 1235 3319 ab
1272 3278 1459 3319 eorum
1507 3261 1819 3318 barredibus
1852 3266 1946 3313 aut

365 3358 719 3428 propinquis;
747 3367 841 3412 aut
868 3356 943 3412 illi
969 3356 1014 3411 si
1045 3370 1311 3426 pauperes
1332 3356 1465 3421 sint,
1496 3355 1565 3409 ab
1597 3354 1683 3418 iis,
1718 3353 1811 3421 qui
1840 3365 1947 3406 cae-

373 3452 586 3520 teroqui
623 3449 940 3506 cenationes
983 3456 1264 3518 praestant,
1318 3447 1398 3501 vel
1444 3447 1512 3501 ab
1546 3444 1893 3500 universitate
1928 3460 1945 3498 :

381 3541 537 3610 pretii
565 3540 833 3595 solutione
860 3538 1034 3594 locum
1061 3539 1315 3594 habente.
1346 3537 1451 3593 Pro
1473 3536 1580 3591 illis
1603 3544 1806 3597 autem,
1827 3547 1948 3604 quae

374 3632 432 3686 iu
467 3631 548 3686 eis
579 3629 738 3686 iactae
769 3638 896 3685 sunt
922 3628 1295 3700 expolitiones,
1326 3629 1369 3683 si
1396 3627 1506 3697 jam
1543 3627 1790 3682 indicata:
1821 3637 1947 3695 per-

372 3738 523 3778 some
564 3722 862 3792 locupletes
899 3720 1031 3788 sint,
1074 3729 1239 3792 atque
1278 3723 1351 3777 ita
1396 3720 1584 3786 velint,
1621 3717 1948 3773 conveniens

377 3814 608 3882 pretium
658 3812 912 3869 solvant:
958 3810 1044 3869 sin
1088 3812 1289 3869 fuerint
1336 3812 1541 3882 inopes,
1602 3818 1699 3864 aut
1744 3806 1945 3872 nolint,

376 3906 634 3963 materias
659 3920 787 3962 suas
813 3906 967 3961 alteri
994 3904 1320 3977 recipientes
1342 3904 1557 3969 abeant,
1589 3899 1852 3972 siquidem
1882 3898 1948 3954 de

373 3998 490 4054 suis
514 4012 607 4054 eas
637 3999 895 4068 expensis
921 3996 1242 4068 adiecerint,
1278 4006 1343 4051 ac
1378 4009 1481 4049 non
1515 3992 1811 4064 probentur
1836 3988 1951 4043 lucc

376 4106 595 4163 quoque
622 4090 691 4146 de
718 4090 878 4146 bonis
908 4098 963 4145 et
990 4102 1154 4159 opera
1195 4100 1491 4158 pauperum
1526 4099 1649 4139 esse
1690 4080 1947 4150 protecta.

376 4184 553 4251 Atque
578 4182 697 4238 hac
720 4180 942 4253 quidem
971 4179 1041 4234 de
1074 4178 1457 4249 acquisitione,
1491 4189 1611 4245 qua:
1637 4170 1950 4228 verisimili-

376 4289 461 4333 ιρι·
495 4291 619 4335 esse
654 4277 799 4349 iusta
834 4275 1065 4339 videtur,
1101 4288 1223 4329 cum
1251 4286 1316 4327 ex
1342 4275 1526 4340 empto
1548 4268 1637 4323 sit.

443 4461 497 4514 5.
542 4454 877 4512 hortationes
906 4459 1105 4517 autem,
1142 4450 1229 4506 vel
1279 4446 1649 4513 lmreditales,
1692 4442 1779 4500 vel
1818 4443 1952 4500 alias

2033 2259 2251 2329 νόμενοι
2288 2258 2477 2327 ὥσπερ
2506 2273 2593 2319 τις
2641 2253 2863 2325 λοιμικὴ
2910 2250 3234 2321 νοσημάτων
3282 2245 3543 2317 ἐπιφορά,
3569 2247 3604 2316 ἦ

2034 2349 2377 2419 γαγγραίνης
2417 2349 2572 2417 δίκην
2615 2347 2693 2416 τῷ
2740 2344 2848 2398 τῶν
2891 2343 3106 2414 χωρίων
3140 2340 3608 2410 ἐπεισφρήσαντε,

2038 2443 2252 2513 σώματι
2292 2441 2388 2496 καὶ
2419 2441 2517 2512 τὴν
2545 2438 2926 2509 πανωλεθρίαν
2949 2433 3465 2504 ἐπισκευαζόμενοι.

2113 2705 2176 2775 β’.
2213 2703 2367 2757 Ὀσοι
2422 2704 2605 2756 τοίνυν
2660 2700 2770 2755 ἀπὸ
2809 2700 2911 2771 τῆς
2964 2696 3341 2769 παρελθούσης
3389 2693 3613 2767 πρώτης

2044 2797 2394 2861 ίνδικτιῶνος,
2447 2797 2568 2867 ἦτοι
2593 2794 2687 2849 τοῦ
2719 2793 2881 2865 λιμοῦ
2932 2790 3337 2853 καταλαϐόντος
3383 2788 3416 2855 ἢ
3468 2803 3613 2856 παρ-

2041 2890 2309 2953 ελθόντος,
2343 2889 2529 2960 ἀγρῶν
2579 2887 2611 2959 ἢ
2669 2887 2884 2958 χωρίων
2920 2884 3208 2955 ἐγκρατεῖς
3250 2880 3539 2950 γεγόνασιν
3578 2878 3615 2950 ἦ

2045 2982 2289 3054 μερικῶς
2319 2981 2353 3053 ἦ
2382 2980 2616 3034 καθόλου
2666 2981 2725 3032 ἐν
2755 2978 2939 3041 αὐτοῖς
2967 2977 3190 3047 κτήσεις
3220 2971 3619 3050 προσελάϐοντο

2041 3075 2151 3127 τῶν
2185 3071 2524 3143 περιφανῶν,
2557 3069 2651 3133 οὒς
2687 3068 2895 3124 ἀνωθεν
2940 3065 3248 3121 κωλύεσθαι
3289 3066 3323 3134 ή
3369 3059 3615 3133 παροῦσα

2048 3168 2339 3238 συγγραφὴ
2372 3164 2597 3236 γράφει,
2631 3162 2854 3225 τούτους
2882 3158 3371 3227 ἀπολαμϐάνοντας
3401 3154 3459 3205 τὸ
3487 3150 3616 3220 παρ’

1996 3244 2014 3279 ³
2048 3259 2229 3315 αὐτῶν
2254 3257 2595 3327 καταϐληθὲν
2624 3257 2841 3326 τίμημα
2858 3252 3068 3306 ἐκεῖθεν
3091 3247 3440 3316 ἐξεούοθαι,ἢ
3469 3244 3620 3312 παρὰ

2045 3351 2156 3405 τῶν
2188 3348 2565 3421 πρωτοτύπων
2588 3345 2865 3400 δεσποτῶν
2901 3343 2934 3415 ἦ
2961 3342 3111 3413 παρὰ
3139 3340 3247 3393 τῶν
3266 3335 3621 3408 κληρονόμων

2048 3420 2281 3509 αύτῶνίῆ
2312 3436 2610 3506 συγγενῶν,
2638 3436 2671 3504 ἢ
2695 3433 2902 3487 τούτων
2941 3427 3309 3501 ἀπορούντων,
3339 3422 3491 3494 παρά
3515 3420 3623 3473 τῶν

2048 3533 2225 3594 ἄλλως
2256 3508 2728 3595 συντελούντων,ἥ
2751 3521 2846 3579 καὶ
2874 3520 3028 3592 παρά
3055 3520 3155 3590 τῆς
3183 3516 3382 3588 όμάδος
3404 3511 3506 3581 τῆς
3524 3508 3619 3562 τοῦ

2047 3624 2361 3694 τιμήματος
2402 3619 2696 3681 ἐπιδόσεως
2739 3612 3160 3687 προϐαινούσης.
3205 3608 3374 3676 ’Υπὲρ
3422 3604 3477 3657 δὲ
3514 3601 3622 3655 τῶν

2051 3714 2137 3770 ἐπ’
2190 3716 2371 3775 αὐτοῖς
2402 3709 2921 3781 καλλιεργημάτων,
2979 3702 3355 3775 εὐπορούντων
3388 3698 3486 3769 μὲν
3528 3696 3626 3748 καὶ

2054 3805 2394 3880 βουλομένων
2443 3804 2551 3858 τῶν
2594 3801 2901 3874 εἰρημένων
2947 3796 3257 3869 προσώπων
3289 3789 3626 3848 καταϐαλλου

2055 3879 2233 3967 μένων
2260 3895 2321 3949 τὸ
2343 3895 2566 3965 ἀνῆκον,
2592 3892 2943 3963 ἀπορούντων
2959 3888 3013 3941 δέ
3032 3887 3123 3940 κα)⁸
3155 3885 3230 3955 μὴ
3265 3879 3624 3954 βουλομένων,

2051 3994 2149 4057 τὰς
2176 3994 2308 4056 ὕλας
2338 3986 2965 4059 ἐπαναλαμϐανομένους
3008 3978 3406 4050 ἐπαναχωρεῖν,
3463 3975 3624 4042 είπερ

2054 4088 2112 4153 ἐξ
2142 4085 2359 4141 οἰκείων
2421 4082 2620 4151 ἐξόδων
2668 4079 2873 4142 ταύτας
2909 4075 3260 4147 προσέθεντο,
3304 4070 3397 4125 καὶ
3434 4067 3507 4138 μὴ
3535 4066 3628 4118 καὶ

2052 4172 2216 4233 αὗται
2239 4177 2340 4246 τῆς
2367 4175 2476 4230 τῶν
2507 4174 2756 4243 πενήτων
2774 4173 2870 4226 καὶ
2893 4166 3216 4239 περιουσίας
3246 4164 3340 4218 καὶ
3367 4158 3628 4231 ἐργασίας

2053 4270 2479 4323 ἐπιδείκνυνται.
2520 4264 2680 4319 Ἀλλά
2709 4263 2882 4317 ταῦτα
2918 4259 3017 4333 μὲν
3039 4258 3167 4328 περὶ
3202 4256 3322 4327 τῆς,
3356 4256 3431 4317 ὡς
3460 4250 3627 4315 εἰκὸς,

2055 4357 2322 4427 δοκούσης
2355 4354 2569 4417 δικαίας
2602 4353 2678 4417 ὡς
2707 4351 2767 4417 ἐξ
2795 4348 3093 4421 ἀγορασίας
3126 4347 3389 4416 κτήσεως.

2128 4454 2199 4517 γ’.
2240 4445 2461 4518 Δωρεὰς
2487 4444 2542 4498 δὲ
2564 4444 2597 4515 ἦ
2626 4440 3006 4515 κληροδοσίας,
3045 4438 3079 4507 ἢ
3106 4436 3272 4499 ἀλλας
3298 4429 3633 4498 τοιουτοτρό-

372 4550 614 4619 ejusdem
660 4545 879 4618 generis
918 4552 971 4600 et
999 4543 1209 4598 fucatas
1236 4539 1643 4608 acquisitiones,
1680 4546 1771 4592 aut
1795 4536 1940 4606 rapi-

2068 4557 2204 4603 πους
2232 4539 2326 4593 καὶ
2360 4535 2759 4606 σεσοφισμένας
2794 4532 3114 4602 ἐπικτήσεις
3151 4528 3185 4599 ἢ
3228 4524 3508 4619 ἁρπαγάς,
3542 4522 3635 4574 ἀν-

374 4657 500 4705 nas,
545 4638 752 4694 nullius
804 4649 927 4692 esse
976 4633 1256 4698 momenti,
1310 4642 1420 4688 tam
1453 4630 1739 4703 praeteriti,
1790 4643 1951 4699 quam

374 4729 662 4803 przesentis
698 4726 960 4796 temporis
990 4726 1224 4793 ratione,
1256 4723 1546 4780 statuimus
1583 4741 1598 4778 :
1641 4738 1740 4777 nec
1767 4735 1957 4776 earum

381 4822 607 4881 nomine
653 4821 949 4893 quidquam
992 4818 1241 4875 homines
1286 4817 1361 4872 illi
1408 4814 1730 4890 fraudulenti
1776 4821 1960 4881 petere

379 4924 659 4989 poterunt,
690 4914 786 4970 sed
830 4912 949 4969 sine
992 4911 1169 4984 pretio
1201 4910 1319 4966 suis
1345 4907 1543 4979 praedia
1572 4904 1805 4961 dominis
1834 4903 1957 4958 red-

381 5013 580 5065 dantur
611 5026 625 5062 :
654 5016 751 5063 aut
792 5006 899 5062 illis
938 5020 1006 5061 ex
1052 5004 1335 5059 hominum
1378 5000 1486 5056 vita
1537 4998 1677 5053 forte
1708 4995 1955 5056 sublatis,

318 5118 343 5135 κ
383 5115 571 5156 eorum
602 5098 809 5164 liberis,
844 5106 938 5151 aut
963 5094 1277 5167 propinquis
1309 5111 1322 5147 :
1359 5092 1453 5148 aut
1479 5091 1527 5147 si
1558 5099 1612 5145 et
1642 5090 1715 5144 illi
1749 5087 1960 5144 deiece-

381 5193 515 5256 rint,
548 5187 960 5246 contributariis
989 5193 1340 5256 prmstentur.

454 5282 510 5336 4.
552 5280 705 5348 Quod
745 5278 790 5335 si
824 5276 915 5347 qui
948 5284 1097 5339 sunt,
1132 5290 1270 5345 quos
1305 5273 1588 5343 benignius
1614 5270 1795 5325 divina
1826 5265 1957 5321 Pro-

382 5372 621 5428 videntia
657 5368 922 5440 respexit,
967 5373 1064 5422 aut
1098 5366 1167 5422 ob
1218 5366 1353 5420 alias
1407 5360 1667 5433 quasdam
1722 5359 1961 5413 rationes

385 5461 913 5535 incomprehensiles
970 5460 1249 5516 meliorem
1292 5457 1358 5513 ad
1392 5454 1753 5512 conditionem
1797 5461 1963 5521 atque

385 5565 587 5610 statum
627 5556 793 5627 hujus
833 5554 961 5611 vita
996 5552 1259 5617 traduxit,
1304 5564 1373 5605 ex
1417 5545 1694 5604 humiliori
1745 5543 1959 5599 fortuna

385 5655 628 5716 ereptos,
682 5655 738 5703 et
790 5656 1012 5703 evectos
1058 5645 1125 5700 ad
1180 5642 1552 5701 sublimiorem
1597 5656 1611 5694 :
1673 5638 1771 5693 bos
1817 5635 1965 5706 ipsos

386 5732 549 5790 etiam
584 5733 637 5790 in
667 5748 731 5789 ea
763 5743 876 5790 tum
902 5733 1176 5805 portione,
1225 5743 1335 5787 tum
1374 5728 1684 5787 conditione
1718 5738 1959 5790 manere,

387 5840 548 5897 quam
563 5825 635 5883 ab
667 5823 822 5881 initio
853 5824 1032 5884 nancti
1052 5835 1229 5893 erant,
1260 5836 1473 5895 aequum
1503 5834 1822 5888 censemus;
1859 5832 1961 5877 nec

2070 4630 2323 4702 ισχύρους
2354 4625 2494 4682 εἶναι
2540 4627 2635 4681 καὶ
2667 4625 2834 4681 πάλαι
2874 4624 2969 4678 καὶ
2999 4621 3095 4676 νῦν
3126 4616 3493 4690 διοριζόμεθα,
3529 4630 3633 4682 μη·

2062 4724 2151 4777 δέν
2182 4721 2324 4792 ὑπὲρ
2357 4719 2537 4773 αὐτῶν
2581 4719 2691 4771 τῶν
2722 4713 3126 4785 κακομηχάνων
3174 4709 3454 4779 ἐπιζητεῖν
3480 4706 3632 4759 δυνα-

2067 4814 2263 4884 μένων,
2308 4810 2445 4864 em
2487 4811 2693 4877 προῖκα
2724 4809 2838 4869 τοῖς
2886 4805 3038 4868 ἰδίοις
3079 4800 3423 4857 ἀναδίδοσθαι
3459 4795 3633 4850 ταῦτα

2061 4904 2372 4965 δεσπόταις,
2409 4901 2440 4971 ἢ
2468 4900 2628 4969 τυχὸν
2653 4897 2857 4951 τούτων
2888 4896 2948 4962 ἐξ
2971 4893 3279 4965 ἀνθρώπων
3310 4886 3634 4959 ἀφανισθέν-

2060 5015 2193 5063 των,
2224 4997 2434 5057 τέκνοις
2468 4993 2500 5063 ἦ
2539 4991 2879 5060 συγγενέσιν,
2908 4990 2940 5060 ἢ
2969 4988 3065 5043 καὶ
3090 4985 3296 5040 τούτων
3320 4978 3639 5051 ’ἀπολλυμέο

2063 5108 2190 5158 νων,
2228 5091 2340 5151 τοῖς
2367 5085 2743 5148 συντελεσταῖς
2769 5081 3122 5155 παρέχεσθαι.

2134 5266 2198 5320 δ’.
2240 5265 2302 5317 Εἰ
2335 5263 2392 5316 δὲ
2424 5262 2514 5316 καί
2557 5277 2709 5322 τινας
2769 5257 3156 5328 εὐνοῖκὼτερον
3211 5254 3283 5310 τὰ
3332 5256 3429 5325 τῆς
3485 5254 3637 5315 θείας

2063 5357 2243 5413 ἐπεῖδε
2270 5354 2525 5427 προνοίας
2564 5354 2598 5423 ἢ
2642 5352 2821 5415 ἄλλοις
2851 5352 2995 5404 τισὶν
3023 5348 3431 5418 ἀκαταλήπτοις
3456 5345 3637 5411 λόγοις

2063 5448 2201 5523 πρὸς
2228 5448 2516 5520 κρείττονα
2554 5444 2997 5515 μετεσκευάσατο
3040 5442 3143 5508 τῆς
3181 5438 3465 5509 παρούσης
3510 5435 3638 5505 βιώ-

2065 5558 2201 5606 σεως
2256 5540 2616 5603 κατάστασιν,
2671 5536 2769 5605 τῆς
2816 5536 3212 5603 ταπεινοτέρας
3262 5527 3639 5600 ἀφαρπάσασαι

2063 5631 2233 5701 τύχης
2285 5628 2381 5681 καὶ
2429 5625 2563 5696 πρὸς
2613 5624 2954 5695 ὑψηλοτέραν
3017 5620 3419 5695 μετεωρίσασα,
3452 5616 3637 5687 μένειν

2064 5724 2158 5776 καὶ
2184 5720 2383 5783 αὐτοὺς
2411 5718 2497 5789 ἐφ’
2525 5713 2593 5792 ἧς
2632 5719 2689 5786 ἐξ
2724 5719 2905 5791 ἀρχῆς
2935 5717 3124 5788 ἔλαχον
3160 5713 3516 5786 κληροδοσίας
3546 5709 3640 5763 καὶ

2066 5814 2449 5885 κατασχέσεως
2471 5809 2808 5882 δικαιοῦμεν,
2852 5810 2947 5864 καὶ
2995 5807 3070 5880 μὴ
3102 5806 3163 5863 τὸ
3195 5806 3393 5879 μέτρον
3418 5804 3520 5874 τῆς
3549 5801 3631 5855 ol-
