4058 6212
372 342 481 405 565
1466 343 1827 407 NOVELLzE
1865 343 2540 409 CONSTITUTIONES.

3519 350 3623 412 566

385 459 537 519 κείας
597 453 1122 526 παρεκτεινομένους
1166 453 1332 524 τύχης
1383 456 1776 528 ἀτυχεστέρους
1824 458 1977 520 τοὺς

2080 468 2283 515 urtuuaz
2307 475 2417 516 sum
2442 462 2659 515 modum
2688 461 3029 526 cxcedentes,
3058 444 3313 514 finitimos
3336 461 3625 529 praedandi)

384 545 796 618 πλησιοχώρους
844 544 1239 614 λεηλατοῦντας
1298 547 1728 617 ἀπεργάζεσθαι.
1783 549 1952 602 Τοῦτο

2080 549 2370 604 niseriores
2422 550 2666 604 reddere.
2702 548 2831 603 Nam
2876 550 2990 603 haec
3034 557 3443 611 conn-actuum,
3491 564 3627 617 quos

380 637 493 706 γάρ
526 635 635 688 τῶν
679 636 737 688 ὲν
766 633 892 703 ὕψει
947 634 1042 689 καὶ
1091 633 1219 706 δόξῃ
1265 633 1527 703 βιωτικῆς
1573 632 1954 705 λαμπρότητος

2080 650 2240 695 neunt
2274 656 2395 695 cum
2424 640 2821 704 humilioribus,
2855 640 2945 709 qui
2981 640 3033 694 in
3069 639 3400 694 sublimitate
3427 639 3628 707 gloria-

384 745 591 799 γαυρου
602 727 778 796 μένων
796 726 931 797 πρὸς
951 726 1077 789 τοὺς
1104 726 1523 797 ταπεινοτέρους
1554 726 1663 780 τῶν
1689 728 1955 781 συναλλα-

385 817 613 885 γμάτων
638 814 1037 886 ἁρμοδιώτερον
1054 814 1338 885 ἐπίκλημα
1356 830 1372 846 ·
1400 815 1501 885 τῆς
1518 816 1627 869 τῶν
1650 815 1957 887 προσώπων

387 908 648 976 διαφορᾶς
681 907 754 968 ώς
789 906 863 977 μὴ
896 906 1080 976 κοινὴν
1113 907 1208 961 καὶ
1238 906 1625 977 συμφέρουσαν
1677 908 1774 961 καὶ
1815 909 1953 977 σύμ-

395 1011 571 1062 φωνον
599 994 696 1063 τὴν
727 994 1134 1065 πραγματείαν,
1182 996 1244 1049 οὐ
1284 996 1562 1066 λογισμῶν
1604 998 1765 1067 μόνον
1796 1002 1958 1069 ’προ-

396 1084 581 1153 λήψει,
618 1082 754 1136 ἀλλά
775 1084 882 1157 γὰρ
912 1086 1008 1138 καὶ
1034 1086 1379 1155 πραγμάτων
1407 1087 1720 1160 ἀκολουθίᾳ,
1743 1093 1800 1143 ὲν
1828 1091 1956 1144 πολ-

408 1174 517 1237 λοῖς
549 1174 823 1243 ὁσημέραι
865 1174 1319 1246 ὑποτυπουμένης
1363 1194 1422 1230 τε
1464 1177 1557 1231 καὶ
1603 1182 1959 1251 τρανολογού-

395 1281 515 1333 σης.
547 1260 641 1327 Οἷς
671 1264 832 1320 πλέον
866 1267 1033 1336 ὲχρῆν
1056 1267 1560 1338 ἀνασκοπουμένοις
1588 1271 1654 1324 τά
1687 1272 1784 1341 τῆς
1812 1272 1962 1336 θείας

392 1354 527 1423 πρὸς
564 1355 762 1419 αὐτοὺς
793 1356 1083 1425 εὐμενείας
1116 1346 1250 1426 πρὸς
1277 1359 1337 1410 τὸ
1361 1359 1643 1430 ὀμόχωρον
1708 1363 1964 1418 εὐνοϊκώ-

390 1462 547 1514 τερον
574 1446 933 1513 διατίθεσθαι,
965 1447 1084 1518 [καὶ
1117 1448 1177 1500 τὸ
1215 1448 1408 1517 ἄδηλον
1438 1451 1536 1515 τῆς
1574 1452 1743 1523 τύχης
1766 1455 1982 1525 ὑπολοο’

395 1536 720 1605 γιζομένους
748 1538 926 1591 καὶτὸ
958 1539 1057 1608 τῆς
1108 1539 1342 1611 κρίσεως
1396 1542 1637 1610 ἄφυκτον
1673 1546 1745 1615 μὴ
1797 1547 1967 1617 ἅρπα-

2058 747 2164 801 que
2212 732 2516 802 splendoris
2561 730 2721 799 hujus
2764 731 2889 785 vita;
2940 730 3283 799 superbiunt,
3330 732 3510 799 aptior
3548 740 3632 785 est

2056 825 2345 895 appellatio
2374 842 2388 879 ι
2419 838 2542 878 cum
2578 823 2753 893 ipsum
2782 823 3073 876 discrimen
3107 836 3463 891 personarum
3496 822 3631 875 hanc

2057 916 2478 986 negetiationem
2521 915 2732 984 publice
2770 929 2872 968 nec
2906 914 3325 977 conducibilem,
3358 922 3411 967 et
3442 913 3632 967 incon-

2060 1007 2361 1063 venientem
2390 1021 2534 1071 esse,
2566 1021 2672 1060 non
2706 1007 2980 1061 rationum
3014 1007 3172 1060 modo
3197 1004 3631 1074 praesumptione,

2060 1096 2245 1153 verum
2265 1097 2426 1152 etiam
2450 1112 2513 1151 ex
2539 1112 2715 1152 rerum
2745 1098 2981 1167 ipsarum
3007 1096 3168 1162 serie,
3196 1096 3249 1149 in
3282 1095 3467 1150 multis
3496 1110 3634 1165 quo-

2064 1189 2194 1244 tidie
2220 1189 2480 1252 declaret,
2519 1202 2581 1242 ac
2614 1188 2815 1243 diserte
2847 1188 3119 1257 loquatur.
3156 1189 3329 1257 Atque
3352 1187 3467 1241 hos
3505 1202 3638 1241 sane

2064 1281 2235 1350 magis
2264 1281 2574 1351 oportebat,
2602 1279 2840 1334 divinam
2882 1293 3007 1349 erga
3037 1293 3095 1334 se
3124 1277 3467 1333 clementiam
3509 1292 3613 1333 con

2066 1372 2390 1437 siderautcs,
2418 1372 2746 1442 patrimonia
2776 1371 3075 1426 vicinorum
3102 1370 3169 1425 iis
3197 1372 3515 1432 concedere,
3546 1367 3638 1437 qui

2067 1464 2226 1517 simul
2256 1463 2455 1534 praedia
2488 1463 2798 1533 possident;
2833 1463 2877 1517 si
2908 1478 3016 1518 non
3056 1473 3105 1518 et
3148 1462 3250 1532 ipsi
3292 1461 3496 1531 judicio
3537 1461 3636 1513 int-

2071 1553 2296 1607 miuenti
2332 1553 2523 1622 subjici
2553 1553 2771 1606 vellent.

394 1629 919 1703 γμα(6⁶)]τίθεσθαι
942 1632 1040 1694 τὰς
1056 1630 1163 1685 τῶν
1188 1633 1415 1703 πλησίον
1448 1640 1786 1707 περιουσίας,
1807 1643 1965 1715 εἴπερ
1999 1646 2074 1716 μὴ
2139 1646 2412 1715 βούλοιντο
2443 1646 2535 1699 καὶ⁵
2566 1645 2718 1699 αὐτοὶ
2787 1644 2862 1715 τῷ
2906 1644 3252 1715 προκειμένῳ
3298 1642 3641 1698 δικαιοῦσθαι

394 1722 647 1790 κρίματι.

467 1813 523 1868 ε’.
554 1815 690 1877 Τοὺς
730 1814 786 1867 δὲ
818 1816 922 1886 πρὸ
952 1816 1059 1869 τῶν
1089 1815 1411 1886 ὡρισμένων
1448 1819 1654 1888 χρόνων
1683 1822 1741 1875 ὲν
1794 1841 1964 1879 κατα-

2143 1828 2194 1881 5.
2238 1826 2343 1881 Eos
2375 1832 2578 1885 autem,
2624 1820 2717 1891 qui
2749 1826 2873 1873 ante
2906 1828 3143 1887 tempora
3181 1818 3290 1888 jam
3335 1818 3557 1873 deﬁnita
3589 1820 3643 1872 in

397 1908 579 1976 σχέσει
612 1908 867 1961 τοιούτων
900 1909 1194 1979 κτημάτων
1222 1911 1537 1977 γεγονότας,
1566 1913 1724 1984 εἴπερ
1752 1916 1847 1968 ἐπὶ
1866 1915 1966 1986 τῆς

397 1998 893 2068 αὐτῆςςὲνορῶνται
922 2000 1176 2069 μένοντες
1204 2002 1613 2066 καταστάσεως,
1649 2006 1832 2073 μένειν
1869 2010 1966 2061 καὶ

399 2088 594 2150 αὐτοὺς
629 2088 1040 2158 συγχωροῦμεν,
1075 2090 1178 2159 τῆς
1200 2089 1293 2142 τοῦ
1320 2092 1547 2162 πλησίον
1577 2096 1823 2163 κτήσεως
1848 2098 1971 2151 ὲπί-

401 2194 502 2245 σης
534 2179 645 2239 τοῖς
672 2177 853 2241 ἄλλοις
896 2179 994 2249 τὴν
1047 2180 1280 2233 κώλυσιν
1329 2182 1779 2254 ἐπιφερομένους.
1815 2188 1877 2241 Et
1915 2189 1974 2244 δὲ

399 2266 647 2334 φορτικοί
674 2284 819 2331 τινες
841 2268 937 2321 καὶ
960 2269 1216 2339 ἐπαχθεῖς
1248 2271 1385 2341 πρὸς
1422 2275 1548 2337 τοὺς
1595 2276 1821 2345 πλησίον
1856 2279 1976 2333 δια-

395 2355 726 2420 δείκνυνται,
759 2358 983 2427 βαρείας
1012 2361 1166 2424 τινάς
1220 2362 1251 2431 ἢ
1307 2366 1550 2433 συνεχεῖς
1584 2368 1977 2437 προξενοῦντες

402 2446 607 2515 βλάϐας
630 2450 743 2509 τοῖς
771 2449 1022 2519 πένησιν,
1042 2451 1356 2515 ἐξωθεῖσθαι
1384 2455 1600 2519 τδύτους
1620 2458 1712 2512 καὶ
1736 2461 1976 2515 ἀπελαύ-

398 2542 607 2610 νεσθαι,
634 2543 891 2614 μίσθωμα
925 2545 1027 2615 τῆς
1058 2547 1300 2618 χαλεπῆς
1328 2552 1419 2604 καὶ
1446 2550 1725 2622 ἀπλήστου
1777 2573 1975 2628 προαι-

402 2637 603 2704 ρέσεως
624 2636 723 2707 τὴν
773 2636 882 2690 τῶν
920 2639 1135 2692 οίκείων
1164 2640 1438 2697 ἔκπτωσιν
1465 2644 1973 2716 ἀπολαμϐάνοντας.

475 2723 549 2788 ς’.
597 2726 659 2776 Ἡ
683 2726 738 2777 δὲ
761 2727 869 2779 τῶν
894 2727 1223 2798 τιμημάτων
1252 2731 1503 2794 ἀνάδοσις
1527 2734 1788 2804 ἀνωτέρω
1818 2737 1977 2809 είρη-

406 2815 543 2884 μένη
577 2815 983 2887 ἐμμελεστέρας
1047 2818 1276 2891 δεομένη
1315 2822 1408 2874 καὶ
1439 2824 1770 2895 λεπτοτέρας
1814 2827 1980 2901 ζητή-

405 2922 564 2971 σεως,
608 2906 669 2958 οὐ
707 2906 921 2977 φαύλης
974 2910 1069 2962 καὶ
1102 2910 1391 2978 ἀλογίστου
1444 2913 1600 2985 ἔτυχε
1630 2916 1978 2989 διακρίσεως.

404 2996 731 3065 Ἐλευθέρας
784 3001 894 3066 γάρ
943 2999 1039 3053 καὶ
1085 3000 1348 3055 ἀδιάστου
1401 3006 1845 3079 συντελεσθείσης
1880 3010 1981 3080 τῆς

408 3089 660 3159 πράσεως
690 3092 784 3143 καὶ
808 3092 1027 3157 δικαίας
1046 3095 1393 3166 ὲνορωμὲνης
1413 3098 1514 3167 τῆς
1541 3102 1851 3171 καταϐολῆς
1879 3102 1974 3156 τοῦ

2073 1915 2385 1987 huiusmodi
2425 1912 2747 1983 praediorum
2795 1909 3141 1979 possessione
3189 1908 3431 1974 fuerunt,
3476 1910 3645 1979 siqui-

2071 2011 2191 2065 dem
2246 2006 2305 2061 iu
2346 2006 2534 2061 eodem
2591 2016 2814 2058 manere
2868 2008 3009 2055 statu
3071 1999 3512 2070 conSpiciuntur;
3546 2015 3645 2054 nos

2071 2114 2286 2170 quoque
2323 2110 2545 2153 manere
2593 2093 2979 2165 permittimus,
3034 2092 3224 2147 eadem
3270 2091 3352 2145 eis
3398 2090 3659 2161 imposita

2073 2190 2438 2261 prohibitione
2469 2202 2593 2243 cum
2628 2186 2864 2251 caeteris,
2891 2199 2996 2253 qua
3026 2183 3329 2237 vicinorum
3365 2197 3393 2235 a
3431 2182 3663 2252 praediis

2077 2288 2387 2336 arceantur.
2441 2278 2509 2333 At
2556 2277 2602 2331 sl
2665 2282 3004 2345 compertum
3070 2272 3250 2338 luerit,
3309 2286 3405 2327 eos
3453 2270 3649 2324 vicinis

2075 2385 2268 2441 graves
2296 2378 2352 2424 et
2388 2381 2648 2423 onerosos
2687 2379 2831 2428 esse,
2865 2373 2991 2434 puta
3019 2364 3110 2433 qui
3151 2363 3335 2434 gravia
3366 2362 3647 2416 continua-

2076 2478 2181 2531 que
2225 2462 2424 2516 damna
2476 2457 2803 2529 pauperibus
2854 2456 3089 2511 inierant
3130 2473 3143 2509 :
3199 2454 3536 2523 expelluntur
3595 2459 3652 2505 (ι

2074 2553 2381 2623 exigantur,
2424 2550 2676 2618 illiusque
2725 2547 2939 2602 molesti
2994 2556 3050 2601 et
3093 2542 3433 2613 inexplebilis
3480 2540 3647 2595 animi

2076 2644 2381 2701 mercedem
2430 2641 2629 2704 ferant,
2679 2640 2941 2695 bonorum
2986 2636 3193 2693 scilicet
3228 2648 3447 2690 suorum
3483 2633 3649 2688 amis-

2078 2735 2307 2791 sionem.

2147 2826 2200 2883 6.
2242 2826 2508 2881 Caeterum
2546 2822 2702 2890 pretii
2736 2820 2992 2883 redditio,
3025 2820 3091 2874 de
3122 2832 3226 2888 qua
3261 2831 3422 2888 supra
3449 2817 3649 2871 dictum

2079 2926 2183 2984 est,
2211 2915 2571 2985 diligentioris
2595 2922 2649 2969 et
2679 2913 2977 2969 subtilioris
3002 2912 3266 2966 examinis
3307 2922 3497 2979 egens,
3543 2924 3648 2962 non

2080 3023 2302 3080 pravam
2326 3022 2428 3063 nec
2448 3006 2680 3060 alienam
2705 3019 2733 3058 a
2760 3004 2971 3058 ratione
2991 3002 3432 3070 dijudicationem
3454 3008 3655 3053 nancta

2084 3110 2185 3157 est.
2218 3100 2427 3171 Quippe
2457 3112 2580 3153 cum
2617 3096 2789 3151 libera
2820 3103 2875 3150 et
2901 3094 2984 3149 vis
3016 3108 3211 3163 expers
3242 3092 3481 3147 venditio
3510 3090 3657 3144 cele—

411 3181 738 3250 τιμήματος,
772 3183 998 3248 δικαίως
1021 3187 1115 3240 καὶ
1133 3189 1161 3241 ό
1196 3188 1295 3257 τῆς
1316 3190 1665 3263 ἀναστροφῆς
1700 3195 1977 3266 φυλαχθήι-

2080 3194 2237 3249 brata
2268 3199 2372 3258 est,
2397 3190 2653 3260 iustaque
2682 3186 2839 3256 pretii
2873 3185 3070 3240 solutio
3098 3185 3238 3239 facta
3270 3181 3601 3251 con5picitur
3632 3199 3646 3232 :

416 3288 564 3325 σεται
593 3272 747 3340 λόγος
800 3278 971 3347 μικρᾷ
998 3294 1105 3331 τινι
1144 3278 1468 3354 παρενθήκη
1509 3283 1883 3354 θεσπίσματος
1918 3288 1978 3340 τὸ

409 3360 510 3430 τῆς
536 3361 727 3426 πενίας
750 3362 953 3433 ἄπορον
973 3365 1378 3437 ἀνακτώμενος,
1410 3370 1470 3422 τὸ
1499 3372 1745 3442 παρευθὺ
1766 3374 1864 3444 μὲν
1881 3375 1978 3447 τὴν

407 3451 515 3503 τῶν
546 3453 725 3506 τόπων
758 3455 1106 3528 ἀναστροφὴν
1143 3459 1236 3511 καὶ
1288 3461 1542 3516 ἀπόδοσιν
1568 3463 1815 3531 γίνεσθαι
1846 3468 1981 3539 πρὸς

408 3544 533 3607 τοὺς
560 3548 914 3617 πεπρακότας
943 3548 976 3618 ἢ
1002 3550 1377 3621 κληρονόμους
1405 3552 1589 3607 αὐτῶν
1612 3556 1644 3625 ἢ
1674 3561 1979 3625 συγγενεῖς,

417 3633 620 3688 τούτων
669 3637 726 3690 δὲ
778 3637 852 3707 μὴ
907 3638 1074 3690 ὄντων
1107 3641 1244 3709 πρὸς
1298 3644 1425 3705 τοὺς
1454 3646 1841 3712 συντελεστάς·
1886 3651 1980 3705 καὶ⁵

410 3723 660 3796 εὐπόρων
690 3728 788 3796 μὲν
814 3727 982 3780 ὅντων
1012 3729 1191 3783 αὐτῶν
1240 3732 1651 3790 ἀνταποδιδόναι
1687 3738 1749 3789 τὸ
1782 3738 1842 3803 ἐξ
1875 3740 1977 3808 ἀρ-

412 3818 512 3885 χῆς
558 3818 897 3887 καταϐληθὲν
928 3819 1168 3889 τίμημα,
1222 3823 1573 3893 ἀπορούντων
1613 3828 1672 3880 δὲ
1728 3830 1865 3897 πρὸς
1922 3833 1984 3886 τὸ

415 3912 551 3977 ταχὺ
598 3910 699 3979 τῆς
754 3912 1059 3978 ἀναδόσεως
1100 3915 1174 3984 μὴ
1220 3916 1734 3984 προσεκόιάζεσθαι,
1781 3919 1856 3982 ὼς
1908 3925 1983 3992 μὴ

415 4004 824 4074 φορτικωτέραν
842 4005 1023 4071 αὐτοῖς
1044 4006 1273 4077 ὀφθῆναι
1300 4009 1391 4061 καὶ
1423 4009 1858 4081 δυσαχθεστέραν
1885 4014 1983 4082 τῆς

414 4095 549 4165 πρὸς
578 4096 638 4147 τὸ
659 4096 852 4165 μέλλον
878 4098 1243 4170 ἐλπιζομένης
1273 4100 1540 4169 ὠφελείας
1564 4103 1660 4155 καὶ
1684 4103 1983 4171 ἀσφαλείας

415 4187 513 4257 τὴν
561 4188 657 4240 νῦν
706 4189 1176 4262 ὲπιϐαρυνομένην
1228 4190 1529 4262 εἴσπραξιν.
1566 4194 1777 4259 ’Ἄλλως
1810 4212 1867 4249 τε
1928 4196 1985 4250 δὲ

413 4277 505 4329 καὶ
542 4277 602 4330 τὸ
633 4279 924 4349 περίεργον
981 4282 1073 4335 καὶ
1098 4282 1451 4353 ἀνελεύθερον
1500 4286 1601 4352 τῆς
1636 4283 1748 4337 τῶν
1776 4284 1986 4338 πολλῶν

411 4367 638 4439 γνώμης
670 4371 757 4424 διὰ
786 4373 881 4443 τῆς
905 4374 1128 4442 ταχείας
1160 4374 1502 4443 είσπράξεως
1527 4376 1627 4428 οὐκ
1655 4376 1981 4447 ἐρυθριάσει

416 4459 493 4527 μὴ
540 4461 641 4512 οὐκ
670 4461 1131 4532 ἀπαράθραύστον
1190 4464 1373 4533 μένειν
1400 4465 1501 4534 τὴν
1545 4464 1653 4519 τῶν
1684 4466 1980 4519 ύποτυπω-
2016 4502 2055 4556 D

415 4551 616 4603 θέντων
644 4552 868 4607 ἔκϐασιν
893 4555 1432 4626 διαμηχανήσασθαι.
1483 4557 1610 4621 Τοῖς
1665 4560 1773 4629 γάρ
1804 4560 1981 4630 ἀπλη-

419 4640 571 4702 στίας
598 4642 759 4694 πάθει
789 4645 880 4695 καὶ
902 4648 1108 4715 ψυχικῇ
1140 4646 1300 4717 πενία
1342 4648 1477 4718 πρῦς
1525 4649 1780 4702 τοσοῦτον
1828 4667 1988 4721 πορι-

419 4732 552 4800 σμὸν
581 4736 970 4805 προστετηκόσι
988 4737 1080 4788 καὶ
1108 4738 1275 4805 μηδὲν
1293 4739 1513 4808 αἰσχρὸν
1538 4739 1642 4792 τῶν
1674 4742 1751 4805 είς
1770 4759 1988 4812 χρημα-

416 4822 606 4890 τισμὸν
648 4824 1045 4879 συντελούντων
1092 4826 1567 4899 ὑπολογιζομένοις
1602 4832 1699 4884 καὶ
1715 4833 1987 4903 τοσαύτης

416 4911 945 4985 πολυπραγμῖσύνης
979 4917 1187 4985 ἑφόδιον
1214 4918 1312 4989 τὴν
1346 4919 1662 4992 ἐλευθερίαν
1693 4924 1982 4993 ὲπιφορτι-

414 5001 662 5070 ζομένοις
682 5004 835 5059 οὐδὲν
849 5006 1175 5080 ἀτόλμητον,
1202 5008 1354 5062 οὐδὲν
1380 5010 1798 5083 ἀνεπιχείρητον
1824 5031 1983 5084 περι-

414 5093 764 5166 λειφθήσεται
824 5098 905 5161 είς
960 5100 1060 5171 τὴν
1120 5101 1220 5170 τῆς
1270 5102 1480 5165 οἰκείας
1542 5104 1987 5174 συμϐαλλόμενον

414 5184 723 5253 προθέσεως
743 5188 1072 5243 συντέλειαν.
1105 5190 1246 5244 Ἀλλ’
1273 5194 1352 5255 είς
1379 5192 1617 5245 κώλυσιν
1647 5193 1757 5247 τῶν
1777 5194 1988 5247 καινῶν

415 5278 813 5349 ὲφευρημάτῳν
852 5283 947 5336 καὶ
994 5284 1345 5354 ἐκπλήρωσιν
1383 5284 1492 5337 τῶν
1543 5285 1923 5356 διορισθέντων
1958 5288 1988 5342 ό

414 5367 513 5430 τῆς
544 5370 786 5439 τριετίας
816 5373 895 5434 είς
915 5373 1191 5443 ἀναμονὴν
1214 5374 1527 5445 προκείσθω
1551 5375 1766 5446 χρόνος,
1787 5376 1880 5429 καὶ¹
1907 5375 1987 5446 τῷ

416 5455 607 5526 ἀπόρῳ
627 5458 727 5527 τὴν
752 5460 1015 5519 εὐπορίαν
1036 5462 1223 5532 φέρειν
1251 5464 1551 5535 δυνάμενος
1582 5466 1674 5518 καὶ
1710 5466 1810 5536 τὴν
1844 5466 1987 5521 ἀπόο

2080 3300 2189 3340 non
2224 3283 2321 3338 abs
2351 3297 2410 3337 re
2434 3280 2578 3336 ratio
2609 3276 2972 3335 restitutionis
2999 3274 3161 3331 etiam
3201 3275 3506 3338 habebitur,
3532 3288 3653 3326 mo-

2078 3375 2199 3431 dica
2234 3373 2463 3443 quadam
2504 3369 2804 3441 appendice
2840 3365 3137 3422 sanctionis
3181 3364 3416 3434 inopiam
3451 3376 3652 3432 paupcv

2081 3480 2203 3521 rum
2241 3464 2575 3519 sublevans:
2616 3459 2872 3515 nimirum
2905 3465 2963 3512 ut
2997 3456 3177 3512 statim
3224 3455 3339 3525 ipsa
3380 3456 3494 3508 loca
3529 3452 3657 3508 red-

2082 3556 2302 3621 dantur,
2334 3561 2388 3609 et
2415 3559 2759 3608 revertantur
2784 3549 2850 3605 ad
2876 3563 2990 3612 eos,
3023 3549 3115 3619 qui
3147 3547 3541 3610 vendiderunt;
3573 3546 3654 3598 vel

2084 3648 2151 3703 ad
2201 3661 2392 3703 eorum
2439 3644 2708 3710 haeredes,
2743 3652 2837 3698 aut
2883 3641 3252 3713 propinquos;
3300 3639 3383 3695 vel
3437 3639 3500 3693 iis
3548 3653 3655 3692 non

2084 3735 2445 3799 exstantibus,
2477 3734 2545 3788 ad
2575 3733 2720 3796 illos,
2749 3732 2843 3802 qni
2881 3731 2983 3787 sub
3018 3731 3207 3787 eodem
3242 3730 3396 3785 titulo
3429 3730 3655 3799 vectigal

2086 3827 2345 3893 pendunt.
2374 3824 2479 3890 Qui
2510 3839 2644 3879 sane
2677 3825 2724 3879 si
2770 3823 3065 3890 locupletes
3111 3831 3259 3887 sunt,
3310 3821 3543 3875 solutum
3589 3822 3656 3874 ab

2087 3914 2240 3971 initio
2292 3913 2523 3983 pretium
2567 3912 2804 3967 vicissim
2851 3919 3151 3981 praestent:
3206 3918 3266 3963 at
3308 3911 3352 3963 si
3401 3910 3659 3965 solvendo

2087 4020 2193 4061 non
2224 4013 2370 4069 sunt,
2402 4002 2469 4057 ad
2510 4002 2739 4058 celerem
2783 4002 2939 4071 pretii
2972 3999 3318 4065 refuslonem,
3350 4000 3401 4053 vi
3432 4014 3535 4055 non
3569 4014 3659 4054 cu-

2089 4105 2285 4166 gautur
2315 4112 2329 4149 :
2365 4102 2424 4149 ut
2457 4108 2526 4149 ne
2551 4091 2742 4164 majori
2773 4092 2844 4148 sit
2882 4092 2962 4147 eis
2986 4092 3161 4153 oneri,
3192 4089 3541 4159 molestiaque
3566 4106 3659 4144 su-

2091 4195 2238 4256 peret
2261 4183 2497 4249 exactio,
2525 4196 2646 4252 quae
2680 4189 2807 4236 tunc
2842 4190 3158 4252 gravantur,
3205 4179 3258 4235 id
3298 4181 3658 4241 commodum,

2089 4276 2233 4345 quod
2273 4275 2327 4330 in
2359 4285 2634 4345 posterum
2670 4281 2908 4344 sperant.
2938 4272 3245 4327 Praesertim
3279 4286 3399 4325 cum
3436 4280 3660 4325 cateru-

2092 4368 2184 4438 qui
2221 4366 2461 4422 futurum
2499 4366 2590 4431 sit,
2623 4373 2683 4419 ut
2734 4364 2956 4420 subdola
2999 4364 3319 4434 improbitas
3348 4373 3403 4418 et
3429 4362 3661 4417 illibera-

2091 4457 2217 4513 litas
2244 4458 2297 4512 iu
2330 4454 2621 4511 multorum
2659 4453 2859 4508 animis
2897 4467 2993 4522 per
3029 4452 3384 4506 acceleratam
3420 4451 3659 4504 exactio-

2092 4563 2212 4603 nem
2240 4547 2399 4618 pretii
2422 4562 2528 4602 non
2555 4547 2843 4602 erubescat
2873 4543 3072 4608 moliri,
3107 4557 3175 4599 ne
3205 4543 3335 4613 quid
3365 4543 3416 4598 iu
3447 4552 3661 4613 peracta

2090 4641 2255 4695 semel
2310 4638 2664 4694 distractione
2711 4637 3018 4692 innovetur.
3067 4635 3277 4691 Etenim
3331 4635 3421 4705 qni
3479 4636 3665 4689 morbo

2094 4730 2336 4785 avaritia:
2378 4728 2740 4798 inexplebilis,
2775 4732 2830 4782 et
2871 4727 3037 4781 animi
3081 4735 3416 4796 paupertate,
3456 4735 3662 4780 tantum

2092 4823 2160 4875 ad
2192 4832 2455 4891 quaestum
2489 4821 2893 4884 contabescunt,
2925 4834 2988 4872 ac
3019 4818 3149 4873 nihil
3176 4832 3363 4872 eorum
3392 4827 3547 4886 turpe
3570 4819 3665 4869 du-

2093 4921 2244 4973 cunt,
2277 4926 2396 4980 qua:
2425 4909 2490 4963 ad
2516 4910 2809 4978 cogendam
2841 4908 3084 4976 pecunia:
3115 4907 3324 4975 copiam
3359 4906 3579 4968 faciunt,
3609 4916 3663 4957 et

2093 5003 2419 5065 libertatem,
2465 5001 2599 5055 tanti
2649 5000 2903 5053 viaticum
2953 4998 3154 5053 laboris
3196 5008 3251 5052 et
3295 5011 3493 5064 operte,
3542 5010 3666 5065 gra~

2096 5104 2224 5147 vaut
2251 5111 2264 5146 :
2298 5092 2365 5153 iis
2395 5106 2523 5147 vero
2552 5091 2687 5145 nihil
2721 5092 2992 5157 inausum,
3026 5106 3123 5145 nec
3150 5089 3473 5144 intentatum
3506 5088 3665 5140 retin--

2096 5195 2313 5255 quetur,
2345 5184 2488 5253 quod
2523 5183 2591 5237 ad
2626 5184 2858 5253 ipsorum
2887 5182 3120 5238 instituti
3142 5180 3662 5236 consummationem

2094 5278 2297 5348 aliquid
2332 5275 2627 5346 adjumenti
2686 5274 2897 5331 alIerat.
2939 5275 3045 5331 Sed
3079 5276 3223 5330 enim
3266 5283 3324 5327 ut
3354 5279 3661 5327 commenta

2094 5385 2230 5424 nova
2263 5376 2632 5432 coerceantur,
2665 5374 2719 5421 et
2747 5382 2866 5437 quae
2893 5377 3091 5423 statuta
3118 5376 3267 5431 sunt,
3300 5364 3619 5433 impleantur
3645 5381 3659 5416 :

2096 5463 2312 5516 triennii
2353 5472 2565 5531 tempus
2604 5460 2671 5515 ad
2701 5461 3119 5530 exspectandum
3154 5456 3487 5523 conceditur,
3523 5454 3663 5524 quod

498 5644 594 5725 (θ’)
648 5646 819 5725 ὶζυιὶκι
890 5649 991 5725 καὶ,
1025 5650 1182 5725 3b:—
1220 5654 1509 5723 ἅρπαγμα,
1565 5656 1705 5725 apud
1765 5652 1988 5709 Lcunol.
2056 5651 2125 5705 ob
2187 5652 2645 5709 homoeoteleuton
2697 5649 2931 5715 omissa,
2997 5645 3334 5704 restituimus
3400 5662 3466 5703 ex
3527 5648 3641 5703 edit

422 5717 588 5772 Ltch.
620 5735 648 5770 ιι
677 5715 994 5789 Lingcnthal
1025 5719 1084 5775 ι’.
1106 5722 1167 5775 l2.
