4056 6210
356 322 462 385 {.67
494 348 497 349 ν
1378 321 1850 383 ΟΟΝΞΤᾹΝΤῘΝ
1860 322 1884 381 Ι
1917 323 1938 383 1

2040 322 2588 387 ἰΡΗΥΒΟΟΕΝΙΤΙ

3493 328 3605 395 568

359 446 413 487 et
465 432 612 504 inopi
664 447 969 489 ..ιμυιωιοιη
1028 426 1291 495 solvendi,
1356 431 1548 488 all-'erre
1606 436 1834 504 poterit;
1880 443 1933 491 et

2040 435 2181 489 δουιν
2208 436 2431 500 ἀλύπως
2466 436 2733 509 παρέχειν
2757 436 3169 507 ταμιευόμενος.
3204 436 3297 492 Δεῖ
3330 438 3438 508 γάρ
3465 444 3605 507 μετὰ

361 527 595 592 elucere,
629 542 736 597 quo
777 524 933 594 pretii
976 523 1110 578 citra
1153 521 1459 579 molestiam
1508 526 1784 594 praestatio
1819 528 1931 580 liat.

359 620 584 689 Oportet
610 620 752 673 enim
778 632 899 671 cum
935 631 1024 680 eo,
1050 617 1191 686 quod
1220 617 1429 688 justum
1455 627 1510 673 et
1538 619 1668 674 utile
1693 629 1794 681 est,
1829 621 1931 673 hu-

364 712 683 764 maniialem
725 720 941 776 quoque
984 707 1259 780 conjungi,
1316 710 1475 779 eique
1522 711 1699 765 locum
1752 712 1817 763 ab
1866 712 1933 766 iis

358 800 498 863 dari,
530 797 619 866 qui
655 796 799 868 leges
828 797 1106 853 condunt:
1139 799 1440 867 praesertim
1472 814 1593 853 eum
1641 809 1697 853 et
1733 799 1929 868 alioqui

357 906 506 944 mora
546 891 793 958 quaedam
840 890 1101 961 temporis
1143 891 1451 946 introducta
1491 890 1587 946 sit.
1631 890 1765 945 Nam
1810 906 1930 945 cum

360 981 629 1035 sententia
663 981 842 1037 dehis
874 981 1039 1038 semel
1070 982 1405 1053 promulgata
1441 982 1621 1048 fuerit,
1659 998 1763 1038 non
1796 984 1932 1038 inso

355 1072 494 1138 lens,
527 1086 627 1128 nec
658 1072 891 1127 alienum
914 1072 1056 1127 foret
1094 1086 1209 1135 eos,
1252 1073 1342 1141 qui
1388 1072 1659 1128 mandatis
1699 1088 1804 1127 non
1835 1074 1933 1127 ob-

356 1176 665 1235 temperare
699 1164 1023 1235 deprehensi
1075 1174 1228 1229 sunt,
1258 1163 1415 1231 digna
1460 1162 1617 1218 lactis
1650 1164 1762 1218 suis
1791 1179 1935 1233 pm-

362 1257 469 1310 mia
500 1257 779 1325 consequi,
814 1263 871 1311 et
895 1253 1155 1324 quidquid
1184 1253 1451 1309 habebant
1474 1254 1632 1322 juris,
1662 1254 1929 1309 amittere.

361 1338 562 1402 verum
606 1348 882 1402 enimvero
925 1360 1139 1415 semper
1180 1344 1322 1413 juris
1365 1345 1539 1400 stricti
1587 1344 1929 1400 severitatem

359 1440 468 1495 leni
497 1439 729 1509 quadam
772 1438 1039 1495 sententia
1070 1447 1456 1506 temperantes,
1490 1452 1588 1507 pro
1627 1438 1729 1493 hac
1765 1438 1932 1493 amis-

358 1532 535 1598 sione,
569 1546 687 1602 qua:
729 1532 901 1587 locum
936 1530 1134 1584 habere
1178 1530 1426 1590 debebat,
1467 1532 1685 1586 triennii
1719 1531 1932 1586 dilatio-

360 1635 485 1675 nem
518 1621 803 1675 statuimus
832 1638 845 1675 :
881 1620 1091 1674 modice
1127 1619 1343 1689 quidem
1382 1621 1671 1689 punientes
1691 1636 1806 1686 eos,
1835 1623 1926 1692 qui

361 1712 732 1781 deliquerunt;
767 1725 1028 1780 pauperes
1066 1726 1197 1766 vero
1221 1712 1428 1781 dignos,
1459 1712 1549 1781 qui
1577 1711 1927 1767 commisera-

2031 527 2124 580 τοῦ
2149 528 2517 599 συμφέροντος
2561 529 2655 581 καὶ
2686 527 2748 581 τὸ
2777 528 3165 599 φιλάνθρωπον
3219 530 3609 600 συνεξυφαίνε-

2033 617 2157 672 σθαι
2186 621 2299 682 τοῖς
2336 619 2852 688 θεσμοθετουμένοις
2880 620 2972 674 καὶ
3006 620 3479 693 συνεισφέρεσθαι,
3510 625 3609 677 καὶ

2030 704 2202 769 ἄλλως
2233 707 2290 759 δὲ
2313 707 2407 759 τοῦ
2430 706 2623 777 χρόνου
2654 707 3003 778 ὑπερθέσεως
3023 710 3394 780 είσαχθείαης.
3421 712 3607 777 "Attali

2031 796 2139 866 γάρ
2164 796 2262 865 τῆς
2311 797 2438 866 περὶ
2468 796 2673 850 τούτων
2695 797 3023 867 ἀποφάσεως
3053 800 3447 873 ἐξενεχθείσης,
3480 805 3607 865 τοὺς

2032 891 2283 959 παρακοῇ
2320 888 2429 942 τῶν
2454 891 2951 961 προστεταγμένων
2983 892 3296 956 ἑαλωκότας
3360 895 3423 947 οὐ
3457 894 3611 959 ξένον

2030 982 2152 1036 οὐδὲ
2175 982 2354 1051 νόμων
2376 983 2652 1053 ἀλλότριον
2670 982 2779 1036 τῶν
2802 984 3020 1039 οἰκείων
3038 986 3146 1038 ὲπα
3156 984 3407 1038 πολαύειν
3429 986 3610 1039 πόνων

2032 1075 2101 1130 τὰ
2126 1076 2380 1147 ἐπίχειρα
2408 1078 2501 1129 καὶ
2549 1076 2659 1130 τῶν
2716 1076 3028 1147 προσάντων
3071 1076 3481 1146 ἀλλοτριοῦσθαι
3527 1077 3605 1130 δι-

2032 1167 2387 1235 καιωμάτων.
2438 1166 2598 1220 Ἀλλά
2634 1165 2740 1237 γὰρ
2797 1166 2884 1219 ἀεὶ
2911 1166 3280 1238 φιλανθρώπῳ
3308 1166 3371 1219 τὸ
3399 1167 3606 1233 αὐστη-

2035 1263 2126 1333 ρὸν
2174 1264 2273 1333 τῆς
2324 1263 2615 1334 ἀκριϐείας
2675 1262 3035 1334 κεραννύντες
3084 1262 3299 1334 γνώμῃ,
3331 1262 3454 1314 ἀντὶ
3505 1261 3611 1329 τῆς

2033 1354 2415 1425 προσηκούσης
2447 1355 2773 1419 ἐκπτώσεως
2788 1357 2891 1421 τὴν
2917 1357 3017 1423 τῆς
3046 1353 3290 1424 τριετίας
3336 1351 3606 1420 ἀναϐολὴν

2032 1444 2424 1515 διωρισάμεθα,
2460 1446 2696 1513 μετρίως
2744 1445 2843 1515 μὲν
2868 1444 2996 1505 τοὺς
3024 1440 3478 1513 ἐξημαρτηκότας
3509 1457 3603 1492 κο-

2033 1534 2311 1599 λάζοντες,
2364 1535 2531 1600 ἀξίως
2589 1536 2646 1589 δὲ
2698 1536 2791 1589 καὶ
2845 1535 2971 1598 τοὺς
3004 1534 3185 1597 ἐλέους
3206 1534 3387 1601 τυχεῖν
3424 1531 3608 1595 ἀξίους

2040 1624 2278 1695 πένητας
2311 1628 2378 1695 τῇ
2421 1625 2658 1696 ἀναϐολῇ
2708 1622 3071 1692 ἀγαθύνοντές
3115 1638 3174 1675 τε
3232 1620 3326 1673 καὶ
3358 1633 3607 1687 παρηγο-

2042 1718 2315 1789 ρούμενοι,
2357 1720 2452 1773 καὶ
2502 1720 2817 1791 σύμμετρον
2873 1718 3155 1789 ἑκατέροις
3185 1715 3284 1786 τὴν
3314 1714 3613 1784 θεραπείαν

359 1806 562 1860 tionem
600 1803 911 1873 impetrent,
962 1804 1077 1871 ipsa
1123 1804 1239 1872 (ceu
1271 1802 1486 1871 dignum
1527 1802 1632 1873 est)
1677 1804 1934 1859 dilatione

2040 1811 2441 1881 προσφέροντες
2469 1828 2527 1864 τε
2559 1812 2653 1865 καὶ
2681 1810 3089 1880 ἀφοσιούμενοι.

356 1894 591 1965 bonisne
632 1892 878 1950 foventes
909 1902 965 1949 et
998 1895 1380 1957 consolantes;
1417 1894 1657 1961 adeoque
1700 1896 2107 1954 convenientem
2151 1902 2397 1970 utrisque
2428 1901 2749 1957 medicinam
2780 1901 3097 1956 adhibentes
3137 1908 3197 1954 et
3233 1897 3606 1968 expedientes.

432 1992 485 2046 7.
522 1992 785 2059 Quoniam
811 2004 941 2044 vero
976 1989 1264 2044 nonnullos
1304 1989 1376 2042 ad
1404 1996 1607 2043 tantam
1640 2005 1799 2061 opu-tn
1840 2007 1934 2047 cu-

360 2086 643 2156 piditatem
676 2095 993 2153 progressos
1019 2081 1354 2149 accepimus,
1384 2091 1438 2134 ut
1465 2080 1752 2136 instituant
1773 2083 1943 2137 etiam

361 2177 453 2231 vili
479 2176 652 2245 pretio
683 2188 973 2243 pauperum
1008 2172 1402 2243 possessiones,
1426 2188 1609 2228 emere
1634 2174 1835 2239 dicam,
1869 2189 1943 2228 an.

362 2267 543 2337 potius
575 2265 746 2320 hianti
783 2279 877 2319 ore
914 2263 1177 2335 deglutire
1196 2264 1229 2317 ?-
1271 2264 1442 2333 ipsum
1493 2265 1659 2320 animi
1705 2264 1940 2335 iactique

364 2357 657 2413 discrimen
689 2355 890 2422 ell'ecit,
923 2366 982 2411 ut
1013 2365 1065 2411 et
1096 2356 1379 2412 dissimilis
1412 2356 1512 2411 hac
1548 2358 1599 2411 in
1634 2368 1786 2428 parte
1818 2372 1941 2412 sen-

366 2448 535 2505 tentia
572 2448 644 2503 sit
693 2449 761 2504 ab
811 2448 897 2513 iis,
946 2462 1065 2517 qua:
1104 2462 1451 2517 praecessere.
1498 2447 1856 2513 Quamobrem
1893 2446 1939 2501 si

364 2538 639 2608 reperitur
672 2537 817 2608 justa
860 2551 1041 2591 rerum
1095 2536 1439 2591 venditarum
1490 2536 1797 2600 aestimatio,
1830 2536 1938 2589 dati

365 2631 531 2701 pretii
562 2630 783 2701 duplum
818 2630 1083 2684 excedere
1120 2648 1134 2683 :
1180 2628 1328 2683 nullo
1356 2627 1532 2697 pretio
1566 2626 1800 2693 reddito,
1825 2641 1941 2682 em~

362 2733 549 2792 plores
600 2721 956 2791 expellantur.
1012 2718 1069 2773 Si
1121 2731 1250 2773 vero
1302 2733 1410 2772 non
1463 2717 1516 2772 in
1569 2726 1800 2782 tantum,
1845 2716 1943 2771 sed

364 2821 550 2866 tamen
590 2810 644 2863 in
690 2808 934 2863 fraudem
966 2807 1332 2877 damnumque
1372 2807 1708 2862 venditorum
1748 2816 1802 2862 et
1826 2807 1938 2876 jam

364 2903 575 2956 lucmm
604 2899 968 2972 provenientis
990 2895 1204 2954 eiundo
1225 2899 1435 2954 reditus
1455 2898 1619 2968 pretii
1641 2899 1753 2954 dati
1783 2913 1941 2954 sum-

367 3008 511 3048 mam
543 2991 824 3062 :equavit:
864 2989 996 3044 nihil
1039 2999 1309 3059 emptores
1356 3000 1615 3060 praeterea
1664 2991 1942 3059 requirere

367 3087 589 3142 debent.
615 3085 717 3141 Sin
742 3085 945 3154 aliquid
966 3084 1050 3140 eis
1072 3083 1251 3139 adhuc
1274 3083 1433 3149 desit,
1469 3084 1734 3154 reliquum
1774 3084 1842 3139 ab
1875 3085 1941 3140 iis

2113 1994 2177 2061 ξ’.
2223 1996 2372 2049 Ἐπεὶ
2394 1996 2449 2049 δὲ
2474 1996 2569 2050 καί
2589 2013 2739 2059 τινας
2756 1995 2891 2064 πρὸς
2920 1993 3186 2064 τοσαύτην
3206 1988 3620 2063 χρηματισμῶν.

2040 2086 2374 2155 ἐληλακότας
2400 2086 2633 2156 πόθησιν
2655 2085 2996 2155 ἀκηκόαμεν,
3018 2082 3093 2145 ὡς
3118 2080 3336 2143 εὐώνως
3368 2078 3468 2141 τάς
3496 2076 3619 2129 τῶν.

2042 2178 2314 2249 πενήτων,
2361 2177 2497 2231 ἀλλά
2522 2177 2631 2249 γὰρ
2670 2178 2789 2240 πῶς
2832 2176 2977 2229 εἴπω
3002 2172 3378 2243 ἐξωνήσασθαι
3408 2170 3502 2224 καὶ
3532 2168 3615 2239 μὴ

2041 2271 2234 2341 χανδὸν
2298 2274 2621 2336 καταπιεῖν;
2683 2270 2903 2340 κτήσεις
2979 2265 3344 2337 προελέσθαιεο
3391 2263 3452 2316 τὸ
3508 2264 3610 2327 τῆς

2041 2363 2265 2432 γνώμης
2303 2362 2520 2431 καὶτῆς
2551 2360 2802 2432 πράξεως
2838 2359 3096 2427 διάφορον
3129 2358 3227 2426 οὐχ
3277 2354 3471 2425 ὁμοίαν
3496 2353 3620 2405 τῶνε

2041 2451 2422 2523 προλαϐόντων
2444 2453 2542 2520 τὴν
2570 2451 2845 2521 διάκρισιν
2872 2448 3248 2520 ἐξειργάσατο.
3293 2447 3467 2515 Εἴπερ
3511 2442 3607 2495 οὖν

2042 2544 2356 2615 εὑρίσκεται
2394 2542 2536 2613 ὑπὲρ
2564 2541 2627 2595 τὸ
2645 2541 2931 2595 διπλάσιον
2977 2543 3009 2610 ὴ
3049 2538 3231 2593 δικαία
3252 2536 3361 2591 τῶν
3390 2550 3597 2604 πεπρα·

2044 2636 2221 2705 μένων
2266 2633 2634 2703 ἀποτίμησις,
2688 2632 3017 2704 ἀναργύρως
3058 2630 3185 2692 τοὺς
3229 2627 3619 2697 ἀγοράσαντας.

2043 2726 2464 2781 ἀπελαύνεσθαι.
2499 2726 2563 2778 Εἰ
2587 2724 2644 2777 δὲ
2670 2725 2859 2793 καὶμὴ
2885 2723 3021 2795 πρὸς
3050 2719 3327 2783 τοσοῦτον,
3374 2719 3523 2787 ὅμως
3551 2715 3607 2769 δὲ

2042 2820 2122 2884 είς
2144 2819 2491 2891 περιγραφὴν
2520 2818 2615 2871 καὶ
2641 2815 2844 2887 βλάϐην
2865 2814 2973 2867 τῶν
2996 2811 3378 2883 πεπρακότων,
3406 2806 3607 2875 ἔφθασε

2040 2912 2097 2965 δὲ
2157 2910 2256 2982 τῆς
2287 2910 2498 2964 ἐκεῖθεν
2553 2905 2822 2977 προσόδου
2881 2902 2944 2956 τὸ
2967 2901 3161 2974 κέρδος
3189 2898 3510 2967 ἐξισωθῆναι
3538 2896 3613 2963 τῇ

2043 2999 2315 3070 καταϐολῇ
2343 2997 2435 3052 τοῦ
2458 2997 2793 3067 τιμήματος,
2816 2991 2984 3063 μηδὲν
3029 2989 3225 3052 αὐτοὺς
3252 2988 3439 3056 ἕτερον
3488 2984 3609 3035 ἑπι-

2043 3090 2247 3163 ζητεῖν.
2286 3084 2710 3161 Ἐλαττουμένου
2765 3082 2843 3147 δὲ,
2874 3081 2935 3133 τὸ
2985 3081 3169 3132 λεῖπον
3203 3072 3617 3145 ἀπολαμϐάνειν

368 3178 617 3248 capiant,
671 3176 869 3247 quibus
928 3176 1251 3247 praediorum
1324 3190 1545 3232 suorum
1606 3176 1938 3245 recuperatio

2044 3183 2197 3255 παρά
2246 3183 2355 3235 τῶν
2379 3176 2775 3248 δικαιουμένων
2815 3174 2895 3237 εἰς
2923 3172 3020 3242 τὴν
3057 3171 3165 3224 τῶν
3194 3169 3375 3222 τόπων
3403 3166 3611 3234 cludit-na

362 3274 486 3343 jure
517 3271 851 3328 conceditur.

435 3366 491 3420 8.
529 3364 667 3432 Quin
716 3379 814 3419 nec
841 3371 1110 3434 praetextu
1155 3362 1406 3434 alicujus,
1448 3364 1540 3431 qui
1586 3362 1937 3419 monasticam

366 3458 440 3513 sit
479 3456 783 3526 amplexus,
828 3455 910 3509 vel
951 3454 1199 3522 amplecti
1244 3453 1391 3517 velit,
1436 3467 1490 3507 et
1544 3454 1939 3521 possessionem

364 3563 519 3603 suam
562 3561 732 3601 sacra:
782 3545 1156 3599 meditantium
1222 3544 1420 3598 scholae
1457 3544 1744 3609 addixerit,
1797 3554 1941 3598 recte

364 3639 477 3708 jam
511 3636 744 3691 decretis
773 3636 1066 3705 quidquam
1112 3634 1448 3691 confusionis
1491 3634 1755 3689 inferatur
1793 3651 1809 3688 :
1846 3634 1938 3688 sed

368 3738 629 3800 quantum
659 3728 793 3784 satis
812 3737 897 3783 est
920 3727 1270 3782 emolumenti
1301 3728 1367 3782 de
1391 3727 1494 3782 hac
1522 3734 1704 3782 nostra
1730 3727 1941 3783 consti-

370 3825 587 3879 tutione
611 3822 997 3894 percipientes,
1026 3821 1229 3892 justum
1257 3821 1406 3876 fundi
1436 3821 1666 3891 pretium
1702 3826 1939 3884 sumant;

367 3917 633 3986 siquidem
662 3916 763 3971 hoc
817 3926 1006 3984 reapse
1032 3913 1221 3969 salutis
1248 3928 1435 3981 causa,
1480 3928 1585 3969 non
1618 3912 1745 3969 dolo
1773 3912 1936 3977 malo,

368 4024 473 4062 non
503 4006 713 4070 fraude,
744 4022 849 4062 non
892 4005 1073 4062 fucata
1116 4004 1340 4061 vafricie
1377 4004 1580 4061 factum
1620 4014 1723 4061 est.
1765 4005 1943 4072 Atque

368 4101 473 4154 hoc
514 4113 619 4153 non
660 4099 841 4154 minus
890 4099 957 4155 ad
1007 4098 1291 4152 utilitatem
1342 4110 1618 4152 sacrarum
1660 4098 1940 4159 domuum,

368 4207 532 4263 quam
563 4207 856 4263 pauperum
892 4191 1011 4245 tleri
1051 4189 1411 4260 reputabitur,
1441 4187 1583 4255 quod
1609 4194 1664 4242 et
1701 4183 1941 4250 alitibus,

367 4295 424 4338 et
451 4282 911 4347 contentionibus,
941 4289 996 4335 et
1035 4279 1301 4334 libertatis
1332 4287 1557 4348 experte
1586 4274 1945 4347 possessionis

369 4376 610 4431 dominio
651 4374 970 4433 liberentur.
1017 4371 1285 4441 simulque
1329 4370 1570 4424 devitem
1611 4383 1677 4423 ac
1724 4368 1945 4423 minime

369 4468 653 4521 incurrant
702 4465 758 4519 in
805 4463 955 4519 lucra
1001 4471 1055 4517 et
1100 4460 1467 4532 possessiones
1504 4459 1792 4531 ejusmodi,
1824 4474 1945 4531 quae

1965 3246 2007 3303 ο
2038 3246 2152 3346 φιν.

2109 3365 2180 3436 η’.
2225 3365 2383 3419 ’Λλλά
2415 3365 2549 3435 μηδὲ
2584 3364 2852 3434 προφάσει
2898 3354 3228 3431 μονάσαντός
3276 3367 3418 3413 τινος
3442 3348 3475 3410 ἢ
3509 3362 3609 3417 μορ

2041 3462 2201 3515 νάσαι
2235 3458 2560 3529 βουλομένου
2587 3456 2682 3509 καὶ
2703 3456 2804 3525 τὴν
2837 3454 2973 3507 ἰδίαν
3010 3444 3503 3520 προσκυράηαντος
3531 3437 3612 3508 τῷ

2044 3552 2173 3622 ἱερῷ
2229 3548 2632 3621 φροντιστηρίῳ
2681 3546 2873 3616 κτῆσιν
2927 3543 2997 3596 τά
3042 3539 3224 3602 καλῶς
3254 3535 3351 3589 νῦν
3385 3532 3613 3597 δόξαντα

2044 3644 2307 3713 σύγχυσίν
2337 3658 2459 3695 τινα
2507 3638 2766 3710 δεχέσθω,
2829 3634 3021 3702 ἱκανὴν
3076 3634 3139 3685 ὲκ
3178 3629 3279 3699 τῆς
3328 3626 3611 3695 παρούσης

2040 3737 2366 3807 διακρίσεως
2389 3732 2749 3804 εὐμοιιροῦντα
2770 3730 2871 3799 τὴν
2894 3726 3181 3796 ὠφέλειαν,
3205 3722 3266 3774 τὸ
3281 3719 3381 3790 τὴν
3395 3715 3615 3770 δικαίαν

2040 3829 2206 3901 τιμὴν
2235 3827 2329 3881 τοῦ
2369 3828 2647 3897 κτήματος
2680 3819 3109 3891 ἀπολαμϐάνειν,
3147 3817 3195 3868 εί
3252 3810 3466 3882 ἀληθῶς
3500 3824 3609 3861 σω·

2041 3921 2233 3993 τηρίας
2263 3920 2425 3974 ἕνεκα
2451 3919 2609 3973 τοῦτο
2649 3918 2741 3969 καὶ
2778 3914 2854 3986 μὴ
2895 3913 3030 3982 δόλῳ
3058 3909 3149 3963 καὶ
3169 3902 3465 3977 περιεργίᾳ
3515 3900 3614 3993 καὶ

2045 3989 2411 4081 σεσοφισμένῃ
2458 4006 2866 4076 διαπέπρακται
2904 4000 3173 4071 περινοίᾳ.
3200 3996 3371 4050 Τοῦτο
3399 3993 3458 4046 δὲ
3511 3989 3610 4058 οὐχ

2041 4099 2203 4176 ἦττον
2232 4103 2311 4165 είς
2330 4100 2668 4154 λυσιτέλειαν
2684 4098 2792 4150 τῶν
2814 4096 2976 4167 ἱερῶν
2997 4095 3162 4148 οῐκων
3184 4093 3215 4161 ἢ
3237 4091 3347 4143 τῶν
3366 4087 3613 4176 πενήτων

2041 4173 2447 4262 λογισθήσεται,
2481 4184 2978 4255 ἀπαλλαττομένων
3010 4182 3107 4253 μὲν
3130 4179 3307 4257 ἔριδος
3342 4176 3437 4231 καί
3466 4173 3614 4242 φιλο-

2044 4284 2262 4340 νεικιῶν
2290 4283 2385 4336 καὶ
2410 4278 2766 4349 ἀνελευθέρου
2793 4276 3063 4346 κτήσεως,
3105 4269 3414 4340 φευγόντων
3439 4265 3495 4318 δὲ
3519 4263 3615 4316 καὶ

2043 4378 2143 4432 οὐκ
2175 4372 2574 4445 ὲπιτρεχόντων
2622 4368 2934 4437 πτωμάτων
2967 4364 3172 4425 αἰτίους
3221 4359 3465 4430 εὑρέσεις
3520 4354 3615 4408 καὶ

2045 4465 2427 4536 κατασχέτσεις,
2452 4459 2761 4533 ἀνθρώποις
2786 4474 2847 4510 τε
2882 4454 3118 4533 obeam!
3145 4452 3226 4505 ἔτι
3263 4450 3429 4519 σαρκὶ
3486 4462 3614 4499 συν-

370 4561 617 4628 lapsuum
651 4570 847 4614 causas
883 4555 949 4610 iis
983 4554 1244 4626 praebent,
1303 4553 1394 4623 qui
1424 4558 1480 4608 et
1510 4551 1754 4607 homines
1792 4560 1938 4617 sunt,

2047 4560 2353 4629 δεδεμένοις
2374 4557 2469 4609 καὶ
2493 4554 2594 4607 οὐκ
2624 4551 2921 4610 ἀναλώτοις
2946 4547 3129 4616 μένειν
3161 4539 3615 4611 πεπιστευμένοις

375 4661 431 4705 et
462 4650 613 4703 carni
647 4648 823 4702 adhuc
846 4646 1069 4715 alligati,
1096 4660 1194 4701 nec
1220 4654 1426 4700 tantum
1451 4643 1561 4700 sibi
1582 4643 1770 4708 lidunt,
1802 4652 1860 4696 ut
1880 4656 1943 4698 se

371 4741 648 4795 immunes
674 4752 703 4790 a
732 4737 970 4807 lapsibus
991 4737 1244 4793 humanis
1267 4750 1388 4792 esse
1410 4737 1655 4791 credant.

445 4828 698 4887 Sedenim
715 4829 829 4885 haec
843 4830 1180 4898 perhumane
1190 4826 1400 4885 sancita
1409 4836 1556 4895 sum,
1570 4842 1689 4898 quae
1701 4825 1945 4897 ctacqui-

372 4924 525 4980 rendi
558 4921 834 4978 libidinem
875 4921 1234 4977 insatiabilem
1252 4935 1373 4977 cum
1399 4919 1765 4975 moderatione
1793 4933 1945 4974 coer-

374 5024 522 5080 cent,
551 5024 604 5070 et
628 5013 769 5083 quod
793 5011 1010 5083 expedit
1033 5012 1261 5083 publice,
1284 5012 1512 5067 suadent
1538 5030 1553 5067 :
1586 5020 1645 5065 ut
1663 5025 1824 5065 nemo
1844 5022 1946 5065 nec

376 5104 750 5174 spectabilium
778 5102 1159 5172 magistrorum
1187 5108 1280 5155 aut
1302 5100 1676 5170 patriciorum,
1710 5114 1808 5153 nec
1830 5111 1943 5152 ma-

377 5194 717 5266 gistratibus,
744 5200 838 5247 aut
865 5190 1247 5262 potestatibus,
1285 5201 1381 5247 aut
1417 5189 1803 5261 principalibus
1827 5202 1947 5242 om~~

375 5285 505 5341 nino
553 5281 908 5354 dignitatibus
951 5280 1365 5345 honoratorum,
1422 5279 1506 5335 vel
1547 5278 1808 5341 civilium,
1859 5275 1943 5331 vel

376 5378 713 5446 militarium,
740 5374 827 5431 vel
851 5371 1261 5446 provincialium
1289 5370 1596 5443 praesidum,
1624 5369 1708 5423 vel
1738 5380 1946 5438 exprm-

376 5471 578 5537 sidum,
621 5469 707 5525 vel
753 5466 1318 5539 metropolitanorum,
1364 5463 1451 5520 vel
1503 5462 1942 5532 archiepiscopo-

377 5572 525 5620 rum,
551 5558 637 5612 vel
661 5558 1065 5629 episcoporum,
1092 5554 1180 5610 vel
1209 5554 1486 5620 abbatum,
1514 5552 1601 5609 vel
1626 5566 1816 5609 eorum
1850 5550 1942 5622 qui

377 5646 647 5717 religiosis
713 5646 963 5705 domibus
1018 5652 1282 5716 praesunt,
1331 5652 1427 5701 aut
1479 5642 1645 5700 alium
1714 5642 1946 5712 denique

376 5736 708 5807 mundanum
781 5739 1041 5797 honorem
1092 5737 1369 5795 consecuti
1424 5745 1571 5805 sunt,
1627 5735 1936 5808 emptionis,

2045 4652 2157 4715 τοῖς
2188 4645 2546 4717 ἀνθρωπίνοις
2561 4640 2940 4710 ὀλισθήμασιν.

2134 4823 2295 4876 Ἀλλὰ
2317 4820 2491 4875 ταῦτα
2526 4820 2623 4889 μὲν
2645 4814 3153 4887 φιλανθρωπότερον
3190 4806 3472 4879 διωρίσθη,
3519 4805 3615 4856 καὶ

2045 4917 2106 4971 τὸ
2136 4916 2234 4986 τῆς
2263 4910 2736 4984 φιλοκτημοσύνης
2768 4907 3067 4978 ἀκόρεστον
3100 4902 3462 4975 μετριώτερον
3491 4899 3612 4950 ὲπι⁴

2045 5011 2353 5079 τιμώμενα,
2373 5004 2471 5059 καὶ
2497 5004 2558 5057 τὸ
2582 5003 2734 5072 κοινῇ
2768 4996 3085 5053 λυσιτελοῦν
3119 4994 3504 5065 είσηγούμενα,
3539 4990 3615 5079 ὡς

2051 5077 2257 5165 μηδένα
2282 5092 2481 5161 μηκέτι
2513 5090 2652 5161 μήτε
2673 5088 2781 5141 τῶν
2818 5085 3198 5152 περιϐλέπτων
3229 5082 3547 5154 μαγίστρων
3579 5077 3613 5149 ἦ

2049 5183 2376 5255 πατρικίων,
2431 5183 2569 5251 μήτε
2615 5179 2725 5233 τῶν
2754 5179 2951 5250 ἀρχαῖς
3000 5176 3033 5248 ἦ
3088 5173 3361 5241 ἐξουσίαις
3413 5169 3615 5243 nam;

2048 5275 2349 5345 βασιλικοῖς
2389 5270 2666 5340 ἀξιώμασι
2716 5266 3121 5338 τετιμημένων,
3150 5264 3185 5335 ἢ
3237 5258 3532 5315 πολιτικῶν
3579 5257 3615 5327 ἢ

2047 5364 2457 5439 στρατιωτικῶν
2478 5363 2511 5434 ἢ
2534 5360 2851 5428 θεματικῶν
2877 5357 3157 5430 ἀρχόντων
3178 5355 3215 5427 ἢ
3234 5353 3615 5424 ἀπαρχόντων,

2048 5460 2189 5530 μήτε
2221 5452 2693 5529 μητροπολιτῶνῆ
2747 5450 3193 5523 ἀρχιεπισκόπων
3230 5446 3263 5518 ἦ
3301 5442 3616 5499 ἐπισκόπων

2053 5548 2433 5621 ἢήγουμένων
2464 5546 2497 5618 ἢ
2526 5543 2635 5598 τῶν
2688 5542 2902 5613 εὐαγῶν
2939 5545 3120 5595 τόπων
3158 5536 3539 5609 προεστώτων,
3577 5532 3615 5602 ἢ

2049 5641 2161 5696 τῶν
2180 5640 2357 5703 ἄλλως
2379 5638 2650 5707 κοσμικῆς
2680 5635 2714 5706 ἢ
2734 5632 3012 5706 ἱερατικῆς
3035 5631 3195 5701 δόξης
3213 5626 3614 5697 τυγχανόντων,

2049 5734 2082 5805 ἢ
2112 5733 2315 5807 ἀγορᾶς
2344 5730 2377 5801 ἢ
2408 5722 2618 5799 δωρεᾶς
2655 5725 2694 5800 ἢ
2723 5725 2868 5797 ἄλλῳ
2903 5723 3011 5781 τινὶ
3039 5722 3228 5795 τρόπῳ
3286 5715 3612 5788 ὑπεισέρχὲ⁴
