2028 3105
185 150 238 181 569

733 149 916 181 NOVELL/E
936 149 1275 183 CONSTITUTIONES.

1759 156 1812 186 570

182 209 244 235 σθαι
265 207 306 239 εἰς
321 206 429 242 χωρίων
450 206 465 241 ἢ
483 206 576 241 ἀγρῶν
593 207 716 242 κτήσεις.
746 208 816 240 Τοὺς
829 208 884 243 γὰρ
903 207 972 243 μετὰ

1024 214 1069 235 aut
1085 209 1250 242 donationis,
1267 214 1313 237 aut
1330 210 1383 238 alio
1396 211 1491 246 quovis
1508 211 1595 243 titulo,
1608 211 1634 239 in
1648 212 1810 246 praediorum

180 255 230 288 τὴν
255 252 399 289 παροῦσαν
430 252 553 284 διάταξιν
570 252 690 279 τοιοῦτόν
714 262 740 280 τι
766 254 972 289 κατατολμῆσαι

181 298 365 335 βουληθέντας
380 299 428 326 καὶ
458 298 622 334 ἀναργὺρως
648 299 754 326 ἐκεῖθεν
781 300 972 331 ἐξελαύνεσθαι

180 344 340 379 κελεύομεν,
361 344 474 371 καὶτῶν
487 344 596 371 οἰκείων
611 345 815 379 ἐμπονημάτων
840 345 887 372 καὶ
903 345 971 371 καλ-

181 390 376 425 λιεργημάτων
390 390 613 424 ἀποστερεῖσθαι,
629 391 676 416 καὶ
691 390 729 424 τῷ
745 391 775 426 δη
782 391 877 426 μοσίῳ,
895 400 972 425 περι-

183 437 276 468 φανεῖς
293 436 342 470 μὲν
357 435 448 466 ὄντας,
462 435 510 469 τὴν
529 435 577 461 τοῦ
590 436 776 470 ἐπικτήματος
788 436 871 469 τιμὴν
884 444 971 461 κατα-

183 481 327 514 ϐάλλεσθαι
354 481 414 517 (οὐκ
429 481 561 515 ὠφελείας
584 481 599 515 ἢ
619 482 800 516 συνεισφορᾶς
817 482 971 508 ἕνεκενοτοῦ

186 527 327 562 δημοσίου,
342 542 378 547 —-—
398 528 422 553 οἱ
438 527 493 562 γὰρ
518 527 548 553 τὸ
566 527 620 553 τῶν
645 527 733 554 ἄλλων
760 528 908 561 ἀκόρεστον
923 527 972 561 τῆς

187 573 423 608 φιλοκτημοσύνης
449 573 624 600 ἀναστέλλειν
643 573 840 605 σπουδάζοντες
861 574 918 605 πῶς
939 575 971 600 ἂν

187 619 225 650 εις
235 619 332 645 οἰκεῖον
341 619 437 653 κέρδος
447 618 526 645 τοῦτο
536 619 756 653 ἀνερυθριὰστως
769 619 969 654 διορισαίμεθα,

186 665 214 690 οὺ
243 664 335 699 κοινὴν
358 664 493 698 ὠφέλειαν
514 664 572 691 ἀλλ’
590 664 658 690 ίδίαν
672 664 807 691 ποιεῖσθαι
832 664 972 698 ἐξελεγχό-

187 718 278 743 μενοι;
291 724 321 729 -
335 709 404 736 ἀλλὰ
414 710 463 744 τῆς
474 710 528 736 τῶν
542 711 663 744 πενήτων
674 710 755 736 ’ἑνεκα
771 710 953 745 προμηθείας)
962 717 970 724 ⁸

185 755 240 780 τῶν
255 755 454 790 εὐτελεστέρων
469 755 497 781 δὲ
513 755 559 780 καὶ
574 755 736 790 ἀναργύρως
750 756 969 790 ὲκδιωκειμένων,

185 802 232 826 καὶ
245 801 290 827 διὰ
303 800 352 835 τῆς
364 800 557 836 προσηκούσης
568 801 702 836 τιμωρίας
715 801 968 835 σωφρονιζομένων.

184 848 281 876 Ταῦτα
295 849 408 883 κρατεῖν
436 847 505 883 ὑπὲρ
529 848 577 881 τῆς
597 848 651 873 τῶν
677 848 806 883 ὑπηκόων
835 848 971 883 σωτηρίας

185 892 351 928 βουλόμεθα,
371 892 441 928 ὑπὲρ
451 889 488 919 ὧν
507 893 591 928 πολλὴ
604 893 651 919 καὶ
669 894 796 928 διηνεκὴς
812 895 877 927 ἡμῖν
905 894 971 929 πρύ-

185 947 275 966 κειται
291 939 415 971 πρόνοια.
438 939 468 965 El
485 939 539 974 γὰρ
566 939 700 974 τοσαύτην
714 940 832 974 ἐθέμεθα
852 940 905 966 τῶν
919 940 971 966 ὑπὸ

186 987 265 1021 χεῖρα
282 985 422 1020 πρόνοιαν,
444 985 482 1017 ὡς
501 985 615 1020 μηδενὸς
644 986 787 1019 φείσασθαι
803 986 857 1012 τῶν
878 995 971 1013 συντε-

187 1031 304 1058 λούντων
317 1032 356 1063 εἱς
371 1031 539 1066 ἐλευθερίαν,
556 1032 591 1058 δι’
608 1031 626 1059 ἃ
645 1033 692 1058 καὶ
715 1033 803 1067 χῶραι
818 1033 865 1059 καὶ
879 1033 970 1067 κῶμαι

189 1079 236 1103 καὶ
251 1077 339 1108 πόλεις
348 1076 415 1103 Θεοῦ
428 1070 621 1111 συνεργοῦντος
631 1078 695 1112 ἡμῖν
712 1079 906 1113 προσεγένοντο
916 1078 970 1103 τῶν

187 1122 364 1155 ὑπεναντίων,
386 1123 414 1148 αἱ
430 1122 480 1156 μὲν
491 1122 569 1157 ἔργον
584 1123 702 1157 πολέμου
723 1123 883 1157 γενόμεναι,
899 1125 926 1150 αἱ
941 1124 970 1150 δὲ

185 1169 224 1204 τῷ
234 1169 335 1196 τούτων
355 1168 535 1202 ὑποδείγματι
554 1169 647 1203 καὶτῷ
662 1169 710 1203 τῆς
719 1170 845 1201 ἁλώσεως
862 1170 907 1197 καὶ
919 1171 971 1205 πρὸ

184 1215 234 1250 τῆς
249 1214 400 1249 πολεμικῆς
411 1214 512 1241 ἁλοῦσα
528 1214 603 1248 φόϐῳ
613 1214 762 1248 σάλπιγγος
776 1217 969 1249 προσρυεῖσαι,

185 1261 232 1286 καὶ
245 1260 378 1294 τοσαύτην
391 1261 447 1291 τοῖς
463 1260 594 1294 ὑπηκόοις
607 1260 812 1295 παρασχεθῆναι
828 1262 876 1296 τῆς
894 1262 971 1288 πολε-

188 1307 272 1341 μικῆς
293 1307 388 1341 ἐφόδου
420 1306 470 1341 τὴν
500 1307 657 1341 ἐλευθερίαν
681 1307 748 1333 Θεοῦ
778 1308 972 1341 συνεργοῦντος

185 1352 418 1387 διηγωνισάμεθα.
429 1351 512 1386 εὐχῆς
521 1351 568 1378 καὶ
575 1352 695 1386 σπουδῆς
702 1352 782 1385 ἔργον
791 1352 953 1387 προθέμενοι
961 1360 969 1369 η

185 1398 211 1424 οἱ
236 1398 327 1424 τοίνυν
344 1396 412 1432 πρὸς
439 1398 488 1432 τὴν
500 1397 556 1424 τῶν
583 1396 683 1428 ἔξωθεν
707 1397 814 1432 ἐχθρῶν
837 1398 972 1433 ἐπιφορὰν

186 1444 303 1471 τοσαῦτα
314 1443 581 1479 καρτεργασάμενοι,
598 1443 663 1475 τοὺς
677 1443 796 1475 οἰκείους
809 1444 855 1469 καὶ
867 1443 972 1470 ἔνδοθεν

185 1491 265 1522 ὂντας
279 1489 393 1525 ἐχθροὺς
416 1489 466 1524 τῆς
481 1489 601 1523 φύσεως,
617 1489 667 1523 τῆς
680 1489 815 1521 πλάσεως.
829 1489 880 1523 τῆς
897 1489 972 1515 εὐνο-

1024 253 1065 281 vel
1081 261 1208 288 agrorum
1227 257 1412 290 possessiones
1429 258 1566 285 succedat.
1585 257 1639 284 Eos
1657 258 1740 290 enim,
1765 258 1811 292 qui

1023 304 1085 334 post
1099 300 1171 327 hanc
1190 301 1427 335 constitutionem,
1444 302 1496 330 tale
1516 303 1580 337 quid
1598 303 1698 330 audere
1719 304 1812 332 vulne-

1024 346 1098 373 rint:
1112 350 1139 373 et
1155 347 1242 381 pretio
1263 354 1316 374 non
1337 349 1462 384 restituto
1477 349 1586 384 praediis
1600 349 1661 382 ejici
1671 349 1811 383 iubemus,

1023 395 1050 417 et
1067 391 1156 425 operis
1174 391 1356 426 impensisque
1368 393 1435 425 suis,
1450 401 1517 427 quas
1534 395 1565 421 ad
1588 402 1643 422 rem
1665 396 1812 429 pretiosio-

1024 443 1079 462 rem
1095 436 1245 463 faciendam
1258 442 1284 464 et
1300 438 1448 465 ornandam
1478 440 1661 473 contulerunt,
1675 441 1810 471 fraudari:

1023 486 1047 508 et
1065 482 1274 510 aestimationem
1287 484 1415 517 acquisiti
1433 485 1538 519 praedii,
1551 486 1681 520 siquidem
1694 487 1811 514 illustres

1024 526 1074 552 viri
1092 527 1156 558 sint,
1179 527 1243 555 ﬁsco
1265 528 1414 562 applicari;
1437 537 1489 556 non
1511 535 1620 564 propter
1639 532 1810 559 commodum

1024 572 1132 606 aliquod
1148 577 1194 600 aut
1214 574 1330 601 reditum
1347 574 1403 601 lisci
1419 574 1491 610 (nam
1509 576 1553 609 qui
1570 577 1710 603 avaritiam
1733 578 1808 604 inex-

1024 618 1146 652 plebilem
1166 619 1190 645 in
1207 619 1267 646 aliis
1284 627 1411 647 coercere
1433 621 1583 653 studemus,
1598 629 1714 656 quonam
1731 624 1810 649 modo

1023 663 1047 689 id
1067 663 1132 691 lucri
1151 665 1234 691 nostri
1251 672 1331 692 causa
1349 666 1416 692 citra
1447 667 1576 700 pudorem
1600 667 1683 693 ullum
1702 672 1807 694 statue-

1024 717 1123 741 remus,
1155 718 1257 744 nosque
1285 711 1485 738 dcclararemus
1511 719 1562 738 non
1590 712 1735 746 publicam,
1765 713 1812 739 sed

1022 756 1146 789 privatim
1162 760 1282 783 nostram
1300 757 1441 784 utilitatem
1457 758 1609 792 quaerere?)
1628 759 1674 784 sed
1697 763 1726 785 ut
1746 766 1811 792 pau-

1024 800 1132 834 peribus
1154 801 1333 834 prospiciatur
1356 811 1362 829 :
1389 802 1577 829 humilioribus
1603 803 1704 837 absque
1733 803 1813 837 pretii

1024 847 1161 873 refusiune
1185 847 1327 881 pellendis,
1352 852 1378 874 et
1404 848 1501 875 merito
1524 853 1653 882 praeterea
1678 849 1812 883 supplicio

1023 892 1197 926 castigandis.
1223 891 1284 919 llaec
1308 900 1357 919 nos
1381 900 1429 927 pro
1455 894 1543 920 salute
1564 894 1733 920 subditorum
1752 901 1813 921 esse

1024 943 1080 965 rata
1098 939 1232 970 volumus,
1259 946 1373 973 quorum
1393 946 1474 966 causa
1498 939 1575 966 nobis
1594 939 1687 973 ingens
1706 943 1732 965 et
1749 946 1812 973 per-

1023 989 1100 1018 petua
1122 984 1273 1011 sollicitudo
1296 984 1435 1011 incumbit.
1462 984 1527 1011 Nam
1543 985 1564 1011 si
1591 989 1730 1018 tantopere
1743 984 1811 1011 sub-

1021 1029 1087 1062 jecti
1120 1029 1206 1055 nostri
1234 1037 1305 1056 cura;
1327 1030 1403 1056 nobis
1427 1029 1546 1061 fuerunt,
1572 1034 1600 1056 ut
1626 1029 1690 1056 ttulli
1717 1036 1810 1056 eorum

1023 1074 1234 1109 pepercerimus,
1261 1082 1320 1109 qme
1348 1074 1380 1100 ad
1406 1075 1558 1101 libertatem
1581 1074 1687 1101 illorum
1711 1075 1813 1101 condu-

1023 1123 1107 1150 cunt;
1125 1127 1177 1153 qua
1195 1124 1304 1154 propter
1326 1124 1353 1147 et
1375 1120 1493 1147 hostium
1519 1120 1676 1152 ditionibus,
1692 1125 1719 1155 et
1735 1121 1813 1151 vicis,

1022 1169 1049 1191 et
1063 1165 1181 1199 oppidis,
1199 1165 1253 1192 Deo
1268 1165 1344 1192 nobis
1362 1166 1521 1199 opitulante,
1537 1166 1614 1200 politi
1626 1173 1735 1198 sumus,
1754 1165 1813 1192 aliis

1023 1211 1084 1237 belli
1101 1210 1162 1245 jure
1184 1211 1280 1245 captis,
1305 1211 1364 1238 aliis
1384 1216 1411 1237 et
1435 1211 1567 1245 priorum.
1591 1216 1618 1239 et
1640 1212 1725 1246 ipsius
1744 1211 1813 1239 adeo

1022 1257 1187 1291 captivitatis
1223 1257 1344 1291 exemplo
1372 1262 1499 1292 metuque
1529 1257 1628 1285 deditis
1663 1262 1808 1292 antequam

1024 1302 1117 1329 martia
1140 1302 1201 1328 tuba
1228 1302 1379 1337 clangeret;
1399 1308 1554 1337 tantamque
1574 1299 1690 1331 sdbditis
1708 1304 1741 1331 ab
1761 1303 1813 1330 im-

1023 1349 1164 1383 pressione
1175 1349 1270 1376 bellica
1286 1349 1483 1382 liberationem,
1497 1350 1618 1384 atljutore
1628 1349 1691 1381 Deo,
1706 1355 1813 1376 summa

1023 1395 1196 1422 contentione
1226 1395 1322 1422 virium
1353 1395 1534 1427 confecimus,
1564 1395 1701 1430 proposito
1736 1395 1814 1422 nobis

1024 1439 1078 1465 voti
1097 1439 1234 1473 studiique
1255 1439 1399 1474 singularis
1417 1447 1518 1475 opere:
1536 1440 1581 1474 qui
1600 1447 1664 1473 ergo
1684 1440 1814 1467 adversus

1023 1489 1213 1511 extraneorum
1229 1484 1347 1512 hostium
1361 1485 1491 1519 impetum
1507 1486 1569 1512 talia
1585 1490 1714 1519 tantaque
1726 1486 1815 1520 perfe-

188 1535 254 1570 μίας
261 1534 318 1566 πῶς
326 1535 378 1561 οὐκ
385 1533 592 1569 ἀποτριψάμεθα
606 1533 645 1568 τῷ
655 1534 752 1569 δικαίῳ
761 1534 809 1568 τῆς
817 1533 972 1569 ἐλευθερίας

1025 1530 1122 1563 cimus,
1136 1538 1188 1557 non
1202 1531 1283 1558 etiam
1302 1531 1466 1558 domesticos
1480 1536 1507 1558 et
1524 1531 1647 1558 internos
1660 1530 1751 1558 hostes
1767 1538 1815 1557 na-

187 1580 349 1616 βουλήματι,
366 1580 405 1615 τῷ
430 1580 556 1616 τμητικῷ
572 1582 621 1616 τῆς
650 1580 791 1615 παρούσης
813 1580 972 1614 νομοθεσίας

186 1626 235 1653 καὶ
255 1625 411 1661 ἐλευθερίας
428 1625 509 1660 ξίφει.
524 1624 748 1660 δυσχεραίνοντες
763 1624 810 1652 καὶ
825 1624 972 1660 βαρυνόμε-

190 1681 231 1699 νοι
249 1671 280 1698 τὸ
296 1671 455 1707 ἀκόρεστον,
479 1671 529 1706 τὴν
555 1669 750 1705 πλεονεκτικὴν
771 1670 972 1705 ἀποτέμνοντες

187 1717 358 1752 προαίρεσιν,
373 1716 420 1743 καὶ
435 1716 483 1743 τοῦ
498 1715 581 1750 ζυγοῦ
595 1717 646 1751 τῆς
660 1716 826 1751 τυραννικῆς
848 1717 895 1743 καὶ
923 1717 970 1751 βα-

188 1762 264 1797 ρείας
287 1762 335 1789 καὶ
354 1761 446 1797 χειρὸς
469 1762 516 1788 καὶ
541 1761 654 1796 γνώμης
685 1761 915 1796 ἁπαυχενίζοντες
941 1761 972 1788 τὸ

188 1807 322 1840 ὑπήκοον;
346 1806 432 1833 ταῦτα
460 1807 506 1833 ἐπὶ
533 1806 583 1840 τῆς
603 1806 708 1833 ἑαυτῶν
729 1807 862 1841 διηνεκῶς
881 1807 972 1841 μένειν

189 1851 280 1887 ἰσχύος
296 1851 411 1883 ἕκαστος
433 1850 487 1877 τῶν
503 1851 625 1882 δικάζειν
639 1851 778 1886 λαχόντων
791 1861 971 1887 παρασκευα-

187 1898 267 1931 ζέτω,
279 1898 318 1929 είς
328 1897 396 1925 Θεοῦ
409 1898 558 1933 θεραπείαν
572 1897 618 1923 καὶ
629 1899 677 1932 τῆς
688 1898 717 1930 ἐξ
732 1898 814 1924 αὐτοῦ
833 1898 971 1933 βασιλείας

188 1945 276 1982 ἡμῶν,
290 1945 332 1977 εἰς
346 1944 439 1980 κοινὴν
450 1944 619 1971 λυσιτέλειαν
635 1945 682 1972 καὶ
696 1944 840 1979 ὠφέλειαν.

560 2099 597 2128 Ε’.

187 2158 287 2192 Νεαρὰ
303 2157 357 2185 τοῦ
381 2157 474 2193 πυροῦ
492 2157 723 2193 Κωνσταντίνου
750 2156 803 2184 τοῦ
817 2157 973 2190 ,βασιλέως

222 2191 277 2232 τοῦ
287 2191 571 2232 Πορφυρόπεννήτου
587 2193 653 2227 περὶ
669 2191 729 2232 τῶνς
752 2192 972 2228 εὶσερχομένων

223 2227 362 2255 δυνατῶν
368 2229 412 2260 εις
428 2227 642 2260 ἀνακοινώσεις
654 2227 801 2260 πενήτων.

225 2282 303 2318 Παρὰ
318 2283 423 2310 πολλῶν
433 2283 570 2319 ἀνᾶμαθεν
585 2285 601 2319 ὴ
613 2284 646 2310 ὲκ
659 2283 728 2310 Θεοῦ
742 2282 864 2318 βασιλεία
878 2283 967 2317 ήμῶν,

190 2329 227 2360 ὡς
236 2329 260 2355 οἱ
276 2329 304 2355 ἐν
312 2329 351 2364 τῷ
364 2328 462 2364 θιματι
470 2329 524 2356 τῶν
534 2329 698 2365 Θρᾳκησίων
709 2329 816 2356 δυνατοὶ
828 2329 875 2355 καὶ
890 2329 976 2363 ὑπερ-

192 2373 307 2407 έχοντες,
333 2374 591 2409 καταφρονήσαντες
618 2374 667 2400 καὶ
679 2373 728 2409 τῆς
739 2373 883 2408 βασιλικῆς
896 2381 976 2407 νομο-

192 2418 284 2451 θεσίας
294 2419 342 2451 καὶ
353 2418 436 2447 αὐτοῦ
447 2419 494 2446 τοῦ
506 2418 588 2453 φύσει
598 2419 706 2445 δικαίου
715 2419 763 2445 καὶ
772 2418 822 2453 τῆς
836 2418 976 2454 ἡμετέρας

191 2465 378 2500 προστάξεως,
402 2466 433 2492 οὐ
459 2465 591 2492 παύονται
614 2465 838 2501 ὲπεισερχόμενοι
864 2465 893 2491 ἐν
920 2465 977 2496 τοῖς

190 2512 301 2547 χωρίοις
311 2512 405 2539 ἕνεκεν
420 2512 529 2548 ἀγορῶν
543 2512 589 2539 καὶ
597 2511 707 2547 δωρεῶν
719 2513 766 2539 καὶ
778 2510 976 2547 κληρονομιῶν,

189 2558 237 2585 καὶ
248 2559 281 2594 τῇ
292 2558 404 2594 τοιαύτῃ
416 2558 552 2593 προφάσει
563 2557 628 2589 τοὺς
638 2556 770 2588 ἐλεεινοὺς
784 2556 979 2592 τυραννοῦντες

189 2604 316 2639 πτωχοὺς
333 2604 381 2631 καὶ
399 2604 454 2631 τῶν
469 2603 542 2631 ἰδίων
556 2603 697 2635 ποιοῦντες
714 2603 884 2638 μετανάστας
897 2609 904 2617 ·
934 2601 979 2629 διὰ

189 2650 270 2676 τοῦτο
284 2650 317 2677 εκ
330 2650 424 2686 κοινῆς
436 2649 607 2685 διασκέψεως
620 2649 704 2685 νόμον
718 2649 766 2680 καὶ
783 2648 871 2684 δόγμα
888 2648 978 2676 κοινὸν

189 2696 357 2732 ἔκτιθέμεθα
375 2697 424 2724 καὶ
433 2696 630 2739 ἑκτυπούμεθα
641 2696 670 2724 ἐν
690 2695 762 2732 ὃλοις
771 2695 850 2732 ἡμῶν
862 2695 919 2728 τοῖς
932 2695 980 2726 θέ-

192 2751 287 2777 μασιν.
301 2742 390 2776 οὕτως
404 2750 414 2759 ·

227 2834 268 2871 (η
286 2833 342 2867 ltoc
356 2839 409 2868 est,
424 2834 599 2871 Bithynorum
616 2832 698 2864 Asiae.

1022 1580 1100 1607 turae,
1123 1575 1281 1609 creationis.
1304 1576 1392 1612 legum
1416 1576 1561 1611 aequitatis,
1584 1577 1658 1611 justo
1680 1576 1814 1603 libertatis

1022 1621 1132 1648 decreto
1163 1621 1346 1656 ejiceremus?
1371 1627 1451 1648 acuto
1479 1621 1583 1648 Scilicet
1607 1621 1673 1656 legis
1701 1621 1814 1655 hujusce

1024 1667 1123 1701 gladio.
1158 1675 1218 1694 cum
1246 1667 1408 1702 permoleste
1436 1674 1468 1694 ac
1497 1666 1615 1701 graviter
1638 1666 1813 1701 cupiditatem

1025 1713 1097 1740 illam
1126 1712 1317 1747 inexplebilem
1347 1712 1478 1745 feramus,
1507 1720 1617 1739 avarum
1645 1711 1813 1747 propositum

1026 1764 1192 1791 resecautcs,
1207 1759 1342 1792 simulque
1362 1759 1531 1786 subditorum
1551 1764 1705 1785 nostrorum
1726 1757 1815 1785 cervi-

1025 1812 1070 1832 ces
1091 1812 1106 1831 a
1125 1804 1190 1839 jugo
1214 1805 1371 1839 tyrannicae,
1396 1812 1498 1838 perque
1521 1804 1611 1838 gravis
1635 1809 1690 1831 tum
1708 1811 1814 1835 manus,

1026 1854 1082 1877 tum
1097 1850 1207 1882 mentis,
1222 1850 1379 1877 liberantes.
1395 1850 1482 1884 Atque
1500 1851 1557 1877 lttrc
1577 1850 1617 1877 uti
1639 1855 1766 1885 perpetuo
1788 1850 1814 1876 in

1026 1896 1120 1922 eodem
1133 1896 1230 1922 robore
1242 1901 1378 1928 maneant,
1393 1895 1506 1930 quilibet
1517 1902 1622 1927 eorum,
1636 1896 1681 1926 qui
1695 1896 1813 1929 judicum

1026 1941 1119 1969 ofﬁciis
1134 1941 1291 1975 funguntur,
1314 1946 1367 1968 tam
1383 1942 1417 1968 ad
1436 1941 1521 1975 ipsius
1542 1941 1588 1968 Dei
1603 1943 1718 1971 cultum,
1734 1948 1814 1974 quam

1031 1988 1064 2015 ad
1098 1987 1203 2022 imperii
1232 1987 1311 2014 nobis
1338 1987 1371 2014 ab
1393 1987 1453 2021 ipso
1480 1986 1601 2014 concessi
1633 1985 1813 2018 (iurationem,

1030 2032 1214 2064 commodum,
1229 2037 1256 2060 et
1272 2032 1426 2066 utilitatem,
1441 2031 1549 2059 eﬂiciat.

1403 2100 1437 2129 γ.

1026 2158 1193 2194 Constantini
1220 2159 1386 2194 imperatam
1415 2157 1634 2194 Porphyrageniti
1661 2158 1761 2186 novella
1783 2159 1815 2186 de

1060 2193 1209 2227 potentibus
1238 2193 1265 2221 ἰή
1303 2194 1404 2229 prtedia
1434 2193 1576 2229 pauperum
1610 2194 1813 2221 succedentibus.

1062 2228 1149 2263 (Anno
1168 2229 1243 2264 947.)

1063 2285 1102 2312 Ex
1120 2285 1212 2313 multis
1242 2286 1368 2321 cognovit
1398 2284 1526 2314 divinitus
1551 2285 1693 2312 constituta
1720 2284 1814 2318 majes-

1029 2334 1071 2358 tas
1089 2336 1192 2364 nostra,
1218 2336 1341 2366 potentes
1357 2335 1384 2359 et
1408 2330 1596 2366 locupletiores
1624 2331 1650 2357 in
1675 2332 1816 2366 provincia

1028 2375 1237 2403 Thracesiorum
1248 2376 1303 2412 (.7),
1317 2381 1469 2412 contempta
1482 2376 1611 2412 imperiali
1625 2376 1692 2412 lege,
1707 2376 1817 2411 ipsoque

1025 2420 1087 2456 jure
1099 2421 1226 2454 naturali,
1242 2426 1270 2449 et
1292 2423 1419 2449 mandato
1431 2426 1539 2455 nostro,
1565 2430 1617 2449 non
1641 2422 1765 2450 desinere
1789 2422 1816 2449 in

1028 2467 1279 2502 pradiasuccedere
1294 2468 1371 2496 titulo
1379 2469 1543 2503 emptionum
1553 2488 1561 2501 ,
1584 2472 1612 2495 et
1628 2468 1815 2501 donationum,

1030 2517 1058 2541 et
1071 2513 1257 2541 haereditatum
1274 2521 1282 2540 :
1300 2517 1382 2548 atque
1399 2513 1540 2541 occasione
1561 2512 1714 2548 huiusmodi
1735 2513 1818 2541 miseé

1030 2566 1077 2587 ros
1095 2566 1144 2594 per
1166 2559 1335 2595 tyrannidem
1359 2559 1512 2594 opprimere
1531 2566 1672 2594 pauperes,
1694 2564 1721 2587 et
1742 2559 1816 2587 sedi-

1031 2604 1084 2633 bus
1098 2605 1155 2633 suis
1167 2605 1311 2640 expellere.
1338 2605 1481 2640 Propterea
1507 2605 1539 2633 de
1556 2605 1693 2632 communi
1718 2604 1818 2632 delibe-

1032 2649 1138 2677 ratione
1163 2649 1249 2685 legem
1269 2655 1352 2687 atque
1374 2651 1513 2679 decretum
1538 2657 1681 2678 commune
1702 2649 1774 2677 hanc
1788 2648 1816 2676 in

1032 2695 1195 2724 sententiam
1213 2696 1239 2723 in
1262 2697 1387 2726 omnibus
1410 2695 1558 2733 provinciis
1581 2695 1681 2724 nostris
1703 2694 1817 2724 terimus

1034 2749 1068 2770 ac
1080 2742 1295 2780 promulgatum.
