4056 6210
369 291 467 354 571

1408 295 1549 354 ΕΘΝ
1559 295 1916 355 STANTINI
1961 295 2206 354 PORPU
2223 300 2252 352 1'
2267 295 2514 354 ROGEN
2525 295 2600 354 1T
2611 294 2635 352 Ι

3511 292 3618 353 572

441 409 493 462 Ι.
531 406 665 462 Nam
711 410 836 465 licet
885 409 1144 476 imperiali
1184 409 1570 465 constitutione
1621 422 1939 466 arcerentur

2109 417 2180 465 α’.
2213 411 2334 464 Τῶν
2375 411 2481 480 γὰρ
2512 409 2621 463 ἀπὸ
2650 411 2748 480 τῆς
2779 407 3066 479 βασιλικῆς
3097 405 3420 475 νομοθεσίας
3444 411 3623 479 εἰργο-

368 512 474 553 tam
505 516 766 570 personm,
800 515 960 566 quam
991 500 1202 564 domus,
1236 511 1476 571 augustte
1508 505 1713 573 pariter
1751 515 1805 559 et
1849 519 1936 558 re-

369 590 589 656 ligiosze,
619 589 909 656 quominus
960 601 1203 642 eruerent
1232 606 1260 642 a
1287 592 1525 644 vicorum
1564 594 1936 658 universitate,

369 681 448 732 vel
503 694 531 731 a
583 678 832 743 personis
879 677 1142 748 singulis,
1181 688 1234 733 et
1264 681 1424 735 aliter
1468 683 1686 750 quidem
1739 685 1804 737 de
1851 685 1938 747 iis,

368 784 487 837 qua:
522 776 646 820 ante
687 769 1127 824 constitutionem
1173 771 1338 825 latam
1389 787 1417 826 a
1466 774 1734 842 praterita
1767 774 1940 842 prima

370 857 662 911 indictione
695 857 1051 928 contigerant,
1103 869 1456 926 statueretur;
1501 863 1722 930 gravius
1763 871 1939 917 autent

368 957 490 1018 post
540 946 708 1017 legem
759 948 1197 1018 promulgatam:
1234 961 1438 1018 tamen,
1483 966 1548 1007 ne
1591 953 1672 1008 sic
1725 954 1941 1022 quidem

370 1037 613 1108 plerique
671 1039 1032 1106 potentiorum
1089 1054 1118 1092 a
1188 1042 1662 1109 perniciosissimis
1723 1056 1944 1098 contra—

369 1130 548 1186 clilius
582 1146 705 1184 cum
753 1129 940 1200 egenis
991 1129 1367 1198 abstinebant,
1401 1133 1470 1186 ita
1504 1144 1562 1188 ut
1596 1135 1758 1188 etiam
1797 1134 1936 1202 judi-

375 1230 466 1270 ces
500 1216 828 1271 necessitate
859 1217 1057 1285 potius,
1088 1235 1250 1288 quam
1282 1220 1560 1277 voluntate
1585 1223 1778 1288 coacti,
1811 1224 1946 1278 alias

373 1310 475 1364 alia
507 1311 726 1365 decreta
768 1312 1172 1381 sententiasque
1221 1311 1554 1382 proferrent,
1596 1315 1790 1382 quibus
1833 1316 1946 1369 haec

375 1404 807 1458 moderarentur.
843 1404 1202 1470 Quamobrem
1246 1404 1519 1474 publicum
1553 1407 1618 1460 de
1652 1406 1737 1460 his
1766 1405 1948 1460 decre-

379 1503 490 1548 tum
524 1510 645 1549 cum
694 1495 956 1565 imperiali
1012 1497 1461 1551 determinatione
1513 1506 1697 1554 nostra
1750 1498 1945 1552 factum

372 1596 481 1652 est,
518 1594 575 1640 ut
605 1587 739 1640 citra
787 1585 1173 1641 dubitationem
1203 1594 1256 1641 et
1282 1601 1489 1643 moram
1529 1601 1720 1644 omnes
1762 1586 1949 1657 expelo

2041 501 2218 570 μένων
2249 503 2538 572 ἀγοράζειν
2558 500 2869 571 προσώπων
2899 499 2992 552 καὶ
3017 499 3206 560 οἴκων,
3239 497 3540 566 βασιλικῶν
3561 518 3620 553 τε

2041 593 2136 646 καὶ
2167 593 2403 660 εὖαγῶν,
2441 592 2548 645 ἀπὸ
2571 590 2671 659 τῆς
2694 591 2801 644 τῶν
2838 591 3053 661 χωρίων
3075 589 3276 658 ὁμάδος
3302 589 3335 659 ἢ
3370 589 3465 642 τοῦ
3492 591 3626 644 καθκ

2039 684 2268 737 ἑκαστον
2293 722 2307 746 ,
2360 684 2452 736 καὶ
2483 683 2658 745 ἄλλως
2706 683 2805 750 μὲν
2851 682 2962 735 τῶν
2993 681 3099 750 πρὸ
3150 682 3251 750 τῆς
3288 681 3619 751 νομοθεσίας

2041 776 2150 831 ἀπὸ
2175 776 2272 845 τῆς
2297 774 2676 846 παρελθούσης
2704 772 2928 844 πρώτης
2961 773 3294 836 ἰνδικτιῶνος
3322 790 3619 844 προκρινο·

2046 867 2244 937 μένων,
2290 865 2608 937 βαρυτέρως
2658 865 2716 917 δὲ
2765 864 2906 934 μετά
2959 853 3060 934 τήν
3096 865 3462 934 νομοθεσίαν·
3500 867 3623 920 ούίὲ

2042 955 2214 1019 οὕτως
2242 958 2291 1008 οἱ
2321 956 2567 1018 πλείονες
2599 953 2708 1007 τῶν
2742 954 3134 1023 δυνατωτέρων
3161 954 3463 1023 ἀπέσχοντο
3514 957 3622 1009 τῶν

2043 1049 2180 1120 πρὸς
2209 1049 2336 1110 τοὺς
2372 1047 2614 1117 πένητας
2671 1044 3081 1116 όλεθριωτάτων
3129 1047 3618 1115 συναλλαγμάτων,

2045 1140 2121 1202 ὡς
2173 1138 2427 1201 καὶτοὺς
2472 1136 2758 1201 δικαστὰς,
2811 1137 3026 1207 ἀνάγκῃ
3085 1136 3286 1205 μᾶλλον
3349 1136 3485 1190 ἀλλά
3548 1139 3624 1208 μὴ

2047 1231 2364 1302 προαιρέσει
2391 1228 2805 1292 ἐκϐιασθέντας,
2831 1227 3022 1282 ἄλλοτε
3049 1227 3216 1292 ἀλλας
3247 1229 3372 1299 περὶ
3420 1227 3625 1282 τούτων

2048 1325 2170 1377 κατ’
2222 1324 2539 1394 οἰκονομίαν
2601 1325 2863 1392 ἐκφέρειν
2924 1322 3023 1384 τάς
3085 1321 3416 1390 ἀποφάσεις.
3461 1322 3626 1375 Ὅθεν

2047 1414 2203 1485 κοινὴ
2231 1417 2362 1484 περὶ
2390 1417 2499 1468 τῶν
2524 1413 2786 1468 τοιούτων
2841 1414 3116 1481 ἀπόφασις
3160 1412 3300 1483 μετά
3335 1411 3625 1482 βασιλικῆς

2048 1506 2204 1576 ἡμῶν
2236 1505 2564 1576 ἐπικρίσεως
2609 1504 2867 1574 γέγονεν,
2897 1504 3040 1558 ὥστε
3095 1503 3484 1574 ἀναμφιϐόλως
3529 1503 3624 1556 καὶ

2050 1597 2434 1669 ἀνυπερθέτως
2453 1597 2662 1659 πάντας
2689 1594 3027 1664 ἀπελαθῆναι
3061 1595 3188 1656 τοὺς
3216 1593 3322 1646 ἀπὸ
3343 1593 3443 1663 τῆς
3471 1595 3622 1662 εἰρη-

380 1679 579 1745 lantur,
607 1680 743 1748 quia
771 1678 876 1732 lata
901 1678 1307 1744 constitutione,
1336 1695 1498 1750 quam
1529 1681 1949 1746 diximus,eme-

2067 1692 2224 1763 sévnc
2250 1693 2576 1762 νομοθεσίας
2607 1690 2905 1760 ἀγοράζειν
2969 1689 3371 1758 κωλυομένους,
3423 1688 3628 1758 μηδένα

379 1785 439 1824 re
468 1769 840 1838 prohibentur;
861 1770 933 1825 ita
957 1769 1391 1841 quidemJutlnec
1415 1771 1783 1841 impensarum
1801 1786 1953 1842 repe-

383 1860 624 1914 titionem
676 1859 940 1922 habeant,
984 1866 1249 1928 quotquot
1293 1858 1502 1914 scilicet
1543 1860 1611 1913 ab
1661 1858 1954 1928 imperialis

383 1959 582 2004 nostrae
613 1949 1028 2004 renuntiationis
1067 1948 1140 2018 (8)
1193 1949 1281 2004 die
1329 1949 1380 2004 in
1426 1951 1595 2015 vicos,
1627 1959 1717 2005 aut
1771 1965 1952 2021 agros,

378 2049 470 2092 aut
505 2039 702 2108 praedia
723 2051 1019 2106 pauperum
1050 2037 1340 2092 succedere
1365 2037 1583 2092 fuerunt
1608 2039 1744 2094 ausi.

451 2130 506 2183 2.
543 2131 615 2184 De
660 2127 726 2182 iis
771 2136 972 2190 autem,
1006 2140 1124 2194 quae
1156 2128 1522 2184 acciderunta
1567 2129 1739 2198 prima
1785 2129 1953 2184 indic-

384 2222 552 2287 tione,
597 2221 712 2275 sive
741 2235 770 2274 a
805 2229 1044 2291 tempore
1075 2221 1256 2287 famis,
1289 2234 1460 2290 usque
1488 2223 1555 2275 ad
1587 2220 1730 2275 diem
1759 2229 1956 2275 nostrae

385 2311 800 2366 renuntiationis
831 2330 844 2366 :
887 2313 1021 2367 citra
1051 2312 1366 2377 discrimen,
1419 2326 1582 2366 unum
1613 2321 1665 2366 et
1693 2311 1834 2366 idem
1867 2312 1959 2366 de-

385 2412 595 2456 cretqu
636 2401 725 2458 hic
775 2401 1040 2458 sancitum
1071 2403 1269 2467 valeat,
1311 2404 1385 2458 ita
1416 2412 1474 2458 ut
1501 2405 1680 2459 omnis
1715 2403 1955 2470 donatio,

385 2505 442 2547 et
481 2494 790 2561 lmreditas,
831 2504 885 2550 et
934 2495 1004 2551 ad
1039 2495 1172 2568 legis
1203 2495 1428 2566 hujusce
1450 2494 1693 2548 fraudem
1743 2495 1959 2566 excogi-

388 2597 512 2641 tatae
539 2586 982 2654 conﬁrmatoria,
1032 2597 1195 2657 atque
1230 2587 1622 2640 transactiones
1667 2586 1809 2640 inter
1840 2601 1961 2656 per-

388 2691 549 2732 sonas
593 2677 704 2746 jam
752 2677 1054 2746 prohibitas
1098 2684 1352 2763 cessent,
1383 2691 1448 2731 ac
1481 2691 1549 2731 ne
1600 2676 1814 2744 quidem
1861 2691 1959 2747 pro

393 2769 546 2821 factis
594 2767 897 2821 habeantur
934 2784 948 2820 :
989 2781 1094 2822 non
1141 2768 1510 2822 metuentibus
1554 2768 1659 2833 iis,
1707 2768 1798 2837 qui
1837 2782 1963 2822 vcn-

390 2857 663 2921 clidcrunt,
719 2856 882 2911 ullam
930 2871 1139 2922 eorum,
1194 2874 1313 2928 qua:
1358 2859 1461 2914 hoc
1506 2860 1724 2914 nomine
1785 2860 1958 2915 soluta

391 2956 540 3015 sunt,
575 2947 946 3019 repetitionem
991 2948 1075 3002 vel
1103 2951 1460 3004 exactionem.
1509 2949 1772 3005 Prazterea
1807 2951 1962 3006 [actm

2053 1782 2213 1852 λόγον
2235 1783 2370 1854 μηδὲ
2397 1784 2527 1854 περὶ
2557 1783 2967 1852 δαπανημάτων
3001 1781 3348 1852 ἀπαιτήσεως
3380 1779 3626 1850 ἔχοντας,

2054 1877 2168 1930 ὅσοι
2193 1873 2395 1944 δηλαδὴ
2423 1876 2487 1927 ὲκ
2506 1872 2607 1942 τῆς
2632 1873 2848 1944 ἡμέρας
2869 1873 2968 1943 τῆς
2988 1873 3154 1925 αὑτοκ
3165 1873 3456 1942 ρατορικῆς
3473 1873 3632 1941 ἡμῶν

2054 1964 2412 2035 ἀναρρήσεως
2447 1962 2867 2032 κατετόλμησαν
2896 1960 3237 2014 ὑπεισελθεῖν
3267 1962 3325 2013 ὲν
3356 1960 3629 2030 χωρίοιςῆ
3662 1957 3668 1966 ’

2054 2055 2344 2127 ἀγριδίοις,
2379 2055 2412 2126 ἢ
2449 2054 2529 2116 είς
2552 2056 2746 2124 κτῆσιν
2771 2054 3020 2122 πενήτων
3047 2051 3327 2119 ἀκίνητον.

2131 2147 2195 2219 β’.
2232 2147 2366 2218 Περὶ
2391 2146 2448 2199 δὲ
2469 2147 2578 2199 τῶν
2617 2144 2726 2198 ἀπὸ
2751 2146 2850 2214 τῆς
2881 2144 3106 2216 πρώτης
3151 2142 3485 2206 ίνδικτιῶνος
3512 2142 3632 2211 ἢτοι

2056 2242 2122 2296 ἔκ
2150 2239 2246 2294 τοῦ
2279 2239 2476 2309 καιροῦ
2499 2237 2595 2292 τοῦ
2624 2237 2784 2309 λιμοῦ
2823 2237 3014 2307 μέχρις
3041 2235 3260 2306 ἡμέρας
3288 2235 3388 2304 τῆς
3435 2233 3628 2304 ἡμετέ-

2061 2347 2160 2402 ρας
2184 2325 2597 2395 ἀναγορεύσεως
2618 2365 2633 2389 ,
2667 2325 2976 2394 ἀδιαφόρως
3010 2323 3140 2392 μίαν
3192 2321 3286 2374 καὶ
3325 2321 3424 2388 τὴν
3463 2317 3630 2386 αὐτὴν

2058 2422 2336 2489 ἀπόφασιν
2355 2417 2591 2472 ἐνταῦθα
2611 2409 2976 2487 δεωρισμένην
3003 2415 3264 2485 ἐνεργεῖν,
3289 2411 3429 2466 ὥστε
3450 2411 3632 2464 πᾶσαν

2057 2512 2266 2583 δωρεάν
2284 2511 2377 2565 καὶ
2408 2507 2775 2579 κληρονομίαν
2807 2505 3018 2570 καὶτὰς
3043 2502 3470 2578 ἔπινενοημένας
3499 2499 3634 2568 πρὸς

2059 2603 2411 2674 περιγραφὴν
2447 2601 2640 2653 τούτου
2669 2599 2764 2651 τοῦ
2793 2598 2960 2668 νόμου
2999 2596 3409 2666 ὲπικυρωτικάς
3441 2610 3501 2646 τε
3541 2594 3636 2647 καὶ

2056 2694 2332 2757 διαλύσεις
2364 2693 2570 2762 μεταξὺ
2595 2690 2704 2744 τῶν
2737 2691 2837 2760 ἤδη
2881 2687 3283 2757 κεκωλυμένων
3316 2685 3509 2755 ἀργεῖν
3543 2683 3637 2738 καὶ

2059 2783 2182 2839 ἀντὶ
2242 2783 2375 2852 μηδὲ
2440 2781 2748 2850 γενομένων
2796 2778 3133 2847 νομίζεσθαι,
3209 2775 3345 2845 μηδὲ
3407 2775 3516 2827 τῶν
3543 2775 3638 2826 ἐπὶ

2058 2873 2289 2935 ταύταις
2324 2869 2778 2939 καταϐληθέντων
2828 2869 3150 2934 οἱανδήποτε
3204 2864 3494 2935 εἴσπραξιν
3527 2863 3635 2916 τῶν

2064 2962 2430 3034 πεπρακότων
2467 2960 2910 3028 εὐλαϐουμένων
2945 2958 3027 3010 ἔτι
3083 2957 3140 3009 δὲ
3177 2957 3268 3008 καὶ
3311 2957 3409 3018 τὰς
3437 2954 3632 3008 ἀνταλ-

395 3043 822 3107 permutationcs
865 3040 1264 3109 rescindantur,
1300 3041 1596 3111 recipiente
1615 3044 1852 3113 quolibet
1883 3043 1956 3108 id,

2067 3053 2232 3122 λαγάς
2281 3051 2707 3120 ἀνατρέπεσθαι,
2763 3047 3245 3118 ἀναλαμϐάνοντος
3292 3047 3528 3098 ἑκάστου
3581 3045 3641 3097 τὸ

394 3132 540 3200 quod
569 3141 694 3187 ante
730 3133 898 3202 ipsius
926 3143 1044 3189 erat
1071 3135 1174 3191 nisi
1201 3134 1338 3191 forte
1373 3137 1505 3192 nolit
1543 3137 1594 3192 id
1622 3138 1734 3193 ﬁeri
1765 3153 1966 3207 paupe-

398 3228 530 3292 rior,
565 3237 622 3279 ut
644 3227 726 3281 cui
759 3227 908 3295 prius
941 3228 1012 3281 sit
1042 3242 1162 3282 cum
1194 3227 1366 3282 altero
1388 3235 1745 3295 consortium,
1772 3232 1992 3299 quique-

399 3332 504 3370 non
541 3326 746 3372 tantum
795 3319 1192 3388 possessionem
1227 3334 1380 3374 suam
1432 3335 1674 3374 seorsum
1720 3336 1970 3392 segrega-

398 3409 538 3462 verit
579 3409 778 3476 quietis
811 3423 1004 3472 causa,
1055 3409 1410 3463 verumetiam
1458 3410 1719 3479 potiorem
1764 3418 1970 3479 partem

403 3499 690 3568 receperit.

473 3591 525 3643 3.
548 3589 699 3654 Quod
724 3589 792 3644 ad
812 3589 1190 3646 distractiones
1205 3591 1417 3660 attinet,
1443 3592 1524 3649 hae
1539 3607 1756 3664 quoque
1769 3595 1974 3650 rescin-

404 3680 620 3742 dantur,
673 3688 726 3734 et
767 3680 1000 3735 venditas
1049 3695 1134 3736 res
1184 3682 1365 3738 statim
1404 3683 1777 3740 venditoribus
1818 3685 1976 3741 resti-

407 3778 667 3832 tuantur,
730 3771 1025 3841 itidemque
1065 3773 1475 3842 cohaercdibus,
1524 3784 1579 3832 et
1629 3777 1730 3832 sub
1787 3777 1975 3834 eodem

407 3862 564 3915 titulo
599 3862 824 3933 vectigal
856 3865 1233 3932 pendentibus,
1261 3866 1411 3938 juxta
1451 3868 1682 3938 primam
1714 3869 1978 3926 constitu-

411 3952 631 4007 tionem.
661 3952 838 4009 Pretia
865 3959 1006 4025 quod
1028 3957 1242 4022 attinet,
1273 3967 1382 4013 tam
1407 3974 1669 4029 personae,
1697 3975 1857 4030 quam
1894 3974 1979 4016 res

411 4043 524 4121 ipsa
558 4045 992 4101 eonsiderentur.
1021 4047 1099 4102 Ac
1136 4047 1400 4119 siquidem
1432 4063 1500 4106 ex
1529 4051 1842 4119 potentibus
1863 4059 1982 4105 erat

408 4144 639 4204 eruptor,
686 4145 777 4191 aut
807 4134 1178 4193 familiaritate
1205 4138 1526 4209 coniunctus
1565 4138 1726 4194 alicui
1753 4141 1980 4210 potenti,

411 4227 526 4288 sive
578 4226 837 4296 politico,
890 4227 1006 4283 sive
1052 4227 1460 4294 ecclesiastico,
1509 4238 1639 4299 puta
1688 4231 1978 4299 episcopo;

411 4319 660 4376 venditor
689 4326 868 4372 autem
904 4318 1040 4373 adeo
1063 4318 1218 4390 inops
1246 4328 1350 4384 est,
1390 4328 1449 4374 ut
1498 4334 1564 4376 ne
1594 4299 1980 4390 quinqu/agiuta

2069 3143 2164 3197 ἀπ’
2210 3142 2387 3213 ἀρχῆς
2420 3141 2570 3205 ἴδιον,
2607 3142 2654 3193 εί
2691 3142 2763 3210 μή
2796 3158 2847 3192 τι
2893 3141 3000 3209 ἄρα
3041 3137 3201 3191 τοῦτο
3243 3137 3303 3188 οὑ
3338 3135 3587 3206 βούλεται
3614 3135 3644 3186 6

2071 3233 2306 3302 πτωχὸς,
2339 3231 2435 3284 ἅτε
2474 3232 2603 3301 πρὶν
2627 3227 3127 3298 ἀνακεκοινωμένος
3151 3225 3248 3293 ὢν,
3280 3228 3375 3279 καὶ
3393 3227 3454 3278 ού
3480 3227 3641 3293 μόνον

2075 3325 2181 3396 ἰδίᾳ.
2217 3324 2316 3395 τὴν
2345 3322 2542 3377 ἑαυτοῦ
2582 3321 2912 3390 κατάσχεσιν
2942 3321 3209 3389 ἀφορίσας
3238 3319 3325 3372 διὰ
3378 3321 3438 3371 τὸ
3477 3321 3646 3372 ἀνεν-

2072 3414 2320 3485 όχλητον,
2345 3411 2481 3466 άλλά
2507 3412 2603 3466 καὶ
2620 3414 2681 3466 τὺ
2714 3415 2960 3482 κρεῖττον
2982 3410 3304 3464 ἀντιλαϐὼν.

2146 3590 2214 3656 γ’.
2255 3594 2391 3660 Περ.
2434 3590 2489 3642 δὲ
2522 3588 2629 3640 τῶν
2673 3588 3042 3659 διαπράσεων,
3094 3585 3502 3655 ἀνατρέπεσθαι
3547 3585 3648 3653 μὲν

2079 3683 2172 3735 καὶ
2217 3680 2444 3744 ταύτας,
2495 3682 2842 3752 παραχρῆμα
2878 3681 2988 3732 τῶν
3033 3679 3450 3748 διαπραθέντων
3510 3678 3651 3748 πρὸς

2077 3774 2201 3837 τοὺς
2233 3771 2584 3844 πεπρακότας
2615 3772 3044 3841 ἀναδιδομένων,
3063 3771 3144 3823 ἔτι
3167 3771 3224 3824 δὲ
3243 3774 3336 3822 καὶ
3370 3769 3506 3839 πρὸς
3525 3771 3650 3830 τοὺς

2081 3862 2560 3936 συγκληρονόμους
2597 3862 2691 3916 καὶ
2724 3861 3082 3924 συντελεστάς
3123 3862 3261 3915 κατὰ
3297 3860 3394 3930 τήν
3426 3860 3651 3928 πρώτην

2079 3956 2424 4025 νομοθεσίαν.
2457 3953 2592 4024 Περὶ
2630 3953 2688 4006 δὲ
2721 3953 2828 4005 τῶν
2853 3953 3202 4023 τιμημάτων,
3240 3950 3563 4004 σκοπεῖσθαι
3586 3951 3654 4002 τὰ

2080 4045 2348 4116 πρόσωπα
2379 4044 2473 4097 καὶ
2503 4043 2572 4096 τὰ
2592 4035 2897 4112 πράγματα
2918 4057 2931 4073 ·
2976 4043 3072 4096 καί
3104 4045 3152 4094 εἰ
3187 4043 3284 4111 μὲν
3316 4041 3547 4103 δυνατὸς
3587 4035 3657 4110 ἦν

2081 4137 2114 4208 ἢ
2137 4154 2240 4206 προ
2250 4133 2625 4206 σῳκειωμένος
2635 4133 2847 4203 δυνατῷ
2865 4134 2893 4185 6
2923 4132 3232 4202 ἠγορακὼς,
3253 4133 3363 4185 εἴτε
3396 4127 3658 4199 πολιτικῷ

2083 4228 2193 4281 εἴτε
2220 4223 2681 4296 ἐκκλησιαστικῷ,
2709 4223 2871 4294 τυχὸν
2898 4222 3204 4292 ὲπισκόπῳ,
3249 4224 3277 4276 ὁ
3296 4221 3352 4273 δὲ
3397 4219 3658 4289 πωλήσας

2082 4319 2192 4372 τῶν
2223 4317 2442 4387 ἀπόρων
2474 4315 2643 4380 ἐστὶν,
2668 4313 2744 4378 ὡς
2765 4314 2902 4385 μηδὲ
2927 4320 2969 4366 ν’
3001 4315 3358 4385 νομισμάτων
3381 4313 3660 4382 εὐπορεῖν,

412 4410 629 4478 quidem
678 4422 874 4464 aureos
918 4409 1115 4463 habeat
1156 4381 1213 4463 in
1263 4381 1458 4466 bonis:
1507 4381 1665 4481 pretii
1715 4381 1965 4468 restitutit

2087 4381 2368 4480 σχολάζειν
2385 4407 2482 4477 τὴν
2515 4381 2778 4460 ἀπόδοσιν
2825 4381 2918 4458 τοῦ
2975 4381 3310 4477 τιμήματος.
3342 4403 3403 4456 Ei
3433 4402 3489 4455 δὲ
3521 4401 3664 4472 ὑπὲρ

415 4498 590 4556 locum
627 4512 735 4552 non
765 4496 946 4552 habet.
975 4497 1068 4552 Sin
1101 4498 1350 4568 amplius,
1388 4515 1548 4571 quam
1591 4501 1965 4572 quinquagint:

2083 4503 2148 4554 τά
2179 4507 2219 4554 ν’
2275 4498 2589 4569 νομίσματα
2636 4496 2894 4566 εὐπορεῖ,
2947 4495 3042 4549 καὶ
3095 4495 3267 4558 οὕτως
3323 4493 3665 4558 ἀνεξικάκως

415 4588 641 4651 solidos,
679 4587 881 4654 habet;
909 4602 1039 4643 sane
1069 4597 1191 4659 post
1227 4589 1589 4659 praestitutum
1623 4591 1837 4647 triennii
1867 4607 1991 4661 spa-

416 4679 551 4731 tium
597 4677 735 4731 Iiaud
779 4687 1000 4749 gravate
1044 4679 1273 4748 pretium
1309 4679 1570 4746 restituet,
1623 4680 1810 4736 iisdem
1865 4696 1988 4736 cum

1522 4770 1649 4826 licet
1728 4771 1992 4827 scholaris

419 4861 510 4923 sit,
581 4869 672 4914 aut
735 4861 962 4918 secretis
1025 4861 1300 4917 inserviat.
1368 4864 1522 4930 Quod
1588 4864 1633 4918 si
1709 4864 1990 4919 distractio

421 4953 564 5014 facta
593 4954 662 5009 sit
692 4952 761 5009 ab
805 4954 1176 5019 universitate,
1223 4955 1308 5010 cui
1360 4955 1591 5024 pretium
1636 4957 1703 5009 ob
1757 4955 1989 5025 inOpiam

420 5048 712 5101 restituere
743 5045 955 5102 dilﬁcile
987 5046 1060 5100 sit
1094 5063 1109 5100 :
1141 5053 1218 5101 tot
1245 5061 1508 5100 annorum
1540 5048 1773 5116 spatium
1805 5047 1870 5101 ad
1903 5063 1993 5102 so-

424 5139 683 5194 lutionem
717 5139 934 5203 habeat,
962 5149 1093 5208 quot
1121 5140 1278 5194 anuis
1302 5137 1462 5206 iudex
1496 5138 1562 5194 de
1596 5139 1794 5193 futuris
1841 5139 1990 5192 fruc-

425 5230 570 5284 tibus
614 5231 845 5298 pretium
889 5229 1046 5284 facile
1085 5230 1296 5284 restitui
1347 5243 1542 5300 posse,
1595 5229 1998 5300 computatione

429 5321 573 5376 facta
600 5321 901 5392 collegerit.
934 5320 1090 5388 Quod
1138 5322 1182 5376 si
1230 5322 1500 5384 venditor,
1549 5329 1642 5374 aut
1694 5319 2000 5375 venditores

429 5415 679 5494 probent,
707 5416 761 5469 iu
791 5414 1099 5470 venditione
1139 5429 1464 5486 quocunque
1477 5411 1634 5466 modo
1665 5413 1770 5465 vim
1787 5410 1996 5466 dolum-

430 5518 500 5559 ve
533 5507 732 5563 malum
779 5509 1151 5565 intercessisse
1176 5549 1190 5574 ,
1225 5506 1306 5561 vel
1337 5515 1464 5562 ante
1491 5505 1850 5562 venditionem
1895 5504 2004 5560 face

418 4767 769 4823 universitate
845 4769 1139 4838 privilegiis
1229 4769 1447 4837 fruens;

509 5709 587 5781 (8)
622 5710 733 5800 Hoc
762 5722 866 5801 est,
891 5713 958 5772 ab
985 5714 1272 5774 indictione
1299 5730 1366 5770 xv
1401 5711 1688 5785 prmterita.

2090 4593 2230 4662 μετά
2261 4589 2598 4662 προθεσμίαν
2621 4587 2863 4659 τριετίας
2894 4587 3169 4640 ἀποδώσει
3203 4587 3263 4640 τδ
3285 4587 3527 4656 τίμημα,
3557 4583 3664 4636 τῶν

2087 4685 2268 4738 αὐτῶν
2296 4681 2588 4736 ἀπολαύων
2614 4679 2755 4751 μετά
2793 4681 2893 4748 τῆς
2935 4679 3138 4750 ὁμάδος
3173 4678 3508 4750 προνομίων,
3565 4675 3668 4729 κᾶν

2092 4775 2376 4846 σχολάριός
2428 4776 2578 4828 ἐστιν
2623 4774 2656 4845 ἢ
2694 4773 2978 4845 σεκρέτοις
3011 4769 3473 4842 ὑπηρετούμενος.
3507 4768 3566 4820 Ei
3613 4767 3670 4819 δὲ

2089 4869 2227 4939 ὁμάς
2253 4865 2320 4940 ἦν
2344 4869 2377 4937 ἠ
2398 4868 2720 4939 πωλήσασα,
2757 4867 2954 4936 ἀπορεῖ
2987 4865 3045 4919 δὲ
3073 4865 3210 4934 πρὸς
3233 4863 3334 4922 τὴν
3389 4860 3668 4923 ἀνάδοσιν,

2089 4961 2262 5030 ἐχέτω
2290 4960 2426 5030 πρὸς
2441 4958 2598 5012 τοῦτο
2626 4957 2896 5010 τοσούτων
2925 4956 3135 5027 χρόνων
3194 4952 3560 5023 προθεσμίαν,
3605 4947 3672 4999 δι’

2093 5054 2232 5105 ὅσων
2261 5051 2326 5104 ἀν
2351 5052 2379 5103 ό
2403 5047 2638 5113 δικάζων
2664 5048 2771 5102 ἀπὸ
2791 5047 2901 5101 τῶν
2936 5047 3246 5118 μελλόντων
3273 5042 3509 5114 καρπῶν
3549 5040 3676 5092 συλ-

2096 5142 2380 5212 λογίσηται
2409 5139 2670 5194 δύνασθαι
2698 5138 3072 5209 εύλυτωθῆναι
3125 5137 3188 5191 τὸ
3220 5135 3462 5206 τίμημα.
3515 5133 3576 5184 Εἰ
3619 5130 3680 5183 δὲ

2103 5233 2352 5285 ὁπωσοῦν
2410 5231 2684 5285 δείκνυται
2719 5232 2747 5284 6
2778 5229 3093 5301 πωλήσαςῆ
3122 5230 3169 5282 oi
3209 5225 3567 5296 πωλήσαντες
3621 5221 3681 5273 ὲν

2104 5327 2171 5395 τῇ
2211 5323 2410 5394 πράσει
2442 5321 2561 5392 βίαν
2596 5322 2628 5394 ἧ
2661 5321 2811 5376 δόλον
2840 5318 3254 5389 ὕποστάντες,ἢ
3285 5316 3392 5387 πρὸ
3414 5316 3513 5386 τῆς
3537 5312 3682 5382 πρά-

2112 5432 2247 5478 σεως
2302 5414 2407 5468 ὑπὸ
2451 5413 2544 5467 τοῦ
2597 5412 2976 5484 ἀγοραστοῦἥ
3026 5412 3125 5484 τῆς
3183 5405 3453 5479 φαμιλίας
3513 5402 3683 5458 αὐτοῦ

2111 5505 2460 5578 ἀδικούμενοι
2487 5507 2578 5561 καὶ
2623 5507 3244 5576 καταδυναστευόμενοι,
3289 5499 3458 5574 μηδὲν
3495 5495 3684 5553 ἀναδι-
