4058 6212
305 353 408 416 573

1391 345 1757 407 NOVELLZE
1797 347 2483 411 CONSTITUTIONES.
3459 354 3519 413 57
3534 354 3562 414 ί

306 459 566 522 δότωσαν,
605 455 709 510 κᾶν
754 455 783 508 ὁ
829 453 1139 526 ἀγοραστὴς
1176 452 1278 506 οὐκ
1318 448 1386 523 ἦν
1441 454 1550 507 τῶν
1584 454 1885 509 δυνατωτέ-

2016 474 2124 523 am,
2152 469 2400 529 emptore
2427 458 2508 513 vel
2536 459 2653 527 ejus
2676 459 2878 514 familia
2904 474 2961 515 se
2986 474 3081 529 per
3106 462 3354 530 iujuriam
3388 462 3563 526 laesos,

312 567 442 619 ρων.

382 729 445 807 δ’,
471 728 552 782 Τά
579 729 634 781 δὲ
668 727 1026 798 εὐτελέστερα
1082 728 1190 780 τῶν
1215 726 1611 798 μοναστηρίων,
1655 728 1749 778 καὶ
1776 728 1889 779 ὅσοι

315 820 425 872 ἀπὸ
453 821 773 889 σπαθαρίων
812 820 919 873 τῶν
947 822 1091 889 ἐντῇ
1150 817 1501 887 θεοφυλάκτῳ
1555 818 1709 871 πόλει
1772 820 1892 873 δια-

316 911 613 977 τριὸόντων
640 912 735 963 καί
769 911 1093 981 κατωτέρων
1128 911 1409 980 ἀρχόντων
1451 911 1642 981 ἔτυχον
1682 912 1889 983 ἀγορά-

320 1017 510 1063 σαντες
551 1002 718 1072 χωρὶς
765 1002 1090 1071 οἱασδήποτε
1140 1002 1260 1071 βίας
1310 1003 1404 1055 καὶ
1455 1002 1690 1066 ἀδικίας,
1750 1003 1889 1073 μηδὲ

322 1092 682 1161 προστασίαις
705 1092 1092 1164 δυνατωτέρων
1119 1093 1578 1163 διφεντευόμενοι,
1614 1094 1690 1165 μὴ
1733 1094 1894 1165 μόνον

322 1184 421 1246 τὰς
448 1185 610 1253 τιμάς
636 1185 1191 1255 ἀναλαμϐανέτωσαν,
1216 1186 1352 1239 ἀλλά
1380 1186 1475 1240 καὶ
1517 1186 1617 1247 τάς
1675 1187 1897 1257 ἐπικερ-

323 1275 431 1338 δεῖς
477 1276 743 1340 δαπάνας,
797 1274 910 1330 οἷον
936 1280 1016 1340 εἰς
1074 1277 1413 1346 ἀμπελώνων
1468 1278 1898 1346 καταφυτεύσας

324 1368 416 1419 καὶ
456 1367 769 1437 ὐδρομύλων
813 1370 1194 1438 κατασκευήνο
1258 1368 1522 1423 δύνασθαι
1584 1369 1641 1422 δὲ
1681 1369 1775 1423 καὶ
1797 1368 1897 1433 τάς

324 1458 455 1522 ὔλας
480 1460 587 1512 τῶν
622 1461 766 1514 ἰδίων
804 1462 1121 1531 οἰκημάτων
1150 1463 1455 1530 περιαιρεῖν
1508 1461 1647 1530 μετά
1694 1461 1787 1513 τοῦ
1822 1462 1898 1529 μὴ

326 1549 526 1617 βλάψαι
551 1550 650 1621 τὴν
682 1552 953 1621 προτέραν
980 1552 1331 1615 κατάστασιν,
1382 1553 1429 1604 εἰ
1483 1551 1555 1621 μὴ
1597 1551 1693 1621 τὴν
1760 1550 1901 1621 ὑπὲρ

323 1639 529 1693 τούτων
564 1642 809 1710 δαπάνην
856 1641 1242 1711 λαμϐάνουσιν.

395 1730 459 1786 ε’.
514 1732 774 1801 Ἀπορίας
804 1732 860 1785 δὲ
897 1732 1064 1802 οὔσης
1110 1733 1244 1802 πρὸς
1274 1732 1370 1802 τὴν
1418 1732 1767 1802 ἀναστροφὴν
1794 1731 1901 1785 τῶν

1994 561 2047 604 et
2081 567 2367 620 oppressos
2398 554 2633 620 potentia
2660 571 2673 606 :
2700 552 2832 607 nihil
2890 553 3196 619 restituant,
3248 554 3373 609 licet
3415 571 3561 623 emp-

1993 650 2075 694 tor
2113 656 2175 695 ex
2209 655 2435 693 numero
2464 640 2824 708 potentiorum
2852 658 2957 697 non
2992 652 3133 696 erat.

2062 730 2115 784 4.
2147 730 2441 783 llumiliora
2492 745 2620 784 vero
2678 732 3031 797 monasteria,
3083 742 3139 785 et
3184 732 3495 802 quicunque
3539 750 3567 785 a

1992 823 2286 893 spathariis
2312 823 2635 893 degentibus
2679 822 2731 875 iu
2780 823 2884 876 hac
2930 826 3102 886 urbe,
3146 838 3263 891 qua:
3316 824 3571 877 divinitus

1994 911 2335 974 custoditur,
2386 912 2625 975 itemque
2687 924 2715 963 a
2775 910 3180 977 magistratibus
3224 911 3571 965 inferioribus

1995 1004 2123 1074 quid
2152 1003 2385 1056 emeriut
2409 1002 2611 1070 absque
2641 1000 2691 1056 vi
2725 1011 2780 1055 et
2824 1002 3017 1071 injuria
3069 1016 3426 1071 quacunque,
3475 1017 3573 1057 nec

1996 1095 2311 1166 patrociniis
2363 1095 2725 1164 potentiorum
2778 1093 3008 1158 defensi,
3052 1110 3157 1148 non
3212 1095 3382 1159 pretia
3433 1097 3572 1149 dun-

1999 1198 2150 1243 taxat
2183 1190 2502 1257 recipiuuto,
2539 1202 2724 1241 verum
2744 1186 2905 1241 etiam
2938 1186 3231 1242 lucrativas
3276 1187 3571 1256 impensas.

1997 1280 2131 1334 Puta
2162 1296 2282 1349 qua:
2315 1280 2471 1335 facta:
2521 1287 2649 1335 sunt
2694 1280 2745 1332 in
2794 1279 3125 1333 consitiones
3172 1278 3471 1342 tinearum,
3523 1288 3577 1332 et

2000 1370 2411 1426 mdilicationem
2475 1370 2822 1439 aquariarum
2873 1370 3157 1422 inolarnm.
3220 1367 3478 1421 Poterunt
3525 1377 3578 1422 et

2003 1460 2259 1514 materias
2291 1460 2641 1515 aedificiorum
2691 1475 2913 1515 suormn
2962 1460 3169 1521 tollere,
3203 1460 3431 1511 modone
3464 1467 3575 1511 sta-

2004 1561 2115 1606 tum
2151 1554 2383 1621 priorem
2433 1553 2675 1606 laniant:
2714 1552 2813 1606 nisi
2851 1551 2989 1605 forte
3021 1567 3117 1620 pro
3163 1552 3229 1603 iis
3279 1551 3577 1620 impensam

2004 1646 2203 1701 factam
2232 1646 2523 1715 recipiunt.

2075 1740 2130 1795 5.
2172 1739 2324 1806 Quod
2358 1739 2403 1794 si
2437 1739 2503 1793 ob
2534 1736 2767 1808 inopiam
2817 1736 2966 1791 reddi
2997 1751 3098 1804 eis,
3143 1752 3262 1805 quae
3290 1736 3578 1796 debentur,

325 1799 814 1897 χρεωστουμενων,
858 1799 1268 1893 μεσεγγυᾶσθαι
1313 1799 1378 1877 τά
1430 1799 1901 1895 προεκποιήθέντα

2014 1841 2273 1902 nequeant
2307 1850 2319 1884 :
2356 1831 2421 1885 ad
2455 1839 2531 1885 tot
2581 1844 2845 1884 annorum
2875 1829 3128 1897 [spatium
3175 1837 3581 1895 sequestreutur

328 1915 423 1967 ἐπὶ
444 1913 713 1967 τοσούτων
736 1913 1012 1983 διάστημα
1041 1916 1271 1986 χρόνων,
1319 1915 1514 1984 μέχρις
1549 1908 1609 1967 οὗ
1644 1915 1751 1968 ἀπὸ
1798 1916 1898 1984 τῆς

290 2070 299 2073 ν
332 2005 631 2075 μελλούσης
663 2007 907 2075 καθαρᾶς
944 2006 1277 2074 ἐπικαρπίας
1315 2005 1372 2058 τὸ
1406 2006 1753 2074 ὀφειλόμενον
1816 2006 1900 2056 τί-

335 2112 491 2164 μημα
541 2094 574 2162 ἢ
616 2094 676 2146 τδ
734 2094 1022 2164 εἰρημένον
1071 2095 1332 2163 ἀνάλωμα
1387 2094 1610 2146 δύναται
1678 2094 1900 2146 ὲπισυνι

332 2185 561 2251 ἄγεσθαι
582 2200 595 2215 ⁸
627 2184 659 2253 ἢ
692 2185 891 2253 μᾶλλον
924 2186 1247 2253 κατέχεσθαι
1289 2185 1386 2253 μὲν
1429 2186 1500 2237 τὸ.
1520 2185 1704 2255 κτῆμα
1754 2184 1904 2254 παρά

331 2274 424 2326 τοῦ
484 2276 941 2344 ἐκποιησαμένου,
1001 2277 1080 2337 εἰς
1140 2275 1197 2327 δὲ
1258 2278 1358 2342 τὴν
1418 2275 1750 2344 συγκομιδὴν
1797 2273 1905 2327 τῶν

333 2366 560 2434 καρπῶν
585 2366 836 2431 γίνεσθαι
892 2366 1148 2434 πρόνοιαν
1189 2367 1281 2418 καὶ
1324 2366 1719 2436 παραφυλακὴν
1771 2366 1905 2435 πρὸς

332 2457 393 2507 τ’)
430 2444 799 2523 περισωθῆναι
832 2455 1026 2517 αὐτοὺς
1058 2456 1136 2516 εἰς
1163 2456 1552 2524 ἀποπλήρωσιν
1584 2454 1681 2507 τοῦ
1714 2454 1907 2507 συναλ-

334 2540 618 2604 λοὶξαντος,
669 2540 917 2605 ἐξουσίαν
946 2540 1155 2610 ἔχοντος
1204 2541 1298 2593 καὶ
1340 2542 1504 2595 αὐτοῦ
1531 2542 1737 2595 τούτων
1776 2560 1908 2611 προ-

336 2632 573 2686 νοεῖσθαι
609 2633 689 2694 εἰς
740 2633 802 2685 τὸ
852 2634 926 2701 μὴ
984 2633 1387 2687 ἀποϐάλλεσθαι
1454 2633 1581 2698 τοὺς
1636 2635 1905 2706 καρπούς.

340 2724 453 2776 Καὶ
519 2724 567 2775 εἰ
641 2724 741 2793 μὲν
808 2724 1030 2789 εὐπορεῖ
1069 2724 1336 2794 ἑτέρωθεν
1388 2728 1416 2778 ὀ
1475 2727 1910 2796 ὲκποιησάμενος

338 2813 680 2875 διοικεῖσθαι,
720 2815 926 2874 πάντας
957 2813 1299 2866 ἀναδίδοσθαι
1348 2813 1485 2883 πρὸς
1512 2814 1605 2867 τὸν
1641 2813 1910 2867 συναλλά-

342 2906 505 2970 ξαντα
547 2921 562 2955 °.
612 2908 660 2957 εἰ
705 2904 762 2957 δὲ
817 2905 914 2975 μὴ,
958 2905 1017 2957 τὸ
1086 2905 1286 2974 ἀνῆκον
1340 2904 1399 2970 ἐξ
1424 2903 1605 2959 αὐτῶν
1637 2904 1773 2977 πρὸς
1815 2905 1912 2974 τὴν

340 2993 643 3062 ἀναγκαίαν
667 2993 854 3065 χρείαν
904 2994 998 3046 καὶ
1042 2994 1319 3064 γεωργίαν
1360 2994 1455 3047 τοῦ
1509 2995 1681 3065 ἀγροῦ
1732 3011 1912 3065 παρα-

343 3086 665 3156 κρατεῖσθαι
688 3085 841 3156 παρά
868 3084 961 3138 τοῦ
996 3084 1461 3155 ὲκποιησαμένου,
1513 3084 1574 3138 τὺ
1615 3086 1673 3140 δὲ
1726 3086 1914 3140 λοιπὸν

345 3183 489 3232 ἂπαν
542 3180 621 3242 εἰς
684 3178 775 3231 τὸν
818 3180 933 3247 μετ’
981 3175 1150 3230 αὐτοῦ
1214 3174 1618 3241 συναλλάξαντα
1670 3177 1917 3230 ἀποκαθ-

288 3326 301 3337 ,
347 3270 614 3323 ἰσταοθαι.

418 3360 493 3429 ς’,
535 3362 597 3418 Εἰ
652 3361 709 3415 δὲ
763 3362 828 3414 ὲκ
876 3359 985 3413 τῶν
1044 3360 1525 3431 περιφανεστέρων
1577 3360 1676 3428 τῆς
1721 3359 1923 3429 ὁμάδος

347 3454 483 3523 πρὸς
512 3454 661 3515 ῐσους
716 3452 749 3523 ἧ
800 3451 979 3519 ὀλίγον
1054 3451 1466 3521 ὑποϐεϐηκότας
1513 3452 1572 3503 ὲν
1626 3449 1917 3521 ἀξιώμασι,

344 3544 506 3615 τυχὸν
538 3543 836 3614 σχολαρίων
870 3544 1005 3613 πρὸς
1040 3543 1395 3613 στρατιώτας,
1447 3542 1479 3612 ἢ
1518 3543 1581 3595 ἐκ
1619 3543 1729 3595 τών
1768 3544 1923 3596 εὐτε-

345 3637 615 3707 λεστέρων
655 3636 791 3707 πρὸς
844 3636 970 3697 τοὺς
1024 3635 1219 3704 μικρόν
1272 3651 1324 3687 τι
1376 3634 1766 3705 ὑπερέχοντας,
1811 3632 1925 3687 οἷον

347 3730 457 3783 ἀπὸ
489 3731 598 3783 τών
629 3726 1012 3799 ἀστρατεύτων
1037 3725 1270 3780 πολιτῶν
1330 3726 1470 3797 πρὸς
1512 3727 1837 3796 σχολαρίους
1888 3728 1922 3794 ἢ

351 3820 725 3890 σεκρετικοὺς,
747 3818 1031 3886 ἐκποίησις
1057 3822 1280 3885 γέγονεν
1308 3817 1340 3885 ἢ
1370 3818 1688 3885 γενήσεται,
1717 3816 1925 3885 μενέτω

350 3916 463 3967 ἀπα
472 3910 823 3983 ρασάλευτος.

420 4001 485 4066 ζ’.
546 4000 776 4072 Ὁμοίως
825 4000 881 4055 δὲ
915 3998 1016 4052 κᾶν
1040 3998 1107 4052 δι’
1166 3998 1413 4067 ἀνάγκην
1470 3998 1824 4067 ἐπικειμένην
1863 3999 1927 4050 ἑκ

347 4091 442 4145 τιιῦ
489 4092 751 4161 δημοσίου
805 4091 838 4161 ἢ
912 4090 1072 4159 τυχὸν
1100 4090 1189 4142 διὰ
1220 4089 1281 4141 τὸ
1308 4090 1365 4141 ὲν
1403 4089 1545 4155 ἄλλῳ
1581 4088 1732 4158 τόπῳ
1800 4087 1926 4159 βού-

347 4182 535 4237 λεσθαι
570 4181 847 4253 προικίσαι
883 4179 1160 4251 θυγατέρα
1189 4180 1325 4234 ἰδίαν
1356 4179 1623 4249 ἑτέρωθεν
1666 4179 1767 4233 οὐκ
1810 4179 1926 4251 ἔχει

349 4293 435 4339 τις
488 4273 779 4330 ἀποδοῦναι
844 4274 903 4326 τὸ
951 4272 1085 4342 πρὸς
1122 4272 1214 4325 τὸν
1252 4270 1511 4342 δημόσιον
1545 4269 1767 4341 ὄφλημα
1807 4271 1927 4340 ἢτδ

351 4366 599 4421 ὲπιτεθὶν
641 4364 859 4436 βάροςῆ
888 4365 987 4432 τὴν
1012 4360 1412 4433 ὑποηεθείσαν
1443 4362 1648 4429 προῖκα
1712 4362 1773 4413 ὲν
1826 4378 1915 4414 κι-

2001 1940 2087 1989 ea,
2120 1938 2240 1993 qua:
2272 1922 2503 1977 alienata
2537 1930 2661 1975 sunt
2693 1936 2706 1972 :
2742 1922 2914 1973 donec
2961 1936 3025 1973 ex
3060 1919 3364 1973 futurorum
3418 1918 3580 1985 liqui-

2002 2017 2191 2071 dorum
2218 2016 2489 2070 fructuum
2543 2012 2891 2083 perceptione
2920 2011 3157 2065 debitum
3192 2010 3465 2077 pretium,
3500 2006 3580 2060 vel

2006 2109 2245 2175 impensa
2279 2108 2438 2170 facta,
2475 2120 2573 2159 ceu
2610 2105 2817 2158 dictant
2867 2111 2972 2167 est,
3020 2102 3195 2171 colligi
3249 2101 3435 2169 possit.
3490 2098 3580 2151 Vel

2006 2200 2179 2268 ipsum
2206 2198 2464 2268 prtedium
2496 2196 2675 2267 potius
2701 2196 2767 2249 ab
2801 2209 2865 2248 eo
2896 2194 3271 2264 possideatur,
3322 2191 3411 2259 qui
3446 2189 3582 2242 alie-

2007 2290 2198 2341 navit:
2240 2301 2421 2341 verum
2478 2287 2529 2339 iu
2578 2284 2897 2338 collectione
2943 2283 3213 2336 fructuum
3247 2296 3379 2335 cura
3423 2278 3582 2333 simul

2006 2386 2059 2432 et
2095 2377 2270 2431 cautio
2305 2376 2642 2439 adhibeatur,
2679 2384 2736 2428 ut
2766 2376 2862 2444 ipsi
2898 2373 3104 2427 fructus
3128 2373 3194 2425 ad
3238 2370 3585 2426 satisfacien-

2006 2468 2133 2522 dum
2186 2468 2234 2522 ei
2304 2469 2395 2536 qui
2465 2466 2740 2521 contraxit
2796 2475 3100 2521 serventur.
3148 2464 3323 2531 Atque
3384 2464 3483 2516 hac
3529 2461 3581 2515 in

2008 2569 2160 2626 parte
2204 2558 2510 2614 facultatem
2545 2559 2794 2623 habebit,
2843 2568 2896 2611 ut
2922 2568 2971 2611 et
3007 2559 3119 2627 ipse
3161 2556 3439 2626 pravideat
3470 2596 3485 2620 ,
3520 2565 3583 2607 ne

2007 2653 2217 2706 fruetus
2243 2650 2563 2704 amittantur
2586 2690 2600 2704 .
2637 2663 2701 2703 ac
2736 2638 3003 2717 siquidem
3051 2648 3097 2702 is
3120 2689 3134 2713 ,
3167 2646 3259 2717 qui
3308 2643 3586 2706 alienavit,

2009 2743 2225 2797 aliunde
2259 2741 2358 2797 sibi
2398 2742 2705 2810 prospicere
2749 2748 2957 2805 potest;
2996 2738 3234 2792 universi
3269 2737 3475 2792 fructus
3510 2734 3583 2789 illi

2012 2834 2315 2898 tradantur,
2388 2846 2619 2901 quocum
2674 2838 3009 2884 contractura
3083 2829 3200 2882 fuit.
3252 2827 3345 2882 Sin
3388 2836 3595 2891 autem,

2014 2923 2310 2977 retineatur
2340 2922 2407 2976 ab
2441 2934 2527 2983 eo,
2558 2920 2651 2988 qui
2701 2918 2997 2985 alienavit,
3041 2928 3300 2988 quantum
3337 2918 3401 2970 ad
3433 2929 3587 2970 usum

2017 3014 2188 3081 ipsius
2228 3012 2624 3077 necessarium,
2658 3011 2880 3080 agrique
2913 3010 3203 3063 cultionem
3242 3007 3535 3076 requiritur
3572 3023 3586 3059 :

1940 3129 1984 3187 ο
2018 3106 2466 3178 reliquumtotum
2492 3106 2804 3159 restituatur
2830 3102 2927 3164 illi,
2956 3101 3180 3170 quicum
3203 3114 3267 3154 eo
3299 3097 3591 3153 contraxit.

2093 3372 2146 3426 6.
2188 3372 2339 3439 Quod
2377 3372 2422 3428 si
2454 3372 2522 3426 ab
2556 3369 2945 3424 illustrioribus
2978 3365 3341 3422 universitatis
3389 3366 3455 3418 ad
3505 3377 3598 3433 pa-

2023 3478 2133 3527 res,
2162 3463 2243 3517 vel
2273 3463 2429 3532 paulo
2454 3460 2809 3531 dignitatibus
2845 3459 3153 3524 inferiores,
3198 3457 3344 3513 velut
3379 3473 3407 3511 a
3439 3456 3599 3512 scho-

2023 3556 2227 3611 laribus
2272 3555 2337 3609 ad
2388 3555 2607 3620 milites,
2649 3553 2732 3608 vel
2785 3552 2853 3606 ab
2906 3551 3288 3606 humilioribus
3331 3550 3398 3603 ad
3435 3548 3595 3617 paulo

2024 3648 2360 3716 superiores,
2406 3648 2557 3701 velut
2598 3648 2666 3699 ab
2710 3644 3023 3713 expertibus
3060 3640 3265 3695 militia:
3310 3637 3599 3707 municipi-

2024 3740 2125 3793 bus
2174 3740 2238 3791 ad
2285 3736 2579 3800 scholares,
2631 3734 2718 3787 vel
2761 3733 2990 3788 secretis
3036 3732 3416 3795 iuservientes,
3467 3729 3602 3784 alie-

2027 3827 2170 3879 natio
2197 3825 2354 3889 facta,
2398 3827 2481 3879 vel
2528 3826 2705 3879 adhuc
2740 3824 2917 3876 futura
2969 3822 3078 3887 sit;
3126 3822 3444 3876 inconcussa
3488 3834 3603 3872 ma-

2030 3924 2174 3968 tzeul.

2098 4007 2153 4058 7.
2197 4001 2459 4058 Similiter
2489 4009 2542 4055 et
2572 4001 2616 4055 si
2641 4000 2713 4055 ob
2755 3999 3225 4067 incumbentem'a
3256 3998 3383 4052 lisco
3414 4010 3603 4050 neces-

2031 4098 2277 4160 sitatem,
2327 4104 2418 4149 aut
2451 4094 2593 4163 quod
2627 4092 2878 4146 fortassis
2910 4090 3015 4144 alio
3046 4091 3098 4144 in
3134 4091 3251 4144 loco
3274 4089 3451 4143 dotem
3480 4088 3605 4143 lilize

2029 4205 2139 4246 sua:
2162 4187 2493 4243 constituere
2518 4184 2665 4249 velit,
2701 4183 2920 4237 aliunde
2951 4182 3072 4250 quis
3099 4181 3314 4237 solvere
3351 4190 3605 4249 nequeat,

2028 4282 2169 4352 quod
2217 4280 2348 4335 fisco
2376 4280 2553 4344 debet,
2589 4285 2679 4332 aut
2704 4278 2849 4345 quod
2898 4273 3209 4342 impositum
3239 4273 3287 4327 ei
3321 4288 3465 4326 onus
3494 4282 3605 4334 est,

2031 4383 2124 4427 aut
2154 4372 2475 4442 promissam
2508 4371 2560 4423 in
2593 4368 2755 4423 rebus
2786 4366 2886 4421 soli
2918 4366 3095 4419 dotem
3136 4382 3149 4419 :
3182 4364 3284 4418 hac
3317 4364 3430 4433 ipsa
3468 4378 3603 4431 quo-

352 4459 556 4527 νητοῖς,
592 4451 685 4508 καὶ
725 4454 811 4507 διά
834 4452 1039 4523 ταύτην
1066 4451 1164 4522 τὴν
1192 4450 1372 4503 αἰτίαν
1406 4447 1669 4505 δύνασθαι
1697 4449 1914 4519 ἐκποίη-

2031 4480 2138 4535 que
2164 4465 2231 4519 de
2274 4478 2437 4520 causa
2472 4462 2586 4517 tieri
2632 4460 2887 4515 alienatio
2922 4456 3121 4526 poterit
3166 4470 3353 4510 earum
3402 4469 3607 4517 rerum,

356 4566 442 4603 σιν
471 4546 727 4615 γενέσθαι
765 4547 829 4598 ἐκ
857 4544 965 4597 τῶν
984 4543 1277 4612 ἀκινήτων,
1336 4542 1497 4610 μόνον
1552 4540 1735 4609 μέντοι
1792 4540 1929 4612 πρὸς

354 4642 479 4701 τοὺς
514 4638 875 4709 συγχωρίτας,
918 4635 1039 4708 ἢὲε
1098 4634 1345 4702 ἀνάγκης
1402 4632 1537 4703 πρὸς
1571 4631 1642 4685 τὰ
1681 4633 1786 4685 ὑπὸ
1829 4633 1930 4702 τὴν

357 4734 525 4801 aii-.qu
557 4728 952 4802 μητροκωμίαν
978 4726 1155 4797 χωρία
1180 4726 1300 4795 ἦτοι
1331 4724 1437 4777 ὑπὸ
1466 4723 1564 4793 τὴν
1614 4725 1786 4787 αὐτὴν
1814 4742 1925 4777 κω-

360 4822 531 4895 μητού
539 4838 660 4893 ραν.

424 4914 496 4980 η’.
543 4914 644 4966 Διά
671 4911 763 4965 τὸν
792 4910 954 4966 αὑτὸν
977 4906 1071 4964 οὖν
1094 4908 1315 4979 τρόπον,
1351 4910 1447 4960 καὶ
1495 4907 1721 4960 δυνατοῦ
1754 4924 1931 4979 προσ-

354 5005 503 5058 ώπου
558 5002 963 5073 πιπράσκοντος
1006 4998 1039 5069 ἢ
1111 4998 1289 5061 ἄλλως
1337 4996 1768 5066 ὲκποιουμένου,
1802 5014 1929 5051 συν-

355 5096 576 5168 εωράοη
633 5092 1009 5166 προτιμᾶσθαι
1081 5092 1207 5153 τοὺς
1258 5088 1515 5161 χωρίτας,
1559 5088 1617 5141 ὲν
1667 5079 1749 5152 ο¹ις
1796 5091 1933 5143 εἰσιν

356 5187 879 5258 ἁνακεκοινωμὲνοι,
938 5184 970 5255 ἢ
1032 5184 1202 5255 χωρὶς
1243 5182 1341 5251 τῆς
1399 5180 1609 5234 ἐκείνου
1648 5182 1837 5252 ίνομῆς
1897 5181 1931 5253 ἢ

356 5280 466 5333 τῶν
527 5280 736 5334 ὑδάτων
784 5276 948 5348 ῆτῶν
990 5276 1163 5347 ὀρέων
1214 5273 1275 5328 οὐ
1311 5272 1562 5326 δύνανται
1592 5272 1930 5328 διοικεῖσθαι.

366 5371 545 5442 ’Υπὲρ
608 5371 665 5425 δὲ
709 5370 804 5425 τοῦ
872 5366 1178 5440 ἀγοραστοῦ
1237 5368 1459 5429 νοεῖται,
1513 5363 1580 5417 ἵν’
1659 5366 1755 5418 eam
1800 5365 1933 5440 θέλῃ

358 5463 522 5517 τοῦτο
557 5463 719 5534 μόνον
747 5461 1148 5531 παρακρατεῖν,
1184 5457 1293 5510 τῶν
1331 5456 1389 5509 δὲ
1415 5456 1935 5526 ἀνακεκοινωμένων

359 5555 642 5626 ἐκστῆναι,
673 5554 770 5626 ἔχῃ
810 5550 1079 5617 ἐξουσίαν.
1111 5550 1175 5603 Εἰ
1215 5547 1271 5601 δὲ
1300 5547 1365 5598 ὲκ
1393 5544 1488 5598 τοῦ
1538 5546 1932 5616 ὲκποιουμένου

360 5650 642 5720 κτήματος
675 5646 793 5700 ἐστι
822 5662 876 5699 τι
910 5642 1008 5699 καὶ
1037 5641 1422 5703 ἰδιοσύστατον,
1465 5636 1499 5709 ἢ
1529 5636 1590 5691 τὸ
1620 5638 1739 5692 ὅλον
1797 5639 1933 5692 ἀνα-

362 5740 660 5809 γκάξονται
688 5736 959 5811 ἀγοράσαι
985 5735 1018 5808 ἦ
1047 5733 1140 5790 τοῦ
1173 5731 1296 5788 ὅλου
1328 5728 1662 5795 ἐξίστασθαι.
1702 5730 1933 5801 Ἐχέτω-

2033 4574 2154 4628 qua:
2182 4557 2277 4612 soli
2333 4564 2460 4611 sunt
2492 4573 2505 4609 :
2536 4553 2628 4609 sed
2674 4552 2940 4606 duntaxat
2975 4550 3041 4602 ad
3089 4547 3469 4609 convicaneos,
3515 4553 3610 4598 attt

2035 4647 2344 4705 necessario
2376 4647 2442 4701 ad
2472 4661 2534 4701 ea
2570 4643 2791 4714 prazdia,
2822 4657 2940 4713 quae
2974 4641 3075 4695 sub
3099 4640 3286 4695 eadem
3334 4647 3608 4693 metroco-

2036 4740 2141 4794 mia
2167 4749 2312 4804 sunt,
2348 4738 2402 4792 id
2426 4746 2529 4803 est,
2561 4736 2662 4791 sub
2698 4734 2883 4788 eadem
2920 4730 3263 4787 vicaneitate.

2106 4920 2158 4973 8.
2197 4916 2533 4988 Quapropter
2580 4916 2768 4969 eodem
2827 4909 2985 4967 modo
3031 4920 3085 4963 et
3128 4908 3333 4977 potenti
3385 4918 3611 4974 persona

2036 5012 2325 5075 vendente,
2358 5009 2442 5063 vel
2465 5008 2622 5061 aliter
2644 5006 2912 5059 alienante
2931 5043 2946 5069 ,
2974 5001 3237 5072 optimum
3270 4998 3412 5053 factu
3440 4996 3613 5048 visum

2034 5114 2156 5169 est,
2206 5100 2447 5173 praeferri
2497 5099 2746 5153 vicaneos
2792 5095 2843 5149 in
2886 5096 2971 5159 iis,
3022 5094 3074 5148 in
3107 5091 3301 5160 quibus
3333 5094 3613 5141 consortes

2036 5204 2197 5259 sunt,
2228 5198 2342 5263 {aut
2386 5189 2601 5261 pascuis
2648 5187 2784 5257 ejus,
2828 5196 2920 5242 aut
2963 5185 3152 5255 aquis,
3204 5190 3294 5235 aut
3337 5176 3611 5233 montibus

2034 5301 2223 5343 carere
2271 5300 2379 5339 non
2432 5292 2676 5353 possunt.
2721 5282 2797 5336 Ac
2829 5295 2926 5351 pro
2974 5284 3217 5347 emptore
3252 5271 3471 5341 quidem
3510 5267 3612 5320 hoc

2038 5377 2375 5447 intelligitur,
2411 5384 2471 5430 ut
2502 5376 2545 5429 si
2598 5383 2803 5429 certum
2839 5373 3105 5426 duntaxat
3134 5364 3338 5435 aliquid
3374 5360 3611 5416 retinere

2037 5471 2183 5535 velit,
2214 5479 2269 5524 et
2296 5484 2381 5533 ea,
2439 5482 2557 5537 qua:
2603 5463 2862 5520 consortii
2908 5470 3061 5525 sunt,
3116 5459 3396 5512 alienare:
3432 5461 3611 5523 potes-

2040 5566 2203 5613 tatem
2227 5558 2328 5612 hoc
2356 5556 2547 5627 agendi
2576 5555 2789 5609 habeat.
2823 5552 2973 5605 Licet
3002 5558 3181 5603 autem
3212 5544 3416 5618 prmdii,
3467 5541 3607 5611 quod

2037 5642 2326 5707 alienatur,
2377 5642 2557 5712 aliqua
2601 5655 2727 5712 pars
2787 5640 2854 5693 ab
2899 5635 3023 5694 aliis.
3072 5645 3317 5706 separata
3364 5644 3606 5689 seorsum

2037 5734 2269 5791 exsistat
2300 5750 2313 5790 :
2344 5743 2633 5805 emptores.
2652 5741 2831 5789 tamen
2859 5738 2953 5787 aut
2978 5738 3149 5788 totum
3175 5742 3354 5785 emere
3400 5738 3605 5798 cogun-
