4056 6210
407 309 475 371 75
1387 294 1895 356 CONSTANTINI
1927 292 2484 354 PORPHYROGEN
2496 290 2599 350 lTl

3521 283 3623 345 576

377 436 502 489 tur,
557 430 648 477 aut
688 427 797 475 toto
846 415 1055 470 cedere.
1096 412 1367 466 Caeterum
1408 406 1641 477 quatuOr
1681 407 1949 461 mensium

2082 424 2152 459 ‘av
2177 407 2232 459 δὲ
2262 408 2355 459 καὶ
2393 402 2728 475 προθεσμίαν
2757 398 2942 471 μηνῶν
2972 397 3012 450 δ’
3038 399 3117 461 είς
3162 397 3477 461 ἐπισύναξιν
3530 396 3624 449 τοῦ

376 517 518 570 diem
550 514 781 567 habeant
813 506 878 561 ad
903 502 1276 559 collectionem
1315 501 1493 570 pretii,
1528 508 1787 568 quantum
1818 498 1947 568 qui-

379 607 497 659 dem
527 602 663 654 alius
713 598 891 661 daret,
921 593 1006 648 vel
1057 593 1234 663 potius
1288 591 1472 659 quanti
1529 591 1586 643 lit
1632 588 1948 654 mstimatio;

380 692 642 760 siquidem
674 689 776 742 hoc
800 698 1088 753 pauperes,
1118 684 1206 750 qui
1239 688 1447 744 emunt,
1477 679 1799 748 Optaverim.

453 781 548 834 His
577 781 626 832 in
672 778 814 831 hunc
850 774 1069 829 modum
1118 788 1146 825 a
1180 771 1463 841 majestate
1510 778 1692 822 nostra
1720 766 1955 821 decretis

384 883 548 939 atque
579 866 916 929 constitutis,
945 863 1288 934 praecipimus
1320 860 1436 922 tibi,
1469 868 1527 913 ut
1554 856 1804 911 omnibus
1828 869 1957 923 pro-

385 958 706 1013 vincialibus
768 953 1078 1023 hujustnodi
1142 949 1621 1019 promulgationem
1677 946 1955 1015 legemque

389 1059 652 1111 nostram,
687 1060 714 1098 ιι
747 1045 996 1113 personis
1021 1040 1332 1109 potentibus
1353 1038 1421 1092 ad
1454 1045 1756 1091 extremum
1792 1043 1844 1087 et
1872 1032 1957 1086 ul-

388 1141 574 1192 timum
611 1149 801 1205 usque,
852 1132 953 1202 legi
1002 1146 1159 1186 cures
1193 1148 1207 1183 :
1240 1144 1301 1183 ac
1335 1135 1497 1197 prout
1528 1127 1579 1180 in
1611 1140 1674 1179 ea
1719 1124 1960 1179 contine-

387 1240 556 1293 retur,
582 1228 841 1296 juxtaque
862 1225 967 1277 vim
996 1220 1172 1288 cujus,
1223 1219 1288 1274 de
1320 1216 1647 1288 pauperibus
1680 1223 1841 1282 atque
1866 1227 1962 1281 po-

390 1319 627 1373 tentibus
651 1316 894 1384 inquiras
921 1324 973 1369 et
1000 1311 1241 1368 ordines.
1273 1308 1489 1364 Sancita
1522 1320 1711 1363 mense
1743 1303 1960 1369 Martio,

393 1408 696 1461 indictione
724 1423 777 1459 γ.

1121 1512 1205 1567 Vl.

394 1630 643 1698 Ejusdem
686 1626 883 1681 novella
946 1623 1288 1689 constitutio,
1340 1638 1498 1698 quam
1544 1618 1970 1698 dictarit__T/reo-

461 1701 630 1766 philus
681 1698 936 1764 patricius
994 1703 1043 1748 et
1092 1689 1363 1766 quwstorf
1418 1692 1493 1745 De
1562 1691 1848 1766 sportulis,
1900 1689 1964 1742 de

2051 498 2377 567 τιμήματος,
2412 495 2606 549 ὁπόσον
2658 493 2844 562 ἕτερος
2880 490 3132 552 δίδωσιν,
3194 489 3225 558 ἦ
3281 488 3479 558 μᾶλλον
3520 489 3623 539 ὁπ’

2051 588 2176 641 ὁσου
2198 588 2532 653 διατιμᾶται,
2566 585 2722 653 εἴπερ
2750 582 2907 636 τοῦτο
2932 582 2981 635 οἱ
3012 580 3369 650 ἐξωνούμενοι
3394 579 3626 648 πένητες

2054 678 2430 743 ἐπιλέξωνται.

2125 770 2342 823 Τούτων
2366 768 2537 831 οὕτως
2560 765 2711 837 παρὰ
2742 765 2840 834 τῆς
2867 763 3140 833 βασιλείας
3169 763 3329 832 ήμῶν
3363 762 3629 830 δογματι-

2059 861 2296 914 σθέντων
2329 860 2422 913 καὶ
2450 857 2942 928 νομοθετηθέντων,
2980 854 3272 923 κελεύομέν
3306 869 3388 905 σοι
3415 853 3627 904 ὑπανα-

2056 950 2259 1020 γνῶναι
2289 951 2422 1003 πᾶσι
2451 950 2563 1010 τοίς
2596 949 2656 1000 ἐν
2695 944 2773 1015 τῷ
2801 945 2997 1014 θέματι
3030 942 3129 1010 τὴν
3163 941 3421 1010 τοιαύτην
3470 939 3633 1009 ἡμῶν

2058 1040 2364 1110 ἐκφὼνησιν
2392 1039 2485 1092 καὶ
2527 1036 2867 1106 νομοθεσίαν,
2908 1034 3013 1088 ἀπό
3063 1050 3124 1085 τε
3176 1030 3416 1084 δυνατῶν
3459 1046 3632 1099 προσ-

2060 1131 2224 1185 ώπων
2250 1131 2342 1183 καὶ
2370 1130 2474 1192 ἕως
2517 1127 2742 1198 ἐσχάτου
2758 1127 2851 1180 καὶ
2880 1124 3215 1178 τελευταίου·
3250 1123 3344 1176 καὶ
3371 1121 3510 1175 κατὰ
3530 1122 3633 1189 τὴν

2063 1222 2265 1292 ταύτης
2310 1220 2570 1291 περιοχὴν
2619 1220 2711 1273 καὶ
2766 1219 2995 1288 δύναμιν
3047 1216 3140 1270 καὶ
3195 1212 3469 1278 ἐξετάζειν
3538 1212 3635 1266 καὶ

2063 1314 2287 1368 διοικεῖν
2318 1311 2576 1381 περὶτῶν
2603 1310 2832 1370 πτωγῶν
2862 1310 2956 1365 καὶ
2992 1308 3099 1362 τῶν
3124 1305 3385 1360 δυνατῶν.

2068 1633 2259 1700 Νεαρὰ
2332 1630 2655 1700 νομοθεσία
2711 1628 2817 1683 τοῦ
2849 1626 3066 1700 αὑτοῦ,
3126 1624 3203 1693 ἦν
3262 1627 3638 1700 ὐσζηγόρευσε

2140 1695 2425 1767 Θεόφιλος
2442 1699 2747 1765 πατρίκιος
2768 1697 2863 1751 καί
2888 1697 3201 1767 κοιίιίστωρ
3222 1695 3353 1767 περί
3368 1695 3637 1767 externa:

466 1761 761 1833 aperiendi:
810 1761 1152 1826 testamentis,
1193 1773 1240 1817 et
1276 1768 1339 1816 de
1377 1777 1456 1825 eo,
1486 1762 1623 1834 quod
1672 1769 1865 1822 certus,
1901 1774 1962 1812 ac

2134 1761 2329 1834 πικῶν,
2357 1761 2451 1823 καὶ
2472 1761 2603 1834 περὶ
2629 1761 2912 1832 ἀνοίξεως
2935 1761 3246 1830 διαθηκῶν,
3263 1761 3358 1816 καὶ
3379 1763 3511 1834 περὶ
3529 1761 3639 1834 τοῦ

462 1829 709 1905 deﬁnitus
732 1833 1166 1889 consuetudinum
1194 1834 1376 1886 modus
1400 1846 1511 1885 esse
1537 1829 1741 1884 debeat.

466 2013 911 2083 Quandoquidem
939 2009 1371 2073 consuetudinis,
1398 2022 1635 2077 ususque
1664 2005 1967 2062 auctoritas

299 2121 312 2137 '
399 2109 452 2162 in
482 2115 689 2159 tantum
740 2118 842 2157 non
877 2103 1038 2167 valet,
1089 2110 1147 2155 ut
1191 2110 1283 2155 aut
1329 2101 1613 2165 rationem,
1652 2108 1745 2153 aut
1793 2099 1968 2169 legem

400 2198 619 2250 vincere
651 2194 815 2264 possit
845 2210 861 2261 ;
889 2194 1092 2248 idcirco
1114 2207 1356 2258 avaram,
1403 2200 1458 2247 et
1479 2189 1801 2262 superﬂuam
1850 2203 1972 2245 om-

402 2303 523 2343 nem
554 2291 910 2351 exactionem,
942 2286 1157 2341 licetex
1198 2285 1359 2356 longa
1405 2284 1796 2339 consuetudine
1822 2282 1964 2336 obti-

406 2381 601 2446 nuerit,
636 2388 812 2444 certo,
835 2392 898 2434 ac
929 2378 1148 2434 delinito
1177 2377 1334 2433 modo
1360 2377 1711 2447 eorrigentes,
1739 2376 1819 2430 sic
1845 2388 1974 2430 con-

403 2468 727 2526 stituinms.‘

482 2562 533 2614 l.
585 2559 651 2614 Ut
680 2561 897 2631 judices
926 2559 1286 2630 provinciales
1342 2558 1392 2610 in
1425 2557 1661 2625 qualibet
1694 2571 1811 2608 auri
1841 2554 1974 2609 libra

408 2669 512 2708 non
559 2654 700 2706 ultra
752 2654 952 2708 solidos
1000 2663 1106 2706 tres
1142 2650 1443 2717 accipiant,
1492 2647 1743 2702 nimirum
1778 2646 1845 2699 ab
1888 2644 1973 2710 iis,

407 2745 494 2811 qui
523 2744 813 2811 locupletes
859 2751 984 2797 sunt
1038 2740 1187 2810 (olim
1235 2740 1411 2805 enim,
1454 2739 1541 2807 qui
1569 2737 1696 2792 dicti
1730 2746 1853 2791 sunt
1882 2750 1976 2807 pe-

407 2834 563 2888 dauei
591 2834 819 2897 indices,
853 2833 1053 2886 solidos
1084 2832 1218 2885 duos
1249 2832 1299 2883 in
1337 2830 1562 2885 exordio
1588 2829 1731 2892 litis,
1765 2842 1975 2881 rursus-

408 2936 514 2992 que
540 2924 673 2977 duos
697 2922 897 2977 solidos
935 2921 988 2975 in
1022 2921 1126 2975 ﬁne
1156 2920 1422 2990 ejusdem,
1471 2927 1666 2987 praeter
1711 2916 1977 2985 stipendia

411 3013 640 3080 publica,
673 3012 740 3066 ab
757 3024 983 3082 utraque
1007 3018 1158 3081 parte
1183 3006 1566 3079 acceperunt);
1597 3020 1734 3077 quos
1761 3006 1977 3074 quidem

2138 1831 2469 1909 ὡρισμένον
2495 1831 2647 1893 εἶναι
2675 1839 2738 1892 τὸ
2772 1831 2994 1907 μέτρον
3024 1834 3143 1889 τῶν
3192 1831 3528 1901 συνηθειιῖψ
3567 1832 3640 1884 ἐν

2140 1910 2317 1964 παντὶ
2342 1909 2720 1976 δικαστηρίῳ.

2155 2021 2370 2089 Ἐπειδὴ
2390 2022 2486 2090 τῆς
2504 2018 2793 2089 συνηθείας
2817 2018 2911 2071 καὶ
2934 2017 3031 2086 τῆς
3054 2016 3302 2086 χρήσεως
3332 2016 3363 2085 ἠ
3387 2012 3644 2067 αύθεντία

2070 2131 2169 2168 ουκ
2205 2114 2295 2166 ἐπὶ
2328 2110 2581 2165 τοσοῦτον
2624 2111 2819 2180 ίσχὺει,
2852 2110 2927 2172 ὡς
2981 2109 3073 2161 καὶ
3112 2108 3208 2160 τὸν
3245 2104 3501 2173 λογισμὸν
3550 2105 3647 2155 καὶ

2072 2206 2163 2259 τὸν
2190 2206 2353 2275 νόμον
2389 2204 2710 2274 ὑπερνικᾷν,
2740 2201 2828 2254 διὰ
2861 2199 3020 2253 τοῦτο
3050 2200 3229 2253 πᾶσαν
3251 2197 3523 2265 ἄπληστον
3552 2210 3649 2245 περ

2076 2282 2496 2370 ρισσοπραξίαν,
2531 2295 2636 2348 κᾶν
2696 2296 2760 2347 ἐκ
2813 2294 3031 2363 μακρᾶς
3079 2290 3363 2360 συνηθείας
3405 2288 3643 2356 ἐκράτη-

2076 2406 2189 2451 σεν,
2238 2387 2529 2458 ὡρισμένῳ
2559 2386 2743 2456 μέτρῳ
2804 2384 3199 2445 συστείλαντες,
3252 2379 3395 2433 οὓτω
3462 2377 3647 2429 διατυ-

2076 2475 2306 2544 ποῦμεν.

2147 2565 2194 2619 α’
2233 2567 2391 2619 ’Ὥστε
2415 2567 2539 2628 τοὺς
2564 2564 2891 2634 θεματικοὺς
2918 2561 3177 2625 δικαστὰς
3205 2561 3288 2628 ἐφ’
3320 2560 3521 2627 ἑκάστῃ
3548 2558 3642 2610 τοῦ

2076 2657 2301 2726 χρυσίου
2324 2658 2480 2727 λίτρᾳ
2505 2655 2579 2726 μὴ
2604 2655 2915 2725 περαιτέρω
2944 2653 3109 2723 τριῶν
3135 2652 3483 2722 νομισμάτων
3504 2650 3645 2715 λαμ-

2078 2750 2280 2811 ϐάνειν,
2305 2750 2544 2818 δηλονότι
2568 2747 2779 2800 ἐπὶτῶν
2803 2746 3178 2817 εὐπορούντων
3210 2745 3324 2816 (καὶ
3342 2744 3400 2797 τὸ
3417 2743 3647 2796 παλαιὲν

2078 2840 2187 2910 γὰρ
2218 2841 2265 2892 οἱ
2300 2838 2625 2907 καλούμενοι
2652 2838 2750 2908 (8⁸)
2780 2838 3053 2906 διαιτηταὶ
3077 2836 3182 2889 ἀνὰ
3210 2835 3302 2889 δύο
3336 2836 3646 2905 νομίσματα

2079 2933 2136 2984 ἐν
2169 2932 2310 3001 ἀρχῇ
2340 2930 2441 2999 τῆς
2462 2930 2617 2999 δίκης
2649 2931 2741 2983 καὶ
2771 2930 2871 2983 ἀνὰ
2901 2929 2995 2983 δύο
3020 2932 3075 2981 ἐν
3105 2927 3180 2999 τῷ
3209 2928 3351 2981 τέλει
3375 2926 3432 2993 ἐξ
3459 2926 3649 2979 ἐκατέ-

2083 3041 2179 3095 ρου
2208 3024 2409 3095 μέρους,
2437 3024 2759 3093 ἐλάμϐανον,
2787 3023 2985 3090 ἔξωθεν
3013 3024 3121 3076 τῶν
3159 3024 3224 3076 ἐκ
3254 3020 3348 3099 τοῦ
3388 3021 3650 3090 δημοσίου

412 3116 523 3163 tres
580 3108 783 3182 solidos
840 3107 1138 3177 percipient
1202 3119 1300 3176 pro
1347 3104 1460 3159 suis
1513 3102 1924 3159 necessitatibus
1956 3138 1971 3164 ,

2082 3112 2386 3181 σιτήσεων),
2419 3113 2577 3167 ἅτινα
2605 3112 2732 3182 τρία
2764 3111 3079 3181 νομίσματα
3108 3107 3319 3174 ἕξουσιν
3348 3108 3487 3177 ὺπέρ
3518 3108 3654 3171 ἰδίας

411 3179 745 3265 suorumque
774 3196 1076 3259 hominum,
1108 3194 1202 3250 sed
1242 3202 1296 3249 et
1330 3206 1539 3258 eorum,
1566 3192 1656 3261 qui
1704 3206 1770 3246 ex
1799 3188 1978 3244 ollicio

413 3286 758 3341 subserviunt
785 3285 934 3355 ipsis,
965 3294 1147 3353 utpote
1178 3284 1268 3352 qui
1297 3285 1429 3338 nihil
1459 3283 1601 3337 aliud
1636 3283 1982 3351 peculiariter

417 3394 516 3446 pro
564 3383 722 3434 rebus
747 3378 1006 3446 judicatis
1035 3379 1253 3448 exigere
1287 3387 1528 3445 possunt.
1562 3375 1850 3446 Nunquam
1884 3390 1981 3428 au-

415 3482 521 3522 tem
571 3486 732 3539 supra
763 3479 973 3522 centqu
1007 3469 1172 3522 libras
1206 3468 1573 3537 sportularum
1605 3467 1820 3520 nomine
1863 3464 1983 3519 εχει

320 3588 325 3593 ~
414 3569 587 3627 gatue,
629 3560 752 3612 licet
779 3560 881 3611 bon
904 3579 940 3620 ι,
976 3573 1096 3627 quae
1122 3568 1398 3628 petuntur,
1440 3565 1655 3611 centum
1688 3557 1853 3611 libras
1890 3569 1983 3610 ex-

414 3652 644 3718 cedant;
693 3665 757 3705 eo
814 3659 1062 3720 excepto,
1107 3650 1249 3719 quod
1297 3651 1647 3714 cibariorum,
1689 3656 1742 3703 et
1774 3648 1985 3704 itineris

419 3744 655 3808 nomine,
691 3744 814 3796 dunt
851 3757 1071 3813 peregre
1113 3744 1288 3805 abest.
1347 3756 1633 3797 exsecutor
1695 3740 1981 3811 impendit.

417 3833 640 3887 Rustica
681 3849 809 3887 vero
834 3834 1001 3903 plebs,
1032 3833 1231 3903 aliique
1268 3848 1555 3904 pauperes,
1581 3835 1694 3889 sive
1724 3833 1985 3889 adversus

417 3926 623 3991 se‘psos
646 3933 807 3993 agant
840 3939 1027 3979 eorum
1086 3924 1321 3989 nomine,
1364 3940 1480 3991 quae
1508 3923 1872 3979 communiter
1919 3921 1986 3975 ad

418 4016 565 4083 ipsos
591 4008 856 4082 spectant,
874 4016 988 4070 sive
1009 4015 1258 4083 privatim
1288 4014 1481 4083 singuli
1515 4023 1698 4068 contra
1724 4011 1984 4082 singulos,

417 4117 511 4159 aut
539 4108 796 4161 adversus
822 4108 1064 4161 homines
1095 4107 1425 4175 potentiores
1449 4116 1501 4160 et
1551 4105 1847 4174 locupletes
1873 4122 1885 4168 ;
1920 4106 1987 4158 de

422 4199 553 4251 libra
573 4198 831 4267 qualibet,
864 4211 960 4265 pro
993 4196 1180 4251 solidis
1220 4196 1412 4259 tribus,
1447 4211 1611 4249 unum
1654 4195 1812 4248 modo
1840 4208 1984 4263 prae-

422 4298 585 4343 stent.
617 4287 767 4352 Quot
801 4287 842 4340 si
875 4301 1037 4340 causa
1087 4285 1287 4339 nullam
1309 4285 1449 4359 juris
1477 4284 1880 4353 ambiguitatem
1935 4291 1989 4337 et

420 4379 843 4433 controversiam
876 4378 1081 4442 habuit,
1109 4393 1283 4447 neque
1312 4391 1399 4431 res
1430 4377 1585 4446 digna
1617 4376 1711 4430 lite
1738 4375 1862 4439 fuit,
1891 4376 1986 4430 sed

418 4470 557 4525 forte
584 4480 931 4539 contemptus
962 4470 1239 4538 improbus
1271 4468 1365 4535 jus
1388 4467 1641 4533 dicentis,
1681 4468 1761 4520 vel
1790 4467 1992 4535 przeda,

418 4560 500 4615 vel
539 4562 744 4629 rapina,
781 4559 865 4613 vel
887 4560 1015 4628 quid
1041 4558 1308 4628 ejusmodi
1360 4559 1460 4612 fuit
1506 4557 1846 4623 admissum;
1900 4571 1995 4611 au-

418 4661 597 4706 ctores
630 4650 820 4703 horutn
868 4650 1202 4719 facinorum,
1248 4649 1515 4720 siquidem
1556 4648 1795 4704 illustres
1843 4657 1989 4715 sunt,

420 4757 516 4809 pro
549 4743 634 4805 iis,
681 4754 800 4810 quae
842 4740 896 4795 in
918 4742 1177 4811 judicium
1211 4751 1333 4796 sunt
1366 4740 1618 4803 deducta,
1651 4740 1717 4794 de
1749 4737 1993 4807 qualibet

418 4833 555 4886 llbl'a
604 4842 837 4888 statutos
901 4843 1011 4889 tres
1078 4833 1281 4889 solidos
1334 4841 1622 4900 praestent;
1670 4830 1987 4886 humiliores

420 4938 565 4989 vero,
588 4925 782 4995 singuli
834 4926 1062 4980 solidum
1082 4940 1283 4990 unum;
1320 4932 1680 4993 praeterquam
1719 4922 1884 4992 qttod,
1934 4930 1989 4976 et

419 5025 674 5068 statutam
704 5016 912 5085 legibus
946 5016 1337 5084 pecuniariam,
1374 5013 1458 5068 vel
1504 5012 1841 5081 corporalem
1871 5023 1988 5080 pte-

424 5119 543 5159 ttam
569 5105 867 5161 exsolvent.
919 5106 1109 5159 Itidem
1142 5105 1209 5158 ab
1239 5104 1338 5166 eis,
1389 5113 1444 5158 et
1470 5118 1685 5167 usurae,
1719 5104 1834 5157 sive
1868 5101 1984 5156 fru-

422 5208 565 5260 ctus,
602 5198 652 5250 in
683 5197 880 5265 quibus
912 5196 1056 5260 licet,
1088 5196 1395 5264 exigantur.
1430 5193 1779 5249 Possessione
1809 5202 1989 5246 autem

423 5286 475 5339 in
501 5287 737 5341 solutum
770 5287 916 5352 data,
948 5285 992 5341 si
1023 5285 1239 5356 quidem
1266 5284 1474 5343 ratione
1504 5297 1798 5352 pauperum
1823 5282 1990 5349 nihil;

475 5469 589 5539 ,(8⁸)
613 5469 691 5524 Ex
708 5468 796 5545 h_is
826 5466 1176 5545 manifestum
1207 5472 1296 5545 est
1321 5480 1350 5519 a
1377 5463 1739 5520 Constantino
1768 5465 1989 5545 abroga-

426 5534 542 5591 tum
566 5534 690 5607 esse
719 5537 1014 5593 Justiniani
1069 5546 1123 5592 et
1152 5535 1612 5607 praedecessorum
1642 5534 1988 5607 constitutio-

428 5621 548 5676 nes,
566 5606 775 5676 quibus
795 5608 1121 5676 permissum
1150 5604 1268 5660 erat
1288 5604 1545 5676 pedaneis
1563 5605 1858 5676 judicibus,
1887 5621 1987 5672 χα-

432 5672 812 5745 μαιδιόιασταίξ
847 5676 964 5732 sive
985 5672 1301 5744 διαιτηταῖς
1317 5675 1430 5735 sive
1449 5672 1750 5746 διαιτηταῖς
1778 5672 1986 5745 κληρω-

2082 3202 2270 3273 χρείας
2295 3204 2389 3257 καὶ
2416 3204 2523 3257 τῶν
2546 3203 2690 3257 ἰδίων
2736 3203 3060 3273 ἀνθρώπων,
3088 3201 3225 3254 ἀλλὰ
3254 3200 3348 3254 καὶ
3388 3199 3496 3253 τῶν
3542 3199 3653 3252 ἀπὸ

2081 3294 2182 3362 τῆς
2210 3291 2417 3371 τάξεως
2448 3291 2904 3362 ὑπηρετουμένων
2935 3290 3140 3353 αὐτοῖς,
3176 3288 3252 3352 ὡς
3277 3288 3441 3359 μηδὲν
3463 3287 3549 3340 Et:
3562 3302 3654 3356 ρον

2083 3382 2393 3451 δυναμένων
2425 3381 2732 3445 ἰδιαζόντως
2786 3382 2850 3435 ἐκ
2905 3381 3013 3434 τῶν
3058 3379 3425 3449 δικαζομένων
3456 3390 3652 3446 ’προσο

2085 3475 2342 3526 απαιτεῖν
2366 3489 2381 3507 ο
2418 3473 2685 3543 μηδέποτε
2716 3472 2773 3526 δέ
2805 3472 2947 3542 ὑπὲρ
2986 3472 3055 3525 τὰ
3091 3469 3135 3542 ρ’
3168 3470 3476 3542 νομίσματα
3503 3469 3648 3538 λόγῳ

2087 3566 2326 3635 ἐκταγῆς
2357 3566 2728 3628 ἀπαιτεῖσθαι,
2768 3565 2872 3618 κᾶν
2902 3563 3213 3633 ὑπερϐαίνει
3247 3564 3345 3626 τὰς
3390 3569 3432 3631 ρ’
3456 3562 3649 3630 λίτρας

2086 3654 2156 3707 τὰ
2185 3647 2583 3723 ἀπᾶιτούμενα,
2637 3654 2686 3706 εἰ
2723 3653 2798 3724 μὴ
2819 3652 2941 3706 καθ’
2969 3653 3090 3705 ὅσον
3146 3652 3285 3722 ὑπὲρ
3322 3649 3527 3721 τροφῆς
3557 3648 3654 3701 καὶ

2088 3745 2394 3816 ὁδοιπορίας
2420 3744 2833 3814 ἐπιξενούμενος
2865 3747 2893 3796 ὁ
2934 3743 3263 3813 ἐκϐιϐαστὴς
3310 3741 3640 3810 ἐδαπάνησε.

2090 3835 2163 3888 Τὸ
2190 3836 2247 3889 δέ
2295 3835 2609 3907 ἀγροικικὸν
2674 3834 2875 3904 πλῆθος
2931 3836 3027 3888 καὶ
3073 3838 3122 3888 οἱ
3177 3834 3352 3887 λοιποὶ
3392 3832 3648 3902 πένητες,

2091 3927 2203 3980 εἴτε
2232 3927 2353 3980 κατ’
2406 3926 2653 3997 ἀλλήλων
2688 3927 2968 3993 ἑνάγουσιν
2997 3927 3135 3995 ὑπὲρ
3172 3925 3282 3978 τῶν
3330 3927 3485 3993 κοινῇ
3534 3923 3648 3975 δια-

2098 4016 2374 4086 φερόντων
2399 4016 2581 4078 αὐτοῖς
2616 4016 2646 4085 ἦ
2680 4016 2773 4068 καὶ
2804 4015 2911 4085 ἰδίᾳ
2935 4015 3163 4078 ἕκαστος
3193 4014 3317 4068 καθ’
3360 4014 3570 4083 ἐτέρου,
3623 4010 3655 4079 ἦ

2092 4108 2234 4162 κατὰ
2300 4108 2410 4160 τῶν
2470 4107 2854 4178 δυνατωτέρων
2902 4108 2996 4161 καὶ
3041 4107 3289 4175 εὐπόρων
3333 4104 3655 4175 ἀνθρώπων,

2094 4198 2215 4253 καθ’
2253 4198 2489 4267 ἑκάστην
2518 4197 2704 4268 λίτραν
2737 4199 2858 4254 ἀντὶ
2891 4198 3056 4267 τριῶν
3113 4198 3172 4251 ἓν
3230 4198 3389 4266 μόνον
3421 4196 3660 4267 παρεχέ-

2093 4287 2559 4357 τωσαννόμισμα.
2598 4289 2659 4340 Εἰ
2711 4288 2767 4341 δὲ
2811 4288 3080 4359 μηδεμίαν
3125 4285 3238 4359 εἶχε
3289 4287 3518 4358 νομικὴν
3549 4288 3659 4357 ἁμο

2096 4378 2398 4449 φιόθλίανὴ
2429 4378 2573 4448 δίκη,
2606 4378 2742 4448 μηδέ
2786 4380 2846 4430 τὸ
2886 4380 3117 4449 πρᾶγμα
3160 4378 3316 4449 δίκης
3367 4378 3516 4445 ἄξιον
3568 4372 3658 4446 ἦν.

2097 4470 2233 4524 ἀλλὰ
2265 4471 2427 4539 τυχὸν
2460 4470 2815 4540 ἀναίσχυντος
2847 4471 3082 4541 ἀναρχία
3125 4470 3158 4540 ἢ
3211 4470 3414 4540 πραῖδα
3460 4470 3493 4537 ἢ
3564 4470 3653 4539 ἀρε

2092 4557 2242 4628 παγὴ
2276 4561 2309 4628 ἠ
2348 4575 2401 4612 τι
2432 4559 2542 4611 τῶν
2574 4558 2830 4612 τοιούτων
2874 4558 3149 4628 ἐπράχθη,
3187 4557 3343 4609 αὐτοὶ
3386 4557 3437 4608 οἱ
3486 4553 3662 4607 ταῦτα

2091 4650 2545 4719 διαπραξάμενοι,
2589 4651 2746 4720 εἴπερ
2792 4650 2900 4702 είσὶ
2923 4650 3030 4702 τῶν
3054 4649 3495 4720 ἐμφανεστέρων,
3520 4646 3662 4714 ὑπὲρ

2089 4740 2204 4793 τῶν
2264 4740 2663 4794 δικαιωθέντων
2722 4741 3116 4811 παρεχέτωσαν
3184 4739 3252 4791 τὰ
3314 4738 3398 4805 ἐφ’
3460 4739 3662 4805 ἑκάστῃ

2089 4832 2249 4903 λίτρᾳ
2274 4831 2557 4903 ὡρισμένα
2612 4831 2740 4901 τρία
2783 4831 3099 4902 νομίσματα
3129 4847 3143 4860 ·
3193 4828 3561 4898 εὐτελέστεροι
3607 4826 3665 4879 δὲ

2094 4925 2266 4987 ὄντες,
2299 4924 2405 4978 ἀνὰ
2448 4923 2687 4993 νόμισμα
2717 4924 2795 4987 ἓν,
2835 4923 2972 4993 πρὸς
3006 4922 3082 4993 τῷ
3124 4922 3218 4977 καὶ
3248 4922 3345 4992 τὴν
3405 4919 3512 4974 ἀπὸ
3555 4918 3665 4970 τῶν

2096 5016 2282 5086 νόμων
2314 5016 2667 5086 χρηματικην
2701 5015 2948 5085 ποινὴνῆ
2986 5013 3304 5084 σωματικὴν
3337 5010 3660 5065 ἐκτιννύναι.

2096 5105 2219 5160 Ἐπὶ
2248 5110 2385 5177 νομῇ
2410 5106 2466 5159 δέ
2489 5106 2785 5177 γενομένης
2817 5109 2913 5177 τῆς
2943 5107 3269 5171 ἀποδόσεως,
3309 5106 3356 5157 εί
3394 5105 3492 5174 μὲν
3527 5102 3664 5172 πρὸς

2098 5194 2359 5259 πένητας,
2409 5194 2601 5246 οὐδέν·
2654 5195 2703 5246 εί
2751 5194 2807 5247 δέ
2857 5194 2993 5264 πρὸς
3062 5192 3520 5263 ἐμφανεστέρους,
3571 5188 3664 5243 ἐπὶ

2098 5286 2165 5353 τῇ
2199 5284 2357 5353 λίτρᾳ
2398 5283 2458 5335 τὸ
2481 5284 2653 5353 ἣμισυ
2682 5284 2777 5336 τοῦ
2807 5283 3164 5353 νομίσματος.
3220 5281 3411 5335 Ἦνίκα
3434 5280 3491 5333 δέ
3531 5294 3663 5347 προ-

2100 5467 2234 5528 τοῖς,
2273 5464 2603 5519 δικαστικῶν
2634 5464 2913 5517 Extexam...
2945 5462 3083 5517 duos
3117 5462 3336 5531 quidem
3387 5474 3581 5513 aureos
3607 5458 3659 5511 in

2095 5536 2491 5589 contestatione
2516 5533 2625 5588 litis
2656 5542 2711 5587 et
2735 5534 2869 5588 duos
2897 5532 2951 5586 in
2984 5533 3089 5587 ﬁne
3120 5532 3317 5603 negotii
3347 5532 3413 5584 ab
3435 5539 3662 5603 utraque

2094 5615 2246 5673 parte
2278 5605 2544 5673 accipere.
2598 5603 2889 5673 Iustiniani
2949 5603 3111 5658 verba
3166 5599 3376 5658 exstant
3440 5599 3492 5653 itt
3550 5618 3597 5652 ι’.
3630 5600 3661 5651 9

2092 5675 2228 5733 Nov.
2258 5676 2345 5731 99..
2385 5672 2546 5728 lacu.
2575 5691 2603 5728 λ
2633 5672 2982 5731 [ιιλοεδτιιιι.
