2028 3105
187 129 238 161 577

735 126 917 157 NOVELLE
932 124 1270 160 CONSTITUTIONES.

1758 134 1814 165 578

184 184 276 216 ςῆτῶς
290 182 338 210 τοῦ
357 181 496 210 ἀντιδίκου
518 181 720 217 ἀποληφθέντος
737 182 784 208 ἐπὶ
808 183 877 217 νομῇ
910 190 974 217 etsp-

1032 184 1075 211 sin
1094 183 1251 216 illustritnn,
1266 184 1301 212 de
1314 184 1382 212 libra
1399 185 1526 214 dimidius
1541 186 1643 215 solidus
1657 191 1810 222 prastetur.

186 231 240 265 φθῇ
255 230 286 256 τδ
305 228 399 264 ἕτερον
412 228 506 263 μέρος,
524 228 585 254 οὐδὲ
608 228 677 258 ὅλως
703 228 755 262 χρὴ
783 228 834 262 πρὸ
859 228 975 261 πέρατος

186 278 235 312 τῆς
249 276 327 311 δίκης
343 275 568 302 ἀποκατάστασιν
586 274 719 308 γίνεσθαι,
741 275 802 300 οὐδὲ
836 275 898 309 τῇδε
925 275 974 300 κὰ-

188 323 263 349 natos
284 322 318 348 τὰ
345 321 496 357 πράγματα
526 321 737 356 μεταφερόμενα
770 320 974 354 διαφθείρεσθαι

187 368 240 395 ἀπὸ
257 367 307 401 τῆς
318 366 470 399 ἐναλλαγῆς
488 365 541 392 τῶν
566 365 719 400 προσώπων
747 366 762 399 ἢ
788 365 837 399 τῆς
860 365 973 400 θατέρου

186 414 290 440 τούτων
309 412 468 446 ἐπιϐουλῆς,
484 411 565 446 τυχὸν
576 410 715 445 δυσμενῶς
733 410 799 444 πρὸς
815 411 859 436 τὸν
874 410 973 436 ἀντίδισ

187 468 235 485 κον
248 458 357 493 ἔχοντος
373 457 390 492 ἢ
404 457 452 483 καὶ
467 457 617 488 συνειδότος
631 457 668 491 μὴ
678 456 767 487 καλῶς
779 456 972 489 ἀγωνίζεσθαι.

187 501 274 530 Αὗται
291 502 319 528 δὲ
337 504 366 529 αί
380 501 521 536 συνήθειαι
541 503 611 528 κατά
640 501 689 536 τὴν
715 503 897 536 προκειμένην
920 501 974 527 διά-

190 550 276 583 στιξιν
291 550 336 576 καὶ
353 548 398 575 ἐπὶ
411 548 465 574 τῶν
482 547 710 583 ὑπηρετουμένων
725 547 883 581 ἀπαιτητῶν
915 547 974 581 ἤτοι

191 594 359 622 ὲκὸιόαστῶν
382 594 467 620 ἀπασι
486 594 541 624 τοῖς
559 593 706 623 πολιτικοῖς
721 593 861 623 δικασταῖς
888 592 974 618 ἔστω·

191 652 249 676 σαν,
261 643 307 669 καὶ
332 642 415 677 μηδὲν
430 641 601 676 περαιτέρω·
625 640 733 671 τούτοις
748 641 801 674 γὰρ
824 639 974 673 ἀναγκαῖόν

191 690 256 721 ἔστι,
281 687 412 723 μὴμόνον
430 687 564 721 καθαραῖς
587 687 646 717 ταῖς
664 686 758 720 χερσὶν
777 685 882 720 ἄρχειν,
907 684 974 711 ἀλλά

190 735 236 760 καὶ
255 733 318 764 τοὺς
335 732 539 766 ὑπουργοῦντας
559 731 632 766 ἔχειν
653 731 752 762 παντὸς
768 730 882 765 αἰσχροῦ
904 730 974 765 λήμ-

191 788 274 814 ματος
293 779 454 814 ἀνωτέρυυς.
478 779 545 813 Περὶ
572 778 601 804 δὲ
630 778 683 804 τῶν
708 776 916 812 ὑπουργούντων
945 777 974 802 ἐν

189 826 248 856 ταῖς
278 825 399 859 γραφαῖς
433 825 489 855 τοῖς
522 823 575 855 ἐξω
603 823 759 855 δικάζουσιν
793 823 808 856 ἢ
841 822 887 848 καὶ
916 822 973 852 τοῖς

1031 229 1058 256 Si
1072 236 1132 256 cum
1149 230 1321 257 adversarius
1332 232 1526 258 contumaciter
1536 232 1665 265 judicium
1679 232 1812 260 deseruis-

1025 280 1077 307 set,
1094 282 1156 309 pars
1172 275 1254 301 altera
1272 275 1352 302 fuerit
1367 276 1392 303 in
1412 278 1609 310 possessionem
1624 278 1722 310 missa;
1739 279 1811 305 nulfo

1025 321 1104 348 modo
1117 325 1179 347 ante
1208 321 1282 348 litem
1300 322 1402 348 ﬁnitam
1428 323 1562 350 restitutio
1584 323 1648 356 ﬁat;
1665 332 1750 359 neque
1769 331 1811 352 res

1025 366 1058 393 ab
1077 374 1129 393 una
1152 371 1229 400 parte
1255 367 1288 393 ad
1312 367 1424 394 alteram
1445 369 1584 397 translatze
1602 376 1812 405 corrumpantur

1025 412 1175 439 mutatione
1195 412 1344 445 hominum,
1365 413 1407 440 vel
1421 414 1490 441 forte
1514 415 1686 443 insidiatione
1712 417 1807 443 horum

1025 457 1203 489 alterutrius,
1238 458 1308 484 male
1328 465 1390 492 erga
1422 459 1607 487 adversarium
1637 461 1725 488 affecti
1743 483 1750 495 ,
1786 468 1812 488 et

1025 501 1130 528 conscii
1148 502 1181 529 de
1197 509 1249 528 non
1268 506 1340 529 recta
1357 503 1478 537 litigandi
1490 504 1604 531 ratione.
1623 506 1727 533 Eaedem
1742 514 1805 534 vero

1025 547 1234 574 consuetudines
1246 548 1394 574 secundum
1420 549 1587 583 propositam
1608 550 1809 579 distinctionem

1024 591 1297 625 omnibusjudicinus
1313 593 1435 624 urbanis,
1449 594 1505 620 sive
1520 593 1645 621 civilibus
1660 601 1750 627 sunto,
1767 605 1811 622 ra-

1025 636 1099 664 tione
1123 642 1292 668 exactorum,
1317 637 1374 664 sive
1397 643 1603 670 exsecutorum,
1636 639 1681 672 qui
1700 640 1810 666 subser-

1024 684 1110 714 viunt,
1127 687 1154 710 et
1179 682 1245 709 nihil
1260 683 1384 718 amplius.
1403 683 1458 710 Hos
1475 683 1546 710 cnim
1567 691 1618 710 non
1637 684 1720 711 solum
1737 687 1811 720 puris

1026 729 1148 756 manibus
1165 729 1351 762 magistratum
1367 735 1504 761 exercere,
1516 736 1608 756 verum
1627 730 1708 757 etiam
1727 739 1811 765 appa-

1025 776 1132 808 ritores,
1150 777 1195 810 qui
1211 776 1300 810 turpia
1320 776 1395 803 lucra
1411 781 1594 810 contemnant,
1614 777 1712 805 habere
1728 787 1811 814 opor-

1027 825 1073 847 tet.
1092 820 1125 848 lis
1145 826 1247 854 autem,
1274 822 1318 856 qui
1333 822 1468 856 judieibus
1485 823 1634 855 extraneis,
1660 829 1706 850 aut
1722 825 1810 851 tribu-

188 871 308 898 ἐνταῦθα
344 869 548 904 δικαστηρίοις,
581 869 742 901 αὐτοτελοῦς
781 868 971 903 ἀπολυομένης

1026 866 1130 893 nalibus
1150 867 1269 898 urbanis,
1283 867 1308 893 in
1323 867 1464 901 scripturis
1477 867 1611 900 serviunt,
1626 869 1649 895 si
1672 869 1809 896 deﬁnitiva

187 917 318 952 κρίσεως,
347 915 394 942 ἐπὶ
425 915 472 950 μὲν
503 915 557 942 τῶν
586 915 784 949 εὐτελεστέρων
816 914 972 941 ὑποθέσεων

188 964 252 997 ἄχρι
268 962 363 997 λίτρας
379 961 442 996 μιᾶς
457 961 473 996 ἢ
488 962 534 988 καὶ
552 961 679 987 ἐπέκεινα
705 961 801 995 μέχρις
824 961 884 991 ἑνὸς
895 959 972 994 νομί-

190 1015 293 1042 σματος
324 1005 461 1033 δίδοσθαι·
487 1005 626 1036 ἐλάττονος
662 1004 690 1030 δὲ
720 1004 813 1037 οὔσης,
844 1003 972 1037 ὑφαιρεῖν

190 1052 258 1086 πρὸς
276 1050 420 1086 ἀναλογίαν
433 1051 465 1078 ὲκ
475 1050 522 1078 τοῦ
538 1050 702 1086 νομίσματος
714 1059 722 1066 ι
741 1049 835 1083 ὥσπερ
847 1048 972 1080 αὐξάνειν

192 1098 273 1125 πάλιν
286 1098 332 1124 ἐπὶ
347 1097 400 1124 τῶν
414 1096 637 1133 ὑπερϐαινουσῶν
644 1096 692 1127 τὰς
703 1097 776 1131 τρεῖς
785 1095 879 1130 λίτρας
890 1094 972 1120 δικῶν

188 1144 253 1178 ἄχρι
268 1143 314 1169 δύο
329 1142 345 1178 ἢ
359 1142 407 1170 καὶ
418 1141 503 1177 τριῶν
516 1142 691 1176 νομισμάτων
705 1149 712 1156 ·
732 1140 866 1175 μηδέποτε
879 1140 907 1166 δὲ
919 1139 973 1165 ἀπὸ

187 1188 310 1223 πενήτων
334 1186 489 1219 πολιτικῶν,
517 1187 534 1222 ἢ
559 1185 727 1222 ἁγροιτικῶν
748 1185 814 1221 μηδὲ
842 1184 973 1220 μεγίστης

188 1234 270 1269 οὖσης
294 1234 344 1269 τῆς
359 1233 524 1266 ὑποθέσεως,
540 1233 650 1268 γραφῆς
684 1232 764 1267 χάριν
791 1232 871 1257 πλέον
902 1239 971 1266 παρ-

187 1278 296 1313 έχεσθαι
310 1277 356 1305 τοῦ
372 1278 548 1313 νομίσματος.
570 1278 631 1304 Ἐπὶ
644 1277 672 1304 δὲ
697 1278 756 1309 ταῖς
773 1276 972 1311 ἁπολυομέναις

186 1325 286 1359 ψήφοις
306 1323 376 1350 κατὰ
391 1323 518 1350 κέλευσιν
531 1323 598 1358 πρὸς
622 1323 682 1354 τοὺς
699 1323 750 1356 ἔξω
771 1322 929 1354 δικάζοντας
942 1322 972 1349 τὸ

186 1370 346 1399 δωδέκατον.
362 1369 492 1401 πολλάκις
501 1369 528 1395 δὲ
543 1369 590 1395 καὶ
604 1369 684 1404 μέχρι
699 1369 778 1395 ἕκτου
793 1368 894 1395 διδόναι
909 1367 972 1400 τοὺς

187 1416 392 1451 εὐπορωτέρους
407 1423 414 1430 ·
435 1415 499 1446 τοὺς
513 1415 541 1441 δὲ
559 1415 677 1450 ἀπόρους
699 1414 767 1449 πρὸς
779 1414 809 1440 τὸ
823 1413 972 1447 ἀναλογοῦν

187 1461 237 1495 τῆς
254 1460 362 1495 γραφῆς
377 1460 424 1486 καὶ
447 1459 493 1486 τοῦ
511 1459 684 1493 πράγματος,
702 1459 766 1493 περὶ
784 1456 814 1485 οὑ
839 1459 855 1494 ἡ
883 1458 972 1493 ψῆφος

189 1506 340 1541 προϐαίνει,
368 1505 423 1532 ἔσθ’
439 1505 483 1532 ὅτε
499 1506 544 1531 καὶ
562 1505 643 1531 πλέον
659 1504 705 1531 τοῦ
721 1506 887 1538 νομίσματος
903 1503 972 1538 μετά

1024 915 1156 941 sententia
1173 915 1372 949 'promnlgetur,
1401 914 1433 942 ad
1466 923 1548 942 unum
1575 923 1661 949 usque
1690 917 1807 943 solidum

1023 961 1149 994 sportulae
1160 961 1266 993 dentur,
1291 961 1317 987 in
1332 961 1420 988 causis
1430 962 1536 995 quidem
1555 961 1734 995 tenuioribus,
1750 971 1809 997 qum

1023 1007 1056 1034 ad
1070 1015 1149 1033 unam
1162 1014 1246 1042 usque
1261 1007 1369 1039 libram,
1397 1011 1423 1034 et
1441 1007 1520 1042 paulo
1532 1008 1649 1042 amplius
1665 1016 1694 1036 se
1718 1010 1806 1044 porti-

1023 1057 1099 1086 gunt.
1122 1051 1170 1079 Sin
1187 1053 1276 1079 minor
1289 1056 1331 1080 est
1342 1060 1459 1086 summa,
1473 1059 1522 1087 pro
1541 1057 1597 1079 rata
1611 1053 1644 1080 de
1655 1054 1741 1080 solido
1762 1055 1810 1082 de-
1848 1054 1857 1062 ’

1024 1098 1121 1125 tractio
1151 1099 1215 1131 ﬁat;
1248 1098 1328 1125 sicuti
1356 1105 1450 1125 rursus
1461 1098 1577 1133 adiectio
1602 1098 1726 1126 facienda
1745 1118 1753 1131 ,
1784 1101 1809 1126 in

1024 1144 1113 1170 causis
1133 1147 1188 1170 tres
1202 1143 1285 1170 libras
1312 1144 1516 1177 excedentibus,
1537 1145 1571 1171 ad
1590 1145 1670 1177 duos,
1688 1150 1734 1171 aut
1756 1149 1810 1172 tres

1024 1196 1108 1223 usque
1123 1189 1233 1216 solidos.
1249 1188 1390 1224 Nunquam
1405 1190 1620 1225 amunieipibus,
1643 1194 1669 1218 et
1684 1191 1808 1222 rusticis,

1023 1234 1069 1269 qui
1081 1241 1211 1268 pauperes
1226 1239 1298 1267 sunt,
1315 1242 1348 1262 ne
1367 1235 1390 1262 si
1406 1235 1513 1270 quidem
1528 1236 1644 1262 maxima
1655 1243 1735 1262 causa
1763 1237 1808 1266 sit,

1023 1280 1167 1313 scriptura:
1191 1280 1300 1308 nomine
1328 1281 1387 1316 plus
1418 1289 1471 1309 uno
1498 1281 1584 1309 solido
1609 1286 1762 1317 pra-stetur.
1780 1282 1809 1308 in

1023 1326 1174 1358 sententiis,
1191 1326 1341 1361 quasjussu
1358 1326 1486 1362 principis
1501 1327 1645 1361 adjudices
1667 1332 1810 1354 extraneos

1024 1371 1206 1404 retnittuntur,
1225 1372 1414 1407 locupletiores
1426 1373 1534 1407 quidem
1544 1372 1697 1405 decumam,
1722 1380 1809 1407 smpe-

1024 1424 1136 1445 numero
1163 1422 1267 1445 sextam
1292 1425 1400 1452 quoque
1419 1423 1523 1452 partem
1545 1422 1691 1452 prtestant;
1719 1419 1812 1453 inopes

1023 1467 1123 1495 autem,
1138 1471 1186 1497 pro
1200 1464 1304 1491 ratione
1318 1464 1473 1497 inventarii,
1488 1469 1515 1491 et
1530 1465 1615 1499 ipsius
1629 1465 1678 1496 rei,
1701 1465 1735 1491 de
1758 1473 1810 1499 qua

1023 1510 1155 1536 sententia
1180 1510 1274 1536 fertur.
1292 1509 1491 1543 Nonnunquam
1517 1515 1543 1536 et
1564 1509 1623 1544 plus
1645 1517 1697 1536 uno
1719 1510 1807 1536 solido

189 1552 359 1586 διαγνώσεως
394 1551 440 1577 τοῦ
468 1550 633 1581 δικάζοντος.
659 1550 690 1576 Εἰ
713 1550 742 1576 δέ
766 1558 798 1582 γε
830 1549 971 1584 παρόντων

1026 1555 1124 1587 datur,
1152 1555 1348 1582 interveniente
1382 1555 1535 1589 cognitione
1562 1555 1672 1590 judicis.
1696 1555 1723 1582 Si
1748 1563 1811 1582 vero

189 1598 352 1632 ἀμφοτέρων
364 1596 419 1623 τῶν
438 1596 528 1631 μερῶν
546 1596 599 1622 ἀπὺ
613 1596 729 1631 κρίσεως
741 1595 879 1630 ἔγγραφος
905 1595 973 1621 ἀπό-

189 1651 272 1677 φασις
283 1642 416 1678 ἀπολυθῇ,
433 1642 470 1678 τῷ
486 1641 609 1677 μέλλοντι
620 1641 741 1673 δικάζειν
758 1640 805 1667 ἐπὶ
817 1640 864 1667 τοῦ
878 1641 971 1673 τόπου,

189 1688 306 1723 εὐπόρου
333 1688 434 1724 δηλαδὴ
461 1687 618 1723 περιουσίας
633 1686 876 1722 ὑποδεικνυμένης,
893 1686 972 1713 δυνα-

188 1733 234 1760 τὸν
246 1733 317 1760 κατά
332 1733 476 1768 διάγνωσιν
487 1732 535 1760 καὶ
545 1732 597 1765 ἓως
617 1732 689 1759 δυοῖν
706 1732 890 1767 ,νομισμάτων
901 1732 973 1767 -ἀνα-

189 1777 350 1812 σιὸἀζεσθαι
376 1778 406 1805 τδ
425 1778 562 1816 μίσθωμα.

227 1867 269 1904 β’.’
283 1867 431 1904 Ἐπειδὴδὲ
452 1867 479 1894 αἱ
504 1866 633 1902 διαθῆκαι
656 1867 732 1901 παρά
755 1866 793 1902 τῷ
813 1865 973 1902 κοιαίστωρι

190 1915 354 1949 ἀνοίγονται,
367 1915 423 1945 τοῖς
438 1912 620 1948 ὕπουργοῦσιν
641 1913 670 1939 ὲν
687 1914 720 1948 τῇ
736 1912 835 1946 ἀνοίξει
856 1911 973 1945 καγγελ-

189 1961 291 1998 λαρίοις
311 1959 358 1986 ἰπί
369 1968 398 1987 τε
417 1961 449 1995 τῇ
463 1960 608 1994 συναγωγῇ
622 1959 677 1985 τῶν
693 1958 839 1993 μαρτύρων
853 1958 900 1984 καὶ
919 1956 973 1983 τῶν

189 2008 218 2041 ἓξ
237 2006 378 2034 ἀδιαθέτου
395 2005 598 2041 κληρονόμωνῆ
615 2005 662 2031 καὶ
678 2003 847 2039 λεγαταρίων
860 2003 905 2029 καὶ
920 2001 973 2029 τῶν

190 2054 223 2081 δι’
237 2053 334 2088 ἐτέρας
348 2051 441 2087 χρείας
456 2051 618 2086 ὀφειλόντων
633 2049 815 2084 παρίστασθαι
841 2049 973 2084 παρέχειν

190 2100 310 2135 νόμισμα
322 2098 362 2131 ἓν,
374 2098 412 2134 τῷ
425 2098 453 2125 δὲ
464 2097 564 2133 πρώτῳ
579 2096 768 2131 καγγελλαρίῳ
782 2095 874 2131 ἓτερον
898 2095 974 2129 νόμι-

189 2154 244 2180 σμα
263 2145 304 2178 ἓν,
318 2145 365 2171 καὶ
377 2145 433 2175 τοῖς
447 2144 507 2171 δυσὶ
519 2142 656 2177 νοταρίοις
673 2142 725 2169 ἀνὰ
742 2142 828 2176 ἣμισυ
836 2140 883 2168 τοὶ)
898 2140 974 2175 νομί-

190 2199 306 2226 σματος.
318 2190 473 2221 Ἑλάττονσς
484 2190 512 2216 δὲ
522 2189 577 2215 τῶν
592 2188 639 2215 δύο
655 2188 754 2223 λιτρῶν
769 2186 973 2222 ἀριθμουμένης

1026 1599 1154 1627 ambabus
1168 1599 1277 1634 paribus
1294 1600 1481 1633 praesentibus,
1504 1607 1535 1626 ex
1556 1599 1751 1626 deliberatione
1767 1600 1811 1634 ju-

1026 1645 1151 1676 diciaria,
1179 1645 1314 1672 sententia
1342 1645 1367 1671 in
1393 1644 1502 1678 scriptis
1528 1644 1642 1671 remissa
1669 1644 1751 1671 fuerit
1778 1645 1811 1670 ad

1026 1690 1112 1722 illtnn,
1130 1689 1174 1724 qui
1190 1689 1235 1724 jus
1246 1689 1365 1716 dicturus
1380 1693 1421 1716 est
1446 1688 1470 1714 in
1487 1695 1516 1714 re
1528 1688 1671 1723 praesenti;
1697 1690 1718 1716 si
1733 1689 1809 1716 locu-

1026 1735 1084 1770 ples
1105 1742 1164 1763 esse
1178 1735 1370 1770 patrimonium
1389 1737 1495 1768 pareat,
1507 1738 1596 1766 potest
1610 1734 1809 1761 interveniente

1024 1781 1123 1817 judicis
1141 1780 1294 1814 cognitione
1312 1779 1442 1807 salarium
1462 1786 1572 1815 quoque
1585 1779 1618 1806 ad
1636 1773 1712 1807 duos
1727 1786 1813 1814 usque

1026 1827 1126 1855 solidos
1145 1827 1248 1861 augeri.

1060 1871 1088 1898 2.
1099 1871 1231 1904 Quoniam
1247 1875 1407 1898 testamenta
1424 1871 1495 1905 apud
1510 1874 1672 1904 quaestorem
1684 1870 1794 1904 aper-inn
1804 1885 1812 1889 -

1028 1923 1081 1951 tur,
1099 1925 1125 1944 in
1142 1924 1234 1944 eormn
1252 1916 1391 1951 apertione
1408 1916 1579 1943 cancellariis
1602 1924 1666 1943 suas
1679 1915 1813 1942 exhiben-

1028 1964 1099 1991 tibus
1108 1970 1216 1996 operas,
1236 1966 1291 1988 tam
1309 1961 1468 1995 colligendis
1481 1961 1604 1993 testibus,
1618 1966 1645 1987 et
1662 1961 1825 1988 hzeredihus.

1027 2009 1061 2036 ab
1087 2008 1214 2035 intestato
1239 2007 1459 2038 succedentibus,
1491 2010 1537 2032 aut
1559 2006 1639 2033 etiam
1662 2006 1811 2040 legatariis,

1027 2062 1107 2089 quam
1123 2053 1239 2085 crs-teris,
1254 2052 1299 2086 qui
1322 2053 1356 2079 ob
1380 2052 1449 2079 alias
1472 2059 1568 2079 causas
1584 2051 1679 2079 adesse
1704 2053 1811 2085 debent,

1027 2100 1126 2128 solidus
1135 2107 1206 2127 unus
1226 2098 1397 2133 prtestabitur
1411 2106 1418 2130 ;
1433 2097 1522 2132 primo
1538 2101 1628 2124 autem
1639 2097 1812 2130 cancellario,

1028 2153 1096 2173 unus
1109 2146 1172 2173 item
1195 2144 1308 2176 solidus,
1326 2148 1353 2171 et
1371 2143 1475 2170 duobus
1489 2143 1612 2175 notariis,
1624 2142 1750 2170 dimidius
1767 2150 1813 2170 so-

1028 2193 1108 2220 lidus.
1127 2191 1202 2225 Quod
1216 2190 1239 2218 si
1255 2189 1410 2225 patrimonii
1425 2196 1530 2217 summa
1555 2189 1643 2215 minor
1654 2189 1688 2216 sit
1706 2188 1812 2216 duabus

189 2238 237 2272 τῆς
252 2237 438 2267 ὑποστάσεως,
453 2235 690 2270 ὑπεξαιρουμένης
706 2234 798 2269 μέντοι
820 2236 867 2268 τῆς
890 2234 972 2268 τιμῆς

1028 2239 1114 2270 libris,
1136 2242 1249 2272 excepto
1274 2241 1363 2263 tamen
1395 2236 1485 2271 pretio
1513 2235 1728 2270 mancipiorum,
1755 2242 1815 2269 quae

189 2283 243 2309 τῶν
259 2282 324 2313 ῐσως
339 2281 582 2317 ἐλευθερουμένων,
599 2282 666 2307 πᾶσι
681 2281 788 2311 τούτοις
805 2279 973 2314 παρέχεσθαι

189 2326 312 2362 νρμισμα
321 2325 350 2352 ἓν
361 2345 368 2352 .
377 2325 439 2352 Ἐὰν
452 2326 480 2352 δὲ
495 2325 530 2352 τὰ
541 2325 639 2352 ἑκατὸν
651 2326 804 2360 νομίσματα
815 2325 894 2359 μόνον
909 2325 975 2351 ἁπο-

192 2372 347 2407 συνάγιται,
361 2370 443 2407 μηδὲν
458 2370 586 2398 δίδοσθαι.
600 2370 649 2397 Διά
672 2370 704 2406 δὴ
716 2370 813 2403 ταῦτα,
838 2369 888 2396 κᾶν
905 2368 975 2404 ὑπὲρ

191 2417 241 2448 τὰς
256 2418 329 2453 τρεῖς
344 2416 438 2452 λίτρας
461 2416 517 2452 ἔχει
531 2417 566 2443 τὰ
579 2416 628 2451 τῆς
642 2415 808 2451 περιουσίας,
826 2412 877 2441 ὦσι
890 2415 918 2441 δὲ
941 2415 975 2441 τά

191 2462 412 2498 κληρονομοῦντα
437 2463 570 2497 πρόσωπα
598 2461 708 2493 ἀτελοῦς
736 2461 854 2497 ἡλικίας,
886 2461 902 2496 ἢ
929 2460 976 2487 καὶ

190 2508 264 2543 χήρα
285 2507 403 2544 μήτηρῆ
418 2507 519 2544 μάμμη
540 2507 808 2543 συγκληρονομοῦσα›
829 2506 885 2533 ὅσοι
911 2506 974 2533 τού·

188 2562 245 2579 των
274 2553 382 2580 ἑλαττον
409 2553 507 2580 ἑκατὸν
527 2553 704 2588 νομισμάτων
731 2554 763 2579 ὲκ
794 2552 841 2579 τοῦ
874 2552 976 2587 κλήρου

190 2599 386 2634 ἀποφέρονται,
412 2599 498 2634 μηδὲν
519 2599 619 2631 αὐτοὺς
641 2599 779 2625 συντελεῖν
796 2599 836 2630 εἰς
850 2600 901 2632 τὴν
929 2607 976 2624 τε-

188 2645 356 2681 τυπωμένην
384 2645 539 2680 συνήθειαν,
557 2645 615 2672 ἀλλ’
634 2645 667 2671 ἐκ
684 2645 734 2680 τῆς
757 2644 872 2679 ἀλλαχοῦ
898 2645 978 2671 ίπου-

188 2691 290 2727 δήποτε
314 2691 507 2726 ἀφορισθείσης
539 2692 699 2726 περιουσίας
721 2691 792 2726 ὑπὲρ
818 2691 852 2717 τὰ
881 2690 979 2716 ἑκατὸν

187 2737 347 2772 νομίσματα
364 2737 551 2772 συναγομένης
565 2737 595 2764 τὸ
612 2737 800 2773 προδιορισθὲν
814 2736 896 2763 ποσὸν
914 2737 979 2762 ἀνα-

187 2783 278 2818 λόγως
293 2783 365 2810 κατά
377 2783 689 2820 τὴννπρογεγραμμένην
722 2783 900 2810 ὑποτύπωσιν
927 2792 978 2810 κα-

190 2827 384 2856 ταϐάλλεσθαι.
409 2819 439 2855 ’ό
451 2828 479 2855 δὲ
495 2829 690 2864 περισσότερον
711 2829 767 2863 τῶν
793 2829 979 2864 διωρισμένων

186 2873 264 2910 λόγῳ
278 2873 481 2904 tumemus»;
497 2874 634 2909 ἀπαιτῶν,
648 2874 680 2902 τὸ
691 2874 821 2910 τριπλοῦν
832 2869 989 2902 ἀποδώσει(

1027 2283 1097 2312 forte
1117 2283 1362 2315 manumittuntur;
1377 2282 1503 2309 omnibus
1519 2281 1594 2308 hisce
1616 2281 1718 2308 solidus
1739 2289 1811 2307 unus

1028 2329 1210 2363 praestabitur.
1224 2327 1252 2354 Si
1277 2334 1343 2354 vero
1371 2331 1479 2353 centum
1508 2326 1640 2354 duntaxat
1665 2326 1813 2353 solidorum

1031 2381 1135 2400 summa
1161 2374 1277 2408 cogitur,
1304 2372 1372 2400 nihil
1397 2374 1485 2400 detur.
1511 2372 1680 2408 Quapropter
1707 2373 1813 2400 etiamsi

1029 2418 1218 2453 patrimonium
1229 2426 1309 2452 supra
1323 2422 1379 2445 tres
1388 2418 1472 2446 libras
1486 2418 1634 2453 contineat,
1649 2426 1681 2445 ac
1695 2418 1815 2445 ham-des

1029 2464 1116 2491 anatis
1128 2465 1241 2490 necdum
1254 2463 1352 2490 adultae
1363 2463 1428 2496 sint,
1443 2467 1471 2491 et
1484 2468 1569 2491 mater
1582 2464 1671 2496 vidua,
1680 2463 1722 2489 vel
1745 2463 1814 2493 ut‘ia,

1030 2509 1110 2537 simul
1124 2508 1305 2535 hereditatem
1321 2508 1438 2542 adeant;
1455 2509 1608 2543 quicunque
1619 2508 1714 2535 horum
1727 2508 1815 2533 minus

1030 2558 1138 2582 centum
1153 2554 1246 2581 solidis
1273 2561 1305 2581 ex
1324 2554 1483 2582 hmreditate
1510 2558 1699 2589 perceperunt,
1719 2553 1736 2579 ii
1749 2554 1814 2578 nihil

1009 2600 1141 2631 .sancita:
1165 2599 1368 2627 consuetudinis
1396 2600 1506 2628 nomine
1540 2599 1697 2631 c0uferant;
1721 2599 1766 2625 sed
1782 2605 1814 2624 ex

1031 2646 1174 2674 destinatis
1195 2645 1249 2673 alio
1263 2646 1351 2678 bonis,
1368 2652 1529 2681 quocunque
1548 2645 1657 2673 tandem
1674 2643 1701 2671 id
1720 2643 1813 2675 luerit;

1032 2699 1091 2726 quae
1110 2698 1241 2717 suinmam
1261 2691 1408 2717 solidorum
1421 2695 1529 2718 centum
1551 2693 1689 2724 superant,
1707 2688 1817 2722 quanti-

1032 2741 1074 2763 tas
1096 2736 1141 2763 illa
1170 2736 1245 2770 prius
1269 2736 1390 2770 deﬁnita,
1411 2743 1460 2771 pro
1481 2739 1538 2762 rata
1557 2738 1643 2768 parte,
1669 2734 1815 2761 secundum

1034 2781 1147 2808 fortnam
1163 2785 1242 2808 antea
1270 2780 1446 2815 descriptam,
1472 2779 1603 2807 solvetur.
1616 2778 1692 2812 Quod
1717 2778 1740 2806 si
1755 2778 1816 2813 quis

1033 2826 1159 2861 amplius,
1186 2833 1266 2861 quam
1285 2829 1415 2855 statutum
1428 2829 1480 2860 est,
1500 2823 1681 2861 sportularum
1707 2825 1815 2852 nomine

1034 2872 1135 2908 exigat,
1151 2871 1261 2907 triplum
1278 2871 1373 2901 solvet.
