4056 6210
401 246 502 312 581

1499 240 1862 302 NOVELLfE
1899 238 2580 299 CONSTITUTIONES.

3557 243 3663 306 58?:

397 362 742 435 στράτευμα,
772 351 846 414 ῶν
879 356 1107 428 οὕτωςῆ
1142 357 1346 424 ἑτέρως
1373 358 1610 428 ἐχόντων
1641 357 1857 426 ἀνάγκη
1887 356 1978 409 καὶ

2084 355 2357 408 exercitus
2387 354 2437 407 in
2471 354 2766 422 republica.
2795 353 2923 419 Quae
2963 354 3070 409 duo
3095 354 3139 410 si
3169 365 3336 422 recte,
3377 359 3456 410 vel
3485 365 3663 413 secius

397 457 460 509 τὸ
495 455 601 508 πᾶν
642 449 1230 522 συμμεταϐάλλεσθαι,
1267 449 1361 501 καὶ
1411 448 1470 511 ὃς
1535 449 1614 519 μὴν
1663 449 1837 503 ταῦτα
1881 449 1984 501 ὑπὸ

399 545 602 614 πολλὴν
657 542 866 595 τίθεται
907 540 1166 610 πρόνοιαν
1190 579 1204 603 ,
1253 539 1382 608 περὶ
1422 539 1518 610 τὴν
1553 539 1760 594 οἰκείαν
1813 539 1978 606 σφάλο

399 639 548 691 λεται
617 631 936 703 σωτηρίαν,
1007 629 1168 700 είπερ
1229 629 1436 682 οἰκείαν
1492 629 1699 684 οἴεσθαι
1762 628 1868 700 χρὴ
1923 629 1983 681 τὸ

400 728 601 782 κοινόν.
645 725 755 777 Καὶ
806 721 996 792 ἐπειδὴ
1042 721 1122 790 τῷ
1172 722 1347 793 χρόνῳ
1385 723 1453 776 τὰ
1480 722 1589 775 τῶν
1636 722 1982 793 στρατιωτῶν

368 803 859 888 ἀρῤωστήσαντα,
890 810 1014 864 ὃθεν
1045 810 1229 873 αὐτοῖς
1255 811 1347 863 καὶ
1390 812 1422 879 ἡ
1457 811 1551 864 τοῦ
1579 806 1720 864 εἶναι
1759 813 1852 864 καὶ
1883 811 1981 883 ζῇν

401 907 613 978 προσῆν
643 903 892 975 ἀφορμὴ,
920 903 1055 975 πρὸς
1090 903 1152 955 τὸ
1189 901 1571 973 χαλεπώτερον
1607 903 1976 966 ὲναπέκλινον,

400 999 434 1066 ή
466 997 529 1048 ὲκ
547 995 684 1049 Θεοῦ
714 993 962 1064 βασιλεία
989 991 1144 1063 ἡμῶν
1172 992 1308 1063 πρὸς
1336 993 1395 1046 τὸ
1416 993 1671 1046 εύεκτοῦν
1700 995 1791 1046 καί.
1822 996 1982 1064 ἀμει·

404 1088 616 1159 νότερον
646 1085 820 1140 ταῦτα
852 1085 1181 1156 μετήνεγκε,
1217 1084 1403 1155 κοινὴν
1447 1084 1527 1156 τῷ
1556 1086 1720 1139 παντὶ
1751 1102 1980 1156 χαρισα-

407 1175 538 1244 μένη
574 1175 671 1244 τὴν
703 1173 1046 1226 λυσιτέλειαν
1059 1217 1072 1231 .

471 1354 537 1401 α’.
599 1345 943 1411 Θεσπίζομεν
983 1345 1164 1399 τοίνυν
1213 1345 1346 1400 αὐτὸ
1396 1344 1460 1417 δή
1517 1345 1712 1412 τοῦτο,
1770 1347 1906 1419 ὅπερ
1945 1349 1979 1418 ή

403 1439 662 1509 συνήθεια
689 1437 957 1508 ἀγράφως
999 1431 1189 1507 πρώην
1222 1435 1484 1507 ἐκύρωσε,
1527 1437 1601 1507 μὴ
1633 1437 1830 1503 ἐξεῖναι
1869 1441 1977 1502 τοῖς

403 1531 764 1602 στρατιώταις
810 1532 876 1585 τὰ
923 1529 984 1596 ἐξ
1024 1524 1098 1586 ὧν
1137 1531 1194 1583 αἰ
1248 1535 1526 1601 στρατεῖαι
1583 1531 1980 1604 ύπηρετοῦνται

399 1625 658 1693 κτήματα
708 1622 1030 1687 διαπωλεῖν,
1085 1622 1466 1693 συντηρεῖσθαι
1515 1622 1572 1674 δὲ
1617 1623 1698 1686 εἰς
1743 1624 1979 1695 ἑκάστην

2089 445 2279 517 arrecta
2311 448 2462 498 sint:
2505 461 2728 503 necesse
2775 455 2857 500 est
2899 461 3020 501 cum
3069 449 3150 503 eis
3198 452 3394 505 mutari
3455 455 3660 508 omnia.

2086 537 2263 605 Atque
2307 535 2392 589 his
2422 539 2512 603 qui
2569 554 2758 608 magna
2786 555 2918 593 cura
2950 555 3052 594 non
3079 541 3360 611 prospicit,
3401 542 3468 600 de
3490 545 3665 607 salute

2057 639 2186 698 sua
2217 625 2555 694 periclitatur
2580 645 2593 680 :
2619 628 2850 692 simodo
2880 645 3038 685 suum
3080 632 3428 688 exsistimare
3472 634 3660 698 debet,

2083 716 2224 785 quod
2262 715 2536 785 publicqu
2565 725 2667 771 est.
2699 705 2782 772 Et.
2810 720 3064 788 quOniam
3089 721 3346 789 paulatim
3397 739 3484 779 res
3514 725 3660 780 mili-

2087 819 2194 862 tum
2226 808 2558 873 laborantes,
2610 825 2719 864 una
2753 811 2962 866 scilicet
2999 815 3128 882 ipsis
3169 823 3223 869 et
3266 815 3562 871 exsistendi
3607 828 3664 871 ct

2084 899 2362 954 victitandi
2414 902 2740 971 suppetebat
2783 905 3183 972 opportunitas,
3232 907 3286 960 in
3327 908 3654 965 deteriorem

2081 1006 2147 1046 ac
2182 991 2538 1046 diliiciliorem
2567 993 2936 1048 conditionem
2965 994 3304 1052 deﬂexertmt
3329 1018 3342 1053 :
3363 1001 3657 1055 constituta

2082 1081 2345 1136 divinitus
2369 1084 2624 1152 majestas
2651 1093 2836 1138 nostra
2864 1085 2929 1139 ad
2971 1095 3173 1140 statum
3201 1088 3314 1142 haec
3346 1099 3491 1144 recte
3514 1106 3661 1145 com-

2083 1183 2328 1241 paratum
2361 1182 2414 1227 et
2443 1173 2758 1238 meliorem,
2800 1175 3016 1244 publico
3048 1176 3221 1246 ipsam
3269 1182 3656 1250 rempublicam

2052 1265 2374 1318 .commodo
2418 1264 2688 1330 afﬁciens,
2725 1267 2990 1321 traduxit.

2154 1354 2205 1408 1.
2263 1353 2549 1410 Sancimus
2604 1356 2767 1426 igitur
2818 1356 2891 1420 id,
2955 1357 3098 1426 quod
3159 1357 3272 1428 ipsa
3326 1365 3660 1416 consuetudo

2075 1444 2396 1513 jamduduut
2431 1446 2566 1501 citra
2617 1449 2946 1517 scripturam
2990 1450 3352 1516 conﬁrmavit,
3407 1468 3472 1507 ne
3514 1455 3660 1508 mili-

2083 1539 2226 1593 tibus
2259 1553 2320 1592 ea
2361 1539 2579 1609 prazdia,
2611 1544 2674 1593 de
2703 1541 2901 1609 quibus
2944 1541 3152 1596 militia:
3171 1542 3479 1599 functiones
3507 1545 3660 1598 exbi-

2081 1629 2296 1696 bentur,
2335 1630 2644 1685 distrahere
2695 1631 2891 1694 liceat;
2918 1633 3011 1686 sed
3051 1633 3116 1686 ad
3149 1635 3450 1702 quamlibet
3516 1636 3658 1690 mili-

400 1715 708 1782 στρατείαν,
762 1714 973 1768 ἰππέων
1018 1714 1117 1784 μὲν
1154 1713 1409 1784 ἀκίνητον
1462 1713 1654 1784 κτῆσιν
1696 1714 1739 1768 δ’
1780 1693 1978 1786 λιτρῶν

2085 1719 2232 1785 tiam,
2262 1720 2506 1789 equitum
2543 1720 2760 1790 quidem
2795 1723 3068 1791 possessio
3096 1724 3148 1777 in
3188 1724 3352 1778 rebus
3375 1726 3474 1780 soli
3527 1741 3662 1781 cnn-

399 1807 655 1879 ὓπαρξιν·
692 1805 771 1870 οἷς
819 1806 1168 1877 ἀριθμεῖσθαι
1222 1806 1520 1877 κελεύομεν
1570 1807 1662 1861 καὶ
1705 1807 1832 1870 τοὺς
1887 1807 1981 1861 ἐπὶ

397 1899 492 1950 τὸν
527 1898 709 1951 στόλον
733 1898 1205 1968 ἀποτεταγμένους
1229 1898 1507 1968 πλωΐμους
1535 1898 1629 1951 τοῦ
1655 1915 1714 1951 τε
1754 1900 1979 1967 Αἰγαίου

402 1990 672 2058 πελάγους
725 1990 819 2043 καὶ
867 1990 967 2060 τῆς
1019 1991 1202 2061 Σάμου
1245 1991 1340 2044 καὶ
1383 1991 1489 2044 τῶν
1529 1991 1977 2064 Κιϐυρραιωτῶν·

405 2082 714 2134 αὐτόστολοι
767 2081 876 2152 γάρ
941 2083 1036 2135 καί⁵
1081 2077 1224 2136 οὗτοι
1281 2083 1374 2136 καὶ
1425 2083 1717 2154 αὐτερέται
1761 2083 1982 2155 βαρείας

413 2174 624 2240 μετιᾶσι
646 2173 741 2236 τὰς
772 2172 1098 2244 ὑπηρεσίας.
1132 2173 1255 2238 Τοῖς
1287 2174 1343 2228 δὲ
1373 2174 1439 2227 τὰ
1473 2173 1726 2244 βασιλικά
1759 2175 1982 2245 πλώῖμα

412 2267 504 2318 ἐπὶ
550 2267 737 2336 ρόγαις
780 2267 1245 2338 ύπηρετουμένοις
1297 2266 1392 2320 καὶ
1427 2270 1539 2330 τοῖς
1567 2267 1776 2332 λοιποῖς
1814 2269 1981 2322 πλωϊ-

407 2376 528 2426 μοις
574 2359 674 2428 ἤδη
703 2359 797 2412 νῦν
843 2360 1148 2430 ἐκράτησεν
1198 2359 1262 2410 ἐκ
1319 2359 1607 2429 συνηθείας
1652 2359 1744 2412 δύο
1785 2359 1983 2430 λιτρῶν

405 2452 484 2512 εἰς
519 2451 752 2520 ἑκάστην
814 2452 1101 2522 στρατείαν
1148 2449 1403 2520 ἀκίνητον
1450 2450 1808 2514 διασώζεσθαι
1849 2452 1982 2523 κτῆ-

407 2557 510 2607 σιν,
541 2540 568 2592 ὃ
594 2543 689 2594 καί⁸
718 2543 847 2612 ἡμῖν
871 2542 1180 2613 ἀρκούντως
1213 2542 1359 2612 ἔχειν
1389 2541 1556 2595 δοκεῖ.
1587 2543 1647 2594 Εἰ
1669 2542 1771 2610 μὲν
1801 2538 1896 2596 οὗν
1925 2543 1983 2594 ἐν

405 2629 639 2702 τοσαύτῃ
671 2631 915 2702 ἀκινήτῳ
962 2632 1152 2702 κτήσει
1181 2627 1287 2684 εἶεν
1321 2631 1369 2683 oi
1403 2631 1460 2682 ἐν
1494 2631 1782 2700 ἑκατέραις
1821 2649 1982 2703 στρα-

406 2721 577 2783 τείαις
611 2719 1062 2790 κατειλεγμένοι,
1109 2722 1201 2776 καὶ
1250 2719 1472 2786 σώζοιεν
1526 2721 1735 2791 ταύτην
1792 2739 1984 2792 συντη-

412 2809 630 2880 ροῦντες
666 2811 1061 2880 ἀνεκποίητον,
1116 2813 1210 2865 καὶ
1260 2811 1687 2883 παραπέμποιεν
1738 2815 1817 2876 εἰς
1859 2815 1983 2877 τοὺς

411 2904 673 2968 φυσικοὺς
704 2902 1070 2973 κληρονόμους
1103 2902 1227 2956 καθ’
1256 2902 1314 2957 ὃν
1349 2903 1416 2956 ἂν
1457 2902 1731 2972 βούλοιντο
1754 2905 1983 2974 νόμιμον

2083 1811 2292 1875 stituta,
2351 1812 2620 1879 ejusmodi
2681 1825 3063 1878 conservetur,
3109 1821 3165 1867 ut
3225 1827 3458 1884 quatuor
3490 1817 3659 1872 libras

2081 1912 2278 1971 azquet.
2301 1902 2512 1968 Quibus
2542 1906 2891 1958 annumerari
2940 1905 3194 1974 jubentus
3235 1918 3290 1963 et
3327 1909 3656 1972 classiarios.

2083 1992 2148 2045 ad
2171 1992 2402 2058 classem
2433 1990 2734 2056 ordinatos,
2765 2003 2873 2048 tam
2891 1993 3060 2065 Egaci
3093 1998 3274 2061 maris,
3296 2014 3453 2068 quam
3488 2000 3655 2066 Sami,

2082 2090 2135 2134 et
2171 2080 2686 2152 Cibyrrhaeotarum.
2721 2079 2857 2136 Nam
2887 2097 3012 2137 cum
3075 2083 3129 2137 bi
3181 2093 3233 2138 et
3299 2087 3660 2154 personaIite-r

2082 2172 2274 2229 adesse
2329 2173 2507 2250 classi,
2567 2185 2622 2230 et
2684 2175 2916 2245 remiges
2939 2175 3154 2243 ipsimet
3189 2192 3310 2233 esse
3354 2190 3655 2249 cogantur:

2083 2264 2390 2320 l'unctiones
2411 2281 2542 2322 sane
2567 2281 2727 2336 quam
2753 2282 2945 2338 graves
2984 2267 3204 2322 obeunt.
3242 2272 3308 2324 At
3338 2271 3392 2325 in
3435 2271 3518 2336 iis,
3565 2275 3657 2342 qui

2083 2358 2369 2427 stipendiis
2425 2358 2686 2427 acceptis,
2743 2374 2937 2430 operas
2976 2360 3343 2430 imperatoriis
3393 2364 3659 2420 classibus

2083 2447 2364 2513 exhibent,
2392 2456 2448 2501 et
2481 2448 2533 2502 in
2559 2448 2857 2522 classiariis
2879 2453 3110 2517 caeteris,
3158 2469 3219 2507 ex
3256 2457 3657 2510 consuetudine

2080 2537 2405 2606 jampridem
2439 2538 2694 2604 obtinuit,
2740 2542 2870 2596 utin
2909 2542 3151 2614 singulas
3191 2543 3498 2601 functiones
3550 2548 3655 2601 mi-

2084 2629 2269 2684 litares
2290 2639 2540 2684 servetur
2572 2631 2626 2684 itt
2661 2631 2824 2686 rebus
2848 2632 2945 2686 soli
2989 2637 3279 2690 consututa
3325 2637 3547 2692 duarum
3588 2640 3656 2693 li-

2087 2721 2301 2773 brarum
2326 2721 2619 2788 possessio,
2656 2721 2798 2790 quod
2831 2724 2984 2777 nobis
3003 2725 3329 2782 etiam'satis
3357 2743 3479 2782 esse
3511 2729 3658 2783 Vidu-

2087 2821 2191 2866 tur.
2217 2812 2486 2877 Quantum
2522 2827 2651 2868 sane
2685 2811 2740 2868 in
2772 2815 2943 2869 rebus
2971 2815 3070 2869 soli
3097 2815 3142 2869 si
3173 2819 3504 2885 possideant,
3562 2823 3654 2890 qui

2083 2909 2395 2959 a‘tcrntram
2426 2905 2618 2958 harum
2648 2905 2895 2960 militiam
2941 2907 3168 2971 obeunt,
3206 2910 3370 2980 idque
3398 2911 3499 2967 sibi
3539 2928 3657 2967 ser-

408 2993 648 3060 τρόπον,
701 2994 840 3063 μετά
879 2993 971 3047 τοῦ
1019 2996 1220 3046 οἰκείου
1273 2993 1524 3063 μέντοιγε
1577 2994 1816 3065 βάρους,
1870 2995 1978 3070 εἴτε

2087 3003 2212 3048 vent
2236 2998 2369 3048 citra
2402 2995 2560 3047 ullam
2593 2994 2999 3062 alienationem,
3026 3006 3080 3051 et
3108 2999 3173 3052 ad
3207 2999 3450 3055 baeredes
3485 3011 3649 3056 natu-

406 3084 682 3148 κατιόντες
711 3081 819 3138 εἶεν
853 3086 988 3156 πρὸς
1015 3085 1107 3148 οὒς
1138 3085 1625 3156 παραπέμπονται,
1657 3087 1766 3138 εἴτε
1801 3084 1981 3138 ἀνιόν-

403 3189 519 3239 τες,
557 3176 667 3228 εῑτε
717 3179 780 3228 ὲκ
813 3176 1076 3245 πλαγίου,
1111 3178 1222 3231 εἴτε
1269 3176 1329 3241 ἐξ
1376 3175 1660 3230 ἀδιαθέτου
1699 3177 1983 3246 ἰσοκληρία

404 3267 546 3321 τισὶν
574 3267 830 3339 ἁρμόσει,
863 3270 976 3323 εἴτε
1026 3269 1135 3323 ἀπὸ
1167 3268 1431 3339 διαθήκης
1465 3269 1523 3334 ἐξ
1569 3269 1769 3321 ἀνίσων
1801 3268 1981 3339 μερῶν

404 3357 628 3419 εἰκότως
672 3355 953 3428 κληθεῖεν,
1022 3359 1235 3429 γνήσιοι
1293 3357 1326 3427 ἣ
1383 3357 1604 3427 φυσικοὶ
1648 3359 1679 3425 ἢ
1735 3357 1982 3421 ὲξωτικοὶ

406 3451 638 3517 παγανοὶ
684 3449 1011 3521 κληρονόμοι
1046 3450 1193 3521 (τοὺς
1239 3449 1644 3521 ἀξιωματικοὺς
1672 3448 1779 3519 γὰρ
1819 3449 1979 3503 παντὶ

403 3541 591 3611 τρόπῳ
639 3542 1003 3612 ἀποκλείομεν
1049 3542 1185 3613 πρὸς
1236 3541 1332 3605 τὰς
1383 3542 1639 3604 τοιαύτας
1685 3541 1979 3612 διαδοχὰς),

405 3633 496 3684 καὶ
539 3633 680 3686 κατὰ
725 3633 1018 3701 ἀναλογίαν
1056 3633 1150 3688 τοῦ
1196 3633 1422 3706 κέρδους
1469 3635 1568 3704 τῆς
1617 3634 1982 3706 κληρονομίας

402 3724 627 3777 ἔπεσθαι
676 3725 976 3796 όριζόμεθα
1030 3726 1126 3779 καὶ
1169 3727 1231 3778 τὸ
1287 3725 1453 3797 βάρος
1497 3726 1597 3795 τῆς
1645 3724 1978 3788 συντελείας.

405 3815 640 3885 Κινητήν
673 3816 729 3869 δὲ
777 3816 839 3869 οὐ
890 3817 1371 3888 περιεργαζόμεθα
1415 3816 1685 3888 ὓπαρξιν,
1746 3816 1863 3870 ἀλλ’
1919 3817 1979 3869 ὲν

403 3911 620 3982 ἐξουσίᾳ.
667 3911 802 3982 αὕτη
844 3911 1083 3966 κείσεται
1130 3911 1221 3966 τοῦ
1268 3914 1649 3982 κεκτημένου,
1692 3915 1743 3965 εἰ
1794 3913 1978 3983 μήπού

404 4001 544 4052 κατά
574 4002 707 4054 πολὺ
753 4005 785 4072 ή
823 4003 1078 4070 ἀκίνητος
1132 4001 1494 4056 ἐλαττοῦται·
1539 4003 1658 4056 δέον
1708 4003 1816 4074 γὰρ
1856 4003 1977 4056 τότε

405 4092 597 4162 ἀνδρὸς
638 4093 845 4161 ἀγαθοῦ
885 4094 1184 4165 δοκιμασίᾳ
1214 4094 1274 4148 τὺ
1301 4093 1518 4158 ἐλλιπὲς
1565 4095 1664 4164 τῆς
1713 4095 1976 4164 ἀκινήτου

401 4185 466 4234 ἐκ
510 4183 618 4235 τῶν
668 4184 904 4255 κινητῶν
947 4184 1417 4255 ἀναπληροῦσθαι.
1443 4186 1506 4238 Εἰ
1530 4185 1586 4238 δὲ
1612 4187 1669 4238 ἐν
1692 4185 1979 4257 περιουσίᾳ

402 4275 614 4327 πολλῶν
668 4277 940 4348 ἀκινήτων
984 4279 1011 4329 ὁ
1059 4275 1399 4348 στρατιώτης
1453 4276 1805 4346 καθεστήκοι,
1836 4277 1976 4332 ὥστε

2086 3086 2222 3140 rales
2251 3086 2641 3151 transmittant,
2663 3101 2986 3156 quocunque
3004 3089 3164 3144 modo
3184 3090 3427 3161 legitimo
3465 3094 3654 3149 vulne-

2084 3178 2214 3243 rint,
2250 3191 2374 3231 cum
2403 3192 2568 3232 onere
2605 3188 2782 3232 tamen
2808 3193 2943 3245 suo;
2998 3179 3112 3233 sive
3141 3180 3294 3236 liberi
3325 3198 3390 3238 ac
3425 3186 3652 3242 descen-

2081 3270 2271 3325 dentes
2306 3269 2436 3333 sint,
2466 3270 2531 3324 ad
2555 3286 2688 3339 quos
2733 3271 3130 3338 transmittunt,
3176 3273 3290 3329 sive
3319 3288 3573 3345 parentes
3602 3289 3656 3333 et

2080 3361 2434 3417 ascendentes
2477 3361 2592 3417 sive
2648 3378 2716 3416 ex
2755 3371 3102 3430 transverso;
3146 3363 3258 3419 sive
3287 3365 3356 3420 ab
3397 3367 3660 3423 intestato

2079 3453 2401 3522 quibusdam
2427 3452 2701 3522 portiones
2737 3453 2974 3522 aequales
2999 3461 3331 3524 competant,
3373 3458 3490 3512 sive
3537 3459 3650 3513 for-

2082 3544 2242 3599 tassis
2291 3543 2360 3598 ab
2411 3542 2763 3613 inaequalibus
2814 3545 3154 3612 portionibus
3197 3561 3263 3600 ex
3324 3557 3652 3604 testamento

2079 3645 2362 3699 vocentur,
2395 3636 2504 3699 sui,
2539 3637 2620 3689 vel
2672 3635 2964 3701 naturales,
3000 3637 3082 3691 vel
3133 3639 3375 3694 extranei
3410 3645 3653 3712 paganici

2079 3726 2321 3781 bmredes
2350 3744 2364 3780 :
2409 3727 2552 3797 (nam
2588 3727 2640 3780 in
2673 3727 2940 3796 dignitate
2966 3729 3291 3783 constitutos
3319 3734 3462 3785 omni
3490 3735 3654 3788 modo

2079 3817 2146 3871 ab
2175 3816 2486 3885 bujusmodi
2539 3818 2976 3871 successionibus
3036 3819 3394 3889 excludimus)
3463 3832 3522 3876 ut
3561 3841 3655 3891 pro

2077 3917 2193 3963 rata
2229 3907 2385 3969 lucri.
2411 3922 2477 3962 ex
2513 3908 2828 3962 haereditate
2871 3910 3264 3977 provenientis,
3310 3912 3474 3965 etiam
3527 3914 3651 3967 fitti-

2076 3999 2271 4055 ctionis
2307 4012 2444 4052 unus
2499 4005 2781 4066 sequatur.
2833 3996 2908 4051 De
2939 3997 3096 4053 bouis
3128 4009 3311 4053 autem
3359 4003 3653 4058 mobilibus

2077 4091 2210 4146 nihil
2236 4091 2450 4145 curiose
2471 4089 2781 4151 statuimus,
2808 4090 2899 4143 sed
2944 4099 3105 4143 erunt
3135 4090 3252 4144 haec
3300 4091 3352 4144 in
3386 4103 3653 4161 potestate

2076 4182 2440 4256 possidentis:
2467 4179 2574 4235 nisi
2603 4180 2744 4235 forte
2777 4181 3009 4246 accidat,
3043 4190 3102 4235 ut
3126 4197 3305 4236 rerum
3330 4183 3429 4238 soli
3461 4201 3649 4258 magna

2078 4276 2216 4332 facta
2245 4275 2314 4330 sit
2341 4273 2670 4328 imminutio.
2726 4270 2878 4327 Tunc
2924 4272 3069 4326 enim
3099 4274 3325 4329 arbitrio
3381 4275 3480 4328 viri
3525 4278 3649 4330 boni

405 4366 547 4418 κατὰ
596 4367 729 4420 πολὺ
765 4369 861 4439 τὴν
901 4367 1118 4422 δικαίαν
1169 4368 1519 4439 ὑπερϐαίνειν
1565 4369 1880 4437 ποσότητα,
1927 4371 1976 4424 εἰ

2081 4367 2222 4438 quod
2257 4367 2308 4420 in
2334 4369 2491 4420 rebus
2520 4364 2622 4420 soli
2646 4364 2958 4420 constitutae
2988 4365 3314 4432 possessioni
3366 4367 3535 4431 deest,
3580 4369 3646 4422 de

404 4459 499 4524 μὲν
533 4456 748 4511 ἅπαντα
782 4460 838 4512 έν
877 4461 988 4522 τοῖς
1027 4463 1439 4531 στρατιωτικοῖς
1480 4461 1700 4526 κώδιξιν
1721 4462 1974 4534 ἀπογρά-

399 4565 612 4614 φονται,
638 4548 714 4620 μὴ
740 4549 1002 4604 δύνασθαι
1027 4553 1164 4623 μήτε
1188 4552 1364 4607 ταῦτα
1398 4553 1536 4623 μήτε
1563 4556 1628 4607 ὲκ
1657 4553 1862 4608 τούτων
1883 4555 1975 4608 τὸν

403 4644 741 4714 στρατιώτην
780 4646 1090 4712 διαπωλεῖν,
1131 4646 1232 4700 κᾶν
1278 4646 1520 4715 μείζονος
1561 4643 1672 4700 εῖεν
1698 4647 1974 4717 ἠξιωμένα

399 4736 563 4806 τιμῆς
599 4736 666 4788 τὰ
719 4737 1255 4807 περιλιμπανόμενα·
1299 4737 1496 4806 μᾶλλον
1524 4737 1580 4789 δὲ
1615 4737 1690 4808 μὴ
1715 4738 1974 4792 δύνασθαί

399 4845 518 4880 τινα
541 4829 606 4881 ὲκ
627 4829 832 4883 τούτων
871 4830 1192 4901 ἀγοράζειν,
1215 4831 1310 4883 καὶ
1336 4829 1576 4899 μάλιστα
1612 4829 1974 4900 περίϐλεπτον

399 4917 433 4990 ἢ
462 4919 830 4989 ἀξιωματικὸν
856 4922 887 4992 ἦ
918 4921 1322 4993 μητροπολίτην
1353 4922 1385 4992 ἢ
1419 4921 1776 4992 ἐπίσκοπονῆ
1806 4938 1973 4990 μονα-

401 5009 620 5078 στήριον
676 5011 710 5081 ἢ
758 5011 947 5082 ἕτερον
1005 5011 1095 5064 τὸν
1149 5012 1462 5083 οἱονδήποτε
1508 5011 1682 5081 εὐαγῆ
1739 5007 1888 5064 οἷκον
1921 5011 1970 5083 ίῆ

397 5097 664 5170 δυνάστην
719 5102 883 5172 μέχρι
921 5102 1209 5174 σχολαρίου
1233 5143 1249 5168 ,
1297 5103 1542 5168 εἰδότας,
1586 5103 1660 5166 ώς
1690 5102 1789 5155 οὐκ
1821 5101 1973 5154 ἔσται

398 5190 583 5254 αὐτοῖς
600 5192 730 5262 περὶ
752 5193 859 5246 τῶν
882 5195 1211 5264 τιμημάτων
1250 5196 1460 5265 ἀγωγὴ,
1485 5194 1599 5249 ἀλλ’
1627 5194 1745 5247 οὐδὲ
1782 5195 1809 5246 ὁ
1847 5194 1975 5263 περὶ

396 5280 504 5330 τῶν
527 5281 933 5354 δαπανημάτων
962 5285 1140 5352 λόγος,
1179 5285 1350 5354 κᾶνβί
1382 5285 1594 5355 τύχοιεν
1637 5285 1805 5338 πολλὰ
1845 5303 1976 5338 κατ-

394 5368 738 5436 αναλωκότες
753 5374 832 5434 εἰς
847 5374 1159 5442 φιλοπονίαν
1170 5373 1276 5426 τῶν
1289 5375 1500 5445 ήγορασ
1507 5374 1700 5443 μένων·
1716 5373 1972 5444 λήψονται

397 5461 652 5530 μέντοιγε
691 5463 790 5526 τὰς
835 5463 968 5529 ὔλας
997 5464 1197 5526 αὐτῶν,
1230 5468 1369 5535 μετά
1407 5464 1500 5518 τοῦ
1535 5466 1607 5534 μή
1637 5465 1832 5533 βλάψαι
1874 5465 1973 5535 τὴν

395 5555 670 5624 προτέραν
699 5557 1052 5610 κατάστασιν.
1080 5558 1140 5609 Εἰ
1163 5557 1206 5608 δ’
1233 5559 1293 5608 ού
1314 5559 1487 5610 πάντα
1508 5557 1972 5626 άπογεγραμμένα

394 5643 555 5709 εἰσὶν,
587 5644 703 5699 ἀλλ’
733 5644 846 5716 ἔχει
877 5647 1103 5710 εἰκότως
1140 5648 1168 5699 ό
1192 5647 1530 5716 στρατιώτης
1560 5647 1745 5716 κτῆμα
1771 5644 1968 5698 Ξδιοπε-

2081 4459 2372 4515 mobilibus
2397 4457 2759 4528 supplendum
2790 4457 2912 4511 erit.
2953 4455 3049 4510 Sin
3083 4465 3264 4512 autem
3309 4459 3497 4512 multis
3549 4460 3648 4513 soli

2081 4553 2244 4607 rebus
2279 4549 2515 4604 abundet
2555 4549 2729 4612 miles,
2773 4549 2844 4602 ita
2879 4556 2939 4602 ut
2966 4548 3126 4618 longe
3146 4548 3347 4616 juStam
3378 4551 3654 4620 quantita-

2084 4649 2188 4696 tem
2230 4641 2499 4696 excedant
2537 4655 2554 4694 :
2600 4641 2866 4709 siquidem
2906 4640 3089 4694 omnia
3129 4642 3398 4711 descripta
3428 4656 3555 4696 sunt
3596 4642 3648 4695 in

2081 4735 2356 4793 codicibus
2401 4735 2754 4803 militaribus,
2801 4751 2978 4806 neque
3024 4738 3224 4806 poterit
3271 4739 3418 4804 haec,
3477 4756 3649 4810 neque

2080 4829 2146 4881 de
2200 4825 2285 4880 his
2331 4825 2627 4894 quidquam
2683 4827 2990 4881 distrahere
3039 4828 3233 4891 miles,
3306 4835 3650 4899 quantumvis

2080 4915 2251 4971 multo
2286 4916 2504 4985 majoris
2537 4916 2878 4970 aestimentur
2906 4932 3026 4986 qua:
3065 4927 3372 4987 supersunt.
3420 4919 3518 4972 Vel
3557 4935 3650 4988 po-

2080 5007 2187 5064 tius
2210 5022 2374 5062 nemo
2413 5006 2708 5076 quidquam
2739 5008 2930 5062 borum
2959 5023 3141 5063 emere
3181 5011 3399 5077 poterit,
3423 5024 3656 5078 prrescr-

2083 5101 2175 5153 tint
2233 5096 2563 5167 spectabilis,
2621 5107 2714 5150 aut
2769 5097 2822 5150 in
2872 5097 3138 5167 dignitate
3181 5094 3533 5160 constitutus,
3561 5110 3650 5151 aut

2080 5191 2561 5260 mctropolitauus,
2609 5197 2702 5243 aut
2733 5190 3044 5258 episcopus,
3098 5192 3180 5242 vel
3237 5188 3647 5254 monasterium,

2081 5287 2162 5337 vel
2183 5285 2286 5336 alia
2321 5296 2658 5350 qmecunque
2692 5281 2943 5350 religiosa
2965 5281 3180 5346 domus,
3221 5278 3303 5333 vel
3340 5288 3550 5346 potens.
3583 5281 3650 5332 ad

2080 5373 2379 5428 scbolarcm
2425 5386 2649 5440 usque:
2691 5371 2881 5425 scituri
2937 5383 2998 5424 se
3065 5369 3270 5422 nullam
3333 5367 3399 5422 de
3463 5369 3650 5438 pretiis

2079 5465 2348 5518 actionem
2383 5463 2682 5516 habituros.
2721 5461 2859 5527 Quin
2893 5460 3379 5527 necimpensarum
3427 5459 3652 5515 habebi—

2080 5561 2166 5606 tur
2208 5553 2369 5615 ratio,
2400 5551 2650 5621 quamvis
2685 5551 2740 5604 in
2771 5548 3095 5604 excolendas
3127 5564 3213 5604 res
3241 5558 3457 5618 emptas
3482 5549 3648 5608 multa

2079 5644 2456 5714 expenderint.
2497 5640 2750 5698 Materies
2801 5649 2981 5696 tamen
3019 5653 3146 5696 suas
3181 5637 3254 5697 ita
3279 5637 3559 5710 recipient,
3594 5651 3651 5698 ut
