2029 3106
208 121 260 154 583

665 111 916 146 CONSTANTINI
937 109 1272 143 PORPHYROGENITI

1777 107 1835 140 58‘

209 184 310 207 statum
330 176 447 213 priorem
463 182 515 203 non
532 173 639 201 laedant.
654 172 729 205 Quod
745 172 768 199 si
784 171 876 198 omnia
893 170 994 198 descri-

1048 168 1193 203 ριόριοτον,
1210 166 1258 193 καὶ
1273 166 1305 201 τῇ
1321 164 1449 201 στρατείᾳ
1464 162 1697 197 ἀκαταδούλωτον,
1709 162 1836 213 ἐξουσίαν

208 229 254 261 pta
267 231 320 252 non
332 227 405 254 sunt,
418 221 465 248 sed
478 220 547 247 forte
559 218 759 254 possessionem
778 216 856 243 miles
869 223 991 243 seorsum

210 260 268 299 suis
279 269 408 296 inclusam
422 264 544 293 terminis
558 263 649 294 habel,
665 270 714 289 nec
726 262 772 289 ulli
789 261 890 288 militiae
904 260 992 287 servi-

210 316 261 343 tuti
277 314 420 342 obnox'atn
444 321 450 338 :
466 310 621 338 facultatem
636 308 733 336 habeat
753 307 810 342 ejus
831 306 991 338 alienandos,

209 366 372 395 quocunque
394 357 475 384 modo
498 356 593 384 \‘olet:
620 359 722 382 tantum
747 357 777 380 ut
802 353 937 386 descripta
964 351 991 377 in

178 417 181 419 ·
211 406 293 432 rebus
319 403 367 430 soli
389 401 525 436 possessio
541 400 601 435 ejus
625 400 658 426 ad
675 398 854 426 exhibendam
877 396 993 424 functio-

210 457 270 476 ttettt
285 449 428 475 militarem
444 446 567 474 sufficiat.
580 444 684 479 Quippe
699 444 721 471 si
738 443 801 478 quid
816 443 896 476 desit,
912 449 992 476 coge-

211 500 253 521 tur
278 494 310 527 is,
340 493 421 528 quia
449 491 535 519 milite
562 491 690 525 praedium
726 497 759 516 ex
793 488 880 523 aliqtta
912 495 993 516 causa

210 544 305 567 nactus
319 544 368 572 est,
395 538 467 573 quod
484 537 576 565 deficit
589 543 635 571 per
649 535 710 563 illas
726 535 798 569 ipsas
809 542 852 562 res
865 534 914 562 soli
929 541 993 569 sup-

210 585 293 619 plere.
309 584 356 611 Siti
386 591 430 610 res
451 583 513 616 soli,
529 589 596 616 quas
623 581 699 608 miles
726 580 856 614 possidet,
883 587 994 613 prorsus

209 630 351 664 descriptze
366 636 419 656 non
432 633 518 655 sunt:
539 634 599 662 quae
622 626 709 660 magis
736 625 838 652 fertiles
863 629 935 658 sunt,
960 625 993 651 ad

209 680 328 709 quatuor
343 682 428 709 usque
447 674 529 701 libras
541 673 620 701 tacite
635 672 689 700 sint
705 672 838 706 obligatae.
853 670 912 704 Qtto
928 671 992 705 qui-

209 722 271 748 dem
290 721 342 747 illae
368 720 506 755 privilegio
531 727 563 747 ex
586 718 753 754 providentia
775 721 867 744 nostra
886 712 994 743 tnuttita’:

210 771 282 793 sunt.
297 766 394 793 Eorum
407 770 507 797 autem,
523 772 583 799 quae
604 763 706 798 reliqua
717 766 790 795 sunt,
814 762 945 797 permissa
959 761 994 789 sit

209 812 249 838 eis
271 810 406 838 alienatio.
424 810 462 836 Ac
490 809 513 836 si
540 808 649 843 quidem
675 808 841 839 usuvenerit,
869 811 898 834 ut
922 813 993 833 unus

1046 214 1132 249 ἐχέτω
1147 211 1170 248 ᾧ
1187 213 1219 248 δὴ
1236 212 1356 247 βούλοιτο
1379 211 1472 247 τρόπῳ
1496 211 1576 237 τοῦτο
1594 211 1734 244 ἐκποιετν,
1759 211 1788 237 έν
1812 206 1837 244 ᾧ

1048 260 1171 295 μέντοιγε
1193 260 1210 295 ἡ
1228 258 1465 293 ἀπογεγραμμένη
1488 258 1616 293 ἀκίνητος
1637 257 1733 292 κτῆσις
1753 256 1837 283 αὑτοῦ

1047 304 1125 341 ἱκανή
1141 306 1214 331 ἐστιν
1229 303 1424 339 ὑπηρετεῖσθαι
1439 305 1472 338 τῇ
1487 303 1626 338 στρατείᾳ¹
1643 303 1668 329 εἰ
1692 303 1747 337 γὰρ
1766 303 1838 330 ἁπο-

1046 351 1189 382 λείπεται,
1222 350 1345 384 ἀνάγκην
1365 349 1421 381 ἕξει
1448 350 1462 376 ὁ
1489 349 1565 383 παρὰ
1590 348 1636 374 τοῦ
1670 348 1837 384 στριτιὼτευ

1046 397 1137 424 λαὸὼν
1153 396 1184 423 ἐκ
1198 402 1271 428 τινος
1283 396 1372 427 αἰτίας
1388 395 1418 422 τὸ
1438 394 1544 429 κτῆμα,
1558 394 1587 420 τὸ
1600 394 1707 426 ἐλλιπὲς
1722 394 1756 420 δι’
1776 395 1839 420 ἀκι-

1047 443 1135 477 νήτων
1153 440 1360 475 ἀναπληρῶσαι.
1384 439 1415 466 Εἰ
1430 439 1451 466 δ’
1465 439 1580 471 οόδὸλως
1598 439 1838 474 ἀπογεγραμμέγα

1047 488 1100 514 εἰσὶ
1117 487 1151 513 τΞι
1175 486 1223 513 τοῦ
1240 485 1407 520 στρατιώτου
1432 485 1558 519 ἀκίνητα,
1578 485 1613 511 τὰ
1631 484 1837 519 εὐχρηστότερα

1048 532 1194 567 σιωπηρῶς
1217 531 1421 558 ὑποκείσθωσαν
1446 531 1498 562 ἕως
1517 530 1537 557 δ’
1563 529 1671 565 λιτρῶν,
1687 530 1733 556 καὶ
1746 530 1835 564 τούτῳ

1047 578 1086 613 τῷ
1107 577 1246 612 προνομίῳ
1260 575 1291 608 ὲξ
1310 575 1447 611 ἡμετέρας
1461 575 1589 610 προνοίας
1615 574 1834 610 συγκροτείσθω-

1048 631 1116 650 σαν·
1136 622 1169 649 τὰ
1193 622 1221 648 δὲ
1242 622 1359 657 περιττὰ
1379 621 1503 656 ἐφεῖσθαι
1525 620 1629 652 τούτοις
1653 620 1833 647 ἑκποιεῖσθιι.

1047 669 1103 696 Καὶ
1116 669 1194 703 είπερ
1209 668 1299 702 συμϐῇ
1315 667 1359 694 τὸν
1376 667 1425 702 μὲν
1436 667 1471 693 τὰ
1484 666 1684 702 εὐχρηστότερα
1699 667 1835 701 ἀγοράσαι

1048 714 1190 749 πρότερον,
1205 713 1251 740 τὸν
1268 713 1296 740 δὲ
1310 713 1344 739 τὰ
1359 712 1546 748 ἀχρηστότερα
1563 712 1687 748 ὕστερον,
1702 713 1834 747 ὲκνικηθῇ

1047 760 1076 786 δὲ
1088 760 1120 786 ὲκ
1130 758 1176 786 τοῦ
1192 759 1401 794 προτεθειμένον
1414 758 1508 785 τούτου
1526 759 1673 793 προνομίου
1687 758 1720 785 τὰ
1732 758 1834 793 εὔχρη-

1049 813 1112 837 στα,
1137 805 1222 840 ἐχέτω
1244 804 1279 831 τὰ
1302 804 1350 840 τῆς
1374 804 1553 839 προγενεσὶας
1579 804 1671 831 δίκαια
1697 804 1768 831 κατὰ
1786 804 1835 831 τοῦ

209 856 338 883 ΐςιτιὶίίοω
360 854 434 890 prius
451 859 533 886 emat,
551 853 620 881 alius
637 853 725 880 minus
740 853 815 880 utilia
838 852 994 887 posterius;

1049 850 1278 886 μεταγενεστέρου
1289 852 1303 877 ό
1315 850 1538 886 προγενέστερος.
1560 849 1591 877 Et
1602 850 1630 877 δὲ
1646 850 1748 882 πολλὰς
1760 850 1836 885 έχον-

210 906 237 928 et
249 909 281 928 ex
298 899 439 935 privilegio
450 900 508 934 jam
521 898 655 934 exposito,
672 897 807 925 fertiliora
822 897 924 925 fuerint
937 896 996 924 evi-

209 944 341 979 cta:jttra
354 944 507 979 prioritatis
526 944 657 971 adversus
676 943 856 978 posteriorem
876 942 997 969 anterior

210 991 315 1019 habeat.
335 991 411 1024 Quod
425 990 448 1017 si
464 989 650 1024 possessiones
662 989 687 1015 in
703 988 782 1015 rebus
796 987 846 1015 Soli
865 987 955 1022 plures
968 992 997 1014 et

209 1036 341 1071 pretiosas
354 1036 497 1063 admodum
520 1034 660 1067 habentes,
683 1040 742 1061 eam
768 1040 828 1067 qute
863 1032 996 1067 descripta

209 1081 271 1114 fuit,
284 1081 480 1113 alienaverint;
493 1084 639 1114 posteaque
652 1083 681 1106 ut
694 1078 856 1113 descriptam
872 1077 996 1105 evincere

213 1127 347 1154 voluerint
369 1125 534 1153 :evictionis
561 1124 710 1152 subsidium
731 1124 770 1152 cis
794 1124 900 1155 damus,
916 1129 942 1151 et
967 1128 997 1151 ut

213 1172 273 1199 aliis
287 1180 320 1199 ex
329 1171 546 1206 possessionibus
559 1171 674 1205 emptori
684 1169 807 1202 satisfiat,
823 1177 883 1197 cum
893 1169 996 1197 scilicet

211 1218 280 1244 ultra
296 1223 413 1252 quatuor
429 1217 537 1252 quidem
554 1216 637 1244 libras
649 1216 764 1251 equites,
788 1215 919 1243 classiarii
932 1223 997 1242 vero

211 1262 281 1290 ultra
304 1263 371 1290 duas
396 1263 422 1290 itt
440 1261 516 1289 bonis
542 1261 651 1289 habent.
667 1260 744 1292 Quod
757 1260 780 1288 si
803 1265 906 1295 partem
934 1259 997 1287 fun-

215 1310 315 1338 ctionis
339 1309 467 1336 militaris
491 1308 592 1342 aliquis
614 1307 740 1338 exhibet,
766 1313 815 1340 pro
830 1310 887 1332 rata
915 1305 997 1340 partis

210 1355 269 1388 ejus
282 1354 364 1381 etiant
385 1355 418 1381 de
436 1360 479 1386 eo,
500 1353 573 1387 quod
589 1352 616 1379 itt
630 1352 707 1379 bonis
721 1351 820 1379 habere
838 1351 926 1383 debet,
943 1356 997 1378 sta-

211 1399 338 1426 tuendam
354 1398 416 1425 erit.
436 1397 589 1425 Non’aliter
604 1401 695 1423 autem
723 1396 870 1424 dominium
884 1397 998 1431 praedio-

212 1452 270 1471 rutn
287 1443 443 1471 tttiiitariutn
468 1443 500 1470 iis
524 1443 693 1477 acqttiratur,
714 1442 760 1477 qui
787 1449 818 1469 ea
834 1449 997 1477 quocunque

212 1489 288 1516 titulo
305 1489 461 1524 possident;
478 1488 529 1515 ttisi
543 1495 676 1515 attnoruttt
697 1487 875 1522 quadraginta
889 1491 996 1522 tempus

211 1535 384 1562 attestatiotte
398 1534 470 1561 nulla
484 1533 681 1561 interveniente
696 1532 839 1560 effluxerit.
851 1532 998 1568 Propemo-

214 1579 277 1607 dum
295 1580 367 1607 enitn
384 1579 458 1606 mals:
476 1579 535 1606 fidei
551 1579 754 1614 possessoribus
776 1580 825 1607 hos
842 1579 906 1607 olim
929 1587 997 1615 quo-

212 1633 264 1659 que
280 1625 448 1653 consuetudo
462 1625 622 1653 numerabat.
635 1633 642 1652 :
660 1625 712 1652 nisi
727 1626 798 1660 quod
810 1633 842 1653 ex
859 1630 997 1654 contrat-tu

213 1672 395 1707 possidentes,
409 1671 512 1698 nullum
529 1671 664 1698 fructuum
678 1672 805 1698 damnum
827 1671 997 1699 sentiebant:

213 1717 289 1744 malae
301 1724 366 1743 vero
383 1716 443 1743 ﬁdei
462 1723 649 1751 possessores,
671 1721 699 1743 et
722 1715 825 1743 fruetus
843 1721 870 1743 et
883 1717 997 1751 reditus,

218 1768 246 1789 et
265 1769 346 1789 omne
370 1762 562 1789 detrimentum
591 1761 754 1789 solvebant:
772 1762 798 1789 id
825 1763 896 1797 quod
921 1764 1000 1790 nobis

213 1813 320 1841 quoque
336 1806 434 1840 placet.
444 1805 542 1833 Milites
554 1813 618 1834 vero
633 1807 829 1835 existimandos
845 1809 998 1842 statuimus,

217 1860 269 1879 non
296 1859 342 1878 eos
362 1852 441 1879 modo
472 1853 517 1887 qui
534 1853 619 1880 sacris
636 1853 751 1880 militum
771 1854 920 1890 legionibus
936 1861 1001 1883 sunt

167 1914 172 1922 .
212 1898 299 1924 devoti
315 1897 380 1924 :scd
397 1903 423 1924 et
438 1899 497 1930 Itos,
521 1899 566 1933 qui
582 1906 614 1925 ex
632 1899 729 1934 injuria
753 1902 867 1935 quadam
883 1901 999 1929 fortuna:

215 1944 305 1977 inopes
321 1943 395 1975 facti,
420 1951 466 1978 per
490 1944 607 1971 edictum
635 1945 836 1974 immunitatem
859 1948 998 1975 consecuti

214 1995 277 2016 sunt
295 1999 300 2016 :
324 1996 391 2023 quos
414 1989 508 2016 iisdem
532 1998 591 2017 cuttt
610 1991 662 2019 illis
672 1993 715 2019 cui
728 1991 875 2028 privilegiis
891 2001 998 2028 atquum

214 2042 366 2066 censemus,
381 2042 434 2062 non
451 2036 640 2068 concedentes,
665 2041 694 2062 ut
708 2036 750 2063 vel
771 2037 805 2064 ah
829 2037 949 2072 ipsismet
967 2046 999 2066 ea

215 2081 409 2112 distrahantur,
430 2081 463 2107 dc
484 2082 582 2115 quibus
597 2081 749 2109 functiones
771 2082 904 2110 militares
924 2084 1001 2111 exhi-

215 2126 327 2158 bentur;
347 2126 429 2153 tmtlto
447 2127 536 2152 minus
553 2134 566 2152 ιι
586 2126 661 2153 fisco.
674 2125 741 2153 Nam
755 2127 776 2153 si
799 2135 860 2155 vere
881 2129 1001 2163 proprie-

1048 905 1094 929 τες
1116 897 1260 930 ἀκινήτους
1278 897 1388 931 κτήσεις
1409 896 1455 923 καὶ
1476 896 1640 930 πολυτίμους
1662 897 1712 932 τὴν
1733 897 1837 930 ἀπογε-

1048 942 1211 978 γραμμένην
1232 942 1427 977 ὲκποιήσαιεν,
1453 942 1596 976 ἐκνικῆσαι
1625 942 1652 968 δὲ
1676 941 1837 977 βουληθεῖεν

1052 987 1166 1023 ὕστερον
1183 987 1231 1014 ἅτε
1248 987 1509 1023 ἁπογεγραμμένην,
1530 987 1647 1014 δίδοσθαι
1672 988 1722 1022 μὲν
1743 987 1838 1019 αὐτοῖς

1048 1034 1098 1068 τὴν
1127 1033 1253 1069 βοήθειαν
1279 1033 1328 1069 τῆς
1354 1033 1541 1068 ὲκνικήσεως,
1569 1033 1600 1059 ὲκ
1629 1032 1678 1067 τῆς
1701 1031 1785 1067 ἄλλης
1809 1031 1837 1058 δὲ

1047 1079 1150 1105 τούτων
1166 1078 1260 1110 οὐσίας
1271 1078 1309 1113 τῷ
1321 1078 1458 1113 ἀγοραστῇ
1474 1077 1503 1104 τδ
1519 1078 1610 1105 ίκανδν
1623 1077 1834 1112 περιποιεῖσθαι,

1048 1125 1092 1152 ὅτε
1106 1124 1207 1159 δηλαδὴ
1219 1124 1361 1160 εὐποροῖεν
1372 1124 1443 1159 ὑπὲρ
1455 1123 1504 1155 τὰς
1519 1123 1658 1159 τέσσαρας
1674 1122 1767 1158 λίτρας
1782 1121 1833 1157 μὲν

1047 1171 1073 1197 οἰ
1089 1170 1192 1202 ἱππεῖς,
1210 1170 1280 1206 ὑπὲρ
1290 1169 1339 1201 τὰς
1350 1169 1397 1196 δύο
1411 1169 1438 1196 δὲ
1451 1170 1474 1196 οί
1488 1167 1643 1204 πλωτῆρες.
1663 1169 1694 1195 Et
1713 1168 1740 1195 δὲ
1754 1168 1831 1203 μέρει

1049 1216 1193 1252 στρατείας
1217 1215 1395 1251 ὑπηρετεϊταί
1419 1224 1482 1247 τις,
1512 1215 1585 1242 κατὰ
1614 1214 1757 1249 ἀναλογίαν
1784 1213 1833 1240 τοῦ

1049 1262 1148 1297 μέρους
1177 1261 1260 1288 αὑτοῦ
1282 1261 1329 1288 καὶ
1355 1260 1405 1296 τὴν
1433 1260 1564 1295 εὐπορίαν
1587 1259 1751 1287 τυποῦσθαι.
1788 1258 1834 1294 Μὴ

1047 1306 1134 1338 ἄλλως
1153 1306 1182 1333 δὲ
1200 1305 1375 1342 κυριεύεσθαι
1401 1306 1435 1332 τὰ
1462 1305 1645 1340 στρατιωτικὰ
1665 1306 1721 1336 τοῖς
1747 1304 1834 1330 ταῦτα

1047 1353 1184 1389 οίῳδήτινι
1211 1352 1305 1388 τρόπῳ
1328 1351 1495 1386 κτωμένοις,
1515 1351 1539 1378 εἰ
1557 1350 1594 1386 μὴ
1609 1351 1623 1377 ὁ
1638 1350 1687 1386 τῆς
1700 1358 1835 1384 τεσσαρα-

1048 1398 1206 1431 κονταετίας
1217 1397 1425 1432 ὰνεπιφώνητος
1434 1396 1590 1433 διαρρεύσει
1605 1396 1711 1432 χρόνος.
1737 1394 1835 1430 Σχεδδν

1049 1446 1103 1481 γὰρ
1118 1446 1174 1476 τοῖς
1195 1445 1266 1480 κακῇ
1290 1444 1379 1471 πίστει
1394 1443 1523 1478 νομεῡειν
1540 1442 1651 1478 ἠρίθμει
1665 1441 1776 1473 τούτους
1788 1441 1836 1467 καὶ

1011 1510 1032 1539 c
1049 1492 1133 1519 πάλαι
1146 1492 1162 1527 ἠ
1178 1491 1316 1526 συνήθειαι
1330 1490 1400 1539 πλῂν
1413 1491 1473 1517 ὅσον
1487 1490 1511 1516 οἱ
1529 1490 1578 1539 μέν
1599 1490 1630 1539 ex
1646 1488 1837 1539 συναλλάγμαῖ

1048 1546 1094 1569 τος
1108 1536 1270 1572 νεμηθέντες
1286 1537 1334 1571 τὴν
1347 1535 1401 1562 τῶν
1415 1535 1530 1571 καρπῶν
1546 1534 1648 1570 ζημίαν
1659 1534 1798 1568 διέφυγον,
1811 1533 1835 1559 οἱ

1048 1583 1077 1610 δὲ
1095 1583 1185 1610 πίστει
1202 1583 1273 1618 κακῇ
1290 1582 1434 1617 νεμόμενοι
1454 1581 1501 1608 καὶ
1528 1581 1652 1616 καρποὺς
1674 1580 1723 1607 καὶ
1748 1587 1837 1615 προσο

1048 1628 1124 1659 όδους
1140 1628 1187 1654 καὶ
1209 1628 1300 1655 πᾶσαν
1317 1627 1419 1662 βλάϐην
1435 1626 1640 1653 κατατίθενται·
1663 1625 1677 1652 δ
1701 1625 1746 1652 καὶ
1769 1623 1836 1660 ἡμίν

1049 1674 1173 1709 ἀρέσκει.
1188 1672 1361 1708 Στρατιώτας
1372 1673 1400 1699 δὲ
1415 1673 1573 1707 νομίζεσθαι
1593 1672 1786 1707 διατυποῦμεν,
1804 1669 1836 1698 οὔ

1049 1719 1113 1750 τοὺς
1133 1718 1354 1754 καθοσιωμένους
1372 1718 1451 1753 μόνον
1468 1719 1527 1750 ταῖς
1547 1718 1633 1754 ἱεραῖς
1652 1718 1767 1751 λεγεῶσι
1782 1718 1837 1744 τῶν

1051 1760 1237 1795 στρατιωτῶν,
1258 1760 1325 1786 ἀλλὰ
1341 1760 1395 1795 γὰρ
1413 1759 1445 1795 δὴ
1467 1759 1514 1785 καὶ
1538 1759 1660 1792 τούτους,
1678 1760 1702 1786 οἳ
1717 1759 1761 1787 διά
1775 1768 1838 1786 τινα

1050 1805 1133 1840 τύχης
1152 1805 1283 1841 ἐπήρειαν
1301 1806 1416 1837 ἐπιδεεῖς
1434 1806 1561 1841 ὀφθέντες
1575 1806 1707 1841 ἀδωρείας
1725 1805 1838 1838 ἐνδίκως

1049 1851 1224 1887 τετυχήκασι.
1245 1851 1305 1879 Τῶν
1322 1852 1412 1878 αὐτῶν
1435 1852 1489 1887 γὰρ
1503 1853 1551 1879 καὶ
1567 1852 1678 1884 τούτους
1689 1852 1838 1879 ἀπολαύειν

1050 1897 1206 1932 δικαιοῦμεν
1227 1898 1392 1933 προνομίων.
1416 1899 1446 1925 οὐ
1471 1899 1676 1935 συγχωροῦντες
1691 1899 1752 1926 οὒτε
1773 1900 1838 1934 παρ’

1051 1943 1163 1969 ἐκείνων
1176 1943 1378 1978 πιπράσκεσθαι
1389 1949 1423 1970 τα
1438 1943 1468 1976 ἐξ
1480 1941 1516 1971 ὧν
1529 1945 1557 1972 αἱ
1575 1946 1715 1980 στρατεῖαι
1732 1944 1837 1980 ὑπηρε-

1051 1988 1163 2016 τοῦνται
1178 1997 1185 2005 ο
1204 1989 1250 2016 καὶ
1275 1989 1366 2025 πολλῷ
1383 1990 1463 2017 πλέον
1481 1990 1557 2025 παρὰ
1573 1989 1619 2018 τοῦ
1638 1991 1779 2026 δημοσῖου.
1806 1990 1838 2017 Et

1051 2035 1105 2070 γὰρ
1121 2036 1178 2066 τοῖς
1200 2035 1303 2071 κυρίως
1324 2036 1468 2067 δεσπόταις
1494 2037 1669 2072 ἐπιτιμῶμεν
1693 2037 1739 2063 τοῦ
1761 2039 1838 2072 κοινῇ

1053 2081 1239 2116 συμφέροντος
1253 2081 1358 2114 ἕνεκεν,
1371 2082 1430 2114 πῶς
1446 2082 1478 2109 ἂν
1488 2082 1527 2118 τῷ
1539 2083 1661 2118 δημοσίῳ
1671 2084 1840 2119 πιπράσκειν

1052 2127 1254 2163 ἐπιτρέψωμεν,
1278 2127 1324 2154 καὶ
1345 2128 1393 2163 τὴν
1409 2129 1493 2156 πάλαι
1507 2129 1630 2165 ἄγραφον
1645 2129 1752 2157 ἀδικίαν
1767 2129 1840 2156 ὲκεί-

214 2178 264 2203 que
276 2170 391 2197 dominis
408 2170 616 2197 ittterntinzttttur
630 2170 664 2197 ob
687 2170 724 2204 id,
740 2171 809 2205 quod
824 2173 932 2206 expedit
949 2181 996 2207 pu-

1053 2180 1102 2207 νην
1118 2173 1202 2207 νόμου
1220 2173 1296 2206 τάξιν
1310 2173 1384 2208 ἔχειν
1403 2173 1577 2209 μεθήσομεν;
1594 2175 1628 2210 ἣν
1639 2175 1723 2210 ἐχρῆν
1736 2174 1789 2209 γῆς
1809 2182 1840 2200 τε

214 2216 282 2242 bliee
303 2224 309 2242 ;
332 2216 442 2251 quinam
466 2217 530 2243 fisco
561 2217 712 2244 distrahere
743 2218 951 2251 permittemus:
970 2224 999 2247 et

215 2269 267 2288 tton
280 2262 407 2296 scriptam
423 2262 494 2289 illam
513 2267 631 2290 veterem
648 2263 831 2299 iniquitatem,
848 2264 915 2300 legis
928 2265 999 2293 obti-

215 2315 279 2333 nere
294 2309 378 2337 vicem
388 2309 590 2343 concedentus?
606 2317 686 2344 quant
708 2310 816 2345 quidem
834 2311 932 2346 ubique
947 2316 1000 2338 ter-

194 2381 197 2382 ν
215 2359 304 2377 rat-unt
322 2356 348 2377 et
362 2349 447 2379 ﬁeri;
461 2352 599 2386 expulsam
614 2355 742 2387 oportuit,
758 2358 785 2381 ut
801 2362 861 2389 quae
882 2355 998 2383 maxime

218 2395 338 2422 belluitta
354 2396 387 2423 sit
404 2400 430 2423 et
443 2396 648 2424 itttmanissittta.
664 2397 730 2425 Nam
744 2399 866 2433 equidem
883 2400 1003 2427 arbltror

216 2441 432 2476 illos,rqttihanc
463 2442 682 2476 introduxerunt,
706 2445 828 2472 eamdem
843 2453 903 2473 cutn
930 2446 1002 2473 ursis

215 2492 338 2515 naturam
355 2488 508 2523 rcipublica:
523 2489 659 2517 tribuisse.
678 2489 782 2525 Quippe
805 2491 885 2526 vulgo
912 2492 1005 2526 perbi-

214 2534 302 2564 bctur,
318 2534 390 2561 solas
405 2542 436 2561 ex
451 2534 515 2561 feris
532 2542 609 2562 ursas
619 2533 690 2563 fame
701 2543 810 2570 pressas
826 2536 923 2572 digitos
937 2544 1002 2564 suos

1052 2217 1163 2251 ἁπάσης
1175 2217 1366 2250 ἐξελαύνεσλαι
1378 2220 1425 2245 καὶ
1436 2219 1572 2255 θαλάσσης
1588 2220 1625 2252 ὡς
1639 2218 1721 2246 οὖσαν
1738 2220 1840 2255 θηριω-

1052 2262 1183 2298 δεστάτην
1193 2264 1240 2290 καὶ
1251 2264 1455 2301 ἀπηνεστάτην.
1471 2264 1554 2301 οἶμαι
1568 2266 1633 2302 γὰρ,
1646 2266 1684 2298 ὡς
1698 2267 1722 2293 οἱ
1737 2267 1840 2300 ταύτην

1053 2309 1246 2344 είσαγαγόντες
1265 2310 1314 2345 τὴν
1326 2311 1411 2347 αὐτὴν
1423 2313 1483 2343 ταῖς
1498 2313 1609 2348 ἄρκτοις
1623 2312 1703 2347 φύσιν
1719 2314 1751 2348 τῇ
1765 2313 1840 2338 πολιε

1052 2355 1114 2391 τείᾳ
1129 2356 1307 2391 προσένεμον·
1327 2356 1405 2391 λόγος
1421 2358 1476 2393 γὰρ
1490 2358 1556 2394 ἔχει,
1580 2359 1663 2393 μόνας
1679 2358 1780 2394 θηρίων
1793 2358 1841 2389 τὰς

1057 2400 1175 2435 ἄρκτους
1197 2401 1269 2437 λιμῷ
1293 2401 1459 2438 πιεζομένας
1472 2404 1536 2435 τοὺς
1561 2404 1709 2435 δακτύλους
1738 2403 1841 2438 περιλι-

1054 2446 1176 2480 χμᾶσθαι
1188 2455 1195 2462 ·
1216 2447 1264 2474 καί
1281 2456 1332 2474 που
1350 2448 1440 2481 καλῶς
1459 2458 1503 2481 τις
1516 2449 1593 2481 είδὼς
1608 2451 1703 2486 χεῖρας
1717 2450 1751 2477 ἂν
1775 2449 1842 2485 μᾶλ-

1054 2492 1100 2520 λον
1120 2494 1184 2530 ὅλης
1205 2495 1255 2530 τῆς
1278 2495 1426 2530 πολιτείας,
1449 2496 1506 2524 ἀλλ’
1527 2498 1588 2533 οὐχὶ
1610 2497 1758 2529 δακτύλους
1779 2497 1842 2527 τοὺς

1056 2539 1225 2574 στρατιώτας
1241 2538 1312 2568 εἶναι
1325 2540 1427 2576 δοκοίη.

215 2582 335 2615 sugendo
358 2582 579 2609 circutulantbere
597 2591 603 2610 :
621 2582 684 2610 licet
696 2583 741 2618 qui
766 2589 840 2612 recte
871 2591 928 2613 rent
951 2584 1149 2620 testimaverit,
1176 2587 1280 2616 fortean
1314 2589 1403 2623 potius
1430 2597 1526 2617 manus
1558 2589 1639 2618 totius
1675 2589 1841 2625 reipublicat,

214 2637 294 2663 quam
311 2629 406 2663 digitos
421 2636 480 2657 esse
498 2630 597 2657 milites
614 2630 761 2659 arbitretur

249 2677 276 2703 5.
293 2677 381 2711 Atque
398 2677 455 2704 haec
464 2678 599 2705 secuturis
613 2679 778 2713 temporibus
794 2678 871 2714 plene
885 2679 964 2707 simul
980 2687 995 2708 e

1093 2682 1128 2714 γ’.
1148 2679 1239 2707 Ταῦτα
1261 2680 1311 2716 μὲν
1337 2681 1383 2708 οὗν
1401 2682 1458 2714 τοῖς
1481 2681 1635 2718 ἔμπροσθεν
1651 2683 1758 2719 χρόνοις
1771 2684 1846 2711 ἐντε-

216 2720 338 2753 utiliter,
365 2721 399 2748 de
426 2726 517 2749 ttostra
543 2723 649 2755 quidem
674 2723 819 2755 sententia,
848 2724 996 2752 statuimus

1058 2725 1112 2756 λῶς
1132 2725 1189 2761 ἅμα
1203 2726 1249 2753 καὶ
1264 2726 1410 2759 λυσιτελῶς
1427 2728 1498 2755 κατὰ
1512 2729 1543 2755 τὸ
1556 2729 1623 2764 ἡμῖν
1643 2730 1739 2757 δοκοῦν
1752 2730 1846 2757 διατυ-

218 2765 294 2798 Quod
310 2768 414 2797 adtinet
431 2769 567 2805 praeterita
580 2789 587 2802 ,
611 2769 668 2804 jam
690 2769 755 2796 olim
776 2769 885 2804 quidem
901 2770 992 2798 obtine

1059 2771 1174 2807 ποῦμεν,
1199 2773 1260 2800 Ἐπὶ
1280 2772 1308 2799 δὲ
1330 2775 1387 2805 τοῖς
1410 2774 1587 2810 προλαϐοῦσι,
1603 2776 1687 2804 πάλαι
1712 2776 1763 2811 μὲν
1785 2777 1845 2803 ἐπι-

219 2812 294 2842 rudis
305 2818 331 2841 et
345 2815 459 2850 simplex
475 2816 654 2850 consuetudo,
670 2819 699 2843 ut
714 2816 782 2844 citra
797 2816 876 2851 pretii
893 2818 996 2845 restitu-

1058 2820 1156 2854 κρατεί
1171 2819 1325 2855 ἀδιαῐτητος
1348 2821 1396 2849 καὶ
1419 2822 1583 2859 παχυμερὴς
1598 2822 1729 2859 συνήθεια
1742 2843 1748 2856 ,
1762 2823 1847 2858 ἀναρ-
