4058 6212
379 278 484 340 585

1482 275 1584 335 ΝΟ
1597 275 1858 337 VELLAE‘.
1899 277 2462 339 CONS’I‘I'I‘U'I’IQ.\Y
2471 279 2578 338 ES.

3536 284 3639 346 586

380 387 564 457 γύρως
578 386 699 448 τοὺς
729 383 1040 453 ἀγοραστὰς
1060 385 1166 437 τῶν
1188 387 1595 454 στρατιωτικῶν
1627 389 1960 452 ἐξωθεῖσθαι.

2074 395 2271 449 tionem
2305 396 2520 461 praediis
2570 395 2894 451 militaribus
2929 407 3199 467 emptores
3229 399 3531 467 ejiciunlttr.
3575 407 3642 458 At

392 479 455 531 Ἥ
481 479 538 532 δὲ
567 477 909 546 λεπτομερὴς
931 477 1040 529 τῶν
1076 477 1215 529 κατά
1249 479 1412 548 μέρος
1449 479 1735 548 διοίκησις,
1779 483 1965 536 ἄλλοτε

380 570 554 631 ἄλλως
599 569 656 622 ἐν
703 564 898 638 οἷσπερ
947 566 1014 620 ἂν
1056 568 1227 638 αὐτὴν
1274 571 1510 638 μετῆγον
1565 572 1614 622 οἱ
1652 576 1749 642 τῆς
1787 574 1966 644 ψήφου

382 662 562 731 κύριοι
609 660 1053 732 μεταφερομένη,
1091 662 1292 729 πολλήν
1334 679 1452 714 τινα
1501 663 1680 732 λὼὃην
1736 668 1966 734 παρεῖχε

381 755 492 815 τοίς
528 752 816 823 πράγμασι
850 753 942 804 καὶ
977 754 1158 805 πᾶσαν
1189 753 1478 822 ἀσάφειαν.
1518 754 1708 824 Ἡμεῖς
1733 752 1825 809 οὖν
1850 757 1965 826 ἃμα

384 843 572 914 πρόσω
625 843 720 896 καὶ
790 843 966 895 ὀπίσω
1029 845 1155 905 τοὺς
1216 844 1346 913 περὶ
1413 844 1522 898 τῶν
1573 848 1965 916 συμφερόντων

385 938 710 1004 στρέφοντες
765 934 1194 1002 ἀναλογισμοὺς,
1240 935 1341 997 τάς
1385 937 1693 1006 κεχυμένας
1749 939 1964 1003 ἐκείνας

384 1031 476 1079 καὶ
515 1025 964 1094 ποικιλοτρόπους
1010 1025 1593 1096 ἀποδιαπομπούρενοι
1625 1028 1874 1098 πράξεις,
1906 1033 1963 1083 ἐν

387 1117 573 1187 ῥυθμῷ
605 1121 698 1170 καὶ
741 1117 884 1187 λόγῳ
933 1116 1031 1186 τὴν
1077 1119 1134 1169 ἐν
1168 1117 1340 1171 ἀπασι
1378 1118 1646 1189 διοίκησιν
1677 1121 1961 1190 περιστέλ-

386 1208 562 1271 λοντες
611 1208 981 1279 θεσπίζομενο
1035 1212 1085 1262 εί
1129 1209 1227 1278 μὲν
1258 1205 1368 1262 εἷεν
1408 1210 1737 1281 κληρονόμοι
1779 1211 1963 1274 αὐτοῖς

384 1301 490 1362 τοῖς
515 1301 1044 1370 ἀπογεγραμμένοις
1093 1299 1477 1370 στρατιώταις,
1505 1302 1786 1364 κατιόντες
1802 1301 1963 1370 τυχὸν

383 1392 411 1460 ἢ
466 1393 708 1456 ἀνιόντες
752 1393 785 1464 ἢ
839 1395 903 1445 ἐκ
955 1392 1188 1459 πλαγίου
1256 1392 1450 1462 μέχρις
1511 1393 1673 1444 ἕκτου
1728 1392 1960 1463 βαθμοῦ,

380 1479 600 1542 τούτους
635 1481 853 1542 πάντως
876 1481 1272 1551 προσδέχεσθαι
1303 1482 1444 1534 κατά
1477 1482 1574 1551 τὴν
1604 1482 1712 1534 τῶν
1737 1482 1963 1551 βαθμῶν

379 1571 659 1641 ἐγγύτητα
695 1572 1146 1642 προτιμωμένους
1197 1575 1278 1636 είς
1307 1573 1370 1626 τὸ
1417 1573 1652 1626 ἐκδικεῖν
1700 1573 1767 1627 τά
1811 1575 1962 1643 παρὰ

378 1665 486 1718 τῶν
539 1664 890 1735 στρατιωτῶν
931 1665 1298 1736 ἐκποιηθέντα
1331 1666 1516 1730 κακῶς
1553 1666 1585 1735 ἢ
1622 1667 1772 1737 παρὰ
1803 1667 1962 1720 δυνά-

2073 488 2418 554 partirularis
2470 488 2802 555 singulorum
2862 491 3299 554 administratio,
3356 508 3474 561 quae
3511 493 3643 549 alias

2070 577 2224 629 aliter
2257 577 2659 640 immutabatur,
2698 587 2853 646 prout
2885 593 3004 632 eam
3033 578 3383 634 inﬂectebant
3421 582 3515 647 illi,
3548 585 3640 651 qui

2064 667 2285 736 judiciis
2312 676 2610 735 praeerant,
2658 683 2907 737 magnam
2944 672 3233 740 quamdam
3268 671 3427 727 rebus
3459 676 3639 742 perni-

2069 760 2229 822 ciem,
2278 773 2341 812 ac
2381 757 2580 812 nullam
2617 773 2724 814 non
2758 761 3141 816 obscuritatem
3199 765 3396 817 attulit.
3441 762 3644 819 Idcirco

2071 864 2168 902 nos
2201 860 2307 903 tam
2339 850 2390 903 in
2425 851 2722 915 anteriora,
2746 865 2915 929 quam
2947 855 3266 922 posteriora,
3295 857 3647 925 cogitationes

2070 942 2135 996 de
2173 941 2260 1003 iis,
2309 956 2429 1010 qua:
2459 945 2747 1012 expediqu
2777 984 2792 1006 ,
2844 956 3262 1012 convertentcs,
3319 959 3373 1003 et
3419 953 3642 1006 confusa

2071 1032 2191 1087 iIIas
2252 1044 2414 1103 atque
2449 1035 2628 1089 varias
2654 1036 2896 1091 actimth
2924 1037 3256 1108 ablegautes,
3309 1049 3362 1095 ct
3415 1043 3644 1098 admini-

2069 1125 2384 1178 strationem
2427 1126 2480 1180 in
2532 1126 2692 1182 rebus
2745 1129 2998 1185 omnibus
3047 1133 3240 1188 ordine
3287 1137 3521 1204 quodam
3577 1153 3644 1192 ac

2067 1216 2276 1270 ratione
2304 1216 2625 1283 munientes,
2689 1223 2983 1285 sancimus,
3021 1232 3079 1276 ιιι
3105 1225 3370 1293 siquidem
3403 1229 3646 1284 hacredes

2071 1314 2292 1361 exstent
2322 1307 2612 1378 descriptis
2643 1311 2931 1377 militibus,
2958 1313 3350 1372 descendentes
3379 1327 3528 1386 puta,
3561 1323 3645 1377 vel

2067 1399 2424 1454 ascendentes
2453 1443 2468 1466 ,
2519 1402 2602 1456 vel
2649 1417 2715 1457 ex
2755 1412 3085 1470 transverso,
3137 1408 3204 1461 ad
3235 1420 3446 1464 sextum
3479 1427 3647 1482 usque

2067 1497 2292 1557 gradum
2318 1505 2334 1556 ;
2362 1491 2396 1544 ii
2423 1508 2644 1560 prorsus
2661 1494 3033 1561 admittantur,
3053 1497 3206 1565 juxta
3233 1504 3494 1570 graduum
3523 1519 3649 1572 pro-

2069 1579 2425 1649 pinquitatem
2456 1585 2580 1638 aliis
2609 1586 2698 1639 alii
2730 1589 2953 1656 praelati,
2989 1591 3054 1644 ad
3078 1592 3402 1648 evictionem
3433 1611 3645 1665 eorum,

2067 1683 2185 1739 qua:
2216 1672 2354 1726 male
2382 1687 2410 1726 a
2443 1675 2703 1729 militibus
2735 1677 2966 1732 alienata
3015 1691 3168 1746 sunt,
3222 1696 3315 1738 aut
3345 1701 3372 1738 a
3424 1699 3645 1755 potente

381 1774 509 1810 στου
547 1756 640 1826 βίᾳ
668 1756 1095 1827 κατασχεθέντα.
1150 1759 1273 1812 Τῶν
1323 1759 1620 1830 ἐγγυτέρου
1659 1760 1714 1812 δὲ
1747 1759 1956 1829 βαθμοῦ

2068 1776 2160 1830 per
2193 1761 2300 1816 vim
2340 1765 2557 1819 detenta
2591 1775 2643 1819 et
2675 1782 2944 1836 possessa.
2987 1770 3140 1837 Quod
3189 1775 3237 1828 si
3285 1781 3484 1845 gradus
3523 1795 3649 1847 pro-

381 1847 660 1916 συγγενῶν
693 1848 769 1917 μὴ
796 1847 1140 1918 βουλομένων
1169 1850 1200 1918 ἥ
1241 1849 1316 1919 μὴ
1356 1849 1689 1920 δυναμένων,
1719 1851 1812 1903 καὶ
1837 1852 1964 1913 τοὺς

382 1937 768 2008 πορῤωτέρους
819 1938 1155 2008 εἰσδέχεσθαι
1207 1941 1510 2006 συγγενεῖς.
1575 1939 1862 2008 Συγγενῶν
1909 1941 1964 1993 δὲ

379 2029 477 2095 οὐχ
495 2027 763 2094 ὑπόντων,
785 2030 818 2098 ἢ
840 2030 948 2082 τῶν
964 2029 1073 2083 ἀπὸ
1097 2029 1264 2099 νόμου
1285 2031 1638 2100 καλουμένων
1664 2033 1960 2101 ἀγχιστῶν,

379 2119 506 2179 τοὺς
564 2119 822 2182 συνδότας
879 2119 976 2172 καὶ
1039 2123 1374 2190 συναίχμους
1423 2122 1608 2175 αὐτῶν
1669 2124 1964 2177 ἀκούεσθαι

383 2209 882 2280 προσερχομένους.
909 2212 1130 2266 Τούτων
1159 2214 1216 2266 δὲ
1256 2214 1358 2266 οὐκ
1385 2214 1579 2279 ὄντων,
1617 2214 1741 2277 τοὺς
1779 2231 1965 2268 συντε-

383 2299 578 2362 λεστάς
631 2301 1016 2372 ἀπορωτέρους
1067 2303 1444 2374 στρατιώτας,
1510 2304 1575 2358 ἵν’
1626 2304 1685 2368 ἐξ
1734 2305 1960 2358 ἐκείνων

380 2391 538 2443 αὐτοὶ
573 2391 636 2443 τὸ
661 2392 844 2445 ἐνδέον
876 2394 976 2462 τῆς
1017 2395 1255 2464 ἀπορίας
1281 2394 1657 2460 ἀνασώζοντες
1683 2397 1965 2449 ἐποικοδο-

382 2482 609 2551 μηθείεν
643 2482 779 2552 πρὸς
811 2485 964 2552 ἰσχὺν
999 2486 1341 2553 ίκανότητος.
1377 2486 1436 2538 ΕΞ
1482 2487 1539 2539 δὲ
1566 2487 1662 2540 καὶ
1688 2481 1833 2541 οὗτοι
1865 2489 1963 2540 οὐκ

363 2569 510 2637 ιεῖεν,
534 2573 752 2668 ἀνξῃκη
783 2576 1022 2639 καὶτοὺς
1057 2576 1372 2638 πολιτικοὺς
1405 2576 1764 2640 συντελεστάς
1814 2580 1962 2630 εἱσα-

383 2647 829 2736 κούεσθξῗῗέίπρίς
871 2667 934 2720 τὸ
967 2673 1041 2738 μὴ
1061 2668 1374 2723 διαπίπτειν
1403 2669 1494 2722 τὸν
1536 2671 1598 2722 ἐκ
1635 2669 1727 2722 τοῦ
1763 2671 1963 2740 κήνσου

382 2760 568 2830 φόρον.
592 2760 655 2812 El
671 2760 729 2813 δέ
751 2776 814 2828 γε
849 2761 1187 2832 στρατιώτης
1203 2763 1538 2830 στρατιώτου
1557 2764 1747 2833 ἐτέρου
1771 2763 1964 2831 κτῆσιν

379 2852 670 2922 ἠγόρασεν,
717 2854 766 2905 εἰ
794 2853 941 2922 μένό
971 2852 1208 2922 εθπορος
1250 2854 1309 2920 ἐξ
1363 2855 1595 2926 ἀπόρου,
1647 2856 1748 2927 τὴν
1793 2857 1964 2927 αὐτὴν

379 2943 564 3012 ὑφέξει
578 2945 942 3008 τοῖςδυνατοῖς
965 2945 1180 3016 ποινὴν,
1208 2946 1532 3016 ἀναργύρως
1558 2947 1842 3002 ἐκπίπτων
1855 2949 1964 3003 τῶν

378 3039 768 3108 ἠγορασμένων
792 3053 806 3069 ο
824 3039 874 3091 εί
896 3039 952 3092 δέ
973 3039 1180 3109 ἄπορος
1201 3039 1258 3104 ἐξ
1284 3039 1542 3110 εὐπόρου,
1568 3041 1628 3094 τδ
1655 3043 1964 3112 ἀγορασθὲν

381 3133 723 3196 ἐξειπάντως
749 3134 779 3204 ἢ
804 3133 865 3184 τὸ
886 3132 1366 3203 τίμημαλήψεται.
1391 3133 1523 3187 Είδὲ
1541 3135 1961 3206 ἀμφοῖνάπορὲα

380 3223 718 3294 εὑρίσκεται,
776 3223 854 3293 τῷ
901 3223 1254 3296 ζημιουμένῳ
1295 3226 1450 3298 μέρει
1503 3227 1960 3299 προσδοηθεῖσθαι

381 3312 677 3374 κελεύομεν
704 3355 718 3376 ,
783 3314 882 3382 τὴν
922 3315 1132 3386 ἀγαθὴν
1166 3315 1350 3370 πίστιν
1379 3316 1614 3371 ἐνταῦθα
1648 3317 1958 3388 τηροῦντες,

377 3405 412 3474 ἦ
429 3421 510 3466 τις
526 3406 625 3457 οὐκ
651 3407 714 3476 ἐᾷ
747 3424 867 3459 τινα
885 3409 1190 3479 κερδαίνειν
1210 3410 1274 3463 ἐκ
1293 3409 1390 3479 τῆς
1408 3409 1569 3464 ἄλλου
1593 3409 1816 3482 ζημίας.

448 3495 511 3548 δ’.
576 3498 764 3551 Ταῦτα
811 3502 942 3571 περὶ
999 3503 1412 3573 στρατιωτικῶν
1466 3504 1712 3574 κτήσεων
1765 3505 1801 3558 ἃ
1861 3507 1958 3576 μὲν

377 3587 669 3658 εὑρηκότες
697 3591 732 3644 ἀ
752 3591 808 3643 δὲ
832 3591 1210 3662 ὲξευρηκότες,
1235 3593 1342 3647 δεῖν
1363 3595 1622 3666 ᾠήθημεν
1656 3598 1956 3667 μεταϐῆναι

379 3682 476 3730 καὶ
527 3682 614 3732 ἐπ’
654 3681 837 3734 αὐτῶν
884 3684 990 3735 τῶν
1040 3686 1452 3755 στρατιωτικῶν
1493 3687 1826 3757 προσώπων,
1864 3693 1957 3742 καὶ

373 3774 442 3823 τά
482 3773 829 3841 συμπεσόντα
863 3774 1075 3837 τούτοις
1117 3777 1312 3848 μικρὸν
1334 3778 1540 3831 ἀνωθεν
1565 3782 1952 3852 ἀναγορεῦσαι.

376 3857 486 3913 Ἦν
515 3864 604 3914 ὅτε
625 3858 693 3931 ἦν
719 3863 1014 3933 ὁλοσχερὴς
1046 3865 1152 3916 τῶν
1184 3867 1526 3936 πραγμάτων
1556 3871 1837 3939 ἀνατροπὴ
1867 3874 1956 3923 καὶ

379 3957 519 4024 φορὰ
549 3953 774 4024 ὀλέθρου
818 3955 1211 4021 δυσκάθεκτος,
1254 3959 1348 4010 καὶ
1377 3961 1482 4022 πᾶς
1505 3977 1586 4021 τις
1619 3961 1726 4013 τῶν
1755 3962 1814 4013 ἐν
1832 3962 1956 4032 δόξῃ

378 4043 665 4113 κραταιῶν
722 4045 991 4099 πασσυδιῄ⁷
1039 4046 1226 4117 χώρας
1263 4048 1715 4119 ἀπεριγράπτους
1762 4053 1957 4104 ἀποτε-

379 4136 666 4206 μνόμενος,
695 4139 753 4190 ἐν
780 4137 1132 4208 ἀνδραπόδων
1148 4139 1290 4209 λόγῳ
1306 4141 1430 4204 τοὺς
1460 4140 1676 4205 ἀθλίους
1707 4143 1955 4195 ἐνέταττε

380 4227 669 4296 κτήτορας,
701 4227 923 4294 σχέτλια
966 4230 1137 4279 ποιεῖν
1170 4229 1267 4299 οὐχ
1292 4229 1614 4298 ἡγούμενος,
1652 4233 1956 4302 πάσχεινδέ

378 4317 598 4386 μᾶλλον,
631 4318 684 4371 εἰ
713 4335 796 4380 τις
828 4319 1013 4390 ἕτερος
1055 4320 1353 4390 ὑπέρτερος
1375 4321 1561 4375 τούτου
1590 4324 1647 4375 ἐν
1676 4325 1956 4396 πλεονεξία

2068 1854 2236 1921 pioris
2285 1858 2499 1926 cognati
2549 1859 2718 1914 nolint
2767 1870 2858 1915 aut
2888 1877 2992 1917 non
3061 1870 3308 1934 possint,
3359 1872 3521 1924 etiam
3556 1889 3648 1926 co-

2068 1948 2214 2016 gnati
2254 1950 2574 2005 remotiores
2604 1953 2976 2010 admittentur.
3006 1955 3177 2013 Nullis
3203 1971 3382 2014 autent
3405 1966 3648 2034 cognatis

2067 2038 2427 2103 exstantibus,
2481 2051 2575 2094 aut
2632 2042 2916 2109 amnibus,
2957 2048 3048 2116 qui
3101 2063 3166 2103 ex
3199 2050 3314 2120 lege
3341 2065 3642 2120 vocantur,

2069 2127 2389 2184 accedentes
2423 2129 2662 2198 ejusdem
2731 2135 2935 2190 militia:
2979 2138 3394 2212 collationisque
3426 2147 3649 2214 partici-

2069 2231 2186 2286 pes,
2236 2219 2578 2290 audiantur;
2633 2226 2724 2295 qui
2760 2227 2805 2280 si
2846 2229 2975 2283 nulli
3008 2230 3138 2299 sint,
3190 2235 3389 2292 milites
3440 2239 3648 2308 inepes,

2070 2310 2256 2364 eadem
2307 2314 2642 2370 sustinentes
2699 2333 2861 2373 onera
2894 2339 2908 2386 ;
2952 2331 3007 2376 ut
3033 2339 3097 2378 ex
3126 2325 3209 2381 his
3242 2329 3543 2385 sarcientes
3574 2334 3646 2399 id,

2068 2404 2210 2468 quod
2245 2418 2432 2460 eorum
2461 2408 2654 2479 inopia:
2685 2412 2872 2476 deest,
2926 2429 2992 2469 eo
3029 2431 3200 2485 usque
3236 2421 3540 2488 proticiant,
3591 2437 3650 2476 ut

2068 2497 2198 2548 satis
2232 2498 2480 2554 habeant.
2537 2503 2692 2570 Quod
2725 2507 2769 2561 si
2802 2524 2868 2563 ne
2899 2509 2974 2563 illi
3006 2512 3222 2579 quidem
3250 2524 3484 2581 exstent,
3532 2532 3648 2570 ntu-

2072 2589 2331 2657 nicipales
2365 2607 2583 2662 quoque
2617 2597 2902 2655 collatores
2937 2603 3111 2657 audiri
3157 2598 3380 2660 necesse
3428 2617 3544 2670 est,
3591 2619 3650 2661 ut

2071 2694 2141 2732 ne
2172 2681 2400 2752 vectigal
2431 2701 2628 2741 census
2657 2688 2966 2746 intercidat.
3012 2692 3068 2748 Si
3103 2709 3231 2750 vero
3255 2698 3409 2752 miles
3443 2713 3654 2766 posses-

2069 2770 2275 2825 sionem
2310 2774 2498 2830 militis
2525 2777 2748 2835 alterius
2796 2784 2964 2847 emit,
3015 2785 3281 2854 siquidem
3316 2789 3552 2858 locuples
3581 2793 3648 2845 ab

2071 2859 2227 2929 inope
2249 2901 2265 2927 ,
2315 2867 2558 2922 eamdem
2597 2885 2718 2924 cum
2752 2876 3059 2942 potentibus
3089 2892 3304 2946 poenam
3337 2884 3645 2951 sustinebit,

2070 2954 2205 3010 citra
2241 2957 2638 3015 restitutionem
2671 2965 2830 3032 pretii
2865 2981 2951 3022 res
2980 2970 3258 3027 amittens.
3303 2972 3397 3028 Sin
3433 2975 3585 3047 inops
3616 2996 3644 3032 a

2072 3043 2354 3118 locuplete,
2385 3052 2604 3108 omnino
2634 3070 2747 3110 rem
2772 3069 3006 3127 emptam
3037 3063 3386 3131 habebit,aut
3411 3043 3644 3139 pret—ium

2076 3140 2320 3209 recipiet.
2382 3142 2535 3208 Quod
2576 3146 2619 3200 si
2650 3149 2808 3202 ambo
2850 3153 3190 3220 reperiantur
3229 3157 3448 3228 inopes,
3503 3166 3645 3232 parti

2071 3229 2268 3285 damno
2294 3232 2498 3288 aﬁ'ecta:
2532 3235 3110 3308 subveniri‘jnbentus,
3149 3245 3302 3299 bona:
3329 3249 3449 3303 ﬁdei
3481 3229 3646 3305 ratio-

2073 3332 2191 3371 nem
2230 3321 2283 3374 in
2320 3321 2422 3377 hoc
2457 3323 2738 3390 habentes,
2773 3341 2892 3396 qua:
2939 3331 3206 3386 neminem
3256 3349 3378 3388 cum
3421 3339 3644 3394 alterius

2069 3409 2394 3466 detrimento
2422 3411 2629 3468 lucrum
2661 3414 2839 3471 facere
2873 3417 3020 3473 sinit.

2137 3501 2191 3554 4.
2247 3501 2340 3558 His
2387 3505 2452 3560 de
2497 3509 2932 3576 possessionibus
2970 3512 3296 3572 militaribus
3329 3520 3524 3587 partim
3562 3523 3636 3577 ita

2070 3595 2317 3664 repertis,
2354 3599 2548 3665 partim
2584 3614 2611 3653 a
2652 3601 2808 3656 nobis
2836 3605 3156 3674 excogitatis
3185 3625 3198 3662 :
3230 3609 3295 3662 ad
3329 3609 3471 3679 ipsas
3505 3627 3641 3681 quo-
3683 3619 3690 3640 "

2065 3699 2170 3752 que
2199 3701 2462 3756 personas
2485 3690 2748 3747 militares
2774 3698 3158 3752 transeundum
3191 3701 3639 3769 existimavimus,

2065 3785 2118 3828 et
2150 3791 2268 3842 quae
2292 3777 2375 3830 his
2405 3778 2767 3847 contigerunt,
2796 3783 2956 3837 altius
2982 3789 3140 3852 paulo
3167 3795 3474 3858 repetenda.
3512 3795 3644 3852 Erat

2068 3862 2358 3928 aliquando
2391 3865 2440 3916 id
2475 3875 2708 3933 tempus,
2756 3885 2876 3922 cum
2920 3872 3074 3936 plena
3112 3890 3290 3930 rerum
3319 3883 3530 3938 eversio
3560 3887 3642 3940 vi-

2068 3962 2237 4020 geret,
2264 3968 2325 4007 ac
2356 3953 2584 4010 infrenis
2611 3956 2842 4024 impetus
2867 3962 3048 4016 exilii:
3081 3980 3200 4018 cum
3229 3971 3406 4038 quivis
3427 3989 3638 4043 eorum,

2066 4045 2158 4114 qui
2191 4043 2359 4113 gloria
2393 4048 2740 4114 praestabant,
2791 4052 2991 4119 passim
3026 4054 3223 4113 fundos
3255 4061 3391 4117 citra
3425 4068 3640 4122 modum
3723 4109 3728 4114 κ

2067 4137 2405 4201 abscindens,
2456 4137 2572 4192 loco
2606 4141 3000 4210 mancipiorum
3036 4146 3261 4204 miseros
3296 4167 3638 4222 possessores

2067 4229 2325 4294 haberet;
2361 4228 2528 4297 iniqui
2563 4245 2622 4283 se
2650 4233 2782 4286 nihil
2812 4237 3130 4294 existimans
3161 4240 3358 4310 facere,
3392 4249 3484 4302 sed
3517 4265 3640 4318 per-

2065 4319 2170 4386 peti
2202 4320 2401 4388 potius,
2433 4321 2557 4374 dum
2582 4321 2722 4378 alius
2750 4325 2923 4393 ipsum
2962 4332 3188 4383 avaritia
3215 4349 3531 4403 superaret:
3565 4342 3638 4395 ita

373 4408 587 4477 ὀφθείη.
624 4409 733 4463 Καὶ
764 4404 832 4482 ἦν
863 4410 1162 4481 ὁλοσχερὴς
1207 4412 1411 4481 ἅμιλλα
1446 4417 1655 4469 κακῶν.
1683 4417 1816 4468 Οὐδὲ
1847 4419 1956 4488 γὰρ

2069 4407 2332 4462 tnalorum
2361 4409 2576 4477 plenum
2612 4415 2878 4479 quoddam
2925 4428 3199 4474 certamen
3249 4435 3388 4479 crat.
3453 4427 3638 4499 Neque

373 4498 492 4550 οὑδὲ
526 4499 688 4567 μέχρι
711 4501 820 4552 τῶν
842 4500 1086 4554 δυνατῶν
1129 4502 1260 4571 έστη
1298 4503 1358 4555 τὸ
1382 4503 1577 4569 δεινὸν,
1607 4506 1720 4558 ἀλλ’
1747 4508 1956 4560 ἐκεῖθεν

373 4588 680 4658 ἀρξάμενον
717 4589 812 4642 καὶ
849 4592 928 4652 είς
953 4591 1078 4653 τοὺς
1099 4591 1460 4660 ὀλιγοσθενεῖς
1497 4595 1865 4666 ἐτελεύτησεν·
1898 4601 1953 4651 αί

373 4679 479 4749 γὰρ
521 4680 632 4732 τῶν
676 4681 1055 4752 ὑπερεχόντων
1105 4681 1246 4746 ἕξεις
1295 4683 1597 4754 διαδόσιμοι
1635 4686 1708 4750 ὡς
1749 4688 1956 4742 ἐπίπαν

375 4769 452 4838 τῷ
474 4769 672 4839 πλήθει
695 4771 956 4838 γίνονται.
986 4773 1093 4825 Καὶ
1124 4771 1296 4835 οὕτως
1317 4775 1363 4826 οἱ
1388 4775 1574 4845 ἄρχειν
1605 4776 1696 4829 τοῦ
1721 4777 1957 4848 στρατοῦ

375 4857 660 4928 λαχόντες,
712 4859 904 4931 ὥσπερ
945 4862 1094 4923 ὄντος
1149 4863 1317 4932 νόμου
1367 4864 1610 4918 τοιοῦτον
1663 4863 1801 4920 εἶναι
1868 4871 1958 4922 τὸν

377 4953 707 5020 στρατηγὸν,
763 4954 1002 5016 ἅπαντες
1057 4949 1192 5022 ἦγον
1250 4953 1362 5007 ἀνω
1404 4972 1462 5007 τε
1499 4957 1595 5008 καὶ
1640 4959 1788 5011 κάτω
1834 4961 1960 5023 τοὺς

378 5045 762 5114 στρατιώτας,
817 5044 916 5098 καὶ
971 5044 1120 5114 δῶρα
1179 5044 1550 5115 λαμϐάνοντες
1613 5049 1960 5105 ἀντεδίδοσαν

371 5137 552 5199 αὐτοῖς
581 5136 930 5206 ἀστρατείαν.
986 5136 1299 5206 ’Ἄνθρωποι
1337 5137 1508 5202 ῶνιοι,
1545 5140 1789 5209 ἀμελεῖς,
1827 5145 1963 5196 ἀπό-

372 5230 551 5299 λεμοι,
611 5229 1301 5301 μυρμήκων,ἀγενέστεροι
1337 5233 1434 5282 καὶ
1481 5230 1661 5284 λύκων
1696 5233 1955 5304 ἁρπακτι.

371 5322 622 5392 κώτεροιο
655 5322 722 5375 δι’
760 5316 834 5375 ὧν
865 5323 990 5386 τοὺς
1019 5322 1246 5392 ἐχθροὺς
1285 5322 1644 5392 δασμολογεῖν
1675 5327 1776 5379 οὐκ
1811 5328 1962 5398 ἕχον-

371 5430 486 5476 τες,
519 5413 924 5483 ὴργυρολόγουν
954 5413 1082 5475 τοὺς
1137 5413 1432 5481 ὑπηκόους.
1484 5413 1649 5468 Ὅθεν
1681 5417 1782 5469 οὐκ
1811 5419 1964 5485 ἐδεή-

375 5505 548 5576 θησαν
593 5505 786 5576 χρόνου
837 5504 974 5573 πρὸς
1041 5505 1100 5558 τὸ
1159 5507 1268 5558 πᾶν
1333 5507 1658 5578 ἀνατρέψαι,
1721 5509 1836 5562 ἀλλ’
1901 5515 1965 5564 ἐκ

374 5597 470 5661 τῆς
505 5596 657 5665 σφῶν
687 5596 1009 5664 καταφορᾶς
1031 5597 1111 5659 είς
1140 5594 1368 5666 ἔσχατον
1418 5598 1666 5652 κινδύνου
1713 5600 1812 5672 τὴν
1855 5603 1964 5654 τῶν

387 5689 678 5760 Ῥωμαίων
696 5687 904 5757 ᾕλασαν
932 5687 1129 5756 ἀρχήν.
1168 5688 1342 5758 Ὅσην
1398 5690 1502 5759 μὲν
1540 5692 1632 5747 οὖν
1659 5691 1757 5762 τὴν
1793 5710 1960 5748 σπου-

656 5785 923 5846 ΡΑϊιιυι..
969 5783 1086 5846 Gn.
1132 5784 1351 5846 CXIII.

2068 4513 2192 4553 vero
2225 4500 2280 4554 in
2321 4502 2632 4570 potentibus
2679 4505 2962 4561 insistebat
3008 4513 3105 4565 hoc
3138 4514 3336 4569 malum
3365 4556 3381 4582 ,
3426 4522 3520 4574 sed
3571 4525 3640 4576 ab

2065 4591 2194 4658 ipsis
2220 4607 2496 4657 exorsum,
2546 4595 2599 4649 in
2639 4597 2814 4652 minus
2844 4600 3091 4658 valentes
3134 4606 3453 4674 desinebat,
3510 4630 3635 4669 nam

2061 4683 2400 4748 superiorum
2434 4683 2748 4739 adfectiones
2783 4688 2834 4740 in
2870 4689 3059 4760 vulgus
3090 4693 3410 4768 plerumque
3435 4717 3636 4774 propa-

2062 4783 2274 4838 gentur.
2331 4774 2585 4844 Adeoque
2616 4779 2707 4845 qui
2739 4780 2787 4831 in
2817 4785 3057 4837 exercitu
3086 4787 3347 4844 militibus
3378 4809 3636 4861 prmsunt,

2063 4863 2217 4929 quasi
2261 4864 2343 4916 lex
2384 4866 2562 4935 aliqua
2605 4867 2763 4922 talem
2803 4885 2922 4926 osse
2956 4874 3145 4930 ducem
3172 4879 3399 4948 jubeat,
3449 4903 3638 4942 omnes

2063 4970 2278 5008 sursum
2305 4957 2666 5028 deorsumque
2697 4961 2896 5018 milites
2925 4978 3112 5037 agunt,
3139 4975 3482 5045 acceptisque
3514 4994 3634 5032 tnu-

2067 5045 2286 5100 neribus
2322 5057 2374 5101 et
2401 5047 2559 5103 donis
2590 5050 2985 5110 immunitatem
3015 5059 3120 5114 illis
3152 5080 3179 5115 ει
3212 5064 3402 5120 militia
3435 5083 3636 5138 repen-

2065 5137 2218 5200 dunt,
2253 5138 2502 5194 homines
2534 5143 2783 5209 venales,
2829 5147 3182 5219 negligentes,
3231 5154 3451 5211 minime
3483 5137 3638 5216 belli-

2067 5230 2201 5295 cosi,
2239 5230 2486 5287 formicis
2515 5234 2939 5304 ignobilioresyt
2961 5241 3098 5311 lupis
3123 5247 3429 5312 rapaciores
3453 5250 3464 5301 !
3495 5251 3636 5316 Qua-

2068 5335 2285 5393 propter
2321 5341 2484 5382 unum
2520 5329 2587 5381 ab
2619 5328 2865 5386 hostibus
2897 5334 3116 5399 exigere
3147 5337 3346 5392 tributa
3383 5356 3487 5394 non
3522 5360 3639 5411 pos-

2066 5428 2216 5481 sent,
2271 5434 2298 5470 a
2349 5419 2580 5474 subditis
2619 5422 2876 5490 pecunias
2919 5423 3225 5491 exigebant.
3291 5428 3478 5498 Itaque
3528 5451 3634 5490 non

2067 5510 2225 5578 longo
2257 5514 2336 5565 eis
2376 5512 2442 5566 ad
2475 5514 2821 5567 evertendam
2854 5515 3240 5582 rempublicam
3285 5523 3460 5588 spatio
3505 5537 3637 5582 tem-

2073 5605 2222 5672 poris
2277 5619 2414 5672 opus
2443 5605 2564 5670 fuit,
2597 5605 2690 5659 sed
2725 5605 3156 5674 pra‘cipitatione
3199 5625 3297 5668 sua
3332 5613 3633 5678 Romanum

2068 5695 2352 5764 imperium
2393 5695 2456 5750 ad
2503 5705 2804 5751 extremum
2844 5696 3143 5767 periculum
3178 5701 3521 5773 impulerunt.
3578 5714 3635 5767 In

3249 5796 3319 5865 19
