4058 6212
417 254 524 319 567

1341 249 1844 312 CONSTANTINI
1875 246 2555 315 PORPHYROGENITI

3575 261 3680 328 538

425 373 618 429 horum
647 385 775 442 ergo
800 370 1140 440 repressione
1159 378 1420 438 quantum
1447 370 1611 425 studii
1637 367 1976 438 posuerimus

2110 366 2206 436 δὴν
2274 372 2403 441 περὶ
2455 372 2553 443 τὴν
2609 371 2813 424 τούτων
2861 371 3161 440 ἀναστυλήν
3213 374 3681 447 κατεϐαλλόμεθα,

425 464 578 519 multi
616 464 739 518 boni
776 459 1146 531 moderatique
1188 458 1286 512 viri
1319 460 1659 529 praulicaturi
1689 469 1834 513 sunt.
1900 457 1996 511 Vel

428 554 715 610 multitudo
743 552 922 621 potius
949 564 1160 614 eorum,
1211 551 1302 619 qui
1337 554 1403 605 ad
1430 551 1664 621 patrium
1702 553 1875 604 solum
1913 565 1996 604 re-

394 647 574 727 ,versi
602 654 750 709 sunt,
794 657 982 698 recens
1010 644 1269 698 servitute
1303 643 1538 706 liberati,
1572 643 1845 698 clamabit.
1889 640 1993 696 Ce-

406 734 706 792 ‘lebrabunt
732 733 919 799 etiam,
944 732 1153 801 opinor,
1177 732 1298 786 alia:
1319 746 1406 787 res
1432 732 1485 787 in
1513 731 1705 786 melius
1735 733 1991 792 redactae,

418 841 644 896 quarum
686 825 832 880 curis
876 824 1096 878 assiduo
1135 826 1464 888 cruciamur,
1507 822 1623 892 ipso
1654 836 1774 876 cum
1807 835 1996 876 somno

418 918 613 974 bellum
655 926 905 986 gerentes
935 934 948 970 :
1006 930 1074 971 ne
1122 914 1288 970 futilis
1332 923 1387 969 et
1421 914 1646 969 evanida
1680 915 1754 968 sit
1783 929 1810 966 a
1842 914 1995 967 nobis

419 1009 725 1078 excogitata
754 1022 960 1072 rerum,
997 1020 1117 1076 qua:
1145 1007 1340 1061 vitiose
1375 1005 1643 1071 feruntur,
1680 1006 1991 1069 correctio;

414 1115 573 1169 quam
602 1100 654 1153 in
688 1098 869 1154 edicto
895 1097 1170 1166 praesenti,
1203 1105 1465 1166 quantum
1497 1096 1614 1165 ejus
1642 1096 1758 1149 fieri
1788 1095 1981 1163 potuit,

416 1200 666 1246 accurato
699 1189 1058 1253 instituimus,
1110 1197 1165 1241 et
1195 1202 1311 1243 aevo
1356 1197 1610 1242 secuturo
1655 1189 1722 1240 ad
1750 1185 1993 1241 dnratio-

418 1299 538 1339 nem
576 1293 838 1337 aeternam
876 1282 1171 1346 tradentes,
1201 1280 1511 1346 sancimus;
1556 1289 1613 1334 ut
1650 1280 1695 1333 si
1730 1278 1853 1347 quis
1887 1280 1990 1331 mi-

415 1376 564 1430 litem
595 1373 769 1428 coloni
824 1373 942 1427 loco
991 1372 1232 1426 detinere
1283 1372 1652 1442 deprehensus
1697 1368 1991 1435 fuerit,si-

416 1467 632 1536 quidem
673 1467 719 1521 is
751 1466 864 1534 ipSe
899 1463 1095 1519 fundos
1133 1463 1323 1528 etiam,
1365 1464 1430 1517 de
1460 1461 1655 1530 quibus
1686 1459 1992 1514 functiones

418 1557 686 1612 militares
734 1556 1077 1618 exhibentur,
1125 1562 1308 1624 raptos
1345 1555 1583 1618 habeat,
1632 1552 1850 1623 triginta
1895 1565 1986 1606 sex

418 1648 622 1702 solidos
651 1661 845 1701 aureos
902 1644 1081 1701 multae
1107 1645 1227 1699 loco
1243 1644 1437 1712 solvat,
1457 1661 1684 1713 quorum
1710 1646 1988 1700 dimidiam

414 1738 629 1806 quidem
676 1743 882 1806 partem
929 1736 1082 1790 miles
1132 1736 1362 1806 accipiet
1403 1737 1472 1791 ad
1517 1737 1986 1804 recuperationem

415 1828 769 1883 restitutionis
791 1828 845 1882 in
871 1828 1144 1899 integrum
1167 1845 1278 1884 suae
1305 1845 1320 1895 ;
1347 1828 1623 1883 dimidiam
1649 1843 1779 1883 vero
1804 1829 1985 1892 fiscus,

412 1922 534 1992 ejus
561 1923 840 1978 servitutis
872 1922 1110 1987 nomine,
1147 1936 1251 1990 qua
1300 1921 1564 1990 spoliatus
1587 1930 1690 1975 est.
1752 1921 1903 1986 Quod
1942 1920 1988 1974 si

411 2031 533 2071 eum
567 2015 764 2085 praedia
793 2014 1045 2069 militaria
1073 2029 1177 2069 non
1216 2014 1477 2083 rapuisse,
1502 2014 1595 2068 sed
1621 2013 1816 2068 emisse
1835 2026 1987 2068 com-

412 2115 625 2174 pertum
657 2106 843 2171 fuerit,
898 2106 1028 2160 fisco
1055 2105 1269 2173 quidem
1298 2105 1485 2174 viginti
1514 2113 1626 2161 tres
1654 2104 1853 2160 solidos
1875 2104 1986 2159 sol-

408 2208 516 2263 vet,
553 2197 813 2253 adversus
843 2197 1066 2252 militem
1099 2213 1228 2253 vero
1258 2196 1527 2252 actionem
1558 2199 1625 2252 de
1654 2197 1833 2266 pretio
1862 2197 1982 2251 nul-

410 2290 517 2343 lam
548 2288 786 2344 habebit.
844 2287 898 2342 Si
931 2301 1061 2343 vero
1103 2288 1217 2341 suis
1248 2285 1405 2341 bonis
1452 2287 1520 2340 ah
1550 2286 1671 2340 aliis
1704 2285 1976 2355 expulsos,

408 2380 493 2435 vel
526 2396 621 2451 per
648 2380 967 2447 semetipsos
994 2380 1242 2435 cessione
1273 2394 1423 2445 usos,
1458 2379 1547 2432 alii
1576 2378 1801 2431 miseriti
1831 2386 1981 2431 rece-

411 2483 626 2541 perunt,
674 2472 757 2527 vel
796 2473 872 2526 uti
908 2472 1226 2526 colonorqu
1256 2470 1454 2525 obeant
1487 2483 1731 2535 munera,
1781 2468 1863 2522 vel
1905 2467 1979 2521 uti

407 2578 505 2633 pro
534 2563 782 2619 mercede
819 2563 1101 2628 serviant;
1140 2573 1292 2617 extra
1324 2565 1535 2630 culpam
1568 2572 1749 2617 sunto.
1803 2561 1859 2615 Si
1888 2561 1979 2629 qui

409 2663 588 2709 autem
618 2655 816 2710 milites
841 2654 1061 2708 idoneos
1094 2653 1160 2707 ad
1196 2653 1502 2707 exhibenda
1529 2652 1827 2708 ministeria
1855 2667 1974 2720 sua,

404 2746 625 2801 fossatis
649 2748 936 2815 subreptos
964 2744 1165 2800 habere
1199 2743 1401 2798 fuerint
1425 2743 1540 2799 ausi
1568 2760 1582 2809 ;
1615 2759 1713 2814 pro
1737 2745 1976 2814 quolibet

405 2850 596 2893 eorum
631 2835 699 2890 ab
723 2849 1016 2891 excussore
1048 2835 1163 2890 sive
1192 2834 1497 2890 discussore
1537 2834 1769 2903 publico,
1814 2834 1973 2890 solidi

408 2942 504 2984 se:
544 2926 772 2993 singulis
801 2925 1009 2980 vicibus
1026 2925 1331 2993 exigentnr,
1361 2939 1499 2993 quos
1531 2924 1691 2978 fiscus
1721 2924 1823 2980 sibi
1852 2912 1972 2978 vin-

2104 459 2289 512 πολλοὶ
2321 463 2428 514 τῶν
2463 462 2715 532 χρηστῶν
2743 464 2836 516 καὶ
2869 463 3106 533 μετρίων
3135 465 3606 537 ἁναφωνήσουσιν,
3648 471 3682 541 ἦ

2104 549 2303 618 μᾶλλον
2330 554 2361 621 ή
2397 553 2610 622 πληθὺς
2641 554 2750 607 τῶν
2781 556 2862 617 είς
2891 555 2952 606 τὸ
2984 555 3213 623 πάτριον
3263 555 3459 623 ἔδαφος
3498 560 3683 612 ἐπινο-

2099 641 2367 696 στούντων
2413 643 2691 714 βοήσεται,
2746 644 3000 715 ἂρτιντῆς
3047 644 3292 709 δουλείας
3336 648 3684 719 ἀπηλλαγμέ-

2097 747 2224 783 νωνι
2260 732 2622 800 ἀναγγελοῦσι
2660 734 2739 800 δὲ,
2776 729 2956 803 οἶμαι,
2989 735 3082 787 καὶ
3099 734 3280 788 αἰτῶν
3318 736 3494 791 ἄλλων
3547 756 3684 810 πρα-

2099 822 2325 889 γμάτων
2359 824 2494 894 πρὸς
2524 824 2593 878 τὰ
2620 827 2855 895 κρείττω
2888 826 3202 895 μεταϐολαὶ.
3233 821 3321 889 αἷς
3346 831 3681 899 προσταλαιο

2100 913 2432 985 πωρούμεθα
2464 918 2582 979 ταῖς
2634 917 2911 986 φροντίσιν
2966 917 3430 988 ὑπνομαχοῦντες,
3475 920 3563 975 ἵνα
3601 925 3678 994 μὴ

2098 1004 2254 1075 κωφή
2288 1022 2370 1068 τις
2486 1007 2581 1061 καὶ
2627 1007 3075 1079 διαπεφορημένη
3109 1011 3141 1081 ή
3178 1010 3525 1081 ὲπινοηθεῖσα
3569 1014 3678 1067 τῶν

2099 1094 2439 1166 πλημμελῶς
2470 1099 2788 1169 φερομένων
2813 1098 3119 1170 διόρθωσις,
3148 1101 3215 1172 ἢν
3249 1104 3305 1155 ἐν
3335 1102 3415 1173 τῷ
3451 1106 3676 1173 παρόντι

2098 1186 2290 1254 ἑδίκτῳ
2323 1185 2399 1248 ὡς
2426 1180 2539 1240 οἷόν
2574 1188 2636 1240 τέ
2678 1188 2826 1241 ἐστιν
2857 1189 3098 1259 ἀκριϐῶς
3127 1190 3669 1261 ἀνεστοιχειώσαμεν,

2102 1277 2195 1328 καὶ
2226 1276 2305 1347 τῷ
2330 1275 2640 1347 ἔμπροσθεν
2670 1277 2848 1348 χρόνῳ
2876 1279 2957 1341 είς
2986 1279 3247 1350 διαμονὴν
3279 1280 3452 1334 ἀΐδιον
3496 1299 3674 1354 παρα-

2097 1365 2331 1430 διδόντες
2372 1366 2701 1438 θεσπίζομεν
2722 1369 2927 1433 οὕτως’
2988 1371 3041 1423 ετ
3080 1388 3166 1435 τις
3220 1373 3559 1444 στρατιώτην
3612 1378 3673 1429 ἐν

2094 1460 2358 1528 παροίκου
2410 1460 2555 1530 λόγῳ
2613 1461 2863 1532 εὑρεθείη
2919 1462 3205 1533 κατέχων,
3270 1468 3316 1517 εἰ
3363 1466 3463 1535 μὲν
3508 1466 3667 1529 αὑτὸς

2093 1549 2296 1612 ἐκεῖνος
2348 1550 2442 1604 καὶ
2474 1551 2541 1604 τὰ
2574 1551 2632 1618 ἐξ
2656 1545 2731 1606 ὧν
2768 1554 2801 1622 ἡ
2852 1553 3112 1625 στρατεία
3145 1554 3497 1626 ὑπηρετεῖται
3536 1559 3671 1627 κτή-

2097 1655 2243 1708 ματα
2270 1640 2524 1711 ἀρπάσας
2552 1640 2685 1711 ἔχει,
2708 1643 3009 1713 τριάκοντα
3031 1643 3090 1711 ἐξ
3107 1645 3330 1715 χρυσίου
3357 1647 3670 1717 νομίσματα

2096 1731 2288 1802 ποινῆς
2341 1733 2526 1787 ἕνεκεν
2580 1733 2864 1801 ἀποτίσει,
2911 1732 2971 1799 ἐξ
3021 1728 3096 1788 ὧν
3140 1736 3208 1789 τὰ
3242 1737 3446 1806 ἡμίσεα
3491 1738 3588 1808 μὲν
3638 1742 3670 1792 ὁ

2097 1824 2436 1895 στρατιώτης
2470 1824 2698 1894 λήψεται
2721 1825 2857 1897 πρὸς
2882 1827 3224 1898 ὲπανάληῲιν
3253 1829 3354 1897 τῆς
3387 1829 3672 1885 ἀποκατα-

2093 1914 2336 1977 στάσεως
2382 1914 2568 1980 αὐτοῦ,
2613 1916 2681 1969 τὰ
2708 1917 2915 1985 ἡμίσεα
2953 1917 3010 1971 δὲ
3053 1920 3082 1972 ὁ
3111 1920 3366 1989 δημόσιος
3394 1916 3461 1990 ἦς
3504 1921 3668 1990 χάριν

2089 2005 2356 2076 ἐστερήθη
2381 2007 2644 2072 δουλείας.
2675 2009 2736 2062 El
2764 2009 2821 2061 δὲ
2841 2010 2940 2080 οὐχ
2963 2011 3364 2082 ἁρπάσας,ἀλλ’
3388 2015 3669 2085 ἀγοράσας

2062 2093 2288 2179 ,εὑρεθῇ
2330 2096 2397 2148 τὰ
2430 2095 2819 2167 στρατιωτικὰ,
2850 2101 2988 2165 πρὸς
3042 2099 3144 2170 μὲν
3175 2104 3267 2153 τὸν
3289 2101 3553 2172 δημόσιον
3585 2101 3666 2156 κδ’

2088 2183 2292 2253 χρυσοῦ
2321 2185 2633 2255 νομίσματα
2667 2187 2983 2257 καταθήσει,
3016 2191 3150 2261 πρὸς
3179 2190 3237 2245 δὲ
3265 2190 3356 2244 τὸν
3393 2192 3663 2264 στρατιώ-

2085 2291 2184 2345 την
2217 2275 2442 2345 ἀγωγὴν
2492 2277 2631 2348 ὑπὲρ
2684 2278 2780 2332 τοῦ
2829 2281 3134 2351 τιμήματος
3176 2283 3273 2353 οὐχ
3307 2283 3439 2350 ἕξει.
3471 2268 3562 2337 Ἐί
3602 2284 3657 2337 δὲ

2085 2365 2287 2435 ἑτέρων
2318 2366 2690 2431 ἐξελασάντων
2716 2371 2915 2434 αὐτοὺς
2953 2372 3019 2426 ὲκ
3038 2372 3147 2427 τῶν
3175 2373 3448 2445 οίκείωνῆ
3482 2374 3654 2429 αὐτῶν

2081 2455 2306 2511 ἐκείνων
2334 2458 2604 2530 ἔκστασξῳ
2629 2462 3012 2532 χρησαμένων.
3039 2463 3189 2517 ἄλλοι
3220 2464 3447 2527 τούτους
3475 2482 3657 2520 κατοι-

2082 2546 2398 2615 κτείραντες
2441 2547 2709 2615 ἐδέξαντο,
2758 2552 2869 2604 εῐτε
2897 2555 3177 2623 παροικεῖν
3218 2553 3330 2607 εἶτε
3389 2554 3656 2625 θητεύειν,

2079 2636 2360 2691 ἀνεύθυνοι
2388 2638 2651 2697 εστωσαν.
2685 2641 2843 2697 Ὅσοι
2870 2644 2928 2697 δὲ
2959 2645 3297 2715 στρατιώτας
3330 2648 3547 2710 ἱκανοὺς
3575 2648 3658 2710 είς

2082 2729 2219 2792 ἰδίας
2269 2730 2572 2802 ὑπηρεσίας
2620 2736 3035 2808 κατετόλμησαν
3063 2737 3209 2808 ἔχειν
3233 2739 3342 2793 τῶν
3370 2740 3659 2808 φοσσάτων

2074 2817 2299 2882 τούτους
2350 2821 2863 2895 ἀποστερήσαντες,
2931 2828 3012 2891 είς
3055 2828 3285 2883 ἕκαστον
3339 2830 3396 2883 ὲν
3438 2829 3658 2899 ἑκάστῳ

2075 2909 2275 2978 χρόνῳ,
2293 2910 2354 2975 ἓξ
2374 2914 2680 2984 νομίσματα
2695 2917 2725 2969 ὁ
2747 2918 3142 2983 ὲξκουσσεύσας
3170 2920 3656 2992 είσπραχθήσιται,

405 3020 643 3075 dicabit:
693 3017 795 3072 nisi
826 3016 967 3071 forte
1008 3015 1078 3070 ab
1123 3016 1253 3083 ipsis
1288 3015 1534 3079 ducibus,
1580 3014 1769 3070 aliisve
1810 3016 1974 3084 magi-

2082 3001 2175 3071 καὶ.
2212 3002 2384 3055 ταῦτα
2420 3006 2449 3058 ὁ
2486 3005 2741 3076 δημόσιος
2792 3009 3163 3077 οἰκειώσεται,
3220 3012 3270 3065 εί
3321 3013 3507 3083 μήπου
3546 3013 3656 3066 ἀπὸ

405 3107 672 3163 stratibus
700 3110 795 3162 eos
826 3106 1154 3175 acceperint,
1200 3103 1410 3172 ipsique
1444 3102 1644 3156 milites
1692 3117 1759 3156 ex
1789 3114 1975 3156 eorum

405 3199 513 3253 sint
544 3212 790 3262 nurnero,
812 3194 902 3265 qni
930 3191 1234 3248 ministerio
1260 3192 1415 3247 ducis
1444 3201 1538 3246 aut
1564 3190 1973 3261 magistratuum

405 3288 767 3342 destinantur.
804 3285 938 3340 Nam
973 3283 1018 3341 si
1058 3283 1302 3338 extranei
1337 3282 1447 3338 sint
1475 3291 1531 3337 et
1568 3281 1822 3352 gregarii,
1862 3295 1970 3336 non

401 3378 722 3433 liberabitur
773 3377 864 3446 qui
903 3390 997 3433 eos
1051 3375 1278 3439 detinet,
1323 3371 1535 3427 tametsi
1586 3374 1817 3441 probare
1866 3386 1970 3424 non

407 3466 689 3523 diﬁicnlter
718 3467 910 3536 possit,
934 3480 965 3519 a
1013 3465 1149 3520 duce
1191 3462 1274 3519 vel
1301 3462 1622 3533 magistratu
1649 3468 1970 3528 potestatem

366 3580 383 3607 ο
403 3557 506 3612 sibi
540 3557 760 3622 factam,
788 3567 844 3611 ut
874 3558 953 3611 eis
982 3564 1182 3611 utatur.

1119 3731 1252 3789 VIII;

403 3842 659 3914 Ejusdem
715 3842 919 3899 novella
984 3845 1515 3914 constitutio,_quam
1551 3843 1765 3914 dictavit
1806 3842 1975 3898 Theo-

471 3916 652 3968 dosius
689 3916 944 3982 patricius
971 3924 1017 3985 et
1047 3924 1276 3985 quwstor
1305 3912 1645 3982 Decapoleos,
1706 3912 1771 3985 de
1821 3928 1975 3985 spor-

471 3985 617 4037 tulis.
649 3987 777 4038 Hu'c
804 3983 1138 4054 promulgata
1177 3984 1529 4054 estabrogata
1573 3984 1740 4053 priori
1764 3983 1972 4054 consti-

473 4058 696 4120 tutione,
722 4052 845 4125 quia
877 4052 1196 4125 permitteret
1239 4053 1509 4125 judicibus
1538 4052 1970 4121 provincialibus,

469 4134 518 4175 et
541 4122 741 4178 scriba!
758 4124 1021 4192 sportulas
1043 4125 1299 4190 accipere,
1322 4122 1421 4188 vel,
1443 4133 1497 4175 ut
1530 4124 1769 4192 quamam
1797 4136 1973 4175 exent-

470 4192 643 4261 plaria
671 4192 884 4255 habent,
908 4193 1176 4260 judicare.

474 4381 732 4450 lnjustam
758 4386 946 4433 contra
983 4389 1198 4434 nostros
1245 4378 1558 4435 tributarios
1593 4394 1763 4446 nuper
1800 4394 1965 4434 exco-

398 4473 619 4545 gitatam
650 4471 960 4543 pensionem
1012 4471 1112 4526 hac
1142 4473 1390 4542 praesenti
1429 4472 1544 4543 lege
1575 4472 1964 4528 emendandam

399 4577 521 4618 esse
567 4561 896 4616 credidimus
927 4601 941 4626 ,
973 4569 1225 4629 putamus
1247 4562 1415 4628 enim,
1443 4561 1587 4633 quod
1636 4563 1836 4617 nullum
1881 4562 1971 4616 fu-

400 4653 498 4721 git,
533 4647 745 4718 qualem
788 4648 1183 4714 confusionem,
1232 4659 1289 4704 et
1325 4650 1745 4720 implicationetn
1800 4654 1968 4707 dicta-

398 4755 517 4797 rum
565 4738 928 4808 sportularum
985 4754 1147 4795 causa
1205 4741 1501 4797 introduxit
1568 4763 1583 4808 ;
1642 4746 1961 4814 deprehensi

402 4845 660 4902 namque,
713 4830 857 4900 quod
889 4831 1006 4886 fieri
1064 4847 1168 4886 non
1195 4834 1400 4899 debuit,
1451 4836 1540 4890 uni
1572 4851 1640 4891 ex
1693 4837 1965 4907 judicibus

394 4925 603 4981 lucrum
632 4923 895 4980 facientes
932 4939 999 4979 ex
1032 4923 1209 4981 alieno
1254 4928 1473 4991 damno.
1509 4930 1587 4985 sie
1618 4932 1964 5001 probationes

397 5012 641 5078 eludunt,
674 5023 732 5067 ut
769 5027 1141 5082 saepenumero
1172 5027 1355 5085 partes
1391 5019 1651 5075 exhibere
1687 5036 1809 5078 sese
1854 5038 1958 5079 non

394 5106 626 5163 valeant.
674 5107 811 5162 Ante
841 5108 1108 5176 siquidem
1160 5112 1517 5166 necessariam
1554 5115 1956 5182 probationem,

393 5202 450 5248 et
500 5181 840 5249 audientiam
878 5198 1274 5265 possessionem
1313 5181 1699 5258 transferentes
1756 5181 1961 5272 praeve-

393 5286 593 5352 niunt;
633 5287 847 5341 interim
888 5302 1030 5358 saepe
1072 5292 1341 5360 contingit
1373 5307 1442 5347 ex
1480 5283 1838 5362 frequentium
1874 5295 1956 5364 ju-

394 5376 571 5431 dicutn
620 5377 839 5442 viatico,
871 5384 927 5432 ct
976 5382 1163 5434 crebra
1218 5380 1550 5449 profectione
1586 5384 1956 5450 ambitionem,

392 5468 505 5523 sive
528 5470 806 5536 pecuniam
835 5470 1114 5540 iudicibus
1146 5475 1555 5541 corrumpendis
1583 5474 1765 5530 datam
1796 5492 1957 5548 supe-

395 5572 516 5610 rare
548 5574 724 5612 rerum
751 5565 818 5614 de
840 5562 1034 5629 quibus
1072 5563 1249 5630 agitur
1281 5561 1722 5617 aestimationem.
1752 5565 1957 5622 Idcirco

396 5647 674 5704 Serenitas
697 5663 904 5717 nostra,
941 5654 1232 5710 consulens
1264 5654 1330 5710 iis
1363 5670 1481 5726 qua:
1503 5668 1822 5726 occurrunt,
1857 5676 1956 5718 nec

2088 3093 2408 3162 στρατηγῶν
2440 3096 2474 3167 ἦ
2507 3098 2615 3151 τῶν
2658 3100 2833 3155 ἄλλων
2874 3104 3152 3173 ἀρχόντων
3194 3102 3416 3165 τούτους
3464 3102 3654 3174 ἔτυχον

2082 3181 2411 3254 δεδεγμένοι,
2470 3189 2563 3241 καὶ
2615 3185 2760 3245 οὗτοι
2804 3192 2869 3245 ἐκ
2919 3193 3028 3246 τῶν
3064 3194 3519 3263 ἀποτεταγμένων
3569 3196 3652 3259 εἰς

2084 3272 2389 3344 ὑπηρεσίαν
2434 3279 2543 3333 τῶν
2594 3283 2975 3355 στρατηγῶνῆ
3005 3284 3114 3338 τῶν
3160 3285 3335 3339 ἄλλων
3376 3285 3651 3355 ἀρχόντων

2079 3366 2534 3438 καθειστήκεσαν.
2603 3373 2668 3427 El
2716 3376 2826 3447 γὰρ
2878 3379 2942 3431 ὲκ
2996 3377 3106 3433 τῶν
3153 3377 3351 3442 ἔξωθεν
3405 3379 3499 3433 καὶ
3546 3377 3650 3447 τῆς

2084 3459 2397 3528 κοινότητός
2434 3466 2592 3528 εἰσιν,
2627 3465 2728 3518 οὑκ
2751 3467 3142 3539 ἁθωωθήσεται
3177 3470 3206 3522 ὁ
3237 3470 3456 3534 τούτους
3486 3470 3647 3540 ἔχων,

2078 3547 2127 3598 εἰ
2169 3550 2260 3602 καὶ
2303 3551 2569 3607 δεικνύειν
2623 3556 2855 3627 ἑτοίμως
2892 3558 3027 3629 ἔχει,
3075 3560 3227 3632 παρὰ
3271 3560 3645 3634 στμτητοῦῆ

2077 3638 2337 3710 ἄρχοντος
2371 3648 2741 3720 ἐπιτραπῆναι
2767 3652 3063 3723 κεχρῆσθαι
3091 3654 3294 3719 αὐτοῖς.

2825 3743 2905 3800 Η’.

2078 3849 2295 3932 ΝεειρᾲΔ
2315 3860 2648 3932 νομοθεσίαν
2702 3859 2809 3915 τοῦ
2857 3861 3067 3932 αὐτοῦ,
3126 3860 3207 3929 ἢν
3264 3864 3646 3932 ὐπηγόρευσε

2150 3923 2451 3999 Θεόδωρος
2472 3930 2780 3998 πατρίκιος
2800 3930 2899 3999 καὶ
2926 3923 3241 3999 κοιαισέωρ
3270 3935 3304 3985 ό
3318 3923 3644 3988 Δέἱιᾰπολί-

2149 4007 2278 4060 της,
2312 3998 2461 4071 Δπερὶ
2505 3998 3102 4071 ἐκᾲταγιατικῶν..Τῆς
3133 4006 3245 4071 γὰρ
3275 4001 3390 4069 πρὸ
3422 4006 3644 4070 ταύτης

2146 4066 2501 4139 οςομοθεσίας
2552 4066 3173 4139 ἀποδοκιμασθείσηςί,
3203 4066 3417 4125 ήδιᾰτύ
3483 4066 3642 4139 asp};

2151 4131 2323 4208 ἐχειν
2355 4131 2495 4208 τοὺς·
2531 4131 2878 4206 θειιιιτικοῦς
2911 4131 3359 4205 κριτίιὲάαίτύν
3390 4131 3643 4208 σκρίέαν

2143 4199 2828 4279 δικαοξτικὰμαιξᾷάνειν,
2858 4199 2921 4276 ἦ,
2943 4199 3034 4273 ’ὠς
3061 4199 3194 4279 ἔνια
3220 4207 3340 4263 τῶν
3363 4199 3641 4279 ἀγξηρά-

2142 4288 2271 4338 spur
2296 4273 2443 4341 ἔχει,
2473 4273 2749 4344 δικάζειν,
2777 4273 3176 4346 ἐνομοθετήθη
3207 4279 3384 4347 αὕτη.

2145 4384 2388 4440 Ἐριτισίν
2430 4405 2551 4442 τινα
2598 4389 2906 4461 παράλογον
2929 4390 3052 4461 ἄρτι
3085 4391 3188 4462 πρὸ
3222 4390 3453 4462 βραχέος
3498 4392 3641 4447 κατὰ

2075 4476 2181 4529 τῶν
2203 4478 2487 4550 ήμετέρων
2525 4482 2904 4551 ὲπινοηθεῖσαν
2928 4483 3203 4538 ὑποτελῶν
3235 4485 3345 4538 δεῖν
3377 4483 3639 4555 ᾠήθημεν

2070 4565 2157 4618 διὰ
2212 4565 2306 4619 τοῦ
2356 4569 2621 4638 παρόντος
2683 4573 3167 4644 ἐπανορθώσασθαι
3218 4574 3633 4645 διαγγέλματος.

2071 4653 2236 4727 Οἶμαι
2286 4660 2415 4733 γὰρ,
2461 4661 2536 4725 ὡς
2574 4663 2763 4717 οὐδένα
2811 4665 3197 4734 διαπέφευγεν,
3226 4666 3345 4719 οἵαν
3373 4665 3634 4736 σύγχυσιν

2069 4752 2163 4802 καὶ
2191 4751 2491 4824 ἐπιπλοκὴν
2527 4755 2559 4825 ἡ
2600 4755 2710 4810 τῶν
2737 4757 3044 4827 λεγομένων
3082 4757 3475 4827 ὲκταγιατικῶν
3507 4758 3636 4810 ὑπό-

2068 4840 2216 4905 θεσις
2250 4846 2648 4916 παρεισήγαγε.
2677 4847 2994 4918 Θηρώμενοι
3028 4849 3136 4918 γὰρ
3165 4848 3242 4911 ὡς
3286 4849 3384 4903 οὐκ
3429 4848 3634 4915 ὤφελον

2065 4933 2149 4987 ἑνὶ
2202 4935 2312 4989 τῶν
2353 4936 2622 4991 δικαστῶν
2664 4940 2848 5009 κέρδος
2877 4942 3050 4993 ποιεῖν
3077 4941 3139 4992 ὲκ
3181 4940 3278 5010 τῆς
3316 4940 3504 5011 ἑτέρου
3537 4938 3634 5007 Cr,-

2066 5027 2219 5095 μίας.
2256 5025 2398 5081 οὕτω
2429 5030 2818 5098 κατασχίζουσι
2846 5031 2945 5094 τὰς
2974 5030 3295 5098 ἀποδείξεις,
3324 5031 3400 5094 ὡς
3430 5029 3629 5084 πολλά-

2063 5131 2150 5176 κις
2202 5116 2336 5185 μηδὲ
2385 5119 2483 5189 τὴν
2542 5120 2652 5173 τῶν
2695 5121 2876 5191 μερῶν
2922 5122 3272 5193 παράστασιν
3311 5122 3624 5193 ὑπομένειν.

2063 5207 2176 5277 Πρὸ
2227 5209 2336 5279 γὰρ
2388 5211 2485 5280 τῆς
2524 5212 2748 5283 δεούσης
2793 5214 3115 5283 δοκιμασίας
3164 5215 3260 5268 καὶ
3315 5216 3627 5282 ἀκροάσεως

2063 5298 2325 5366 φθάνουσι
2375 5303 2473 5369 τὴν
2534 5305 2860 5373 μεταγωγὴν
2906 5304 3172 5375 ὁρώμενοι
3208 5305 3307 5375 τῆς
3340 5305 3540 5375 νομῆςο
3570 5306 3628 5357 ἑν

2059 5387 2140 5455 οἷς
2178 5394 2435 5456 πολλάκις
2484 5395 2792 5464 συμϐαίνει,
2835 5398 2900 5450 ὲκ
2929 5396 3028 5465 τῆς
3071 5397 3178 5450 τῶν
3212 5396 3453 5467 συνεχῶν
3477 5395 3630 5449 δικα-

2061 5486 2202 5538 στῶν
2236 5486 2426 5554 ἐφόδου
2458 5488 2549 5538 καὶ
2582 5490 2679 5555 τῆς
2712 5488 3114 5559 ἀλλεπαλλήλου
3168 5490 3479 5560 μεταφορᾶς
3508 5487 3627 5558 ιτὴν

2058 5575 2165 5629 τῶν
2204 5576 2583 5647 ὑποκειμένων
2641 5579 2952 5649 διατίμησιν
2995 5580 3086 5633 τὸν
3125 5579 3397 5651 δεκασμὸν
3423 5582 3629 5649 ὑπερα-

2058 5669 2320 5724 κοντίσαι.
2352 5670 2451 5723 Διὰ
2476 5670 2699 5725 τοιαῦτα
2731 5672 2764 5742 ή
2802 5674 3051 5743 ἡμετέρα
3083 5671 3393 5744 Γαληνότης
3425 5671 3628 5743 πολλὴν
