4056 6210
401 308 513 369 539

1503 313 1868 374 NOVELLE
1910 313 2586 378 CONS’l‘l'l‘U'l‘lONES.

3541 315 3652 385 5&0

403 418 708 486 ποιουμένη
743 434 850 470 των
900 419 1004 472 ὑπὸ
1062 423 1216 490 χεῖρα
1267 422 1364 493 τὴν
1419 424 1694 490 πρόνοιαν,
1750 427 1811 480 οὑ
1858 427 1974 479 νέαν

2091 443 2281 480 novam
2346 428 3060 500 aliquam{cnstitutionent
3118 432 3501 499 introduccns,
3557 437 3650 489 sed

405 509 528 560 τινά
559 509 926 574 ἐπεισάγουσα
953 509 1292 583 νομοθεσίαν,
1324 511 1459 564 ἀλλά
1487 512 1585 583 τὴν
1620 513 1856 566 παλαιάν
1884 517 1977 566 καὶ

403 603 704 655 ἀδέκαστον
729 603 1089 674 ἀνακτωμένη
1118 605 1426 675 συνήθειαν,
1461 607 1711 677 συντόμῳ
1746 607 1890 678 λόγῳ
1911 610 1977 661 τὰ

404 712 470 746 πε
480 695 532 762 ρὶ
560 694 766 747 τούτων
793 694 942 747 διατυ
952 699 1062 750 ποῖ.

473 794 542 840 α’.
597 786 922 856 Περίζεσθαι
974 788 1072 856 μὲν
1101 783 1192 842 οὖν
1226 790 1348 843 κατ’
1379 789 1566 842 οὑδένα
1607 790 1762 857 λόγον
1793 789 1978 860 βουλό-

405 879 545 947 μεθα
577 878 702 940 τοὺς
742 878 1000 940 δικαστάς
1034 881 1222 950 κέρδος
1267 884 1328 934 ἐκ
1374 883 1483 936 τῶν
1523 882 1798 946 τοιούτων,
1853 883 1977 936 οὑδὲ

405 973 471 1040 τῇ
505 971 775 1040 προφάσει
804 971 913 1022 τῶν
937 971 1199 1040 νοταρίων
1231 972 1262 1041 ἦ
1296 973 1597 1042 ἀνθρώπων
1628 974 1828 1029 αὑτῶν.
1867 976 1975 1027 Οὑ-

405 1060 463 1111 δὲ
485 1061 610 1130 γάρ,
645 1060 763 1112 οὐδὲ
795 1060 1019 1124 τούτους
1055 1063 1321 1132 μεριστάς
1355 1060 1493 1116 εἶναι
1519 1065 1628 1116 τῶν
1667 1067 1977 1132 ἐκταγιατι-

411 1148 522 1199 κῶν
555 1149 960 1219 συγχωροῦμεν,
999 1151 1136 1204 ἀλλὰ
1166 1153 1347 1220 μόνοις
1371 1156 1484 1216 τοῖς
1513 1154 1976 1224 ὑπηρετουμένοις

409 1239 526 1302 ταῖς
544 1238 732 1302 τάξεσι
785 1238 893 1290 τῶν
928 1241 1132 1308 κριτῶν
1179 1241 1661 1312 προελευσιμαίοις
1707 1244 1847 1296 κατὰ
1879 1244 1977 1314 τὴν

412 1329 775 1398 ὑποκειμένην
846 1330 1159 1399 οἰκονομίαν
1212 1334 1542 1402 συμμέτρως
1609 1335 1976 1407 ἐπιτρέπομεν

409 1416 504 1485 τὴν
534 1417 740 1470 τούτων
766 1417 946 1488 λῆψιν.
993 1417 1329 1472 Ἱκανοῢσθαι
1365 1421 1418 1474 δὲ
1449 1422 1525 1492 τῷ
1552 1423 1649 1490 μὲν
1670 1428 1830 1494 κριτῇ
1863 1426 1977 1480 δια⁹

409 1504 738 1575 κελευόμεθα
772 1509 829 1560 ἐν
859 1508 1086 1570 ἐκείνοις
1117 1512 1227 1572 τοῖς
1265 1511 1328 1562 ἐκ
1363 1511 1464 1580 τῆς
1502 1513 1783 1584 βασιλικῆς
1824 1515 1976 1566 εὑσε-

406 1596 535 1657 ϐοῦς
567 1597 749 1668 χειρὸς
786 1599 881 1651 καὶ
928 1599 1025 1668 τῆς
1054 1600 1147 1653 τοῦ
1181 1601 1463 1671 προσοδίου
1496 1605 1660 1657 αὑτοῦ
1693 1609 1939 1676 παροχῆς
1959 1625 1972 1638 ·

407 1689 518 1748 τοῖς
550 1687 608 1740 δὲ
652 1689 718 1758 τῇ
759 1689 1033 1760 ὑπηρεσίᾳ
1075 1691 1239 1743 αὑτοῦ
1290 1693 1771 1764 ὑποτεταγμένοις,
1815 1713 1974 1750 νοτα-

408 1777 545 1844 ρίοις
578 1793 639 1828 τε
677 1755 771 1830 καὶ
797 1755 1110 1848 ὑπουργοῖς,
1142 1781 1201 1844 ἐξ
1230 1776 1304 1834 ὧν
1347 1783 1487 1850 ὑπὲρ
1681 1755 1973 1854 ἐγγράφων
2006 1755 2050 1815 Β

406 1864 641 1932 κρίσεων
683 1866 1046 1936 λαμϐάνουσιν
1083 1872 1210 1940 παρ’
1246 1873 1490 1935 ἐκείνων,
1523 1873 1574 1926 εἲ
1613 1875 1711 1946 τὴν
1740 1876 1976 1928 νικῶσαν

405 1953 807 2023 ἀποφερόμενοι
858 1957 1038 2026 ψῆφον
1092 1960 1336 2027 κρίσεσιν
1396 1963 1694 2032 ἐγγράφοις
1743 1981 1974 2035 κατοχυ-

411 2040 683 2110 ρώσασθαι
711 2043 914 2116 ταύτην
935 2050 1292 2119 προῄρηνται.
1314 2052 1468 2105 υὺτω
1495 2055 1603 2124 γὰρ
1631 2057 1761 2108 καὶό
1784 2057 1975 2128 κριτὴς

411 2131 806 2205 ἐπιπονώτερον
841 2137 979 2206 πρὸς
1010 2139 1222 2194 τελείαν
1268 2143 1540 2210 ἀπόφασιν
1568 2145 1677 2198 τῶν
1709 2146 1974 2219 ζητουμέ-

410 2242 513 2277 νων
556 2225 986 2298 διαναστήσεται,
1017 2232 1110 2284 καὶ
1154 2235 1203 2284 οἱ
1247 2238 1614 2306 προσήκοντες
1647 2240 1794 2310 αὐτῷ
1825 2244 1969 2314 ὑπη-

411 2316 560 2384 ρέται
609 2318 743 2388 πρὸς
790 2320 950 2374 τοῦτο
993 2322 1314 2393 διοικήσεως
1369 2321 1758 2397 ἐποτρυνοῦσιν
1805 2333 1970 2387 αὑτὺν

406 2409 498 2460 καὶ
527 2411 966 2480 παρακαλέσουσι
988 2415 1109 2468 ικαὶ
1154 2417 1561 2490 προθυμότερον
1598 2421 1971 2490 θεραπεύσου-

405 2513 508 2563 σιν,
540 2499 741 2564 εἰδότες
767 2503 838 2564 ῶς
866 2503 966 2556 οὑκ
1010 2503 1162 2558 ἐσται
1211 2507 1431 2560 ἄλλοθεν
1479 2509 1661 2574 αὑτοῖς
1702 2515 1971 2584 πορισμὸς

403 2588 556 2658 εἰμὴ
603 2589 773 2656 όφάπδ
825 2594 1132 2658 συντελείας
1168 2596 1269 2666 τῆς
1317 2597 1492 2669 δίκης,
1543 2603 1590 2653 εἰ
1641 2601 1686 2653 δ’
1722 2603 1788 2682 ᾷν
1844 2607 1971 2675 μίαν

2083 527 2316 570 veterem
2335 518 2702 587 incorruptam
2733 523 3179 578 consuetudinem
3203 540 3493 591 renovatis,
3529 526 3653 581 bre-

2080 609 2214 661 viter
2253 608 2364 662 haec
2391 609 2456 663 de
2486 609 2567 662 liis
2594 611 2895 666 constituit.

2152 786 2175 838 i
2191 827 2201 838 .
2217 784 2368 839 Nulla
2385 785 2552 854 igitur
2567 785 2771 841 ratione
2788 788 3247 858 volutnusjudices
3263 807 3327 848 ex
3343 793 3426 848 his
3444 794 3653 851 lucrum

2081 877 2279 941 facere,
2318 891 2416 931 nec
2443 885 2706 945 prietextu
2733 877 3093 944 natariorum,
3137 883 3218 935 vel
3239 899 3458 939 suorum
3480 886 3654 940 homi-

2081 981 2207 1018 num
2245 983 2258 1029 ;
2299 979 2472 1033 neque
2501 967 2884 1034 permittimus,
2923 968 3068 1036 ipsos
3096 973 3458 1039 sportularum
3517 987 3646 1045 par-

2082 1055 2271 1122 ticipes
2317 1070 2479 1121 esse;
2541 1057 2635 1110 sed
2673 1056 2742 1112 iis
2779 1057 3058 1124 duntaxat,
3095 1063 3184 1129 qui
3224 1062 3496 1131 iudicibus
3522 1069 3652 1122 sub-

2081 1146 2324 1199 serviuut
2355 1145 2408 1198 in
2447 1145 2710 1201 faciendis
2746 1148 3050 1216 itineribus,
3085 1167 3181 1219 pro
3235 1154 3649 1222 dispensationis

2083 1237 2167 1291 liic
2224 1235 2480 1304 subjectae
2539 1239 2734 1302 modo,
2790 1242 3190 1310 perceptionem
3227 1246 3414 1298 harum
3452 1261 3649 1302 conce-

2080 1329 2274 1383 dimus.
2306 1327 2547 1383 Judicem
2584 1329 2748 1400 igitur
2777 1340 3091 1385 contentum
3131 1334 3196 1388 iis
3229 1348 3349 1388 esse
3374 1335 3648 1404 jubemus,

2078 1436 2202 1489 qua:
2227 1420 2294 1474 ab
2321 1423 2669 1490 imperatoris
2704 1424 2790 1492 pia
2845 1440 3007 1479 manu
3045 1425 3259 1496 accipit,
3292 1427 3536 1500 adeoque
3563 1445 3645 1487 re-

2079 1509 2222 1563 ditus
2266 1510 2348 1563 sui
2380 1512 2773 1580 praestatione;
2841 1515 3090 1570 subditos
3125 1526 3306 1571 autem
3348 1520 3652 1586 ministerio

2080 1600 2267 1670 ipsius,
2325 1609 2430 1654 tam
2468 1603 2725 1668 notarios,
2782 1619 2945 1674 quam
2975 1608 3336 1677 apparitores;
3379 1610 3468 1677 iis,
3532 1627 3652 1680 qua:

2080 1703 2176 1757 pro
2218 1690 2435 1754 judieiis
2471 1693 2524 1746 in
2578 1695 2778 1763 scripta
2810 1697 3044 1752 redactis
3081 1701 3149 1754 ab
3194 1700 3302 1755 illis
3353 1702 3650 1771 accipiunt,

2077 1787 2167 1852 qui
2200 1783 2522 1838 sententiam
2542 1784 2818 1840 victricem
2843 1789 3139 1855 consecuti,
3165 1789 3382 1858 scriptis
3405 1789 3650 1857 judiciis.

2077 1881 2291 1928 munire
2325 1889 2441 1930 eam
2493 1877 2736 1944 cupiunt.
2774 1877 2866 1931 Sic
2920 1879 3086 1943 enim,
3117 1879 3359 1950 etjudex
3409 1881 3649 1938 laborio-

2075 1981 2170 2021 sus
2191 1965 2259 2020 ad
2297 1965 2629 2020 delinitivam
2686 1967 3015 2021 sententiam
3054 1969 3105 2022 iit
3139 1969 3301 2026 rebus
3327 1981 3651 2028 controver-

2075 2058 2150 2112 sis
2202 2058 2530 2127 properabit,
2565 2066 2619 2112 et
2648 2057 2792 2113 illius
2819 2059 3158 2128 apparitores
3207 2063 3383 2131 ipsum
3424 2066 3492 2119 ad
3546 2067 3648 2121 hoc

2075 2155 2342 2223 agendum
2406 2153 2729 2215 incitabant,
2785 2163 2839 2207 et
2901 2154 3228 2223 invitabunt,
3287 2157 3617 2228 alacrioriqu

2079 2245 2260 2299 animo
2297 2245 2616 2308 inservient,
2659 2247 2895 2302 scientes
2924 2247 3143 2304 aliunde
3171 2249 3407 2304 fructum
3451 2265 3638 2318 capere

2078 2349 2136 2388 se
2166 2350 2272 2388 non
2293 2349 2449 2404 posse
2473 2377 2487 2402 ,
2517 2350 2677 2403 quam
2723 2349 2788 2390 ex
2823 2338 3295 2393 consummatione
3329 2338 3460 2394 litis.
3494 2339 3650 2406 Quod

2077 2427 2121 2481 si
2150 2427 2473 2480 sententiam
2525 2442 2685 2480 unam
2719 2428 2955 2498 quolibet
2985 2431 3073 2484 die
3099 2432 3390 2500 protulerit
3415 2432 3482 2488 de
3534 2442 3648 2488 tre-

2076 2519 2247 2572 centis
2299 2519 2531 2588 amplius
2581 2521 2792 2588 solidis,
2851 2521 3071 2577 omnino
3106 2522 3312 2578 lucrum
3353 2539 3498 2580 artno
3539 2535 3650 2581 toto

2077 2611 2281 2665 nullum
2315 2612 2492 2681 capiet

403 2680 676 2748 ἀπόφασιν
719 2683 802 2751 ἐφ’
845 2685 1047 2756 ἑκάστῃ
1090 2689 1271 2759 ἡμέρᾳ
1302 2692 1394 2743 καὶ
1435 2693 1615 2747 κοίσιν
1645 2697 1962 2766 ποιήσηται,
2001 2704 2141 2774 ὑπὲρ
2179 2706 2246 2757 τά
2311 2707 2597 2775 τριακόσια
2642 2705 2952 2776 νομίσματα
3019 2707 3237 2773 πάντως
3278 2710 3345 2763 δι’
3387 2712 3510 2765 ὅλου
3555 2711 3650 2767 τοῦ

405 2775 652 2828 ἐνιαυτοῦ
678 2778 997 2846 κομιοῦνται
1026 2783 1237 2851 κέρδος.

475 2869 539 2939 β’.
581 2869 726 2941 Πλὴν
761 2873 873 2925 ἀλλ’
900 2874 1016 2927 οὐδὲ
1039 2875 1095 2928 ἐν
1122 2877 1331 2942 τούτοις
1362 2880 1753 2956 διακεχυμένην
1786 2888 1966 2951 αὐτοῖς

405 2961 498 3011 καὶ
534 2959 876 3014 ὰδιάστικτον
927 2964 1243 3035 παρέχομεν
1275 2968 1482 3037 ἄδειαν,
1537 2974 1674 3027 ἀλλά
1707 2977 1800 3028 καὶ
1831 2978 1966 3045 πρῖς

404 3051 503 3121 τὴν
539 3052 636 3120 τῆς
677 3052 831 3122 δίκης
871 3056 1141 3126 ποσότητα
1176 3061 1271 3114 καὶ
1315 3061 1405 3114 τὸν
1451 3064 1642 3134 μισθὸν
1675 3066 1967 3121 διατυποῦο

413 3158 512 3208 μεν
557 3141 654 3211 τῆς
708 3143 988 3214 ἐγγράφου
1035 3150 1286 3220 κρίσεως.
1327 3154 1450 3206 Ἐπὶ
1500 3155 1750 3210 ὑποθέσει
1792 3158 1971 3212 τοίνυν

407 3233 494 3298 λς’
523 3237 872 3306 νομισμάτων
902 3237 962 3302 ἓξ
991 3240 1313 3313 μιλιαρήσια
1346 3244 1436 3298 τὸν
1467 3247 1846 3317 δικαιούμενον
1879 3251 1972 3304 καὶ

408 3325 587 3394 κρίσιν
626 3326 901 3396 ἔγγραφον
942 3329 1285 3399 λαμϐάνοντα
1317 3335 1703 3390 κατατίθεσθαι
1753 3339 1970 3391 κελευό-

409 3416 547 3485 μεθα
568 3434 582 3448 ·
620 3418 715 3470 ἐπὶ
742 3418 798 3471 δὲ
825 3421 952 3488 μιᾶς
990 3421 1176 3491 λίτρας
1201 3423 1234 3494 ἢ
1263 3424 1406 3477 δυοῖν
1438 3426 1470 3496 ἢ
1506 3429 1700 3497 τριῶν,
1729 3431 1969 3500 νόμισμα

405 3507 464 3559 ἓν
492 3524 504 3537 ’
536 3508 628 3560 ἐπὶ
655 3507 712 3560 δέ
739 3509 1021 3579 τεσσάρων
1050 3511 1082 3580 ἦ
1113 3512 1275 3566 πέντε
1304 3513 1335 3583 ἢ
1371 3514 1449 3578 ἒξ,
1498 3518 1808 3587 νομίσματα
1839 3520 1932 3574 δύο
1955 3537 1970 3552 ο

405 3597 498 3649 ἐπὶ
519 3598 575 3651 δὲ
596 3599 638 3662 ζ’
665 3598 697 3669 ἢ
721 3597 768 3670 η’
807 3599 839 3669 ἢ
868 3597 932 3664 θ’,
966 3603 1273 3672 νομίσματα
1299 3607 1426 3676 τρία
1446 3623 1460 3636 ·
1492 3609 1583 3660 ἐπὶ
1609 3609 1662 3662 δὲ
1694 3616 1723 3662 ι’
1753 3612 1784 3681 ἢ
1835 3611 1905 3664 ια’
1935 3611 1968 3682 ἢ

409 3688 497 3759 ιβ’,
528 3691 842 3762 νομίσματα
862 3691 903 3743 δ’
925 3707 939 3722 ο
977 3693 1069 3744 ἐπὶ
1100 3693 1156 3745 δέ
1187 3697 1484 3768 ποσότητος
1522 3701 1764 3765 πλείονος
1793 3703 1892 3773 ὅση
1927 3703 1974 3755 δ’

407 3781 474 3832 ἄν
509 3783 623 3836 ἐστι
661 3784 822 3854 μέχρι
877 3785 1248 3856 κεντηναρίου,
1307 3789 1617 3859 νομίσματα
1666 3790 1705 3844 ε’
1748 3798 1842 3846 καὶ
1898 3793 1972 3864 μὴ

405 3876 732 3946 περαιτέρω.
767 3879 953 3933 Ταῦτα
981 3883 1039 3933 ἐν
1080 3883 1345 3954 κρίσεσιν,
1377 3882 1512 3934 ὃπου
1558 3885 1798 3954 μερισίαι
1844 3885 1974 3937 πολ-

406 3964 562 4029 λάκις
595 3967 626 4036 ἢ
657 3969 941 4034 ἀποδόσεις
974 3972 1448 4026 ἐπακολουθοῦσιν.
1495 3975 1582 4026 Ἑν
1608 3970 1687 4036 οἷς
1727 3975 1783 4027 δὲ
1820 3992 1973 4046 μερι-

2147 2887 2201 2941 2.
2239 2883 2622 2939 Verumtamen
2665 2899 2837 2954 neque
2864 2886 3141 2941 confusam
3175 2887 3227 2942 in
3263 2887 3366 2953 bis,
3395 2897 3450 2942 et
3481 2889 3652 2944 indis.

2078 2977 2302 3031 tinctam
2381 2975 2656 3030 licentiam
2715 2976 2849 3045 ipsis
2908 2979 3258 3034 concedimus
3305 3018 3322 3045 ,
3404 2982 3495 3035 sed
3551 2995 3649 3050 pro

2073 3067 2374 3136 quantitate
2426 3065 2557 3131 litis,
2594 3066 2759 3118 etiam
2816 3066 3071 3120 salarium
3123 3067 3314 3137 iudicii
3375 3069 3642 3139 scriptura

2073 3153 2443 3222 comprehensi
2485 3153 2884 3208 constituimus.
2958 3153 3300 3224 Quapropter
3373 3158 3426 3212 in
3483 3171 3645 3213 causa

2076 3244 2295 3312 triginta
2352 3258 2444 3297 sex
2488 3243 2805 3308 solidorum,
2837 3258 2929 3298 sex
2966 3243 3158 3309 millia,
3193 3247 3312 3302 sive
3362 3249 3502 3302 mala
3536 3249 3648 3304 litis

2073 3338 2358 3400 victorem,
2392 3335 2484 3404 qui
2513 3336 2836 3389 sententiam
2881 3335 2934 3388 in
2968 3336 3188 3404 scriptis
3212 3337 3428 3406 accipit,
3469 3341 3646 3394 solve-

2076 3443 2134 3482 re
2166 3428 2438 3496 jubcmus.
2476 3425 2530 3479 lu
2559 3441 2665 3480 una
2707 3441 2836 3480 vero
2855 3426 3013 3492 libra,
3049 3429 3129 3481 vel
3161 3428 3390 3498 duabus,
3424 3430 3507 3486 vel
3554 3432 3650 3486 tri-

2077 3520 2198 3581 bus,
2221 3518 2451 3573 solidum
2487 3533 2674 3571 unum.
2707 3517 2764 3571 lu
2789 3518 2940 3573 libris
2990 3529 3244 3588 quatuor,
3277 3522 3360 3576 vel
3384 3522 3649 3593 quinque,

2075 3610 2160 3664 vel
2194 3625 2283 3663 sex
2349 3609 2550 3663 solidos
2604 3609 2757 3662 duos.
2790 3610 2850 3663 In
2885 3618 3117 3680 septem,
3141 3611 3223 3666 vel
3247 3622 3390 3678 octo,
3441 3614 3518 3668 vel
3553 3631 3650 3668 uo-

2077 3714 2196 3754 vem
2235 3699 2406 3763 libris,
2446 3699 2647 3753 solidus
2681 3708 2809 3752 tres.
2851 3699 2904 3753 ln
2941 3700 3094 3754 libris
3121 3702 3329 3768 decem,
3365 3702 3447 3757 vel
3482 3705 3652 3758 unde-

2078 3791 2183 3844 cim
2228 3827 2242 3853 ,
2295 3788 2376 3842 vel
2422 3789 2728 3855 duodecim,
2779 3790 2982 3845 solidos
3039 3800 3289 3858 quatuor.
3341 3792 3397 3846 lu
3451 3794 3653 3862 majore

2079 3893 2308 3941 summa,
2360 3887 2780 3946 quantacunque
2841 3879 3002 3933 fuerit
3055 3896 3226 3949 usque
3271 3885 3337 3936 ad
3391 3896 3650 3938 centena-

2079 3975 2243 4032 rium,
2281 3970 2480 4025 solidos
2509 3971 2767 4040 quinque,
2801 3985 2904 4024 non
2953 3972 3205 4040 amplius.
3241 3974 3416 4044 Atque
3454 3977 3566 4030 ltzec
3599 3979 3649 4030 in

407 4056 494 4108 κοὶ
549 4061 880 4130 μερισμοὶῆ
931 4063 1240 4133 ἐντάλματα
1298 4065 1331 4134 ἢ
1379 4064 1707 4136 σημειώσεις
1746 4067 1974 4122 καταθέ-

2078 4061 2288 4132 iudiciis
2323 4101 2338 4126 ,
2387 4061 2477 4114 ubi
2537 4061 2856 4130 partitiones
2900 4076 3295 4132 smpenumero,
3360 4066 3442 4121 vel
3496 4069 3646 4123 solu-

406 4145 544 4200 σεών
568 4165 729 4202 τινων
755 4153 977 4216 εἰκότως
999 4153 1057 4223 ἢ,
1080 4156 1443 4224 διαγνώσεων,
1462 4158 1666 4211 ἀτελῶν
1689 4159 1872 4228 μέντοι
1888 4176 1973 4228 γε,

405 4239 464 4287 ἐν
512 4239 624 4300 τοῖς
677 4241 942 4307 τοιούτοις
978 4246 1052 4315 μὴ
1101 4246 1261 4299 πλέον
1311 4246 1406 4300 τοῦ
1447 4247 1780 4318 νομίσματος
1835 4267 1978 4321 παρ-

406 4327 628 4398 έχεσθαι
657 4333 749 4384 ἐπὶ
799 4333 864 4404 ιβ’
911 4335 1110 4406 λιτρῶν
1154 4339 1412 4409 ποσότητι
1447 4342 1541 4394 καὶ
1587 4341 1840 4395 ἐπέκεινα
1873 4343 1978 4397 κάν

2079 4154 2251 4208 tiones
2317 4161 2637 4221 sequuntur.
2692 4149 2750 4206 in
2807 4153 3001 4221 quibus
3047 4163 3227 4208 autem
3295 4159 3650 4226 particulares

2079 4243 2394 4310 divisiones,
2426 4245 2511 4299 vel
2561 4244 2832 4308 mandata,
2883 4243 2965 4297 vel
3001 4246 3326 4314 notationes,
3386 4262 3648 4316 quarum-

2079 4337 2202 4394 dam
2267 4337 2406 4394 l‘orte
2436 4337 2856 4408 depositionum,
2911 4347 3002 4390 aut
3047 4354 3225 4394 causa:
3278 4341 3648 4411 cognitionum

405 4420 550 4492 ὑπὲρ
579 4424 934 4496 κεντηναρίου
1064 4424 1226 4499 ἦττον
1259 4429 1315 4482 δέ
1361 4430 1454 4484 τοῦ
1485 4432 1812 4502 νομίσματος
1845 4436 1974 4504 μᾶλ-

2081 4443 2391 4495 versantur,
2418 4445 2537 4500 qua:
2583 4443 2759 4485 tamen
2787 4433 2853 4485 ad
2897 4431 3131 4485 minores
3152 4442 3398 4501 spectent
3425 4451 3438 4499 ;
3483 4434 3535 4486 in
3567 4443 3652 4486 ta-

400 4508 493 4560 λον
520 4512 641 4563 κατ’
673 4511 968 4581 ἀναλογίαν
1000 4519 1097 4586 τῆς
1131 4519 1501 4591 ὑποκειμένης
1532 4524 1847 4593 ποσότητος,
1893 4523 1969 4588 ὡς

401 4599 714 4665 λογίζεσθαι
747 4603 1092 4675 μιλιαρήσιον
1113 4609 1198 4675 ἐφ’
1233 4611 1434 4682 ἑκάστη
1477 4613 1653 4685 λίτρᾳ,
1683 4617 1775 4668 καὶ
1809 4617 1868 4669 τὸ
1906 4619 1968 4669 ἐκ

401 4693 606 4746 τούτων
640 4697 1117 4769 ἀποσυναγόμενον
1155 4704 1336 4756 ἱκανὸν
1377 4702 1656 4770 εἶναιτοῖς
1698 4710 1967 4778 νοταρίοις

403 4787 496 4838 καὶ
522 4789 633 4850 τοῖς
659 4788 752 4842 τοῦ
784 4792 973 4862 κριτοῦ
1005 4793 1319 4864 ὑπουργοῖς.

2072 4524 2214 4579 libus
2239 4540 2343 4578 non
2404 4523 2634 4592 amplius
2658 4539 2763 4578 uno
2797 4523 2974 4578 solido
3008 4533 3294 4592 praestetur
3319 4528 3370 4580 in
3439 4527 3642 4581 duode-

2074 4620 2178 4673 cim
2211 4620 2472 4673 librarum
2524 4634 2770 4684 summa,
2815 4629 2870 4673 et
2893 4617 3055 4685 ultra,
3099 4617 3225 4672 licet
3272 4619 3642 4673 centenarium

2073 4712 2320 4764 excedat.
2355 4709 2494 4776 Quin
2523 4710 2700 4778 potius
2729 4711 2890 4764 etiam
2926 4711 3108 4764 minus
3156 4709 3331 4764 solido
3352 4725 3449 4779 pro
3478 4711 3648 4764 ratio-

2074 4818 2142 4856 ne
2177 4818 2401 4856 summte
2465 4803 2793 4870 propositae;
2853 4803 2989 4855 utin
3030 4803 3162 4856 libra
3193 4802 3432 4872 qualibet
3485 4802 3651 4856 millia

406 4888 804 4945 computentur,
857 4887 1076 4953 etquod
1107 4901 1170 4939 ex
1205 4887 1269 4940 iis
1297 4889 1585 4959 colligitur,
1621 4893 1866 4956 notariis,
1922 4902 1975 4947 et
2010 4893 2630 4963 apparitoribusindicis
2656 4893 2907 4947 snﬂiciat.

475 4973 547 5040 γ’.
573 4973 700 5038 Τοῖς
723 4975 780 5028 δὲ
807 4979 1282 5050 προελευσιμαίοις
1305 4985 1528 5055 ἐφίεμεν
1547 4987 1680 5056 μετὰ
1701 4991 1797 5057 τῆς
1819 4988 1984 5059 ἄλλης

396 5055 467 5132 ἧς
495 5061 861 5119 ἀπολαύουσιν
887 5068 1260 5135 ἐξκουσσείας,
1290 5075 1570 5140 φοσσάτων
1594 5092 1651 5127 τε
1685 5077 1777 5128 καὶ
1810 5077 1969 5128 πολέ-

405 5169 522 5220 μων
547 5154 990 5228 ἀπηλλαγμένοις
1021 5161 1164 5230 ἐχειν
1196 5163 1292 5214 καὶ
1318 5164 1384 5216 τά
1417 5165 1523 5217 τῶν
1553 5166 1972 5238 ἐκταγιατικῶν,

403 5245 470 5296 ἶν’
493 5247 557 5298 ἐκ
587 5249 790 5303 τούτων
821 5250 892 5304 τὰ
929 5252 1124 5323 διαρκῆ
1169 5254 1519 5325 ποριζόμενοι
1557 5257 1631 5327 μὴ
1668 5257 1971 5328 βαρύνωσιν

399 5337 457 5386 ἐν
483 5338 598 5399 τοῖς
626 5339 927 5410 άπλήκτοις
956 5343 1082 5405 τοὺς
1109 5346 1326 5412 εὑαγεῖς
1355 5347 1556 5411 οἴκους,
1591 5349 1722 5417 μηδέ
1753 5366 1974 5418 προστι-

401 5426 602 5481 θῶνται
646 5431 739 5482 καὶ
780 5426 924 5484 οὗτοι
965 5436 1044 5495 είς
1088 5433 1310 5504 μείζονα
1357 5439 1704 5506 καινοτομίαν
1737 5439 1845 5490 τῶν
1878 5441 1974 5508 τὴν

401 5519 670 5590 ὑποῗοχὴν
702 5525 1071 5592 ποιουμένων,
1105 5525 1219 5578 ἀλλ’
1242 5527 1396 5578 αὐτοὶ
1433 5529 1532 5594 μὲν
1561 5527 1621 5591 ἐξ
1653 5523 1726 5580 ὧν
1759 5531 1974 5598 κερδαί-

406 5626 585 5664 νουσιν
625 5613 886 5667 ὠνοῦνται
930 5615 1028 5686 τὴν
1069 5617 1281 5685 χρείαν,
1326 5619 1373 5669 οἱ
1420 5618 1474 5669 δὲ
1523 5620 1706 5686 κριταὶ
1751 5618 1978 5685 ἄφθονον

402 5699 575 5770 ἔχοιεν
607 5703 706 5774 τὴν
740 5706 845 5759 τῶν
881 5707 1195 5775 ἀναγκαίων
1231 5710 1494 5778 παροχήν.
1533 5709 1966 5779 Σύμμετρεῖσθαι

2159 4989 2212 5042 5.
2251 4987 2587 5041 Ollicialibus
2635 4997 2837 5052 autem,
2872 4991 2961 5056 qui
2985 4988 3261 5057 judiribus
3303 4987 3654 5043 subscrviunt

2081 5077 2134 5131 in
2197 5077 2480 5131 itineribus
2517 5075 2798 5138 faciendis,
2849 5076 3215 5146 permittimus
3246 5092 3364 5130 cum
3397 5076 3500 5130 alia
3545 5077 3652 5130 im-

2081 5168 2360 5230 munitate,
2383 5183 2484 5234 qua
2521 5165 2801 5240 fruuntur,
2847 5181 2875 5218 a
2914 5164 3159 5228 lassatis,
3191 5174 3245 5218 ct
3267 5165 3453 5218 militia
3483 5181 3648 5218 excu-

2083 5261 2206 5324 sati,
2238 5267 2292 5312 et
2343 5259 2631 5324 immunes,
2685 5259 3054 5326 sportularum
3107 5273 3319 5328 quoque
3365 5257 3646 5312 commoda

2078 5351 2374 5420 percipere,
2407 5361 2465 5404 ut
2491 5365 2554 5403 ex
2600 5351 2665 5405 iis
2695 5363 2957 5420 quantum
2995 5351 3131 5405 satis
3165 5360 3249 5405 est
3300 5348 3648 5416 acquirentes

2081 5441 2328 5510 hospitiis
2383 5443 2720 5497 venerabiles
2751 5445 2940 5497 domos
2969 5457 3073 5496 non
3117 5450 3364 5510 gravent,
3399 5453 3498 5491 nec
3544 5438 3645 5504 ipsi

2080 5548 2293 5599 quoque
2315 5533 2523 5587 cmtcris
2545 5535 2822 5598 accedant,
2849 5533 2915 5586 ad
2946 5547 3038 5586 eos
3061 5545 3198 5586 novo
3228 5532 3461 5599 quodam
3491 5545 3642 5584 more

2095 5621 2263 5688 magis
2307 5622 2632 5685 onerandus,
2659 5638 2887 5696 quorum
2936 5632 3018 5675 est
3062 5621 3294 5691 hospitia
3356 5623 3595 5691 prtrbere
3631 5642 3646 5688 ;

2076 5711 2169 5765 sed
2199 5712 2294 5779 ipsi
2326 5714 2536 5780 quidem
2579 5714 2690 5768 suis
2720 5729 2783 5767 cx
2822 5714 3006 5780 lucris,
3030 5729 3150 5784 quae
3182 5713 3409 5781 faciunt,
3443 5713 3644 5769 victum
