4058 6212
434 294 538 360 591
573 246 582 258 ’

1430 284 1937 346 CONSTANTINI
1967 282 2640 343 PORPHYROGENITI

3587 279 3690 342 592

437 417 794 479 romparent;
860 405 1064 475 jutlices
1117 409 1294 454 autem
1354 397 1517 479 ubeLe
1574 395 2006 449 necessariarum

2115 394 2172 446 δὲ
2202 393 2411 452 τούτοις
2443 391 2540 460 τὴν
2571 389 2678 441 τῶν
2709 387 3108 456 ἐκταγιατικῶν
3141 387 3300 456 λῆψιν
3330 388 3390 440 οὗ
3426 389 3559 458 πρὸς
3592 391 3694 459 τὴν

439 455 450 463 .
472 455 556 466 ν...
584 455 794 473 ,μεως
860 455 914 475 δν-
1489 475 1492 478 γ

439 455 617 556 ι’(ιιιιιῖιι
659 495 1093 569 suppeditatione
1157 455 1734 544 [maritantmlerum
1789 501 2010 555 percep-

440 596 600 648 tionis
647 592 834 643 modus
892 582 1254 651 sportularum
1313 590 1588 634 statuatur
1613 579 1718 642 his,
1772 593 1875 632 non
1915 591 2011 645 pro

438 681 740 752 quantitate
775 675 1121 745 przediorum,
1158 671 1238 725 vel
1278 685 1483 732 rerum,
1517 684 1638 737 qua:
1690 669 2007 732 redduntur,

415 757 529 825 'aut
557 768 932 828 restituuntur,
963 764 1057 818 sed
1094 777 1189 832 pro
1223 761 1436 814 ratione
1487 759 1710 824 laboris,
1757 768 1812 814 et
1859 773 2008 813 mora

436 873 545 914 tum
575 856 854 926 temporis,
892 863 1002 907 tum
1043 852 1212 921 ipsius
1239 850 1468 904 itineris.
1493 848 1702 917 Quippe
1729 847 1798 913 si,
1855 847 2007 900 verbi

431 965 614 1013 causa,
648 947 812 1001 semel
841 944 1038 999 missus
1077 943 1262 996 decem
1292 941 1548 994 librarum
1577 938 1898 993 solutionem
1927 938 2008 991 vel

434 1044 486 1096 in
518 1039 755 1112 prtcdiis,
793 1036 878 1091 vel
925 1035 1047 1089 aliis
1070 1032 1232 1087 rebus
1280 1040 1533 1101 procuret
1563 1047 1580 1097 ;
1607 1029 1808 1083 sufﬁcit
1835 1028 1910 1092 ei,
1962 1028 2007 1083 si

431 1130 664 1187 solidum
696 1142 860 1181 unum
886 1124 1136 1194 accipiat.
1168 1123 1263 1177 Sin
1293 1131 1471 1174 autem
1505 1119 1685 1174 decies
1707 1117 2005 1187 profectus.

435 1223 632 1277 multas
669 1217 948 1274 molestias
996 1214 1240 1284 pertulit,
1277 1213 1470 1266 itinere
1497 1211 1656 1280 longo
1717 1209 2008 1274 confecto;

437 1326 775 1382 nequaquam
827 1311 928 1363 hoc
957 1320 1244 1361 onerosum
1281 1313 1384 1371 est,
1409 1319 1529 1358 eum
1564 1303 1618 1356 in
1644 1301 1828 1371 viginti
1865 1316 2002 1371 qua-

437 1417 558 1458 tuor
617 1405 805 1459 solidis
881 1416 1049 1455 unum
1115 1399 1344 1454 solidum
1415 1397 1679 1466 accipere.
1746 1395 1826 1448 Ad
1898 1397 2010 1448 lucc

435 1507 636 1560 autem,
692 1510 810 1563 qua:
869 1496 932 1547 de
983 1493 1082 1546 hoc
1135 1489 1344 1544 servari
1405 1490 1622 1552 debent,
1681 1487 2007 1550 definienda,

439 1587 577 1642 forte
631 1587 793 1654 longo
825 1597 1077 1638 sermone
1134 1595 1268 1650 opus
1293 1587 1458 1635 esset.
1486 1579 1590 1634 Sed
1620 1579 1873 1647 quoniam
1913 1577 2010 1647 ju-

437 1675 1023 1732 dicibushinclucrum
1049 1672 1474 1726 venireorunino
1523 1669 1850 1738 prohibitum
1902 1675 2004 1731 est,

2117 485 2392 554 ποσότητα
2432 484 2541 536 τῶν
2583 481 2984 549 ἀποδιδομένων
3019 480 3319 550 κτημάτων
3360 480 3393 551 ἢ
3437 483 3697 549 πραγμά-

2115 593 2245 642 των,
2289 575 2427 628 ἀλλά
2472 573 2608 644 πρὸς
2648 573 2739 626 τὸν
2781 572 2952 625 κόπον
2993 569 3090 624 καὶ
3131 569 3228 640 τὴν
3271 569 3462 640 τριϐὴν
3502 571 3595 624 τοῦ
3639 588 3698 624 τε

2114 667 2307 738 χρόνου
2337 667 2430 720 καὶ
2454 666 2554 733 τῆς
2579 663 2907 735 ὁδοιπορίαςο
2941 665 3002 716 El
3031 663 3140 733 γὰρ
3169 663 3330 731 λόγου
3357 663 3522 734 Χάριν
3549 664 3698 729 ἅπαξ

2116 756 2391 826 πεμφθεὶς
2434 755 2566 808 δέκα
2611 754 2808 824 λιτρῶν
2844 755 3100 807 ἀπόδοσιν
3139 755 3436 824 ἐποιήσατο
3481 756 3699 824 κτημάα

2112 866 2220 900 των
2249 845 2282 910 ἢ
2314 847 2679 917 πραγμάτων,
2707 844 2764 897 ἒν
2791 847 3033 915 νόμισμα
3063 845 3329 914 λήψεσθαι
3359 845 3549 899 τοῦτον
3580 847 3700 901 ἱκα-

2113 939 2201 991 νὸν
2245 938 2506 1008 ὑπάρχει.
2551 937 2611 990 ΕΞ
2653 937 2709 989 δὲ
2752 937 2976 999 δεκάκις
3026 937 3275 990 ἀπελθὼν
3322 937 3491 992 πολλά
3538 955 3700 992 συνε-

2111 1028 2272 1100 τρίϐη
2301 1029 2396 1100 τῆς
2423 1028 2733 1099 ὁδοιπορίας
2763 1029 2978 1099 μακρᾶς
3007 1026 3193 1096 οὔσης,
3223 1028 3406 1081 οὐκέτι
3435 1031 3699 1100 φορτικὸν

2111 1122 2172 1174 τὸ
2212 1123 2269 1175 ὲν
2308 1120 2639 1190 νομίσμασιν
2679 1120 2852 1172 εἴκοσι
2895 1119 2987 1172 καὶ
3033 1119 3327 1189 τέσσαρσιν
3359 1118 3421 1172 ἒν
3456 1120 3700 1190 νόμισμα

2112 1214 2297 1267 λαϐεῖν
2341 1213 2527 1266 αὐτόν.
2561 1211 2884 1281 Ὀρίσασθαι
2933 1211 3032 1280 μὲν
3076 1209 3170 1264 οὖν
3210 1211 3279 1264 τά
3329 1211 3458 1281 περὶ
3503 1211 3697 1264 τούτου

2112 1301 2308 1356 πολλοῦ
2355 1302 2422 1355 ἂν
2461 1302 2547 1370 εἴη
2593 1301 2779 1369 λόγου.
2847 1299 2987 1352 Ἀλλ’
3014 1301 3135 1352 ἐπεὶ
3177 1300 3350 1354 ταῦτα
3391 1302 3470 1362 εἰς
3510 1301 3698 1371 κέρδος

2111 1395 2219 1448 τῶν
2252 1395 2454 1464 κριτῶν
2489 1392 2746 1462 ἔρχεσθαι
2778 1391 2924 1456 ἅπαξ
2954 1390 3331 1460 ἀπηγορεύθη,
3365 1393 3693 1460 πιστεύομεν

2111 1486 2288 1556 ἀγαθῇ
2323 1485 2506 1556 χάριτι
2532 1482 2744 1546 τούτοις
2775 1481 3079 1535 τυποῦσθαι
3109 1481 3246 1553 πρὸς
3274 1481 3564 1548 ἀναλογίαν
3591 1479 3685 1533 τοῦ

2111 1573 2285 1628 κόπου
2324 1573 2432 1626 τῶν
2485 1570 2957 1642 προελευσιμαίων
2999 1570 3098 1632 τὰς
3135 1570 3245 1623 τῶν
3291 1571 3696 1638 ὲκταγιατικῶν

2111 1665 2386 1736 τιμήσεις.
2432 1664 2579 1733 Πλὴν
2620 1663 2668 1714 εἰ
2712 1663 2810 1733 μὲν
2854 1661 3122 1732 δυσχερής
3162 1677 3247 1724 τις
3295 1661 3549 1724 ὑπόθεσις
3595 1662 3692 1714 καὶ

437 1767 574 1820 bona
627 1765 731 1818 fide
774 1761 1166 1818 committimus
1205 1760 1357 1829 ipsis,
1393 1769 1452 1813 ut
1489 1728 1588 1828 pro
1619 1757 1775 1812 modo
1809 1756 2006 1812 laboris

2112 1728 2379 1815 ἐπίκοπος
2411 1728 2674 1822 ὲποιρθείη
2692 1728 2724 1817 ,ν
2742 1728 3087 1821 θεσπίζομενν
3107 1751 3235 1822 ἄχρι
3267 1751 3377 1804 τῶν
3411 1753 3580 1822 τριῶν
3614 1771 3700 1806 νο-

435 1870 644 1917 eorum,
697 1853 790 1922 qui
839 1852 1148 1916 mittuntur,
1199 1847 1572 1921 sportularum
1621 1847 2010 1901 estimationes

435 1945 654 2000 faciant.
693 1945 941 1999 Attamen
977 1942 1022 1996 si
1060 1956 1223 1995 causa
1255 1941 1499 2008 quaedam
1526 1938 1729 2008 gravis,
1754 1947 1809 1992 et
1860 1937 2010 1992 labo-

441 2037 581 2090 riosa
617 2050 740 2090 esse
791 2042 1069 2101 comperta
1115 2031 1297 2095 fuerit,
1327 2044 1498 2099 usque
1541 2030 1606 2082 ad
1647 2038 1756 2083 tres
1810 2027 2013 2086 solidos

431 2131 489 2183 in
523 2144 626 2182 una
692 2128 825 2182 libra
851 2126 1078 2179 nomine
1105 2122 1471 2194 sportularum
1506 2120 1651 2190 exigi
1675 2134 1838 2189 posse
1886 2135 2011 2175 san-

435 2222 608 2272 eimus
639 2235 654 2281 ;
689 2217 759 2273 ita
831 2226 1032 2278 tamen,
1070 2223 1128 2267 ut
1187 2211 1549 2281 sportularum
1621 2212 1895 2281 praestatio
1931 2211 2012 2264 vi-

435 2309 570 2378 ginti
619 2317 847 2378 quatuor
894 2306 1095 2360 solidos
1156 2319 1260 2359 non
1312 2302 1564 2368 excedat,
1622 2302 1749 2357 lioet
1799 2303 2011 2359 exnctio

442 2402 677 2454 unaxime
707 2399 974 2454 laboriosa
1032 2397 1124 2461 sit,
1161 2407 1214 2450 et
1240 2410 1362 2465 quae
1407 2395 1710 2456 solvuntur,
1745 2409 2009 2448 summam

435 2501 648 2546 centum
678 2490 934 2544 librarum
981 2498 1256 2559 superent.
1300 2487 1356 2541 In
1390 2488 1585 2542 minori
1635 2500 1762 2540 vero
1799 2500 2009 2539 summa

435 2579 800 2646 permittimus
823 2579 1116 2648 iudicibus,
1149 2589 1206 2631 ut
1231 2576 1486 2632 salarium
1521 2590 1645 2630 cum
1682 2574 1867 2628 labore
1895 2582 2010 2627 tru-

437 2673 614 2726 tinent
657 2713 672 2737 ,
723 2680 778 2725 et
841 2669 1242 2739 apparitoribus
1294 2667 1489 2721 itinera
1541 2657 1872 2720 facientibus
1925 2665 2010 2720 vel

439 2777 626 2826 unum,
687 2761 768 2814 vel
816 2763 974 2826 duos,
1000 2759 1085 2814 vel
1129 2769 1236 2813 tres
1271 2757 1472 2812 solidos
1496 2799 1510 2822 ,
1539 2771 1636 2827 pro
1691 2755 2010 2811 difficultate

433 2869 614 2908 causa:
645 2852 968 2907 concedant.
1003 2852 1176 2920 Atque
1207 2849 1321 2904 haec
1367 2848 1420 2902 in
1457 2847 1545 2912 iis,
1581 2848 1636 2901 in
1669 2847 1866 2917 quibus
1893 2848 2006 2918 ple-

439 2960 511 2999 ua
557 2943 757 2999 solutio
785 2943 851 2997 de
897 2941 1095 3013 judicis
1123 2939 1393 2995 sententia
1451 2939 1718 3009 sequitur.
1774 2939 1844 2993 At
1881 2955 2006 3008 pro-

439 3046 556 3105 pter
604 3035 968 3090 immissiones
1007 3033 1060 3087 in
1109 3031 1532 3101 possessionem,
1586 3030 1720 3084 nihil
1774 3031 1826 3085 in
1885 3031 2008 3085 uui-

2116 1841 2410 1912 μισμὰτων
2445 1842 2547 1894 ἐπὶ
2577 1844 2642 1912 τῇ
2684 1841 2843 1912 λίτρᾳ
2882 1842 3271 1909 ὲκταγιατικὸν
3305 1841 3655 1896 ἀπαιτεῖσθαι
3681 1860 3696 1874 ο

2116 1931 2194 2001 μὴ
2251 1927 2694 2002 ύπερῦαινούσης
2725 1930 2907 2000 μέντοι
2933 1930 3002 1984 τὰ
3031 1929 3109 1985 κδ’
3132 1933 3443 2002 νομίσματα
3470 1931 3571 1998 τῆς
3602 1930 3699 1984 τοῦ

2113 2021 2499 2090 ὲκταγιατικοῦ
2528 2021 2793 2092 παροχῆς,
2822 2022 2926 2076 κᾶν
2951 2023 3000 2075 εί
3027 2022 3094 2076 τά
3129 2022 3362 2093 μάλιστα
3394 2025 3427 2095 ἡ
3460 2025 3701 2097 εἴσπρα-

2115 2116 2197 2182 ξις
2232 2117 2573 2188 πολύμοχθος
2611 2118 2697 2189 εἴη
2735 2119 2830 2172 καὶ
2863 2117 2932 2170 τὰ
2966 2117 3331 2188 ἀποδιδόμενα
3366 2119 3508 2190 ὑπὲρ
3544 2123 3615 2173 τὰ
3655 2127 3699 2189 ρ’
3807 2139 3816 2145 ·

2113 2209 2442 2278 τυγχάνουσι
2475 2209 2684 2279 λίτρας.
2723 2209 2810 2261 Ἐν
2843 2209 3026 2279 ἥττονι
3059 2209 3116 2263 δὲ
3151 2209 3414 2280 ποσότητι
3447 2211 3565 2273 τοῖς
3597 2213 3698 2272 τὰς

2114 2303 2327 2372 κρίσεις
2365 2302 2620 2372 λαχοῦσιν
2653 2303 2878 2372 ἐφίεμεν
2911 2303 3257 2372 σταθμᾶσθαι
3291 2303 3368 2373 τῷ
3412 2303 3566 2374 κόπῳ
3598 2303 3693 2373 τὴν

2113 2390 2300 2462 λῆψιν,
2339 2393 2482 2446 ὥστε
2509 2393 2620 2463 ἣὲν
2656 2393 2689 2464 ἢ
2723 2393 2816 2447 δύο
2849 2394 2882 2464 ἢ
2919 2397 3042 2463 τρία
3077 2395 3388 2465 νομίσματα
3425 2395 3559 2468 πρὸς
3593 2395 3690 2466 τὴν

2111 2487 2212 2554 τῆς
2242 2483 2549 2546 ὑποθέσεως
2574 2485 2891 2555 δυσχέρειαν
2917 2487 3272 2556 προσεφιέναι
3299 2492 3412 2550 τοῖς
3438 2487 3696 2557 προελευ·
3751 2514 3754 2515 ν

2115 2574 2374 2643 σιμαίοις.
2417 2577 2523 2628 Καὶ
2567 2577 2771 2645 ταῦτα,
2813 2578 2871 2630 ὲν
2906 2571 3000 2640 οἷς
3043 2580 3077 2649 ἡ
3120 2579 3373 2642 ἀπόδοσις
3414 2579 3597 2632 τελεία
3641 2578 3699 2643 ἐξ

2112 2666 2443 2735 ἀποφάσεως
2495 2668 2871 2723 ἐπακολουθεῖ.
2909 2669 3032 2722 Ἐπὶ
3079 2671 3188 2741 γὰρ
3236 2673 3357 2733 ταῖς
3404 2670 3498 2723 ἐπὶ
3538 2675 3692 2741 ⁸νομῇ

2117 2756 2484 2824 παραδόσεσι,
2526 2758 2689 2828 μηδὲν
2721 2758 2952 2812 καθόλου
2975 2761 3115 2832 ὑπὲρ
3134 2762 3521 2830 ἑκταγιατικοῦ
3552 2777 3697 2830 παρ-

2117 2847 2339 2918 έχεσθαι
2414 2848 2729 2920 κελεύομεν.
2767 2851 2828 2902 Εἰ
2860 2850 2916 2903 δὲ
2950 2850 3097 2915 ἅπαξ
3130 2851 3162 2922 ἢ
3200 2851 3279 2914 δὶς
3313 2851 3342 2903 ό
3375 2851 3696 2922 προελευσι-

2114 2940 2272 3008 μαῑος
2319 2940 2399 3002 εἰς
2438 2940 2528 2993 τὸν
2568 2942 2732 2994 τόπον
2775 2941 3022 3010 ἀφίκετο,
3070 2941 3146 3014 μὴ
3189 2941 3350 2996 πλέον
3391 2941 3487 2996 τοῦ
3531 2943 3692 3012 νομί-

2112 3046 2336 3100 σματος,
2373 3031 2406 3102 ἢ
2447 3031 2506 3084 τὸ
2543 3032 2678 3085 πολὺ
2719 3033 2814 3086 δύο
2851 3033 3089 3088 δίδοσθαι
3129 3035 3298 3104 αὐτῷ,
3345 3034 3449 3088 κᾶν
3492 3034 3695 3104 πολλῆς

439 3139 649 3180 versum
680 3125 1042 3196 sportularum
1065 3122 1281 3177 nomine
1296 3119 1828 3192 praestarijubemus.
1858 3122 2006 3187 Quod

2118 3123 2409 3192 ποσότητος
2441 3123 2530 3194 εἴη
2557 3123 2616 3177 τὸ
2641 3123 3042 3194 ἀποδιδόμενον.

442 3216 484 3269 si
534 3218 727 3284 semel,
773 3226 865 3271 aut
893 3217 974 3270 bis
1000 3213 1252 3269 officialis
1283 3215 1569 3269 itineribus
1623 3213 1884 3268 faciendis
1935 3213 2238 3270 inserviens
2271 3215 2323 3269 iu
2363 3230 2490 3270 eum
2551 3216 2730 3270 locum
2786 3217 2966 3280 iverit,
3017 3231 3122 3272 non
3157 3217 3388 3288 amplius
3432 3232 3540 3274 uno
3602 3232 3693 3273 so-

440 3307 568 3374 lido,
597 3310 678 3362 vel
709 3319 764 3362 ut
810 3307 1123 3379 plttrimum,
1150 3307 1363 3362 duobus
1389 3315 1724 3367 nun‘teretur,
1756 3306 1882 3360 licet
1936 3306 2012 3372 id,
2054 3309 2195 3377 quod
2225 3307 2475 3373 solvitur,
2504 3323 2711 3377 magna:
2737 3323 2962 3364 summa:
2995 3309 3084 3365 sit.

1185 3428 1281 3483 IX.

440 3521 695 3590 Ejusdem
721 3521 1021 3590 constitutio
1046 3521 1108 3572 de
1155 3519 1234 3571 his
1263 3518 1352 3590 qui
1363 3519 1547 3590 credes
1577 3528 1756 3586 sponte
1779 3521 2022 3590 commit-

517 3535 695 3576 usaem
721 3535 1021 3574 consltlulto
1046 3535 1108 3572 ae
1155 3535 1234 3571 ms
1297 3535 1350 3570 ut
1379 3535 1547 3572 eteae:
1577 3535 1756 3586 sponte
1779 3535 2022 3572 commu-

513 3602 649 3654 tunt,
671 3601 717 3644 et
751 3591 820 3643 ad
846 3588 1138 3644 Ecclesium
1161 3535 1507 3657 cort7ugiunt;
1530 3597 1584 3642 ut
1616 3603 1718 3642 non
1737 3589 2023 3642 admittan-

512 3671 618 3712 tur.

510 3751 620 3806 Lex
661 3738 823 3806 MoSis
855 3751 870 3780 ι
913 3748 1176 3805 adversus
1203 3747 1526 3803 homicidam
1553 3749 1814 3815 decernit,
1842 3764 1962 3804 eum
1987 3764 2018 3804 e

427 3842 684 3896 sacrario
712 3839 1085 3910 abripiendum
1120 3853 1260 3894 esse.
1288 3836 1458 3907 Hujus
1482 3839 1614 3908 legis
1636 3840 1877 3909 vestigiis
1907 3849 2014 3894 tam

441 3933 680 3988 ltoinana
729 3932 829 4004 (9),
879 3948 1041 4002 quam
1097 3939 1278 3987 nostra
1322 3931 1409 3986 lex
1457 3932 1717 3989 insistens
1762 3947 2016 4004 expresse

441 4026 659 4080 mandat
697 4043 710 4080 :
760 4034 815 4080 ut
868 4024 1145 4090 adulteris,
1194 4032 1249 4078 et
1278 4023 1547 4094 virginum
1591 4024 1918 4094 raptoribus,
1960 4034 2015 4081 et

438 4117 746 4184 homicidis,
802 4123 856 4170 et
883 4115 1112 4182 furibus,
1159 4128 1265 4184 quo
1320 4115 1650 4185 confugiant,
1693 4114 1869 4172 nullus
1915 4131 2014 4187 pro

437 4209 586 4277 asylo
647 4207 716 4262 sit
756 4205 926 4262 locus.
976 4205 1184 4277 Quippe
1215 4206 1530 4276 templorum
1571 4207 1836 4262 securitas
1875 4207 2007 4262 affe-

435 4301 536 4354 ctis
568 4298 916 4368 injuria,non
946 4298 1200 4368 iujuriam
1245 4296 1602 4352 inferentibus
1647 4307 1731 4351 est
1776 4298 2001 4354 tributa.

2791 3433 2870 3489 ϐ’.

2124 3522 2240 3576 Τοῦ
2285 3525 2471 3579 αὑτοῦ
2530 3526 2856 3593 νομοθεσία
2929 3523 3062 3592 περὶ
3103 3523 3224 3577 τῶν
3257 3523 3548 3588 ἑκουσίως
3587 3539 3693 3591 φο-

2186 3595 2488 3663 νευόντων
2537 3595 2637 3649 καί
2675 3594 2752 3663 τῇ
2788 3594 3121 3662 Ἐκκλησία
3165 3595 3691 3662 προσφευγόντιιη·,

2181 3662 2337 3716 ὥστε
2359 3665 2580 3732 αὐτοὺς
2609 3665 2692 3734 μὴ
2724 3662 3030 3734 δέχεσθαι.

2199 3756 2260 3809 Ἦ
2297 3757 2390 3810 τοῦ
2427 3757 2672 3821 Μωσέως
2712 3757 3004 3826 νομοθεσία
3048 3758 3190 3811 κατά
3225 3755 3319 3810 τοῦ
3362 3755 3689 3827 ἀνδροφόνου

2111 3849 2508 3918 ἀποφαίνεται,
2543 3849 2623 3902 ὅτι
2665 3849 2730 3903 ὲκ
2762 3847 2857 3902 τοῦ
2899 3847 3288 3920 θυσιαστηρίου
3323 3847 3467 3920 λήψῃ
3501 3847 3687 3904 αὐτόν.

2113 3940 2297 4010 Τούτῳ
2326 3939 2456 4009 γοῦν
2486 3941 2563 4012 τῷ
2592 3941 2740 4012 νόμῳ
2768 3941 2864 3996 καὶ
2892 3940 2920 3992 ὁ
2948 3936 3254 4009 Ῥωμαϊκὸς
3287 3939 3380 3994 καὶ
3411 3938 3685 4010 ἡμέτερος

2111 4030 2528 4084 κατακολουθῶν
2578 4031 2790 4100 τρανῶς
2845 4030 3229 4100 ὲγκελεύεταιο
3301 4031 3537 4100 μοιχοῖς,
3593 4031 3688 4083 καὶ

2111 4121 2398 4192 παρθένων
2424 4121 2655 4192 ἀρπαξι,
2684 4123 2779 4176 καὶ
2805 4123 3172 4192 ἀνδροφόνοις,
3197 4122 3291 4174 καὶ
3321 4123 3500 4192 φωρσὶ
3523 4122 3685 4174 τόπον

2111 4212 2334 4275 ἀσυλίας
2373 4214 2509 4283 πρὸς
2549 4213 2872 4282 καταφυγὴν
2918 4213 2992 4285 μὴ
3039 4209 3212 4268 εἶναι·
3254 4215 3287 4282 ἡ
3329 4214 3438 4284 γὰρ
3477 4212 3542 4266 ὲκ
3577 4212 3685 4265 τῶν

2115 4303 2273 4372 ιερῶν
2295 4303 2567 4372 ἀσφάλεια
2590 4307 2703 4368 τοῖς
2730 4305 3136 4375 ἀδικουμένοις,
3159 4305 3280 4376 οὐχὶ
3305 4307 3414 4367 τοῖς
3441 4303 3684 4358 ἀδικοῦσι

437 4389 568 4452 Quia
605 4400 733 4440 vero
762 4385 897 4453 legis
930 4385 1088 4455 hujus
1113 4394 1324 4448 auctor,
1373 4384 1606 4456 inclytus
1631 4384 1720 4440 ille
1757 4387 2006 4456 princeps

2111 4391 2329 4445 δίδοται.
2371 4392 2521 4445 Ἐπεὶ
2551 4393 2606 4446 δὲ
2635 4395 2663 4447 ό
2691 4393 2848 4447 τοῦτο
2878 4393 3244 4466 νομοθετήσας
3277 4396 3334 4447 ὲν
3367 4392 3684 4464 βασιλεῦσιν

433 4475 793 4540 Justinianus,
822 4472 1160 4544 quiMajoris
1176 4473 1429 4528 Ecclesia:
1463 4474 1554 4528 Dei
1588 4476 1843 4546 templum
1875 4476 2002 4530 illud

435 4566 751 4622 admirabile
784 4565 1042 4633 condidit,
1081 4565 1253 4620 eidem
1298 4580 1456 4621 sacro
1506 4565 1629 4621 fano
1662 4567 2001 4639 privilegium

433 4655 726 4722 concessit,
754 4665 813 4709 ut
832 4656 965 4726 asyli
995 4656 1168 4710 locum
1200 4657 1400 4710 habeat
1426 4672 1440 4709 :
1464 4656 1755 4712 verisimile
1777 4674 1881 4713 non
1918 4670 2002 4713 est

430 4762 554 4802 eum
575 4745 643 4799 ab
665 4759 722 4800 se
745 4746 958 4801 decreta
982 4747 1288 4802 rescindere
1309 4747 1542 4802 vicissim
1567 4749 1818 4804 voluisse.
1846 4748 2001 4806 Post-

430 4853 592 4910 quam
631 4837 775 4893 enim
839 4837 1158 4893 sancivisset
1197 4847 1256 4893 ut
1300 4838 1561 4894 adulteris
1600 4850 1654 4896 et
1712 4840 2000 4898 homicidis

429 4941 482 4985 ct
513 4932 778 5004 virginum
804 4929 1110 5000 raptoribus
1137 4943 1236 4998 pro
1256 4930 1406 5002 asylo
1426 4931 1601 4986 nullus
1619 4941 1764 4988 esset
1806 4933 1958 4990 locus
1986 4971 2002 4998 .

427 5023 572 5078 nihil
600 5024 726 5080 huic
774 5023 1059 5078 adversum
1092 5021 1347 5090 deinceps
1388 5021 1630 5090 protulit,
1675 5039 1798 5080 cum
1840 5022 2000 5090 dixit,

427 5115 734 5184 huiusmodi
780 5125 1038 5183 personas
1082 5112 1136 5167 in
1171 5113 1391 5168 condito
1435 5113 1504 5167 ab
1545 5128 1604 5169 se
1628 5114 1828 5184 templo
1861 5117 1997 5186 asyli

423 5206 602 5260 tetrum
645 5205 882 5264 habere:
916 5204 1009 5259 sed
1039 5202 1274 5257 arbitror
1295 5202 1566 5272 equidem,
1590 5203 1633 5256 si
1660 5205 1744 5271 pie
1771 5203 1914 5272 quis,
1942 5214 1998 5258 et

421 5293 671 5364 religiose
693 5307 912 5349 causam
943 5291 1272 5361 propositam
1308 5290 1684 5356 considerans,
1719 5290 1887 5360 ipsam
1913 5291 1991 5346 le-

421 5400 539 5454 gem
561 5388 840 5456 scriptam,
890 5391 946 5438 et
977 5380 1311 5438 sanctionem
1353 5382 1420 5437 de
1453 5382 1586 5452 asyli
1616 5381 1761 5453 jure,
1789 5383 1994 5454 disqui-

489 5480 504 5508 ¹
542 5477 760 5534 Denter.
797 5492 908 5538 xix.

2109 4484 2350 4554 ἀοίδιμος
2383 4485 2754 4554 Ἰουστινιανὸς
2773 4527 2787 4552 ,
2820 4487 2848 4539 ό
2881 4486 2975 4540 καὶ
3003 4486 3095 4539 τὸν
3125 4486 3550 4556 πανθαύμαστον
3581 4484 3684 4556 τῆς

2109 4572 2204 4626 τοῦ
2253 4573 2386 4628 Θεοῦ
2419 4577 2676 4648 Μεγάλης
2723 4578 3054 4648 Ἐκκλησίας
3083 4579 3500 4640 κατασκευάσας
3530 4577 3677 4642 ναὸν,

2107 4665 2304 4720 δέδωκε
2322 4668 2617 4739 προνόμιον
2635 4668 2743 4740 (10)
2767 4670 2914 4740 αὐτῷ
2933 4671 2996 4741 δὴ
3023 4671 3098 4741 τῷ
3126 4670 3255 4740 ἱερῷ
3277 4669 3493 4741 τεμένει
3517 4671 3679 4722 τόπον

2106 4757 2336 4822 ἀσυλίας
2368 4759 2532 4828 ἔχειν,
2565 4761 2625 4814 ού
2657 4763 2874 4825 πάντως
2909 4763 3069 4826 αὐτὸς
3099 4762 3168 4816 τά
3199 4762 3395 4816 ἑαυτοῦ
3429 4761 3497 4815 δι’
3519 4760 3680 4832 ἀλλήο

2105 4848 2211 4903 λων
2251 4851 2652 4922 ἀνατρέπεσθαι
2694 4854 3096 4924 παρεσκεύασε.
3135 4853 3523 4926 Νομοθετήσας
3567 4853 3680 4922 γὰρ

2107 4941 2455 5010 μοιχοῖςνκαὶ
2477 4943 2848 5014 ἀνδροφόνοις,
2866 4946 2960 4999 καὶ
2981 4943 3268 5016 παρθένων
3288 4943 3493 5014 ἀρπαξι
3513 4943 3677 4996 τόπον

2099 5029 2325 5094 ἀσυλίας
2361 5031 2436 5103 μὴ
2468 5027 2640 5101 εἶναι,
2673 5034 2828 5088 οὐδὲν
2855 5036 3098 5090 ἐναντίον
3129 5035 3360 5106 ὕστερον
3389 5035 3494 5105 ἔφη
3515 5074 3531 5099 ,
3563 5034 3674 5096 τοῖς

2096 5123 2358 5188 τοιούτοις
2401 5125 2715 5195 προσώποις
2752 5123 2890 5182 εἶναι
2930 5128 3095 5182 τόπον
3136 5128 3307 5183 είπὼν
3346 5127 3572 5190 ἀσυλίας
3615 5129 3673 5178 ὲν

2097 5210 2174 5280 τῷ
2213 5213 2342 5280 παρ’
2375 5215 2540 5268 αὑτοῦ
2583 5219 3084 5272 κατασκευασθέντι
3149 5217 3295 5289 ναῷ·
3337 5217 3453 5272 ἀλλ’
3480 5212 3666 5286 οἴμαι.

2099 5301 2173 5364 ὡς
2209 5305 2260 5356 εἴ
2285 5321 2369 5369 τις
2404 5305 2507 5360 τῶν
2535 5308 2776 5369 εὐσεϐῶς
2805 5311 2899 5363 καὶ
2929 5309 3192 5379 φιλοθέως
3225 5307 3669 5362 ἐπισκοπούντων

2100 5389 2196 5460 τὴν
2223 5384 2592 5467 προκειμένην
2619 5395 2872 5453 ὑπόθεσιν
2899 5398 3063 5454 αὐτόν
3084 5415 3143 5454 τε
3170 5399 3260 5457 τὸν
3285 5397 3671 5469 γεγραμμένον

490 5593 786 5666 (9)0ANovel.
813 5596 899 5660 Π,
926 5607 1046 5664 cap.
1079 5593 1137 5666 7,
1162 5607 1282 5666 quae
1304 5591 1426 5666 ct_l.
1448 5591 1709 5666 _2_est,_C.
1749 5595 1812 5646 de
1841 5593 2019 5666 monti.
2059 5599 2203 5666 prin.

495 5663 607 5732 (t0)
638 5664 794 5728 Quod
827 5660 1058 5720 habetur
1089 5663 1146 5718 in
1172 5660 1399 5720 Leuncl.
1440 5660 1589 5716 .lGit.
1626 5664 1667 5730 Ι,
1701 5679 1822 5733 pag.
1863 5665 1947 5719 7'2.
