4058 6212
398 359 504 423 593

1496 348 1865 415 ΝονΕιΜι
1904 347 2578 413 CONSTITUTIONES.

3533 349 3642 416 596

396 469 561 536 νόμον
593 461 687 517 καὶ
718 461 809 516 τδν
842 461 1118 532 διορισμὸν
1152 461 1281 533 περὶ
1311 464 1411 533 τῆς
1444 461 1702 525 ἀσυλίας,
1737 460 1970 531 πρόσφοο

2101 456 2324 513 itionem
2345 461 2754 517 convenientem
2791 460 3103 524 instituens,
3124 460 3265 514 inter
3294 473 3354 515 se
3383 461 3643 516 concilia.

397 573 491 628 ρον
531 552 856 623 ποιούμενος
893 552 991 623 τὴν
1026 552 1278 623 ζήτησιν,
1319 551 1699 622 συμϐιϐἀσειε,
1737 551 1835 620 τὴν
1876 551 1970 619 ἀρ·

400 645 580 715 μόδιον
613 643 678 697 ἂν
710 642 860 713 εὖροι
894 642 1032 713 πρὸς
1066 643 1133 695 τά
1157 641 1543 712 συμπίπτοντα
1572 642 1682 695 τῶν
1714 641 1971 712 πραγμάο

396 752 505 788 των
533 734 808 803 ἀπόφασιν
834 749 848 763 ·
885 733 979 785 καὶ
1022 734 1349 803 συντηρήσει
1382 733 1481 803 μὲν
1509 732 1609 803 τὴν
1631 732 1881 793 ἀσυλίαν,
1912 733 1970 784 ὲν

398 821 493 887 αἷς
532 824 817 878 ὑποθέσεσι
857 823 1258 886 κεκανόνισται,
1298 822 1603 893 παρόψεται
1646 823 1704 876 δὲ
1741 824 1969 893 ταύτην,

400 913 527 967 ἔνθα
565 913 638 985 μὴ
668 913 875 967 δίκαιον
904 909 1045 967 εἶναι
1069 914 1230 966 τόπον
1258 914 1506 978 ἀσυλίας.
1531 913 1691 967 Ἐπεὶ
1721 913 1777 967 δὲ
1804 914 1971 966 πολυο

405 1004 590 1074 σχιδὴς
626 1004 950 1057 καθίσταται
990 1021 1075 1067 τις
1113 1006 1141 1056 6
1181 1004 1282 1073 τῆς
1324 1006 1636 1076 μιαιφονίας
1675 1006 1876 1077 τρόπος

402 1094 511 1162 γὲρ
558 1092 818 1153 ἑκουσίως
869 1093 966 1146 καὶ
1013 1094 1121 1147 ἀπὸ
1170 1095 1426 1166 προνοίας
1476 1096 1570 1149 καὶ
1617 1096 1974 1167 παρασκευῆς

404 1185 701 1253 ἁμαρτάνει
728 1200 844 1249 τις,
873 1183 948 1247 ὼς
978 1187 1006 1238 ὁ
1035 1186 1372 1256 εὐτρεπίζων
1400 1186 1555 1256 ξίφος
1588 1188 1667 1250 είς
1697 1188 1757 1241 τὸ
1785 1187 1976 1258 φονεῦ-

402 1291 491 1326 σαι
518 1274 800 1345 ἄνθρωπον
822 1292 837 1307 ⁸
888 1276 921 1346 ἢ
970 1277 1076 1330 ἀπὸ
1104 1277 1298 1347 θυμοῦ,
1326 1277 1402 1341 ὡς
1428 1280 1485 1331 ὲν
1510 1280 1703 1348 ἐφόδῳ,
1730 1280 1817 1333 ὅτε
1849 1298 1975 1333 σκο-

401 1368 581 1419 πεῖται
618 1367 805 1420 καὶτὸ
837 1367 967 1439 παρ’
989 1367 1151 1422 αὑτοῦ
1189 1370 1587 1441 ἐπιφερόμενον
1619 1372 1781 1425 ὅπλον
1814 1373 1907 1425 καὶ
1940 1376 1974 1443 ἡ

402 1457 747 1527 ἐγχείρησις·
803 1459 836 1529 ἢ
876 1460 1017 1512 κατὰ
1044 1459 1238 1530 τύχην,
1272 1461 1347 1522 ὡς
1382 1463 1439 1515 ἐν
1466 1463 1776 1532 κυνηγεσίῳ
1813 1463 1979 1533 ῥίψας

405 1551 504 1617 μὲν
535 1566 604 1601 κα
619 1550 676 1602 ιά
703 1551 869 1622 θηρὸς
897 1552 958 1605 τὸ
988 1553 1161 1623 βέλος,
1192 1552 1476 1625 ἄνθρωπον
1501 1554 1556 1607 δὲ
1590 1556 1894 1625 ἀναιρήσας
1921 1555 1980 1620 ἐξ

403 1640 646 1705 ἀγνοίαςο
679 1642 711 1711 ἢ
748 1643 805 1694 ὲν
838 1642 988 1716 μάχῃ
1023 1646 1159 1713 μετὰ
1191 1646 1373 1715 χειρὸς
1404 1646 1634 1716 πλήξας,
1667 1647 1699 1717 ἢ
1738 1647 1846 1700 ἀπὸ
1878 1648 1976 1717 ps-

405 1730 501 1799 θης
535 1732 653 1783 τινὰ
689 1732 974 1799 φονεύσας,
1011 1736 1160 1797 ὅστις
1197 1736 1291 1789 καὶ
1324 1735 1416 1788 ἐπὶ
1450 1737 1770 1791 πενταετίαν
1802 1737 1993 1809 ὲξορί-“

2072 552 2243 617 verit,
2278 567 2404 606 eum
2447 555 2771 609 sententiam
2816 554 2882 608 ad
2924 569 3011 609 res
3046 552 3416 607 coincidentes
3464 565 3646 621 aptam

2071 644 2438 707 inventurum,
2466 654 2520 699 et
2560 645 2735 715 ipsum
2770 646 2991 715 quidem
3035 644 3168 715 asyli
3207 646 3295 714 ius
3326 645 3380 698 in
3421 644 3487 699 iis
3519 658 3651 699 cau-

2072 734 2147 789 sis
2197 749 2319 802 quae
2347 735 2647 789 canonibus
2680 734 2909 790 deﬁnita:
2933 743 3079 800 sunt,
3104 733 3448 789 conservabit
3474 751 3486 786 :
3519 744 3573 786 at
3599 734 3649 786 in

2072 824 2196 879 aliis
2220 826 2359 879 idem
2396 824 2649 894 ncgliget,
2679 824 2769 879 ubi
2798 840 2906 879 non
2933 825 3137 893 justum
3162 839 3259 879 nec
3289 839 3499 893 aqunm
3530 824 3647 876 fue-

2073 914 2164 978 rit,
2195 915 2327 985 asyli
2364 915 2538 971 locum
2571 916 2817 972 concedi.
2849 914 2917 970 Et
2944 916 3195 985 quoniam
3227 916 3409 970 multis
3445 931 3508 971 ac
3554 931 3648 967 vn-

2076 1007 2172 1063 riis
2194 1008 2368 1063 modis
2400 1008 2749 1063 homicidium
2772 1008 3126 1064 committitur
3152 1008 3266 1079 (aut
3292 1010 3433 1064 enim
3459 1020 3649 1078 spome

2073 1114 2168 1154 sua
2196 1100 2487 1169 quispiam,
2523 1111 2578 1157 et
2614 1100 2863 1157 consulto
2896 1103 3128 1172 dataque
3156 1117 3319 1173 opera
3357 1103 3651 1157 instructus

2076 1202 2287 1259 peccat,
2324 1200 2382 1245 nt
2432 1192 2497 1257 is,
2546 1193 2638 1262 qui
2673 1193 2910 1262 gladium
2960 1194 3185 1249 necandi
3218 1194 3451 1249 hominis
3491 1210 3651 1249 causa

2078 1292 2307 1354 apparat
2336 1300 2350 1349 ;
2381 1293 2474 1338 aut
2506 1300 2572 1338 ex
2595 1283 3062 1351 iraeundia,ve|ut
3085 1286 3138 1339 in
3165 1285 3366 1353 impetu
3395 1285 3649 1354 quodam,

2081 1374 2169 1427 ubi
2196 1375 2614 1428 considerantur
2637 1383 2688 1430 et
2712 1391 2861 1431 arma
2890 1391 3008 1446 qu;e
3032 1376 3296 1447 gestabat,
3327 1385 3380 1430 et
3410 1376 3526 1444 ipse
3559 1389 3653 1428 co—

2081 1475 2237 1517 natus
2266 1481 2280 1527 ;
2309 1473 2401 1517 aut
2435 1465 2677 1531 fortuito,
2723 1480 2781 1521 ut
2807 1467 2859 1520 in
2891 1477 3105 1533 venatu,
3143 1468 3185 1521 si
3207 1468 3368 1521 telum
3404 1467 3457 1519 in
3489 1464 3654 1520 feram

2080 1554 2393 1624 conjecerit,
2422 1556 2763 1611 ethominem
2800 1557 3115 1626 ignoranter
3148 1558 3411 1613 occiderit
3440 1572 3455 1621 ;
3492 1556 3656 1609 autin

2080 1647 2221 1712 rixa,
2241 1648 2285 1701 si
2311 1664 2470 1701 manu
2498 1649 2847 1718 percusserit,
2862 1650 2945 1703 vel
2968 1664 3031 1703 ex
3054 1649 3364 1704 temulentia
3380 1664 3541 1719 quem
3563 1663 3660 1702 ne-

2087 1740 2315 1805 caverit,
2336 1740 2427 1809 qui
2452 1739 2671 1809 quidem
2690 1739 2755 1793 ad
2784 1738 3212 1809 quinquennium
3238 1738 3551 1808 relegatur),
3579 1751 3663 1792 se—

407 1826 602 1899 ζεται),
641 1828 778 1899 πρὸς
815 1828 913 1892 τὰς
953 1828 1201 1893 τοιαύτας
1239 1829 1531 1901 διαιρέσεις
1566 1831 1662 1884 καὶ
1699 1830 1797 1895 τὰς
1838 1832 1981 1885 κατὰ

2098 1832 2322 1887 cundum
2344 1830 2654 1903 hujusmodi
2680 1830 2995 1895 divisiones,
3018 1837 3072 1884 et
3091 1829 3364 1900 expositas
3384 1829 3663 1898 particular

410 1920 575 1991 μέρος
616 1921 795 1985 αἰτίας
835 1922 1032 1993 ἔχομεν
1069 1923 1255 1992 σαφῶς
1296 1922 1392 1975 καὶ
1432 1922 1572 1976 κατά
1605 1922 1665 1976 τὸ
1704 1924 1980 1994 προσῆκον

409 2009 505 2063 καὶ
544 2011 643 2080 τὴν
688 2014 753 2066 ὲκ
793 2013 886 2065 τοῦ
925 2014 1093 2083 νόμου
1136 2013 1430 2081 ἀπόφασιν.
1473 2012 1582 2064 Kal.
1624 2014 1652 2065 6
1699 2014 1796 2082 μὲν
1838 2012 1982 2065 κατά

410 2098 634 2165 ἄγνοιαν
650 2102 890 2168 φονεύων
902 2101 1026 2154 οὔτε
1042 2101 1133 2154 τὸν
1149 2100 1286 2155 κατὰ
1298 2100 1406 2153 τῶν
1420 2100 1762 2171 ἀνδροφόνων
1779 2101 1981 2153 δέδοικε

412 2194 577 2261 νόμον
607 2193 729 2246 οὔτε
765 2194 991 2257 ἀσυλίας
1024 2192 1215 2265 χρῇζει
1260 2210 1273 2224 ο
1303 2193 1492 2264 ῶσπερ
1524 2196 1619 2248 καὶ
1648 2195 1677 2247 6
1711 2197 1817 2249 ἀπὸ
1850 2213 1983 2266 τρυο

414 2286 521 2354 φῆς
548 2285 774 2352 ἀνελὼν,
800 2289 894 2340 καὶ
917 2289 944 2339 ὁ
973 2287 1047 2357 μὴ
1075 2286 1325 2355 ἐσχηκὼς
1354 2285 1580 2357 γνώμην
1604 2287 1697 2340 τοῦ
1729 2288 1985 2357 φονεῦσαι

412 2377 507 2429 ἐὰν
539 2378 793 2447 φονεύσῃ.
833 2378 991 2431 Ἀλλά
1023 2377 1197 2430 ταῦτα
1234 2379 1332 2448 μὲν
1365 2381 1422 2431 ὲν
1451 2378 1661 2442 τούτοις
1697 2381 1984 2449 περιίστα-

413 2482 540 2520 ται·
588 2468 763 2519 έκεῖνο
806 2467 863 2519 δέ
929 2468 1042 2519 ὲστ.
1087 2466 1148 2518 τὸ
1192 2466 1628 2536 πολυθρύλλητον
1666 2464 1885 2536 ζήτημα
1926 2468 1985 2520 τὸ

413 2557 540 2627 περὶ
576 2556 669 2609 τοῦ
710 2558 957 2610 ἑκουσίου
1000 2557 1091 2611 καὶ
1129 2557 1192 2609 ὲκ
1233 2557 1605 2626 προαιρέσεως
1644 2559 1739 2609 καὶ
1781 2558 1983 2627 προθέ-

416 2663 551 2708 σεως
592 2646 774 2712 φόνου.
812 2644 1010 2698 Τοῦτον
1044 2644 1153 2713 γὰρ
1186 2645 1276 2696 τὸν
1311 2643 1559 2698 ἑκούσιον
1592 2646 1753 2712 φόνον
1787 2644 1912 2699 οὔτε
1949 2647 1981 2716 ἡ

414 2737 657 2799 Μωσέως
717 2735 1008 2806 νομοθεσία
1072 2736 1475 2807 συγχωρεῖσθαι
1538 2735 1685 2801 ἀξιοῖ
1766 2738 1889 2791 οὔτε
1950 2741 1983 2810 ὴ

428 2830 708 2898 Ῥωμαῖκὴ
740 2831 770 2900 ἡ
804 2830 951 2897 παρά
979 2828 1087 2882 τῶν
1120 2830 1289 2897 ἁγίων
1314 2830 1571 2898 Πατέρων
1602 2831 1983 2901 ἀποδεχθεῖσα,

416 2917 539 2971 οὔτε
568 2936 650 2982 τις
680 2918 907 2989 εὐσεϐὴς
938 2919 1197 2989 λογισμὸς
1229 2922 1477 2990 ἀνέχεται
1506 2921 1595 2976 τὸν
1626 2925 1767 2976 κατὰ
1794 2924 1986 2978 τοσοῦ-

416 3026 507 3064 τον
540 3011 893 3079 ἀδικήσαντα,
928 3010 1015 3063 ἵνα
1044 3012 1137 3064 καὶ
1164 3011 1312 3080 ξίφος
1342 3012 1636 3083 εύτρεπίσῃ
1668 3014 1761 3067 καὶ
1792 3014 1987 3084 διαμες

2090 1922 2185 1977 tim
2218 1936 2445 1987 causas,
2473 1921 2636 1975 etiam
2667 1918 2957 1976 manifesto
3003 1920 3267 1990 planeque
3321 1919 3661 1973 convenienti

2091 2013 2322 2077 ratione,
2353 2012 2488 2082 legis
2541 2012 2871 2067 sententiam
2921 2012 3201 2066 habemus.
3234 2009 3301 2065 Et
3336 2010 3383 2065 is
3421 2010 3661 2080 quidem,

2090 2106 2187 2174 qui
2222 2105 2421 2159 caedem
2464 2105 2782 2175 ignorantur
2811 2103 3082 2171 admittit;
3128 2116 3227 2158 nec
3268 2101 3430 2155 latam
3474 2101 3527 2153 in
3568 2100 3662 2154 ho-

2094 2196 2318 2250 micidas
2349 2195 2517 2266 legem
2548 2195 2759 2260 metuit,
2803 2210 2901 2249 nec
2940 2196 3089 2265 asylo
3120 2193 3323 2263 indiget
3358 2212 3371 2247 :
3405 2191 3666 2262 quemad-

2094 2288 2311 2341 modum
2337 2296 2390 2341 ct
2423 2286 2491 2349 is,
2520 2286 2613 2356 qui
2641 2302 2734 2355 per
2767 2286 2950 2339 ludum
2987 2302 3049 2340 ac
3068 2285 3250 2355 jocum
3278 2282 3576 2347 necaverit,
3612 2291 3669 2335 ct

2091 2379 2183 2448 qui
2222 2380 2463 2433 animum
2485 2378 2778 2447 .occidendi
2823 2393 2929 2431 non
2965 2378 3173 2442 habuit,
3206 2377 3252 2432 si
3284 2375 3563 2432 occiderit.
3603 2374 3667 2428 Et

2095 2474 2208 2526 haec
2234 2471 2452 2542 quidem
2502 2471 2551 2524 in
2590 2471 2674 2525 his
2713 2472 3037 2525 consistunt.
3066 2471 3158 2524 llla
3188 2485 3316 2525 vero
3354 2467 3666 2539 pervulgata

2091 2562 2316 2631 quaestio
2337 2571 2440 2626 est,
2469 2561 2536 2615 de
2568 2562 2877 2627 hmnicidio,
2917 2561 3062 2630 quod
3094 2570 3285 2627 sponte
3310 2556 3670 2614 committitur

2092 2661 2146 2708 et
2167 2669 2233 2708 ex
2260 2652 2424 2707 animi
2456 2652 2721 2707 arbitratu
2762 2663 2920 2720 atque
2960 2651 3256 2722 proposito.
3289 2651 3425 2705 Nam
3467 2650 3667 2704 caedem

2092 2746 2239 2800 illam
2263 2754 2614 2814 spontaneam
2648 2758 2748 2798 nec
2779 2743 3010 2799 Mosaica
3043 2745 3130 2798 [ex
3151 2741 3377 2798 concedi
3406 2740 3539 2806 vult,
3568 2754 3670 2794 nec

2095 2836 2357 2902 Romana,
2387 2836 2587 2890 sanctis
2616 2852 2644 2889 a
2669 2835 2917 2889 Patribus
2944 2833 3272 2903 approbata;
3298 2831 3418 2900 pius
3439 2829 3673 2899 denique

2094 2925 2237 2980 ferre
2276 2924 2462 2991 nequit
2495 2924 2731 2984 animus,
2785 2935 2844 2977 ut
2886 2924 2974 2992 qui
3028 2932 3133 2976 tam
3178 2920 3412 2988 injustus
3458 2917 3578 2979 fuit,
3617 2924 3675 2970 ut

2095 3015 2257 3069 etiam
2300 3013 2535 3084 gladium
2565 3022 2916 3083 praepararet,
2964 3028 3025 3066 ac
3061 3010 3414 3081 proximi'sui
3442 3016 3671 3063 mortem

419 3100 618 3171 λετήσῃ
651 3102 740 3154 τὸν
770 3100 864 3154 τοῦ
902 3101 1128 3172 πλησίον
1162 3101 1392 3155 θάνατον
1422 3102 1519 3155 καὶ⁵
1546 3103 1733 3158 τοῦτον
1763 3106 1959 3181 τελέσῃ
1978 3150 1992 3170 ,

2101 3106 2474 3171 meditaretur,
2495 3121 2723 3175 eamque
2764 3104 3066 3174 perliceret,
3099 3104 3301 3158 auxilio
3326 3112 3383 3157 et
3408 3116 3509 3172 ope
3541 3111 3676 3155 tem-

421 3191 727 3261 χρήσασθαι
757 3194 822 3262 τῇ
856 3193 920 3245 ἐκ
946 3191 1040 3245 τοῦ
1076 3190 1220 3262 ἱεροῦ
1255 3190 1492 3262 βοηθείᾳ.
1522 3193 1635 3246 Οὐκ
1664 3193 1782 3248 ἔστι
1812 3196 1992 3263 τοῦτο,

422 3284 522 3337 οὐκ
553 3283 669 3337 ἔστι
701 3284 810 3337 τῶν
835 3284 1072 3348 εὐσεϐῶς
1102 3284 1498 3355 διανοουμένων
1526 3301 1538 3313 ·
1578 3285 1715 3341 ἀλλὰ
1740 3286 1994 3353 δυνατὸν,

421 3374 495 3437 ῶς
520 3373 754 3445 εἴρηται,
780 3379 874 3429 καὶ
895 3377 1021 3439 τοὺς
1045 3376 1241 3445 νόμους
1264 3376 1568 3447 τηρηθῆναι
1593 3378 1687 3430 καὶ
1717 3379 1997 3451 φυλαχθῆο

423 3482 512 3520 ναι
543 3466 604 3520 τὸ
628 3467 725 3536 τῆς
740 3466 1068 3538 Ἐκκλησίας
1086 3467 1401 3539 προνόμιον.
1441 3468 1635 3523 Ἦνίκα
1668 3470 1776 3542 γὰρ
1804 3471 1871 3525 ἂν
1900 3472 1995 3526 ἀν-

426 3558 643 3626 θρωπος
682 3561 745 3612 ὲκ
786 3558 879 3628 τῆς
918 3559 1069 3623 θείας
1098 3559 1365 3631 Προνοίας
1406 3562 1860 3631 ἐγκαταλειφθεὶς
1906 3565 2000 3619 ἀν-

428 3649 646 3720 θρώπου
675 3650 1052 3721 διαμελετήσει
1086 3652 1312 3706 θάνατον
1345 3653 1435 3706 καὶ
1464 3653 1648 3707 τοῦτον
1678 3655 1999 3726 ἀπαρτίσει,

426 3742 521 3794 καὶ
567 3742 778 3810 ἀφανὴς
828 3741 924 3795 καὶ
969 3742 1297 3811 ἀνέγκλητος
1347 3745 1570 3814 γένηται
1606 3745 1642 3809 ,ό
1686 3747 1816 3815 παρ’
1837 3746 2002 3799 αὐτοῦ

428 3833 809 3901 καταρτισθεὶς
838 3832 1027 3900 φόνος,
1058 3833 1138 3895 είς
1168 3830 1360 3885 ἑαυτὸν
1388 3832 1444 3885 δὲ
1472 3833 1761 3902 γενόμενος
1794 3835 2002 3905 μετρή-

432 3938 514 3975 σει
542 3921 604 3976 τδ
640 3922 866 3992 μέγεθος
898 3923 990 3977 τοῦ
1023 3924 1382 3993 τολμηθέντος
1416 3923 1706 3993 πτώματος
1740 3927 1834 3979 καὶ
1869 3926 2005 3996 πρὸς

431 4014 786 4085 ἐξαγόρευσιν
813 4017 1046 4086 ὁρμήσει
1066 4054 1081 4079 ,
1112 4015 1385 4083 λογίζεται
1414 4016 1589 4086 δήπου
1608 4056 1622 4079 ,
1656 4017 1794 4087 ποίῳ
1821 4018 2007 4088 τρόπῳ

429 4109 634 4179 ταύτην
668 4109 923 4177 ἀσφαλῶς
963 4108 1256 4179 ποιήσηται
1279 4125 1295 4140 ·
1351 4110 1444 4162 καὶ
1478 4108 1823 4178 λογιζόμενος
1861 4110 2007 4180 εὑρί-

432 4216 552 4253 σκει
583 4199 833 4263 πάντως,
864 4202 946 4254 ὅτι
974 4199 1067 4253 τοῦ
1099 4200 1474 4271 ἐρευνωμένου
1504 4200 1745 4270 ἀφανοῦς
1772 4201 2005 4256 θανάτου

433 4294 562 4361 παρ’
587 4292 752 4346 αὐτοῦ
789 4293 1251 4362 ὲξαγγελλομένου
1287 4294 1568 4363 φωρᾶται,
1602 4294 1697 4346 καὶ
1732 4293 2007 4364 φωραθεὶς

432 4385 507 4447 ὡς
540 4384 864 4455 ἀνδροφόνος
896 4385 959 4438 ἐκ
988 4384 1082 4437 τοῦ
1112 4384 1277 4454 νόμου
1313 4387 1408 4438 καὶ
1438 4383 1531 4437 τοῦ
1567 4384 1878 4454 προσφόρου
1910 4384 2008 4455 ἀρ-

432 4491 619 4545 χοντος
648 4474 680 4545 ἢ
714 4474 1144 4544 συλλαμϐάνεται
1172 4473 1206 4544 ἢ
1241 4473 1445 4543 ...(11).
1467 4474 1576 4528 Καὶ
1607 4473 1696 4526 διὰ
1725 4474 1898 4528 ταῦτα
1927 4476 2007 4539 είς
2040 4456 2084 4512 Ῑ)

432 4567 494 4618 τὸ
531 4566 676 4637 ἱερὸν
711 4568 1089 4637 εἰσερχόμενος
1128 4567 1221 4620 καὶ
1256 4565 1335 4636 τῷ
1373 4567 1508 4637 ἱερεῖ
1546 4568 2008 4639 προσερχόμενος,

434 4658 525 4710 καὶ
550 4657 886 4727 πανταχόθεν
915 4656 1054 4727 ἔχων
1080 4657 1141 4710 τὺ
1168 4658 1409 4728 ἀσφαλὲς
1433 4661 1666 4711 ποιεῖται
1694 4658 1793 4729 τὴν
1822 4658 2012 4727 ἐξαγό-

437 4766 643 4819 ρευσιν,
683 4749 846 4821 τυχὸν
882 4750 979 4821 οἴῳ
1020 4748 1206 4820 τρόπῳ
1249 4750 1344 4802 καὶ
1386 4750 1475 4819 οἵᾳ
1524 4752 1739 4819 μηχανῇ
1781 4748 1881 4818 τὴν
1915 4748 2009 4801 τοῦ

437 4840 787 4907 φονευθέντος
834 4840 1162 4910 κατήρτισεν
1210 4840 1582 4910 ἀγνοουμένην
1629 4840 1867 4911 σφαγὴν,
1915 4840 2011 4893 καὶ

437 4932 783 5002 ἐπιτυγχάνει
813 4931 913 5003 τῆς
947 4931 1213 5000 ἀφέσεως.
1246 4931 1396 5002 Αὕτη
1432 4932 1541 5002 γὰρ
1574 4932 1665 4983 καὶ
1695 4930 1844 4984 ἔστιν
1875 4932 2011 5003 ἀλη-

438 5022 545 5085 θῶς
586 5021 682 5075 καὶ
717 5022 934 5090 λέγεται
970 5021 1377 5089 ἐξομολόγησις,
1414 5024 1447 5091 ἡ
1487 5019 1582 5074 τοῦ
1626 5021 2007 5091 κεκρυμμένου

440 5112 888 5183 παραπτώματος
923 5112 1242 5184 αὐθαίρετος
1275 5111 1528 5183 δήλωσις.
1571 5109 1633 5163 Ἦ
1667 5111 1722 5163 δὲ
1757 5111 1884 5181 περὶ
1914 5111 2010 5181 τῆς

440 5208 679 5276 φανερᾶς
708 5206 802 5258 καὶ
834 5204 1097 5276 προδήλου
1128 5202 1379 5273 πράξεως
1411 5204 1504 5257 καὶ
1536 5203 1847 5272 μιαιφονίας
1876 5219 2013 5271 συγ-

441 5297 735 5361 κατάθεσις
773 5299 889 5360 πῶς
923 5296 1017 5350 καλ⁵
1050 5295 1374 5366 λεχθήσεται
1408 5295 1546 5356 ὅλως
1584 5293 2010 5364 ἐξομολόγησιςς

454 5384 549 5437 Ἐκ
581 5384 677 5437 τοῦ
714 5386 957 5439 τοιούτου
991 5380 1084 5438 οὖν
1121 5385 1415 5454 συνάγεται
1452 5385 1545 5437 καὶ
1576 5386 1820 5453 τηρεῖται
1858 5384 1954 5437 καὶ
1985 5385 2018 5454 ἠ

440 5477 535 5529 τοῦ
563 5477 729 5546 νόμου
754 5477 1029 5545 ἀπόφασις
1059 5477 1154 5529 καὶ
1182 5477 1215 5543 ἡ
1245 5474 1339 5528 τοῦ
1372 5474 1518 5546 ἱεροῦ
1549 5473 1838 5541 ἀσφάλεια.
1869 5475 1931 5527 El
1963 5474 2020 5527 δὲ

446 5569 581 5639 αὓτη
614 5570 739 5641 Ιμὴ]
796 5570 910 5639 (12)
964 5568 1105 5622 οὕτω
1162 5569 1481 5638 διορισθείη,
1519 5567 1750 5639 μάχεται
1805 5566 2021 5630 πάντως

519 5663 564 5723 (Ι
586 5664 631 5728 l)
661 5662 866 5717 Desunt
888 5663 1167 5717 nonnulla.

2100 3199 2171 3267 pli
2217 3197 2451 3254 fruatur.
2492 3196 2607 3252 Non
2652 3199 2888 3261 esthoc,
2945 3210 3048 3249 nou
3098 3203 3180 3249 est
3222 3193 3530 3247 animorum
3589 3188 3678 3259 pie

2100 3291 2450 3360 cogitantium
2478 3310 2490 3345 :
2530 3289 2623 3346 sed
2656 3288 2768 3343 fieri
2799 3295 2996 3357 potest,
3029 3301 3125 3341 ceu
3168 3284 3369 3339 dictum
3397 3292 3502 3349 est,
3534 3287 3674 3335 utet

2101 3381 2244 3453 leges
2271 3382 2652 3445 observentur,
2697 3390 2751 3435 et
2787 3378 3123 3450 privilegium
3161 3377 3416 3459 Ecclesia:
3463 3374 3671 3429 salvum

2101 3476 2190 3529 sit.
2212 3473 2420 3542 Quippe
2448 3488 2571 3529 cum
2595 3472 2756 3526 homo
2788 3472 3032 3528 desertus
3059 3484 3086 3522 a
3110 3468 3287 3522 divina
3311 3463 3677 3527 Providentia,
3752 3544 3755 3545 ν

2103 3568 2303 3621 caedem
2337 3564 2571 3620 hominis
2600 3564 2783 3618 animo
2811 3559 3143 3631 conceperit,
3174 3572 3403 3628 eamque
3439 3558 3680 3627 perfece-

2105 3656 2195 3717 rit,
2226 3663 2389 3724 atque
2416 3654 2502 3707 illa
2523 3653 2698 3708 czedes
2727 3650 2794 3705 ab
2814 3665 2878 3706 eo
2899 3648 3212 3712 commissa,
3235 3644 3597 3717 cognitionem
3626 3654 3682 3697 et

2107 3745 2511 3800 accusationem
2546 3744 2829 3797 hominum
2865 3738 3134 3810 eﬂ'ugerit,
3173 3738 3289 3807 ipse
3332 3750 3463 3790 vero
3489 3736 3683 3790 ductus

2108 3834 2248 3887 intra
2289 3848 2367 3897 se,
2420 3833 2603 3901 lapsus
2644 3833 2729 3887 sui
2776 3830 3202 3899 magnitudinem
3235 3826 3595 3898 perpendat-it,
3630 3836 3684 3901 et

2108 3925 2173 3977 ad
2199 3922 2594 3977 confessionem
2640 3920 2758 3989 ejus
2797 3934 2918 3975 sese
2952 3919 3240 3973 contulerit
3274 3935 3288 3971 :
3329 3931 3461 3972 sane
3498 3898 3680 3972 secum

2110 4015 2226 4085 ipse
2241 4014 2464 4085 cogitat,
2488 4026 2723 4082 quonam
2738 4018 2894 4079 pacto
2908 4008 3078 4078 possit
3102 4024 3223 4063 eam
3250 4018 3365 4062 tuto
3380 4007 3683 4072 instituere,

2110 4109 2271 4177 idque
2322 4106 2593 4176 cogitans,
2638 4101 2861 4159 omnino
2936 4100 3175 4155 futurum
3216 4098 3488 4169 intelligit,
3534 4108 3592 4153 ut
3639 4102 3682 4153 si

2110 4198 2311 4255 eaedem
2344 4196 2693 4268 incognitam,
2730 4210 2849 4264 quae
2888 4191 3264 4261 investigatur,
3297 4191 3559 4257 enuntiet,
3592 4191 3687 4244 dc-

2111 4290 2476 4361 prchendatur
2505 4307 2517 4343 :
2542 4303 2605 4342 ac
2635 4285 3027 4355 deprehensus,
3070 4283 3216 4338 velut
3239 4282 3507 4338 homicida
3553 4282 3684 4352 legis

2111 4382 2462 4446 auctoritate,
2495 4380 2951 4449 magistratusque
3007 4374 3385 4445 competentis,
3412 4381 3504 4427 aut
3532 4387 3681 4427 com-

2112 4471 2497 4541 prehendatur,
2539 4478 2632 4523 aut
2669 4481 2787 4522 eam
2834 4468 3004 4536 ipsam
3052 4465 3121 4523 ob
3167 4480 3382 4521 causam
3433 4463 3686 4534 templum

2115 4560 2443 4631 ingrediens,
2489 4569 2543 4614 et
2571 4558 2636 4613 ad
2668 4560 3010 4614 sacerdotem
3069 4556 3354 4621 accedens,
3390 4565 3551 4624 atque
3586 4570 3689 4609 uu-

2114 4654 2394 4720 dccunqne
2440 4650 2718 4710 securitati
2762 4663 2875 4705 suae
2936 4647 3243 4715 consulens,
3292 4646 3686 4704 confessionem

2115 4742 2403 4808 instituat;
2452 4742 2598 4797 verbi
2633 4741 2824 4811 gratia,
2865 4755 2973 4810 quo
3006 4749 3182 4808 pacto,
3224 4746 3280 4793 et
3307 4752 3544 4808 quanam
3571 4744 3689 4790 arte

2115 4832 2353 4902 ignotam
2380 4831 2546 4886 occisi
2576 4831 2779 4885 caedem
2804 4828 3177 4893 commiserit,
3202 4841 3266 4883 ac
3294 4829 3503 4882 veniam
3531 4826 3694 4895 impe-

2118 4934 2242 4980 tret.
2263 4925 2385 4979 Haec
2403 4924 2545 4979 enim
2562 4931 2617 4979 et
2638 4930 2723 4977 est
2749 4935 2959 4990 reapse,
2975 4932 3031 4977 et
3057 4920 3257 4975 dicitur
3289 4917 3581 4977 cuufessio.
3598 4917 3693 4970 de-

2122 5016 2231 5071 licti
2257 5015 2463 5072 scilicet
2488 5014 2685 5070 occulti
2722 5022 3018 5083 spontanea
3041 5010 3363 5067 enuntiatio.
3393 5008 3537 5064 Certi
3562 5021 3693 5063 vero

2122 5106 2501 5175 manifestique
2520 5104 2668 5167 facti,
2698 5111 2752 5158 et
2772 5102 2935 5159 caulis
2956 5101 3242 5170 depositio,
3272 5113 3507 5169 quonam
3532 5095 3691 5167 plane

2121 5209 2278 5269 pacto
2309 5195 2577 5253 confessio
2603 5194 3041 5265 nuncupabitur?
3063 5193 3141 5247 Ex
3172 5192 3271 5247 hoc
3293 5204 3422 5260 ergo
3444 5199 3550 5243 tam
3579 5186 3694 5243 col-

2122 5290 2271 5361 iigitu
2281 5306 2325 5356 r,
2340 5304 2500 5360 quam
2518 5286 2966 5351 conservatur,lut
2983 5285 3114 5356 legis
3128 5281 3417 5347 sententia,
3431 5279 3510 5335 sic
3527 5278 3689 5333 etiam

2127 5383 2309 5453 templi
2350 5382 2636 5437 securitas.
2673 5378 2804 5446 Quae
2848 5378 3066 5447 quidem
3106 5376 3152 5432 si
3185 5372 3408 5430 deﬁnita
3444 5372 3496 5424 in
3550 5370 3693 5424 hunc

2129 5473 2349 5527 modum
2393 5488 2497 5528 non
2531 5471 2713 5535 fuerit,
2758 5471 2981 5525 omnino
3014 5480 3196 5521 secum
3226 5463 3341 5533 ipse
3371 5466 3573 5531 pugnat
3599 5458 3688 5527 qui

2126 5564 2271 5634 leges
2300 5564 2570 5632 congessit
2593 5570 2755 5631 atque
2789 5557 3143 5628 promulgavit
3166 5551 3503 5611 Justinianus
3529 5563 3685 5607 :cttm

518 5717 632 5805 (l2)
662 5730 891 5805 Negatio
935 5734 1274 5791 desideratur
1301 5733 1357 5789 in
1388 5734 1627 5789 editione
1654 5730 1967 5789 Leunclavii
1999 5747 2013 5784 :
2056 5735 2201 5784 recte
2233 5740 2350 5780 eam
2380 5722 2586 5779 addidit
2621 5717 2847 5776 Rhallis.
