4058 6212
361 324 475 396 595.

1353 319 1860 381 CONSTANTINI
1904 314 2579 377 PORPIIYROGENITI

3508 309 3612 370 596

357 443 536 497 edicto
567 439 830 503 sanxerit,
865 452 930 490 ne
961 433 1249 490 homicidis
1271 433 1422 489 locus
1445 435 1575 504 asyli
1607 443 1822 502 pateat;
1853 432 1932 486 ni-

2054 432 2213 500 ίαυτῷ
2250 432 2277 482 ό
2308 430 2433 490 τοὺς
2468 429 2666 497 νόμους
2709 425 2968 495 ἀθροίσας
3011 425 3106 477 καὶ
3149 423 3364 492 γράψας
3395 424 3618 475 Ἰουοτι-

363 534 580 603 biloque
609 531 785 586 minus
814 528 1059 590 voluerit,
1091 536 1149 580 ιιι
1191 524 1471 582 homicida:
1513 527 1565 581 in
1597 526 1812 580 condito
1841 525 1934 579 abs

361 643 421 684 se
452 625 651 693 templo
672 623 762 691 jus
784 619 916 689 asyli
943 619 1228 675 haberent.

1110 839 1176 892 Χ.

363 977 440 1032 De
470 976 571 1036 ftis.
597 974 686 1045 qui
726 981 910 1045 sponte
941 973 1111 1027 cwdes
1139 971 1492 1045 committunt,
1524 974 1607 1024 (ex
1638 972 1829 1032 altera,
1864 986 1938 1022 re-

433 1042 625 1113 cipiens
659 1043 868 1114 quidem
896 1059 981 1096 eos
1016 1058 1080 1096 ex
1103 1042 1577 1114 contritiseratione,
1607 1052 1794 1114 printer
1823 1057 1938 1092 sen-

436 1111 650 1169 tentiam
672 1111 871 1182 prioris
895 1129 914 1177 ;
941 1128 1118 1165 verum
1152 1111 1338 1165 exsilio
1370 1121 1638 1178 perpetuo,
1663 1111 1939 1164 bonorum-

434 1201 533 1255 que
557 1184 863 1246 amissione,
891 1182 1147 1236 multum.

437 1317 562 1372 llazc
603 1317 714 1386 jam
751 1315 965 1370 sancire
1003 1314 1362 1379 decrevimus,
1387 1314 1584 1382 prioris
1615 1313 1828 1382 quidem
1861 1314 1938 1368 le-

365 1410 450 1483 gis
488 1409 834 1464 severitatem
868 1421 990 1462 cum
1038 1407 1351 1477 benigniore
1395 1408 1730 1461 decretorum
1766 1406 1940 1461 eccle-

364 1499 706 1552 siasticorum
767 1511 996 1552 censura
1062 1504 1480 1559 commutantes,
1537 1495 1937 1550 dissolutionem

364 1603 495 1644 vero
527 1587 913 1655 licentiamque
947 1586 1394 1654 dellnquentium,
1441 1600 1562 1656 qua:
1595 1586 1736 1638 illam
1769 1585 1938 1653 ipsam

366 1682 436 1736 ob
457 1695 673 1736 causam
702 1679 915 1732 facilem
949 1677 1306 1732 imitationem
1331 1678 1514 1742 habet,
1535 1692 1639 1731 non
1658 1692 1938 1746 ptenarum

2037 520 2236 581 νιανὺς,
2270 517 2639 584 νομοθετήσας
2682 515 2780 583 μὲν
2815 514 3168 585 ἀνδροφόνοις
3206 513 3280 582 μὴ
3315 507 3454 564 εἶναι
3487 515 3625 566 ἀσυ·

2036 608 2176 667 λίαν,
2221 608 2278 659 ἐν
2322 606 2377 658 δέ
2422 605 2503 674 τῷ
2546 603 2864 672 πκράὺτοῦ
2914 603 3173 656 συστάντι
3219 601 3351 672 ἱερῷ
3391 601 3618 657 ἀσυλίαν

2039 697 2185 767 ἔχειν
2214 697 2400 750 λοιπὸν
2431 697 2558 759 τοὺς
2587 695 2967 764 ἀνδροφόνους.

2045 968 2155 1022 Τοῦ
2219 967 2406 1022 αὐτοῦ
2465 965 2713 1031 δευτέρα
2773 963 3096 1031 νομοθεσία
3128 962 3261 1028 περὶ
3295 960 3416 1013 τῶν
3449 961 3621 1015 ἐκου-

2109 1039 2266 1102 σίωςς
2289 1037 2690 1105 φονευόντων,
2714 1032 3006 1105 δεχομένη
3026 1032 3142 1105 μὲν
3189 1031 3412 1105 αῦτοὺς
3428 1100 3439 1105 _
3465 1031 3618 1084 κατὰ

2110 1100 2508 1175 συμπᾶθειαν,
2533 1103 2691 1170 παρὰ
2713 1100 2975 1175 δύναμινΔ
2999 1101 3109 1168 τῆς
3127 1100 3620 1175 πρώτῃςηζιειφυ-

2116 1168 2208 1246 γίᾴ
2222 1176 2395 1230 δὲκαὶ
2415 1168 2762 1244 περιουσίας
2795 1168 3084 1225 ἐκθτνώσει
3119 1168 3614 1230 καταδικάζουσα.

2111 1312 2295 1367 Ταῦτα
2323 1311 2632 1382 νομοθετεῖν
2664 1307 3026 1382 προῃρήμεθα
3051 1306 3144 1360 νῦν
3173 1305 3235 1358 τὸ
3271 1305 3369 1374 μὲν
3413 1305 3616 1374 αὐστη-

2044 1406 2135 1476 ρὸν
2179 1405 2276 1474 τῆς
2307 1404 2412 1474 πρὸ
2442 1402 2647 1472 ταύτης
2672 1399 2995 1471 νομοθεσίας
3021 1401 3087 1468 τῇ
3116 1396 3480 1468 φιλανθρώπῳ
3507 1397 3614 1450 τῶν

2043 1498 2508 1565 ἐκκλησιαστικῶν
2538 1495 2756 1564 θεσμῶν
2802 1494 3120 1561 ἐπιτιμήσει
3163 1489 3615 1560 μεταϐάλλοντες,

2043 1592 2102 1644 τδ
2129 1591 2395 1644 ἀπόλυτον
2431 1589 2487 1642 δέ
2517 1589 2611 1642 καὶ
2641 1587 2827 1640 ἄνετον
2861 1585 2968 1638 τῶν
3010 1581 3495 1652 ἐξαμαρτανόντων
3523 1582 3619 1635 καὶ

2042 1681 2128 1734 διὰ
2154 1679 2312 1732 τοῦτο
2364 1677 2457 1730 καὶ
2501 1676 2635 1746 πρὸς
2690 1673 2921 1744 μίμησιν
2971 1671 3194 1724 εὔκολον
3241 1670 3302 1724 οὐ
3350 1670 3509 1739 μόνον
3540 1668 3621 1738 τῷ

365 1773 630 1825 duntaxat
659 1769 874 1824 vinculo
903 1777 1181 1834 saltantes,
1220 1784 1405 1822 verum
1428 1769 1589 1822 etiam
1629 1769 1937 1836 patrimonii

2054 1768 2377 1836 καταδέσμῳ
2407 1766 2514 1818 τῶν
2549 1763 2843 1832 ἐπιτιμίων
2879 1761 3190 1830 ἐξιώμενοι,
3227 1758 3364 1812 ἀλλὰ
3394 1757 3490 1810 καὶ
3520 1759 3620 1826 τῆς

369 1876 533 1932 prope
563 1863 728 1918 totius
773 1862 1137 1931 ademptione,
1167 1860 1308 1928 quod
1350 1860 1616 1915 homicida
1652 1861 1888 1928 possidet
1927 1877 1942 1924 ;

364 1952 500 2022 ipsis
537 1953 753 2023 quidem
794 1951 1101 2014 homicidis,
1147 1953 1213 2006 de
1238 1949 1408 2004 salute
1437 1950 1743 2020 reipublicae
1794 1965 1944 2015 vero,

367 2058 436 2098 ne
462 2043 586 2112 quis
609 2043 772 2098 simili
795 2042 1029 2112 quodam
1047 2040 1260 2096 fervore
1284 2041 1544 2110 napiatur,
1577 2041 1694 2094 utili
1722 2040 1947 2096 consilio

367 2131 800 2203 prospicientes,
856 2139 916 2185 ut
960 2141 1189 2200 utraque
1237 2130 1446 2186 ratione
1499 2141 1606 2184 tum
1639 2132 1726 2200 jus
1772 2131 1944 2198 ipsum

368 2220 584 2288 salvum,
602 2220 693 2286 sit,
719 2229 830 2274 tum
845 2220 1192 2275 ecclesiarum
1210 2221 1466 2276 eximium
1497 2236 1822 2292 sacrumque
1839 2222 1947 2290 pri-

368 2312 620 2384 vilegium
664 2322 1044 2372 conservetur.
1080 2314 1347 2384 adeoque,
1385 2313 1723 2368 cautionibus
1767 2313 1948 2366 ambo-

372 2419 515 2469 rum,
541 2403 859 2459 imitationis
897 2404 1196 2475 frequentia
1235 2415 1604 2460 coerceaturh

445 2612 498 2666 1.
519 2612 671 2678 Quod
719 2612 882 2682 igitur
911 2612 1103 2668 attinet
1128 2612 1252 2666 vitae
1279 2614 1566 2677 rationem,
1595 2626 1753 2679 quam
1782 2625 1946 2681 agere

373 2699 642 2755 homicida
689 2702 868 2767 debet,
904 2701 977 2755 ita
1021 2700 1259 2755 ordinari
1295 2701 1408 2753 lure
1439 2699 1710 2768 iubemus,
1738 2699 1814 2753 uti
1857 2715 1946 2754 ca-

374 2805 543 2848 nones
575 2801 828 2846 accurate
855 2799 1126 2846 statuunt.
1157 2789 1268 2846 Nos
1300 2800 1478 2845 autem
1514 2793 1614 2846 hac
1647 2807 1770 2846 eum
1819 2808 1947 2846 con-

373 2881 440 2937 sti
451 2883 657 2937 tutione
673 2890 930 2952 perpetuo
942 2882 1256 2938 damnatum
1273 2883 1466 2938 exsilio
1484 2884 1730 2952 pellimus
1745 2899 1808 2940 eo
1831 2885 1948 2940 loco

374 2987 481 3040 quo
519 2973 805 3041 piacularis
844 2973 986 3028 illius
1014 2974 1175 3029 caedis
1226 2973 1434 3029 facinus
1471 2976 1765 3031 admissum
1805 2975 1899 3031 fuit
1930 2995 1944 3030 :

2052 1857 2361 1930 προσούσης
2397 1857 2474 1926 τῷ
2523 1858 2753 1925 φονευτῇ
2790 1856 3106 1922 περιουσίας
3148 1849 3343 1921 μικροῦ
3382 1849 3492 1901 δεῖν
3529 1849 3622 1900 ἐκ·

2050 1949 2256 2001 πτώσει
2290 1963 2302 1977 ’
2338 1948 2452 2007 τοῖς
2487 1945 2586 2014 μὲν
2628 1943 2973 2014 ἀνδροφόνοις
3007 1941 3186 2001 αὐτοῖς
3215 1937 3509 2007 σωτηρίαν,
3541 1937 3620 2008 τῷ

2048 2044 2209 2114 κοινῷ
2253 2043 2307 2094 δέ
2336 2042 2437 2112 τῆς
2478 2040 2750 2102 πολιτείας
2789 2038 2849 2090 τὸ
2883 2037 2956 2106 μὴ
2996 2035 3130 2104 πρὸς
3154 2035 3243 2088 τὸν
3267 2034 3449 2104 ὅμοιόν
3499 2051 3621 2086 τινα

2050 2135 2209 2204 ζῆλον
2241 2133 2416 2188 ἐλθεῖν
2451 2132 2592 2188 κατὰ
2637 2132 2698 2183 τὺ
2745 2127 3021 2190 λυσιτελὲς
3050 2126 3511 2198 προμηθούμενοι,
3549 2125 3624 2187 ὡς

2048 2227 2112 2280 ἂν
2142 2226 2208 2279 δι’
2230 2226 2555 2296 ἀμφοτέρων
2587 2224 2681 2276 καὶ
2711 2221 2770 2275 τὸ
2791 2220 2997 2274 δίκαιον
3034 2218 3274 2290 σώζηται
3298 2218 3392 2270 καὶ
3426 2217 3488 2269 τὸ
3517 2217 3622 2270 τῶν

2047 2317 2351 2387 ἐκκλησιῶν
2383 2317 2524 2386 μέγα
2546 2317 2639 2368 καί⁵
2661 2314 2804 2367 θεῖον
2833 2311 3164 2381 συντηρῆται
3184 2310 3500 2380 προνόμιον,
3529 2309 3618 2360 καὶ

2047 2409 2107 2462 τὸ
2141 2410 2275 2462 πολὺ
2333 2410 2430 2478 τῆς
2487 2408 2774 2478 μιμήσεως
2823 2402 3213 2474 ἀναστέλληται
3257 2404 3372 2466 ταῖς
3420 2401 3620 2454 τούτων

2049 2501 2398 2570 ἀσφαλείαις.

2118 2623 2187 2670 α’.
2263 2616 2343 2669 Τὰ
2389 2615 2488 2686 μὲν
2517 2614 2608 2668 οὖν
2651 2616 2776 2686 περὶ
2825 2615 2921 2684 τῆς
2959 2612 3051 2666 τοῦ
3105 2613 3309 2680 φονέως
3347 2609 3624 2679 διαγωγῆς

2048 2710 2142 2762 καὶ
2176 2709 2275 2779 τῆς
2307 2709 2475 2761 εἰσέτι
2511 2708 2772 2778 βιώσεως,
2801 2706 2982 2770 καθὼς
3016 2708 3049 2776 ἠ
3083 2687 3336 2774 κανονικὴ
3367 2702 3625 2774 ἀκρίϐεια

2046 2801 2310 2865 τυπώσει,
2347 2799 2664 2854 διοικεῖσθαι
2696 2798 3008 2870 κελεύομεν.
3058 2798 3342 2868 ’Λειφυγίᾳ
3372 2796 3429 2849 δὲ
3462 2794 3625 2848 αὑτὸν

2049 2893 2136 2946 διὰ
2165 2892 2328 2960 τῆσδε
2361 2893 2462 2961 τῆς
2495 2890 2814 2959 νομοθεσίας
2837 2890 3273 2958 καταδικάζομεν
3303 2887 3399 2941 τοῦ
3431 2888 3621 2950 τόπου,

2049 2981 2152 3036 καθ
2171 2983 2184 3003 ’
2210 2982 2268 3034 ὃν
2299 2983 2520 3050 γέγονεν
2546 2983 2578 3052 ἡ
2607 2981 2958 3052 πλημμέλεια
2993 2979 3087 3033 τοῦ
3124 2977 3342 3048 φονικοῦ
3379 2979 3622 3048 μιάσμα-

375 3066 568 3135 parlim
624 3075 684 3120 ιιι
731 3067 834 3120 hoc
887 3066 1080 3123 exsilio
1128 3067 1392 3135 puniatur
1447 3067 1493 3122 is
1538 3070 1632 3137 qui
1692 3069 1945 3140 deliquit,

2054 3089 2160 3136 τος,
2195 3073 2353 3124 τοῦτο
2377 3073 2475 3142 μὲν
2498 3072 2796 3143 κολαζούσῃ
2826 3071 2915 3126 τὸν
2939 3071 3351 3141 ἀμαρτήσαντα,
3380 3071 3539 3120 τοῦτο
3568 3067 3625 3118 δὲ

376 3159 572 3228 partim
622 3167 679 3212 ut
719 3158 1003 3224 elliciatur,
1056 3173 1126 3212 ne
1181 3158 1431 3223 tristitiaz,
1459 3173 1522 3213 ac
1547 3159 1747 3215 doloris
1774 3159 1951 3216 incre-

377 3258 621 3304 mentum
656 3250 819 3305 occisi
865 3249 1183 3321 propinquis
1229 3246 1458 3317 accidat,
1515 3251 1656 3320 quod
1698 3252 1952 3321 utrinque

374 3338 620 3397 fortassis
635 3340 781 3395 haud
799 3349 882 3395 est
903 3341 1110 3405 inutile,
1131 3355 1198 3395 ne
1214 3357 1446 3410 unquam
1461 3342 1573 3407 ejus
1595 3342 1809 3396 assiduo
1825 3356 1953 3396 con-

373 3439 585 3500 spectu,
616 3433 710 3500 qui
731 3431 970 3486 dolorem
990 3431 1188 3496 attulit,
1221 3440 1275 3487 et
1307 3433 1416 3487 vita
1467 3433 1700 3487 defuncti
1748 3447 1951 3488 memo-

377 3524 482 3586 ria,
509 3531 706 3591 sponte
731 3521 986 3576 concitati
1019 3522 1085 3576 ad
1111 3521 1368 3576 ultionem
1400 3523 1714 3587 necessarii,
1752 3524 1950 3576 malum

380 3614 525 3667 malo
557 3627 752 3668 sanare
780 3621 1063 3680 conentur,
1088 3622 1143 3666 et
1172 3627 1358 3667 casum
1389 3613 1664 3668 homicidii
1687 3614 1952 3684 duplicem

377 3705 604 3760 faciant.
649 3705 991 3776 Quapropter
1033 3706 1252 3761 omnino
1277 3707 1565 3767 damnatus
1597 3707 1746 3763 illinc
1775 3709 1953 3763 homi—

380 3799 501 3853 cida
533 3807 855 3868 perpetuum
897 3796 1137 3865 exsulet,
1166 3811 1270 3851 nec
1290 3784 1525 3868 unquam
1561 3799 1679 3852 istic
1711 3810 1950 3866 vagetur,

380 3902 476 3947 aut
508 3892 560 3946 in
592 3906 656 3946 ea
689 3901 832 3946 terra
863 3891 1201 3947 domicilium
1247 3891 1464 3955 habeat,
1507 3907 1625 3960 qua:
1664 3892 1777 3946 oris
1816 3893 1952 3948 rictu

382 3984 601 4043 diducto
651 3984 836 4039 fratris
874 3982 1075 4052 injuste
1125 3984 1301 4039 necati
1357 3984 1671 4052 sanguinem
1719 3985 1952 4055 exaepit.

380 4077 558 4144 Atque
591 4076 731 4131 hanc
763 4077 897 4132 adeo
923 4078 1149 4145 primam
1175 4076 1466 4132 secundum
1500 4076 1644 4131 illam
1696 4077 1951 4131 ecclesia-

379 4171 569 4226 sticam
599 4183 883 4224 censuram
923 4167 1422 4222 condemnationem
1446 4166 1599 4221 ferat.

448 4369 505 4424 2.
531 4367 797 4424 Praeterea
831 4381 958 4421 vero
999 4366 1308 4420 facultatum
1353 4377 1574 4418 suarum
1607 4362 1951 4415 amissionem

382 4463 667 4526 sustineat,
691 4476 812 4531 quae
860 4470 1039 4513 tamen
1077 4457 1206 4511 ﬁsco
1231 4471 1334 4510 non
1371 4454 1706 4509 addicentur.
1739 4452 1872 4506 Nam
1907 4453 1952 4506 si

382 4570 522 4609 uxor
545 4555 614 4608 sit
645 4552 949 4612 homicidae,
970 4565 1074 4602 non
1104 4549 1280 4603 dotem
1312 4546 1400 4600 illa
1427 4545 1620 4610 solum,
1647 4560 1766 4599 cum
1793 4546 1953 4598 rebus

381 4647 495 4702 suis
543 4646 816 4707 omnibus,
879 4624 1123 4705 auferet;
1175 4653 1359 4692 verum
1385 4637 1549 4691 etiam
1609 4637 1950 4691 donationem

383 4744 606 4805 prepter
635 4736 872 4798 nuptias.
919 4732 1072 4797 Quod
1123 4731 1168 4786 si
1214 4731 1542 4785 theoretrum
1577 4743 1794 4799 quoque
1825 4743 1952 4797 pro-

385 4829 611 4882 missum
642 4824 692 4880 ei
725 4824 863 4879 forte
893 4824 1053 4878 fuerit
1082 4863 1095 4887 ,
1121 4823 1332 4878 aliudve
1364 4822 1616 4892 quiddam
1638 4863 1652 4888 ,
1685 4822 1845 4876 etiam
1885 4821 1952 4876 il-

385 4921 488 4975 lius
510 4918 731 4973 omnino
759 4917 1218 4985 recuperationem
1252 4925 1305 4968 et
1329 4915 1708 4985 prOprietatem
1733 4915 1952 4975 habeat,

389 5014 435 5067 si
479 5012 638 5066 liberi
673 5011 801 5065 nulli
827 5019 1060 5064 exstent.
1098 5007 1167 5062 lis
1194 5023 1319 5062 vero
1344 5007 1702 5067 exstantibus,
1741 5007 1954 5074 nuptia-

385 5106 513 5157 linm
550 5103 820 5156 lucrormn
851 5099 1242 5153 usumfrucmm
1269 5099 1547 5167 percipiat,
1573 5097 1874 5151 observatis
1905 5098 1956 5150 iu

385 5198 487 5252 hoc
515 5194 766 5250 omnibus
810 5193 984 5263 legum
1013 5191 1375 5260 praescriptis:
1401 5205 1522 5244 cmn
1551 5189 1761 5242 interim
1804 5187 1956 5242 liberi

387 5289 712 5355 reliquorum
753 5294 1096 5354 paternorum
1125 5283 1388 5337 honorum
1431 5282 1481 5335 in
1511 5281 1757 5334 trientem
1791 5279 1962 5332 haere—

387 5383 480 5435 ιιι-ε
509 5381 640 5435 sint.
675 5380 754 5435 Ac
783 5378 828 5432 si
864 5377 1082 5448 quidem
1123 5375 1390 5430 homicida
1420 5382 1565 5426 motu
1612 5371 1847 5440 preprio,
1881 5371 1963 5423 vel

389 5490 561 5543 Ipsum
589 5478 640 5531 in
659 5479 798 5530 viam
831 5477 1199 5531 revocanlium
1237 5471 1460 5527 consilio
1488 5479 1540 5525 ct
1560 5468 1965 5538 approbatione,

389 5569 679 5623 commisso
734 5571 882 5638 prius
935 5569 1140 5624 scelere
1185 5566 1450 5636 deposito,
1497 5561 1850 5616 monasticam
1894 5561 1960 5614 ad

392 5659 553 5711 vitam
595 5661 898 5723 transierit,
934 5660 1148 5714 tertiam
1179 5658 1437 5713 bonorqu
1464 5655 1579 5723 ejus
1611 5662 1816 5722 partem
1849 5669 1961 5707 mo-

394 5748 688 5807 uastcrium
721 5751 970 5814 accipiet,
1021 5751 1228 5814 reliquo
1262 5751 1454 5805 triente
1487 5748 1640 5804 uxori
1681 5755 1735 5803 ct
1771 5747 1959 5802 liberis

1982 4429 2034 4488 D

2058 3163 2130 3234 μὴ
2185 3162 2406 3217 πλείονα
2448 3163 2544 3234 τῆς
2595 3164 2747 3226 ἀνίας
2785 3163 2878 3215 καὶ
2907 3162 3001 3214 τοῦ
3049 3162 3363 3232 ἀλγήματος
3397 3157 3626 3228 αὖξησιν

2053 3259 2164 3318 τοῖς
2195 3254 2272 3324 τῷ
2322 3255 2713 3324 πεφονευμένῳ
2767 3254 3084 3324 διαφέρουσι
3140 3249 3621 3322 κατεργαζομένη·

2054 3346 2184 3410 ἴσως
2218 3346 2273 3398 δὲ
2305 3347 2399 3399 καὶ
2434 3345 2758 3415 ἀμφοτέρων
2800 3344 2899 3398 οὐκ
2931 3343 3281 3414 ἀσυμφόρως,
3323 3341 3397 3404 ὼς
3447 3339 3512 3392 ἂν
3549 3338 3623 3408 μή

2057 3453 2188 3490 ποτε
2241 3437 2334 3489 τοῦ
2383 3436 2750 3506 λελυπηκότος
2805 3437 3018 3505 συνεχεῖ
3066 3436 3254 3505 ὁράσει
3305 3433 3396 3486 καὶ
3439 3433 3507 3501 τῇ
3530 3429 3625 3482 τοῦ

2055 3526 2598 3597 προαποϐεόιωκότος
2633 3530 2832 3598 »μνήμῃ
2878 3528 2957 3590 εἰς
2995 3526 3315 3596 αὐθαίρετον
3349 3523 3626 3591 ἐκδίκησιν

2054 3620 2102 3670 οἱ
2150 3619 2519 3688 προσήκοντες
2551 3618 2700 3686 αὐτῷ
2730 3617 3154 3690 παρορμώμενοι
3191 3617 3346 3686 κακῷ
3373 3616 3433 3668 τὸ
3456 3614 3626 3668 κακὸν

2056 3708 2373 3774 ἐξιάσασθαι
2425 3707 2750 3776 πειραθῶσι,
2797 3706 3140 3761 καὶδιπλοῦν
3187 3707 3526 3775 ἐργάσωνται
3565 3701 3627 3754 τὸ

2056 3803 2255 3871 πτῶμα
2307 3802 2406 3871 τῆς
2463 3800 2788 3871 μιαιφονίας.
2852 3800 3033 3852 Ἔστω
3070 3798 3168 3870 μὲν
3225 3793 3317 3852 οὖν
3365 3795 3625 3864 ἀειφυγίᾳ

2057 3895 2273 3956 πάντως
2307 3893 2334 3944 ὁ
2372 3893 2563 3962 φονεὺς
2597 3891 2803 3945 ἐκεῖθεν
2833 3891 3346 3960 καταδικαζόμενος,
3392 3890 3486 3942 καί⁸
3519 3906 3623 3957 μη·

2057 3986 2248 4038 δέποτε
2286 3985 2616 4056 περινοστῶν
2653 3985 2770 4037 ἐκεῖ
2803 3985 2896 4037 καὶ
2927 3983 3280 4052 αὐλιζόμενος
3325 3983 3383 4033 ἐν
3432 3981 3496 4049 τῇ
3529 3980 3621 4048 γῇ,

2059 4078 2092 4146 ἢ
2123 4077 2282 4147 ἔχανε
2324 4077 2386 4130 τὸ
2419 4076 2510 4129 τοῦ
2546 4077 2747 4140 ἀδίκως
2773 4075 3144 4145 ἀναιρεθέντος
3173 4071 3402 4140 ἀδελφοῦ
3432 4068 3625 4122 ὑποδέ-

2059 4167 2253 4231 ξασθαι
2287 4163 2448 4237 αἷμα.
2485 4169 2592 4222 Καὶ
2627 4167 2787 4220 τοῦτο
2817 4168 3033 4239 πρῶτον
3087 4166 3224 4236 μετὰ
3271 4163 3371 4234 τὴν
3425 4160 3626 4230 ἐκκλη-

2062 4261 2344 4331 σιαστικὴν
2373 4261 2689 4330 ἐπιτίμησιν
2723 4262 2782 4314 τὸ
2810 4261 3125 4330 κατάκριμα
3154 4255 3413 4328 δεχέσθω.

2134 4371 2198 4441 β’.
2278 4371 2418 4440 Πρὸς
2442 4370 2614 4442 τούτῳ
2670 4372 2725 4424 δὲ
2781 4371 2877 4424 καὶ
2925 4371 3026 4440 τῆς
3078 4369 3286 4431 οἰκείας
3355 4368 3629 4420 ἔκπτωσιν

2064 4464 2379 4534 ὑφιστάσθω
2415 4464 2752 4534 περιουσίας,
2787 4463 2847 4516 οὐ
2891 4461 2966 4532 τῷ
2987 4461 3234 4532 δημοσίῳ
3281 4473 3626 4528 προσκυρου-

2065 4560 2248 4630 μένης
2295 4559 2355 4611 Εί
2391 4557 2499 4627 γὰρ
2542 4557 2733 4609 ὕπεστι
2780 4555 2994 4626 γαμετὴ
3028 4553 3105 4623 τῷ
3139 4555 3392 4622 φονευτῇ,
3437 4551 3538 4620 τήν
3571 4565 3628 4601 τε

2062 4655 2260 4722 προῖκα
2307 4651 2388 4703 δεῖ
2427 4650 2517 4703 καὶ
2546 4649 2614 4702 τὰ
2644 4651 2819 4702 οἰκεῖα
2847 4649 3023 4700 πάντα
3059 4645 3376 4718 κομίζεσθαι
3404 4643 3628 4712 ταύτην.

2061 4747 2153 4798 καὶ
2177 4743 2258 4796 έτι
2288 4741 2386 4812 τὴν
2419 4741 2525 4811 πρὸ
2558 4739 2648 4793 τοῦ
2700 4740 2878 4808 γάμου
2910 4739 3119 4808 δωρεάν
3143 4754 3156 4767 '
3191 4739 3238 4789 εί
3271 4736 3406 4806 τύχη
3436 4735 3493 4787 δὲ
3537 4735 3632 4787 καὶ

2060 4831 2360 4903 θεώρετρον
2385 4829 2743 4899 ὑποσχεθείσα
2771 4828 2801 4897 ἢ
2833 4828 2961 4882 ἄλλο
2983 4844 3054 4891 τι,
3081 4825 3174 4878 καὶ
3201 4824 3392 4877 τούτου
3416 4821 3629 4883 πάντως

2055 4925 2199 4996 ἔχειν
2232 4924 2330 4995 τὴν
2372 4922 2659 4991 ἀνάληψιν,
2702 4921 2794 4974 καὶ
2825 4921 2922 4990 τὴν
2971 4921 3290 4990 κυριότητα,
3325 4915 3526 4968 παίδων
3557 4913 3630 4983 μὴ

2056 5019 2318 5071 ὑπόντων.
2375 5017 2437 5069 Εἰ
2482 5015 2538 5068 δὲ
2569 5015 2754 5066 ὕπεισι
2810 5013 3020 5078 παῖδες,
3069 5013 3167 5081 τῆς
3228 5011 3475 5080 χρήσεως
3524 5006 3631 5058 τῶν

2060 5110 2313 5180 γαμικῶν
2362 5108 2570 5177 κερδῶν
2615 5105 2907 5159 ἀπολαύειν
2953 5101 3122 5172 αὐτὴν
3175 5101 3363 5154 πασῶν
3404 5097 3512 5150 τῶν
3545 5097 3638 5148 ἐπὶ

2060 5203 2269 5265 τούτοις
2293 5199 2529 5270 νομικῶν
2565 5199 3002 5268 παρατηρήσεων
3030 5191 3500 5263 συντηρουμένων⁸
3529 5186 3636 5240 τῶν

2065 5297 2119 5348 δὲ
2156 5294 2358 5347 παίδων
2387 5295 2449 5345 ἐκ
2488 5292 2586 5362 τῆς
2643 5290 2808 5359 ἄλλης
2863 5287 3123 5358 πατρῴας
3187 5284 3500 5353 περιουσίας
3561 5279 3642 5348 τῷ

2068 5383 2231 5454 τρίτῃ
2267 5378 2797 5451 κληροδοτουμένων.
2830 5378 2941 5431 Καὶ
2971 5378 3018 5429 εἰ
3052 5375 3150 5446 μὲν
3173 5376 3200 5426 ὁ
3232 5373 3424 5441 φονεὺς
3459 5371 3639 5437 οίκειᾳ

2069 5473 2368 5544 προθέσειῆ
2393 5475 2457 5544 τῇ
2485 5473 2592 5525 τῶν
2619 5470 3007 5535 κανονιζόντων
3033 5469 3193 5521 αὑτὸν
3218 5461 3524 5534 συμϐουλίᾳ
3549 5460 3639 5512 καὶ

2067 5564 2359 5635 δοκιμασίᾳ
2409 5563 2544 5633 πρὸς
2595 5562 2685 5615 τὸν
2741 5561 3050 5632 μοναχικδν,
3102 5559 3163 5612 τὸ
3208 5558 3474 5628 πρότερον
3505 5555 3644 5605 ἀπο-

2071 5652 2463 5720 σκευαζόμενος
2511 5650 2698 5720 μῦσος,
2738 5650 2983 5719 μετέλθοι
3067 5645 3196 5716 βίον,
3241 5643 3536 5714 λαμϐάνειν
3579 5639 3645 5690 τὸ

2072 5745 2427 5814 μοναστήριον
2463 5743 2522 5795 τὸ
2554 5741 2733 5812 τρίτον
2780 5740 2942 5811 μέρος
2977 5741 3074 5809 τῆς
3106 5737 3268 5791 αὑτοῦ
3303 5733 3643 5810 π;ριουσίας,
