4058 6212
286 337 383 400 £01

1397 343 1446 402 Ν
1451 345 1543 403 ΟΥ
1556 345 1766 404 ELLE
1803 347 1946 406 (ἶοΝ
1953 347 2040 407 ST
2049 348 2226 410 ITUT
2235 350 2362 409 [ON
2369 349 2478 409 ES.

3435 351 3543 415 002

285 469 390 506 νων
407 452 632 504 οἰκετῶν
651 451 793 504 διατι
801 451 874 520 μή
885 467 1039 516 σεως,
1060 451 1153 504 καὶ
1170 451 1347 505 αὐτῶν
1365 454 1852 526 ἐλευθερουμένων.

1964 461 2111 513 lieni.
2143 457 2257 513 Non
2293 460 2439 514 enim
2489 469 2737 516 sanctum
2770 471 2876 527 est,
2911 478 3088 533 neque
3125 478 3285 534 regns
3318 468 3539 532 mentis,

285 543 362 598 Οὐ
391 544 500 613 γὰρ
524 544 670 596 ὅσιον
690 542 811 596 οὐδὲ
853 541 1142 613 βασιλικῆς
1176 546 1440 614 προνοίας
1457 548 1608 611 ,ἀλλ’
1629 549 1736 602 οὐδ’
1761 550 1856 602 άν-

288 634 566 705 θρωπίνης
598 633 782 696 ἁπλῶς
816 635 1038 703 γνώμης
1074 636 1222 687 ἐστὶν
1256 635 1426 702 ἄξιον,
1477 635 1725 701 ἐλεεινῶς
1762 638 1855 691 τοῦ

288 721 604 784 ἐκὸιοῦντος
631 721 738 774 τῶν
767 721 1126 792 ἀνθρωπίνων
1171 723 1566 792 ἁρπασθέντος,
1613 725 1745 793 μηδὲ
1779 725 1857 795 τῷ

284 812 378 864 τοῦ
433 812 692 865 δεσπότου
726 811 940 881 θανάτῳ
965 811 1055 864 τὸν
1099 811 1196 881 τῆς
1222 812 1466 876 δουλείας
1493 813 1856 885 διαρραγῆναι

285 907 396 966 τοῖς
419 904 731 957 δουλωθεῖσι
765 903 955 972 ζυγὸν,
987 904 1104 956 ἀλλ’
1122 905 1186 956 ἐκ
1225 904 1320 972 τῆς
1349 903 1530 958 αὐτῶν
1569 909 1856 976 συμφορᾶς

287 998 381 1049 καὶ
442 999 568 1060 τοὺς
622 994 1094 1067 κληρονομοῦντας
1153 998 1437 1062 συγγενεῖς
1489 995 1588 1065 τὴν
1646 998 1856 1052 ἑαυτῶν

289 1085 585 1157 θεραπείαν
636 1084 916 1156 ἐπιζητεῖν
947 1085 1043 1137 καὶ
1093 1085 1194 1153 τὴν
1245 1084 1524 1154 βασιλείαν
1549 1085 1628 1157 τῷ
1649 1088 1859 1158 ταμείῳ

287 1178 579 1249 προσόδους
608 1179 862 1231 ἐπινοεῖν.
899 1176 994 1230 Διὸ
1021 1176 1087 1247 δὴ
1114 1177 1280 1230 πάλιν
1313 1178 1858 1248 ἐπαναλαμϐάνοντές

248 1285 258 1313 ι
287 1287 494 1340 φαμενο
523 1269 576 1322 εί
597 1287 678 1333 τις
698 1270 980 1333 ἀδιάθετος
1009 1270 1326 1339 τελευτήσει
1366 1272 1459 1324 καὶ
1506 1271 1708 1324 παίδων
1759 1274 1856 1342 οὐχ

286 1361 530 1412 ὑπόντων
556 1360 588 1430 ἢ
613 1362 662 1412 οί
692 1360 880 1414 τούτου
898 1362 1200 1428 ’συγγενεῖς
1226 1361 1258 1429 ἢ
1287 1360 1422 1430 μηδέ
1453 1363 1659 1414 τούτων
1687 1362 1858 1415 ὄντων

280 1453 307 1503 ὁ
343 1449 601 1519 δημόσιος
630 1451 847 1503 καλοῖτο
887 1451 966 1513 είς
995 1449 1388 1520 κληρονομίαν,
1432 1450 1532 1518 τῆς
1583 1466 1858 1518 συγκεφα-

281 1541 614 1610 λαιουμένης
641 1539 892 1593 ἐντεῦθεν
916 1541 1135 1610 ἁπάσης
1161 1540 1514 1604 ὑποστάσεως
1552 1541 1612 1594 τὸ
1646 1543 1743 1610 μὲν
1780 1541 1858 1593 δί-

289 1636 480 1702 μοιρον
507 1631 584 1700 τῷ
621 1633 684 1684 ἐκ
715 1633 896 1702 νόμων
950 1632 1199 1704 διαδόχῳ,
1236 1637 1485 1702 συγγενεῖ
1517 1634 1676 1704 τυχὸν
1707 1635 1738 1706 ἢ
1766 1635 1858 1702 δη-

286 1722 479 1792 μοσίῳ,
510 1721 571 1774 τὸ
609 1722 664 1774 δέ
702 1723 884 1793 τρίτον
938 1723 1074 1792 ὑπὲρ
1108 1724 1380 1793 σωτηρίας
1426 1723 1518 1776 τοῦ
1559 1725 1860 1788 ἁδιαθέτως

282 1813 706 1882 τελευτήσαντος
748 1814 979 1868 άνείσθω
1033 1815 1188 1886 Θεῷ,
1244 1815 1344 1885 τῆς
1379 1816 1743 1886 διατιμήσεως
1796 1816 1855 1868 ὲν

285 1905 488 1975 βεϐαίῳ
507 1906 614 1959 τῶν
638 1906 1107 1977 ἐλευθερουμένων
1137 1908 1363 1960 οἰκετῶν
1395 1907 1470 1978 τῷ
1521 1909 1862 1978 συγκληρου-

287 1997 432 2065 μένῳ
459 1999 612 2066 μέρει
642 1997 718 2064 τῷ
750 1997 868 2066 Θεῷ
902 1996 1389 2067 συλλογιζομένης.

357 2086 420 2154 β’.
458 2089 518 2139 Εἰ
551 2089 731 2157 μέντοι
759 2105 818 2155 γε
845 2090 918 2151 ὠς
948 2089 1091 2150 είκδς
1126 2089 1390 2159 συμϐαίη,
1429 2092 1526 2160 τῆς
1550 2092 1859 2162 προσούσης

288 2179 364 2248 τῷ
397 2181 752 2250 ἀποιχομένῳ
787 2182 1108 2250 περιουσίας
1140 2180 1199 2233 τὸ
1233 2181 1532 2252 πλεῖστονῆ
1567 2184 1730 2235 καὶτὸ
1753 2186 1858 2236 πᾶν

286 2267 425 2324 εἷναι
445 2274 503 2324 ὲν
532 2271 856 2341 θεράπουσι,
885 2273 980 2324 καὶ
1014 2272 1171 2326 τοῦτο
1194 2273 1424 2344 διορίσαι
1458 2274 1857 2343 φιλανθρώπως

285 2364 401 2432 ἅμα
423 2364 514 2416 καὶ
546 2364 848 2433 συμπαθῶς
871 2364 1128 2433 ᾠήθημεν
1156 2365 1288 2428 δεῖν,
1321 2364 1458 2418 ὥστε
1501 2367 1574 2435 μὴ
1601 2368 1727 2430 τοὺς
1761 2368 1858 2435 μὲν

282 2454 376 2508 τοῦ
425 2453 524 2522 τῆς
571 2454 814 2517 δουλείας
849 2455 1097 2508 ἀνεῖσθαι
1131 2455 1322 2522 ζυγοῦ,
1371 2457 1493 2520 τοὺς
1525 2457 1580 2509 δέ
1613 2457 1858 2510 ὲνταλαι-

287 2546 587 2615 πωρεῖσθαι
625 2545 798 2616 τούτῳ
832 2545 925 2598 καὶ
980 2546 1417 2616 κατατρύχεσθαι
1441 2565 1453 2576 ·
1495 2547 1611 2601 ἀλλ’
1639 2549 1798 2610 ὅσους
1830 2551 1858 2602 ὁ

287 2637 516 2706 χαλεπός
569 2653 626 2688 τε
659 2636 753 2688 καὶ
813 2635 982 2706 βαρὺς
1019 2637 1121 2706 τῆς
1148 2637 1394 2699 δουλείας
1442 2637 1645 2693 ἐκάκου
1675 2656 1734 2691 τε
1766 2640 1858 2691 καὶ

284 2727 565 2781 κατωδύνα
596 2726 793 2792 κλοιὸς,
817 2726 1027 2790 τούτοις
1051 2727 1254 2780 ἆπασιν
1277 2729 1304 2780 ὁ
1328 2729 1516 2796 παρὼν
1535 2729 1694 2798 ἡμῶν
1711 2729 1855 2782 ἐλευ-

283 2819 470 2888 θερίαν
519 2817 694 2880 διδοὺς
733 2816 1109 2886 εὐφραινέτω
1154 2817 1374 2887 θεσμὸς,
1434 2819 1528 2872 καὶ
1572 2819 1681 2871 τῶν
1736 2820 1857 2872 δου-

287 2911 450 2963 λικῶν
482 2910 736 2962 ἁπάντων
772 2906 992 2977 θεσμῶν
1027 2907 1226 2976 ὁμοίως
1251 2909 1534 2963 ἀπίτωσαν
1560 2910 1852 2979 ἐλεύθεροι.

353 2996 507 3051 Οὕτω
533 2997 638 3067 γὰρ
683 3013 774 3049 και
820 2999 933 3061 τοῖς
977 2998 1042 3050 ἐκ
1076 2998 1241 3068 νόμον
1287 2999 1364 3069 τῷ
1396 2999 1661 3069 ἁδιαθέτῳ
1718 3001 1848 3070 κλη-

1961 552 2069 605 imo
2117 565 2291 619 neque
2352 551 2600 604 humanze
2647 553 2869 607 omnino
2919 555 3268 624 cogitationis
3296 556 3537 624 dignum,

1959 657 2079 694 cum
2131 639 2516 695 miserabiliter
2543 641 2833 698 defunctus
2894 644 3054 700 rebus
3108 646 3360 700 humanis
3419 662 3542 699 cre-

1957 745 2082 801 plus
2114 733 2307 793 fuerit,
2348 747 2451 785 non
2480 732 2652 788 servis
2702 736 2946 802 abrumpi
2987 735 3191 790 domini
3237 737 3320 790 sui
3366 746 3544 791 morte

1957 821 2469 890 servitutisjugum,
2502 824 2596 876 sed
2641 837 2704 876 ex
2749 839 2936 878 eorum
2977 825 3288 880 calamitate
3316 835 3539 881 vocatos

1959 918 2024 970 ad
2078 917 2444 972 hazreditatem
2489 926 2749 987 cognatos
2801 933 2954 972 suam
3013 919 3301 973 utilitatem
3346 922 3540 988 exqui-

1958 1023 2097 1072 rere,
2129 1018 2182 1062 et
2209 1009 2409 1076 regiam
2460 1016 2782 1077 potestatem
2835 1009 3090 1064 thesauro
3134 1009 3347 1078 publico
3395 1011 3542 1065 velut

1957 1100 2199 1155 redditus
2217 1100 2514 1170 assignare.
2532 1100 2656 1154 Ideo
2682 1100 2876 1154 iterum
2906 1112 3244 1156 resumentes
3272 1103 3538 1157 dicimus:

1961 1191 2006 1246 si
2038 1191 2156 1259 quis
2184 1189 2472 1244 intestatus
2508 1188 2830 1252 decesserit,
2877 1201 2932 1244 et
2959 1189 3148 1244 liberis
3201 1193 3540 1257 absentibus,

1961 1283 2039 1337 vel
2056 1282 2168 1348 ejus
2191 1281 2424 1352 cognati,
2448 1281 2529 1336 vel
2555 1281 2700 1335 nullo
2717 1281 2928 1335 illorum
2951 1281 3264 1344 exsistente,
3289 1280 3540 1334 aerarium

1959 1375 2230 1443 publicum
2265 1383 2528 1428 vocentur
2557 1375 2624 1429 ad
2655 1373 3053 1438 hereditatem,
3109 1382 3222 1427 tota
3249 1370 3368 1438 ejus
3408 1371 3542 1425 sub-

1961 1465 2156 1520 stantia
2213 1466 2264 1517 in
2293 1478 2559 1518 summam
2609 1473 2822 1528 coacta,
2863 1464 2983 1518 duae
3003 1473 3186 1532 partes
3211 1463 3370 1532 legali
3415 1478 3541 1519 suc-

1962 1559 2191 1622 cessori,
2242 1567 2469 1624 cognato
2499 1572 2691 1625 nempe
2724 1558 2807 1611 vel
2855 1557 3049 1610 aerario
3079 1557 3321 1626 publico,
3382 1557 3540 1611 tertia

1961 1666 2088 1706 vero
2120 1652 2187 1705 ob
2219 1652 2442 1703 salutem
2495 1650 2612 1717 ejus
2645 1652 2736 1718 qul
2795 1649 3088 1702 intestatus
3132 1647 3369 1702 decessit
3432 1647 3541 1702 Deo

1961 1744 2308 1806 attribuatur,
2337 1741 2694 1795 aestimatione
2725 1739 2779 1794 in
2819 1737 2992 1792 solido
3049 1753 3331 1793 servorum
3368 1737 3535 1793 liber-

1961 1843 2072 1889 tate
2100 1835 2418 1888 Jonatorum
2451 1831 2586 1901 parti
2633 1829 2738 1884 Deo
2771 1828 3079 1884 obvenienti
3131 1829 3432 1898 assignata.

2030 2095 2086 2147 2.
2126 2092 2183 2148 Si
2215 2107 2366 2161 ergo,
2402 2101 2461 2145 ut
2491 2089 2785 2145 verisimile
2811 2097 2913 2152 est,
2949 2087 3150 2153 evenit,
3185 2097 3390 2156 partem
3415 2087 3542 2142 sub-

1960 2186 2229 2242 stantiaea
2281 2183 2537 2240 defuncto
2587 2182 2856 2236 derelictae
2908 2180 3168 2248 majorem
3229 2178 3309 2232 Vel
3373 2178 3538 2232 etiam

1963 2280 2280 2334 totalitatem
2328 2278 2381 2330 in
2448 2274 2623 2331 servis
2654 2285 2928 2338 constare,
2981 2275 3030 2327 id
3065 2288 3280 2342 quoque
3349 2273 3540 2326 decer-

1963 2370 2193 2424 nemlum
2230 2368 2462 2435 benigne
2487 2365 2645 2420 simul
2691 2375 2746 2420 et
2777 2364 3171 2432 compatienter
3209 2362 3538 2431 putavimus,

1963 2477 2069 2516 non
2123 2469 2179 2512 ut
2209 2459 2300 2512 alii
2329 2476 2355 2511 a
2391 2457 2821 2527 servitutisjugo
2865 2456 3197 2516 eximantur,
3257 2454 3344 2507 alii
3410 2467 3541 2505 vero

1961 2551 2058 2604 sub
2090 2549 2179 2603 illo
2211 2549 2407 2602 misere
2436 2549 2707 2618 patiantur
2732 2562 2784 2602 et
2804 2548 3138 2614 crucientur,
3169 2545 3263 2600 sed
3288 2555 3342 2598 ut
3368 2559 3541 2614 quan-

1963 2653 2044 2696 tos
2075 2643 2265 2695 durum
2301 2649 2352 2696 et
2403 2654 2563 2710 grave
2593 2639 2866 2693 servitutis
2901 2638 3088 2708 jngnm
3152 2637 3436 2704 torquebat
3485 2645 3541 2688 et

1960 2734 2235 2803 angebat,
2305 2731 2388 2786 his
2460 2730 2711 2785 oumihus
2755 2745 2995 2798 praesens
3052 2737 3294 2782 nostrum
3355 2727 3542 2780 decre-

1963 2836 2074 2878 tum
2107 2824 2405 2878 libertatem
2444 2822 2655 2878 donans
2689 2824 2942 2892 gaudeat,
2974 2831 3029 2876 et
3052 2820 3106 2874 bi
3165 2819 3379 2874 cunctis
3419 2834 3538 2875 ser-

1964 2917 2157 2970 vilibus
2191 2915 2415 2970 vinculis
2443 2914 2692 2972 similiter
2718 2914 2930 2967 liberati
2957 2913 3212 2967 evadant.

2035 3010 2111 3063 ha
2137 3010 2279 3062 enim
2323 3017 2378 3063 et
2408 3009 2492 3063 his
2520 3009 2613 3077 qui
2657 3023 2723 3062 ex
2755 3007 2872 3075 lege
2905 3008 3162 3061 intestato
3216 3005 3536 3069 succedunt,

285 3091 572 3161 ρουμένοις
603 3091 662 3143 τὸ
695 3089 812 3142 δέον
862 3091 1094 3161 συνορᾷν
1144 3090 1490 3161 βουλομένοις
1519 3093 1619 3145 οὐκ
1668 3091 1860 3162 ἐπιζή-

1965 3103 2170 3169 siquod
2213 3102 2366 3155 decet
2398 3098 2746 3154 considerare
2778 3097 2982 3162 volunt,
3012 3097 3216 3151 nullum
3258 3100 3536 3156 damnum,

285 3202 432 3254 μιον,
463 3184 555 3235 καὶ
581 3184 693 3245 τοῖς
723 3182 962 3243 οίκέταις
999 3182 1092 3235 καὶ
1125 3184 1236 3246 τοῖς
1270 3183 1655 3253 ἀποιχομένοις
1684 3187 1858 3255 σωτηο

288 3293 402 3345 ρια,
462 3275 554 3326 καῖ⁸
609 3273 728 3342 Θεῴ
771 3272 848 3343 τῷ
895 3275 988 3327 καὶ
1040 3275 1103 3326 ὲκ
1156 3275 1404 3345 σμικρῶν
1452 3277 1718 3347 ἀφορμῶν
1763 3279 1861 3347 τὴν

285 3362 562 3434 σωτηρίαν
595 3362 906 3430 ἀνθρώποις
936 3365 1309 3435 οἰκονομοῦντι
1345 3367 1413 3420 τὰ
1461 3367 1583 3420 ὅσια
1611 3371 1859 3439 ἀποπλη-

284 3456 555 3526 ρώσομεν.
596 3456 704 3509 Καὶ
737 3455 925 3525 μηδεὶς
976 3456 1110 3526 πρὸς
1145 3457 1236 3510 τὸν
1269 3459 1521 3529 παρόντα
1551 3461 1714 3531 νόμον
1763 3462 1857 3515 τοῦ

280 3546 643 3610 τελευτῶντος
698 3545 730 3617 ἢ
770 3547 1040 3615 συγγενὴς
1089 3548 1122 3618 ἢ
1159 3549 1411 3619 βασιλεὺς
1458 3551 1533 3612 ῶς
1580 3553 1673 3605 τοῦ
1727 3555 1860 3608 καθ-

281 3641 510 3709 ήκοντος
577 3637 1051 3708 ἀποστερούμενος
1099 3639 1586 3693 ἁποδυσπετείτω·
1633 3642 1750 3694 ἀλλ’
1802 3643 1860 3694 ἐν

279 3731 360 3800 νῷ
390 3731 496 3794 πᾶς
544 3747 627 3792 τις
679 3727 855 3799 βαλὼν
905 3729 1000 3781 καὶ
1050 3726 1264 3799 ἰδιώτης
1315 3733 1413 3784 καὶ
1468 3730 1744 3800 βασιλεὺς,
1788 3731 1861 3793 ῶς

280 3827 489 3880 ἅπασιν
525 3826 552 3876 ό
582 3824 811 3884 θάνατος
851 3823 1158 3893 ἀνθρώποις
1183 3825 1376 3892 ἄδηλον
1408 3823 1603 3891 ἐπίσης
1637 3826 1730 3875 καὶ
1762 3841 1858 3891 φο-

282 3917 448 3986 ϐερὸν
487 3916 580 3968 καὶ
625 3915 724 3967 οὐκ
767 3913 912 3966 ἐστιν
937 3914 1086 3976 ὅπως
1135 3931 1216 3975 τις
1248 3915 1495 3984 περὶτοῦ
1522 3913 1707 3978 τέλους
1743 3915 1864 3983 βου-

281 4008 546 4076 λεύσηται
587 4005 864 4076 ἀσφαλῶς,
915 4006 1070 4059 τόνδε
1114 4006 1204 4058 τὸν
1269 4007 1513 4076 παρόντα
1561 4008 1722 4077 νόμον
1767 4007 1870 4081 τῆς,

282 4100 666 4171 ἀπαραιτήτου
700 4099 926 4169 πορείας
950 4097 1166 4166 ἐκείνης
1197 4097 1497 4164 λογιζέσθω
1519 4099 1858 4168 ἐφοδιαστὴν,

285 4191 381 4245 καὶ
409 4191 482 4262 μὴ
517 4191 614 4260 τὴν
649 4189 851 4259 ἐτέρων
905 4193 1064 4258 μόνον
1107 4187 1293 4241 ούσίαν
1321 4189 1514 4258 χανδὸν
1557 4190 1862 4258 ἐπειγέσθω

286 4285 576 4338 καταπιεῖν
598 4299 611 4313 ·
641 4281 1036 4352 προσεννοείτω
1066 4281 1146 4345 δὲ,
1172 4283 1254 4333 ὅτι
1285 4282 1377 4334 καὶ
1405 4281 1568 4333 αὐτὸν
1597 4281 1725 4344 ἴσως
1757 4282 1776 4351 (
1802 4279 1862 4334 τό

295 4397 347 4432 τε
381 4377 580 4449 ἀθρόον
609 4375 720 4428 τῶν
752 4373 1131 4444 ἀνθρωπίνων)
1177 4377 1210 4443 ἡ
1266 4373 1357 4426 τοῦ
1391 4373 1617 4426 θανάτου
1658 4371 1860 4445 θερίσει

1965 3205 2020 3247 ει
2044 3191 2216 3246 servis
2276 3200 2331 3245 et
2385 3191 2494 3243 vita
2527 3188 2798 3244 defunctis
2837 3187 3100 3251 salutem,
3144 3195 3198 3239 et
3227 3185 3334 3239 Deo
3358 3200 3388 3239 e
3417 3199 3544 3253 par-

1964 3287 2046 3338 vis
2085 3282 2363 3351 principiis
2393 3281 2621 3336 salutem
2657 3279 2965 3334 hominihus
2994 3278 3298 3345 disponenti
3344 3291 3539 3329 conse-

1963 3376 2259 3430 crationem
2283 3371 2443 3428 simul
2474 3369 2826 3427 conferimus.
2862 3369 2929 3423 Et
2979 3369 3158 3422 mullus
3192 3368 3256 3422 de
3284 3365 3538 3436 prmsenti

1965 3465 2080 3535 lege
2111 3464 2226 3518 sive
2258 3462 2495 3516 defuncti
2526 3471 2809 3531 cognatus,
2852 3463 2966 3514 sive
3002 3474 3094 3514 rex
3127 3468 3383 3526 tanquam
3408 3471 3538 3526 pro-

1964 3559 2082 3628 prio
2116 3572 2215 3613 suo
2249 3557 2542 3612 destitutus
2595 3565 2891 3624 queratur;
2955 3551 3052 3607 sed
3089 3553 3140 3606 in
3181 3553 3362 3606 animo
3421 3549 3542 3619 qui-

1962 3667 2176 3720 cunque
2220 3663 2502 3718 reputans,
2532 3649 2646 3704 sive
2697 3648 2940 3717 privatus
2965 3647 3079 3700 sive
3114 3661 3232 3711 rex,
3288 3643 3540 3700 omnibus

1965 3757 2191 3795 mortem
2223 3740 2532 3794 hominibus
2567 3739 2826 3791 incertam
2862 3738 3064 3806 pariter
3085 3750 3208 3790 esse
3231 3749 3295 3788 ac
3345 3735 3542 3788 timen-

1964 3832 2110 3892 dum,
2145 3840 2199 3884 et
2243 3828 2375 3882 nulli
2408 3828 2572 3885 licere
2605 3837 2660 3880 ut
2692 3829 2757 3882 de
2787 3827 2892 3881 line
2922 3842 3022 3881 suo
3049 3826 3354 3880 certissime
3405 3838 3543 3891 pra:-

1967 3920 2162 3980 vidcat,
2191 3928 2508 3988 praesentem
2552 3918 2692 3971 hanc
2725 3916 2896 3984 legem
2928 3925 3183 3983 tanquam
3216 3913 3546 3967 inevitabilis

1966 4008 2123 4076 hujus
2179 4007 2392 4062 itineris
2441 4007 2701 4060 viaticum
2761 4005 3078 4067 arbitretur,
3111 4014 3166 4059 et
3196 4019 3263 4059 ne
3309 4003 3541 4057 aliorum

1965 4103 2141 4157 solum
2199 4099 2558 4155 substantiam
2584 4097 2748 4167 largis
2782 4097 3073 4151 haustibus
3110 4096 3332 4150 haurire
3389 4097 3543 4151 festi-

1966 4202 2088 4255 net;
2114 4190 2208 4245 sed
2243 4189 2502 4259 recogitet
2549 4203 2608 4243 se
2641 4188 2819 4256 ipsum
2853 4188 3057 4256 pariter
3075 4185 3220 4255 (talis
3246 4197 3327 4240 est
3351 4186 3543 4238 huma-

1966 4300 2155 4338 narum
2186 4298 2364 4337 rerum
2385 4282 2750 4336 inconstantia
2771 4281 2812 4352 ι)
2834 4282 3025 4335 mortis
3051 4281 3186 4335 falce
3215 4281 3539 4344 secandum,

1965 4387 2019 4430 et
2055 4390 2247 4444 magno
2299 4374 2402 4428 sibi
2437 4374 2546 4428 illic
2581 4374 2785 4428 auxilio
2820 4383 2954 4442 Opus
2985 4372 3120 4437 fore,
3159 4383 3212 4427 et
3248 4373 3346 4426 nisi
3383 4373 3544 4440 hujus

299 4469 526 4541 ἱρεπάνη
577 4467 671 4521 καὶ
715 4467 918 4536 πολλῆς
951 4465 1127 4518 ἐκεῖσε
1159 4465 1256 4534 τῆς
1293 4463 1543 4535 βοηθείας
1586 4465 1858 4536 δεήσεται,

1966 4465 2244 4535 praesentis
2273 4463 2406 4530 legis
2444 4464 2677 4532 gratiam
2724 4463 2957 4528 fruatur,
2993 4463 3197 4516 nullum
3223 4478 3281 4518 se
3309 4463 3418 4518 illic
3441 4463 3541 4517 ob-

271 4555 381 4614 lxai
414 4562 460 4611 εί
496 4558 570 4626 μὴ
597 4560 695 4627 τῆς
728 4557 822 4610 τοῦ
858 4557 1124 4627 παρόντος
1155 4555 1321 4625 νόμου
1354 4555 1681 4608 ἀπολαύσειε
1703 4556 1863 4624 χάρι-

261 4633 404 4753 (τος,
439 4650 562 4702 οὐδὲ
593 4649 690 4716 τῆς
731 4649 1000 4718 τυχούσης
1048 4649 1164 4700 ἐκεῖ
1203 4645 1543 4712 ἐπιτεὺξεται
1576 4646 1863 4715 παρακλή-

290 4757 428 4800 cam;
449 4756 462 4768 ο
495 4741 556 4791 ού
581 4740 689 4809 γάρ
721 4740 955 4810 σμικρὸν
983 4740 1061 4801 είς
1089 4738 1435 4808 παρηγορίαν
1479 4737 1556 4807 τῷ
1598 4737 1864 4790 ἐκϐεϐιω-

290 4829 410 4881 κότι
459 4831 927 4902 ὴεύπροαίρετος,
978 4829 1053 4891 ὡς
1082 4828 1148 4881 ἄν
1183 4845 1265 4891 τις
1311 4828 1446 4898 φαίη
1510 4828 1606 4881 καὶ
1657 4827 1865 4897 σμικρά

288 4918 427 4989 αὕτη
462 4919 640 4990 δωρεά
666 4919 742 4989 τῷ
774 4920 895 4990 Θεῷ
941 4921 1035 4974 καὶ
1065 4918 1433 4989 φιλανθρώπῳ
1462 4918 1728 4989 Δεσπότῃ,
1764 4934 1868 4969 πο-

288 4993 574 5078 λυτρόπως
622 5009 720 5080 τὴν
759 5010 916 5080 ἡμῶν
967 5009 1240 5078 σωτηρίαν
1284 5011 1348 5061 ἐκ
1389 5010 1626 5080 σμικρᾶς
1659 5010 1864 5061 οἰκονο-

293 5098 486 5170 μοῦντι
511 5100 975 5170 φιλοτιμουμένης
1001 5101 1346 5171 προφάσεως.
1389 5099 1576 5153 Ταῦτα
1617 5099 1696 5170 τῷ
1733 5117 1867 5170 παρ-

288 5191 405 5240 όντι
434 5190 466 5256 ἡ
477 5187 594 5257 μῶν
625 5190 732 5251 πᾶς
766 5206 851 5252 τις
876 5189 1125 5242 ἐννοείτω
1147 5189 1491 5259 ἐντυγχάνων
1512 5188 1864 5259 θεσπίσματι,

291 5280 387 5331 καὶ
415 5280 507 5330 τὸν
539 5279 785 5350 παρόντα
830 5281 995 5350 νόμον
1040 5274 1153 5332 οἷόν
1187 5297 1308 5334 τινα
1343 5280 1536 5350 βοηθὸν
1584 5280 1677 5334 καὶ
1717 5281 1779 5333 τό
1803 5297 1867 5348 γε

291 5373 543 5440 κρεῖττον
577 5373 752 5425 εἰπεῖν
777 5373 876 5441 τῆς
909 5372 1104 5426 ἐαυτοῦ
1137 5372 1408 5442 ῥᾳθυμίας
1433 5373 1753 5445 διορθωτὴν,
1787 5369 1867 5436 οἷς

292 5463 544 5531 ἐνδημῶν
572 5464 651 5534 τῷ
680 5464 780 5534 βίῳ
807 5464 874 5517 τὰ
899 5464 997 5532 τῆς
1027 5463 1294 5534 ἐκδημίας
1321 5466 1382 5517 οὑ
1435 5466 1687 5535 λυσιτελῆ
1719 5466 1868 5536 αὐτῷ

291 5555 522 5618 διέθετο,
555 5557 798 5626 δεχέσθω
828 5557 1103 5626 ἀσμένως,
1139 5559 1405 5628 σωτήριον
1438 5559 1512 5621 ῶς
1545 5575 1605 5625 γε
1645 5559 1868 5628 οἰόμεθα

294 5646 403 5707 τοῖς
428 5647 742 5712 τελευταίας
767 5649 1234 5719 χωρὶςτελευτῶσι
1268 5650 1595 5722 βουλήσεως,
1624 5655 1715 5704 καὶ
1747 5651 1866 5720 Θεῷ

198 5810 201 5812 _
295 5737 370 5808 τῷ
389 5740 604 5795 πάντων
628 5741 838 5812 βασιλεῖ
862 5744 960 5798 ούκ
988 5744 1314 5814 ἀπόϐλητον,
1342 5743 1476 5798 ἀλλὰ
1501 5746 1592 5799 καὶ
1618 5745 1750 5814 αὐτῇ
1793 5747 1857 5814 τῇ

1967 4563 2240 4610 teuturum
2293 4571 2413 4609 esse
2458 4554 2712 4608 solatium
2749 4571 2762 4608 :
2801 4570 2905 4608 non
2935 4554 3081 4607 enim
3114 4570 3303 4624 parum
3335 4554 3401 4605 ad
3470 4553 3544 4606 Ie-

1965 4661 2156 4699 vamen
2199 4646 2408 4699 confert
2446 4644 2554 4699 vita
2605 4643 2858 4700 defuncto
2909 4646 3022 4700 haec
3077 4645 3230 4700 bona:
3289 4644 3541 4698 volunta-

1969 4739 2059 4801 tis,
2093 4747 2150 4791 ut
2185 4737 2412 4793 dicenda
2445 4746 2549 4802 est,
2588 4737 2668 4794 vel
2692 4737 2886 4807 exigua
2911 4738 3135 4805 oblatio,
3167 4739 3278 4794 Deo
3300 4739 3542 4809 benigno

1969 4845 2160 4898 nempe
2191 4829 2442 4894 Domino,
2508 4830 2692 4884 multis
2726 4831 2899 4886 modis
2931 4831 3162 4886 salutem
3216 4841 3456 4886 nostram
3510 4844 3542 4883 ε

1968 4925 2149 4993 parvis
2178 4923 2559 4978 occasionibus
2590 4923 2924 4992 procuranti,
2956 4923 3181 4978 donata.
3242 4921 3367 4976 Haec
3418 4921 3538 4990 qui-

1969 5030 2180 5082 cunque
2211 5016 2463 5084 praesenti
2495 5015 2549 5068 in
2582 5025 2767 5070 nostro
2793 5017 3009 5070 decreto
3037 5016 3278 5070 invenire
3307 5020 3539 5081 reputet,

1968 5114 2022 5161 et
2055 5114 2381 5176 prmsentem
2429 5105 2569 5160 hanc
2617 5105 2788 5174 legem
2826 5122 2922 5161 ceu
2949 5105 3218 5176 quoddam
3255 5103 3537 5169 auxilium,

1967 5205 2022 5251 et
2064 5206 2123 5251 ut
2182 5196 2373 5251 melius
2436 5196 2636 5261 dicam,
2689 5212 2800 5251 sua:
2854 5199 3074 5252 desidiae
3130 5196 3540 5266 reparatricem,

1969 5289 2214 5358 quisquis
2278 5290 2329 5342 in
2385 5289 2493 5343 vita
2547 5289 2751 5358 degens
2806 5306 2927 5360 qua:
2974 5291 3058 5344 sui
3097 5291 3356 5344 transitus
3385 5296 3542 5342 erant

1971 5395 2074 5433 non
2109 5380 2399 5434 salubriter
2420 5380 2708 5448 disposuit,
2747 5395 2870 5435 cum
2902 5380 3097 5448 gaudio
3126 5379 3362 5446 excipiat
3387 5393 3400 5441 ;
3425 5385 3542 5429 tan-

1970 5487 2130 5540 quam
2163 5470 2455 5526 salutarem
2490 5487 2610 5527 eam
2642 5483 2952 5543 reputamus
2983 5471 3066 5526 his
3103 5470 3191 5538 qui
3227 5469 3431 5537 absque
3457 5467 3531 5522 ul-

1972 5566 2099 5616 tima
2153 5564 2430 5616 voluntate
2485 5562 2858 5625 decesserunt,
2895 5572 2948 5616 et
2999 5562 3110 5615 Deo
3157 5559 3536 5614 universorum

1974 5651 2082 5720 regi
2116 5666 2221 5704 non
2261 5651 2684 5718 despiciendam,
2717 5651 2810 5704 sed
2841 5649 3001 5703 etiam
3055 5648 3154 5716 ipsi
3211 5647 3408 5702 civium
3443 5662 3535 5699 so-

1971 5743 2153 5798 cietati
2221 5742 2591 5810 utilissimam,
2622 5751 2674 5798 et
2728 5751 2969 5798 anostra
3003 5757 3121 5812 quae
3167 5757 3232 5797 cx
3285 5740 3392 5796 Deo
3447 5747 3534 5794 est

3832 5921 3862 5942 ου’
3891 5913 3911 5934 ’1

3629 5972 3896 6076 ι
