4058 6212
423 286 432 310 ’
490 330 600 394 603

917 326 1427 394 CONSTANTINI
1465 324 2143 387 POBPHYROGENITI
2184 326 2555 391 NOVELL/E
2596 327 3278 390 CONSTITUTIONES.

3622 326 3739 390 604

482 442 630 512 regia
661 450 928 513 potestate
953 442 1179 509 Domino
1204 439 1578 494 universorum
1607 436 1716 507 regi
1753 452 2045 494 consecra-

2173 440 2394 513 ιολιτείᾳ
2424 442 2868 497 λυσιτελέστατον
2897 443 3046 513 παρὰ
3068 444 3165 514 τῆς
3193 445 3258 497 ὲκ
3280 442 3415 497 Θεοῦ
3448 442 3731 515 βασιλείας

483 547 611 588 tam.
695 586 706 594 ,

1201 668 1318 724 XII.

480 785 811 839 Commmini
840 786 1041 840 novella
1060 789 1267 856 quinta,
1294 804 1412 855 quae
1444 787 1497 839 in
1527 787 1722 841 sacella
1748 785 2053 840 recluditur.

554 857 627 910 De
655 856 795 926 fugis
829 857 1236 925 mancipiorum,
1275 865 1323 910 et
1365 858 1430 911 de
1458 857 1715 926 jumentis
1741 856 1981 924 perditis.

552 1061 603 1114 I.
648 1057 750 1114 Pro
772 1059 1043 1130 mancipio
1074 1060 1320 1129 perdito,
1359 1068 1414 1113 et
1457 1059 1508 1112 in
1545 1058 1733 1113 eadem
1781 1058 2056 1127 provincia

483 1157 740 1217 reperto,
784 1148 1012 1203 solidum
1064 1163 1253 1212 unum,
1305 1148 1471 1203 millia
1552 1157 1785 1217 quatuor
1811 1149 2059 1202 dominus

485 1246 723 1307 praestat.
778 1236 836 1292 Si
881 1252 1009 1293 vero
1039 1238 1091 1292 in
1136 1238 1379 1293 ulteriori
1428 1238 1703 1307 provincia
1731 1238 2055 1307 reperiatur,

485 1331 689 1385 solidos
720 1329 879 1393 duos,
906 1329 1072 1383 millia
1102 1339 1353 1398 quatuor.
1397 1328 1549 1394 Quod
1580 1327 1624 1383 si
1656 1329 1787 1383 duas
1817 1336 1908 1381 aut
1943 1336 2054 1381 tres

489 1419 796 1486 provincias
825 1420 1213 1489 peragraverit,
1244 1429 1298 1473 et
1336 1430 1554 1489 captum
1588 1420 1749 1475 fuerit
1779 1458 1794 1482 ,
1859 1418 2060 1473 solidos

480 1520 621 1575 tres,
661 1510 827 1565 millia
858 1520 1106 1579 quatuor.
1146 1511 1223 1564 Ac
1256 1512 1403 1577 prius
1433 1511 1672 1579 quidem,
1713 1525 1876 1580 quam
1911 1523 2063 1562 men-

488 1616 576 1656 ses
605 1601 884 1656 duodecim
916 1599 1291 1668 praeterierint,
1315 1600 1439 1653 alibi
1474 1600 1805 1668 mancipium
1829 1598 2058 1653 distrahi

497 1707 600 1745 non
635 1690 717 1745 fas
745 1698 868 1756 est,
911 1690 1006 1744 sed
1039 1689 1299 1757 tantisper
1332 1699 1387 1744 et
1408 1691 1636 1752 servari,
1684 1699 1737 1745 et
1780 1688 2060 1751 custodiri,

2161 530 2322 600 ήμῶν
2357 532 2545 602 Κυρίῳ
2592 531 2671 603 τῷ
2720 532 2878 603 ἡμῶν
2928 533 3267 603 βασιλεύοντι
3320 536 3733 608 ἀνατιθέμενον.

2879 660 2977 716 IB'.

2157 774 2351 841 Νεαρὰ
2388 781 2429 829 ε’
2471 777 2926 829 Κωνσταντίνου
2963 777 3000 843 ή
3031 776 3391 844 ἀποκειμένη
3414 778 3485 831 ἐν
3514 777 3588 843 τῇ
3616 792 3739 832 σα-

2228 845 2441 911 κέλλῃ.
2464 846 2598 916 Περὶ
2624 845 2833 916 φυγῶν
2854 847 3173 915 ψυχαρίων
3198 847 3296 900 καὶ
3326 848 3736 902 ἀπολωλότων

2231 915 2468 982 κτηνῶν
2500 915 2634 986 (I5).

2235 1055 2301 1104 α’.
2349 1049 2521 1120 ’Υπὲρ
2552 1049 2895 1113 ἀπολωλότος
2946 1049 3215 1120 ψυχαρίου
3260 1052 3354 1104 καὶ¹
3383 1055 3441 1106 ὲν
3466 1054 3543 1127 τῷ
3581 1056 3738 1127 αὐτῷ

2162 1143 2360 1212 θέματι
2394 1141 2716 1215 εὑρεθέντος
2749 1141 2977 1211 παρέχει
3016 1142 3044 1193 ὁ
3091 1142 3360 1214 δεσπότης
3402 1144 3646 1215 νόμισμα
3677 1147 3741 1200 ἓν

2165 1232 2317 1302 μίλια
2356 1230 2467 1302 (16)
2509 1232 2773 1301 τέσσαρα.
2812 1233 2875 1284 Et
2921 1232 2978 1284 δὲ
3008 1233 3452 1304 ὑπερθεματίσαν
3498 1236 3696 1307 εὑρεθῇ
3723 1279 3738 1302 ,

2161 1322 2471 1392 νομίσματα
2498 1322 2590 1375 δύο
2627 1323 2779 1392 μίλια
2807 1324 3068 1393 τέσσαρα.
3120 1324 3182 1377 Ei
3214 1325 3272 1378 δὲ
3300 1324 3395 1378 δύο
3440 1325 3471 1395 ἢ
3499 1327 3625 1397 τρία
3654 1328 3742 1381 θέ-

2165 1431 2309 1483 ματα
2351 1413 2558 1466 διελθὸν
2600 1413 2870 1485 κρατηθῇ,
2902 1414 3213 1483 νομίσματα
3258 1417 3385 1486 τρία
3434 1418 3586 1483 μίλια
3622 1420 3746 1472 τέσ-

2164 1522 2327 1574 σαρα.
2379 1507 2491 1561 Καὶ
2527 1505 2632 1577 πρὸ
2691 1506 2787 1576 μὲν
2830 1505 2924 1559 τοῦ
2975 1507 3264 1577 παρελθεῖν
3295 1509 3386 1561 τὸν
3415 1510 3738 1580 δωδεκαμη-

2162 1598 2332 1649 νιαῖον
2361 1597 2552 1665 χρόνον
2584 1598 2658 1667 μὴ
2691 1597 2890 1663 ἐξεῖναι
2917 1598 3341 1668 διαπιπράσκειν
3375 1600 3511 1653 αὐτὸ
3561 1602 3737 1656 ἀλλα-

2163 1687 2282 1757 χοῦ,
2302 1688 2435 1741 ἀλλὰ
2463 1691 2748 1760 συντηρεῖν
2777 1690 2867 1743 καὶ
2886 1688 3174 1758 φυλάττειν
3204 1691 3263 1742 ὲν
3283 1691 3572 1764 ἀσφαλείᾳ.
3600 1694 3666 1747 Εἰ
3685 1694 3744 1746 δὲ

491 1781 731 1836 adhibita
760 1781 1034 1848 cautione,
1067 1780 1245 1835 debet.
1294 1779 1350 1836 Si
1381 1795 1510 1835 vero
1542 1781 1826 1836 duodecim
1856 1779 2060 1835 mensi-

2173 1781 2389 1835 καὶτῶν
2418 1781 2627 1835 δώδεκα
2661 1781 2846 1852 μηνῶν
2879 1782 3263 1853 παρελθόντων
3288 1783 3390 1837 οὐκ
3419 1785 3745 1856 ἀναζητηθῇ

486 1874 587 1929 bus
615 1872 829 1941 elapsis,
881 1872 1208 1940 mancipium
1261 1872 1598 1941 deperditum
1634 1888 1662 1926 a
1693 1874 1933 1927 domino‘
1957 1887 2055 1926 suo

487 1964 803 2032 requisitum
832 1978 937 2017 non
971 1962 1133 2017 fuerit
1158 2003 1173 2029 ,
1213 1961 1371 2018 liceat
1409 1963 1458 2016 ei
1523 1963 1613 2031 qui
1656 1965 1853 2032 reperit
1882 1973 2053 2018 notae-

486 2072 592 2124 que
632 2069 871 2125 personae
898 2054 1150 2119 vendere,
1199 2069 1295 2123 pro
1332 2055 1520 2110 solidis
1547 2069 1665 2120 sex,
1708 2054 1891 2109 milliis
1920 2070 2057 2122 qna-

492 2158 634 2202 tnor.
670 2145 958 2215 Propterea
999 2160 1132 2200 vero
1172 2156 1278 2200 tam
1314 2145 1403 2199 vili
1438 2147 1613 2215 pretio
1643 2145 2057 2199 distrahendum

491 2238 618 2301 erit,
656 2237 801 2309 quod
842 2238 957 2305 ejus
985 2249 1265 2305 possessor
1315 2251 1421 2290 non
1471 2237 1540 2290 sit
1593 2245 1918 2306 perpetuus;
1964 2236 2057 2289 sed

489 2331 633 2398 quoi
688 2342 870 2382 rursus
904 2329 954 2381 in
999 2335 1262 2397 potestate
1320 2326 1517 2381 domini
1551 2326 1642 2390 sit,
1668 2341 1728 2381 re
1752 2336 2057 2394 comperta,

495 2420 718 2475 totidem
762 2419 962 2474 solidos
996 2428 1274 2485 praestare,
1321 2432 1444 2473 cum
1488 2426 1720 2488 quatuor
1754 2417 1957 2481 milliis,
1999 2432 2061 2471 ac

492 2526 707 2566 servum
741 2527 896 2566 suum
926 2512 1189 2580 recipere.

561 2600 618 2657 2.
659 2601 763 2657 Pro
789 2601 1050 2671 iumentis
1078 2610 1257 2657 autem
1293 2600 1538 2671 perditis,
1568 2599 1830 2668 siquidem
1859 2598 2063 2669 majora

499 2697 617 2752 sive
659 2696 943 2766 grandiora
998 2694 1126 2758 sint,
1163 2703 1288 2763 puta
1331 2705 1428 2761 pro
1476 2691 1664 2754 bobus,
1713 2698 1766 2743 et
1805 2690 1981 2758 equis,
2013 2699 2066 2744 et

499 2785 694 2855 mulis,
731 2795 963 2856 quatuor
989 2783 1154 2838 millia
1189 2782 1440 2837 dominus
1462 2789 1703 2851 praestet,
1739 2795 1802 2834 ac
1823 2780 2064 2849 jumenta

502 2876 749 2946 recipiat.
781 2875 836 2931 In
884 2873 1181 2930 minoribus
1216 2887 1365 2935 vero,
1393 2870 1446 2925 id
1477 2880 1581 2934 est,
1624 2870 1821 2925 ovibus
1848 2879 1902 2923 et
1941 2883 2068 2937 por-

494 2969 598 3035 cis,
619 2968 673 3023 in
704 2969 1041 3023 dominormn
1064 2967 1320 3019 duntaxat
1346 2962 1571 3016 arbitrio
1600 2963 1691 3027 sit,
1717 2971 1772 3014 ut
1802 2961 1945 3030 quod
1976 2974 2071 3013 vo-

500 3063 642 3124 lunt,
673 3068 950 3130 praestent.

2158 1873 2218 1927 τὸ
2246 1873 2523 1936 ἀπολωλὸς
2545 1873 2812 1945 ψυχάριον
2848 1875 2997 1946 παρὰ
3032 1873 3126 1927 τοῦ
3162 1875 3368 1946 Κυρίου
3393 1877 3582 1940 αὐτοῦ,
3618 1879 3747 1932 τότε

2159 1964 2359 2029 ἐξεῖναι
2386 1965 2465 2036 τῷ
2488 1966 2746 2037 εὖρηκότι
2778 1966 3207 2039 διαπιπράσκειν
3229 1968 3360 2020 αὐτὸ
3385 1969 3465 2031 είς
3495 1970 3748 2037 ἐμφανὲς

2160 2056 2449 2127 πρόσωπον
2465 2058 2556 2110 ἐπὶ
2577 2058 2848 2127 καταϐολῇ
2866 2058 3218 2129 νομισμάτων
3234 2058 3295 2124 ἒξ
3310 2062 3398 2113 καὶ
3420 2060 3614 2129 μιλίων
3629 2078 3751 2113 τεσ.

2162 2149 2365 2220 σάρων.
2409 2150 2508 2202 Διὰ
2538 2149 2696 2202 τοῦτο
2736 2150 2793 2203 δὲ
2832 2149 3005 2214 οὕτως
3027 2149 3242 2214 εὐὼνως
3291 2152 3743 2221 διαπιπράσκειν,

2159 2240 2247 2294 διὰ
2272 2240 2332 2293 τὸ
2361 2241 2437 2311 μὴ
2459 2236 2595 2293 εἶναι
2629 2242 2720 2294 τὸν
2740 2241 3004 2311 δεσπότην
3032 2242 3277 2313 διηνεκῆ,
3304 2241 3440 2295 ἀλλὰ
3462 2242 3625 2295 πᾶλιν
3653 2245 3740 2295 ἐπ’

2162 2328 2411 2394 ἐξουσίας
2472 2328 2616 2399 ἔχειν
2693 2330 2785 2383 τὸν
2836 2330 3025 2403 κύριον
3080 2331 3278 2399 αὐτοῦ,
3320 2330 3465 2387 ’ὅταν
3521 2333 3735 2403 διαγνῷ,

2162 2418 2422 2490 παρέχειν
2501 2420 2569 2473 τὰ
2641 2420 2864 2474 τοιαῦτα
2950 2420 3010 2486 ἐξ
3076 2422 3385 2493 νομίσματα
3437 2425 3575 2494 μετᾶ
3633 2424 3742 2477 τῶν

2162 2512 2442 2583 τεσσάρων
2461 2512 2672 2583 μιλίων,
2694 2514 2788 2567 καὶ
2813 2512 2902 2566 τὸν
2935 2513 3065 2567 ἴδιον
3079 2515 3427 2584 ἀπολαμϐάνε
3437 2534 3484 2569 ιν
3503 2517 3745 2587 οἰκέτην.

2241 2602 2307 2674 β’.
2359 2604 2530 2674 Ὑπὲρ
2561 2605 2617 2657 δὲ
2662 2604 2873 2673 κτηνῶν
2908 2605 3291 2671 ἀπολωλότων,
3351 2606 3447 2660 ἐπὶ
3482 2607 3583 2678 μὲν
3636 2612 3749 2667 τοῖς

2175 2692 2383 2763 μείζοσι
2402 2693 2496 2747 καὶ
2527 2692 2856 2764 ἁδροτέροις,
2891 2694 3054 2747 οἰονεὶ
3084 2694 3257 2764 βουσὶ,
3289 2697 3385 2748 καὶ
3406 2696 3617 2761 ἵπποις,
3652 2700 3748 2751 καὶ

2148 2792 2149 2797 ‘
2171 2785 2437 2856 ἡμιόνοις,
2462 2786 2725 2856 παρέχειν
2754 2785 2846 2839 τὸν
2879 2785 3010 2840 ἴδιον
3041 2787 3303 2858 αὐθέντην
3327 2788 3482 2858 μίλια
3505 2789 3745 2859 τέσσαρα

2176 2877 2271 2932 καὶ
2291 2877 2594 2946 λαμϐάνειν
2620 2878 2782 2931 αὐτά.
2823 2877 2946 2930 Ἐπὶ
2975 2877 3031 2931 δὲ
3055 2880 3169 2943 τοῖς
3206 2880 3746 2950 μικροτέροις,τουτ-

2175 2971 2291 3023 ἐστι
2328 2970 2622 3039 προϐάτοις
2654 2973 2746 3023 καὶ
2776 2970 3001 3041 χοίροις,
3048 2973 3228 3040 μόνοις
3272 2972 3474 3026 κείσθω
3514 2977 3626 3038 τοῖς
3654 2991 3750 3028 κυ-

2178 3061 2313 3131 ρίοις
2339 3058 2516 3112 αὐτῶν
2549 3059 2577 3113 ὃ
2610 3059 2887 3128 βούλονται
2918 3061 3196 3131 παρέχειν.

574 3151 629 3204 '5.
669 3150 737 3203 At
770 3149 988 3204 nomine
1033 3146 1319 3202 vulnerum
1372 3145 1426 3200 in
1474 3143 1673 3213 capite,
1712 3141 1794 3197 vel
1848 3139 2071 3209 injuria-

2253 3145 2324 3217 γ’.
2366 3149 2541 3215 Χάριν
2569 3148 2624 3201 δὲ
2649 3149 2757 3202 τῶν
2797 3150 2886 3200 ἐπὶ
2931 3149 3138 3218 κεφαλῇ
3171 3148 3502 3219 τραυμάτων
3533 3148 3630 3200 εἴτ’
3658 3142 3752 3202 οῦν

505 3258 623 3297 rum
674 3241 960 3306 atrocium,
1002 3239 1088 3296 vel
1135 3237 1511 3303 scortationis,
1559 3235 1643 3291 vel
1677 3233 1952 3298 adulterii,
1995 3232 2076 3288 vel

502 3332 653 3397 furti,
689 3331 823 3385 nihil
863 3329 1085 3385 omnino
1129 3329 1394 3398 exigatur.
1443 3325 1664 3380 Furtiva
1717 3324 1761 3378 si
1808 3322 2083 3392 reperian-

503 3437 610 3491 tur,
637 3423 871 3479 dominis
898 3421 1046 3476 salva
1074 3429 1256 3473 sunto.
1298 3417 1452 3485 Quod
1489 3416 1534 3471 si
1564 3415 1695 3469 nulli
1732 3422 1947 3469 exstent
1986 3413 2082 3467 do-

505 3515 659 3577 mini,
691 3513 820 3565 Iisco
849 3510 1171 3564 inferantur.

571 3604 628 3659 4.
665 3602 1031 3659 Consimiliter
1059 3601 1103 3657 si
1151 3599 1246 3670 qui
1296 3599 1597 3654 moriantur
1627 3599 1891 3664 intestati,
1924 3607 1979 3654 et.
2015 3612 2083 3653 ne

503 3697 640 3753 sexti
694 3695 909 3766 quidem
935 3695 1157 3766 "gradus
1190 3701 1467 3762 cognatos
1521 3694 1758 3748 habeant
1802 3732 1817 3759 ,
1893 3705 2081 3748 eorum

505 3788 793 3843 facultates
829 3796 989 3856 atque
1039 3785 1174 3840 bona
1226 3784 1357 3839 iisco
1395 3782 1716 3839 inferantur.
1768 3782 1864 3838 Sin
1902 3792 2082 3838 testa-

506 3893 746 3940 mentum
789 3882 908 3953 quis
944 3882 1154 3947 fecerit,
1190 3880 1317 3935 licet
1363 3879 1492 3934 nulli
1525 3879 1740 3950 cognati
1795 3890 1850 3934 et
1891 3894 2080 3933 neces-

507 3976 636 4031 sarii
673 3975 1016 4045 reperiantur
1047 3973 1114 4028 ad
1164 3974 1462 4028 indicatum
1494 3987 1663 4040 usque
1699 3976 1962 4043 gradum;
2001 3981 2079 4023 te-

507 4067 759 4123 stamenti
790 4079 966 4123 tamen
996 4066 1192 4121 tabulae
1217 4066 1614 4121 custodiantur.

579 4159 633 4218 5.
673 4158 860 4215 Itidem
917 4159 961 4214 si
1002 4158 1287 4214 defunctus
1339 4156 1635 4212 decesserit
1681 4156 1993 4219 intestatus,
2027 4168 2081 4209 ct

509 4247 722 4319 cognati
771 4247 1114 4315 reperiantur
1150 4287 1164 4311 ,
1208 4246 1275 4299 ad
1313 4246 1428 4300 illos
1452 4247 1596 4315 ipsos
1634 4247 1771 4299 bona
1807 4247 2077 4315 patrium.

511 4340 585 4394 nii
637 4338 1090 4393 transmittuntor.
1144 4337 1297 4403 Quod
1358 4336 1402 4392 si
1464 4352 1637 4407 neque
1699 4346 1929 4392 testatus
1989 4340 2079 4403 sit,

511 4440 688 4496 neque
730 4437 987 4496 cognatos
1045 4426 1258 4491 habeat,
1299 4426 1389 4496 qui
1434 4426 1720 4480 defunctus
1767 4436 1850 4480 est

510 4609 668 4673 catis,
701 4610 954 4665 fratribus
979 4610 1302 4666 Christianis
1333 4611 1491 4666 datur
1517 4626 1531 4664 :
1568 4617 1624 4665 et
1650 4610 1793 4680 quod
1821 4621 2077 4679 praetcrea

511 4708 754 4770 superat,
778 4700 908 4757 ﬁsco
934 4700 1181 4759 infertur.

2183 3239 2628 3311 ἐκτραχωμάτων
2659 3240 2692 3309 ἣ
2717 3239 2972 3310 πορνείας
2998 3241 3029 3309 ἢ
3063 3241 3308 3311 μοιχείας
3331 3240 3363 3311 ἢ
3393 3240 3600 3310 κλοπῆς
3627 3240 3751 3310 μηδ’

2180 3331 2359 3383 ὁτιοῦν
2389 3331 2663 3384 ἀπαιτεῖν.
2690 3331 2770 3384 Τὰ
2792 3330 2849 3383 δὲ
2886 3329 3190 3400 κλοπιμαῖα
3219 3331 3585 3401 εὑρισκόμενα
3613 3332 3750 3385 ἁνα-

2183 3421 2450 3485 σώζεσθαι
2479 3423 2592 3484 τοῖς
2626 3420 2776 3484 ίδίοις
2806 3422 3118 3485 δεσπόταις.
3150 3422 3436 3476 Δεσποτῶν
3477 3421 3533 3475 δὲ
3563 3423 3640 3493 μὴ
3670 3422 3752 3474 δν-

2181 3529 2312 3575 των,
2336 3510 2416 3582 τῷ
2440 3513 2683 3582 δημοσίῳ
2708 3511 3141 3582 εἰσκομίζεσθαι.

2254 3602 2317 3657 δ’.
2358 3603 2631 3666 Ὡσαύτως
2676 3603 2733 3657 δὲ
2777 3604 2874 3657 καὶ
2933 3603 3310 3658 τελευτώντων
3339 3603 3503 3657 τινῶν
3536 3603 3755 3658 ἀδιαθέ-

2182 3712 2312 3759 τως,
2343 3696 2437 3748 καὶ
2469 3696 2606 3766 μηδὲ
2651 3698 2935 3765 συγγενεῖς
2961 3696 3193 3765 ἑχόντων
3224 3695 3382 3748 ἕκτου
3412 3694 3645 3766 βαθμοῦ,
3685 3694 3757 3748 τὰ

2182 3789 2509 3858 διαφέροντα
2540 3789 2726 3852 αὐτοῖς
2750 3788 2827 3859 τῷ
2867 3788 3113 3860 δημοσίῳ
3152 3789 3581 3858 εἰσκομίζεσθαι.
3624 3791 3757 3842 Δια-

2186 3879 2415 3948 θεμένου
2449 3878 2529 3943 δὲ,
2568 3880 2671 3933 κᾶν
2707 3881 2988 3948 συγγενεῖς
3032 3880 3106 3951 μὴ
3137 3880 3481 3951 εὑρίσκονται
3508 3881 3603 3932 καὶ
3635 3879 3755 3932 ἴδιοι

2189 3971 2350 4040 μέχρι
2388 3970 2481 4023 τοῦ
2514 3969 2805 4043 εἰρημένου
2843 3969 3075 4041 βαθμοῦ,
3129 3969 3497 4039 φυλάττεσθαι
3541 3971 3609 4024 τὰ
3656 3969 3758 4040 τῆς

2185 4062 2468 4133 διαθήκης.
3385 4070 3397 4079 ’

2257 4150 2318 4206 ε’.
2371 4153 2649 4217 Ὡσαύτως
2695 4156 2752 4208 δὲ
2806 4155 3097 4210 ἁδιαθὲτου
3154 4152 3611 4222 τετελευτηκότος
3660 4167 3760 4204 και

2189 4245 2467 4311 συγγενῶν
2497 4245 2922 4317 εὑρισκομένων,
2955 4245 3090 4317 πρὸς
3121 4246 3363 4309 ἐκείνους
3390 4246 3456 4297 τὰ
3487 4244 3582 4313 τῆς
3634 4218 3788 4317 κτηοξ

2189 4292 2325 4404 eam;
2374 4292 2852 4411 petanépneozat.
2909 4292 3088 4392 iure;
3143 4338 3281 4408 μήτε
3336 4292 3580 4389 διάθοιτζ
3621 4292 3789 4411 pqae“

3784 4400 3790 4415 Ἰ

1897 4442 1910 4479 :
1957 4437 2081 4482 tunc
2114 4470 2163 4528 D
2193 4434 2474 4501 συγγενεῖς
2511 4431 2622 4500 ἔχοι
2651 4431 2679 4482 ὁ
2706 4429 3132 4500 τετελευτηκὼς,
3192 4429 3313 4481 τότε
3339 4427 3399 4479 τὸ
3440 4426 3538 4495 μὲν
3579 4425 3757 4496 τρίτον
3787 4437 3792 4491 ς

410 4518 419 4525 “
510 4532 638 4586 pars
663 4517 926 4573 bonorum
953 4518 1070 4587 ejus
1094 4518 1252 4571 tertia
1278 4532 1374 4586 pro
1411 4517 1740 4571 redimendis
1765 4517 1930 4586 ipsius
1952 4534 2075 4587 pcc-

2193 4522 2357 4592 μέρος
2387 4522 2484 4592 τῆς
2509 4521 2672 4575 αὐτοῦ
2708 4522 2951 4591 κτήσεως
2979 4519 3216 4573 δίδοσθαι
3245 4518 3387 4587 ὑπὲρ
3416 4517 3614 4587 λύτρου
3648 4515 3757 4567 τῶν
3790 4523 3795 4533 '

2191 4614 2477 4683 ἁμαρτιῶν
2530 4611 2696 4665 αὐτοῦ
2747 4613 2856 4674 τοῖς
2902 4613 2959 4664 ἐν
3014 4609 3235 4680 Χριστῷ
3286 4608 3570 4675 ἀδελφοῖς·
3617 4604 3679 4656 τὸ
3703 4603 3761 4656 δὲ

2188 4706 2504 4779 περιττεῦον
2529 4706 2604 4778 τῷ
2627 4706 2870 4778 δημοσίῳ
2900 4702 3333 4774 εἰσκομίζεσθαι.

2062 4820 2204 4877 XIII.

589 4927 731 5002 Imp.
759 4929 1093 4992 Constantini
1123 4934 1560 5011 Porphyrogeuiti
1602 4938 1911 5006 rescriptum
1945 4937 2007 4989 de
2040 4938 2369 4991 restitutione
2402 4937 2724 5007 prwdiorum
2763 4952 2793 4988 (ι
2845 4934 3145 5004 potentibus
3174 4939 3598 5000 comparatorum
3627 4926 3761 4996 (I7).

1954 5026 2068 5080 Non
2101 5036 2304 5084 exstat.

590 5186 703 5255 (I5)
737 5184 1014 5240 Novellam
1042 5184 1210 5253 ipsam
1250 5199 1354 5238 non
1386 5199 1529 5249 eSse,
1568 5184 1748 5255 quivis
1799 5183 2053 5255 intelligit
2083 5199 2096 5236 :

522 5253 886 5327 deperditame
924 5255 1153 5327 Novella:
1215 5255 1451 5327 epitome
1481 5256 1574 5327 sit,
1602 5253 1843 5327 dubitari
1897 5263 2092 5320 potest.

522 5322 774 5381 Nonnulli
810 5327 988 5393 capita
1041 5326 1076 5380 4
1128 5333 1185 5378 ct
1216 5322 1257 5377 5'
1287 5338 1353 5377 ex
1383 5323 1603 5377 Novella
1639 5322 1752 5385 XII,
1782 5338 1903 5389 qua:
1956 5338 2097 5390 prte-

525 5399 712 5461 cessit,
773 5396 1065 5465 epitomata
1130 5394 1879 5465 esseputavcrnnt:minus
1927 5402 2095 5465 recte,

526 5483 647 5536 cum
671 5460 793 5536 cap.
810 5460 849 5520 ζ
871 5481 993 5536 cum
1022 5464 1107 5519 illa
1131 5463 1265 5517 nihil
1297 5476 1583 5536 continune
1611 5462 1826 5536 habeat,
1848 5472 1900 5516 et
1929 5477 2046 5529 cap.
2065 5460 2097 5514 5

526 5534 669 5589 aliud
701 5530 860 5605 quam
892 5535 979 5589 illa
1026 5543 1247 5589 statuat.
1283 5530 1362 5605 Ad
1398 5533 1799 5605 successionem
1840 5538 2099 5605 cognato-

534 5619 652 5675 rum
694 5599 866 5675 usque
888 5606 953 5657 ad
989 5614 1203 5675 sextum
1229 5602 1456 5670 gradum
1492 5601 1740 5655 conferas
1772 5618 1930 5671 supra
1960 5599 2093 5654 Nov.

538 5671 672 5739 \‘III,
706 5690 755 5744 ς.
780 5671 839 5730 Ξ.
876 5674 1043 5730 ΖΑειι.
1078 5690 1107 5727 Α
1131 5673 1281 5730 Lina.

2269 5187 2381 5256 (16)
2402 5186 2573 5256 Ilicet
2593 5186 2732 5239 infra
2768 5182 3091 5256 μιλιαρήσια
3123 5179 3468 5256 scribendum
3498 5192 3618 5232 esse
3642 5191 3767 5256 cre-

2196 5248 2448 5309 diderim.
2503 5248 2825 5323 Quanquam
2868 5248 3096 5323 Lenncl.
3153 5252 3218 5323 ad
3269 5263 3320 5303 v.
3357 5248 3514 5319 μίλια
3572 5254 3767 5323 nutat:

2200 5343 2217 5375 ι
2257 5324 2484 5378 Monetae
2513 5314 2738 5387 nomen,
2769 5338 2888 5391 quae
2917 5333 2971 5376 et
3005 5320 3333 5391 μιλιαρίσιοκ)
3359 5314 3378 5370 Ξ
3404 5333 3528 5391 pars
3558 5314 3771 5368 scilicet

2196 5397 2346 5448 aurci
2366 5395 2700 5448 dumlecima.
2723 5388 3023 5452 ut'Suidas',
3043 5394 3156 5443 sive
3181 5389 3391 5454 siliqmc
3409 5388 3533 5455 (hoc
3558 5396 3763 5448 est,ze~

2200 5464 2379 5534 ράτια)
2413 5463 2555 5522 dum.
2590 5471 2646 5517 ut
2673 5462 2953 5534 Ccdrenns
2997 5459 3180 5525 tradit,
3205 5460 3296 5529 qui
3327 5469 3381 5511 et
3405 5458 3655 5526 siliquam
3688 5456 3769 5509 ait

2194 5530 2386 5589 obolos
2421 5548 2471 5585 χι
2503 5534 2803 5587 continere.
2840 5550 2858 5583 ι
2894 5530 2969 5585 lo.

2268 5603 2378 5672 (I7)
2418 5601 2586 5671 Ilnjns
2617 5601 2849 5658 Novclhc
2887 5601 3089 5655 mentio
3129 5600 3186 5653 fit
3214 5600 3266 5652 in
3308 5596 3442 5652 Nov.
3488 5594 3624 5649 XIV.
