4058 6212
859 431 942 439 νν-ιι
959 431 1724 442 ————-—_—.—————__.-
1743 436 2009 444 .—_——_.
2025 436 2030 440 ›
2069 436 2461 444 —_—.—___—__

1972 436 2030 442 -›
2069 436 3164 448 —_—.—_W__m-<
3192 439 3200 446 .
3227 444 3231 446 .
3253 434 3574 448 -ρΔ--ο--ο

3003 452 3518 464 _——-——-
3533 451 3574 466 -

869 594 1618 768 ΕΚΛΟΓΑΙ
1695 604 2090 730 ΠΕΡΙ
2166 604 3032 752 ΠΡΕΣΒΕΩΝ

977 938 1000 951 κ

2068 437 3027 462 rm

1562 987 2324 1108 EXCERPTA

760 1250 1068 1423 DE
1237 1247 3096 1433 LEGATIONIBUS

325 1547 412 1605 Ex
455 1544 757 1622 Dexippo
801 1544 1210 1616 Atheniensi,
1265 1547 1559 1623 Eunapio
1600 1546 1933 1621 Sardiano,
1983 1549 2165 1610 Petro
2210 1549 2473 1619 patricio
2519 1554 2577 1610 et
2626 1551 2950 1626 magistro,
3001 1551 3217 1614 Prisco
3262 1554 3571 1630 sepltista,

661 1649 874 1708 Marco
917 1646 1486 1724 Philadelphiensi,
1538 1649 1892 1709 Menandro
1926 1657 2303 1728 protectore,
2353 1650 2835 1728 TlteOphyIacto
2882 1653 3220 1714 Sitnocatta
3250 1701 3264 1728 ,

325 1773 470 1831 Posl
520 1769 775 1833 Davidis
821 1770 1153 1832 Hmschelt'i
1197 1779 1250 1830 et
1292 1771 1577 1849 Philippi
1620 1771 1849 1832 Labbei
1891 1790 2102 1846 curas,
2136 1774 2372 1832 Bonna:
2401 1790 2565 1831 anno
2624 1772 2782 1833 1828
2815 1773 2983 1850 typis
3020 1771 3224 1834 denuo
3281 1777 3575 1838 mandata

1219 1893 1408 1954 opera
1453 1885 1507 1934 et
1553 1876 1764 1936 studio
1819 1877 1887 1936 Β.
1940 1877 2014 1938 G.
2058 1877 2396 1939 Niebuhrt’i
2455 1877 2524 1938 (Ι.
2587 1877 2656 1936 F.

1068 2187 1579 2250 PRJEFATIO
1637 2189 2129 2250 EDITORUM
2186 2190 2808 2251 BONNENSIUM.

390 2344 687 2398 Parisinam
729 2345 1110 2401 historicorum
1145 2347 1563 2416 Byzantinorum
1603 2349 1891 2404 editionem
1943 2365 2046 2402 non
2075 2365 2140 2403 eo
2173 2351 2351 2404 animo
2389 2354 2454 2403 ab
2488 2349 2639 2403 initio
2685 2349 2982 2404 institutam
3021 2367 3142 2408 esse
3176 2363 3234 2407 ιιι
3294 2351 3564 2420 integrum

319 2430 640 2496 scriptorum
677 2443 873 2497 corpus
916 2430 1390 2498 complecteretur,
1427 2426 1685 2502 inspectis
1733 2433 2100 2486 voluminibus
2131 2448 2251 2499 quze
2283 2443 2408 2484 ante
2437 2433 2642 2484 editum
2673 2446 2702 2485 a
2736 2430 2990 2500 Philippo
3023 2433 3238 2488 Labbeo
3271 2431 3568 2502 protrcpti—

326 2527 428 2563 con
458 2511 795 2579 prodierant,
832 2510 987 2566 facile
1012 2522 1254 2580 apparet.
1286 2513 1535 2568 Labbeus
1571 2527 1771 2578 autem,
1803 2524 1908 2568 tam
1949 2516 2188 2570 historia:
2215 2515 2524 2584 cognitione
2557 2530 2717 2582 quam
2769 2515 2982 2580 ingenio
3003 2516 3301 2584 judiciique
3337 2518 3573 2568 sanitate

319 2594 532 2661 egregie
568 2594 882 2659 instructus,
916 2595 1080 2648 simul
1102 2610 1164 2648 ac
1200 2611 1320 2650 sese
1344 2597 1492 2664 operi
1525 2599 1872 2666 exsequendo
1903 2598 2145 2665 dederat,
2166 2597 2431 2667 corporis,
2464 2597 2605 2666 quod
2640 2597 2894 2664 deinceps
2920 2599 3175 2665 paulatim
3206 2598 3396 2660 crevit,
3432 2598 3568 2650 ima-

317 2679 498 2744 ginem
540 2677 638 2732 sibi
679 2677 1011 2744 informavit,
1057 2680 1280 2747 ejusque
1321 2681 1636 2750 perficiendi
1692 2672 1990 2735 animosam
2029 2699 2176 2750 spem
2217 2682 2504 2749 concepit;
2535 2697 2638 2748 qua
2672 2679 2869 2734 ductus
2908 2681 3136 2734 indicem
3183 2681 3345 2734 futuri
3386 2689 3570 2749 synta-

315 2760 514 2826 gmatis
547 2761 858 2827 proposuit;
892 2761 1137 2830 singulis,
1169 2778 1286 2829 qua:
1324 2773 1450 2817 tunc
1473 2766 1687 2834 cognita
1721 2773 1896 2828 erant,
1923 2765 2140 2833 scriptis
2169 2765 2220 2818 itt
2249 2779 2313 2818 co
2345 2764 2516 2817 locum
2551 2778 2943 2830 numerumque
2969 2765 3284 2831 assignavit.

390 2840 628 2895 Primum
673 2844 724 2895 in
765 2848 865 2896 hoc
899 2845 1078 2898 indice
1111 2846 1384 2908 volumen,
1417 2858 1626 2900 servata
1657 2849 1795 2901 serie
1823 2862 2000 2899 rerum
2033 2859 2328 2914 gestarum,
2369 2847 2438 2899 ita
2469 2851 2844 2914 componebat,
2879 2857 2935 2898 ut
2968 2847 3085 2914 ejus
3116 2846 3342 2900 fumium
3370 2847 3574 2900 faceret

314 2923 528 2994 eclogas
552 2926 619 2980 de
649 2927 1007 2996 legationibus
1038 2944 1064 2981 a
1100 2927 1300 2982 Davide
1333 2928 1642 2985 "(Bscllelio
1666 2932 1875 2995 editas;
1913 2933 2110 3000 quippe
2133 2947 2272 3000 quae,
2297 2947 2406 2985 uno
2427 2944 2654 2997 excepto
2684 2930 2997 2992 Menandro,
3031 2932 3097 2985 ad
3129 2941 3368 2998 tempora
3397 2930 3571 2984 Justi-

316 3005 482 3060 niano
510 3010 828 3078 imperante,
858 3008 1228 3079 Proc0pioque
1252 3012 1534 3080 scriptore,
1577 3015 1882 3082 antiquiora
1921 3023 2229 3084 spectarent
2266 3032 2278 3067 :
2315 3013 2666 3068 Menandrum
2704 3023 2882 3068 autem
2913 3016 2980 3067 ab
3018 3029 3082 3068 eo
3109 3024 3326 3083 prOpter
3351 3017 3570 3070 easdem

315 3090 556 3146 rationes
589 3093 689 3146 hoc
715 3094 832 3147 loco
870 3103 1134 3147 retentum
1161 3109 1282 3148 esse
1309 3096 1564 3158 arbitror,
1597 3113 1716 3165 qua:
1751 3101 1880 3152 milii
1908 3114 2118 3171 quoque
2142 3113 2209 3152 ne
2240 3113 2362 3151 eum
2397 3098 2518 3149 inde
2548 3097 2880 3149 dimoverem
2908 3106 3194 3150 suaserunt
3223 3115 3236 3150 :
3269 3097 3476 3150 scilicet
3515 3105 3571 3150 ιιι

317 3175 488 3228 nimia
524 3175 808 3230 voluminis
843 3177 1057 3231 exilitas
1083 3178 1366 3232 vitaretur.
1393 3179 1487 3233 Cui
1523 3181 1702 3248 potius
1739 3189 1985 3253 augendo
2011 3198 2132 3235 cum
2173 3196 2358 3233 curam
2391 3180 2697 3240 adhiberet,
2731 3177 2929 3230 factum
2975 3193 3094 3231 esse
3126 3193 3341 3242 censeo,
3371 3190 3426 3234 ut
3461 3196 3567 3232 non

315 3257 490 3322 solum
522 3259 756 3327 eclogas,
796 3275 930 3329 quas
961 3260 1187 3316 Pbotius
1213 3276 1277 3316 ex
1318 3261 1701 3331 Olympiodoro
1733 3266 2082 3335 Candidaque
2120 3274 2173 3319 et
2208 3262 2540 3332 Theophane
2572 3261 2920 3330 conscripsit,
2949 3261 3300 3330 subjungeret
3331 3281 3346 3326 ;
3381 3277 3565 3314 verum

311 3352 566 3410 excerpta
603 3353 816 3411 quoque
859 3345 1304 3399 Constantiniana
1360 3345 1426 3399 de
1469 3345 1828 3414 legationibus
1865 3368 1930 3405 ex
1968 3347 2397 3418 'l‘heopbylacto.
2443 3344 2566 3397 licet
2616 3348 2804 3398 eodem
2857 3356 3098 3414 tempore
3137 3346 3296 3416 hujus
3343 3345 3568 3399 historia

312 3421 520 3491 integra
551 3424 600 3476 in
631 3424 818 3480 eodem
850 3427 1213 3497 typograplteo
1245 3427 1408 3495 prelis
1441 3428 1680 3495 subjecta
1714 3443 1891 3499 esset;
1923 3447 2032 3490 tum
2070 3449 2199 3488 vero
2231 3431 2482 3501 llesychii
2509 3430 2827 3496 opusculum
2859 3430 2926 3484 de
2957 3431 3256 3500 originibus
3286 3429 3528 3501 Byzantii
3555 3449 3568 3492 ;

313 3505 550 3576 denique
579 3523 608 3562 e
641 3508 806 3563 Snida
843 3510 1062 3565 collecta
1094 3527 1212 3580 quae
1238 3511 1302 3565 ad
1333 3511 1638 3567 universam
1673 3515 1954 3572 historiam
1981 3519 2355 3589 Byzantinam,
2387 3515 2655 3583 publicam
2688 3515 2895 3581 pariter
2923 3523 3085 3582 atque
3113 3515 3570 3577 ecclesiasticam,

313 3591 591 3658 pertinere
622 3594 953 3646 viderentur.
979 3594 1186 3659 Quibus
1222 3596 1564 3663 compositis,
1591 3599 1823 3666 subjecit
1855 3603 2240 3657 diversissinue
2273 3599 2468 3653 indolis
2498 3597 2881 3650 annotatioues
2913 3598 2963 3650 in
2995 3599 3210 3663 eclogas
3241 3598 3308 3652 de
3346 3597 3572 3667 legatio-

315 3673 474 3727 nibus
508 3693 521 3727 :
564 3675 910 3728 admirandas
935 3676 1151 3730 llcurici
1186 3676 1406 3741 Valesii,
1435 3679 1534 3731 viri
1577 3694 1712 3746 pene
1751 3684 2066 3750 singularis,
2099 3694 2148 3737 et
2175 3683 2399 3736 stolidas
2428 3679 2737 3734 Cantoclari
2768 3695 2780 3729 :
2808 3690 2918 3732 ttttn
2947 3680 3010 3731 ad
3045 3695 3107 3733 ea
3135 3694 3254 3747 qua:
3283 3697 3344 3734 ex
3372 3679 3570 3733 Photio

311 3756 590 3826 descripta
639 3766 787 3820 sunt,
831 3773 957 3812 suas
997 3760 1166 3826 ipsius
1213 3763 1736 3828 commentationes;
1783 3766 2102 3832 prolixiores
2147 3767 2263 3819 illas
2305 3764 2520 3831 quidem
2557 3778 2717 3828 quam
2763 3762 2896 3813 satis
2942 3773 3104 3827 esset,
3146 3763 3238 3814 sed
3278 3763 3568 3814 admodum

312 3839 478 3892 utiles
518 3850 573 3891 et
607 3843 757 3894 bona:
796 3837 966 3908 frugis
1002 3841 1187 3908 plenas
1220 3860 1233 3894 :
1273 3844 1538 3896 universa:
1587 3855 1765 3897 autem
1809 3848 2110 3902 collectioni
2151 3844 2436 3916 praemisit,
2483 3844 2627 3908 quod
2673 3841 3039 3908 Pratrepticon
3076 3842 3373 3909 inscripsit,
3418 3843 3572 3896 valde

313 3920 628 3974 festinatum
660 3923 975 3991 opusculum
1003 3940 1016 3984 ;
1045 3938 1172 3991 quo,
1225 3937 1420 3992 praeter
1444 3935 1799 3993 conspectuin
1834 3943 1915 3996 opt

1968 3931 2031 3991 is,
2065 3930 2132 3983 de
2161 3945 2268 3996 quo
2289 3925 2542 3994 superius
2569 3923 2895 3976 mentionem
2935 3922 3059 3985 feci,
3097 3925 3375 3993 catalogus
3405 3927 3570 3992 impe-

311 4015 554 4057 ratorum
603 4006 1145 4075 patriarcltaruutque
1211 4009 1562 4071 continetur;
1596 4009 1778 4063 addito
1811 4011 1986 4066 indice
2013 4015 2076 4066 ad
2116 4013 2419 4066 litterarum
2461 4008 2709 4061 ordinem
2751 4007 3032 4074 disposito,
3074 4021 3180 4075 quo
3217 4007 3395 4061 cuncti
3435 4024 3571 4061 enu—

311 4099 592 4143 utet-antur
623 4106 854 4160 quorum
889 4093 954 4145 ad
990 4095 1128 4146 hanc
1155 4093 1394 4147 historiae
1423 4107 1628 4162 partem
1663 4098 1965 4164 spectantia
1996 4100 2219 4165 scripta,
2263 4104 2356 4148 aut
2391 4093 2582 4147 saltem
2620 4107 2805 4145 eorum
2845 4091 3103 4145 memoria
3134 4091 3403 4146 exstabat.

384 4173 495 4244 Ego
521 4190 670 4239 vero,
699 4191 819 4229 cum
853 4177 904 4229 iu
946 4191 1010 4230 eo
1043 4193 1127 4231 res
1160 4187 1304 4233 esset
1329 4188 1383 4230 ιιι
1415 4180 1580 4233 editio
1616 4179 1919 4235 Bonuensis
1949 4182 2167 4248 eclogas
2201 4183 2266 4233 de
2297 4177 2656 4244 legationibus
2688 4175 2991 4239 exhiberet,
3027 4176 3295 4243 quomodo
3320 4175 3371 4228 in
3409 4183 3571 4230 caete-

311 4261 409 4319 ris.
454 4277 573 4327 quae
613 4260 862 4315 Labbeus
897 4261 963 4315 iis
1003 4261 1271 4330 adjuuxit,
1309 4278 1558 4318 versarer
1607 4281 1711 4318 non
1758 4280 1948 4334 parum
1986 4263 2242 4318 harsitavi.
2287 4259 2474 4327 Neque
2497 4259 2651 4323 enim
2683 4259 2969 4311 immemor
3007 4273 3125 4311 sum
3166 4257 3570 4326 promissionis,

309 4359 416 4413 qua
447 4343 714 4398 Weberus
740 4359 860 4399 sese
889 4345 1180 4399 obstrinxit
1214 4362 1226 4396 :
1255 4347 1383 4399 nihil
1417 4363 1639 4413 prorsus
1661 4363 1728 4402 ex
1762 4349 1870 4410 bis,
1893 4363 2014 4418 qua:
2045 4349 2095 4399 in
2128 4347 2364 4400 editione
2401 4343 2647 4397 Parisiua
2673 4341 3038 4406 continentur,
3069 4342 3329 4400 omissum
3359 4341 3422 4394 iri
3455 4357 3468 4393 :
3500 4368 3573 4380 —

310 4427 454 4494 quod
486 4427 704 4494 quidem
732 4428 952 4481 minime
979 4431 1248 4490 obstabat,
1283 4445 1347 4481 ne
1375 4429 1624 4498 Ilcsycliii
1656 4433 1974 4498 opusculum
2007 4431 2224 4499 aptiori,
2252 4427 2364 4481 imo
2397 4426 2617 4495 proprio
2648 4439 2746 4477 suo
2806 4423 2924 4478 loco
2955 4433 3365 4489 reservaretur;
3403 4438 3466 4476 ac
3505 4438 3571 4477 ne

311 4509 632 4563 ornittendis
665 4511 879 4577 quidem
912 4512 1184 4579 escerptis
1217 4527 1284 4564 ex
1319 4509 1746 4580 Tacophylacto,
1779 4528 2010 4581 quantm
2051 4513 2194 4566 nulla
2229 4511 2452 4564 omnino
2493 4507 2700 4561 utilitas
2731 4515 2837 4571 est,
2870 4505 2972 4560 nisi
3013 4516 3071 4560 ut
3107 4505 3230 4560 inde
3285 4506 3448 4560 varia:
3495 4505 3573 4560 le-

315 4592 528 4645 ctiones
558 4593 624 4646 ad
654 4592 816 4646 crisin
856 4592 1049 4661 integri
1082 4595 1262 4659 operis
1298 4603 1569 4662 petantur.
1602 4597 1673 4650 De
1715 4597 1939 4662 reliquis
1976 4597 2026 4649 in
2069 4605 2355 4661 utramque
2406 4602 2612 4659 partem
2651 4588 2915 4654 disputari
2951 4595 3181 4657 poterat.
3222 4589 3476 4643 Attamen
3515 4589 3568 4642 in

317 4673 483 4727 Suida
517 4675 894 4744 perlustrando
918 4676 1030 4730 sive
1064 4676 1306 4731 Labbeus
1335 4678 1449 4730 sive
1487 4679 1647 4740 alius,
1677 4680 1760 4731 ctti
1807 4680 1947 4733 hunc
1980 4678 2224 4732 laborem
2254 4676 2620 4740 demandavit,
2661 4674 3125 4744 negligentissime
3153 4682 3400 4727 versatus
3443 4681 3568 4739 est;

317 4770 396 4825 ut,
435 4762 477 4814 si
523 4777 706 4816 revera
738 4778 856 4832 quze
892 4763 964 4818 ibi
1008 4763 1071 4816 ad
1116 4765 1396 4817 historiam
1423 4766 1780 4835 Byzantinam
1833 4761 2064 4831 reposita
2105 4769 2330 4823 exstant
2368 4758 2592 4812 collecta
2633 4758 2761 4810 dare
2804 4756 2972 4821 velis,
3027 4755 3179 4809 labor
3231 4756 3572 4809 adhibendus

315 4852 483 4907 esset,
513 4845 597 4898 cui
631 4845 986 4914 impertiendo
1011 4847 1113 4900 hoc
1136 4849 1351 4916 quidem
1405 4858 1646 4917 tempore
1679 4866 1852 4919 neque
1885 4846 2010 4900 mihi
2035 4847 2203 4897 otitmt
2237 4853 2323 4896 est
2359 4858 2530 4910 neque
2557 4843 2768 4902 amicis,
2795 4843 2883 4910 qui
2918 4856 3033 4894 mea
3069 4857 3232 4895 causa
3281 4842 3440 4892 etiam
3487 4841 3572 4892 in-

318 4939 530 5000 gratum
563 4932 840 5000 suscipere
871 4932 1043 5000 parati
1079 4943 1220 4985 sunt.
1261 4933 1332 4987 Ex
1371 4935 1454 4987 his
1486 4936 1671 4988 autent
1692 4952 1810 5002 quae
1846 4931 1983 5001 apud
2016 4927 2291 4981 Labheum
2322 4927 2548 4979 collecta
2581 4925 2831 4993 leguntur
2872 4941 2974 4976 non
3010 4938 3177 4992 pauca
3209 4921 3272 4974 ad
3305 4922 3564 4974 ecclesia-

317 5014 510 5068 sticam
545 5013 821 5068 historiam
849 5016 1123 5084 pertinent
1155 5030 1167 5067 :
1203 5031 1232 5069 e
1257 5016 1478 5084 reliquis
1502 5032 1836 5085 tllliL't'lllttltle
1868 5012 2085 5080 majoris
2113 5009 2367 5062 momenti
2392 5017 2516 5061 sunt
2539 5018 2630 5060 aut
2660 5008 2861 5061 diserte
2891 5009 2989 5071 sub
3041 5006 3268 5073 alicujus
3291 5019 3320 5058 e
3346 5004 3563 5066 seviris,

316 5112 545 5164 quorum
583 5097 838 5166 reliquias
862 5114 982 5152 cum
1009 5100 1245 5152 maxime
1269 5098 1502 5162 edimus,
1544 5099 1757 5152 nomine
1790 5097 2108 5157 alferuntur,
2142 5103 2232 5145 aut
2261 5095 2326 5144 ad
2364 5107 2531 5145 unum
2555 5107 2617 5145 ex
2653 5092 2716 5144 iis
2750 5091 2856 5157 jam
2889 5091 3000 5157 diu,
3029 5089 3330 5159 praesertim
3372 5087 3566 5143 Valesii

317 5180 591 5242 acumine,
626 5180 792 5234 relata
830 5191 974 5248 sunt,
1038 5192 1234 5235 caetera
1282 5182 1418 5236 levia
1455 5181 1566 5235 fere
1602 5183 1852 5234 videntur
1882 5198 1944 5234 ac
1994 5179 2143 5246 parvi
2185 5177 2362 5247 pretii.
2401 5176 2530 5241 Quae
2557 5191 2678 5229 cum
2712 5177 2779 5229 ita
2813 5177 2940 5240 sint,
2979 5176 3088 5239 illa,
3124 5186 3351 5242 quorum
3393 5173 3569 5240 primo

316 5263 434 5316 loco
467 5264 788 5318 mentionem
819 5266 942 5330 feci,
979 5279 1199 5334 prorsus
1223 5267 1491 5330 omittam,
1527 5281 1616 5330 ne,
1641 5268 1764 5320 dum
1803 5267 2082 5321 historiam
2121 5267 2543 5322 ecclesiasticam
2580 5267 2806 5335 attingo,
2838 5266 2888 5317 in
2922 5267 3246 5317 immensum
3279 5270 3565 5317 excrescat

315 5366 454 5419 opus
489 5350 598 5416 jam
625 5367 721 5419 per
750 5366 808 5406 se
851 5353 1011 5407 nimis
1056 5353 1334 5421 amplum:
1370 5384 1435 5393 —-
1467 5370 1526 5408 ea
1563 5370 1691 5409 vero
1731 5370 1847 5423 quin
1891 5356 2113 5410 Suidam
2159 5370 2221 5410 ex
2264 5355 2385 5409 aliis
2424 5353 2994 5408 Constantiuianarum
3041 5351 3346 5416 eclogarum
3394 5348 3562 5402 titulis

313 5435 616 5501 sinnpsisse
649 5446 896 5503 apparet,
918 5453 1058 5504 δαέρα
1085 5439 1478 5499 emendatiora,
1511 5438 1736 5507 adjectis
1770 5454 1872 5492 non
1908 5440 2042 5494 adeo
2066 5441 2250 5507 paucis
2280 5438 2517 5506 ejusdem
2550 5437 2786 5506 generis,
2817 5435 3066 5504 subjunxi
3113 5433 3355 5501 reliquiis
3383 5433 3564 5487 unius-

315 5515 579 5585 cujusque
613 5519 901 5586 scriptoris
934 5534 948 5569 :
985 5527 1184 5572 czetera
1225 5535 1368 5574 nunc
1395 5522 1608 5588 quidem
1642 5538 1744 5575 non
1777 5525 2026 5585 exhibeo,
2059 5537 2162 5573 non
2197 5529 2371 5572 tamen
2398 5528 2453 5572 ul.
2487 5518 2572 5571 illa
2610 5520 2660 5570 in
2688 5526 3001 5585 perpetuum
3036 5514 3342 5578 excludam,
3380 5515 3568 5568 sedeo

318 5601 548 5654 consilio
583 5610 660 5665 ut,
706 5602 751 5655 si
796 5600 1087 5669 aliquando
1137 5601 1308 5654 otium
1354 5602 1518 5656 fuerit
1566 5603 1746 5657 Suitla:
1787 5617 2042 5658 accurate
2085 5604 2417 5664 excutiendi,
2468 5613 2592 5654 tunc
2636 5601 2814 5669 atnplo
2861 5600 3198 5651 incremento
3243 5597 3561 5666 locupletala

317 5681 496 5735 omnia
529 5685 688 5738 simul
731 5697 1049 5751 proponam.
1075 5712 1142 5722 —
1170 5683 1478 5739 Cantoclari
1518 5689 1915 5752 annotationes,
1947 5701 2068 5755 qua:
2105 5685 2406 5738 versionem
2453 5683 2696 5735 Latinam
2731 5690 2998 5749 spectant,
3029 5681 3320 5746 aliquando
3346 5695 3562 5734 errores

319 5763 616 5834 corrigunt,
672 5781 806 5835 quos
846 5763 1134 5822 Classenus
1182 5767 1430 5834 sustulit;
1485 5784 1868 5838 nonnunquam
1905 5770 2055 5823 novis
2100 5767 2218 5823 illos
2261 5766 2578 5831 cumulant;
2625 5780 2740 5833 qtae
2774 5764 2838 5818 ad
2867 5763 3052 5820 Graeca
3085 5764 3414 5830 referuntur,
3454 5764 3566 5830 ple-
