4056 6210
445 362 548 434 607
1504 354 1901 416 EXCERPTA
1944 352 2040 411 DE
2079 348 2670 411 LEGATIONIBUS.
3578 345 3688 412 603

452 490 678 542 rumque
709 490 827 528 cum
869 472 1166 527 incredibili
1197 471 1497 542 ignorantia
1531 470 1878 538 conjunctam
1923 465 2278 520 stoliditatem
2313 463 2609 527 exhibent;
2651 459 2952 530 cuiusmodi
2992 460 3193 533 ﬂagitia
3235 477 3333 533 pro
3373 479 3490 520 mea
3528 477 3681 534 parte

453 571 753 629 propagare
778 555 926 609 nefas
962 555 1154 610 habeo.
1200 554 1510 622 Aliquando
1535 554 1751 623 quidem
1788 553 1841 606 iit
1879 551 1981 604 hoc
2016 545 2356 614 sterquilinio
2390 560 2476 599 res
2513 559 2622 598 non
2650 545 3082 629 contemnendas
3112 546 3396 614 invenias;
3435 548 3524 603 ubi
3551 550 3682 604 vitia

457 628 639 692 textus
673 636 1031 691 llcescheliani
1063 637 1403 705 conjicieudo
1433 646 1623 690 sanata
1661 645 1751 690 aut
1793 643 1941 689 certe
1972 630 2324 701 probabiliter
2349 637 2553 682 tentata
2579 639 2705 682 sunt
2742 645 2754 682 :
2783 643 2902 697 qute
2930 628 3199 684 hominem
3232 631 3450 686 absurdi
3485 633 3706 701 ingenit_

457 720 795 787 excogitasse
824 736 982 776 nemo
1012 722 1112 776 sibi
1149 720 1498 786 persuadebit
1529 736 1542 772 :
1581 733 1792 782 verum,
1824 717 2128 782 cuicunque
2157 711 2367 767 auctori
2405 711 2507 766 i5ta
2544 713 2829 777 debentur,
2859 727 3046 766 eorum
3082 713 3343 769 rationem
3380 715 3431 768 in
3463 717 3686 771 scholiis

455 802 662 856 criticis
703 801 772 854 ita
806 803 965 856 habui
995 812 1051 856 ιιι
1079 802 1407 858 Cautoclaro
1435 816 1533 869 pro
1575 801 1643 854 iis
1675 800 1935 853 honorem
1969 795 2306 850 exhiberem.
2339 825 2408 834 —
2453 794 2730 852 Labbeum
2761 796 3009 865 equidem
3042 797 3264 851 minime
3312 811 3509 866 sperno
3540 815 3554 849 :
3589 800 3684 854 sed

453 885 542 953 qui
575 884 688 951 ejus
713 883 1090 956 Protrepticon
1119 885 1322 954 jamdiu
1354 883 1613 938 oblivioni
1642 883 1896 936 traditum
1931 880 2125 933 iterum
2157 879 2207 931 iit
2248 878 2526 931 hominum
2558 879 2805 932 notitiam
2839 876 3094 948 proferet,
3125 879 3170 934 is
3203 878 3386 947 gloria:
3413 879 3514 934 viri
3548 882 3690 937 male

452 967 698 1020 consulet
726 983 741 1022 :
770 969 902 1024 adeo
927 984 1139 1034 manca,
1170 981 1406 1037 perstepe
1439 976 1620 1021 autem
1645 978 1893 1019 errorum
1921 961 2097 1033 plena,
2136 973 2265 1018 sunt
2291 976 2410 1030 quae
2435 962 2502 1016 de
2526 961 2883 1031 scriptoribus
2917 960 3076 1031 hujus
3111 962 3349 1017 historiae
3380 963 3584 1029 tradit,
3612 965 3686 1018 ita

453 1057 513 1101 ttt
536 1049 620 1102 vix
655 1049 749 1103 illo
779 1065 893 1105 aevo
924 1050 1053 1106 ferri
1090 1049 1384 1120 potuerint,
1416 1057 1539 1116 post
1580 1047 1884 1102 Fabricium
1923 1057 2082 1100 nemo
2117 1041 2276 1097 ferat.
2305 1040 2692 1110 lmperatorum
2723 1039 3125 1109 chronologiam
3169 1055 3314 1095 nunc
3343 1041 3424 1094 vel
3473 1043 3624 1107 pueri
3657 1057 3690 1097 e

450 1131 601 1185 libris
621 1135 820 1202 ultique
840 1134 1014 1189 obviis
1035 1145 1218 1202 petere
1236 1132 1709 1202 poterunt,saltem
1736 1145 1839 1183 non
1862 1128 2039 1182 minus
2065 1137 2378 1180 accuratam
2403 1142 2418 1190 ;
2439 1125 2506 1178 de
2549 1124 2899 1193 patriarcltis,
2917 1124 2962 1178 si
2988 1124 3073 1178 cui
3103 1139 3348 1193 quaerere
3371 1125 3524 1191 libet,
3546 1127 3686 1194 apud

450 1212 804 1281 Bandurium,
838 1217 992 1286 cujus
1039 1228 1323 1287 syutagma
1362 1217 1414 1269 itt
1463 1215 1565 1269 hoc
1605 1227 1833 1282 corpore
1859 1210 2114 1264 exhibere
2138 1224 2244 1263 nou
2289 1207 2644 1278 negligemus,
2671 1205 2912 1274 pleniora
2939 1207 3393 1275 accuratioraque
3428 1207 3686 1266 inveniet.

530 1310 657 1365 Haec
683 1311 980 1367 omittendo
1018 1314 1349 1381 emptoribus
1387 1327 1455 1366 eo
1479 1311 1654 1378 magis
1676 1307 2061 1363 consulendum
2089 1316 2209 1361 erat
2244 1306 2387 1375 quod
2415 1304 2582 1360 editio
2619 1314 2803 1360 nostra
2856 1303 3050 1372 amplis
3081 1305 3487 1360 accessionibus
3527 1315 3686 1360 ant-ta

454 1407 559 1449 est.
593 1394 802 1449 Etenim
835 1399 899 1450 ad
940 1397 1260 1464 Dexippum,
1297 1395 1594 1461 Eunapium
1632 1402 1685 1448 et
1723 1391 2074 1445 Menandrum
2117 1399 2372 1453 excerpta
2406 1389 2471 1442 de
2503 1389 2790 1443 sententiis
2823 1388 3110 1453 addebam,
3135 1402 3255 1456 quae
3280 1403 3311 1442 e
3337 1389 3688 1458 palimpsesto

463 1477 723 1531 Vaticano
749 1480 916 1533 edidit
945 1479 1019 1533 ill.
1048 1479 1248 1532 Maius:
1275 1487 1387 1531 tum
1422 1479 1744 1546 fragmenta,
1775 1493 1806 1530 e
1835 1472 1998 1528 Suida
2027 1473 2160 1537 fere,
2197 1481 2286 1525 aut
2306 1471 2416 1540 jam
2444 1470 2693 1534 collecta,
2729 1481 2819 1523 aut
2852 1470 3044 1525 saltem
3077 1471 3309 1525 indicata
3349 1489 3362 1525 :
3387 1471 3603 1534 deinde,
3633 1483 3690 1526 ιιι

459 1557 743 1614 Fabricius
772 1563 883 1613 lieri
910 1561 1095 1628 jussit,
1130 1561 1345 1630 eclogas
1375 1574 1405 1612 e
1433 1561 1690 1613 Nonttoso
1714 1558 1788 1628 (α)
1813 1573 1829 1621 ;
1853 1569 2016 1624 porro
2049 1553 2400 1624 panegyricos
2429 1553 2702 1607 Anastasii
2738 1568 2768 1606 a
2794 1550 3056 1623 Procopio
3086 1560 3140 1608 et
3167 1550 3447 1608 Prisciauo
3475 1553 3690 1619 dictos;

459 1644 692 1709 denique
717 1644 968 1708 iudicem,
1003 1659 1068 1697 ex
1097 1645 1343 1697 instituto
1371 1644 1513 1712 quod
1547 1644 1597 1696 in
1624 1641 1852 1711 Agathia
1877 1639 2087 1694 edendo
2116 1644 2335 1690 secutus
2361 1651 2501 1700 sum,
2531 1635 2819 1705 duplicem.

526 1727 646 1781 Jaut
664 1713 674 1731 ”
693 1743 820 1782 vero
857 1744 1015 1798 quam
1051 1730 1307 1798 praeclara
1345 1731 1454 1785 sint
1485 1745 1606 1799 quae
1637 1732 1689 1784 in
1730 1731 1920 1784 horum
1976 1725 2276 1780 sevirorum
2321 1723 2564 1790 reliquiis
2595 1724 2660 1776 ad
2699 1723 2942 1778 historia:
2984 1723 3346 1791 cognitionem
3399 1724 3691 1792 pertinent,

461 1820 663 1866 norunt
690 1815 918 1867 lectores
941 1812 1171 1868 Gibboni
1211 1833 1224 1868 :
1261 1828 1433 1883 neque
1460 1827 1588 1867 vero
1629 1813 1917 1881 quisquam
1950 1809 2067 1864 sani
2112 1807 2306 1874 iudicii
2345 1808 2431 1862 vir
2468 1808 2604 1862 adeo
2634 1807 2787 1862 unice
2817 1806 3012 1862 Atticis
3041 1807 3396 1862 delectabitur
3427 1817 3505 1872 ut,
3537 1809 3691 1860 verbi

460 1895 655 1962 gratia,
689 1893 859 1949 Prisci
907 1896 1270 1951 narrationem
1310 1897 1376 1950 de
1427 1895 1694 1963 legatione
1726 1893 1793 1949 ad
1829 1890 2048 1946 Attilam
2092 1889 2354 1948 fastidiat.
2409 1891 2591 1961 Itaque
2635 1891 2961 1960 scriptorum
3010 1891 3231 1945 honoris
3279 1904 3484 1955 causa,
3531 1891 3696 1944 simul

459 1987 637 2030 autem
662 1979 886 2032 ornandi
917 1980 1114 2047 operis,
1142 1980 1229 2032 cui
1268 1993 1462 2034 nomen
1493 1994 1672 2032 meum
1713 1976 2041 2047 praescripsi,
2072 1974 2400 2043 quaerebam,
2425 1975 2468 2029 si
2491 1975 2574 2030 cui
2617 1975 2813 2030 illustri
2851 1976 2902 2029 in
2930 1989 2986 2028 re
3014 1975 3203 2029 critica
3242 1975 3435 2028 artifici
3469 1990 3697 2039 persua-

459 2059 588 2113 dere
619 2076 852 2129 possent,
880 2070 940 2114 ιιι
982 2062 1100 2131 ejus
1142 2063 1329 2130 prima:
1369 2062 1539 2130 partis
1585 2061 1932 2115 recettsenda:
1961 2061 2260 2127 susciperet
2298 2057 2551 2112 omcium.
2580 2056 2733 2112 Tunc
2767 2057 2948 2112 subito
2989 2058 3153 2112 menti
3193 2058 3515 2112 occurrebat
3552 2055 3694 2110 Bek-

459 2140 646 2206 kcrus,
681 2158 782 2196 non
818 2143 994 2198 minus
1033 2153 1252 2215 propter
1279 2145 1574 2199 amicitiam
1606 2159 1709 2213 qua
1747 2152 2010 2204 tenemur,
2043 2157 2204 2211 quam
2231 2151 2452 2210 propter
2491 2141 2702 2194 unicam
2731 2141 2835 2194 vim
2871 2150 3032 2209 atque
3061 2141 3419 2204 celeritatem,
3443 2153 3606 2208 quam
3640 2140 3692 2190 in

460 2225 808 2279 recensendis
839 2225 1144 2281 Graecorum
1173 2229 1325 2283 libris
1347 2243 1468 2282 cum
1497 2227 1820 2282 eruditionis
1857 2225 2160 2295 ingeniique
2192 2226 2397 2280 lumine
2419 2225 2762 2295 coniunctam
2795 2225 3033 2279 exhibet.
3068 2227 3146 2279 Ac
3169 2227 3317 2278 cei-te
3341 2225 3388 2278 ei
3425 2223 3565 2276 laudi
3588 2237 3692 2291 qua

461 2304 758 2362 Politianus
793 2307 992 2364 loetntn
1029 2312 1285 2375 pictorem
1307 2323 1482 2377 ornat,
1511 2332 1530 2365 ι
1571 2312 1697 2368 Plus
1727 2312 1996 2366 neminem
2031 2309 2268 2379 potuisse
2290 2308 2511 2377 pingere
2544 2321 2642 2361 nec
2676 2307 2888 2371 melius,
2924 2326 2942 2357 ›
2973 2321 3154 2372 parem
3181 2306 3400 2360 omnino
3431 2304 3482 2358 itt
3508 2313 3693 2357 nostro

461 2390 767 2446 litterarum
798 2409 993 2463 genere
1021 2394 1260 2451 Bekkero
1289 2397 1627 2452 tribuendam
1653 2412 1794 2461 esse,
1823 2411 2000 2454 nemo,
2026 2393 2210 2457 credo,
2244 2391 2499 2459 ambiget.
2531 2387 2731 2459 Rogavi
2759 2404 2880 2443 eum
2920 2390 3099 2458 igitur,
3135 2389 3229 2443 sed
3259 2388 3472 2452 timide;
3499 2387 3697 2456 quippe

468 2489 572 2526 non
613 2476 830 2530 nescius
855 2491 979 2531 eum
1025 2480 1291 2535 hactenus
1329 2480 1543 2534 nonnisi
1586 2481 1794 2535 collatis
1838 2479 2113 2532 codicibus
2156 2474 2401 2529 innixum
2437 2475 2604 2529 libros
2641 2475 3006 2528 recensendos
3053 2474 3357 2542 suscepisse
3392 2491 3406 2533 ;
3437 2481 3490 2524 at
3525 2474 3576 2524 iu
3613 2473 3699 2526 his

465 2556 798 2626 legationum
830 2564 1100 2631 excerptis
1146 2565 1391 2617 codicum
1426 2564 1728 2617 subsidium
1765 2564 1955 2615 aderat
1990 2561 2232 2614 nullum:
2270 2575 2394 2613 nam
2430 2559 2805 2613 Monacenscut
2841 2560 2906 2611 ab
2948 2556 3252 2612 Hmsrhelio
3285 2557 3699 2610 accuratissime

464 2641 794 2710 exscriptunt
841 2659 963 2698 esse
995 2654 1228 2709 constat,
1260 2643 1503 2698 Vaticani
1533 2654 1712 2698 autem
1746 2645 1905 2698 variae
1947 2644 2202 2698 lectiones
2241 2642 2308 2696 ab
2356 2642 2432 2695 ill.
2468 2641 2606 2696 Maio
2652 2642 2874 2708 prolatae
2919 2656 3055 2709 pene
3099 2639 3404 2695 absolutum
3440 2654 3559 2693 cum
3603 2639 3698 2691 illo

465 2736 787 2777 consensum
833 2727 1101 2792 probant:
1133 2741 1306 2796 neque
1339 2726 1477 2780 ullus
1503 2739 1696 2796 praeter
1729 2729 1844 2788 hos,
1897 2726 2111 2780 sublato
2131 2741 2196 2781 ex
2227 2727 2509 2780 hominum
2561 2727 2753 2778 notitia
2789 2723 3104 2787 Scltottano,
3145 2736 3426 2792 superesse
3458 2723 3694 2775 videtur.

468 2802 595 2869 Sed,
615 2809 756 2872 quod
778 2809 990 2874 quidem
1018 2825 1381 2878 speraverant,
1403 2809 1615 2864 deflexit
1647 2809 1917 2863 Brkkertts
1949 2825 2063 2865 mea
2093 2824 2253 2867 causa
2285 2811 2350 2864 de
2387 2824 2533 2863 more
2560 2823 2696 2874 suo;
2729 2808 3073 2878 acceptisque
3111 2806 3502 2860 llaaschclianac
3533 2803 3699 2857 Maia-

467 2899 660 2954 naaque
713 2889 1007 2944 editionum
1054 2893 1335 2961 exemplis,
1361 2907 1591 2960 quorum
1618 2893 1842 2962 margini
1873 2894 2210 2957 roojecturas
2253 2894 2381 2946 mihi
2415 2901 2594 2955 natas,
2620 2889 2927 2960 Valesiique
2968 2890 3375 2945 emendatioues
3421 2889 3696 2955 ascripse-

467 2983 608 3034 runt,
644 2973 756 3039 ipse
804 2977 1074 3032 universis
1119 2979 1268 3032 hisce
1309 2978 1550 3046 reliquiis
1597 2977 1946 3029 emendandis
1988 2991 2047 3030 se
2095 2978 2259 3030 dedit.
2298 2976 2363 3029 Et
2404 2977 2545 3044 quod
2591 2976 2655 3028 ad
2699 2977 2818 3029 illas
2849 2977 3063 3044 quidem
3107 2976 3324 3036 attinet,
3373 2972 3699 3028 Parisiensis

467 3053 721 3108 editionis
748 3059 1042 3126 exemplar,
1079 3059 1406 3129 Maiatneque
1446 3059 1752 3128 eclogarum
1781 3060 1848 3112 de
1890 3061 2196 3128 sententiis,
2241 3062 2489 3131 plurimis
2530 3061 2664 3114 locis
2705 3069 2972 3124 correcta,
3022 3058 3264 3124 remisit;
3300 3072 3486 3112 verum
3524 3056 3597 3110 ita
3644 3063 3704 3108 ιιι

472 3137 702 3192 arbitrio
733 3155 850 3194 meo
886 3143 1212 3212 relinqueret
1236 3147 1280 3199 si
1311 3145 1438 3213 quid
1464 3145 1662 3198 addere
1692 3152 1786 3197 aut
1825 3153 2035 3198 mutare
2063 3144 2278 3197 vellem.
2312 3144 2428 3210 Quo
2456 3143 2707 3211 equidem
2743 3143 2974 3195 itausus
3003 3156 3142 3204 sum,
3171 3149 3229 3194 ut
3269 3140 3529 3208 plurimas
3564 3153 3703 3208 prmo

470 3226 658 3279 scrtim
689 3225 914 3282 Bcklteri
940 3234 1345 3288 ememlationes
1375 3248 1495 3302 qua:
1528 3234 1849 3287 certissima:
1877 3232 2190 3286 viderentur
2241 3233 2293 3285 in
2334 3231 2576 3285 ordinem
2611 3229 2877 3283 sermonis
2917 3227 3172 3282 inferrem
3203 3244 3216 3280 :
3251 3225 3504 3279 adderem
3535 3225 3700 3277 etiam

468 3309 694 3364 subinde
720 3328 837 3380 quae
867 3315 1060 3368 iterato
1090 3316 1342 3370 examine
1377 3318 1427 3368 itt
1462 3327 1693 3369 mentem
1735 3315 1868 3368 mihi
1902 3316 2148 3370 venirent
2182 3330 2195 3369 :
2229 3329 2293 3368 ex
2323 3316 2406 3368 ltis
2433 3323 2614 3367 autent
2645 3327 2763 3380 qua:
2789 3329 2815 3362 a
2849 3325 2930 3362 me
2955 3310 3223 3379 proposita
3253 3307 3514 3370 Bekkero,
3546 3305 3703 3374 cujus

469 3395 778 3448 auctoritati
804 3397 854 3449 in
879 3398 1144 3450 sermonis
1169 3399 1475 3468 cognitione
1499 3401 1699 3461 omnia,
1730 3399 1861 3452 mihi
1894 3397 2026 3452 nihil
2061 3399 2171 3450 fere
2205 3397 2406 3460 tribuo,
2435 3395 2773 3464 displicuisse
2810 3395 3073 3455 videbam,
3101 3393 3231 3445 nihil
3265 3391 3475 3454 reduxi,
3507 3401 3707 3457 pra-ter

470 3489 728 3541 perquam
753 3493 923 3546 pauca
951 3495 1070 3546 qua:
1097 3495 1161 3534 ex
1194 3481 1418 3534 historia
1458 3481 1802 3550 dijudiranda
1833 3491 2035 3535 essent.
2066 3481 2247 3550 Usque
2286 3482 2420 3534 adeo
2449 3491 2626 3533 autem
2658 3477 2898 3532 Bckkcro
2938 3475 3160 3546 obsequi
3197 3489 3440 3530 mearum
3470 3476 3706 3543 partium

467 3570 588 3607 esse
615 3558 764 3622 duxi,
795 3569 870 3622 ut,
901 3561 1113 3615 etiamsi
1142 3563 1371 3618 subinde
1400 3564 1717 3631 suspicabar
1737 3565 2063 3633 scriptorum
2093 3567 2268 3634 potius
2297 3564 2688 3633 vitia.quorum
2726 3577 2906 3618 sermo
2943 3559 3126 3616 szccnli
3158 3560 3238 3614 sui
3273 3559 3393 3612 labe
3419 3565 3708 3613 contactus

471 3645 640 3698 esset,
671 3651 830 3703 quam
867 3640 1170 3694 scribarum
1204 3642 1501 3710 spltalutata
1527 3644 1666 3708 tolli,
1696 3645 1977 3714 impudens
2007 3653 2188 3702 tamen
2221 3649 2350 3702 tnilti
2383 3649 2530 3702 visus
2556 3661 2752 3710 essent,
2787 3645 2829 3698 si
2864 3655 3052 3699 contra
3080 3659 3239 3713 quam
3280 3643 3371 3697 ille
3398 3641 3706 3705 statuisset,

468 3715 796 3775 deciderem.
826 3722 905 3776 Ad
937 3723 1038 3780 hoc
1068 3741 1236 3796 genus
1271 3727 1398 3781 illud
1436 3730 1690 3796 pertinet,
1722 3738 1782 3783 ut
1803 3729 2049 3799 exempla
2084 3730 2378 3800 proferam,
2409 3730 2551 3800 quod
2587 3743 2725 3799 saepe
2760 3744 2858 3799 pro
2899 3729 3100 3782 aoristo
3138 3726 3310 3795 primo
3347 3725 3590 3778 futurum
3621 3738 3708 3776 re-

468 3805 639 3869 ponit,
670 3816 780 3874 aut,
827 3810 917 3864 ubi
951 3814 1091 3880 apud
1133 3813 1402 3880 Priscum,
1461 3815 1748 3883 Malchuut,
1798 3815 2176 3882 Menandrum,
2236 3814 2500 3869 articulus
2541 3812 2906 3875 desideratur,
2955 3825 3116 3878 quem
3164 3819 3312 3863 certe
3363 3823 3466 3860 nou
3526 3808 3709 3860 minus

469 3889 698 3970 rationis
749 3908 910 3962 quam
962 3912 1107 3952 sanae
1153 3901 1559 3955 consuetudinis
1594 3901 1738 3970 leges
1784 3900 2050 3970 flagitant,
2087 3915 2208 3954 eum
2262 3899 2473 3962 inserit,
2503 3897 2585 3952 vel
2626 3911 2785 3951 casus
2831 3895 3080 3963 obliquos
3124 3893 3502 3960 pronominum
3536 3889 3621 3942 ὅδε
3654 3897 3708 3942 et

464 3961 620 4032 οὗτος
657 3989 779 4028 cttttt
828 3976 1019 4031 iisdem
1047 3981 1138 4048 qui
1176 3996 1204 4033 a
1233 3982 1440 4035 τοιόσδε
1465 3991 1519 4036 et
1554 3961 1794 4045 τοιξῦτος
1841 3961 2066 4037 formant

2106 3999 2166 4046 tr,
2208 3990 2398 4036 nttttat.
2443 3961 2975 4049 Chronographiam,
3018 3991 3182 4046 quam
3222 3976 3386 4030 editio
3429 3984 3614 4029 nostra
3653 3972 3708 4027 in

470 4055 713 4122 margine
753 4060 992 4126 exhibet,
1020 4064 1086 4116 ad
1114 4075 1368 4133 excerpta
1397 4067 1463 4120 de
1485 4066 1845 4134 legationibus
1882 4082 1984 4121 non
2017 4066 2117 4120 levi
2149 4065 2330 4120 labore
2359 4065 2752 4119 stabiliveram.

537 4142 630 4199 llis
652 4152 881 4215 peractis
906 4156 1192 4220 typOthetae
1222 4159 1508 4223 opustradi
1541 4167 1770 4226 poterat,
1804 4158 1902 4212 nisi
1933 4174 2156 4213 exosum
2184 4158 2445 4214 versionis
2478 4155 2685 4211 Latina:
2713 4171 2850 4211 onus
2879 4155 3235 4211 incumberet.
3267 4153 3419 4221 Quod
3452 4167 3572 4207 cum
3610 4153 3709 4208 de-

467 4227 666 4294 prllere
697 4249 800 4285 uno
848 4235 1058 4298 liceret,
1100 4236 1575 4303 Cautoclaranam,
1623 4257 1727 4309 qua
1769 4242 2006 4310 pejoreut
2048 4243 2247 4297 nullam
2276 4245 2326 4296 itt
2360 4244 2614 4296 universo
2654 4242 2755 4293 hoc
2786 4241 3091 4294 litterarum
3138 4251 3337 4308 genere
3385 4237 3613 4292 inveniri
3648 4239 3702 4293 in

471 4313 659 4382 \‘ttlgus
692 4327 877 4370 ttotmn
907 4330 1020 4385 est,
1051 4321 1169 4376 sine
1196 4325 1376 4391 operis
1400 4324 1663 4378 dedecore
1687 4325 1945 4379 intactam
1974 4328 2179 4380 servari
2207 4343 2311 4380 non
2346 4340 2502 4396 posse
2536 4322 2828 4392 apparebat
2866 4341 2878 4377 :
2913 4337 3100 4376 verum
3130 4322 3220 4391 qui
3253 4334 3312 4375 se
3338 4321 3547 4392 ingrato
3576 4336 3706 4375 cor—

469 4400 676 4467 rigendi
717 4402 886 4457 labori
916 4404 1086 4470 daret,
1125 4407 1463 4462 inveniebam
1490 4407 1760 4462 nemiuem
1789 4427 1802 4470 ;
1840 4411 1938 4463 nisi
1980 4409 2262 4470 Classeuo,
2297 4420 2606 4474 quanquam
2637 4404 2909 4457 continuis
2944 4401 3390 4470 occupationibus
3421 4401 3704 4470 implicito,

467 4484 658 4549 pictas,
690 4501 791 4553 qua
825 4501 909 4541 me
935 4490 1176 4556 parentis
1207 4490 1326 4545 loco
1353 4490 1500 4555 colit,
1534 4491 1911 4559 persuasisset.
1938 4491 1992 4545 ltt
2022 4506 2129 4560 quo
2160 4491 2377 4557 negotio
2412 4496 2672 4558 quantum
2707 4487 2847 4541 taedii
2873 4484 3301 4540 exhauriendum
3333 4483 3517 4545 fuerit,
3541 4498 3708 4538 nemo

469 4565 570 4617 nisi
605 4579 860 4633 expertus
897 4570 1078 4625 animo
1110 4573 1419 4642 concipiet:
1455 4573 1582 4627 illttd
1609 4584 1788 4628 autem
1827 4576 2265 4630 molestissimum
2304 4581 2443 4633 erat.
2479 4571 2620 4640 quod
2651 4570 2883 4625 sublatis
2925 4568 3225 4623 innumeris
3251 4567 3399 4622 vitiis
3430 4576 3610 4621 tamen
3648 4568 3701 4621 id

467 4648 638 4699 solum
667 4651 850 4715 perlici
896 4663 1102 4722 poterat
1132 4667 1244 4709 uta
1273 4654 1588 4710 fredissimis
1623 4655 1871 4711 sordibus
1898 4657 2221 4711 liberaretur
2251 4655 2424 4709 oratio
2458 4671 2471 4708 :
2511 4655 2560 4709 id
2596 4656 2841 4715 minime,
2880 4663 2939 4707 ut
2970 4651 3194 4721 pulchra
3231 4652 3405 4717 fieret,
3439 4660 3704 4720 grataque

469 4729 790 4796 legentibus.
831 4731 969 4788 Idem
995 4736 1284 4793 Classenus
1314 4753 1467 4793 mens
1498 4738 1803 4808 complures
1839 4741 2094 4806 prazclare
2125 4739 2458 4809 excogitatas
2487 4737 2895 4792 emendationcs
2928 4735 3325 4804 suppeditavit;
3363 4734 3698 4803 singulorum

466 4815 792 4879 scriptorum
825 4818 1064 4889 reliquiis
1087 4831 1401 4890 argumenta
1433 4823 1659 4885 addidit,
1685 4823 2172 4892 chronograpltiam
2209 4821 2479 4892 excerptis
2510 4820 2576 4873 de
2602 4820 2887 4874 sententiis
2919 4834 2986 4872 ex
3020 4818 3259 4887 Eunapio
3283 4827 3337 4871 et
3362 4814 3656 4870 Menandro
3687 4831 3701 4879 ;

469 4897 798 4967 iudicesque.
834 4901 884 4956 in
915 4918 1052 4972 quos
1087 4905 1430 4959 utilissimum
1467 4907 1705 4961 laborem
1736 4907 2048 4975 insumpsit,
2086 4904 2354 4969 confecit;
2387 4915 2444 4958 ut
2483 4904 2686 4958 leviora
2733 4901 2836 4956 alia
2872 4901 3140 4965 omittam,
3179 4915 3298 4969 quae
3325 4900 3378 4954 in
3418 4900 3519 4953 hoc
3551 4897 3706 4951 volu-

469 4997 588 5035 men
619 4986 866 5039 contulit.
898 4987 1026 5053 Quze
1051 4987 1415 5044 consideranti
1455 4990 1737 5058 apparebit
1766 4988 1920 5057 longe
1946 4989 2386 5056 Operosissitnum
2419 4986 2534 5055 ejus
2559 4988 2608 5041 itt
2637 5000 2700 5040 eo
2728 4984 2973 5040 ornando
3014 4983 3178 5038 fuisse
3207 4983 3462 5036 laborem.

541 5093 798 5160 Superest
833 5105 890 5148 ιιι
919 5097 986 5151 de
1023 5093 1360 5167 pahegyricis
1400 5098 1684 5152 Anastasio
1734 5097 1920 5159 dictis,
1959 5110 2096 5165 quos
2143 5106 2418 5165 postremo
2456 5097 2573 5151 loco
2613 5093 2806 5164 adjeci,
2847 5109 2964 5161 qua:
2997 5093 3098 5148 huc
3136 5093 3412 5161 pertinent
3452 5091 3702 5146 doceam.

463 5174 722 5232 Oratione
744 5177 990 5246 Proc0pii
1018 5179 1196 5235 Gazmi
1217 5183 1289 5249 (ὑ)
1324 5181 1545 5250 reliquis
1579 5182 1944 5236 monumentis
1975 5195 2092 5245 quae
2125 5179 2210 5233 ltic
2243 5179 2462 5233 collecta
2489 5187 2703 5232 exstant
2724 5177 3085 5250 adjtntgcttda,
3111 5175 3447 5230 eruditorum
3477 5173 3706 5244 gratiam

473 5276 558 5314 tne
586 5263 848 5316 meruisse
875 5245 1021 5317 certe
1051 5267 1183 5325 scio,
1209 5245 1297 5333 qui
1328 5245 1457 5318 caui
1473 5265 1640 5318 semel
1669 5274 1876 5316 tantum
1905 5265 1954 5316 itt
1985 5262 2294 5318 Villuisonis
2328 5263 2712 5316 anecdotorutn
2744 5245 3062 5315 collectione
3089 5260 3288 5314 editam
3311 5272 3433 5314 esse
3464 5265 3662 5311 norunt
3691 5273 3706 5308 :

465 5355 662 5410 quotus
697 5347 840 5399 enim
872 5346 1101 5417 quisque
1153 5349 1204 5401 itt
1240 5347 1525 5402 Germania
1566 5347 1707 5400 illam
1744 5347 2028 5414 possidet?
2062 5345 2174 5399 Mea
2207 5361 2368 5415 opera
2399 5347 2451 5398 in
2492 5343 2634 5397 illius
2669 5342 2990 5411 repetitione
3033 5355 3141 5395 non
3185 5339 3394 5410 l‘oitgitts
3434 5335 3706 5407 processit

467 5443 629 5494 quam
663 5438 721 5482 ut
759 5429 990 5485 subinde
1015 5431 1216 5486 codicis
1247 5430 1533 5485 lectionem
1565 5446 1594 5484 a
1628 5430 1742 5485 viro
1771 5431 1988 5500 egregio
2024 5430 2313 5484 Villuisone
2344 5428 2684 5480 immutatam
2717 5441 3028 5480 revocarent
3063 5441 3075 5475 :
3111 5425 3361 5480 versione
3397 5422 3586 5484 latina,
3620 5435 3711 5472 ar-

527 5569 600 5625 iu)
626 5571 871 5631 Excerpta
900 5571 963 5619 de
991 5570 1257 5620 sententiis
1284 5570 1518 5631 Dexippi,
1543 5567 1752 5630 Eunapii
1781 5574 1833 5617 et
1856 5567 2133 5625 Menandri,
2160 5568 2357 5628 eclogas
2379 5578 2408 5614 e
2430 5563 2678 5624 Nounoso,
2714 5564 2988 5624 fragmenta
3035 5576 3098 5616 ex
3125 5561 3294 5622 Sulda,
3316 5566 3371 5613 ut
3395 5560 3455 5612 ab
3480 5558 3713 5611 instituto

468 5645 497 5680 ιι
519 5639 571 5692 ut
583 5645 635 5678 ro
655 5631 1119 5692 aliena,omisimtts.
1151 5634 1284 5682 lion.
1309 5635 1452 5681 Pun.

529 5690 598 5757 (ὁ)
625 5693 792 5742 Exstat
817 5685 942 5756 apud
971 5708 1056 5744 nos
1085 5698 1214 5744 inter
1237 5707 1387 5756 opera
1415 5691 1566 5753 ipsius
1591 5692 1836 5755 Procopii,
1865 5692 1982 5742 tomi
2007 5690 2259 5742 LXXXVII
2285 5697 2422 5751 parte
2447 5701 2515 5747 tu,
2538 5688 2629 5739 col.
2657 5687 2798 5738 2795.
2823 5685 2891 5735 In.
