  <div class='ocr_page' id='page_1' title='image "/cluster/home/n/w/nwhite01/storage/ocr_20150623/113/hvd.32044073502270/308.png"; bbox 0 0 2028 3105; ppageno 0'>
   <div class='ocr_carea' id='block_1_1' title="bbox 51 2309 78 2399">
    <p class='ocr_par' dir='ltr' id='par_1_1' title="bbox 57 2309 74 2352">
     <span class='ocr_line' id='line_1_1' title="bbox 57 2309 74 2352; baseline 0 0"><span class='ocrx_word' id='word_1_1' title='bbox 57 2309 74 2352; x_wconf 66' lang='grc' dir='ltr'>ξ</span> 
     </span>
    </p>
   </div>
   <div class='ocr_carea' id='block_1_2' title="bbox 182 130 1805 166">
    <p class='ocr_par' dir='ltr' id='par_1_2' title="bbox 182 130 1805 166">
     <span class='ocr_line' id='line_1_2' title="bbox 182 130 1805 166; baseline 0.005 -9"><span class='ocrx_word' id='word_1_2' title='bbox 182 130 236 163; x_wconf 73' lang='grc' dir='ltr'><strong>θος)</strong></span> <span class='ocrx_word' id='word_1_3' title='bbox 882 130 1088 161; x_wconf 68' lang='grc' dir='ltr'><strong>ΡΒΑΞΕΑΤΙΟ.</strong></span> <span class='ocrx_word' id='word_1_4' title='bbox 1753 132 1805 166; x_wconf 78' lang='lat'><strong>610</strong></span> 
     </span>
    </p>
   </div>
   <div class='ocr_carea' id='block_1_3' title="bbox 185 182 1804 221">
    <p class='ocr_par' dir='ltr' id='par_1_3' title="bbox 185 182 1804 221">
     <span class='ocr_line' id='line_1_3' title="bbox 185 182 1804 221; baseline 0.002 -10"><span class='ocrx_word' id='word_1_5' title='bbox 185 186 371 220; x_wconf 79' lang='lat' dir='ltr'><strong>gumentoque</strong></span> <span class='ocrx_word' id='word_1_6' title='bbox 386 189 444 210; x_wconf 90' lang='lat' dir='ltr'><strong>eam</strong></span> <span class='ocrx_word' id='word_1_7' title='bbox 472 182 598 210; x_wconf 81' lang='lat' dir='ltr'><strong>instruxit</strong></span> <span class='ocrx_word' id='word_1_8' title='bbox 612 189 626 209; x_wconf 85' lang='lat' dir='ltr'><strong>a</strong></span> <span class='ocrx_word' id='word_1_9' title='bbox 639 190 681 210; x_wconf 89' lang='lat' dir='ltr'><strong>me</strong></span> <span class='ocrx_word' id='word_1_10' title='bbox 697 186 806 218; x_wconf 73' lang='lat' dir='ltr'><strong>rogatus</strong></span> <span class='ocrx_word' id='word_1_11' title='bbox 821 182 917 209; x_wconf 84' lang='lat' dir='ltr'><strong>Franc.</strong></span> <span class='ocrx_word' id='word_1_12' title='bbox 937 183 1065 215; x_wconf 74' lang='lat' dir='ltr'><strong>llittertts,</strong></span> <span class='ocrx_word' id='word_1_13' title='bbox 1081 183 1150 212; x_wconf 84' lang='lat' dir='ltr'><strong>Phil.</strong></span> <span class='ocrx_word' id='word_1_14' title='bbox 1172 184 1201 212; x_wconf 89' lang='lat' dir='ltr'><strong>D.</strong></span> <span class='ocrx_word' id='word_1_15' title='bbox 1220 185 1264 219; x_wconf 89' lang='lat' dir='ltr'><strong>qni</strong></span> <span class='ocrx_word' id='word_1_16' title='bbox 1282 184 1437 219; x_wconf 87' lang='lat' dir='ltr'><strong>nuperrime</strong></span> <span class='ocrx_word' id='word_1_17' title='bbox 1451 191 1561 219; x_wconf 83' lang='lat' dir='ltr'><strong>operam</strong></span> <span class='ocrx_word' id='word_1_18' title='bbox 1578 191 1653 212; x_wconf 86' lang='lat' dir='ltr'><strong>suam</strong></span> <span class='ocrx_word' id='word_1_19' title='bbox 1670 186 1703 212; x_wconf 89' lang='lat' dir='ltr'><strong>ad</strong></span> <span class='ocrx_word' id='word_1_20' title='bbox 1719 189 1804 221; x_wconf 75' lang='lat' dir='ltr'><strong>expli-</strong></span> 
     </span>
    </p>
   </div>
   <div class='ocr_carea' id='block_1_4' title="bbox 181 224 1802 261">
    <p class='ocr_par' dir='ltr' id='par_1_4' title="bbox 181 224 1802 261">
     <span class='ocr_line' id='line_1_4' title="bbox 181 224 1802 261; baseline 0.001 -8"><span class='ocrx_word' id='word_1_21' title='bbox 181 227 284 254; x_wconf 85' lang='lat' dir='ltr'><strong>candas</strong></span> <span class='ocrx_word' id='word_1_22' title='bbox 299 226 327 252; x_wconf 88' lang='lat' dir='ltr'><strong>irt</strong></span> <span class='ocrx_word' id='word_1_23' title='bbox 344 225 392 252; x_wconf 88' lang='lat' dir='ltr'><strong>liae</strong></span> <span class='ocrx_word' id='word_1_24' title='bbox 408 225 559 252; x_wconf 91' lang='lat' dir='ltr'><strong>litterarum</strong></span> <span class='ocrx_word' id='word_1_25' title='bbox 576 226 751 252; x_wconf 85' lang='lat' dir='ltr'><strong>universitate</strong></span> <span class='ocrx_word' id='word_1_26' title='bbox 771 224 929 259; x_wconf 87' lang='lat' dir='ltr'><strong>disciplinas</strong></span> <span class='ocrx_word' id='word_1_27' title='bbox 952 224 1129 259; x_wconf 74' lang='lat' dir='ltr'><strong>philologicas</strong></span> <span class='ocrx_word' id='word_1_28' title='bbox 1142 225 1261 259; x_wconf 81' lang='lat' dir='ltr'><strong>profiteri</strong></span> <span class='ocrx_word' id='word_1_29' title='bbox 1279 226 1385 253; x_wconf 92' lang='lat' dir='ltr'><strong>statuit.</strong></span> <span class='ocrx_word' id='word_1_30' title='bbox 1404 225 1524 253; x_wconf 79' lang='lat' dir='ltr'><strong>Hditoris</strong></span> <span class='ocrx_word' id='word_1_31' title='bbox 1537 227 1729 254; x_wconf 85' lang='lat' dir='ltr'><strong>anootationes</strong></span> <span class='ocrx_word' id='word_1_32' title='bbox 1741 236 1802 261; x_wconf 74' lang='lat' dir='ltr'><strong>qua:</strong></span> 
     </span>
    </p>
   </div>
   <div class='ocr_carea' id='block_1_5' title="bbox 181 265 1805 302">
    <p class='ocr_par' dir='ltr' id='par_1_5' title="bbox 181 265 1805 302">
     <span class='ocr_line' id='line_1_5' title="bbox 181 265 1805 302; baseline 0 -7"><span class='ocrx_word' id='word_1_33' title='bbox 181 269 214 296; x_wconf 86' lang='lat' dir='ltr'><strong>ad</strong></span> <span class='ocrx_word' id='word_1_34' title='bbox 228 267 401 300; x_wconf 76' lang='lat' dir='ltr'><strong>explicandas</strong></span> <span class='ocrx_word' id='word_1_35' title='bbox 419 273 462 293; x_wconf 91' lang='lat' dir='ltr'><strong>res</strong></span> <span class='ocrx_word' id='word_1_36' title='bbox 479 266 615 293; x_wconf 70' lang='lat' dir='ltr'><strong>Anastasii</strong></span> <span class='ocrx_word' id='word_1_37' title='bbox 632 272 734 293; x_wconf 91' lang='lat' dir='ltr'><strong>tantum</strong></span> <span class='ocrx_word' id='word_1_38' title='bbox 750 266 902 299; x_wconf 84' lang='lat' dir='ltr'><strong>conferunt,</strong></span> <span class='ocrx_word' id='word_1_39' title='bbox 922 270 950 293; x_wconf 91' lang='grc' dir='ltr'><strong>ιιι</strong></span> <span class='ocrx_word' id='word_1_40' title='bbox 965 266 1005 293; x_wconf 83' lang='lat' dir='ltr'><strong>vel</strong></span> <span class='ocrx_word' id='word_1_41' title='bbox 1019 267 1051 292; x_wconf 83' lang='lat' dir='ltr'><strong>ad</strong></span> <span class='ocrx_word' id='word_1_42' title='bbox 1069 265 1195 292; x_wconf 89' lang='lat' dir='ltr'><strong>Latinum</strong></span> <span class='ocrx_word' id='word_1_43' title='bbox 1212 266 1406 301; x_wconf 77' lang='lat' dir='ltr'><strong>Panegyricum</strong></span> <span class='ocrx_word' id='word_1_44' title='bbox 1427 268 1659 302; x_wconf 89' lang='lat' dir='ltr'><strong>interpretandrrm</strong></span> <span class='ocrx_word' id='word_1_45' title='bbox 1674 271 1805 302; x_wconf 85' lang='lat' dir='ltr'><strong>quodam-</strong></span> 
     </span>
    </p>
   </div>
   <div class='ocr_carea' id='block_1_6' title="bbox 184 307 1803 344">
    <p class='ocr_par' dir='ltr' id='par_1_6' title="bbox 184 307 1803 344">
     <span class='ocr_line' id='line_1_6' title="bbox 184 307 1803 344; baseline 0.001 -8"><span class='ocrx_word' id='word_1_46' title='bbox 184 309 265 337; x_wconf 88' lang='lat' dir='ltr'><strong>tnodo</strong></span> <span class='ocrx_word' id='word_1_47' title='bbox 280 307 406 335; x_wconf 84' lang='lat' dir='ltr'><strong>sullicere</strong></span> <span class='ocrx_word' id='word_1_48' title='bbox 417 307 533 342; x_wconf 83' lang='lat' dir='ltr'><strong>possint,</strong></span> <span class='ocrx_word' id='word_1_49' title='bbox 561 307 617 334; x_wconf 90' lang='lat' dir='ltr'><strong>fere</strong></span> <span class='ocrx_word' id='word_1_50' title='bbox 633 308 753 342; x_wconf 73' lang='lat' dir='ltr'><strong>integras</strong></span> <span class='ocrx_word' id='word_1_51' title='bbox 773 308 867 342; x_wconf 85' lang='lat' dir='ltr'><strong>repetii</strong></span> <span class='ocrx_word' id='word_1_52' title='bbox 882 315 889 334; x_wconf 89' lang='lat'>:</span> <span class='ocrx_word' id='word_1_53' title='bbox 906 315 959 342; x_wconf 92' lang='lat' dir='ltr'><strong>qtto</strong></span> <span class='ocrx_word' id='word_1_54' title='bbox 971 307 1086 334; x_wconf 87' lang='lat' dir='ltr'><strong>consilio</strong></span> <span class='ocrx_word' id='word_1_55' title='bbox 1105 308 1192 335; x_wconf 77' lang='lat' dir='ltr'><strong>hortos</strong></span> <span class='ocrx_word' id='word_1_56' title='bbox 1208 308 1323 335; x_wconf 88' lang='lat' dir='ltr'><strong>habettrr</strong></span> <span class='ocrx_word' id='word_1_57' title='bbox 1339 309 1463 336; x_wconf 86' lang='lat' dir='ltr'><strong>manibus</strong></span> <span class='ocrx_word' id='word_1_58' title='bbox 1485 308 1637 336; x_wconf 87' lang='lat' dir='ltr'><strong>Villoisonis</strong></span> <span class='ocrx_word' id='word_1_59' title='bbox 1652 317 1659 335; x_wconf 91' lang='lat'><strong>:</strong></span> <span class='ocrx_word' id='word_1_60' title='bbox 1678 317 1764 344; x_wconf 87' lang='lat' dir='ltr'><strong>neque</strong></span> <span class='ocrx_word' id='word_1_61' title='bbox 1778 310 1803 336; x_wconf 89' lang='lat' dir='ltr'><strong>ei</strong></span> 
     </span>
    </p>
   </div>
   <div class='ocr_carea' id='block_1_7' title="bbox 184 349 1802 384">
    <p class='ocr_par' dir='ltr' id='par_1_7' title="bbox 184 349 1802 384">
     <span class='ocr_line' id='line_1_7' title="bbox 184 349 1802 384; baseline -0.002 -6"><span class='ocrx_word' id='word_1_62' title='bbox 184 352 293 378; x_wconf 82' lang='lat' dir='ltr'><strong>aliunde</strong></span> <span class='ocrx_word' id='word_1_63' title='bbox 309 350 361 376; x_wconf 89' lang='lat' dir='ltr'><strong>ulla</strong></span> <span class='ocrx_word' id='word_1_64' title='bbox 383 350 508 376; x_wconf 78' lang='lat' dir='ltr'><strong>obstabat</strong></span> <span class='ocrx_word' id='word_1_65' title='bbox 524 350 603 381; x_wconf 82' lang='lat' dir='ltr'><strong>ratio,</strong></span> <span class='ocrx_word' id='word_1_66' title='bbox 617 350 759 376; x_wconf 79' lang='lat' dir='ltr'><strong>exstinctis</strong></span> <span class='ocrx_word' id='word_1_67' title='bbox 777 350 876 376; x_wconf 88' lang='lat' dir='ltr'><strong>dttdrrm</strong></span> <span class='ocrx_word' id='word_1_68' title='bbox 894 354 920 376; x_wconf 89' lang='lat' dir='ltr'><strong>et</strong></span> <span class='ocrx_word' id='word_1_69' title='bbox 938 349 1072 383; x_wconf 72' lang='lat' dir='ltr'><strong>scriptore</strong></span> <span class='ocrx_word' id='word_1_70' title='bbox 1086 354 1112 375; x_wconf 83' lang='lat' dir='ltr'><strong>et</strong></span> <span class='ocrx_word' id='word_1_71' title='bbox 1130 349 1346 382; x_wconf 84' lang='lat' dir='ltr'><strong>bibliopolarrnn,</strong></span> <span class='ocrx_word' id='word_1_72' title='bbox 1359 356 1472 382; x_wconf 92' lang='lat' dir='ltr'><strong>quortrm</strong></span> <span class='ocrx_word' id='word_1_73' title='bbox 1492 350 1646 384; x_wconf 81' lang='lat' dir='ltr'><strong>sumptibus</strong></span> <span class='ocrx_word' id='word_1_74' title='bbox 1666 351 1802 376; x_wconf 84' lang='lat' dir='ltr'><strong>Artecdota</strong></span> 
     </span>
    </p>
   </div>
   <div class='ocr_carea' id='block_1_8' title="bbox 182 392 1803 427">
    <p class='ocr_par' dir='ltr' id='par_1_8' title="bbox 182 392 1803 427">
     <span class='ocr_line' id='line_1_8' title="bbox 182 392 1803 427; baseline -0.002 -5"><span class='ocrx_word' id='word_1_75' title='bbox 182 397 254 422; x_wconf 89' lang='lat' dir='ltr'><strong>edita</strong></span> <span class='ocrx_word' id='word_1_76' title='bbox 270 399 342 425; x_wconf 82' lang='lat' dir='ltr'><strong>sunt,</strong></span> <span class='ocrx_word' id='word_1_77' title='bbox 357 393 477 427; x_wconf 71' lang='lat' dir='ltr'><strong>nt‘golio.</strong></span> <span class='ocrx_word' id='word_1_78' title='bbox 494 392 594 419; x_wconf 87' lang='lat' dir='ltr'><strong>Contra</strong></span> <span class='ocrx_word' id='word_1_79' title='bbox 608 398 698 419; x_wconf 84' lang='lat' dir='ltr'><strong>autem</strong></span> <span class='ocrx_word' id='word_1_80' title='bbox 716 393 826 419; x_wconf 89' lang='lat' dir='ltr'><strong>minime</strong></span> <span class='ocrx_word' id='word_1_81' title='bbox 838 393 919 419; x_wconf 85' lang='lat' dir='ltr'><strong>licere</strong></span> <span class='ocrx_word' id='word_1_82' title='bbox 932 394 1018 420; x_wconf 86' lang='lat' dir='ltr'><strong>visum</strong></span> <span class='ocrx_word' id='word_1_83' title='bbox 1034 395 1074 418; x_wconf 84' lang='lat' dir='ltr'><strong>est</strong></span> <span class='ocrx_word' id='word_1_84' title='bbox 1093 392 1119 418; x_wconf 89' lang='lat' dir='ltr'><strong>irt</strong></span> <span class='ocrx_word' id='word_1_85' title='bbox 1137 399 1202 417; x_wconf 76' lang='lat' dir='ltr'><strong>mete</strong></span> <span class='ocrx_word' id='word_1_86' title='bbox 1217 392 1342 418; x_wconf 73' lang='lat' dir='ltr'><strong>editionis</strong></span> <span class='ocrx_word' id='word_1_87' title='bbox 1356 397 1544 418; x_wconf 75' lang='lat' dir='ltr'><strong>ornamentum</strong></span> <span class='ocrx_word' id='word_1_88' title='bbox 1561 398 1729 423; x_wconf 76' lang='lat' dir='ltr'><strong>convertere,</strong></span> <span class='ocrx_word' id='word_1_89' title='bbox 1744 399 1803 425; x_wconf 70' lang='lat' dir='ltr'><strong>ane</strong></span> 
     </span>
    </p>
   </div>
   <div class='ocr_carea' id='block_1_9' title="bbox 183 434 1802 470">
    <p class='ocr_par' dir='ltr' id='par_1_9' title="bbox 183 434 1802 470">
     <span class='ocr_line' id='line_1_9' title="bbox 183 434 1802 470; baseline -0.001 -6"><span class='ocrx_word' id='word_1_90' title='bbox 183 437 220 464; x_wconf 91' lang='lat' dir='ltr'><strong>ill.</strong></span> <span class='ocrx_word' id='word_1_91' title='bbox 235 436 321 462; x_wconf 82' lang='lat' dir='ltr'><strong>Maius</strong></span> <span class='ocrx_word' id='word_1_92' title='bbox 334 436 366 461; x_wconf 89' lang='lat' dir='ltr'><strong>ad</strong></span> <span class='ocrx_word' id='word_1_93' title='bbox 381 435 498 468; x_wconf 78' lang='lat' dir='ltr'><strong>eclogas,</strong></span> <span class='ocrx_word' id='word_1_94' title='bbox 518 439 563 459; x_wconf 88' lang='lat' dir='ltr'><strong>attt</strong></span> <span class='ocrx_word' id='word_1_95' title='bbox 582 434 738 466; x_wconf 85' lang='lat' dir='ltr'><strong>Entllicher,</strong></span> <span class='ocrx_word' id='word_1_96' title='bbox 763 442 787 460; x_wconf 59' lang='grc' dir='ltr'><strong>ιλ.</strong></span> <span class='ocrx_word' id='word_1_97' title='bbox 805 434 850 465; x_wconf 88' lang='lat' dir='ltr'><strong>cl.,</strong></span> <span class='ocrx_word' id='word_1_98' title='bbox 871 435 901 460; x_wconf 85' lang='lat' dir='ltr'><strong>ad</strong></span> <span class='ocrx_word' id='word_1_99' title='bbox 923 436 1111 470; x_wconf 68' lang='lat' dir='ltr'><strong>pagegyricnm</strong></span> <span class='ocrx_word' id='word_1_100' title='bbox 1132 435 1274 466; x_wconf 72' lang='lat' dir='ltr'><strong>Prisciani,</strong></span> <span class='ocrx_word' id='word_1_101' title='bbox 1290 443 1379 468; x_wconf 86' lang='lat' dir='ltr'><strong>quem,</strong></span> <span class='ocrx_word' id='word_1_102' title='bbox 1400 434 1445 460; x_wconf 90' lang='lat' dir='ltr'><strong>ditt</strong></span> <span class='ocrx_word' id='word_1_103' title='bbox 1461 444 1474 460; x_wconf 87' lang='lat' dir='ltr'><strong>a</strong></span> <span class='ocrx_word' id='word_1_104' title='bbox 1493 435 1634 469; x_wconf 77' lang='lat' dir='ltr'><strong>philologis</strong></span> <span class='ocrx_word' id='word_1_105' title='bbox 1654 437 1802 470; x_wconf 82' lang='lat' dir='ltr'><strong>expetitum</strong></span> 
     </span>
    </p>
   </div>
   <div class='ocr_carea' id='block_1_10' title="bbox 183 475 1804 511">
    <p class='ocr_par' dir='ltr' id='par_1_10' title="bbox 183 475 1804 511">
     <span class='ocr_line' id='line_1_10' title="bbox 183 475 1804 511; baseline 0 -7"><span class='ocrx_word' id='word_1_106' title='bbox 183 486 243 505; x_wconf 83' lang='lat' dir='ltr'><strong>cum</strong></span> <span class='ocrx_word' id='word_1_107' title='bbox 271 478 296 503; x_wconf 89' lang='lat' dir='ltr'><strong>in</strong></span> <span class='ocrx_word' id='word_1_108' title='bbox 321 476 483 502; x_wconf 77' lang='lat' dir='ltr'><strong>bibliotheca</strong></span> <span class='ocrx_word' id='word_1_109' title='bbox 515 476 636 503; x_wconf 61' lang='lat' dir='ltr'><strong>Cras-area</strong></span> <span class='ocrx_word' id='word_1_110' title='bbox 670 475 870 502; x_wconf 84' lang='lat' dir='ltr'><strong>Vindobonensi</strong></span> <span class='ocrx_word' id='word_1_111' title='bbox 899 484 1040 510; x_wconf 84' lang='lat' dir='ltr'><strong>superesse</strong></span> <span class='ocrx_word' id='word_1_112' title='bbox 1064 478 1237 509; x_wconf 86' lang='lat' dir='ltr'><strong>innotuisset,</strong></span> <span class='ocrx_word' id='word_1_113' title='bbox 1272 484 1343 502; x_wconf 87' lang='lat' dir='ltr'><strong>anno</strong></span> <span class='ocrx_word' id='word_1_114' title='bbox 1369 476 1504 511; x_wconf 87' lang='lat' dir='ltr'><strong>pr:ctcrilo</strong></span> <span class='ocrx_word' id='word_1_115' title='bbox 1531 477 1624 509; x_wconf 73' lang='lat' dir='ltr'><strong>edidit,</strong></span> <span class='ocrx_word' id='word_1_116' title='bbox 1654 479 1690 504; x_wconf 87' lang='lat' dir='ltr'><strong>ita</strong></span> <span class='ocrx_word' id='word_1_117' title='bbox 1719 486 1804 504; x_wconf 83' lang='lat' dir='ltr'><strong>anno—</strong></span> 
     </span>
    </p>
   </div>
   <div class='ocr_carea' id='block_1_11' title="bbox 186 517 1804 552">
    <p class='ocr_par' dir='ltr' id='par_1_11' title="bbox 186 517 1804 552">
     <span class='ocr_line' id='line_1_11' title="bbox 186 517 1804 552; baseline 0.001 -8"><span class='ocrx_word' id='word_1_118' title='bbox 186 520 287 545; x_wconf 76' lang='lat' dir='ltr'><strong>tavitut</strong></span> <span class='ocrx_word' id='word_1_119' title='bbox 299 518 363 544; x_wconf 80' lang='lat' dir='ltr'><strong>nihil</strong></span> <span class='ocrx_word' id='word_1_120' title='bbox 374 518 445 551; x_wconf 89' lang='lat' dir='ltr'><strong>qrrod</strong></span> <span class='ocrx_word' id='word_1_121' title='bbox 455 517 514 543; x_wconf 86' lang='lat' dir='ltr'><strong>addi</strong></span> <span class='ocrx_word' id='word_1_122' title='bbox 530 518 614 551; x_wconf 77' lang='lat' dir='ltr'><strong>possit</strong></span> <span class='ocrx_word' id='word_1_123' title='bbox 626 518 686 544; x_wconf 78' lang='lat' dir='ltr'><strong>aliis</strong></span> <span class='ocrx_word' id='word_1_124' title='bbox 697 517 871 550; x_wconf 72' lang='lat' dir='ltr'><strong>relinqueret.</strong></span> <span class='ocrx_word' id='word_1_125' title='bbox 884 517 971 551; x_wconf 86' lang='lat' dir='ltr'><strong>Ipsum</strong></span> <span class='ocrx_word' id='word_1_126' title='bbox 986 518 1154 552; x_wconf 77' lang='lat' dir='ltr'><strong>grammatici</strong></span> <span class='ocrx_word' id='word_1_127' title='bbox 1173 525 1281 544; x_wconf 83' lang='lat' dir='ltr'><strong>carmen</strong></span> <span class='ocrx_word' id='word_1_128' title='bbox 1296 518 1472 544; x_wconf 77' lang='lat' dir='ltr'><strong>Botticrrsibtts</strong></span> <span class='ocrx_word' id='word_1_129' title='bbox 1489 519 1650 544; x_wconf 73' lang='lat' dir='ltr'><strong>membranis</strong></span> <span class='ocrx_word' id='word_1_130' title='bbox 1660 520 1762 545; x_wconf 81' lang='lat' dir='ltr'><strong>erudite</strong></span> <span class='ocrx_word' id='word_1_131' title='bbox 1777 524 1804 545; x_wconf 77' lang='lat' dir='ltr'><strong>et</strong></span> 
     </span>
    </p>
   </div>
   <div class='ocr_carea' id='block_1_12' title="bbox 187 559 1799 593">
    <p class='ocr_par' dir='ltr' id='par_1_12' title="bbox 187 559 1799 593">
     <span class='ocr_line' id='line_1_12' title="bbox 187 559 1799 593; baseline -0.001 -6"><span class='ocrx_word' id='word_1_132' title='bbox 187 561 323 593; x_wconf 77' lang='lat' dir='ltr'><strong>tliigerttcr</strong></span> <span class='ocrx_word' id='word_1_133' title='bbox 337 561 481 593; x_wconf 79' lang='lat' dir='ltr'><strong>scriptum,</strong></span> <span class='ocrx_word' id='word_1_134' title='bbox 503 560 536 586; x_wconf 85' lang='lat' dir='ltr'><strong>ab</strong></span> <span class='ocrx_word' id='word_1_135' title='bbox 553 560 656 586; x_wconf 71' lang='lat' dir='ltr'><strong>etlitore</strong></span> <span class='ocrx_word' id='word_1_136' title='bbox 671 560 739 586; x_wconf 85' lang='lat' dir='ltr'><strong>adeo</strong></span> <span class='ocrx_word' id='word_1_137' title='bbox 753 564 878 586; x_wconf 85' lang='lat' dir='ltr'><strong>accurate</strong></span> <span class='ocrx_word' id='word_1_138' title='bbox 893 566 1049 593; x_wconf 82' lang='lat' dir='ltr'><strong>expressum</strong></span> <span class='ocrx_word' id='word_1_139' title='bbox 1068 564 1119 590; x_wconf 88' lang='lat' dir='ltr'><strong>est,</strong></span> <span class='ocrx_word' id='word_1_140' title='bbox 1136 564 1165 585; x_wconf 89' lang='grc' dir='ltr'><strong>ιιι</strong></span> <span class='ocrx_word' id='word_1_141' title='bbox 1180 560 1224 585; x_wconf 86' lang='lat' dir='ltr'><strong>vix</strong></span> <span class='ocrx_word' id='word_1_142' title='bbox 1241 560 1310 586; x_wconf 87' lang='lat' dir='ltr'><strong>nllus</strong></span> <span class='ocrx_word' id='word_1_143' title='bbox 1326 559 1559 586; x_wconf 86' lang='lat' dir='ltr'><strong>emendationibns</strong></span> <span class='ocrx_word' id='word_1_144' title='bbox 1578 561 1603 585; x_wconf 85' lang='lat' dir='ltr'><strong>iri</strong></span> <span class='ocrx_word' id='word_1_145' title='bbox 1617 568 1648 586; x_wconf 89' lang='lat' dir='ltr'><strong>eo</strong></span> <span class='ocrx_word' id='word_1_146' title='bbox 1665 560 1738 587; x_wconf 84' lang='lat' dir='ltr'><strong>locus</strong></span> <span class='ocrx_word' id='word_1_147' title='bbox 1756 561 1799 587; x_wconf 91' lang='lat' dir='ltr'><strong>sit.</strong></span> 
     </span>
    </p>
   </div>
   <div class='ocr_carea' id='block_1_13' title="bbox 221 600 1802 635">
    <p class='ocr_par' dir='ltr' id='par_1_13' title="bbox 221 600 1802 635">
     <span class='ocr_line' id='line_1_13' title="bbox 221 600 1802 635; baseline 0 -7"><span class='ocrx_word' id='word_1_148' title='bbox 221 602 384 628; x_wconf 84' lang='lat' dir='ltr'><strong>Parisiensis</strong></span> <span class='ocrx_word' id='word_1_149' title='bbox 401 601 484 627; x_wconf 85' lang='lat' dir='ltr'><strong>cdttio</strong></span> <span class='ocrx_word' id='word_1_150' title='bbox 500 602 572 627; x_wconf 88' lang='lat' dir='ltr'><strong>circa</strong></span> <span class='ocrx_word' id='word_1_151' title='bbox 588 609 731 635; x_wconf 82' lang='lat' dir='ltr'><strong>operarum</strong></span> <span class='ocrx_word' id='word_1_152' title='bbox 750 608 855 627; x_wconf 90' lang='lat' dir='ltr'><strong>errores</strong></span> <span class='ocrx_word' id='word_1_153' title='bbox 868 601 961 627; x_wconf 80' lang='lat' dir='ltr'><strong>eadem</strong></span> <span class='ocrx_word' id='word_1_154' title='bbox 977 600 1106 635; x_wconf 73' lang='lat' dir='ltr'><strong>flagitiosa</strong></span> <span class='ocrx_word' id='word_1_155' title='bbox 1120 600 1280 635; x_wconf 73' lang='lat' dir='ltr'><strong>negligentia</strong></span> <span class='ocrx_word' id='word_1_156' title='bbox 1294 605 1385 627; x_wconf 78' lang='lat' dir='ltr'><strong>curata</strong></span> <span class='ocrx_word' id='word_1_157' title='bbox 1400 606 1440 627; x_wconf 91' lang='lat' dir='ltr'><strong>est</strong></span> <span class='ocrx_word' id='word_1_158' title='bbox 1457 608 1508 634; x_wconf 84' lang='lat' dir='ltr'><strong>qua</strong></span> <span class='ocrx_word' id='word_1_159' title='bbox 1525 601 1633 634; x_wconf 67' lang='lat' dir='ltr'><strong>reliquie</strong></span> <span class='ocrx_word' id='word_1_160' title='bbox 1649 607 1708 635; x_wconf 90' lang='lat' dir='ltr'><strong>post</strong></span> <span class='ocrx_word' id='word_1_161' title='bbox 1733 603 1802 628; x_wconf 72' lang='lat' dir='ltr'><strong>(iatr-</strong></span> 
     </span>
    </p>
   </div>
   <div class='ocr_carea' id='block_1_14' title="bbox 186 641 1800 678">
    <p class='ocr_par' dir='ltr' id='par_1_14' title="bbox 186 641 1800 678">
     <span class='ocr_line' id='line_1_14' title="bbox 186 641 1800 678; baseline -0.001 -8"><span class='ocrx_word' id='word_1_162' title='bbox 186 649 353 675; x_wconf 85' lang='lat' dir='ltr'><strong>tacuzenum,</strong></span> <span class='ocrx_word' id='word_1_163' title='bbox 367 647 509 677; x_wconf 90' lang='lat' dir='ltr'><strong>antequam</strong></span> <span class='ocrx_word' id='word_1_164' title='bbox 525 643 642 678; x_wconf 77' lang='lat' dir='ltr'><strong>Cangius</strong></span> <span class='ocrx_word' id='word_1_165' title='bbox 656 643 747 677; x_wconf 86' lang='lat' dir='ltr'><strong>operis</strong></span> <span class='ocrx_word' id='word_1_166' title='bbox 762 651 853 669; x_wconf 88' lang='lat' dir='ltr'><strong>curam</strong></span> <span class='ocrx_word' id='word_1_167' title='bbox 872 643 897 669; x_wconf 87' lang='lat' dir='ltr'><strong>iit</strong></span> <span class='ocrx_word' id='word_1_168' title='bbox 912 650 940 669; x_wconf 89' lang='lat' dir='ltr'><strong>se</strong></span> <span class='ocrx_word' id='word_1_169' title='bbox 957 642 1123 675; x_wconf 82' lang='lat' dir='ltr'><strong>susciperet;</strong></span> <span class='ocrx_word' id='word_1_170' title='bbox 1140 641 1225 667; x_wconf 83' lang='lat' dir='ltr'><strong>inutili</strong></span> <span class='ocrx_word' id='word_1_171' title='bbox 1243 647 1270 667; x_wconf 74' lang='lat' dir='ltr'><strong>et</strong></span> <span class='ocrx_word' id='word_1_172' title='bbox 1287 642 1373 668; x_wconf 84' lang='lat' dir='ltr'><strong>fallaci</strong></span> <span class='ocrx_word' id='word_1_173' title='bbox 1391 647 1513 676; x_wconf 84' lang='lat' dir='ltr'><strong>typorum</strong></span> <span class='ocrx_word' id='word_1_174' title='bbox 1531 643 1673 675; x_wconf 88' lang='lat' dir='ltr'><strong>spletrdore</strong></span> <span class='ocrx_word' id='word_1_175' title='bbox 1688 648 1800 668; x_wconf 62' lang='lat' dir='ltr'><strong>ornata‘.</strong></span> 
     </span>
    </p>
   </div>
   <div class='ocr_carea' id='block_1_15' title="bbox 187 683 1798 720">
    <p class='ocr_par' dir='ltr' id='par_1_15' title="bbox 187 683 1798 720">
     <span class='ocr_line' id='line_1_15' title="bbox 187 683 1798 720; baseline -0.001 -9"><span class='ocrx_word' id='word_1_176' title='bbox 187 685 339 720; x_wconf 82' lang='lat' dir='ltr'><strong>Sphalrnata</strong></span> <span class='ocrx_word' id='word_1_177' title='bbox 357 684 434 717; x_wconf 87' lang='lat' dir='ltr'><strong>hujus</strong></span> <span class='ocrx_word' id='word_1_178' title='bbox 449 684 556 718; x_wconf 82' lang='lat' dir='ltr'><strong>generis</strong></span> <span class='ocrx_word' id='word_1_179' title='bbox 570 692 619 718; x_wconf 87' lang='lat' dir='ltr'><strong>ope</strong></span> <span class='ocrx_word' id='word_1_180' title='bbox 635 684 830 711; x_wconf 66' lang='lat' dir='ltr'><strong>liteschelianze</strong></span> <span class='ocrx_word' id='word_1_181' title='bbox 845 684 1002 711; x_wconf 85' lang='lat' dir='ltr'><strong>sustulimus</strong></span> <span class='ocrx_word' id='word_1_182' title='bbox 1019 683 1147 717; x_wconf 77' lang='lat' dir='ltr'><strong>plu;itna;</strong></span> <span class='ocrx_word' id='word_1_183' title='bbox 1165 683 1300 715; x_wconf 88' lang='lat' dir='ltr'><strong>restituto,</strong></span> <span class='ocrx_word' id='word_1_184' title='bbox 1316 688 1344 709; x_wconf 90' lang='lat' dir='ltr'><strong>ut</strong></span> <span class='ocrx_word' id='word_1_185' title='bbox 1358 683 1390 709; x_wconf 88' lang='lat' dir='ltr'><strong>dc</strong></span> <span class='ocrx_word' id='word_1_186' title='bbox 1409 683 1557 710; x_wconf 84' lang='lat' dir='ltr'><strong>minoribus</strong></span> <span class='ocrx_word' id='word_1_187' title='bbox 1574 688 1675 710; x_wconf 79' lang='lat' dir='ltr'><strong>taceam</strong></span> <span class='ocrx_word' id='word_1_188' title='bbox 1687 703 1693 712; x_wconf 92' lang='lat'><strong>.</strong></span> <span class='ocrx_word' id='word_1_189' title='bbox 1719 691 1798 709; x_wconf 89' lang='lat' dir='ltr'><strong>versu</strong></span> 
     </span>
    </p>
   </div>
   <div class='ocr_carea' id='block_1_16' title="bbox 186 724 1802 762">
    <p class='ocr_par' dir='ltr' id='par_1_16' title="bbox 186 724 1802 762">
     <span class='ocr_line' id='line_1_16' title="bbox 186 724 1802 762; baseline -0.002 -8"><span class='ocrx_word' id='word_1_190' title='bbox 186 728 288 762; x_wconf 77' lang='lat' dir='ltr'><strong>integro</strong></span> <span class='ocrx_word' id='word_1_191' title='bbox 303 726 347 761; x_wconf 87' lang='lat' dir='ltr'><strong>qrti</strong></span> <span class='ocrx_word' id='word_1_192' title='bbox 362 725 517 758; x_wconf 67' lang='lat' dir='ltr'><strong>exoiderat;</strong></span> <span class='ocrx_word' id='word_1_193' title='bbox 538 726 584 753; x_wconf 83' lang='lat' dir='ltr'><strong>scd</strong></span> <span class='ocrx_word' id='word_1_194' title='bbox 605 727 636 752; x_wconf 89' lang='lat' dir='ltr'><strong>de</strong></span> <span class='ocrx_word' id='word_1_195' title='bbox 651 727 692 753; x_wconf 88' lang='lat' dir='ltr'><strong>his</strong></span> <span class='ocrx_word' id='word_1_196' title='bbox 708 726 864 761; x_wconf 80' lang='lat' dir='ltr'><strong>singulatim</strong></span> <span class='ocrx_word' id='word_1_197' title='bbox 882 732 991 752; x_wconf 79' lang='lat' dir='ltr'><strong>ntoncrc</strong></span> <span class='ocrx_word' id='word_1_198' title='bbox 1014 724 1151 751; x_wconf 78' lang='lat' dir='ltr'><strong>Bekkcrtts</strong></span> <span class='ocrx_word' id='word_1_199' title='bbox 1172 725 1265 750; x_wconf 71' lang='lat' dir='ltr'><strong>vetuit.</strong></span> <span class='ocrx_word' id='word_1_200' title='bbox 1284 724 1447 757; x_wconf 86' lang='lat' dir='ltr'><strong>Ubicunque</strong></span> <span class='ocrx_word' id='word_1_201' title='bbox 1460 724 1541 758; x_wconf 73' lang='lat' dir='ltr'><strong>igitur</strong></span> <span class='ocrx_word' id='word_1_202' title='bbox 1554 724 1685 757; x_wconf 74' lang='lat' dir='ltr'><strong>ejusmodi</strong></span> <span class='ocrx_word' id='word_1_203' title='bbox 1704 725 1802 751; x_wconf 77' lang='lat' dir='ltr'><strong>ruentia</strong></span> 
     </span>
    </p>
   </div>
   <div class='ocr_carea' id='block_1_17' title="bbox 185 765 1801 801">
    <p class='ocr_par' dir='ltr' id='par_1_17' title="bbox 185 765 1801 801">
     <span class='ocr_line' id='line_1_17' title="bbox 185 765 1801 801; baseline -0.003 -6"><span class='ocrx_word' id='word_1_204' title='bbox 185 769 345 798; x_wconf 78' lang='lat' dir='ltr'><strong>invenietur,</strong></span> <span class='ocrx_word' id='word_1_205' title='bbox 361 767 385 794; x_wconf 88' lang='lat' dir='ltr'><strong>id</strong></span> <span class='ocrx_word' id='word_1_206' title='bbox 401 772 511 801; x_wconf 83' lang='lat' dir='ltr'><strong>propter</strong></span> <span class='ocrx_word' id='word_1_207' title='bbox 528 768 689 800; x_wconf 79' lang='lat' dir='ltr'><strong>peculiarem</strong></span> <span class='ocrx_word' id='word_1_208' title='bbox 707 768 851 801; x_wconf 78' lang='lat' dir='ltr'><strong>quamdam</strong></span> <span class='ocrx_word' id='word_1_209' title='bbox 868 767 996 794; x_wconf 90' lang='lat' dir='ltr'><strong>rationem</strong></span> <span class='ocrx_word' id='word_1_210' title='bbox 1008 765 1168 795; x_wconf 81' lang='lat' dir='ltr'><strong>factutnest,</strong></span> <span class='ocrx_word' id='word_1_211' title='bbox 1180 773 1238 799; x_wconf 65' lang='lat' dir='ltr'><strong>quae</strong></span> <span class='ocrx_word' id='word_1_212' title='bbox 1250 770 1336 791; x_wconf 87' lang='lat' dir='ltr'><strong>tamen</strong></span> <span class='ocrx_word' id='word_1_213' title='bbox 1350 765 1461 791; x_wconf 87' lang='lat' dir='ltr'><strong>fortasse</strong></span> <span class='ocrx_word' id='word_1_214' title='bbox 1474 773 1525 791; x_wconf 92' lang='lat' dir='ltr'><strong>non</strong></span> <span class='ocrx_word' id='word_1_215' title='bbox 1536 773 1643 798; x_wconf 68' lang='lat' dir='ltr'><strong>semper</strong></span> <span class='ocrx_word' id='word_1_216' title='bbox 1652 767 1801 799; x_wconf 85' lang='lat' dir='ltr'><strong>apparebit.</strong></span> 
     </span>
    </p>
   </div>
   <div class='ocr_carea' id='block_1_18' title="bbox 220 806 1802 843">
    <p class='ocr_par' dir='ltr' id='par_1_18' title="bbox 220 806 1802 843">
     <span class='ocr_line' id='line_1_18' title="bbox 220 806 1802 843; baseline -0.002 -7"><span class='ocrx_word' id='word_1_217' title='bbox 220 811 286 843; x_wconf 60' lang='lat' dir='ltr'><strong>Quae</strong></span> <span class='ocrx_word' id='word_1_218' title='bbox 295 810 393 836; x_wconf 80' lang='lat' dir='ltr'><strong>Suidas</strong></span> <span class='ocrx_word' id='word_1_219' title='bbox 403 809 520 835; x_wconf 75' lang='lat' dir='ltr'><strong>servavit</strong></span> <span class='ocrx_word' id='word_1_220' title='bbox 533 816 584 835; x_wconf 91' lang='lat' dir='ltr'><strong>non</strong></span> <span class='ocrx_word' id='word_1_221' title='bbox 594 809 681 843; x_wconf 80' lang='lat' dir='ltr'><strong>attigit</strong></span> <span class='ocrx_word' id='word_1_222' title='bbox 691 808 837 841; x_wconf 77' lang='lat' dir='ltr'><strong>Bckkcrus;</strong></span> <span class='ocrx_word' id='word_1_223' title='bbox 847 809 872 834; x_wconf 91' lang='lat' dir='ltr'><strong>in</strong></span> <span class='ocrx_word' id='word_1_224' title='bbox 885 809 926 835; x_wconf 89' lang='lat' dir='ltr'><strong>his</strong></span> <span class='ocrx_word' id='word_1_225' title='bbox 934 815 1040 842; x_wconf 88' lang='lat' dir='ltr'><strong>qtroque</strong></span> <span class='ocrx_word' id='word_1_226' title='bbox 1049 807 1175 833; x_wconf 88' lang='lat' dir='ltr'><strong>tronnulla</strong></span> <span class='ocrx_word' id='word_1_227' title='bbox 1186 806 1301 833; x_wconf 74' lang='lat' dir='ltr'><strong>correxi.</strong></span> <span class='ocrx_word' id='word_1_228' title='bbox 1313 806 1436 832; x_wconf 82' lang='lat' dir='ltr'><strong>Photium</strong></span> <span class='ocrx_word' id='word_1_229' title='bbox 1448 807 1517 838; x_wconf 59' lang='lat' dir='ltr'><strong>detli,</strong></span> <span class='ocrx_word' id='word_1_230' title='bbox 1527 813 1554 833; x_wconf 89' lang='grc' dir='ltr'><strong>ιιι</strong></span> <span class='ocrx_word' id='word_1_231' title='bbox 1564 816 1577 832; x_wconf 89' lang='lat' dir='ltr'><strong>a</strong></span> <span class='ocrx_word' id='word_1_232' title='bbox 1586 807 1704 834; x_wconf 65' lang='lat' dir='ltr'><strong>Bekkero</strong></span> <span class='ocrx_word' id='word_1_233' title='bbox 1714 808 1802 834; x_wconf 86' lang='lat' dir='ltr'><strong>editus</strong></span> 
     </span>
    </p>
   </div>
   <div class='ocr_carea' id='block_1_19' title="bbox 182 848 1801 886">
    <p class='ocr_par' dir='ltr' id='par_1_19' title="bbox 182 848 1801 886">
     <span class='ocr_line' id='line_1_19' title="bbox 182 848 1801 886; baseline -0.004 -6"><span class='ocrx_word' id='word_1_234' title='bbox 182 858 236 886; x_wconf 87' lang='lat' dir='ltr'><strong>est;</strong></span> <span class='ocrx_word' id='word_1_235' title='bbox 247 852 297 879; x_wconf 90' lang='lat' dir='ltr'><strong>nisi</strong></span> <span class='ocrx_word' id='word_1_236' title='bbox 307 851 378 885; x_wconf 86' lang='lat' dir='ltr'><strong>quod</strong></span> <span class='ocrx_word' id='word_1_237' title='bbox 392 851 417 877; x_wconf 93' lang='lat' dir='ltr'><strong>in</strong></span> <span class='ocrx_word' id='word_1_238' title='bbox 434 850 617 885; x_wconf 74' lang='lat' dir='ltr'><strong>rebusquatex</strong></span> <span class='ocrx_word' id='word_1_239' title='bbox 630 852 740 878; x_wconf 79' lang='lat' dir='ltr'><strong>historia</strong></span> <span class='ocrx_word' id='word_1_240' title='bbox 757 851 882 885; x_wconf 75' lang='lat' dir='ltr'><strong>pendent,</strong></span> <span class='ocrx_word' id='word_1_241' title='bbox 894 851 983 876; x_wconf 89' lang='lat' dir='ltr'><strong>varias</strong></span> <span class='ocrx_word' id='word_1_242' title='bbox 991 848 1102 878; x_wconf 87' lang='lat' dir='ltr'><strong>Labbei,</strong></span> <span class='ocrx_word' id='word_1_243' title='bbox 1115 848 1197 874; x_wconf 88' lang='lat' dir='ltr'><strong>scrrtel</strong></span> <span class='ocrx_word' id='word_1_244' title='bbox 1210 851 1299 873; x_wconf 87' lang='lat' dir='ltr'><strong>autem</strong></span> <span class='ocrx_word' id='word_1_245' title='bbox 1314 848 1353 874; x_wconf 89' lang='lat' dir='ltr'><strong>vel</strong></span> <span class='ocrx_word' id='word_1_246' title='bbox 1366 848 1405 874; x_wconf 91' lang='lat' dir='ltr'><strong>bis</strong></span> <span class='ocrx_word' id='word_1_247' title='bbox 1418 854 1491 874; x_wconf 90' lang='lat' dir='ltr'><strong>meas</strong></span> <span class='ocrx_word' id='word_1_248' title='bbox 1503 849 1586 882; x_wconf 91' lang='lat' dir='ltr'><strong>ipsius</strong></span> <span class='ocrx_word' id='word_1_249' title='bbox 1599 849 1801 875; x_wconf 87' lang='lat' dir='ltr'><strong>emcndationes</strong></span> 
     </span>
    </p>
   </div>
   <div class='ocr_carea' id='block_1_20' title="bbox 185 890 1801 928">
    <p class='ocr_par' dir='ltr' id='par_1_20' title="bbox 185 890 1801 928">
     <span class='ocr_line' id='line_1_20' title="bbox 185 890 1801 928; baseline -0.002 -7"><span class='ocrx_word' id='word_1_250' title='bbox 185 894 334 928; x_wconf 84' lang='lat' dir='ltr'><strong>receperim</strong></span> <span class='ocrx_word' id='word_1_251' title='bbox 351 902 357 919; x_wconf 91' lang='lat'><strong>:</strong></span> <span class='ocrx_word' id='word_1_252' title='bbox 373 893 463 927; x_wconf 84' lang='lat' dir='ltr'><strong>plures</strong></span> <span class='ocrx_word' id='word_1_253' title='bbox 478 893 595 920; x_wconf 81' lang='lat' dir='ltr'><strong>fortasse</strong></span> <span class='ocrx_word' id='word_1_254' title='bbox 611 893 683 919; x_wconf 86' lang='lat' dir='ltr'><strong>locos</strong></span> <span class='ocrx_word' id='word_1_255' title='bbox 705 897 866 924; x_wconf 90' lang='lat' dir='ltr'><strong>tentaturus,</strong></span> <span class='ocrx_word' id='word_1_256' title='bbox 881 892 932 919; x_wconf 86' lang='lat' dir='ltr'><strong>nisi</strong></span> <span class='ocrx_word' id='word_1_257' title='bbox 953 891 1017 918; x_wconf 89' lang='lat' dir='ltr'><strong>rnilti</strong></span> <span class='ocrx_word' id='word_1_258' title='bbox 1043 895 1181 917; x_wconf 85' lang='lat' dir='ltr'><strong>constaret</strong></span> <span class='ocrx_word' id='word_1_259' title='bbox 1196 890 1321 917; x_wconf 89' lang='lat' dir='ltr'><strong>Photium</strong></span> <span class='ocrx_word' id='word_1_260' title='bbox 1346 891 1371 917; x_wconf 85' lang='lat' dir='ltr'><strong>iri</strong></span> <span class='ocrx_word' id='word_1_261' title='bbox 1395 892 1546 919; x_wconf 89' lang='lat' dir='ltr'><strong>scribendis</strong></span> <span class='ocrx_word' id='word_1_262' title='bbox 1562 893 1714 919; x_wconf 86' lang='lat' dir='ltr'><strong>nominibus</strong></span> <span class='ocrx_word' id='word_1_263' title='bbox 1731 900 1801 926; x_wconf 64' lang='grc' dir='ltr'><strong>θωνα</strong></span> 
     </span>
    </p>
   </div>
   <div class='ocr_carea' id='block_1_21' title="bbox 183 934 1799 970">
    <p class='ocr_par' dir='ltr' id='par_1_21' title="bbox 183 934 1799 970">
     <span class='ocr_line' id='line_1_21' title="bbox 183 934 1799 970; baseline 0 -7"><span class='ocrx_word' id='word_1_264' title='bbox 183 944 300 968; x_wconf 83' lang='lat' dir='ltr'><strong>errasse;</strong></span> <span class='ocrx_word' id='word_1_265' title='bbox 312 943 325 961; x_wconf 91' lang='lat' dir='ltr'><strong>a</strong></span> <span class='ocrx_word' id='word_1_266' title='bbox 342 935 439 970; x_wconf 84' lang='lat' dir='ltr'><strong>quibus</strong></span> <span class='ocrx_word' id='word_1_267' title='bbox 455 935 624 969; x_wconf 74' lang='lat' dir='ltr'><strong>corrigendis</strong></span> <span class='ocrx_word' id='word_1_268' title='bbox 638 935 734 961; x_wconf 84' lang='lat' dir='ltr'><strong>etlitori</strong></span> <span class='ocrx_word' id='word_1_269' title='bbox 750 935 939 962; x_wconf 85' lang='lat' dir='ltr'><strong>abstinendum</strong></span> <span class='ocrx_word' id='word_1_270' title='bbox 953 934 1162 965; x_wconf 86' lang='lat' dir='ltr'><strong>est.Versiones,</strong></span> <span class='ocrx_word' id='word_1_271' title='bbox 1175 934 1246 961; x_wconf 82' lang='lat' dir='ltr'><strong>Porri</strong></span> <span class='ocrx_word' id='word_1_272' title='bbox 1260 943 1311 961; x_wconf 91' lang='lat' dir='ltr'><strong>non</strong></span> <span class='ocrx_word' id='word_1_273' title='bbox 1323 942 1402 969; x_wconf 45' lang='lat' dir='ltr'><strong>sarpe,</strong></span> <span class='ocrx_word' id='word_1_274' title='bbox 1416 936 1520 962; x_wconf 82' lang='lat' dir='ltr'><strong>Sclrolli</strong></span> <span class='ocrx_word' id='word_1_275' title='bbox 1532 944 1666 970; x_wconf 88' lang='lat' dir='ltr'><strong>rntnqtrarn</strong></span> <span class='ocrx_word' id='word_1_276' title='bbox 1683 938 1799 963; x_wconf 76' lang='lat' dir='ltr'><strong>correxi.</strong></span> 
     </span>
    </p>
   </div>
   <div class='ocr_carea' id='block_1_22' title="bbox 221 976 1801 1012">
    <p class='ocr_par' dir='ltr' id='par_1_22' title="bbox 221 976 1801 1012">
     <span class='ocr_line' id='line_1_22' title="bbox 221 976 1801 1012; baseline 0.002 -8"><span class='ocrx_word' id='word_1_277' title='bbox 221 978 258 1004; x_wconf 86' lang='lat' dir='ltr'><strong>Ex</strong></span> <span class='ocrx_word' id='word_1_278' title='bbox 275 977 318 1004; x_wconf 86' lang='lat' dir='ltr'><strong>his</strong></span> <span class='ocrx_word' id='word_1_279' title='bbox 326 976 433 1011; x_wconf 80' lang='lat' dir='ltr'><strong>cognita</strong></span> <span class='ocrx_word' id='word_1_280' title='bbox 441 976 575 1003; x_wconf 86' lang='lat' dir='ltr'><strong>editorum</strong></span> <span class='ocrx_word' id='word_1_281' title='bbox 594 984 685 1011; x_wconf 83' lang='lat' dir='ltr'><strong>opera,</strong></span> <span class='ocrx_word' id='word_1_282' title='bbox 697 976 739 1002; x_wconf 80' lang='lat' dir='ltr'><strong>vix</strong></span> <span class='ocrx_word' id='word_1_283' title='bbox 755 983 822 1009; x_wconf 91' lang='lat' dir='ltr'><strong>opus</strong></span> <span class='ocrx_word' id='word_1_284' title='bbox 837 980 876 1003; x_wconf 76' lang='lat' dir='ltr'><strong>est</strong></span> <span class='ocrx_word' id='word_1_285' title='bbox 891 977 1213 1012; x_wconf 72' lang='lat' dir='ltr'><strong>cxplicare,qu:ecunque</strong></span> <span class='ocrx_word' id='word_1_286' title='bbox 1232 979 1256 1004; x_wconf 88' lang='lat' dir='ltr'><strong>irt</strong></span> <span class='ocrx_word' id='word_1_287' title='bbox 1270 978 1378 1005; x_wconf 89' lang='lat' dir='ltr'><strong>scltoliis</strong></span> <span class='ocrx_word' id='word_1_288' title='bbox 1394 979 1496 1006; x_wconf 83' lang='lat' dir='ltr'><strong>criticis</strong></span> <span class='ocrx_word' id='word_1_289' title='bbox 1512 979 1607 1005; x_wconf 80' lang='lat' dir='ltr'><strong>litteris</strong></span> <span class='ocrx_word' id='word_1_290' title='bbox 1618 979 1649 1007; x_wconf 89' lang='grc' dir='ltr'><strong>Β.</strong></span> <span class='ocrx_word' id='word_1_291' title='bbox 1662 986 1687 1006; x_wconf 91' lang='lat' dir='ltr'><strong>et</strong></span> <span class='ocrx_word' id='word_1_292' title='bbox 1700 979 1734 1006; x_wconf 83' lang='lat' dir='ltr'><strong>N.</strong></span> <span class='ocrx_word' id='word_1_293' title='bbox 1745 980 1801 1007; x_wconf 88' lang='lat' dir='ltr'><strong>dis-</strong></span> 
     </span>
    </p>
   </div>
   <div class='ocr_carea' id='block_1_23' title="bbox 186 1018 1798 1054">
    <p class='ocr_par' dir='ltr' id='par_1_23' title="bbox 186 1018 1798 1054">
     <span class='ocr_line' id='line_1_23' title="bbox 186 1018 1798 1054; baseline 0.001 -8"><span class='ocrx_word' id='word_1_294' title='bbox 186 1021 353 1053; x_wconf 72' lang='lat' dir='ltr'><strong>tinguuntur,</strong></span> <span class='ocrx_word' id='word_1_295' title='bbox 378 1019 582 1045; x_wconf 88' lang='lat' dir='ltr'><strong>ernendationes</strong></span> <span class='ocrx_word' id='word_1_296' title='bbox 604 1025 665 1044; x_wconf 87' lang='lat' dir='ltr'><strong>esse</strong></span> <span class='ocrx_word' id='word_1_297' title='bbox 681 1026 739 1052; x_wconf 69' lang='lat' dir='ltr'><strong>qnte</strong></span> <span class='ocrx_word' id='word_1_298' title='bbox 747 1018 906 1050; x_wconf 74' lang='lat' dir='ltr'><strong>Bckkertrm,</strong></span> <span class='ocrx_word' id='word_1_299' title='bbox 917 1026 1012 1052; x_wconf 87' lang='lat' dir='ltr'><strong>meque</strong></span> <span class='ocrx_word' id='word_1_300' title='bbox 1024 1021 1139 1046; x_wconf 86' lang='lat' dir='ltr'><strong>habeant</strong></span> <span class='ocrx_word' id='word_1_301' title='bbox 1156 1024 1277 1047; x_wconf 74' lang='lat' dir='ltr'><strong>auctores</strong></span> <span class='ocrx_word' id='word_1_302' title='bbox 1291 1020 1464 1047; x_wconf 82' lang='lat' dir='ltr'><strong>:Classenum</strong></span> <span class='ocrx_word' id='word_1_303' title='bbox 1478 1021 1574 1054; x_wconf 82' lang='lat' dir='ltr'><strong>quibus</strong></span> <span class='ocrx_word' id='word_1_304' title='bbox 1588 1022 1646 1047; x_wconf 59' lang='lat' dir='ltr'><strong>duae</strong></span> <span class='ocrx_word' id='word_1_305' title='bbox 1657 1021 1749 1047; x_wconf 71' lang='lat' dir='ltr'><strong>littera-</strong></span> <span class='ocrx_word' id='word_1_306' title='bbox 1758 1021 1798 1048; x_wconf 83' lang='lat' dir='ltr'><strong>Cl.</strong></span> 
     </span>
    </p>
   </div>
   <div class='ocr_carea' id='block_1_24' title="bbox 187 1060 1799 1096">
    <p class='ocr_par' dir='ltr' id='par_1_24' title="bbox 187 1060 1799 1096">
     <span class='ocr_line' id='line_1_24' title="bbox 187 1060 1799 1096; baseline 0.001 -9"><span class='ocrx_word' id='word_1_307' title='bbox 187 1063 282 1089; x_wconf 72' lang='lat' dir='ltr'><strong>additzc</strong></span> <span class='ocrx_word' id='word_1_308' title='bbox 291 1065 360 1088; x_wconf 86' lang='lat' dir='ltr'><strong>sunt.</strong></span> <span class='ocrx_word' id='word_1_309' title='bbox 373 1060 513 1095; x_wconf 76' lang='lat' dir='ltr'><strong>Vulgatatn</strong></span> <span class='ocrx_word' id='word_1_310' title='bbox 526 1060 619 1095; x_wconf 78' lang='lat' dir='ltr'><strong>(vulg.)</strong></span> <span class='ocrx_word' id='word_1_311' title='bbox 629 1067 687 1086; x_wconf 87' lang='lat' dir='ltr'><strong>eartt</strong></span> <span class='ocrx_word' id='word_1_312' title='bbox 699 1061 751 1086; x_wconf 88' lang='lat' dir='ltr'><strong>dixi</strong></span> <span class='ocrx_word' id='word_1_313' title='bbox 771 1061 912 1088; x_wconf 85' lang='lat' dir='ltr'><strong>lectionem</strong></span> <span class='ocrx_word' id='word_1_314' title='bbox 926 1069 986 1095; x_wconf 70' lang='lat' dir='ltr'><strong>qua:</strong></span> <span class='ocrx_word' id='word_1_315' title='bbox 996 1062 1029 1088; x_wconf 88' lang='lat' dir='ltr'><strong>ab</strong></span> <span class='ocrx_word' id='word_1_316' title='bbox 1039 1061 1226 1088; x_wconf 73' lang='lat' dir='ltr'><strong>llmscheliana</strong></span> <span class='ocrx_word' id='word_1_317' title='bbox 1238 1062 1354 1088; x_wconf 86' lang='lat' dir='ltr'><strong>editione</strong></span> <span class='ocrx_word' id='word_1_318' title='bbox 1368 1069 1414 1095; x_wconf 91' lang='lat' dir='ltr'><strong>per</strong></span> <span class='ocrx_word' id='word_1_319' title='bbox 1427 1061 1575 1088; x_wconf 78' lang='lat' dir='ltr'><strong>Parisinam</strong></span> <span class='ocrx_word' id='word_1_320' title='bbox 1586 1062 1799 1096; x_wconf 74' lang='lat' dir='ltr'><strong>atquc-Venetam</strong></span> 
     </span>
    </p>
   </div>
   <div class='ocr_carea' id='block_1_25' title="bbox 188 1102 1802 1138">
    <p class='ocr_par' dir='ltr' id='par_1_25' title="bbox 188 1102 1802 1138">
     <span class='ocr_line' id='line_1_25' title="bbox 188 1102 1802 1138; baseline -0.001 -9"><span class='ocrx_word' id='word_1_321' title='bbox 188 1108 329 1138; x_wconf 76' lang='lat' dir='ltr'><strong>propagata</strong></span> <span class='ocrx_word' id='word_1_322' title='bbox 345 1108 396 1129; x_wconf 86' lang='lat' dir='ltr'><strong>est.</strong></span> <span class='ocrx_word' id='word_1_323' title='bbox 409 1103 518 1134; x_wconf 83' lang='lat' dir='ltr'><strong>Quoties</strong></span> <span class='ocrx_word' id='word_1_324' title='bbox 530 1102 594 1128; x_wconf 88' lang='lat' dir='ltr'><strong>nihil</strong></span> <span class='ocrx_word' id='word_1_325' title='bbox 611 1107 707 1135; x_wconf 60' lang='lat' dir='ltr'><strong>prtcter</strong></span> <span class='ocrx_word' id='word_1_326' title='bbox 723 1102 786 1129; x_wconf 89' lang='lat' dir='ltr'><strong>illttd</strong></span> <span class='ocrx_word' id='word_1_327' title='bbox 799 1104 867 1137; x_wconf 81' lang='lat' dir='ltr'><strong>vulg.</strong></span> <span class='ocrx_word' id='word_1_328' title='bbox 879 1104 910 1129; x_wconf 92' lang='lat' dir='ltr'><strong>ad</strong></span> <span class='ocrx_word' id='word_1_329' title='bbox 925 1104 1051 1137; x_wconf 85' lang='lat' dir='ltr'><strong>rejectarn</strong></span> <span class='ocrx_word' id='word_1_330' title='bbox 1067 1103 1207 1130; x_wconf 82' lang='lat' dir='ltr'><strong>lectionem</strong></span> <span class='ocrx_word' id='word_1_331' title='bbox 1241 1104 1397 1133; x_wconf 81' lang='lat' dir='ltr'><strong>ascribitur,</strong></span> <span class='ocrx_word' id='word_1_332' title='bbox 1409 1105 1459 1130; x_wconf 87' lang='lat' dir='ltr'><strong>hoc</strong></span> <span class='ocrx_word' id='word_1_333' title='bbox 1469 1104 1663 1138; x_wconf 85' lang='lat' dir='ltr'><strong>significamus:</strong></span> <span class='ocrx_word' id='word_1_334' title='bbox 1677 1104 1802 1130; x_wconf 87' lang='lat' dir='ltr'><strong>eruenda-</strong></span> 
     </span>
    </p>
   </div>
   <div class='ocr_carea' id='block_1_26' title="bbox 188 1143 1801 1179">
    <p class='ocr_par' dir='ltr' id='par_1_26' title="bbox 188 1143 1801 1179">
     <span class='ocr_line' id='line_1_26' title="bbox 188 1143 1801 1179; baseline 0 -7"><span class='ocrx_word' id='word_1_335' title='bbox 188 1147 298 1177; x_wconf 88' lang='lat' dir='ltr'><strong>tiortern,</strong></span> <span class='ocrx_word' id='word_1_336' title='bbox 316 1145 373 1171; x_wconf 87' lang='lat' dir='ltr'><strong>sive</strong></span> <span class='ocrx_word' id='word_1_337' title='bbox 386 1143 522 1170; x_wconf 75' lang='lat' dir='ltr'><strong>Bekkerus</strong></span> <span class='ocrx_word' id='word_1_338' title='bbox 536 1151 596 1171; x_wconf 85' lang='lat' dir='ltr'><strong>eam</strong></span> <span class='ocrx_word' id='word_1_339' title='bbox 609 1152 623 1169; x_wconf 91' lang='lat' dir='ltr'><strong>a</strong></span> <span class='ocrx_word' id='word_1_340' title='bbox 636 1152 678 1171; x_wconf 91' lang='lat' dir='ltr'><strong>me</strong></span> <span class='ocrx_word' id='word_1_341' title='bbox 694 1144 841 1171; x_wconf 80' lang='lat' dir='ltr'><strong>invenisset</strong></span> <span class='ocrx_word' id='word_1_342' title='bbox 858 1147 1033 1179; x_wconf 83' lang='lat' dir='ltr'><strong>propositam,</strong></span> <span class='ocrx_word' id='word_1_343' title='bbox 1045 1146 1100 1171; x_wconf 84' lang='lat' dir='ltr'><strong>sive</strong></span> <span class='ocrx_word' id='word_1_344' title='bbox 1110 1153 1168 1171; x_wconf 83' lang='lat' dir='ltr'><strong>cant</strong></span> <span class='ocrx_word' id='word_1_345' title='bbox 1184 1146 1334 1179; x_wconf 64' lang='lat' dir='ltr'><strong>concipere,</strong></span> <span class='ocrx_word' id='word_1_346' title='bbox 1346 1151 1373 1171; x_wconf 88' lang='grc' dir='ltr'><strong>ιιι</strong></span> <span class='ocrx_word' id='word_1_347' title='bbox 1385 1153 1457 1179; x_wconf 70' lang='grc' dir='ltr'>ειυρθ</span> <span class='ocrx_word' id='word_1_348' title='bbox 1479 1146 1525 1177; x_wconf 87' lang='lat' dir='ltr'><strong>sit,</strong></span> <span class='ocrx_word' id='word_1_349' title='bbox 1537 1145 1638 1172; x_wconf 90' lang='lat' dir='ltr'><strong>oblitus</strong></span> <span class='ocrx_word' id='word_1_350' title='bbox 1650 1153 1709 1172; x_wconf 78' lang='lat' dir='ltr'><strong>esse</strong></span> <span class='ocrx_word' id='word_1_351' title='bbox 1722 1156 1747 1176; x_wconf 76' lang='grc' dir='ltr'>ιι,</span> <span class='ocrx_word' id='word_1_352' title='bbox 1767 1146 1801 1172; x_wconf 73' lang='lat' dir='ltr'><strong>ita</strong></span> 
     </span>
    </p>
   </div>
   <div class='ocr_carea' id='block_1_27' title="bbox 187 1185 1803 1221">
    <p class='ocr_par' dir='ltr' id='par_1_27' title="bbox 187 1185 1803 1221">
     <span class='ocr_line' id='line_1_27' title="bbox 187 1185 1803 1221; baseline -0.001 -8"><span class='ocrx_word' id='word_1_353' title='bbox 187 1185 356 1213; x_wconf 83' lang='lat' dir='ltr'><strong>manifestam</strong></span> <span class='ocrx_word' id='word_1_354' title='bbox 373 1186 456 1212; x_wconf 84' lang='lat' dir='ltr'><strong>videri</strong></span> <span class='ocrx_word' id='word_1_355' title='bbox 469 1190 496 1212; x_wconf 86' lang='grc' dir='ltr'><strong>ιιι</strong></span> <span class='ocrx_word' id='word_1_356' title='bbox 506 1186 539 1212; x_wconf 87' lang='lat' dir='ltr'><strong>ab</strong></span> <span class='ocrx_word' id='word_1_357' title='bbox 552 1193 714 1220; x_wconf 89' lang='lat' dir='ltr'><strong>trnoqtroqtre</strong></span> <span class='ocrx_word' id='word_1_358' title='bbox 724 1194 776 1213; x_wconf 92' lang='lat' dir='ltr'><strong>rtort</strong></span> <span class='ocrx_word' id='word_1_359' title='bbox 789 1187 932 1214; x_wconf 87' lang='lat' dir='ltr'><strong>admodum</strong></span> <span class='ocrx_word' id='word_1_360' title='bbox 943 1188 1078 1214; x_wconf 84' lang='lat' dir='ltr'><strong>incurioso</strong></span> <span class='ocrx_word' id='word_1_361' title='bbox 1087 1192 1132 1213; x_wconf 86' lang='lat' dir='ltr'><strong>aut</strong></span> <span class='ocrx_word' id='word_1_362' title='bbox 1145 1186 1251 1213; x_wconf 87' lang='lat' dir='ltr'><strong>indocto</strong></span> <span class='ocrx_word' id='word_1_363' title='bbox 1262 1186 1375 1212; x_wconf 87' lang='lat' dir='ltr'><strong>inveniri</strong></span> <span class='ocrx_word' id='word_1_364' title='bbox 1389 1187 1506 1214; x_wconf 85' lang='lat' dir='ltr'><strong>deberet.</strong></span> <span class='ocrx_word' id='word_1_365' title='bbox 1519 1187 1600 1221; x_wconf 79' lang='lat' dir='ltr'><strong>Signa</strong></span> <span class='ocrx_word' id='word_1_366' title='bbox 1614 1187 1803 1220; x_wconf 63' lang='lat' dir='ltr'><strong>-l-t‘.t“.antiquo</strong></span> 
     </span>
    </p>
   </div>
   <div class='ocr_carea' id='block_1_28' title="bbox 186 1227 1804 1262">
    <p class='ocr_par' dir='ltr' id='par_1_28' title="bbox 186 1227 1804 1262">
     <span class='ocr_line' id='line_1_28' title="bbox 186 1227 1804 1262; baseline -0.001 -7"><span class='ocrx_word' id='word_1_367' title='bbox 186 1236 259 1255; x_wconf 77' lang='lat' dir='ltr'><strong>more</strong></span> <span class='ocrx_word' id='word_1_368' title='bbox 274 1228 392 1260; x_wconf 87' lang='lat' dir='ltr'><strong>reducto,</strong></span> <span class='ocrx_word' id='word_1_369' title='bbox 407 1227 516 1262; x_wconf 86' lang='lat' dir='ltr'><strong>apposui</strong></span> <span class='ocrx_word' id='word_1_370' title='bbox 533 1235 586 1261; x_wconf 89' lang='lat' dir='ltr'><strong>qtto</strong></span> <span class='ocrx_word' id='word_1_371' title='bbox 603 1227 747 1255; x_wconf 88' lang='lat' dir='ltr'><strong>indicarem</strong></span> <span class='ocrx_word' id='word_1_372' title='bbox 762 1228 848 1256; x_wconf 92' lang='lat' dir='ltr'><strong>locum</strong></span> <span class='ocrx_word' id='word_1_373' title='bbox 860 1236 1026 1262; x_wconf 86' lang='lat' dir='ltr'><strong>corruptum,</strong></span> <span class='ocrx_word' id='word_1_374' title='bbox 1040 1228 1082 1254; x_wconf 88' lang='lat' dir='ltr'><strong>cui</strong></span> <span class='ocrx_word' id='word_1_375' title='bbox 1094 1228 1224 1254; x_wconf 67' lang='lat' dir='ltr'><strong>metiendo</strong></span> <span class='ocrx_word' id='word_1_376' title='bbox 1242 1228 1405 1261; x_wconf 88' lang='lat' dir='ltr'><strong>probabilem</strong></span> <span class='ocrx_word' id='word_1_377' title='bbox 1424 1228 1604 1262; x_wconf 76' lang='lat' dir='ltr'><strong>conjecturam</strong></span> <span class='ocrx_word' id='word_1_378' title='bbox 1618 1228 1734 1255; x_wconf 80' lang='lat' dir='ltr'><strong>viderem</strong></span> <span class='ocrx_word' id='word_1_379' title='bbox 1746 1228 1804 1254; x_wconf 82' lang='lat' dir='ltr'><strong>ttul-</strong></span> 
     </span>
    </p>
   </div>
   <div class='ocr_carea' id='block_1_29' title="bbox 187 1267 1800 1303">
    <p class='ocr_par' dir='ltr' id='par_1_29' title="bbox 187 1267 1800 1303">
     <span class='ocr_line' id='line_1_29' title="bbox 187 1267 1800 1303; baseline 0.001 -9"><span class='ocrx_word' id='word_1_380' title='bbox 187 1269 250 1300; x_wconf 83' lang='lat' dir='ltr'><strong>l.tm,</strong></span> <span class='ocrx_word' id='word_1_381' title='bbox 265 1275 316 1294; x_wconf 91' lang='lat' dir='ltr'><strong>non</strong></span> <span class='ocrx_word' id='word_1_382' title='bbox 331 1270 474 1303; x_wconf 73' lang='lat' dir='ltr'><strong>typothetze</strong></span> <span class='ocrx_word' id='word_1_383' title='bbox 491 1267 693 1300; x_wconf 83' lang='lat' dir='ltr'><strong>vitioiaborare,</strong></span> <span class='ocrx_word' id='word_1_384' title='bbox 709 1268 755 1295; x_wconf 85' lang='lat' dir='ltr'><strong>sed</strong></span> <span class='ocrx_word' id='word_1_385' title='bbox 772 1269 849 1303; x_wconf 85' lang='lat' dir='ltr'><strong>plane</strong></span> <span class='ocrx_word' id='word_1_386' title='bbox 861 1269 896 1295; x_wconf 87' lang='lat' dir='ltr'><strong>ita</strong></span> <span class='ocrx_word' id='word_1_387' title='bbox 911 1269 943 1295; x_wconf 85' lang='lat' dir='ltr'><strong>ab</strong></span> <span class='ocrx_word' id='word_1_388' title='bbox 959 1268 1109 1296; x_wconf 74' lang='lat' dir='ltr'><strong>liteschelio</strong></span> <span class='ocrx_word' id='word_1_389' title='bbox 1118 1269 1218 1295; x_wconf 88' lang='lat' dir='ltr'><strong>editum</strong></span> <span class='ocrx_word' id='word_1_390' title='bbox 1230 1276 1298 1295; x_wconf 88' lang='lat' dir='ltr'><strong>esse.</strong></span> <span class='ocrx_word' id='word_1_391' title='bbox 1309 1269 1346 1294; x_wconf 84' lang='lat' dir='ltr'><strong>Ac</strong></span> <span class='ocrx_word' id='word_1_392' title='bbox 1359 1273 1420 1295; x_wconf 85' lang='lat' dir='ltr'><strong>sunt</strong></span> <span class='ocrx_word' id='word_1_393' title='bbox 1432 1274 1505 1295; x_wconf 85' lang='lat' dir='ltr'><strong>certe</strong></span> <span class='ocrx_word' id='word_1_394' title='bbox 1518 1269 1591 1302; x_wconf 90' lang='lat' dir='ltr'><strong>plura</strong></span> <span class='ocrx_word' id='word_1_395' title='bbox 1608 1276 1688 1302; x_wconf 88' lang='lat' dir='ltr'><strong>qttarn</strong></span> <span class='ocrx_word' id='word_1_396' title='bbox 1706 1269 1800 1295; x_wconf 86' lang='lat' dir='ltr'><strong>vellent</strong></span> 
     </span>
    </p>
   </div>
   <div class='ocr_carea' id='block_1_30' title="bbox 186 1311 1798 1347">
    <p class='ocr_par' dir='ltr' id='par_1_30' title="bbox 186 1311 1798 1347">
     <span class='ocr_line' id='line_1_30' title="bbox 186 1311 1798 1347; baseline 0.001 -9"><span class='ocrx_word' id='word_1_397' title='bbox 186 1313 243 1339; x_wconf 86' lang='lat' dir='ltr'><strong>loca</strong></span> <span class='ocrx_word' id='word_1_398' title='bbox 259 1312 340 1338; x_wconf 86' lang='lat' dir='ltr'><strong>etiam</strong></span> <span class='ocrx_word' id='word_1_399' title='bbox 359 1312 384 1337; x_wconf 87' lang='lat' dir='ltr'><strong>iit</strong></span> <span class='ocrx_word' id='word_1_400' title='bbox 406 1311 446 1338; x_wconf 89' lang='lat' dir='ltr'><strong>Itis</strong></span> <span class='ocrx_word' id='word_1_401' title='bbox 462 1311 640 1345; x_wconf 63' lang='lat' dir='ltr'><strong>eclogis,qtrze</strong></span> <span class='ocrx_word' id='word_1_402' title='bbox 656 1311 743 1338; x_wconf 87' lang='lat' dir='ltr'><strong>editor</strong></span> <span class='ocrx_word' id='word_1_403' title='bbox 754 1320 767 1337; x_wconf 91' lang='lat' dir='ltr'><strong>a</strong></span> <span class='ocrx_word' id='word_1_404' title='bbox 779 1312 886 1339; x_wconf 86' lang='lat' dir='ltr'><strong>licentia</strong></span> <span class='ocrx_word' id='word_1_405' title='bbox 899 1314 1017 1339; x_wconf 88' lang='lat' dir='ltr'><strong>tnntartdi</strong></span> <span class='ocrx_word' id='word_1_406' title='bbox 1033 1313 1136 1339; x_wconf 88' lang='lat' dir='ltr'><strong>alienus</strong></span> <span class='ocrx_word' id='word_1_407' title='bbox 1152 1317 1180 1339; x_wconf 89' lang='lat' dir='ltr'><strong>rtt</strong></span> <span class='ocrx_word' id='word_1_408' title='bbox 1194 1318 1255 1339; x_wconf 89' lang='lat' dir='ltr'><strong>sunt</strong></span> <span class='ocrx_word' id='word_1_409' title='bbox 1271 1313 1398 1339; x_wconf 82' lang='lat' dir='ltr'><strong>mendosa</strong></span> <span class='ocrx_word' id='word_1_410' title='bbox 1419 1313 1569 1346; x_wconf 81' lang='lat' dir='ltr'><strong>relinquere</strong></span> <span class='ocrx_word' id='word_1_411' title='bbox 1588 1313 1702 1347; x_wconf 78' lang='lat' dir='ltr'><strong>cogitur,</strong></span> <span class='ocrx_word' id='word_1_412' title='bbox 1734 1313 1798 1339; x_wconf 91' lang='lat' dir='ltr'><strong>illud</strong></span> 
     </span>
    </p>
   </div>
   <div class='ocr_carea' id='block_1_31' title="bbox 187 1353 1802 1389">
    <p class='ocr_par' dir='ltr' id='par_1_31' title="bbox 187 1353 1802 1389">
     <span class='ocr_line' id='line_1_31' title="bbox 187 1353 1802 1389; baseline 0.001 -10"><span class='ocrx_word' id='word_1_413' title='bbox 187 1359 274 1380; x_wconf 87' lang='lat' dir='ltr'><strong>tamen</strong></span> <span class='ocrx_word' id='word_1_414' title='bbox 294 1361 355 1381; x_wconf 87' lang='lat' dir='ltr'><strong>vere</strong></span> <span class='ocrx_word' id='word_1_415' title='bbox 370 1354 516 1388; x_wconf 67' lang='lat' dir='ltr'><strong>praedicare</strong></span> <span class='ocrx_word' id='word_1_416' title='bbox 534 1360 642 1387; x_wconf 85' lang='lat' dir='ltr'><strong>possunt</strong></span> <span class='ocrx_word' id='word_1_417' title='bbox 660 1353 709 1379; x_wconf 91' lang='lat' dir='ltr'><strong>hac</strong></span> <span class='ocrx_word' id='word_1_418' title='bbox 728 1354 846 1380; x_wconf 89' lang='lat' dir='ltr'><strong>cditiorte</strong></span> <span class='ocrx_word' id='word_1_419' title='bbox 861 1355 1009 1387; x_wconf 81' lang='lat' dir='ltr'><strong>perfectum</strong></span> <span class='ocrx_word' id='word_1_420' title='bbox 1027 1362 1087 1381; x_wconf 80' lang='lat' dir='ltr'><strong>esse</strong></span> <span class='ocrx_word' id='word_1_421' title='bbox 1103 1360 1130 1381; x_wconf 91' lang='lat' dir='ltr'><strong>ut</strong></span> <span class='ocrx_word' id='word_1_422' title='bbox 1144 1355 1302 1387; x_wconf 72' lang='lat' dir='ltr'><strong>utilissirmr,</strong></span> <span class='ocrx_word' id='word_1_423' title='bbox 1323 1362 1473 1389; x_wconf 82' lang='lat' dir='ltr'><strong>magnaque</strong></span> <span class='ocrx_word' id='word_1_424' title='bbox 1490 1362 1520 1380; x_wconf 75' lang='lat' dir='ltr'><strong>ex</strong></span> <span class='ocrx_word' id='word_1_425' title='bbox 1540 1359 1615 1388; x_wconf 81' lang='lat' dir='ltr'><strong>parte</strong></span> <span class='ocrx_word' id='word_1_426' title='bbox 1633 1355 1802 1389; x_wconf 75' lang='lat' dir='ltr'><strong>egregiorum</strong></span> 
     </span>
    </p>
   </div>
   <div class='ocr_carea' id='block_1_32' title="bbox 185 1395 1803 1432">
    <p class='ocr_par' dir='ltr' id='par_1_32' title="bbox 185 1395 1803 1432">
     <span class='ocr_line' id='line_1_32' title="bbox 185 1395 1803 1432; baseline 0.001 -11"><span class='ocrx_word' id='word_1_427' title='bbox 185 1397 347 1430; x_wconf 88' lang='lat' dir='ltr'><strong>scriptorum</strong></span> <span class='ocrx_word' id='word_1_428' title='bbox 364 1395 494 1429; x_wconf 66' lang='lat' dir='ltr'><strong>reliquiae,</strong></span> <span class='ocrx_word' id='word_1_429' title='bbox 505 1403 565 1428; x_wconf 66' lang='lat' dir='ltr'><strong>quae</strong></span> <span class='ocrx_word' id='word_1_430' title='bbox 582 1395 697 1421; x_wconf 83' lang='lat' dir='ltr'><strong>antehac</strong></span> <span class='ocrx_word' id='word_1_431' title='bbox 708 1395 734 1422; x_wconf 93' lang='lat' dir='ltr'><strong>in</strong></span> <span class='ocrx_word' id='word_1_432' title='bbox 750 1395 863 1429; x_wconf 79' lang='lat' dir='ltr'><strong>singulis</strong></span> <span class='ocrx_word' id='word_1_433' title='bbox 878 1397 981 1431; x_wconf 81' lang='lat' dir='ltr'><strong>paginis</strong></span> <span class='ocrx_word' id='word_1_434' title='bbox 995 1400 1135 1424; x_wconf 88' lang='lat' dir='ltr'><strong>innumera</strong></span> <span class='ocrx_word' id='word_1_435' title='bbox 1151 1397 1274 1424; x_wconf 81' lang='lat' dir='ltr'><strong>vitiorum</strong></span> <span class='ocrx_word' id='word_1_436' title='bbox 1287 1398 1458 1424; x_wconf 86' lang='lat' dir='ltr'><strong>multitudine</strong></span> <span class='ocrx_word' id='word_1_437' title='bbox 1474 1398 1594 1431; x_wconf 71' lang='lat' dir='ltr'><strong>legentes</strong></span> <span class='ocrx_word' id='word_1_438' title='bbox 1608 1398 1803 1432; x_wconf 76' lang='lat' dir='ltr'><strong>impediebant,</strong></span> 
     </span>
    </p>
   </div>
   <div class='ocr_carea' id='block_1_33' title="bbox 184 1437 1803 1475">
    <p class='ocr_par' dir='ltr' id='par_1_33' title="bbox 184 1437 1803 1475">
     <span class='ocr_line' id='line_1_33' title="bbox 184 1437 1803 1475; baseline 0.002 -12"><span class='ocrx_word' id='word_1_439' title='bbox 184 1438 237 1471; x_wconf 88' lang='lat' dir='ltr'><strong>jatn</strong></span> <span class='ocrx_word' id='word_1_440' title='bbox 261 1438 338 1472; x_wconf 72' lang='lat' dir='ltr'><strong>longe</strong></span> <span class='ocrx_word' id='word_1_441' title='bbox 356 1438 473 1464; x_wconf 80' lang='lat' dir='ltr'><strong>maxima</strong></span> <span class='ocrx_word' id='word_1_442' title='bbox 493 1444 524 1464; x_wconf 82' lang='lat' dir='ltr'><strong>ex</strong></span> <span class='ocrx_word' id='word_1_443' title='bbox 545 1444 621 1471; x_wconf 87' lang='lat' dir='ltr'><strong>parte</strong></span> <span class='ocrx_word' id='word_1_444' title='bbox 641 1437 733 1464; x_wconf 78' lang='lat' dir='ltr'><strong>faciles</strong></span> <span class='ocrx_word' id='word_1_445' title='bbox 749 1440 885 1465; x_wconf 84' lang='lat' dir='ltr'><strong>evaserint</strong></span> <span class='ocrx_word' id='word_1_446' title='bbox 908 1444 988 1473; x_wconf 84' lang='lat' dir='ltr'><strong>atquc</strong></span> <span class='ocrx_word' id='word_1_447' title='bbox 1015 1445 1114 1473; x_wconf 74' lang='lat' dir='ltr'><strong>aperta:</strong></span> <span class='ocrx_word' id='word_1_448' title='bbox 1138 1441 1170 1466; x_wconf 88' lang='lat' dir='ltr'><strong>ad</strong></span> <span class='ocrx_word' id='word_1_449' title='bbox 1190 1440 1403 1473; x_wconf 60' lang='lat' dir='ltr'><strong>intelligendum.</strong></span> <span class='ocrx_word' id='word_1_450' title='bbox 1427 1441 1493 1467; x_wconf 80' lang='lat' dir='ltr'><strong>Cum</strong></span> <span class='ocrx_word' id='word_1_451' title='bbox 1524 1441 1616 1475; x_wconf 74' lang='lat' dir='ltr'><strong>igitur,</strong></span> <span class='ocrx_word' id='word_1_452' title='bbox 1635 1448 1693 1475; x_wconf 78' lang='lat' dir='ltr'><strong>qmr:</strong></span> <span class='ocrx_word' id='word_1_453' title='bbox 1711 1440 1803 1467; x_wconf 85' lang='lat' dir='ltr'><strong>hacte-</strong></span> 
     </span>
    </p>
   </div>
   <div class='ocr_carea' id='block_1_34' title="bbox 186 1479 1799 1516">
    <p class='ocr_par' dir='ltr' id='par_1_34' title="bbox 186 1479 1799 1516">
     <span class='ocr_line' id='line_1_34' title="bbox 186 1479 1799 1516; baseline 0.001 -10"><span class='ocrx_word' id='word_1_454' title='bbox 186 1487 238 1506; x_wconf 91' lang='lat' dir='ltr'><strong>nus</strong></span> <span class='ocrx_word' id='word_1_455' title='bbox 254 1479 373 1514; x_wconf 77' lang='lat' dir='ltr'><strong>ncglecta</strong></span> <span class='ocrx_word' id='word_1_456' title='bbox 391 1479 526 1514; x_wconf 85' lang='lat' dir='ltr'><strong>jaeebarrt,</strong></span> <span class='ocrx_word' id='word_1_457' title='bbox 542 1479 600 1506; x_wconf 89' lang='lat' dir='ltr'><strong>sine</strong></span> <span class='ocrx_word' id='word_1_458' title='bbox 620 1479 701 1506; x_wconf 90' lang='lat' dir='ltr'><strong>dubio</strong></span> <span class='ocrx_word' id='word_1_459' title='bbox 719 1479 802 1506; x_wconf 87' lang='lat' dir='ltr'><strong>rttulto</strong></span> <span class='ocrx_word' id='word_1_460' title='bbox 820 1480 941 1514; x_wconf 92' lang='lat' dir='ltr'><strong>pluribus</strong></span> <span class='ocrx_word' id='word_1_461' title='bbox 959 1489 1039 1516; x_wconf 85' lang='lat' dir='ltr'><strong>quam</strong></span> <span class='ocrx_word' id='word_1_462' title='bbox 1057 1486 1136 1507; x_wconf 84' lang='lat' dir='ltr'><strong>antea</strong></span> <span class='ocrx_word' id='word_1_463' title='bbox 1161 1481 1346 1513; x_wconf 77' lang='lat' dir='ltr'><strong>innotescent,</strong></span> <span class='ocrx_word' id='word_1_464' title='bbox 1363 1482 1451 1508; x_wconf 88' lang='lat' dir='ltr'><strong>oblata</strong></span> <span class='ocrx_word' id='word_1_465' title='bbox 1474 1486 1514 1507; x_wconf 87' lang='lat' dir='ltr'><strong>est</strong></span> <span class='ocrx_word' id='word_1_466' title='bbox 1530 1482 1646 1516; x_wconf 76' lang='lat' dir='ltr'><strong>occasio,</strong></span> <span class='ocrx_word' id='word_1_467' title='bbox 1663 1483 1799 1515; x_wconf 74' lang='lat' dir='ltr'><strong>pnuclaris</strong></span> 
     </span>
    </p>
   </div>
   <div class='ocr_carea' id='block_1_35' title="bbox 188 1520 1801 1557">
    <p class='ocr_par' dir='ltr' id='par_1_35' title="bbox 188 1520 1801 1557">
     <span class='ocr_line' id='line_1_35' title="bbox 188 1520 1801 1557; baseline 0.001 -9"><span class='ocrx_word' id='word_1_468' title='bbox 188 1522 302 1555; x_wconf 71' lang='lat' dir='ltr'><strong>ingeniis</strong></span> <span class='ocrx_word' id='word_1_469' title='bbox 318 1521 387 1547; x_wconf 85' lang='lat' dir='ltr'><strong>haud</strong></span> <span class='ocrx_word' id='word_1_470' title='bbox 408 1521 527 1556; x_wconf 71' lang='lat' dir='ltr'><strong>indigna,</strong></span> <span class='ocrx_word' id='word_1_471' title='bbox 551 1521 594 1547; x_wconf 89' lang='lat' dir='ltr'><strong>ttbi</strong></span> <span class='ocrx_word' id='word_1_472' title='bbox 613 1520 653 1548; x_wconf 90' lang='lat' dir='ltr'><strong>vis</strong></span> <span class='ocrx_word' id='word_1_473' title='bbox 670 1521 807 1547; x_wconf 82' lang='lat' dir='ltr'><strong>divinandi</strong></span> <span class='ocrx_word' id='word_1_474' title='bbox 826 1530 855 1548; x_wconf 85' lang='lat' dir='ltr'><strong>se</strong></span> <span class='ocrx_word' id='word_1_475' title='bbox 871 1529 997 1549; x_wconf 78' lang='lat' dir='ltr'><strong>exerceat</strong></span> <span class='ocrx_word' id='word_1_476' title='bbox 1012 1529 1038 1550; x_wconf 85' lang='lat' dir='ltr'><strong>et</strong></span> <span class='ocrx_word' id='word_1_477' title='bbox 1053 1525 1121 1550; x_wconf 84' lang='lat' dir='ltr'><strong>bene</strong></span> <span class='ocrx_word' id='word_1_478' title='bbox 1132 1528 1219 1557; x_wconf 72' lang='lat' dir='ltr'><strong>coepta</strong></span> <span class='ocrx_word' id='word_1_479' title='bbox 1237 1523 1342 1557; x_wconf 79' lang='lat' dir='ltr'><strong>longius</strong></span> <span class='ocrx_word' id='word_1_480' title='bbox 1354 1524 1494 1556; x_wconf 82' lang='lat' dir='ltr'><strong>producat.</strong></span> <span class='ocrx_word' id='word_1_481' title='bbox 1511 1523 1548 1549; x_wconf 68' lang='lat' dir='ltr'><strong>Ex</strong></span> <span class='ocrx_word' id='word_1_482' title='bbox 1567 1524 1801 1550; x_wconf 81' lang='lat' dir='ltr'><strong>cmendationihus</strong></span> 
     </span>
    </p>
   </div>
   <div class='ocr_carea' id='block_1_36' title="bbox 189 1562 1805 1599">
    <p class='ocr_par' dir='ltr' id='par_1_36' title="bbox 189 1562 1805 1599">
     <span class='ocr_line' id='line_1_36' title="bbox 189 1562 1805 1599; baseline 0.001 -10"><span class='ocrx_word' id='word_1_483' title='bbox 189 1571 256 1598; x_wconf 86' lang='lat' dir='ltr'><strong>quas</strong></span> <span class='ocrx_word' id='word_1_484' title='bbox 270 1564 431 1598; x_wconf 88' lang='lat' dir='ltr'><strong>recepimus,</strong></span> <span class='ocrx_word' id='word_1_485' title='bbox 454 1562 544 1590; x_wconf 77' lang='lat' dir='ltr'><strong>multte</strong></span> <span class='ocrx_word' id='word_1_486' title='bbox 560 1562 744 1590; x_wconf 75' lang='lat' dir='ltr'><strong>lltescltelium</strong></span> <span class='ocrx_word' id='word_1_487' title='bbox 768 1564 868 1590; x_wconf 85' lang='lat' dir='ltr'><strong>habent</strong></span> <span class='ocrx_word' id='word_1_488' title='bbox 887 1570 1036 1595; x_wconf 85' lang='lat' dir='ltr'><strong>auctorem,</strong></span> <span class='ocrx_word' id='word_1_489' title='bbox 1060 1565 1086 1591; x_wconf 91' lang='lat' dir='ltr'><strong>iu</strong></span> <span class='ocrx_word' id='word_1_490' title='bbox 1108 1565 1230 1599; x_wconf 75' lang='lat' dir='ltr'><strong>margine</strong></span> <span class='ocrx_word' id='word_1_491' title='bbox 1249 1565 1374 1591; x_wconf 81' lang='lat' dir='ltr'><strong>editionis</strong></span> <span class='ocrx_word' id='word_1_492' title='bbox 1398 1565 1456 1598; x_wconf 87' lang='lat' dir='ltr'><strong>ejus</strong></span> <span class='ocrx_word' id='word_1_493' title='bbox 1473 1565 1616 1599; x_wconf 81' lang='lat' dir='ltr'><strong>proposita:</strong></span> <span class='ocrx_word' id='word_1_494' title='bbox 1635 1573 1732 1599; x_wconf 79' lang='lat' dir='ltr'><strong>:qtras,</strong></span> <span class='ocrx_word' id='word_1_495' title='bbox 1749 1567 1805 1592; x_wconf 81' lang='lat' dir='ltr'><strong>sive</strong></span> 
     </span>
    </p>
   </div>
   <div class='ocr_carea' id='block_1_37' title="bbox 189 1605 1807 1640">
    <p class='ocr_par' dir='ltr' id='par_1_37' title="bbox 189 1605 1807 1640">
     <span class='ocr_line' id='line_1_37' title="bbox 189 1605 1807 1640; baseline 0.001 -9"><span class='ocrx_word' id='word_1_496' title='bbox 189 1605 267 1632; x_wconf 85' lang='lat' dir='ltr'><strong>nobis</strong></span> <span class='ocrx_word' id='word_1_497' title='bbox 282 1605 460 1639; x_wconf 86' lang='lat' dir='ltr'><strong>probarentur</strong></span> <span class='ocrx_word' id='word_1_498' title='bbox 481 1605 537 1632; x_wconf 88' lang='lat' dir='ltr'><strong>sive</strong></span> <span class='ocrx_word' id='word_1_499' title='bbox 553 1605 652 1636; x_wconf 89' lang='lat' dir='ltr'><strong>tttinus,</strong></span> <span class='ocrx_word' id='word_1_500' title='bbox 673 1606 812 1638; x_wconf 83' lang='lat' dir='ltr'><strong>designavi</strong></span> <span class='ocrx_word' id='word_1_501' title='bbox 831 1606 899 1638; x_wconf 80' lang='lat' dir='ltr'><strong>sigla</strong></span> <span class='ocrx_word' id='word_1_502' title='bbox 921 1605 956 1631; x_wconf 85' lang='lat' dir='ltr'><strong>ll.</strong></span> <span class='ocrx_word' id='word_1_503' title='bbox 975 1606 1046 1633; x_wconf 89' lang='lat' dir='ltr'><strong>ldetn</strong></span> <span class='ocrx_word' id='word_1_504' title='bbox 1067 1606 1235 1633; x_wconf 64' lang='lat' dir='ltr'><strong>lloeschelius</strong></span> <span class='ocrx_word' id='word_1_505' title='bbox 1251 1606 1292 1632; x_wconf 86' lang='lat' dir='ltr'><strong>tibi</strong></span> <span class='ocrx_word' id='word_1_506' title='bbox 1309 1607 1443 1640; x_wconf 81' lang='lat' dir='ltr'><strong>geminum</strong></span> <span class='ocrx_word' id='word_1_507' title='bbox 1463 1606 1583 1632; x_wconf 83' lang='lat' dir='ltr'><strong>codicem</strong></span> <span class='ocrx_word' id='word_1_508' title='bbox 1607 1607 1760 1638; x_wconf 73' lang='lat' dir='ltr'><strong>atlhibtbat,</strong></span> <span class='ocrx_word' id='word_1_509' title='bbox 1780 1613 1807 1632; x_wconf 88' lang='lat' dir='ltr'><strong>ct</strong></span> 
     </span>
    </p>
   </div>
   <div class='ocr_carea' id='block_1_38' title="bbox 158 1646 1805 1681">
    <p class='ocr_par' dir='ltr' id='par_1_38' title="bbox 158 1646 1805 1681">
     <span class='ocr_line' id='line_1_38' title="bbox 158 1646 1805 1681; baseline 0.001 -8"><span class='ocrx_word' id='word_1_510' title='bbox 158 1670 169 1673; x_wconf 72' lang='lat'><strong>_</strong></span> <span class='ocrx_word' id='word_1_511' title='bbox 189 1647 293 1674; x_wconf 85' lang='lat' dir='ltr'><strong>Scltotti</strong></span> <span class='ocrx_word' id='word_1_512' title='bbox 314 1651 340 1673; x_wconf 89' lang='lat' dir='ltr'><strong>et</strong></span> <span class='ocrx_word' id='word_1_513' title='bbox 355 1646 644 1680; x_wconf 85' lang='lat' dir='ltr'><strong>Bavaricttrn,quotics</strong></span> <span class='ocrx_word' id='word_1_514' title='bbox 664 1646 690 1672; x_wconf 91' lang='lat' dir='ltr'><strong>hi</strong></span> <span class='ocrx_word' id='word_1_515' title='bbox 716 1646 785 1673; x_wconf 71' lang='lat' dir='ltr'><strong>inter</strong></span> <span class='ocrx_word' id='word_1_516' title='bbox 808 1654 837 1673; x_wconf 83' lang='lat' dir='ltr'><strong>se</strong></span> <span class='ocrx_word' id='word_1_517' title='bbox 859 1647 1004 1679; x_wconf 80' lang='lat' dir='ltr'><strong>variarent,</strong></span> <span class='ocrx_word' id='word_1_518' title='bbox 1020 1648 1203 1674; x_wconf 84' lang='lat' dir='ltr'><strong>diversitatem</strong></span> <span class='ocrx_word' id='word_1_519' title='bbox 1228 1647 1319 1673; x_wconf 87' lang='lat' dir='ltr'><strong>itidem</strong></span> <span class='ocrx_word' id='word_1_520' title='bbox 1342 1647 1367 1673; x_wconf 92' lang='lat' dir='ltr'><strong>in</strong></span> <span class='ocrx_word' id='word_1_521' title='bbox 1393 1648 1514 1681; x_wconf 81' lang='lat' dir='ltr'><strong>margine</strong></span> <span class='ocrx_word' id='word_1_522' title='bbox 1535 1647 1674 1678; x_wconf 86' lang='lat' dir='ltr'><strong>indicavit,</strong></span> <span class='ocrx_word' id='word_1_523' title='bbox 1695 1650 1805 1679; x_wconf 70' lang='lat' dir='ltr'><strong>praitixa</strong></span> 
     </span>
    </p>
   </div>
   <div class='ocr_carea' id='block_1_39' title="bbox 188 1687 1805 1723">
    <p class='ocr_par' dir='ltr' id='par_1_39' title="bbox 188 1687 1805 1723">
     <span class='ocr_line' id='line_1_39' title="bbox 188 1687 1805 1723; baseline -0.001 -7"><span class='ocrx_word' id='word_1_524' title='bbox 188 1688 254 1722; x_wconf 75' lang='lat' dir='ltr'><strong>sigla</strong></span> <span class='ocrx_word' id='word_1_525' title='bbox 271 1688 308 1716; x_wconf 82' lang='lat' dir='ltr'><strong>al.</strong></span> <span class='ocrx_word' id='word_1_526' title='bbox 322 1687 376 1715; x_wconf 84' lang='lat' dir='ltr'><strong>Has</strong></span> <span class='ocrx_word' id='word_1_527' title='bbox 394 1688 536 1714; x_wconf 82' lang='lat' dir='ltr'><strong>varietates</strong></span> <span class='ocrx_word' id='word_1_528' title='bbox 554 1696 606 1722; x_wconf 82' lang='lat' dir='ltr'><strong>mg.</strong></span> <span class='ocrx_word' id='word_1_529' title='bbox 628 1687 662 1714; x_wconf 88' lang='lat' dir='ltr'><strong>ll.</strong></span> <span class='ocrx_word' id='word_1_530' title='bbox 677 1687 814 1721; x_wconf 74' lang='lat' dir='ltr'><strong>designavi</strong></span> <span class='ocrx_word' id='word_1_531' title='bbox 833 1699 839 1713; x_wconf 84' lang='lat'>;</span> <span class='ocrx_word' id='word_1_532' title='bbox 855 1696 903 1721; x_wconf 91' lang='lat' dir='ltr'><strong>pro</strong></span> <span class='ocrx_word' id='word_1_533' title='bbox 919 1696 973 1723; x_wconf 86' lang='lat' dir='ltr'><strong>quo</strong></span> <span class='ocrx_word' id='word_1_534' title='bbox 993 1697 1048 1715; x_wconf 83' lang='lat' dir='ltr'><strong>var.</strong></span> <span class='ocrx_word' id='word_1_535' title='bbox 1069 1688 1105 1714; x_wconf 84' lang='lat' dir='ltr'><strong>ll.</strong></span> <span class='ocrx_word' id='word_1_536' title='bbox 1123 1688 1242 1715; x_wconf 87' lang='lat' dir='ltr'><strong>scribere</strong></span> <span class='ocrx_word' id='word_1_537' title='bbox 1257 1693 1331 1715; x_wconf 88' lang='lat' dir='ltr'><strong>certe</strong></span> <span class='ocrx_word' id='word_1_538' title='bbox 1348 1689 1533 1721; x_wconf 76' lang='lat' dir='ltr'><strong>prazstitisset;</strong></span> <span class='ocrx_word' id='word_1_539' title='bbox 1549 1695 1639 1714; x_wconf 85' lang='lat' dir='ltr'><strong>verum</strong></span> <span class='ocrx_word' id='word_1_540' title='bbox 1658 1689 1682 1714; x_wconf 91' lang='lat' dir='ltr'><strong>irt</strong></span> <span class='ocrx_word' id='word_1_541' title='bbox 1707 1696 1734 1714; x_wconf 85' lang='lat' dir='ltr'><strong>re</strong></span> <span class='ocrx_word' id='word_1_542' title='bbox 1753 1694 1805 1715; x_wconf 90' lang='lat' dir='ltr'><strong>tant</strong></span> 
     </span>
    </p>
   </div>
   <div class='ocr_carea' id='block_1_40' title="bbox 189 1728 1807 1764">
    <p class='ocr_par' dir='ltr' id='par_1_40' title="bbox 189 1728 1807 1764">
     <span class='ocr_line' id='line_1_40' title="bbox 189 1728 1807 1764; baseline 0.001 -8"><span class='ocrx_word' id='word_1_543' title='bbox 189 1730 238 1756; x_wconf 82' lang='lat' dir='ltr'><strong>levi</strong></span> <span class='ocrx_word' id='word_1_544' title='bbox 265 1729 501 1763; x_wconf 87' lang='lat' dir='ltr'><strong>reprehensionem</strong></span> <span class='ocrx_word' id='word_1_545' title='bbox 531 1729 573 1755; x_wconf 85' lang='lat' dir='ltr'><strong>vix</strong></span> <span class='ocrx_word' id='word_1_546' title='bbox 603 1734 703 1755; x_wconf 89' lang='lat' dir='ltr'><strong>metuo.</strong></span> <span class='ocrx_word' id='word_1_547' title='bbox 724 1728 837 1756; x_wconf 87' lang='lat' dir='ltr'><strong>Gravius</strong></span> <span class='ocrx_word' id='word_1_548' title='bbox 858 1734 898 1756; x_wconf 89' lang='lat' dir='ltr'><strong>est</strong></span> <span class='ocrx_word' id='word_1_549' title='bbox 921 1731 990 1763; x_wconf 86' lang='lat' dir='ltr'><strong>quod</strong></span> <span class='ocrx_word' id='word_1_550' title='bbox 1011 1730 1157 1764; x_wconf 83' lang='lat' dir='ltr'><strong>aliquando</strong></span> <span class='ocrx_word' id='word_1_551' title='bbox 1183 1729 1227 1756; x_wconf 82' lang='lat' dir='ltr'><strong>tibi</strong></span> <span class='ocrx_word' id='word_1_552' title='bbox 1253 1729 1376 1763; x_wconf 75' lang='lat' dir='ltr'><strong>plagulas</strong></span> <span class='ocrx_word' id='word_1_553' title='bbox 1397 1730 1531 1764; x_wconf 87' lang='lat' dir='ltr'><strong>inspicere</strong></span> <span class='ocrx_word' id='word_1_554' title='bbox 1552 1729 1711 1757; x_wconf 81' lang='lat' dir='ltr'><strong>domesticis</strong></span> <span class='ocrx_word' id='word_1_555' title='bbox 1734 1731 1807 1757; x_wconf 85' lang='lat' dir='ltr'><strong>cut-is</strong></span> 
     </span>
    </p>
   </div>
   <div class='ocr_carea' id='block_1_41' title="bbox 189 1770 1384 1807">
    <p class='ocr_par' dir='ltr' id='par_1_41' title="bbox 189 1770 1384 1807">
     <span class='ocr_line' id='line_1_41' title="bbox 189 1770 1384 1807; baseline 0 -9"><span class='ocrx_word' id='word_1_556' title='bbox 189 1771 332 1806; x_wconf 83' lang='lat' dir='ltr'><strong>impeditus</strong></span> <span class='ocrx_word' id='word_1_557' title='bbox 352 1770 455 1799; x_wconf 85' lang='lat' dir='ltr'><strong>fuerant</strong></span> <span class='ocrx_word' id='word_1_558' title='bbox 476 1779 529 1805; x_wconf 86' lang='lat' dir='ltr'><strong>mg.</strong></span> <span class='ocrx_word' id='word_1_559' title='bbox 551 1770 588 1797; x_wconf 86' lang='lat' dir='ltr'><strong>II.</strong></span> <span class='ocrx_word' id='word_1_560' title='bbox 613 1771 732 1805; x_wconf 89' lang='lat' dir='ltr'><strong>ponitur,</strong></span> <span class='ocrx_word' id='word_1_561' title='bbox 749 1778 809 1797; x_wconf 88' lang='lat' dir='ltr'><strong>cum</strong></span> <span class='ocrx_word' id='word_1_562' title='bbox 833 1775 922 1797; x_wconf 85' lang='lat' dir='ltr'><strong>tamen</strong></span> <span class='ocrx_word' id='word_1_563' title='bbox 942 1771 1097 1806; x_wconf 85' lang='lat' dir='ltr'><strong>conjectura</strong></span> <span class='ocrx_word' id='word_1_564' title='bbox 1118 1771 1280 1807; x_wconf 77' lang='lat' dir='ltr'><strong>designanda</strong></span> <span class='ocrx_word' id='word_1_565' title='bbox 1301 1776 1384 1799; x_wconf 76' lang='lat' dir='ltr'><strong>esset.</strong></span> 
     </span>
    </p>
   </div>
   <div class='ocr_carea' id='block_1_42' title="bbox 225 1811 910 1847">
    <p class='ocr_par' dir='ltr' id='par_1_42' title="bbox 225 1811 910 1847">
     <span class='ocr_line' id='line_1_42' title="bbox 225 1811 910 1847; baseline -0.004 -6"><span class='ocrx_word' id='word_1_566' title='bbox 225 1811 313 1841; x_wconf 77' lang='lat' dir='ltr'><strong>Scrih.</strong></span> <span class='ocrx_word' id='word_1_567' title='bbox 329 1813 426 1840; x_wconf 85' lang='lat' dir='ltr'><strong>Bonna-</strong></span> <span class='ocrx_word' id='word_1_568' title='bbox 438 1818 521 1847; x_wconf 85' lang='lat' dir='ltr'><strong>postr.</strong></span> <span class='ocrx_word' id='word_1_569' title='bbox 534 1811 603 1839; x_wconf 86' lang='lat' dir='ltr'><strong>Non.</strong></span> <span class='ocrx_word' id='word_1_570' title='bbox 619 1811 676 1839; x_wconf 88' lang='lat' dir='ltr'><strong>Oct.</strong></span> <span class='ocrx_word' id='word_1_571' title='bbox 696 1811 910 1839; x_wconf 77' lang='lat' dir='ltr'><strong>MDCCCXXIX.</strong></span> 
     </span>
    </p>
   </div>
   <div class='ocr_carea' id='block_1_43' title="bbox 486 1933 1510 1971">
    <p class='ocr_par' dir='ltr' id='par_1_43' title="bbox 486 1933 1510 1971">
     <span class='ocr_line' id='line_1_43' title="bbox 486 1933 1510 1971; baseline 0.001 -7"><span class='ocrx_word' id='word_1_572' title='bbox 486 1935 536 1965; x_wconf 87' lang='lat' dir='ltr'><strong>DE</strong></span> <span class='ocrx_word' id='word_1_573' title='bbox 558 1934 779 1966; x_wconf 84' lang='lat' dir='ltr'><strong>HISTORICIS</strong></span> <span class='ocrx_word' id='word_1_574' title='bbox 799 1934 964 1971; x_wconf 86' lang='lat' dir='ltr'><strong>QUORUM</strong></span> <span class='ocrx_word' id='word_1_575' title='bbox 983 1933 1179 1970; x_wconf 75' lang='lat' dir='ltr'><strong>RELIQUI/E</strong></span> <span class='ocrx_word' id='word_1_576' title='bbox 1206 1934 1270 1964; x_wconf 89' lang='lat' dir='ltr'><strong>HIC</strong></span> <span class='ocrx_word' id='word_1_577' title='bbox 1296 1935 1510 1965; x_wconf 81' lang='lat' dir='ltr'><strong>PRODEUNT.</strong></span> 
     </span>
    </p>
   </div>
   <div class='ocr_carea' id='block_1_44' title="bbox 226 2039 1809 2075">
    <p class='ocr_par' dir='ltr' id='par_1_44' title="bbox 226 2039 1809 2075">
     <span class='ocr_line' id='line_1_44' title="bbox 226 2039 1809 2075; baseline -0.001 -7"><span class='ocrx_word' id='word_1_578' title='bbox 226 2040 372 2068; x_wconf 81' lang='lat' dir='ltr'><strong>PUBLIUS</strong></span> <span class='ocrx_word' id='word_1_579' title='bbox 395 2039 593 2069; x_wconf 78' lang='lat' dir='ltr'><strong>IIEBENNIUS</strong></span> <span class='ocrx_word' id='word_1_580' title='bbox 619 2039 788 2068; x_wconf 82' lang='lat' dir='ltr'><strong>DEXIPPUS</strong></span> <span class='ocrx_word' id='word_1_581' title='bbox 806 2040 856 2075; x_wconf 79' lang='grc' dir='ltr'><strong>(ι),</strong></span> <span class='ocrx_word' id='word_1_582' title='bbox 881 2040 970 2069; x_wconf 79' lang='lat' dir='ltr'><strong>Ptole-</strong></span> <span class='ocrx_word' id='word_1_583' title='bbox 989 2044 1012 2073; x_wconf 79' lang='grc' dir='ltr'><strong>Α</strong></span> <span class='ocrx_word' id='word_1_584' title='bbox 1026 2041 1115 2074; x_wconf 84' lang='lat' dir='ltr'><strong>classi,</strong></span> <span class='ocrx_word' id='word_1_585' title='bbox 1130 2040 1172 2068; x_wconf 91' lang='lat' dir='ltr'><strong>cui</strong></span> <span class='ocrx_word' id='word_1_586' title='bbox 1183 2039 1341 2067; x_wconf 88' lang='lat' dir='ltr'><strong>Cleodamus</strong></span> <span class='ocrx_word' id='word_1_587' title='bbox 1357 2044 1480 2075; x_wconf 77' lang='lat' dir='ltr'><strong>praeerat,</strong></span> <span class='ocrx_word' id='word_1_588' title='bbox 1500 2039 1809 2074; x_wconf 85' lang='lat' dir='ltr'><strong>conjunctus,ultioncm</strong></span> 
     </span>
    </p>
   </div>
   <div class='ocr_carea' id='block_1_45' title="bbox 191 2086 1808 2122">
    <p class='ocr_par' dir='ltr' id='par_1_45' title="bbox 191 2086 1808 2122">
     <span class='ocr_line' id='line_1_45' title="bbox 191 2086 1808 2122; baseline 0 -8"><span class='ocrx_word' id='word_1_589' title='bbox 191 2088 250 2114; x_wconf 68' lang='lat' dir='ltr'><strong>mzci</strong></span> <span class='ocrx_word' id='word_1_590' title='bbox 267 2087 285 2113; x_wconf 87' lang='lat' dir='ltr'><strong>f.</strong></span> <span class='ocrx_word' id='word_1_591' title='bbox 302 2087 353 2122; x_wconf 74' lang='lat'><strong>(‘2).</strong></span> <span class='ocrx_word' id='word_1_592' title='bbox 378 2087 561 2119; x_wconf 78' lang='lat' dir='ltr'><strong>Atheniensis,</strong></span> <span class='ocrx_word' id='word_1_593' title='bbox 577 2087 650 2122; x_wconf 71' lang='lat' dir='ltr'><strong>Page</strong></span> <span class='ocrx_word' id='word_1_594' title='bbox 670 2086 837 2119; x_wconf 85' lang='lat' dir='ltr'><strong>Hermcnsis,</strong></span> <span class='ocrx_word' id='word_1_595' title='bbox 859 2094 874 2113; x_wconf 94' lang='lat' dir='ltr'><strong>e</strong></span> <span class='ocrx_word' id='word_1_596' title='bbox 890 2087 973 2121; x_wconf 87' lang='lat' dir='ltr'><strong>Cery-</strong></span> <span class='ocrx_word' id='word_1_597' title='bbox 1024 2087 1057 2114; x_wconf 89' lang='lat' dir='ltr'><strong>de</strong></span> <span class='ocrx_word' id='word_1_598' title='bbox 1072 2087 1199 2114; x_wconf 79' lang='lat' dir='ltr'><strong>Barbaris</strong></span> <span class='ocrx_word' id='word_1_599' title='bbox 1214 2086 1332 2121; x_wconf 80' lang='lat' dir='ltr'><strong>aliquam</strong></span> <span class='ocrx_word' id='word_1_600' title='bbox 1359 2087 1485 2120; x_wconf 88' lang='lat' dir='ltr'><strong>sumpsit,</strong></span> <span class='ocrx_word' id='word_1_601' title='bbox 1512 2086 1598 2115; x_wconf 87' lang='lat' dir='ltr'><strong>tribus</strong></span> <span class='ocrx_word' id='word_1_602' title='bbox 1630 2086 1748 2114; x_wconf 87' lang='lat' dir='ltr'><strong>millibus</strong></span> <span class='ocrx_word' id='word_1_603' title='bbox 1776 2095 1808 2114; x_wconf 88' lang='lat' dir='ltr'><strong>ex</strong></span> 
     </span>
    </p>
   </div>
   <div class='ocr_carea' id='block_1_46' title="bbox 190 2132 975 2168">
    <p class='ocr_par' dir='ltr' id='par_1_46' title="bbox 190 2132 975 2168">
     <span class='ocr_line' id='line_1_46' title="bbox 190 2132 975 2168; baseline 0.001 -9"><span class='ocrx_word' id='word_1_604' title='bbox 190 2140 251 2160; x_wconf 87' lang='lat' dir='ltr'><strong>cum</strong></span> <span class='ocrx_word' id='word_1_605' title='bbox 268 2138 348 2167; x_wconf 72' lang='lat' dir='ltr'><strong>gente</strong></span> <span class='ocrx_word' id='word_1_606' title='bbox 365 2133 413 2168; x_wconf 80' lang='grc'><strong>(5),</strong></span> <span class='ocrx_word' id='word_1_607' title='bbox 427 2132 548 2160; x_wconf 77' lang='lat' dir='ltr'><strong>summos</strong></span> <span class='ocrx_word' id='word_1_608' title='bbox 563 2132 590 2160; x_wconf 91' lang='lat' dir='ltr'><strong>in</strong></span> <span class='ocrx_word' id='word_1_609' title='bbox 608 2133 718 2159; x_wconf 88' lang='lat' dir='ltr'><strong>civitate</strong></span> <span class='ocrx_word' id='word_1_610' title='bbox 734 2133 851 2160; x_wconf 90' lang='lat' dir='ltr'><strong>honores</strong></span> <span class='ocrx_word' id='word_1_611' title='bbox 861 2132 975 2167; x_wconf 86' lang='lat' dir='ltr'><strong>adeptus</strong></span> 
     </span>
    </p>
   </div>
   <div class='ocr_carea' id='block_1_47' title="bbox 189 2178 975 2213">
    <p class='ocr_par' dir='ltr' id='par_1_47' title="bbox 189 2178 975 2213">
     <span class='ocr_line' id='line_1_47' title="bbox 189 2178 975 2213; baseline -0.001 -8"><span class='ocrx_word' id='word_1_612' title='bbox 189 2184 242 2212; x_wconf 83' lang='lat' dir='ltr'><strong>est,</strong></span> <span class='ocrx_word' id='word_1_613' title='bbox 256 2187 300 2206; x_wconf 91' lang='lat' dir='ltr'><strong>rex</strong></span> <span class='ocrx_word' id='word_1_614' title='bbox 322 2183 429 2206; x_wconf 80' lang='lat' dir='ltr'><strong>creatus</strong></span> <span class='ocrx_word' id='word_1_615' title='bbox 451 2183 533 2213; x_wconf 87' lang='lat' dir='ltr'><strong>atque</strong></span> <span class='ocrx_word' id='word_1_616' title='bbox 549 2178 651 2205; x_wconf 83' lang='lat' dir='ltr'><strong>arehon</strong></span> <span class='ocrx_word' id='word_1_617' title='bbox 672 2185 837 2213; x_wconf 85' lang='lat' dir='ltr'><strong>eponynrus;</strong></span> <span class='ocrx_word' id='word_1_618' title='bbox 856 2178 975 2212; x_wconf 83' lang='lat' dir='ltr'><strong>splendi-</strong></span> 
     </span>
    </p>
   </div>
   <div class='ocr_carea' id='block_1_48' title="bbox 189 2222 973 2259">
    <p class='ocr_par' dir='ltr' id='par_1_48' title="bbox 189 2222 973 2259">
     <span class='ocr_line' id='line_1_48' title="bbox 189 2222 973 2259; baseline -0.001 -8"><span class='ocrx_word' id='word_1_619' title='bbox 189 2225 278 2259; x_wconf 83' lang='lat' dir='ltr'><strong>deque</strong></span> <span class='ocrx_word' id='word_1_620' title='bbox 299 2224 468 2259; x_wconf 63' lang='lat' dir='ltr'><strong>agonothetm</strong></span> <span class='ocrx_word' id='word_1_621' title='bbox 490 2230 604 2251; x_wconf 86' lang='lat' dir='ltr'><strong>munere</strong></span> <span class='ocrx_word' id='word_1_622' title='bbox 632 2222 823 2251; x_wconf 73' lang='lat' dir='ltr'><strong>Panutltenzeis</strong></span> <span class='ocrx_word' id='word_1_623' title='bbox 847 2222 973 2257; x_wconf 87' lang='lat' dir='ltr'><strong>functus;</strong></span> 
     </span>
    </p>
   </div>
   <div class='ocr_carea' id='block_1_49' title="bbox 190 2270 975 2305">
    <p class='ocr_par' dir='ltr' id='par_1_49' title="bbox 190 2270 975 2305">
     <span class='ocr_line' id='line_1_49' title="bbox 190 2270 975 2305; baseline 0 -9"><span class='ocrx_word' id='word_1_624' title='bbox 190 2271 279 2297; x_wconf 87' lang='lat' dir='ltr'><strong>clarus</strong></span> <span class='ocrx_word' id='word_1_625' title='bbox 297 2275 388 2297; x_wconf 83' lang='lat' dir='ltr'><strong>orator</strong></span> <span class='ocrx_word' id='word_1_626' title='bbox 409 2274 490 2305; x_wconf 87' lang='lat' dir='ltr'><strong>atqtte</strong></span> <span class='ocrx_word' id='word_1_627' title='bbox 511 2270 684 2298; x_wconf 85' lang='lat' dir='ltr'><strong>historiarum</strong></span> <span class='ocrx_word' id='word_1_628' title='bbox 707 2270 840 2305; x_wconf 84' lang='lat' dir='ltr'><strong>scriptor;</strong></span> <span class='ocrx_word' id='word_1_629' title='bbox 867 2274 975 2305; x_wconf 89' lang='lat' dir='ltr'><strong>propter</strong></span> 
     </span>
    </p>
   </div>
   <div class='ocr_carea' id='block_1_50' title="bbox 191 2316 976 2352">
    <p class='ocr_par' dir='ltr' id='par_1_50' title="bbox 191 2316 976 2352">
     <span class='ocr_line' id='line_1_50' title="bbox 191 2316 976 2352; baseline -0.001 -9"><span class='ocrx_word' id='word_1_630' title='bbox 191 2325 259 2352; x_wconf 83' lang='lat' dir='ltr'><strong>quas</strong></span> <span class='ocrx_word' id='word_1_631' title='bbox 273 2316 387 2344; x_wconf 64' lang='lat' dir='ltr'><strong>fortuna:</strong></span> <span class='ocrx_word' id='word_1_632' title='bbox 410 2316 491 2344; x_wconf 84' lang='lat' dir='ltr'><strong>simul</strong></span> <span class='ocrx_word' id='word_1_633' title='bbox 510 2322 590 2351; x_wconf 87' lang='lat' dir='ltr'><strong>atque</strong></span> <span class='ocrx_word' id='word_1_634' title='bbox 618 2316 757 2343; x_wconf 60' lang='lat' dir='ltr'><strong>industria</strong></span> <span class='ocrx_word' id='word_1_635' title='bbox 778 2316 855 2344; x_wconf 88' lang='lat' dir='ltr'><strong>dotes</strong></span> <span class='ocrx_word' id='word_1_636' title='bbox 879 2320 976 2343; x_wconf 71' lang='lat' dir='ltr'><strong>statua:</strong></span> 
     </span>
    </p>
   </div>
   <div class='ocr_carea' id='block_1_51' title="bbox 193 2363 974 2397">
    <p class='ocr_par' dir='ltr' id='par_1_51' title="bbox 193 2363 974 2397">
     <span class='ocr_line' id='line_1_51' title="bbox 193 2363 974 2397; baseline 0 -8"><span class='ocrx_word' id='word_1_637' title='bbox 193 2363 294 2390; x_wconf 85' lang='lat' dir='ltr'><strong>honore</strong></span> <span class='ocrx_word' id='word_1_638' title='bbox 306 2368 418 2391; x_wconf 87' lang='lat' dir='ltr'><strong>ornatus</strong></span> <span class='ocrx_word' id='word_1_639' title='bbox 433 2367 485 2395; x_wconf 83' lang='lat' dir='ltr'><strong>est,</strong></span> <span class='ocrx_word' id='word_1_640' title='bbox 505 2363 584 2397; x_wconf 86' lang='lat' dir='ltr'><strong>cujus</strong></span> <span class='ocrx_word' id='word_1_641' title='bbox 601 2363 674 2391; x_wconf 85' lang='lat' dir='ltr'><strong>basis</strong></span> <span class='ocrx_word' id='word_1_642' title='bbox 696 2370 756 2390; x_wconf 87' lang='lat' dir='ltr'><strong>cum</strong></span> <span class='ocrx_word' id='word_1_643' title='bbox 780 2363 857 2390; x_wconf 91' lang='lat' dir='ltr'><strong>titulo</strong></span> <span class='ocrx_word' id='word_1_644' title='bbox 874 2367 974 2390; x_wconf 78' lang='lat' dir='ltr'><strong>exstat.</strong></span> 
     </span>
    </p>
   </div>
   <div class='ocr_carea' id='block_1_52' title="bbox 193 2408 975 2445">
    <p class='ocr_par' dir='ltr' id='par_1_52' title="bbox 193 2408 975 2445">
     <span class='ocr_line' id='line_1_52' title="bbox 193 2408 975 2445; baseline -0.001 -9"><span class='ocrx_word' id='word_1_645' title='bbox 193 2409 247 2437; x_wconf 85' lang='lat' dir='ltr'><strong>Sed</strong></span> <span class='ocrx_word' id='word_1_646' title='bbox 272 2410 349 2445; x_wconf 73' lang='lat' dir='ltr'><strong>longe</strong></span> <span class='ocrx_word' id='word_1_647' title='bbox 379 2409 577 2445; x_wconf 81' lang='lat' dir='ltr'><strong>praeclariorem</strong></span> <span class='ocrx_word' id='word_1_648' title='bbox 608 2408 822 2444; x_wconf 74' lang='lat' dir='ltr'><strong>saeculorumque</strong></span> <span class='ocrx_word' id='word_1_649' title='bbox 844 2408 975 2436; x_wconf 84' lang='lat' dir='ltr'><strong>memoria</strong></span> 
     </span>
    </p>
   </div>
   <div class='ocr_carea' id='block_1_53' title="bbox 191 2453 976 2490">
    <p class='ocr_par' dir='ltr' id='par_1_53' title="bbox 191 2453 976 2490">
     <span class='ocr_line' id='line_1_53' title="bbox 191 2453 976 2490; baseline 0 -9"><span class='ocrx_word' id='word_1_650' title='bbox 191 2455 300 2490; x_wconf 73' lang='lat' dir='ltr'><strong>dignum</strong></span> <span class='ocrx_word' id='word_1_651' title='bbox 316 2457 444 2483; x_wconf 92' lang='lat' dir='ltr'><strong>honorem</strong></span> <span class='ocrx_word' id='word_1_652' title='bbox 466 2455 517 2483; x_wconf 84' lang='lat' dir='ltr'><strong>sibi</strong></span> <span class='ocrx_word' id='word_1_653' title='bbox 530 2456 697 2490; x_wconf 87' lang='lat' dir='ltr'><strong>comparavit</strong></span> <span class='ocrx_word' id='word_1_654' title='bbox 719 2462 773 2489; x_wconf 87' lang='lat' dir='ltr'><strong>quo</strong></span> <span class='ocrx_word' id='word_1_655' title='bbox 788 2459 918 2488; x_wconf 88' lang='lat' dir='ltr'><strong>tempore,</strong></span> <span class='ocrx_word' id='word_1_656' title='bbox 935 2453 976 2481; x_wconf 83' lang='lat' dir='ltr'><strong>ef-</strong></span> 
     </span>
    </p>
   </div>
   <div class='ocr_carea' id='block_1_54' title="bbox 191 2498 974 2536">
    <p class='ocr_par' dir='ltr' id='par_1_54' title="bbox 191 2498 974 2536">
     <span class='ocr_line' id='line_1_54' title="bbox 191 2498 974 2536; baseline 0 -9"><span class='ocrx_word' id='word_1_657' title='bbox 191 2500 258 2528; x_wconf 80' lang='lat' dir='ltr'><strong>fusis</strong></span> <span class='ocrx_word' id='word_1_658' title='bbox 274 2501 299 2528; x_wconf 90' lang='lat' dir='ltr'><strong>in</strong></span> <span class='ocrx_word' id='word_1_659' title='bbox 316 2500 448 2529; x_wconf 74' lang='lat' dir='ltr'><strong>Graeciam</strong></span> <span class='ocrx_word' id='word_1_660' title='bbox 464 2509 512 2536; x_wconf 89' lang='lat' dir='ltr'><strong>per</strong></span> <span class='ocrx_word' id='word_1_661' title='bbox 535 2500 708 2535; x_wconf 82' lang='lat' dir='ltr'><strong>Propontidis</strong></span> <span class='ocrx_word' id='word_1_662' title='bbox 723 2501 840 2528; x_wconf 85' lang='lat' dir='ltr'><strong>claustra</strong></span> <span class='ocrx_word' id='word_1_663' title='bbox 855 2498 974 2532; x_wconf 81' lang='lat' dir='ltr'><strong>Herulis,</strong></span> 
     </span>
    </p>
   </div>
   <div class='ocr_carea' id='block_1_55' title="bbox 190 2546 976 2582">
    <p class='ocr_par' dir='ltr' id='par_1_55' title="bbox 190 2546 976 2582">
     <span class='ocr_line' id='line_1_55' title="bbox 190 2546 976 2582; baseline 0 -9"><span class='ocrx_word' id='word_1_664' title='bbox 190 2549 332 2582; x_wconf 80' lang='lat' dir='ltr'><strong>captisque</strong></span> <span class='ocrx_word' id='word_1_665' title='bbox 347 2548 471 2578; x_wconf 79' lang='lat' dir='ltr'><strong>Athenis,</strong></span> <span class='ocrx_word' id='word_1_666' title='bbox 495 2548 569 2575; x_wconf 83' lang='lat' dir='ltr'><strong>cives</strong></span> <span class='ocrx_word' id='word_1_667' title='bbox 587 2554 679 2575; x_wconf 80' lang='lat' dir='ltr'><strong>secum</strong></span> <span class='ocrx_word' id='word_1_668' title='bbox 696 2546 723 2574; x_wconf 90' lang='lat' dir='ltr'><strong>in</strong></span> <span class='ocrx_word' id='word_1_669' title='bbox 738 2546 824 2574; x_wconf 83' lang='lat' dir='ltr'><strong>saltus</strong></span> <span class='ocrx_word' id='word_1_670' title='bbox 842 2546 927 2573; x_wconf 88' lang='lat' dir='ltr'><strong>invios</strong></span> <span class='ocrx_word' id='word_1_671' title='bbox 942 2553 976 2573; x_wconf 89' lang='lat' dir='ltr'><strong>ex</strong></span> 
     </span>
    </p>
   </div>
   <div class='ocr_carea' id='block_1_56' title="bbox 190 2590 976 2628">
    <p class='ocr_par' dir='ltr' id='par_1_56' title="bbox 190 2590 976 2628">
     <span class='ocr_line' id='line_1_56' title="bbox 190 2590 976 2628; baseline -0.001 -9"><span class='ocrx_word' id='word_1_672' title='bbox 190 2594 267 2626; x_wconf 77' lang='lat' dir='ltr'><strong>urbis</strong></span> <span class='ocrx_word' id='word_1_673' title='bbox 284 2593 363 2621; x_wconf 86' lang='lat' dir='ltr'><strong>clade</strong></span> <span class='ocrx_word' id='word_1_674' title='bbox 387 2593 515 2628; x_wconf 77' lang='lat' dir='ltr'><strong>profugos</strong></span> <span class='ocrx_word' id='word_1_675' title='bbox 541 2592 729 2626; x_wconf 80' lang='lat' dir='ltr'><strong>conﬁrmavit;</strong></span> <span class='ocrx_word' id='word_1_676' title='bbox 751 2591 870 2627; x_wconf 81' lang='lat' dir='ltr'><strong>bellique</strong></span> <span class='ocrx_word' id='word_1_677' title='bbox 888 2590 923 2619; x_wconf 86' lang='lat' dir='ltr'><strong>ab</strong></span> <span class='ocrx_word' id='word_1_678' title='bbox 942 2591 976 2618; x_wconf 78' lang='lat' dir='ltr'><strong>iis</strong></span> 
     </span>
    </p>
   </div>
   <div class='ocr_carea' id='block_1_57' title="bbox 190 2636 977 2670">
    <p class='ocr_par' dir='ltr' id='par_1_57' title="bbox 190 2636 977 2670">
     <span class='ocr_line' id='line_1_57' title="bbox 190 2636 977 2670; baseline -0.001 -6"><span class='ocrx_word' id='word_1_679' title='bbox 190 2637 245 2664; x_wconf 88' lang='lat' dir='ltr'><strong>dux</strong></span> <span class='ocrx_word' id='word_1_680' title='bbox 263 2637 437 2670; x_wconf 88' lang='lat' dir='ltr'><strong>constitutus,</strong></span> <span class='ocrx_word' id='word_1_681' title='bbox 454 2638 573 2665; x_wconf 64' lang='lat' dir='ltr'><strong>advecta;</strong></span> <span class='ocrx_word' id='word_1_682' title='bbox 588 2638 614 2665; x_wconf 94' lang='lat' dir='ltr'><strong>in</strong></span> <span class='ocrx_word' id='word_1_683' title='bbox 630 2637 726 2665; x_wconf 61' lang='lat' dir='ltr'><strong>Atticae</strong></span> <span class='ocrx_word' id='word_1_684' title='bbox 747 2644 823 2664; x_wconf 90' lang='lat' dir='ltr'><strong>oram</strong></span> <span class='ocrx_word' id='word_1_685' title='bbox 848 2636 977 2664; x_wconf 69' lang='lat' dir='ltr'><strong>Romana:</strong></span> 
     </span>
    </p>
   </div>
   <div class='ocr_carea' id='block_1_58' title="bbox 191 2693 973 2736">
    <p class='ocr_par' dir='ltr' id='par_1_58' title="bbox 191 2693 973 2736">
     <span class='ocr_line' id='line_1_58' title="bbox 191 2693 973 2736; baseline 0 -15"><span class='ocrx_word' id='word_1_686' title='bbox 191 2731 198 2736; x_wconf 42' lang='lat'><em>.</em></span> <span class='ocrx_word' id='word_1_687' title='bbox 227 2694 266 2730; x_wconf 89' lang='lat' dir='ltr'><strong>(t)</strong></span> <span class='ocrx_word' id='word_1_688' title='bbox 286 2694 389 2722; x_wconf 84' lang='lat' dir='ltr'><strong>Nomen</strong></span> <span class='ocrx_word' id='word_1_689' title='bbox 409 2695 545 2731; x_wconf 72' lang='lat' dir='ltr'><strong>integrum</strong></span> <span class='ocrx_word' id='word_1_690' title='bbox 562 2695 674 2723; x_wconf 84' lang='lat' dir='ltr'><strong>exhibet</strong></span> <span class='ocrx_word' id='word_1_691' title='bbox 699 2695 783 2722; x_wconf 85' lang='lat' dir='ltr'><strong>inscr.</strong></span> <span class='ocrx_word' id='word_1_692' title='bbox 807 2693 860 2722; x_wconf 79' lang='lat'><strong>580</strong></span> <span class='ocrx_word' id='word_1_693' title='bbox 897 2700 973 2728; x_wconf 88' lang='lat' dir='ltr'><strong>corp.</strong></span> 
     </span>
    </p>
   </div>
   <div class='ocr_carea' id='block_1_59' title="bbox 190 2737 370 2757">
    <p class='ocr_par' dir='ltr' id='par_1_59' title="bbox 190 2737 370 2757">
     <span class='ocr_line' id='line_1_59' title="bbox 190 2737 370 2757; baseline 0.006 -1"><span class='ocrx_word' id='word_1_694' title='bbox 190 2737 275 2757; x_wconf 83' lang='lat' dir='ltr'><strong>inscr.</strong></span> <span class='ocrx_word' id='word_1_695' title='bbox 289 2738 370 2757; x_wconf 61' lang='grc' dir='ltr'><strong>«περ.</strong></span> 
     </span>
    </p>
   </div>
   <div class='ocr_carea' id='block_1_60' title="bbox 228 2738 973 2805">
    <p class='ocr_par' dir='ltr' id='par_1_60' title="bbox 228 2738 973 2805">
     <span class='ocr_line' id='line_1_60' title="bbox 228 2738 973 2805; baseline -0.001 -14"><span class='ocrx_word' id='word_1_696' title='bbox 228 2738 518 2805; x_wconf 45' lang='lat' dir='ltr'><strong>gifciitscriptioj</strong></span> <span class='ocrx_word' id='word_1_697' title='bbox 544 2765 724 2805; x_wconf 56' lang='lat' dir='ltr'><strong>namSuidas</strong></span> <span class='ocrx_word' id='word_1_698' title='bbox 734 2772 757 2794; x_wconf 88' lang='lat' dir='ltr'><strong>s.</strong></span> <span class='ocrx_word' id='word_1_699' title='bbox 779 2771 803 2793; x_wconf 92' lang='lat' dir='ltr'><strong>v.</strong></span> <span class='ocrx_word' id='word_1_700' title='bbox 826 2763 973 2798; x_wconf 80' lang='grc' dir='ltr'><strong>Δέξιππος,</strong></span> 
     </span>
    </p>
   </div>
   <div class='ocr_carea' id='block_1_61' title="bbox 190 2799 641 2833">
    <p class='ocr_par' dir='ltr' id='par_1_61' title="bbox 190 2799 641 2833">
     <span class='ocr_line' id='line_1_61' title="bbox 190 2799 641 2833; baseline 0.002 -7"><span class='ocrx_word' id='word_1_701' title='bbox 190 2799 339 2833; x_wconf 82' lang='lat' dir='ltr'><strong>Dexippttm</strong></span> <span class='ocrx_word' id='word_1_702' title='bbox 361 2803 465 2833; x_wconf 88' lang='lat' dir='ltr'><strong>patrem</strong></span> <span class='ocrx_word' id='word_1_703' title='bbox 481 2800 517 2827; x_wconf 93' lang='lat' dir='ltr'><strong>illi</strong></span> <span class='ocrx_word' id='word_1_704' title='bbox 535 2800 641 2827; x_wconf 87' lang='lat' dir='ltr'><strong>tribuit.</strong></span> 
     </span>
    </p>
   </div>
   <div class='ocr_carea' id='block_1_62' title="bbox 226 2834 623 2870">
    <p class='ocr_par' dir='ltr' id='par_1_62' title="bbox 226 2834 623 2870">
     <span class='ocr_line' id='line_1_62' title="bbox 226 2834 623 2870; baseline 0.003 -9"><span class='ocrx_word' id='word_1_705' title='bbox 226 2834 265 2870; x_wconf 69' lang='grc' dir='ltr'><strong>(ὅ)</strong></span> <span class='ocrx_word' id='word_1_706' title='bbox 282 2834 340 2863; x_wconf 83' lang='lat' dir='ltr'><strong>Vid.</strong></span> <span class='ocrx_word' id='word_1_707' title='bbox 354 2834 471 2863; x_wconf 84' lang='lat' dir='ltr'><strong>Boeclth.</strong></span> <span class='ocrx_word' id='word_1_708' title='bbox 485 2836 529 2863; x_wconf 81' lang='lat' dir='ltr'><strong>ad.</strong></span> <span class='ocrx_word' id='word_1_709' title='bbox 541 2835 623 2863; x_wconf 78' lang='lat' dir='ltr'><strong>Inscr.</strong></span> 
     </span>
    </p>
   </div>
   <div class='ocr_carea' id='block_1_63' title="bbox 1025 2132 1809 2168">
    <p class='ocr_par' dir='ltr' id='par_1_63' title="bbox 1025 2132 1809 2168">
     <span class='ocr_line' id='line_1_63' title="bbox 1025 2132 1809 2168; baseline -0.001 -7"><span class='ocrx_word' id='word_1_710' title='bbox 1025 2134 1144 2168; x_wconf 88' lang='lat' dir='ltr'><strong>ipsorum</strong></span> <span class='ocrx_word' id='word_1_711' title='bbox 1171 2140 1287 2161; x_wconf 87' lang='lat' dir='ltr'><strong>nurnero</strong></span> <span class='ocrx_word' id='word_1_712' title='bbox 1314 2141 1362 2168; x_wconf 87' lang='lat' dir='ltr'><strong>per</strong></span> <span class='ocrx_word' id='word_1_713' title='bbox 1388 2133 1558 2161; x_wconf 86' lang='lat' dir='ltr'><strong>occasionem</strong></span> <span class='ocrx_word' id='word_1_714' title='bbox 1582 2132 1732 2160; x_wconf 86' lang='lat' dir='ltr'><strong>interfectis</strong></span> <span class='ocrx_word' id='word_1_715' title='bbox 1759 2133 1809 2168; x_wconf 74' lang='grc'><strong>(4).</strong></span> 
     </span>
    </p>
   </div>
   <div class='ocr_carea' id='block_1_64' title="bbox 1024 2179 1810 2214">
    <p class='ocr_par' dir='ltr' id='par_1_64' title="bbox 1024 2179 1810 2214">
     <span class='ocr_line' id='line_1_64' title="bbox 1024 2179 1810 2214; baseline -0.001 -8"><span class='ocrx_word' id='word_1_716' title='bbox 1024 2179 1082 2212; x_wconf 88' lang='lat' dir='ltr'><strong>Quo</strong></span> <span class='ocrx_word' id='word_1_717' title='bbox 1099 2179 1170 2206; x_wconf 87' lang='lat' dir='ltr'><strong>facto</strong></span> <span class='ocrx_word' id='word_1_718' title='bbox 1184 2179 1226 2206; x_wconf 89' lang='lat' dir='ltr'><strong>vir</strong></span> <span class='ocrx_word' id='word_1_719' title='bbox 1239 2179 1356 2206; x_wconf 85' lang='lat' dir='ltr'><strong>eximius</strong></span> <span class='ocrx_word' id='word_1_720' title='bbox 1379 2184 1439 2214; x_wconf 91' lang='lat' dir='ltr'><strong>post</strong></span> <span class='ocrx_word' id='word_1_721' title='bbox 1457 2179 1619 2214; x_wconf 78' lang='lat' dir='ltr'><strong>quingentos</strong></span> <span class='ocrx_word' id='word_1_722' title='bbox 1632 2186 1715 2206; x_wconf 85' lang='lat' dir='ltr'><strong>annos</strong></span> <span class='ocrx_word' id='word_1_723' title='bbox 1726 2179 1810 2206; x_wconf 81' lang='lat' dir='ltr'><strong>Athe-</strong></span> 
     </span>
    </p>
   </div>
   <div class='ocr_carea' id='block_1_65' title="bbox 1024 2224 1809 2259">
    <p class='ocr_par' dir='ltr' id='par_1_65' title="bbox 1024 2224 1809 2259">
     <span class='ocr_line' id='line_1_65' title="bbox 1024 2224 1809 2259; baseline -0.003 -6"><span class='ocrx_word' id='word_1_724' title='bbox 1024 2226 1132 2253; x_wconf 90' lang='lat' dir='ltr'><strong>nienses</strong></span> <span class='ocrx_word' id='word_1_725' title='bbox 1144 2225 1228 2251; x_wconf 85' lang='lat' dir='ltr'><strong>armis</strong></span> <span class='ocrx_word' id='word_1_726' title='bbox 1241 2225 1366 2252; x_wconf 83' lang='lat' dir='ltr'><strong>desuetos</strong></span> <span class='ocrx_word' id='word_1_727' title='bbox 1388 2225 1421 2252; x_wconf 85' lang='lat' dir='ltr'><strong>ad</strong></span> <span class='ocrx_word' id='word_1_728' title='bbox 1440 2232 1496 2252; x_wconf 89' lang='lat' dir='ltr'><strong>rem</strong></span> <span class='ocrx_word' id='word_1_729' title='bbox 1514 2224 1681 2259; x_wconf 70' lang='lat' dir='ltr'><strong>gloriamque</strong></span> <span class='ocrx_word' id='word_1_730' title='bbox 1707 2224 1809 2251; x_wconf 89' lang='lat' dir='ltr'><strong>milita-</strong></span> 
     </span>
    </p>
   </div>
   <div class='ocr_carea' id='block_1_66' title="bbox 1025 2270 1810 2299">
    <p class='ocr_par' dir='ltr' id='par_1_66' title="bbox 1025 2270 1810 2299">
     <span class='ocr_line' id='line_1_66' title="bbox 1025 2270 1810 2299; baseline -0.001 -1"><span class='ocrx_word' id='word_1_731' title='bbox 1025 2278 1081 2298; x_wconf 88' lang='lat' dir='ltr'><strong>rem</strong></span> <span class='ocrx_word' id='word_1_732' title='bbox 1105 2270 1265 2299; x_wconf 85' lang='lat' dir='ltr'><strong>revocavit:</strong></span> <span class='ocrx_word' id='word_1_733' title='bbox 1283 2270 1466 2298; x_wconf 88' lang='lat' dir='ltr'><strong>Mithridatico</strong></span> <span class='ocrx_word' id='word_1_734' title='bbox 1489 2271 1561 2298; x_wconf 82' lang='lat' dir='ltr'><strong>enini</strong></span> <span class='ocrx_word' id='word_1_735' title='bbox 1589 2270 1659 2298; x_wconf 89' lang='lat' dir='ltr'><strong>bello</strong></span> <span class='ocrx_word' id='word_1_736' title='bbox 1680 2278 1733 2298; x_wconf 89' lang='lat' dir='ltr'><strong>non</strong></span> <span class='ocrx_word' id='word_1_737' title='bbox 1761 2277 1810 2297; x_wconf 86' lang='lat' dir='ltr'><strong>sua</strong></span> 
     </span>
    </p>
   </div>
   <div class='ocr_carea' id='block_1_67' title="bbox 1025 2317 1808 2351">
    <p class='ocr_par' dir='ltr' id='par_1_67' title="bbox 1025 2317 1808 2351">
     <span class='ocr_line' id='line_1_67' title="bbox 1025 2317 1808 2351; baseline -0.001 -8"><span class='ocrx_word' id='word_1_738' title='bbox 1025 2323 1113 2351; x_wconf 88' lang='lat' dir='ltr'><strong>neqtte</strong></span> <span class='ocrx_word' id='word_1_739' title='bbox 1134 2320 1230 2351; x_wconf 84' lang='lat' dir='ltr'><strong>sponte</strong></span> <span class='ocrx_word' id='word_1_740' title='bbox 1246 2323 1322 2343; x_wconf 86' lang='lat' dir='ltr'><strong>arma</strong></span> <span class='ocrx_word' id='word_1_741' title='bbox 1349 2322 1471 2345; x_wconf 86' lang='lat' dir='ltr'><strong>moverat</strong></span> <span class='ocrx_word' id='word_1_742' title='bbox 1497 2317 1591 2344; x_wconf 81' lang='lat' dir='ltr'><strong>infelix</strong></span> <span class='ocrx_word' id='word_1_743' title='bbox 1610 2317 1717 2344; x_wconf 86' lang='lat' dir='ltr'><strong>civitas.</strong></span> <span class='ocrx_word' id='word_1_744' title='bbox 1739 2318 1808 2345; x_wconf 78' lang='lat' dir='ltr'><strong>Cum</strong></span> 
     </span>
    </p>
   </div>
   <div class='ocr_carea' id='block_1_68' title="bbox 1026 2361 1808 2397">
    <p class='ocr_par' dir='ltr' id='par_1_68' title="bbox 1026 2361 1808 2397">
     <span class='ocr_line' id='line_1_68' title="bbox 1026 2361 1808 2397; baseline 0.001 -8"><span class='ocrx_word' id='word_1_745' title='bbox 1026 2361 1108 2397; x_wconf 74' lang='lat' dir='ltr'><strong>igitur</strong></span> <span class='ocrx_word' id='word_1_746' title='bbox 1125 2362 1158 2389; x_wconf 83' lang='lat' dir='ltr'><strong>tle</strong></span> <span class='ocrx_word' id='word_1_747' title='bbox 1174 2362 1224 2389; x_wconf 85' lang='lat' dir='ltr'><strong>hac</strong></span> <span class='ocrx_word' id='word_1_748' title='bbox 1240 2361 1353 2397; x_wconf 89' lang='lat' dir='ltr'><strong>Dexippi</strong></span> <span class='ocrx_word' id='word_1_749' title='bbox 1376 2362 1461 2397; x_wconf 73' lang='lat' dir='ltr'><strong>gloria</strong></span> <span class='ocrx_word' id='word_1_750' title='bbox 1485 2361 1577 2390; x_wconf 85' lang='lat' dir='ltr'><strong>titulus</strong></span> <span class='ocrx_word' id='word_1_751' title='bbox 1599 2367 1695 2390; x_wconf 81' lang='lat' dir='ltr'><strong>stature</strong></span> <span class='ocrx_word' id='word_1_752' title='bbox 1719 2363 1808 2396; x_wconf 86' lang='lat' dir='ltr'><strong>sileat,</strong></span> 
     </span>
    </p>
   </div>
   <div class='ocr_carea' id='block_1_69' title="bbox 1025 2407 1811 2443">
    <p class='ocr_par' dir='ltr' id='par_1_69' title="bbox 1025 2407 1811 2443">
     <span class='ocr_line' id='line_1_69' title="bbox 1025 2407 1811 2443; baseline 0.004 -10"><span class='ocrx_word' id='word_1_753' title='bbox 1025 2407 1157 2434; x_wconf 84' lang='lat' dir='ltr'><strong>creditum</strong></span> <span class='ocrx_word' id='word_1_754' title='bbox 1181 2412 1223 2434; x_wconf 87' lang='lat' dir='ltr'><strong>est</strong></span> <span class='ocrx_word' id='word_1_755' title='bbox 1240 2408 1314 2442; x_wconf 89' lang='lat' dir='ltr'><strong>prius</strong></span> <span class='ocrx_word' id='word_1_756' title='bbox 1335 2409 1450 2442; x_wconf 86' lang='lat' dir='ltr'><strong>positam</strong></span> <span class='ocrx_word' id='word_1_757' title='bbox 1473 2415 1534 2436; x_wconf 88' lang='lat' dir='ltr'><strong>esse</strong></span> <span class='ocrx_word' id='word_1_758' title='bbox 1557 2415 1637 2443; x_wconf 83' lang='lat' dir='ltr'><strong>quam</strong></span> <span class='ocrx_word' id='word_1_759' title='bbox 1664 2409 1735 2436; x_wconf 86' lang='lat' dir='ltr'><strong>illam</strong></span> <span class='ocrx_word' id='word_1_760' title='bbox 1752 2411 1811 2436; x_wconf 78' lang='lat' dir='ltr'><strong>adi-</strong></span> 
     </span>
    </p>
   </div>
   <div class='ocr_carea' id='block_1_70' title="bbox 1025 2453 1811 2488">
    <p class='ocr_par' dir='ltr' id='par_1_70' title="bbox 1025 2453 1811 2488">
     <span class='ocr_line' id='line_1_70' title="bbox 1025 2453 1811 2488; baseline 0.001 -8"><span class='ocrx_word' id='word_1_761' title='bbox 1025 2454 1198 2488; x_wconf 89' lang='lat' dir='ltr'><strong>pisceretur:</strong></span> <span class='ocrx_word' id='word_1_762' title='bbox 1222 2453 1265 2480; x_wconf 92' lang='lat' dir='ltr'><strong>cui</strong></span> <span class='ocrx_word' id='word_1_763' title='bbox 1292 2453 1413 2488; x_wconf 89' lang='lat' dir='ltr'><strong>opinioni</strong></span> <span class='ocrx_word' id='word_1_764' title='bbox 1439 2453 1519 2482; x_wconf 87' lang='lat' dir='ltr'><strong>facile</strong></span> <span class='ocrx_word' id='word_1_765' title='bbox 1537 2455 1706 2486; x_wconf 83' lang='lat' dir='ltr'><strong>accederent,</strong></span> <span class='ocrx_word' id='word_1_766' title='bbox 1726 2454 1748 2481; x_wconf 87' lang='lat' dir='ltr'><strong>si</strong></span> <span class='ocrx_word' id='word_1_767' title='bbox 1770 2455 1811 2481; x_wconf 90' lang='lat' dir='ltr'><strong>lti-</strong></span> 
     </span>
    </p>
   </div>
   <div class='ocr_carea' id='block_1_71' title="bbox 1025 2498 1810 2535">
    <p class='ocr_par' dir='ltr' id='par_1_71' title="bbox 1025 2498 1810 2535">
     <span class='ocr_line' id='line_1_71' title="bbox 1025 2498 1810 2535; baseline 0.001 -9"><span class='ocrx_word' id='word_1_768' title='bbox 1025 2499 1108 2527; x_wconf 80' lang='lat' dir='ltr'><strong>storia</strong></span> <span class='ocrx_word' id='word_1_769' title='bbox 1129 2498 1190 2532; x_wconf 63' lang='lat' dir='ltr'><strong>aevi,</strong></span> <span class='ocrx_word' id='word_1_770' title='bbox 1206 2508 1215 2525; x_wconf 86' lang='lat' dir='ltr'><strong>t</strong></span> <span class='ocrx_word' id='word_1_771' title='bbox 1233 2506 1315 2533; x_wconf 90' lang='lat' dir='ltr'><strong>quam</strong></span> <span class='ocrx_word' id='word_1_772' title='bbox 1341 2500 1438 2535; x_wconf 85' lang='lat' dir='ltr'><strong>partim</strong></span> <span class='ocrx_word' id='word_1_773' title='bbox 1464 2508 1497 2528; x_wconf 83' lang='lat' dir='ltr'><strong>ex</strong></span> <span class='ocrx_word' id='word_1_774' title='bbox 1512 2500 1598 2533; x_wconf 87' lang='lat' dir='ltr'><strong>libris,</strong></span> <span class='ocrx_word' id='word_1_775' title='bbox 1617 2500 1713 2535; x_wconf 88' lang='lat' dir='ltr'><strong>partim</strong></span> <span class='ocrx_word' id='word_1_776' title='bbox 1729 2507 1744 2527; x_wconf 88' lang='lat' dir='ltr'><strong>e</strong></span> <span class='ocrx_word' id='word_1_777' title='bbox 1757 2500 1810 2527; x_wconf 85' lang='lat' dir='ltr'><strong>vita</strong></span> 
     </span>
    </p>
   </div>
   <div class='ocr_carea' id='block_1_72' title="bbox 1027 2544 1812 2581">
    <p class='ocr_par' dir='ltr' id='par_1_72' title="bbox 1027 2544 1812 2581">
     <span class='ocr_line' id='line_1_72' title="bbox 1027 2544 1812 2581; baseline 0.001 -9"><span class='ocrx_word' id='word_1_778' title='bbox 1027 2544 1159 2578; x_wconf 87' lang='lat' dir='ltr'><strong>hauserit,</strong></span> <span class='ocrx_word' id='word_1_779' title='bbox 1180 2553 1189 2570; x_wconf 83' lang='lat'><strong>)</strong></span> <span class='ocrx_word' id='word_1_780' title='bbox 1209 2549 1238 2574; x_wconf 86' lang='grc' dir='ltr'><strong>ιιι</strong></span> <span class='ocrx_word' id='word_1_781' title='bbox 1259 2545 1424 2580; x_wconf 69' lang='lat' dir='ltr'><strong>epigramma</strong></span> <span class='ocrx_word' id='word_1_782' title='bbox 1451 2546 1591 2581; x_wconf 66' lang='lat' dir='ltr'><strong>praedicat,</strong></span> <span class='ocrx_word' id='word_1_783' title='bbox 1613 2545 1718 2573; x_wconf 83' lang='lat' dir='ltr'><strong>diversa</strong></span> <span class='ocrx_word' id='word_1_784' title='bbox 1749 2553 1812 2573; x_wconf 79' lang='lat' dir='ltr'><strong>esse</strong></span> 
     </span>
    </p>
   </div>
   <div class='ocr_carea' id='block_1_73' title="bbox 1025 2590 1811 2626">
    <p class='ocr_par' dir='ltr' id='par_1_73' title="bbox 1025 2590 1811 2626">
     <span class='ocr_line' id='line_1_73' title="bbox 1025 2590 1811 2626; baseline -0.001 -8"><span class='ocrx_word' id='word_1_785' title='bbox 1025 2595 1116 2625; x_wconf 83' lang='lat' dir='ltr'><strong>posset</strong></span> <span class='ocrx_word' id='word_1_786' title='bbox 1129 2590 1163 2617; x_wconf 89' lang='lat' dir='ltr'><strong>ab</strong></span> <span class='ocrx_word' id='word_1_787' title='bbox 1182 2590 1227 2617; x_wconf 89' lang='lat' dir='ltr'><strong>illa</strong></span> <span class='ocrx_word' id='word_1_788' title='bbox 1240 2590 1330 2618; x_wconf 88' lang='lat' dir='ltr'><strong>omnis</strong></span> <span class='ocrx_word' id='word_1_789' title='bbox 1354 2591 1414 2624; x_wconf 73' lang='lat' dir='ltr'><strong>aevi,</strong></span> <span class='ocrx_word' id='word_1_790' title='bbox 1434 2591 1512 2626; x_wconf 78' lang='lat' dir='ltr'><strong>cujus</strong></span> <span class='ocrx_word' id='word_1_791' title='bbox 1534 2590 1656 2618; x_wconf 85' lang='lat' dir='ltr'><strong>notitiam</strong></span> <span class='ocrx_word' id='word_1_792' title='bbox 1670 2597 1702 2617; x_wconf 90' lang='lat' dir='ltr'><strong>ex</strong></span> <span class='ocrx_word' id='word_1_793' title='bbox 1723 2590 1811 2617; x_wconf 86' lang='lat' dir='ltr'><strong>Euna-</strong></span> 
     </span>
    </p>
   </div>
   <div class='ocr_carea' id='block_1_74' title="bbox 1026 2635 1811 2672">
    <p class='ocr_par' dir='ltr' id='par_1_74' title="bbox 1026 2635 1811 2672">
     <span class='ocr_line' id='line_1_74' title="bbox 1026 2635 1811 2672; baseline -0.003 -8"><span class='ocrx_word' id='word_1_794' title='bbox 1026 2637 1071 2671; x_wconf 92' lang='lat' dir='ltr'><strong>pio</strong></span> <span class='ocrx_word' id='word_1_795' title='bbox 1082 2641 1109 2664; x_wconf 90' lang='lat' dir='ltr'><strong>et</strong></span> <span class='ocrx_word' id='word_1_796' title='bbox 1122 2636 1219 2664; x_wconf 87' lang='lat' dir='ltr'><strong>Photio</strong></span> <span class='ocrx_word' id='word_1_797' title='bbox 1233 2636 1375 2665; x_wconf 87' lang='lat' dir='ltr'><strong>habemus.</strong></span> <span class='ocrx_word' id='word_1_798' title='bbox 1388 2636 1426 2664; x_wconf 84' lang='lat' dir='ltr'><strong>Ea</strong></span> <span class='ocrx_word' id='word_1_799' title='bbox 1442 2637 1470 2664; x_wconf 94' lang='lat' dir='ltr'><strong>in</strong></span> <span class='ocrx_word' id='word_1_800' title='bbox 1484 2637 1573 2672; x_wconf 89' lang='lat' dir='ltr'><strong>primo</strong></span> <span class='ocrx_word' id='word_1_801' title='bbox 1586 2635 1689 2665; x_wconf 88' lang='lat' dir='ltr'><strong>Claudii</strong></span> <span class='ocrx_word' id='word_1_802' title='bbox 1704 2635 1811 2662; x_wconf 88' lang='lat' dir='ltr'><strong>Gothici</strong></span> 
     </span>
    </p>
   </div>
   <div class='ocr_carea' id='block_1_75' title="bbox 1064 2691 1813 2729">
    <p class='ocr_par' dir='ltr' id='par_1_75' title="bbox 1064 2691 1813 2729">
     <span class='ocr_line' id='line_1_75' title="bbox 1064 2691 1813 2729; baseline -0.007 -7"><span class='ocrx_word' id='word_1_803' title='bbox 1064 2694 1104 2729; x_wconf 71' lang='grc'><strong>(4)</strong></span> <span class='ocrx_word' id='word_1_804' title='bbox 1124 2693 1199 2722; x_wconf 88' lang='lat' dir='ltr'><strong>Hanc</strong></span> <span class='ocrx_word' id='word_1_805' title='bbox 1211 2694 1250 2721; x_wconf 87' lang='lat' dir='ltr'><strong>rei</strong></span> <span class='ocrx_word' id='word_1_806' title='bbox 1266 2699 1348 2729; x_wconf 66' lang='lat' dir='ltr'><strong>gestat</strong></span> <span class='ocrx_word' id='word_1_807' title='bbox 1360 2694 1470 2726; x_wconf 80' lang='lat' dir='ltr'><strong>seriem,</strong></span> <span class='ocrx_word' id='word_1_808' title='bbox 1485 2692 1620 2727; x_wconf 88' lang='lat' dir='ltr'><strong>paululum</strong></span> <span class='ocrx_word' id='word_1_809' title='bbox 1631 2691 1678 2729; x_wconf 66' lang='grc' dir='ltr'><strong>Διιι)</strong></span> <span class='ocrx_word' id='word_1_810' title='bbox 1702 2691 1748 2729; x_wconf 82' lang='lat' dir='ltr'><strong>illa</strong></span> <span class='ocrx_word' id='word_1_811' title='bbox 1771 2691 1813 2729; x_wconf 83' lang='lat' dir='ltr'><strong>di-</strong></span> 
     </span>
    </p>
   </div>
   <div class='ocr_carea' id='block_1_76' title="bbox 1029 2726 1812 2763">
    <p class='ocr_par' dir='ltr' id='par_1_76' title="bbox 1029 2726 1812 2763">
     <span class='ocr_line' id='line_1_76' title="bbox 1029 2726 1812 2763; baseline -0.004 -7"><span class='ocrx_word' id='word_1_812' title='bbox 1029 2726 1148 2762; x_wconf 76' lang='lat' dir='ltr'><strong>versam,</strong></span> <span class='ocrx_word' id='word_1_813' title='bbox 1179 2726 1271 2763; x_wconf 83' lang='lat' dir='ltr'><strong>quam</strong></span> <span class='ocrx_word' id='word_1_814' title='bbox 1288 2728 1428 2756; x_wconf 87' lang='lat' dir='ltr'><strong>Gibbonus</strong></span> <span class='ocrx_word' id='word_1_815' title='bbox 1451 2734 1586 2763; x_wconf 85' lang='lat' dir='ltr'><strong>nunquam</strong></span> <span class='ocrx_word' id='word_1_816' title='bbox 1615 2726 1673 2753; x_wconf 79' lang='lat' dir='ltr'><strong>sine</strong></span> <span class='ocrx_word' id='word_1_817' title='bbox 1701 2727 1812 2763; x_wconf 83' lang='lat' dir='ltr'><strong>honoris</strong></span> 
     </span>
    </p>
   </div>
   <div class='ocr_carea' id='block_1_77' title="bbox 1028 2761 1810 2798">
    <p class='ocr_par' dir='ltr' id='par_1_77' title="bbox 1028 2761 1810 2798">
     <span class='ocr_line' id='line_1_77' title="bbox 1028 2761 1810 2798; baseline -0.004 -8"><span class='ocrx_word' id='word_1_818' title='bbox 1028 2761 1196 2798; x_wconf 65' lang='lat' dir='ltr'><strong>praefatittne</strong></span> <span class='ocrx_word' id='word_1_819' title='bbox 1205 2763 1384 2791; x_wconf 84' lang='lat' dir='ltr'><strong>nominandus</strong></span> <span class='ocrx_word' id='word_1_820' title='bbox 1403 2761 1577 2798; x_wconf 75' lang='lat' dir='ltr'><strong>excogitavit,</strong></span> <span class='ocrx_word' id='word_1_821' title='bbox 1604 2769 1676 2798; x_wconf 77' lang='lat' dir='ltr'><strong>nunc</strong></span> <span class='ocrx_word' id='word_1_822' title='bbox 1691 2761 1810 2798; x_wconf 77' lang='lat' dir='ltr'><strong>demunt,</strong></span> 
     </span>
    </p>
   </div>
   <div class='ocr_carea' id='block_1_78' title="bbox 1029 2796 1812 2860">
    <p class='ocr_par' dir='ltr' id='par_1_78' title="bbox 1029 2796 1812 2860">
     <span class='ocr_line' id='line_1_78' title="bbox 1029 2796 1812 2860; baseline -0.003 -35"><span class='ocrx_word' id='word_1_823' title='bbox 1029 2796 1163 2860; x_wconf 61' lang='lat' dir='ltr'><strong>editislab</strong></span> <span class='ocrx_word' id='word_1_824' title='bbox 1191 2798 1229 2826; x_wconf 94' lang='lat' dir='ltr'><strong>ill.</strong></span> <span class='ocrx_word' id='word_1_825' title='bbox 1246 2798 1317 2826; x_wconf 88' lang='lat' dir='ltr'><strong>Maio</strong></span> <span class='ocrx_word' id='word_1_826' title='bbox 1335 2796 1527 2832; x_wconf 54' lang='lat' dir='ltr'><strong>excerptis&#39;de</strong></span> <span class='ocrx_word' id='word_1_827' title='bbox 1550 2796 1693 2826; x_wconf 77' lang='lat' dir='ltr'><strong>sententiis</strong></span> <span class='ocrx_word' id='word_1_828' title='bbox 1710 2796 1812 2824; x_wconf 88' lang='lat' dir='ltr'><strong>consti-</strong></span> 
     </span>
     <span class='ocr_line' id='line_1_79' title="bbox 1030 2838 1190 2860; baseline 0 0"><span class='ocrx_word' id='word_1_829' title='bbox 1030 2838 1103 2860; x_wconf 88' lang='lat' dir='ltr'><strong>tuere</strong></span> <span class='ocrx_word' id='word_1_830' title='bbox 1128 2838 1190 2860; x_wconf 85' lang='lat' dir='ltr'><strong>teet.</strong></span> 
     </span>
    </p>
   </div>
   <div class='ocr_carea' id='block_1_79' title="bbox 1030 2838 1190 2862">
    <p class='ocr_par' dir='ltr' id='par_1_79' title="bbox 1030 2838 1190 2862">
     <span class='ocr_line' id='line_1_80' title="bbox 1030 2838 1190 2862; baseline -0.006 -1"><span class='ocrx_word' id='word_1_831' title='bbox 1030 2838 1103 2861; x_wconf 88' lang='lat' dir='ltr'><strong>tuere</strong></span> <span class='ocrx_word' id='word_1_832' title='bbox 1118 2838 1190 2862; x_wconf 68' lang='grc' dir='ltr'>ιιεθι.</span> 
     </span>
    </p>
   </div>
  </div>
