4056 6210
455 297 558 363 611

1487 293 1881 352 EXCERPTA
1923 292 2019 351 DE
2058 293 2642 356 LEGATIONIBUS.

3592 286 3700 350 612

459 411 593 478 Aug.
621 422 759 461 anno
781 404 1083 465 desinebat;
1112 399 1441 454 Athenarum
1468 409 1645 454 autem
1666 402 1867 455 cladem
1890 401 2026 470 Syn-
2059 407 2108 464 Α
2138 417 2329 471 capere
2363 404 2627 470 potuisset
2661 399 3040 470 breviloquens
3089 398 3359 452 annalium
3406 399 3562 465 ratio,
3605 405 3696 468 qui

455 502 649 562 cellus,
681 497 770 564 qui
807 496 905 547 hoc
953 491 1174 559 Dexippi
1220 505 1354 558 opus
1405 490 1634 561 legebat,
1664 493 1761 545 sub
1789 489 2030 546 Gallieno

457 589 746 655 contigisse
777 584 938 638 refert
972 601 986 636 :
1023 596 1193 651 neque
1242 583 1286 636 si
1330 597 1445 636 eam
1492 598 1614 637 cum
1645 584 2030 639 continuatore

458 681 642 732 Dionis
672 677 772 746 (5),
811 690 968 744 quem
1002 676 1241 728 Zonaras
1293 674 1562 742 sequitur,
1594 674 1812 730 biennio
1856 677 2031 729 serius

455 769 717 824 accidisse
749 775 1074 832 statuamus,
1104 778 1158 820 ut
1206 767 1297 820 illo
1353 766 1468 834 ipso
1502 765 1708 820 Claudii
1743 781 1888 820 anno
1917 767 2029 835 pri-

457 873 545 912 mo
599 857 704 913 269
768 858 1046 919 acciderit,
1089 857 1375 911 dillicultas
1425 857 1786 925 expediretur.
1833 856 1907 910 Ita
1938 867 2031 911 aut

456 948 761 1018 [lugendum
805 950 910 1004 erit
963 953 1200 1018 priorem
1270 949 1542 1002 exstitisse
1599 949 1913 1012 editionem,
1967 949 2032 1003 de

452 1057 560 1110 qua
620 1055 778 1094 nemo
825 1041 1122 1109 quidquam
1184 1041 1426 1105 tradidit,
1474 1050 1566 1092 aut
1605 1039 2030 1106 concedendum,

453 1130 643 1184 lzevam
685 1132 963 1186 hominum
1000 1132 1050 1184 iu
1074 1131 1371 1184 honoribus
1430 1131 1764 1184 :estimandis
1798 1142 2030 1184 mentem

457 1236 606 1288 eum,
640 1238 749 1290 quo
781 1224 846 1275 ad
881 1223 1140 1291 majorum
1168 1222 1390 1288 gloriam
1421 1222 1596 1276 elatus
1623 1229 1724 1286 est,
1753 1231 2031 1291 prepterea

462 1313 782 1381 neglexisse,
816 1315 962 1382 quia,
1009 1314 1358 1367 tumultuarie
1417 1331 1444 1364 a
1492 1322 1815 1382 congregata
1857 1315 2036 1366 multi-

463 1404 649 1458 tudine
673 1404 922 1468 collatus,
967 1404 1169 1456 nullum
1209 1404 1258 1456 in
1299 1405 1451 1456 fastis
1475 1403 1698 1456 urbanis
1740 1403 1914 1457 locum
1939 1403 2034 1455 ha-

459 1493 612 1546 heret
669 1511 682 1547 :
748 1495 1000 1548 librorum
1071 1495 1271 1547 laruaut
1341 1494 1624 1557 exmlisse,
1681 1507 1764 1545 res
1819 1491 2034 1546 fortiter

459 1593 640 1649 gestas
691 1583 902 1637 silentio
959 1585 1367 1637 transmisisse:
1396 1613 1462 1624 —-
1492 1599 1625 1648 rem,
1660 1592 1878 1653 propter
1918 1585 2035 1654 ejus

460 1674 558 1726 :nvi
609 1675 947 1741 pravitatem,
973 1674 1128 1742 plane
1157 1691 1257 1726 non
1287 1676 1682 1730 incredibilem.

2133 495 2244 548 fere
2266 493 2494 561 singulis
2523 489 3524 558 lihrissmculumcomprehemlebant;
3560 492 3701 544 unde

2133 584 2435 640 Trebellius
2498 583 2670 638 Pollio
2729 582 2841 653 (I0)
2895 582 3194 651 Dexippum
3248 588 3422 634 omnta
3482 582 3703 636 breviter

2131 685 2457 745 persecutum
2491 693 2620 738 esse,
2659 677 2897 745 scripsit.

2203 765 2288 819 lll.
2323 765 2430 819 llas
2497 765 2658 834 igitur
2708 765 2919 835 eclogas
2967 766 3031 819 de
3062 764 3414 833 legationibus
3453 764 3518 816 ad
3554 765 3708 817 Σκυ-

2134 857 2267 911 θικὰ
2299 857 2570 926 pertinere
2603 855 2714 924 jam
2751 855 2971 910 Vossius
3002 855 3275 924 perspexit
3296 855 3431 924 (ll),
3488 855 3709 908 eadem-

2132 962 2238 1016 que
2265 963 2450 1001 earum
2485 947 2622 1000 ratio
2663 956 2746 999 est
2792 961 2928 1014 quas
2979 959 3042 998 ex
3096 943 3254 996 titulo
3309 941 3376 996 de
3419 942 3708 996 senttntiis

2135 1034 2305 1088 edidit
2339 1033 2410 1087 ill.
2442 1034 2631 1086 Maius.
2663 1031 2944 1095 Σκυθικά,
2977 1032 3039 1085 de
3066 1029 3198 1083 bello
3217 1028 3458 1099 Scythico
3495 1038 3708 1084 vertere

2135 1128 2424 1188 debebam;
2461 1125 2712 1195 quoniam
2749 1125 2876 1178 illud
2906 1123 3242 1190 intelligitur,
3267 1122 3408 1190 quod
3429 1161 3443 1183 ,
3469 1131 3705 1190 emptum

2135 1221 2236 1274 sub
2289 1220 2470 1282 Decio,
2529 1233 2698 1286 usque
2770 1218 2834 1269 ad
2888 1216 3164 1269 Aureliani
3215 1230 3400 1283 pacem
3465 1215 3701 1269 duravit.

2135 1312 2311 1381 Atque
2339 1311 2424 1364 hic
2449 1311 2666 1379 quidem
2698 1309 2885 1362 leviter
2911 1309 3059 1362 circa
3099 1309 3266 1360 verba
3312 1305 3491 1374 lapsus
3545 1321 3703 1371 sum;

2138 1402 2188 1456 in
2221 1416 2284 1456 eo
2312 1417 2502 1456 vereor
2556 1416 2623 1454 ne
2667 1401 2884 1468 gravius
2939 1397 3255 1461 erraverim,
3316 1396 3458 1464 quod
3512 1411 3630 1464 qua:
3671 1411 3703 1449 a

2136 1509 2187 1563 p.
2221 1492 2313 1554 ἓξ,
2351 1493 2383 1545 l.
2413 1493 2508 1557 ‘20,
2545 1490 2611 1545 ad
2642 1506 2692 1558 ι).
2727 1490 2818 1555 26,
2852 1491 2886 1544 l.
2926 1491 2982 1552 ll,
3018 1490 3303 1553 habentur,
3334 1487 3568 1556 Desippo
3601 1487 3703 1554 ipsi

2140 1584 2456 1646 tribuerem,
2488 1583 2640 1649 quasi
2671 1584 2975 1636 orationem
3006 1585 3072 1636 ad
3099 1584 3244 1635 cives
3279 1596 3406 1636 suos
3439 1582 3703 1644 habitam,

2135 1675 2227 1745 qui
2258 1675 2542 1728 temerario
2577 1674 2802 1728 consilio
2829 1675 2996 1727 muris
3020 1673 3204 1741 egredi
3243 1682 3297 1726 et
3323 1689 3441 1727 cum
3462 1674 3706 1726 hostibus

541 1765 716 1818 Vitam
771 1779 941 1832 usque
993 1766 1057 1816 ad
1119 1763 1276 1818 Probi
1337 1765 1693 1832 principatum
1759 1763 2028 1833 perduxit,
2064 1755 2102 1807 Β
2132 1766 2417 1836 confligere
2447 1764 3212 1835 eriperent.Nonattenderam
3239 1764 3312 1818 ill.
3340 1763 3467 1816 Maii
3495 1765 3681 1830 opinio
3726 1812 3731 1822 ,

463 1872 583 1910 cum
606 1855 714 1921 jam
741 1855 840 1910 sub
877 1855 1158 1910 Valeriano
1195 1857 1476 1910 claruisset
1505 1857 1599 1924 (6).

534 1949 759 2018 Dexippi
786 1964 970 2018 opera,
1002 1965 1118 2012 qua:
1144 1950 1208 2002 ad
1236 1950 1514 2002 historiam
1538 1949 1898 2017 pertinebant,
1933 1950 2032 2004 tria

459 2043 589 2111 legit
634 2040 859 2096 Photius
891 2041 967 2109 (7)
1000 2059 1014 2107 ;
1047 2042 1109 2094 de
1142 2041 1335 2110 quibus
1370 2041 1593 2109 singulis
1633 2043 1896 2110 agendum
1926 2052 2028 2097 est.

531 2133 569 2186 Ι.
607 2133 688 2184 Τὰ
721 2133 858 2202 μετὰ
904 2131 1274 2202 Ἀλέξανδρον,
1317 2131 1468 2186 libris
1516 2143 1746 2198 quatuor
1780 2148 2031 2201 compre-

460 2225 660 2288 hensa;
695 2239 760 2276 ex
803 2223 997 2292 quibus
1041 2222 1378 2276 notissimam
1409 2225 1772 2292 satrapiarum
1810 2224 2034 2278 divisio-

461 2332 581 2370 nem
619 2316 813 2370 recitat
867 2313 1117 2380 Photius;
1172 2313 1604 2382 scriptoremque
1634 2315 1685 2368 in
1723 2317 2032 2369 universum

457 2425 580 2463 cum
615 2409 845 2460 Arriano
884 2407 1196 2460 consentire
1221 2406 1394 2458 docet.
1433 2405 1514 2458 Ad
1563 2409 1701 2459 hanc
1731 2405 2035 2460 Macedoni-

459 2516 578 2554 cam
610 2499 891 2554 historiam
913 2497 1194 2552 referenda
1224 2513 1345 2551 esse
1375 2512 1493 2566 quae
1521 2497 1598 2548 ill.
1628 2496 1798 2551 Maius
1821 2499 2032 2552 iuventa

459 2590 513 2643 in
565 2591 767 2644 codicis
803 2589 1134 2658 palimpsesti
1193 2588 1406 2656 paginis
1462 2588 1551 2650 8|,
1603 2586 1693 2651 82,
1737 2588 1853 2654 IOO,
1910 2589 2031 2655 101,

459 2681 627 2734 edidit
659 2696 765 2733 uno
800 2681 965 2734 verbo
1011 2679 1283 2731 monuisse
1324 2677 1386 2728 ad
1433 2679 1764 2745 probandum
1799 2680 1991 2734 sullicit
2019 2701 2031 2712 ο

458 2770 722 2838 siquidem
753 2769 926 2822 oratio
957 2767 1260 2836 Hyperidis,
1295 2769 1407 2821 sive
1434 2781 1710 2839 assumpta
1741 2772 1854 2825 sive
1891 2773 2032 2839 ficta,

461 2858 581 2911 belli
617 2857 850 2912 Laiuiaci
881 2869 1087 2926 tempus
1112 2867 1338 2927 spectat.
1370 2859 1519 2912 Dii-et
1556 2860 1782 2914 fortasse
1813 2862 2031 2932 aliquis,

460 2965 489 3002 a
524 2949 793 3014 Romana,
839 2965 942 3002 non
990 2949 1170 3003 dicam
1221 2949 1520 3020 Byzantina
1559 2951 1809 3016 historia,
1858 2954 2032 3008 aliena

462 3056 567 3094 non
608 3039 859 3093 debuisse
892 3038 1200 3094 collectioni
1255 3051 1453 3096 nostra:
1490 3041 1656 3097 inseri
1692 3059 1706 3095 :
1738 3045 1877 3113 quod
1911 3047 2032 3114 qui-

459 3136 578 3187 dem
619 3132 822 3187 factum
856 3135 1088 3202 primum
1129 3134 1268 3188 mole
1309 3136 1500 3204 exigua
1533 3136 1724 3192 horqu
1764 3138 2034 3210 fragmen-

459 3235 634 3279 torum
665 3225 972 3290 defendam,
1001 3241 1118 3295 qua:
1152 3241 1474 3294 perparvum
1499 3228 1602 3281 sibi
1633 3229 1809 3284 locum
1845 3243 2035 3301 postu-

461 3315 608 3380 lant;
653 3331 776 3368 cum
839 3330 1016 3369 tamen
1061 3315 1142 3368 vel
1179 3316 1296 3369 ideo
1329 3318 1472 3385 quod
1509 3319 1796 3388 Hyperidis
1841 3337 2032 3374 nomen

458 3430 569 3482 pra:
617 3430 675 3468 se
727 3415 906 3466 ferunt
947 3414 1346 3483 philologorutn
1415 3414 1668 3468 notitiam
1725 3421 2031 3476 merentur;

459 3507 708 3572 denique,
774 3506 817 3558 si
873 3504 1032 3557 aliter
1091 3507 1326 3558 facerem
1387 3505 1866 3574 reprehensionem
1925 3517 2032 3556 non

458 3593 806 3661 effugissem;
843 3606 966 3646 cum
1023 3593 1073 3646 in
1128 3594 1361 3649 editione
1391 3593 1631 3648 Romana
1663 3593 1872 3648 caeteris
1917 3609 2036 3662 qua:

459 3701 490 3737 e
521 3685 760 3752 Dexippo
787 3695 1079 3754 supersunt
1113 3686 1410 3740 adhmrent.
1448 3685 1565 3752 Quo
1585 3687 1726 3739 enim
1760 3685 1916 3740 modo
1947 3687 2032 3752 iis,

457 3775 548 3843 qui
583 3789 701 3826 eam
737 3789 839 3827 non
875 3773 1154 3838 vidissent,
1196 3786 1450 3831 constare
1481 3787 1664 3846 posset
1702 3791 1917 3831 menon
1956 3785 2033 3832 te-

461 3883 606 3922 mere
637 3867 944 3922 indicasse?

528 3957 594 4011 ll.
648 3959 924 4028 Χρονικὴν
978 3959 1242 4028 ἱστορίαν,
1302 3963 1417 4014 sive
1463 3961 1684 4015 annales
1724 3960 1820 4030 (8),
1871 3977 2030 4030 quam

459 4049 681 4104 Photius
714 4050 976 4120 σύντομον
1005 4053 1276 4123 ἱστορικόν
1325 4063 1498 4116 vocat,
1535 4069 1628 4121 per
1663 4053 2027 4123 Oiympiada-z,

459 4144 892 4213 archontumque
929 4155 984 4199 et
1023 4147 1302 4200 consulum
1350 4147 1516 4202 fastos
1555 4149 1623 4200 ab
1662 4149 1900 4203 historiae
1926 4151 2030 4204 ini-

460 4233 569 4295 tiis,
599 4234 817 4286 omissis
863 4243 1038 4288 tamen
1080 4235 1342 4290 fabulosis
1389 4238 1724 4306 primordiis,
1767 4254 1935 4307 usque
1964 4241 2029 4294 ad

456 4325 659 4378 Claudii
687 4325 901 4382 Gothici
931 4342 1127 4382 annum
1162 4330 1394 4398 primum
1443 4330 1655 4386 deducti
1683 4371 1696 4393 ,
1755 4333 2025 4402 ptarcipua

2137 1875 2256 1913 nem
2314 1858 2448 1928 (l2),
2492 1859 2772 1926 epistolam
2819 1872 2979 1912 esse:
3017 1857 3100 1911 cui
3135 1864 3193 1909 ut
3239 1855 3440 1924 aliquid
3481 1854 3548 1908 de
3586 1870 3710 1909 meo

2135 1946 2402 2016 adjiciam,
2434 1949 2630 2012 dicam,
2668 1963 2695 2000 a
2731 1947 3048 2016 magistratu
3081 1945 3320 2000 Romano
3373 1945 3592 1999 missam
3625 1944 3708 1998 vi-

2135 2040 2281 2106 deri;
2339 2039 2447 2093 imo
2493 2039 2560 2092 ab
2605 2039 2720 2104 ipso
2771 2035 3002 2091 fortasse
3056 2036 3401 2103 imperatore,
3481 2049 3604 2088 eum
3647 2048 3709 2088 se

2135 2145 2254 2184 cum
2313 2129 2482 2197 copiis
2526 2143 2648 2182 mox
2677 2127 2986 2180 adfuturmn
3038 2126 3289 2179 nuntiare
3342 2125 3418 2192 (p.
3452 2123 3542 2187 ‘25,
3580 2123 3613 2176 l.
3641 2125 3707 2177 17

2137 2222 2315 2292 seqq.)
2369 2222 2671 2288 lectamque
2705 2233 2828 2274 esse
2860 2219 2910 2271 in
2949 2217 3212 2272 concione
3257 2217 3330 2286 (p.
3368 2218 3457 2280 '22,
3515 2217 3551 2270 l.
3591 2217 3703 2282 l8).

2137 2313 2210 2366 De
2236 2315 2340 2376 his,
2373 2313 2418 2366 si
2455 2312 2592 2366 forte
2616 2311 2905 2380 aliquanth
2954 2309 3156 2363 codicis
3200 2309 3389 2378 pagina
3433 2307 3536 2362 524
3587 2309 3700 2376 ple-

2137 2407 2310 2459 niuse
2343 2405 2503 2458 litura
2560 2404 2674 2456 erui
2727 2403 2981 2472 potuerit,
3037 2403 3241 2470 liquido
3295 2400 3563 2455 constabit
3597 2415 3612 2451 :
3644 2415 3707 2454 ac

2139 2508 2265 2552 tuuc
2301 2497 2529 2552 fortasse
2560 2497 2842 2561 exneditur
2867 2498 2933 2551 de
2966 2511 3072 2564 quo
3101 2496 3313 2550 tandem
3361 2495 3558 2564 oppido
3585 2493 3707 2562 qui-

2138 2590 2342 2659 busque
2377 2590 2584 2646 civibus
2624 2604 2802 2643 sermo
2829 2590 2918 2643 sit.
2945 2586 3098 2642 Nunc
3142 2587 3194 2641 in
3225 2589 3274 2642 id
3307 2589 3571 2641 sententia
3621 2588 3706 2640 in-

2138 2683 2302 2734 clinat
2333 2692 2387 2734 ut
2417 2683 2530 2735 haec
2565 2684 2630 2734 ad
2664 2683 2896 2750 primum
2925 2680 3224 2734 Gothorqu
3277 2680 3567 2734 adventum
3603 2680 3706 2732 sub

2140 2775 2298 2828 Det-i0
2327 2775 2595 2843 pertinere
2618 2773 2866 2839 credam,
2894 2773 3050 2843 cujus
3081 2789 3274 2828 nomen
3310 2774 3362 2829 in
3397 2775 3701 2830 oblitterata

2139 2865 2225 2918 illa
2261 2866 2452 2934 pagina
2485 2865 2851 2934 conspicitur;
2876 2865 2928 2918 id
2955 2863 3097 2934 quod
3120 2881 3184 2920 eo
3213 2865 3522 2942 confirmari
3558 2866 3707 2921 vide-

2139 2965 2224 3010 tur
2285 2956 2426 3026 quod
2479 2957 2544 3009 de
2597 2956 2754 3010 rebus
2811 2957 2874 3011 ad
2924 2957 3222 3026 Nicopolim
3279 2943 3480 3012 MoeSia:
3533 2959 3705 3028 gesus

2142 3051 2344 3104 mentio
2370 3048 2606 3116 injicitur
2630 3050 2705 3120 (p.
2739 3049 2829 3112 25,
2854 3049 2887 3104 l.
2917 3049 3009 3114 22,
3046 3049 3117 3104 cf.
3153 3049 3458 3120 Syncellum
3492 3066 3542 3118 p.
3577 3052 3702 3116 705,

2139 3140 2172 3192 l.
2201 3140 2308 3206 12).
2359 3137 2511 3205 Quod
2543 3141 2588 3194 si
2620 3141 2692 3194 ita
2726 3141 2816 3206 sit,
2848 3140 3322 3212 Philippopolitani
3357 3142 3560 3198 fuerint
3604 3161 3704 3215 0p-

2137 3230 2317 3300 pidani
2347 3246 2376 3284 a
2403 3229 2656 3285 Barbaris
2680 3232 3053 3287 circumsessi.
3085 3231 3198 3287 Non
3228 3243 3404 3291 tamen
3436 3235 3701 3290 silendum

2137 3332 2218 3374 est
2253 3322 2415 3375 etiam
2440 3323 2540 3376 sub
2565 3323 2786 3376 Claudio
2815 3325 2952 3393 Aug.
2985 3325 3051 3377 ad
3099 3325 3396 3393 Nicepolim
3446 3341 3707 3397 prospere

2137 3410 2397 3465 adversus
2432 3410 2700 3466 Barbaros
2744 3420 3040 3481 pugnatum
3082 3415 3369 3486 esse(l3);
3420 3432 3525 3486 quo
3570 3427 3707 3473 tern-

2137 3513 2287 3566 pore,
2337 3510 2596 3567 quantum
2624 3501 2677 3554 in
2704 3512 2848 3556 tanta
2891 3506 3262 3560 narrationum
3297 3509 3707 3576 perturbatione

2139 3588 2311 3656 colligi
2338 3600 2533 3659 potest,
2569 3590 2956 3650 Thessalonica
2987 3610 3171 3652 eorum
3211 3598 3466 3668 impetum
3488 3599 3707 3657 fortiter

2137 3683 2417 3737 sustinuit.

2205 3771 2518 3830 Orationem
2549 3777 2798 3850 Dexippi,
2833 3782 3216 3854 scribend.que
3248 3801 3438 3855 genus,
3497 3787 3704 3856 ingenti

2137 3866 2294 3921 laude
2327 3867 2488 3923 effert
2518 3870 2763 3938 Photius,
2799 3887 2864 3929 eo
2905 3890 3074 3944 usque
3095 3886 3152 3929 ut
3192 3875 3540 3948 Thucydidem
3584 3896 3706 3947 per-

2134 3958 2312 4025 spicue
2347 3957 2638 4028 loquentem
2672 3964 2846 4030 dicat;
2895 3979 3014 4034 qua:
3054 3967 3188 4020 mira
3224 3978 3306 4022 est
3347 3969 3442 4022 viri
3473 3971 3708 4037 pruden-

2137 4049 2204 4104 tis
2252 4066 2281 4104 a
2326 4067 2456 4108 vero
2496 4055 2785 4111 aberratio.
2821 4055 2988 4114 Nemo
3038 4059 3181 4114 enim
3219 4061 3269 4114 in
3309 4077 3374 4118 eo
3408 4062 3700 4132 quidquam

2138 4149 2338 4209 praeter
2370 4143 2583 4196 inanem
2613 4146 2898 4214 degeneris
2951 4148 3048 4202 aevi
3104 4150 3376 4206 rhetorem
3421 4162 3700 4222 agnoscet,

2135 4240 2192 4284 ut
2223 4232 2417 4285 mirum
2454 4234 2526 4287 sit
2562 4236 2650 4302 qui
2688 4246 2794 4289 tam
2844 4237 3066 4304 puerilia
3113 4249 3371 4306 sectetur,
3419 4242 3562 4297 inter
3611 4258 3701 4297 res

2131 4323 2328 4377 arduas
2364 4325 2620 4390 positum,
2659 4342 2845 4396 magna
2872 4331 3122 4396 gessisse.

453 4416 598 4469 circa
665 4429 969 4487 temporum
1029 4422 1292 4473 rationem
1347 4437 1474 4474 cura
1528 4422 1785 4476 adhibita.
1821 4417 2106 4476 IlorumD
2203 4416 2331 4480 Qua:
2385 4419 2450 4470 dc
2502 4417 2741 4489 Dexippo
2787 4431 3004 4476 exstant
3063 4424 3366 4480 testimonia
3420 4429 3698 4496 sequentia

454 4506 804 4563 duodecimus
833 4510 967 4565 liber
1014 4527 1041 4562 a
1086 4511 1364 4579 Stephano
1405 4513 1834 4584 etlmicographo
1885 4514 2021 4568 cita-

455 4597 656 4667 tur(9);
687 4601 772 4653 ubi
802 4599 1120 4656 llerulormu
1151 4603 1353 4658 mentio
1379 4606 1680 4661 certissime
1709 4610 2024 4677 comprobat

453 4689 627 4743 locqu
680 4691 743 4744 de
781 4705 888 4758 quo
943 4694 1118 4762 agitur
1173 4711 1278 4750 non
1333 4696 1560 4750 multum
1613 4699 1678 4752 ab
1709 4701 1888 4768 operis
1921 4699 2024 4754 line

453 4777 688 4833 abfuisse
720 4795 736 4833 :
765 4791 976 4837 constat
1034 4784 1197 4853 igitur
1251 4787 1568 4857 scriptorem
1615 4791 1695 4843 his
1743 4791 2022 4846 duodecim

457 4882 480 4918 ς
513 4865 719 4920 chartis
751 4882 912 4924 onme
965 4886 1136 4925 tevum
1164 4874 1507 4944 explicuisse.
1551 4895 1569 4928 ι
1612 4878 1687 4930 Ex
1741 4880 1888 4934 hisce
1927 4894 2020 4932 an-

452 4956 663 5011 nalibus
697 4957 1009 5027 Syncellum
1042 4978 1377 5034 quaacunque
1413 4982 1442 5020 e
1477 4966 1713 5037 Dexippo
1749 4970 1908 5024 habet
1932 4986 2021 5037 pe-

453 5046 604 5101 tiisse
669 5049 1045 5115 arbitror;at
1107 5053 1556 5110 Constantiniana
1608 5070 1858 5126 excerpta
1917 5059 2022 5113 illis

453 5151 673 5205 prorsus
703 5140 876 5194 aliena
908 5154 1031 5196 sunt
1066 5160 1080 5198 :
1120 5160 1294 5213 neque
1328 5149 1468 5200 enim
1493 5151 1730 5216 prolixus
1749 5150 2023 5205 orationes

453 5380 606 5514 11,(ἰ).
632 5381 926 5506 gumeclogis
965 5398 1099 5450 quas
1141 5386 1212 5440 ill.
1268 5387 1434 5441 Maius
1475 5387 1638 5443 edidit
1673 5408 1684 5441 :
1727 5392 1846 5445 coll.
1899 5391 2017 5447 Vat.

525 5520 599 5596 (li)
641 5522 915 5596 §unapius
945 5525 1050 5578 vita
1080 5525 1363 5596 Porphyrii
1402 5529 1453 5580 in
1492 5530 1528 5582 l'.

525 5589 604 5721 (γὲ
636 5589 766 5663 Cod.
792 5589 881 5647 82.
1187 5589 1200 5595 '
1261 5589 1277 5596 '

529 5655 583 5721 (8
643 5658 937 5721 Euuapius.
969 5679 1022 5721 ι).
1055 5664 1146 5721 58.
1167 5665 1202 5718 l.
1235 5665 1288 5720 5.
1314 5666 1477 5721 Idem.
1507 5668 1555 5721 vi

529 5655 604 5722 (8)
643 5658 937 5729 Euuapius,
968 5679 1022 5732 p.
1055 5664 1202 5729 58,l.
1235 5665 1288 5720 ὅ.
1314 5666 1477 5735 Idem,
1507 5668 1612 5724 vita
1647 5668 1867 5739 Perplu,
1899 5672 1932 5725 Ι.
1978 5673 2013 5725 l.

2130 4505 2243 4560 fere
2277 4516 2400 4560 sunt
2433 4524 2447 4560 :

2205 4600 2500 4656 INSCBIPTIO
2531 4602 2586 4656 in
2615 4618 2829 4672 corpore
2867 4604 3095 4660 Boeckkii
3131 4622 3186 4661 n.
3219 4607 3344 4665 380.

2203 4693 2362 4747 Κατὰ
2423 4695 2482 4747 τὸ
2514 4695 2846 4766 ἐπερώτημα
2873 4698 2972 4767 τῆς
3007 4699 3066 4762 ἐξ
3115 4700 3323 4770 Ἀρείου
3357 4700 3530 4767 πάγου
3575 4700 3704 4770 βου-

2135 4788 2234 4856 λῆς
2293 4787 2390 4841 καὶ
2440 4789 2542 4858 τῆς
2605 4787 2803 4859 βουλῆς
2850 4790 2957 4842 τῶν
2986 4792 3069 4860 ψν’
3122 4793 3216 4844 καὶ
3245 4793 3338 4845 τοῦ
3368 4794 3539 4864 δήμου
3588 4793 3700 4844 τῶν

2126 4878 2452 4947 Ἀθηναίων,
2507 4879 2599 4932 τὸν
2628 4881 2869 4950 ἄρξαντα
2897 4882 2992 4952 τὴν
3052 4882 3146 4934 τοῦ
3207 4883 3470 4952 βασιλέως
3505 4885 3564 4937 ἐν
3601 4882 3700 4936 Θε-

2132 4969 2420 5039 σμοθέταις
2461 4971 2768 5042 ἀρχὴν,ἶκαὶ
2788 4973 3027 5042 ἄρξαντα
3055 4975 3152 5045 τὴν
3175 4976 3461 5046 ἐπώνυμον
3498 4978 3695 5047 ἀρχὴν,

2131 5062 2225 5114 καὶ
2265 5067 2857 5134 πανηγυριαρχήσαντα
2907 5067 3003 5117 καὶ
3049 5067 3536 5137 ἀγωνοθετήσαντα
3589 5069 3700 5120 τῶν

2135 5152 2388 5223 μεγάλων
2446 5155 2862 5225 Παναθηναίων,
2899 5158 3107 5212 οἴκοθεν
3147 5161 3295 5228 ἱερέα
3325 5161 3566 5229 παναγῆ,
3597 5160 3700 5212 Πό-

2197 5398 2272 5465 (9)
2317 5398 2372 5451 S.
2410 5415 2456 5451 ν.
2502 5402 2767 5469 Ἐλουροι.

2203 5469 2316 5534 (10)
2348 5470 2609 5521 Gordiau.
2639 5473 2692 5521 ‘2.

2203 5537 2314 5610 (All)
2351 5538 2424 5610 _l)e
2459 5539 2648 5610 histor.
2687 5540 2886 5604 Grata,
2917 5557 2968 5610 p.
2998 5542 3124 5596 942.

2349 5606 2502 5679 l_’r:ef.
2528 5611 2614 5679 ad.
2646 5611 2766 5679 coll.
2810 5606 2978 5664 Vati'c.
3007 5612 3071 5674 II,
3115 5629 3166 5679 p.
3199 5629 3384 5670 xxvm.

2199 5675 2310 5744 (l3)
2350 5674 2579 5732 Trebell.
2609 5678 2796 5743 Pollio,
2822 5680 3008 5734 Cltttttl.
3041 5674 3125 5734 ηζ
