4058 6212
1303 252 1316 281 ι

354 287 462 350 617

1765 284 2182 346 PR/EFATIO.

3501 285 3607 344 618

358 398 674 470 dignitatem
705 393 876 466 patris
905 391 1215 455 obtinebat;
1238 404 1360 446 mox
1390 391 1936 465 comeslargitionum
1963 400 2016 458 Α
2041 395 2222 465 petitae
2251 394 2451 465 ecloga:
2482 395 2534 450 in
2579 403 2808 465 utroque
2832 395 2990 451 titulo
3019 396 3085 451 de
3125 395 3485 463 legationibus
3512 410 3609 449 ex-

360 490 538 543 factus
582 496 744 555 atque
788 499 841 538 a.
884 483 1012 551 576,
1070 484 1137 538 ad
1181 482 1378 538 Persas
1432 484 1634 539 missus
1683 485 1928 555 est(27).

357 578 727 635 Christianum
778 576 949 630 fuisse
1004 575 1222 629 Petrum
1279 574 1444 629 dubio
1494 585 1694 631 caret:
1733 577 1931 646 quippe

358 672 454 740 qui
490 672 542 725 in
574 669 842 738 legatione
868 665 1087 720 Persica
1120 673 1178 718 ut
1201 665 1437 720 natalem
1488 665 1689 720 Christi
1721 665 1930 722 Domini

360 761 824 832 Epiphaniamque
863 758 1186 822 celebraret,
1243 757 1547 812 substiterit
1588 757 1724 827 (28),
1769 767 1932 826 atque

359 868 482 909 cum
517 851 710 922 Vigilio
738 853 884 921 Papa
921 851 988 905 de
1019 849 1179 904 rebus
1212 865 1333 919 qua:
1380 850 1447 905 ad
1479 850 1730 920 dogmata
1761 850 1930 919 perti-

361 953 490 1000 nent
526 943 716 1012 egerit.

438 1034 537 1089 Hic
573 1033 766 1089 Petrus
792 1032 932 1086 inter
977 1044 1187 1085 coarvos
1230 1029 1534 1084 incredibili
1573 1030 1801 1098 quadam
1831 1030 1930 1087 ilo-

365 1125 647 1182 ruitlaude
678 1134 734 1180 et
767 1123 933 1193 gloria
973 1121 1172 1190 :cujus
1204 1122 1280 1176 rei
1315 1122 1616 1176 testimonia
1654 1122 1791 1176 infra
1835 1138 1930 1193 po-

362 1217 467 1271 sui.
490 1215 693 1269 Praeter
724 1212 1114 1282 eloquentiam,
1159 1221 1320 1281 atque
1362 1212 1576 1265 unicam
1607 1211 1661 1265 in
1709 1228 1934 1280 persua-

360 1305 535 1361 dendo
567 1305 698 1368 vim,
728 1317 993 1357 summam
1029 1300 1083 1355 in
1113 1301 1272 1354 rebus
1291 1301 1588 1355 tractandis
1629 1301 1927 1367 solertiam,

361 1397 700 1466 diligentiam
741 1393 1090 1457 indefessam,
1123 1391 1297 1460 legum
1321 1391 1678 1460 cognitionem
1714 1408 1935 1447 accura-

364 1486 650 1550 tissimam,
720 1484 1078 1539 eruditionem
1128 1468 1492 1550 amnigenam,
1546 1481 1594 1536 ei
1655 1482 1928 1547 tribuunt;

363 1588 474 1633 tum
507 1593 636 1632 vero
663 1592 932 1631 amoenum
982 1575 1274 1645 ingenium,
1318 1577 1613 1644 mitemque
1639 1574 1879 1628 animum
1916 1593 1928 1627 :

360 1669 544 1738 inquo
579 1683 701 1722 cum
730 1667 890 1722 unico
936 1666 1090 1736 cujus
1138 1666 1298 1720 verba
1327 1666 1393 1720 ad
1431 1680 1530 1720 nos
1569 1659 1934 1735 pervenerunt

359 1760 728 1816 obtrectatore
749 1757 861 1828 (29)
890 1757 961 1812 ita
994 1758 1263 1812 consentit
1295 1756 1440 1810 Petri
1491 1757 1661 1812 cliens
1695 1755 1934 1812 Joannes

360 1850 563 1921 Lydus,
619 1861 678 1903 ut
723 1849 826 1903 hoc
898 1858 1045 1903 certe
1097 1858 1307 1903 constet
1363 1847 1683 1902 benevolum
1737 1846 1930 1914 fuisse,

361 1942 698 2009 liberumque
726 1942 793 1994 ab
815 1939 964 1994 omni
999 1938 1328 2008 arrogantia.
1358 1938 1534 1992 Etiam
1551 1947 1676 2008 post
1701 1948 1930 1994 mortem

360 2043 392 2082 a
414 2029 646 2098 Corippo
689 2027 813 2081 boni
854 2028 1176 2097 cognomine
1226 2026 1520 2097 insignitur
1551 2027 1687 2096 (50),
1717 2036 1775 2082 ut
1803 2027 1931 2083 olim

367 2121 480 2174 Rex
515 2121 718 2174 Ancus.
747 2121 876 2185 Quae
915 2129 1093 2172 tamen
1128 2118 1356 2173 virtutes
1400 2134 1506 2173 non
1548 2120 1767 2174 obstant
1803 2135 1936 2188 quo-

364 2210 544 2264 minus
578 2224 705 2265 vere
739 2209 1033 2277 Procopius
1075 2209 1122 2262 ei
1149 2210 1480 2278 exprobrare
1511 2210 1745 2277 potuerit
1787 2208 1936 2263 fura-

360 2301 640 2354 cissimum
672 2301 863 2366 fuisse,
902 2312 1063 2369 atque
1103 2299 1412 2368 inexplebili
1441 2301 1752 2354 divitiarum
1781 2300 1934 2369 cupi-

360 2389 533 2443 ditate
581 2389 860 2444 incensum
889 2390 1000 2460 (5|)
1033 2390 1303 2444 :avaritia
1352 2391 1494 2444 enim
1538 2391 1677 2460 apud
1701 2391 1938 2447 Orientis

359 2481 608 2548 populos,
662 2481 729 2536 ad
776 2482 1093 2536 servitutem
1143 2480 1442 2550 prolapsos,
1481 2495 1720 2550 persaepe
1771 2480 1935 2535 etiam

361 2574 600 2627 virorum
636 2573 855 2627 minime
881 2573 1144 2627 malorum
1171 2573 1377 2627 animos
1411 2571 1617 2626 invadit
1658 2589 1671 2625 :
1703 2587 1933 2640 quorum

359 2663 578 2719 bonitas
628 2679 694 2720 eo
748 2674 958 2719 tantum
1004 2665 1199 2730 elucet,
1251 2664 1392 2733 quod
1423 2679 1596 2733 neque
1643 2663 1938 2718 crudeliter

363 2764 523 2824 agunt
551 2769 892 2810 nummorum
931 2769 1114 2820 causa,
1153 2767 1326 2822 neque
1355 2752 1443 2821 jus
1478 2753 1719 2808 violant:
1752 2754 1940 2821 quales

361 2857 486 2900 sunt
510 2846 622 2900 fere
649 2846 695 2900 si
729 2847 820 2913 qui
855 2846 995 2900 inter
1024 2847 1229 2900 Turcas
1266 2846 1369 2900 viri
1397 2845 1521 2901 boni
1570 2845 1843 2900 dicuntur.
1880 2844 1938 2898 In

361 2953 470 3008 quo
518 2951 714 3009 genere
748 2937 954 2992 illustre
998 2937 1304 3006 exemplum
1352 2946 1471 2991 erat
1505 2937 1767 2990 memoria
1821 2949 1938 2989 mea

362 3027 761 3083 Mohammedes
783 3040 968 3090 senex,
1000 3025 1228 3095 Algeriae
1253 3033 1490 3086 satrapa.
1527 3022 1668 3077 Nihil
1694 3023 1794 3078 hoc
1825 3023 1941 3076 viro

364 3119 569 3182 mitius,
589 3117 810 3187 ejusque
841 3118 945 3172 ﬁde
975 3118 1094 3171 data
1113 3113 1247 3170 nihil
1273 3116 1512 3171 sanctius
1539 3131 1554 3167 :
1585 3125 1640 3169 at
1665 3115 1806 3170 idem
1831 3131 1935 3170 non
1965 3134 2010 3193 ρ
2042 3137 2164 3176 esse

363 3212 535 3269 solum
559 3213 659 3268 nisi
683 3227 869 3280 pacem
897 3211 965 3266 ab
983 3227 1047 3267 eo
1064 3211 1406 3275 redemisses,
1427 3210 1706 3280 piraticam
1721 3223 1941 3263 exerce-

364 3305 487 3370 bat;
524 3303 852 3374 violataque,
887 3300 1004 3358 siue
1036 3318 1130 3357 sua
1163 3301 1340 3372 culpa,
1363 3317 1516 3370 pace,
1545 3303 1790 3369 gavisam
1821 3316 1940 3356 esse

365 3395 564 3461 credo;
599 3409 784 3449 verum
809 3395 968 3449 etiam
997 3394 1242 3464 quotidie
1290 3409 1386 3463 per
1428 3408 1712 3464 vesperam
1761 3392 1940 3446 aureis

367 3487 716 3542 numerandis
743 3502 802 3542 se
827 3488 1149 3543 delectabat.
1180 3483 1522 3542 Praedivitem
1572 3493 1722 3541 certe
1771 3483 1940 3538 fuisse

364 3580 583 3634 Petrum
627 3579 751 3633 inde
805 3579 1129 3647 colligimus,
1175 3581 1316 3649 quod
1367 3577 1542 3632 insula
1588 3575 1852 3642 Aconitis,
1887 3575 1939 3628 in

364 3687 469 3743 qua
507 3672 647 3728 cotis
675 3670 870 3726 fodinae
919 3674 1337 3736 exercebantur,
1391 3671 1601 3739 integra
1640 3683 1737 3738 pro
1773 3668 1939 3722 fundo

363 3764 433 3818 ad
461 3778 582 3817 eum
625 3762 930 3832 pertinebat
965 3761 1100 3832 (52).
1148 3762 1346 3817 Eadem
1398 3760 1679 3815 servitutis
1724 3757 1938 3812 miseria

367 3855 516 3908 viros
541 3854 789 3922 quamvis
846 3851 1016 3907 bonos
1062 3852 1454 3907 immanissima
1497 3850 1755 3921 principis
1790 3848 1939 3916 iussa

368 3961 466 4015 pro
491 3941 731 3998 numinis
765 3942 1006 3997 oraculis
1050 3944 1274 4012 exsequi
1308 3944 1474 4011 cogit,
1515 3940 1670 4011 quasi
1699 3939 1832 3994 nihil
1856 3954 1942 3991 ar-

370 4036 536 4093 bitrio
575 4048 676 4090 suo
706 4033 955 4088 relictum
978 4035 1050 4089 sit
1086 4049 1100 4088 :
1139 4035 1321 4103 itaque
1362 4045 1675 4087 asseverare
1712 4045 1817 4085 non
1842 4044 1938 4082 au-

368 4127 552 4182 derem
609 4125 933 4181 calumniam
981 4139 1102 4180 esse
1157 4124 1404 4193 Procopii
1442 4121 1716 4178 narrantis
1765 4120 1943 4175 Theo-

369 4220 642 4274 dahadum
671 4235 701 4274 a
727 4221 888 4277 Petro
909 4219 974 4274 ad
999 4218 1404 4273 Amalasuntha:
1438 4229 1623 4270 necem
1659 4213 1939 4268 incitatum

366 4328 489 4369 esse
521 4314 670 4384 (53):
713 4313 816 4368 nisi
856 4328 1022 4369 causa
1075 4326 1240 4382 quam
1299 4309 1459 4364 affert
1511 4323 1609 4363 cur
1658 4306 1940 4362 Thcodora

369 4405 598 4458 exitium
623 4405 858 4460 infelicis
882 4405 1082 4475 reginae
1109 4403 1416 4458 machinata
1433 4409 1576 4456 esset
1607 4409 1714 4454 tam
1750 4414 1939 4469 parum

368 4495 646 4550 credibilis
681 4495 846 4560 foret,
876 4507 934 4550 ut
969 4499 1072 4552 hoc
1113 4509 1333 4565 quoque
1376 4494 1581 4548 crimen
1639 4490 1942 4547 maledictis

369 4602 583 4643 vesanae
606 4588 953 4657 impudentiae
979 4588 1251 4644 acccuseri
1287 4600 1445 4657 posse
1472 4585 1760 4642 confidam.

441 4680 604 4736 Petro
647 4679 890 4736 Patricio
942 4679 1140 4735 Suidas
1196 4679 1436 4749 ἱστορίας
1499 4676 1688 4732 tribuit
1733 4691 1748 4732 :
1797 4674 1940 4729 unde

443 4835 557 4908 (27)
585 4835 716 4908 Vide
747 4837 1019 4908 Valesium
1061 4836 1125 4892 ad
1154 4852 1206 4907 p.
1238 4835 1362 4908 5i9,
1399 4835 1453 4908 _8,
1484 4833 1569 4889 ed.
1609 4834 1665 4908 Β.

445 4900 560 4977 (‘28)
586 4907 718 4961 Ibid.
755 4922 808 4975 p.
840 4909 965 4970 554,
985 4907 1076 4969 21,
1101 4900 1246 4977 se'q.,
1274 4907 1362 4974 qui
1394 4906 1572 4977 locus,
1598 4905 1664 4956 ab
1700 4901 1773 4955 ilI.
1805 4900 1944 4977 Liuio

373 4969 806 5042 animadversus,
862 4969 1095 5032 Fabricii
1162 4969 1495 5046 diligentiam
1549 4973 1779 5046 fugera_t.
1839 4969 1946 5024 Sed

373 5061 572 5121 nomen
603 5046 750 5121 Petri
788 5039 854 5121 ad
905 5064 1014 5121 rem
1041 5039 1374 5121 probandam
1428 5039 1942 5121 parum:_el.liceret:

374 5114 614 5190 Joannes
653 5117 794 5170 enim
824 5117 1003 5190 Lydus
1032 5111 1118 5190 vix
1154 5116 1372 5190 nomine
1412 5111 1568 5190 tenus
1605 5111 1946 5190 Christianus

372 5187 506 5248 luit;
542 5201 714 5254 neque
743 5202 806 5240 eo
837 5179 1006 5256 niagis
1054 5187 1291 5242 Joannes
1337 5183 1584 5258 Stobaeus
1618 5195 1638 5258 _:
1677 5179 1933 5258 Iacobum

374 5248 889 5319 rnedicnmmatione
902 5248 1185 5320 Avehivum,
1202 5269 1464 5324 paganum
1485 5253 1736 5322 religione
1751 5248 1935 5324 fuisse,

373 5324 576 5402 diserte
606 5315 792 5402 narrat
831 5315 1182 5402 Marcellinus
1203 5315 1489 5402 in:Chron.
1516 5315 1776 5402 ..ελῖιληειζ
1804 5315 1933 5402 462.

445 5394 558 5464 (‘29)
610 5394 910 5466 Procopius
943 5398 1209 5466 Aneedot.
1259 5394 1328 5446 25
1354 5433 1370 5458 ,
1417 5408 1472 5462 p.
1516 5391 1582 5446 70
1614 5409 1628 5444 :
1661 5389 1840 5460 ΙΙρᾶος
1873 5389 1941 5455 ἦν

375 5467 469 5518 καὶ
497 5467 572 5535 ᾡς
597 5465 802 5535 (ἣκιστά
825 5467 1069 5535 ὑϐρίζειν
1092 5465 1268 5526 εἰδώς.

441 5534 556 5603 (ὅθ)
579 5533 846 5605 Curippns
877 5533 954 5605 De
975 5536 1126 5589 laud.
1158 5535 1298 5588 Just.
1330 5533 1477 5591 1.24.

449 5605 559 5675 (51)
599 5604 826 5673 Proeop.
859 5606 892 5658 Ι.
924 5604 962 5659 Ι.

445 5671 560 5745 (52)
596 5671 916 5730 Hermolaus
943 5677 994 5729 in
1019 5674 1262 5728 Ethnicis
1278 5673 1536 5743 Stephani
1558 5689 1601 5728 s.
1635 5690 1685 5728 v.
1705 5671 1944 5725 Ἅκόναι.

699 5773 972 5834 Ρλτιιοι..
1020 5772 1137 5834 Gn.
1192 5771 1412 5833 CXIII.

2037 493 2183 540 stant
2212 501 2226 539 :
2272 500 2500 554 quarum
2546 487 2722 555 prima
2755 486 2821 540 ad
2853 485 3136 555 imperium
3164 473 3388 551 Tiberii,
3421 486 3609 540 ultima

2039 577 2106 632 ad
2134 593 2223 632 res
2261 592 2290 630 a
2318 575 2559 642 Juliano,
2587 579 2762 632 adhuc
2789 579 3028 643 Caesare,
3057 579 3158 633 sub
3180 581 3437 647 auspiciis
3465 579 3610 635 Cou-

2039 665 2304 721 stantiiin
2352 665 2523 721 Gallia
2573 677 2752 735 gestas
2807 669 3059 733 pertinet.
3123 666 3278 732 Quod
3304 667 3350 722 si
3383 668 3609 724 ulterius

2039 769 2355 826 progressus
2382 764 2545 818 esset,
2584 755 2630 809 is
2661 755 2754 824 qui
2779 756 2996 824 eclogas
3033 757 3270 813 confecit
3296 774 3403 813 non
3435 760 3626 843 magis

2040 845 2096 900 in
2122 845 2286 900 Petro
2324 861 2488 914 quam
2537 847 2590 901 in
2635 847 2847 901 caeteris
2891 847 3136 902 ultimam
3175 849 3357 918 operis
3401 861 3612 920 partem

2039 937 2389 1008 neglexisset.
2454 936 2640 1006 Itaque
2686 952 2808 992 eum
2843 941 3003 992 linem
3050 939 3242 995 fecisse
3293 943 3384 996 ubi
3420 933 3613 998 Euna—

2038 1030 2160 1099 pius
2190 1043 2276 1084 res
2304 1029 2460 1099 plene
2480 1044 2706 1084 narrare
2730 1029 3024 1099 incipiebat
3052 1047 3157 1086 non
3188 1031 3392 1087 dubito.
3411 1031 3611 1088 Verum

2040 1118 2094 1172 in
2127 1132 2235 1186 quo
2272 1128 2512 1187 tempore
2538 1117 2783 1172 historia:
2823 1133 2936 1173 suae
2978 1119 3190 1174 initium
3241 1122 3610 1186 constituerit,

2039 1221 2100 1262 ea
2133 1206 2358 1276 quaestio
2386 1221 2493 1261 non
2515 1221 2668 1277 aeque
2710 1216 2862 1262 certe
2893 1209 3136 1276 expediri
3165 1218 3344 1277 potest
3370 1223 3386 1262 :
3423 1225 3611 1281 regum

2041 1308 2218 1354 tamen
2267 1299 2534 1369 liberique
2569 1299 2751 1368 populi
2796 1298 3026 1354 Romani
3055 1309 3297 1370 tempora
3344 1309 3613 1357 tractasse

2039 1404 2146 1443 non
2205 1391 2561 1456 crediderim;
2598 1391 2734 1444 cunf
2772 1401 2992 1460 propter
3030 1391 3342 1459 eclogarum
3385 1408 3451 1448 ex
3486 1395 3612 1448 uni-

2038 1491 2197 1530 verso
2239 1479 2342 1532 hoc
2391 1489 2634 1548 tempore
2681 1479 2972 1545 defectum,
3001 1490 3112 1534 tum
3151 1482 3277 1551 quia
3307 1497 3416 1537 non
3455 1483 3612 1539 video

2039 1566 2168 1634 quid
2211 1568 2484 1622 hominem
2533 1569 2890 1637 Byzantinum
2936 1572 3212 1640 impellere
3260 1575 3496 1643 potuerit
3544 1577 3613 1630 ad

2038 1655 2321 1708 scribenda
2369 1671 2507 1725 qum,
2547 1666 2605 1710 ut
2651 1657 2882 1727 quisque
2929 1660 3192 1728 prolixius
3243 1675 3337 1716 aut
3395 1665 3614 1720 brevius

2041 1755 2258 1799 narrata
2306 1756 2613 1813 quareret,
2665 1749 2824 1819 vulgo
2876 1749 3310 1807 inveniebantur.
3359 1752 3474 1809 Non
3529 1765 3615 1809 ta-

2039 1851 2218 1890 mena
2271 1836 2490 1892 Tiberio
2519 1837 2804 1907 incepisse,
2849 1870 2921 1880 -—
2965 1841 3017 1896 id
3061 1843 3206 1910 quod
3234 1857 3331 1910 per
3370 1858 3433 1898 se
3463 1846 3612 1899 omni

2035 1937 2245 1982 careret
2265 1928 2665 1998 probabilitate,
2697 1961 2766 1976 --
2788 1933 2882 1988 sed
2899 1933 3012 2000 jam
3035 1934 3102 1987 de
3127 1933 3390 2005 Augusto,
3414 1936 3612 1990 trium-

2035 2020 2350 2091 viratusque
2383 2032 2626 2092 tempore
2654 2025 2849 2095 egisse,
2883 2027 3116 2095 probant
3152 2025 3454 2097 fragmenta
3488 2043 3609 2098 qua:

2036 2115 2086 2167 in
2105 2115 2283 2168 libello
2311 2114 2665 2184 Seguieriano
2689 2119 2752 2173 de
2777 2118 2992 2187 syntaxi
3024 2118 3204 2173 inveni
3233 2120 3373 2190 (54).
3421 2119 3499 2175 Ex
3525 2121 3612 2177 his

2035 2204 2262 2259 alterum
2297 2206 2436 2274 apud
2485 2207 2708 2262 Dionem
2749 2208 2995 2264 Cassium
3019 2210 3210 2266 iisdem
3241 2226 3408 2282 prope
3436 2212 3614 2268 verbis

2037 2297 2234 2365 legitur
2254 2298 2388 2368 (55),
2420 2297 2562 2367 quod
2589 2299 2655 2354 de
2688 2299 2758 2354 fr.
2784 2302 2837 2364 ι,
2869 2303 2922 2370 5,
2947 2317 3001 2372 p.
3023 2303 3148 2367 125,
3180 2305 3268 2360 ed.
3299 2305 3383 2372 B.,
3415 2305 3611 2361 collata

2038 2391 2196 2459 legat.
2249 2387 2360 2454 LII,
2424 2404 2478 2458 p.
2512 2391 2612 2445 401
2677 2391 2879 2458 Ursini,
2927 2397 3238 2452 observavit
3294 2397 3546 2453 Valesius
3594 2414 3608 2449 :

2039 2478 2180 2532 unde
2231 2480 2550 2547 conjectura
2587 2492 2736 2538 certa
2790 2485 2966 2540 oritur
3020 2485 3244 2542 Petrum
3287 2489 3418 2543 nihil
3465 2475 3614 2544 aliud

2037 2586 2199 2638 quam
2233 2570 2420 2626 Dionis
2451 2573 2777 2628 breviarium
2822 2577 3127 2634 confecisse
3157 2589 3426 2649 quatenus
3455 2580 3613 2648 hujus

2037 2661 2265 2718 historia
2291 2672 2522 2731 pateret.
2547 2663 2665 2718 Jam
2695 2680 2819 2721 vero
2838 2682 2963 2722 cum
3005 2672 3351 2726 continuator
3395 2671 3612 2736 Dionis,

2038 2752 2192 2821 cnjus
2223 2755 2438 2826 eclogas
2467 2755 2544 2810 ill.
2575 2755 2746 2812 Maius
2767 2759 2822 2813 in
2855 2759 3010 2813 titulo
3041 2762 3108 2815 de
3141 2763 3430 2817 sententiis
3464 2762 3614 2818 inve-

2041 2847 2141 2912 nit,
2173 2856 2433 2916 quantum
2469 2849 2644 2917 spatia
2673 2851 2848 2905 metiri
2881 2852 3029 2917 licet,
3060 2868 3170 2907 non
3209 2853 3439 2907 multum
3473 2854 3612 2908 infra

2038 2940 2454 2995 Constantinum
2499 2940 2570 2995 LI.
2599 2942 2968 3010 descenderit,
3015 2959 3121 2999 non
3175 2947 3462 3001 temeraria
3514 2947 3614 3002 ha-

2043 3031 2326 3087 riolatione
2357 3033 2487 3087 mihi
2515 3033 2760 3103 persuasi
2787 3048 2909 3087 eum
2948 3049 3054 3088 non
3087 3036 3361 3090 diversum
3391 3051 3420 3090 a
3453 3036 3616 3092 Petro

2221 3139 2235 3176 :
2292 3124 2359 3178 ad
2418 3140 2578 3193 quam
2630 3124 2950 3178 ﬁrmandam
3011 3127 3251 3181 nonnihil
3311 3129 3612 3194 accederet,

2041 3216 2088 3264 si
2123 3213 2462 3282 exploratum
2514 3223 2658 3269 esset
2723 3216 3110 3283 imperatorum
3166 3219 3386 3271 nomina
3416 3220 3612 3287 quibus

2043 3303 2144 3357 ista
2178 3306 2320 3374 apud
2375 3305 2573 3360 Maium
2621 3320 2720 3374 pro
2790 3306 3060 3362 lemmatis
3104 3308 3512 3378 distinguuntur
3554 3311 3609 3363 in

2041 3397 2227 3451 codice
2258 3396 2338 3451 sic
2368 3398 2542 3467 posita
2571 3410 2704 3454 esse
2740 3416 2752 3452 :
2799 3414 2921 3453 nam
2965 3400 3155 3456 eadem
3187 3403 3397 3458 ratione
3431 3419 3616 3475 gram-

2042 3489 2272 3543 maticus
2314 3488 2405 3542 ille
2448 3490 2540 3558 qui
2596 3491 2664 3546 de
2706 3491 2920 3562 syntaxi
2978 3492 3215 3562 scripsit,
3279 3493 3424 3549 Petri
3478 3511 3618 3563 opus

2045 3578 2097 3631 in
2140 3587 2320 3648 partes
2354 3579 2669 3636 distinctum
2702 3581 2907 3637 invenit
2948 3598 2963 3637 :
3012 3594 3162 3640 certe
3203 3599 3308 3640 non
3353 3585 3614 3641 librorum

2044 3671 2309 3736 numeris;
2342 3687 2500 3742 quos,
2531 3683 2584 3726 ut
2619 3688 2832 3742 semper
2859 3674 3014 3739 alias,
3047 3677 3336 3745 posuisset.

2117 3761 2384 3814 Praeterea
2427 3763 2567 3816 idem
2599 3764 2796 3817 Suidas
2847 3765 3008 3820 Petro
3037 3781 3170 3836 opus
3202 3768 3343 3835 Περὶ
3389 3773 3617 3823 πολιτι-

2043 3849 2602 3917 κῆςκαταστάσεως
2637 3855 2863 3909 ascribit
2905 3873 2918 3906 :
2969 3860 3111 3923 quod
3166 3857 3245 3910 ill.
3287 3857 3460 3912 Maius
3497 3859 3616 3912 illos

2045 3941 2298 4010 anonymi
2329 3940 2610 4010 scriptoris
2638 3943 2704 3996 de
2729 3958 2785 3998 re
2818 3945 3030 4012 publica
3066 3946 3312 4016 dialogos
3339 3963 3459 4004 esse
3483 3966 3615 4004 cun-

2040 4031 2181 4099 jicit,
2217 4047 2443 4101 quorum
2475 4033 2700 4089 Photius
2730 4035 2852 4090 cod.
2889 4036 2956 4090 37
2990 4036 3253 4103 meminit,
3289 4040 3399 4108 ipse
3433 4053 3612 4098 autem

2046 4140 2076 4178 e
2128 4123 2478 4194 palimpsesto
2537 4124 2798 4180 Vaticano
2861 4126 3035 4197 ampla
3088 4127 3258 4183 edidit
3312 4131 3611 4202 fragmenta

2045 4214 2188 4283 Περὶ
2246 4213 2567 4283 πολιτικῆς
2617 4213 2954 4284 ἐπιστήμης
3017 4215 3299 4287 inscripta.
3354 4217 3611 4287 Equidem

2046 4305 2414 4375 inscriptionis
2452 4306 2819 4361 diversitatem
2886 4307 3154 4372 omittam,
3196 4323 3368 4378 neque
3409 4311 3614 4381 negabo

2045 4397 2208 4454 Petro
2238 4398 2450 4468 placere
2477 4399 2714 4469 potuisse
2736 4407 2794 4452 ut
2821 4397 2986 4455 libros
3011 4400 3128 4456 sine
3150 4401 3366 4457 nomine
3390 4402 3610 4458 ederet:

2047 4499 2286 4545 attamen
2333 4491 2420 4543 vix
2465 4489 2724 4545 credibile
2757 4488 2969 4544 videtur
2999 4504 3113 4545 rem
3161 4490 3338 4546 Suidze
3370 4508 3615 4562 comper-

2050 4591 2157 4637 tam
2211 4583 2370 4637 docto
2407 4582 2731 4652 curiosoque
2778 4581 2973 4636 Pbotio
3013 4597 3119 4637 non
3166 4583 3489 4649 innotuisse;
3521 4595 3615 4638 aut

2047 4680 2261 4738 contra,
2310 4672 2534 4727 Suidam
2577 4671 2792 4728 silentio
2839 4672 3122 4728 transiisse
3168 4671 3295 4728 illud
3340 4687 3476 4744 opus
3508 4690 3614 4744 quo

2116 4827 2228 4897 (33)
2261 4826 2464 4897 Anecd.
2496 4829 2583 4889 l6,
2629 4843 2681 4896 p.
2705 4829 2794 4883 47.

2115 4899 2226 4964 (5i)
2270 4896 2343 4949 Ea
2378 4898 2549 4966 posita
2582 4907 2706 4951 sunt
2740 4899 2899 4962 infra,
2928 4900 3037 4955 col.
3077 4900 3201 4956 673.

2115 4967 2226 5032 (55)
2267 4967 2457 5037 Petrus
2487 4984 2516 5037 :A
2562 4969 2788 5037 ’Arrsi'rre
2827 4975 2941 5032 τοῖς
2984 4970 3298 5037 βουλευταῖς
3354 4969 3611 5036 ἐκδημεῖν

2046 5037 2152 5104 ἔξω
2194 5036 2447 5108 Ἰταλίαςτ
2501 5035 2597 5108 Dio
2632 5036 2742 5100 LII,
2772 5039 2861 5099 41,
2911 5056 2960 5108 p.
2984 5035 3118 5101 i695,
3150 5041 3238 5100 54,
3272 5041 3359 5093 cii.
3396 5037 3468 5108 Β.
3496 5035 3613 5091 Καὶ

2048 5109 2393 5178 προσαπεῐπε
2412 5104 2472 5230 EI.
2492 5107 2587 5160 καὶ
2610 5108 2744 5176 πρὸς
2768 5104 2990 5178 ἁπεῖέτε]
3014 5111 3276 5172 πᾶσιῖτοίς
3297 5107 3612 5177 βουλεύουσι

2048 5180 2119 5230 itii
2144 5177 2268 5230 ὲκδη
2281 5177 2398 5230 μεῖν
2442 5176 2514 5230 Eua
2534 5179 2633 5230 τῆς
2661 5178 2912 5230 Ἰταλίας.
2933 5179 3084 5230 Iinnc
3107 5181 3279 5230 locum
3302 5178 3610 5230 adiumento

2047 5176 2120 5248 μὴ
2144 5177 2398 5248 ἐκδημεῖν
2412 5176 2514 5240 ἔξω
2534 5179 2633 5246 τῆς
2661 5178 2912 5240 Ἰταλίας.
2933 5176 3084 5234 Iiunc
3107 5181 3279 5232 locum
3299 5176 3610 5245 adjutuento

2047 5247 2240 5302 indicis
2267 5247 2595 5318 Reimariani
2620 5249 2876 5318 indagare
2914 5252 3057 5316 potui
3084 5266 3099 5316 ;
3127 5250 3170 5302 is
3200 5251 3289 5318 qui
3317 5248 3473 5318 alteri
3508 5249 3612 5299 fra-

2048 5327 2266 5384 gmento
2283 5317 2590 5384 respondet,
2609 5317 2711 5372 nisi
2727 5333 2857 5372 casu
2876 5319 3106 5383 oblatus,
3127 5316 3266 5370 haud
3283 5317 3438 5371 facile
3462 5316 3612 5370 inve-

2053 5389 2245 5440 nietur.
2267 5385 2471 5451 Quotus
2498 5388 2640 5440 enim
2658 5389 2885 5456 quisque
2903 5389 3038 5441 adeo
3057 5388 3379 5449 indefessus,
3396 5388 3613 5454 otioque

2051 5457 2346 5509 instructus
2377 5466 2480 5520 est,
2527 5466 2582 5509 ut
2622 5468 2852 5526 quatuor
2893 5459 3154 5511 vocabula
3192 5472 3285 5525 per
3327 5465 3402 5510 tot
3448 5456 3614 5512 libros

2051 5541 2294 5592 qmerere
2328 5527 2627 5580 sustineat?
2652 5541 2772 5581 cum
2794 5541 2858 5580 ne
2881 5527 3008 5580 illud
3035 5527 3248 5594 quidem
3269 5534 3475 5581 cousth
3491 5541 3614 5580 cer-

2057 5605 2166 5647 tum
2219 5609 2338 5649 esse
2380 5596 2600 5650 Antonii
2644 5609 2837 5650 nomen
2885 5613 2992 5649 non
3037 5612 3223 5650 errore
3254 5598 3486 5665 positum
3520 5611 3616 5661 pro

2057 5665 2336 5720 Antonini.
2378 5665 2548 5721 Verbo
2583 5668 2795 5735 quidem
2824 5667 3088 5720 θωπεύειν
3123 5681 3266 5736 smpe
3298 5668 3463 5721 utitur
3494 5667 3610 5721 Dio.

3208 5761 3283 5822 eo
