4058 6212
453 291 561 356 (ἷιθ

1478 285 1874 346 EXCERPTA
1913 284 2010 344 DE
2044 281 2448 348 LEGATIONI
2460 286 2621 348 BUS.
3578 278 3692 352 ’6Ξο

452 404 648 459 Petrus
699 403 847 475 Lydo
889 409 1026 458 teste
1073 401 1138 455 de
1181 398 1498 468 magisterio
1525 399 1824 455 ofﬁciorum
1855 411 2020 465 expo-

2138 397 2330 470 ετράφη
2358 399 2417 470 [1.
2445 401 2618 470 ὲνετρ.
2662 400 2758 465 Ν.]
2795 400 3108 472 συνηγορῶν
3136 402 3249 466 τοῖς
3267 401 3560 473 δεομένοις,
3588 406 3692 476 ἄρ-

457 497 566 552 suit
615 495 726 566 ('56)
775 513 790 548 :
847 508 966 546 cum
1022 491 1072 545 id
1121 501 1300 547 tamen
1354 491 1408 545 in
1450 491 1729 546 hominum
1777 487 2024 542 manibus

456 596 773 644 versaretur
800 584 1008 639 decimo
1039 583 1255 639 saeculo.
1309 584 1518 638 Etenim
1551 581 1841 638 manifesto
1868 579 2025 650 hujus

456 685 640 748 partes
670 681 796 728 sunt
845 689 1182 744 qttarcunque
1232 691 1262 731 e
1291 675 1455 732 Petro
1503 675 1763 744 magistro
1812 677 2028 726 exstant

454 769 657 823 inserta
722 765 1094 822 Caeremoniall
1162 767 1497 824 Constantini
1527 762 2024 836 Porphyrogeni-i:

433 856 654 912 .habent
714 866 894 912 autem
946 872 1070 912 eum
1123 867 1403 913 auctorem
1464 872 1570 912 non
1619 855 1794 911 solum
1851 855 2026 925 capita

454 948 614 1018 primi
652 947 772 1004 libri
812 949 882 1004 84
912 959 964 1004 et
998 949 1090 1015 85,
1137 950 1330 1018 quibus
1379 949 1495 1021 ejus
1525 964 1716 1004 nomen
1749 946 2025 1017 praeﬁxum

452 1041 658 1096 diserte
686 1040 905 1112 legitur,
940 1055 1126 1095 verum
1170 1041 1332 1098 etiam
1371 1043 1561 1097 decem
1605 1055 1725 1111 qua!
1773 1039 2028 1094 continuo

422 1177 428 1184 .
452 1138 776 1200 sequuntur,
809 1145 976 1199 usque
999 1133 1064 1186 ad
1095 1131 1164 1187 95
1192 1149 1208 1199 ;
1236 1133 1323 1187 ubi
1353 1147 1515 1200 saepe,
1544 1146 1594 1187 v.
1622 1146 1702 1202 gr.
1735 1131 1822 1196 86,
1847 1129 1936 1190 87,
1959 1129 2028 1183 95

457 1222 526 1277 de
555 1220 866 1277 Iustiniano
911 1231 1162 1292 tanquam
1196 1225 1497 1293 imperante
1529 1239 1649 1276 cum
1681 1222 1786 1276 ista
1825 1220 2030 1276 scribe-

363 1337 384 1345 ε
455 1324 668 1376 rentur,
711 1327 890 1368 sermo
931 1322 1037 1368 est.
1073 1313 1247 1368 Petita
1282 1324 1459 1368 autem
1501 1328 1620 1369 esse
1650 1313 1762 1367 haec
1789 1312 1970 1366 omnia
1999 1324 2031 1364 e

457 1405 602 1461 libro
640 1405 714 1459 De
748 1405 915 1474 ofﬁcio
961 1405 1208 1475 magistri
1234 1393 1367 1459 saﬁs
1411 1404 1536 1458 inde
1570 1403 1844 1473 colligitur
1886 1400 2028 1468 quod

459 1506 651 1552 auctor
677 1498 945 1566 pracipue
971 1497 1025 1551 id
1059 1497 1188 1566 agit,
1226 1504 1284 1552 ut
1315 1497 1507 1551 doceat
1554 1508 1673 1563 quae
1699 1503 1882 1561 partes
1913 1504 2030 1544 ma-

457 1588 615 1659 gistri
646 1589 754 1642 sint
799 1589 851 1642 in
885 1591 1049 1643 rebus
1078 1602 1212 1657 quas
1257 1596 1492 1654 tractat;
1537 1584 2031 1653 magistrorumque

458 1681 674 1736 nomina
699 1680 874 1749 ponit,
907 1680 1000 1750 qui
1034 1681 1087 1735 in
1129 1694 1189 1735 ea
1220 1680 1485 1749 dignitate
1512 1678 1718 1732 iuerint
1761 1691 1867 1745 quo
1895 1683 2031 1729 tem-

456 1785 588 1840 pore
612 1769 840 1838 Leoues,
872 1785 1008 1825 avus
1042 1778 1095 1824 et
1126 1785 1316 1840 nepos,
1349 1768 1674 1823 Anastasius
1703 1775 1758 1822 et
1785 1765 2029 1821 Justinus

457 1862 744 1932 imperium
773 1868 1149 1932 susceperunt.

518 1949 708 2007 Utrum
753 1951 856 2006 hoc
891 1951 944 2004 in
975 1947 1250 2003 volumine
1278 1959 1344 1999 an
1374 1945 1500 1999 alibi
1535 1945 1724 2000 Petrus
1767 1957 2031 2014 exposue-

432 2041 530 2098 rit
551 2055 673 2110 quae
703 2055 827 2095 cum
863 2039 1101 2094 Chosroe
1139 2038 1204 2092 de
1235 2049 1366 2106 pace
1416 2034 1788 2106 componenda
1821 2034 2031 2089 locutus

457 2143 605 2191 esset
628 2132 766 2203 (57),
800 2147 899 2203 pro
946 2131 1283 2199 iucompcrto
1317 2129 1585 2197 relinquo.
1633 2124 1912 2181 Sermonis
1939 2140 2030 2179 ru-

457 2224 756 2281 sticitatem
791 2223 844 2278 in
893 2234 958 2277 eo
1007 2220 1354 2291 reprehendit
1413 2219 1730 2285 Menander,
1780 2232 1941 2288 quam
1973 2231 2032 2272 se

457 2314 644 2372 verbis
689 2312 881 2369 Atticis
922 2321 1158 2370 mutasse
1206 2312 1280 2366 ait
1327 2325 1448 2366 eum
1503 2310 1769 2380 colloquia
1812 2311 1914 2364 ista
1949 2323 2035 2363 re-

461 2406 635 2463 ferret
685 2404 1044 2475 :justamque
1088 2418 1209 2460 esse
1259 2402 1734 2473 reprehensionem
1773 2401 1822 2456 ei
1873 2399 2034 2456 facile

459 2499 738 2556 credimus
789 2513 808 2552 :
857 2512 980 2552 nam
1005 2509 1008 2512 '
1033 2497 1090 2552 in
1135 2495 1386 2566 capitulis
1411 2509 1530 2564 qua:
1565 2495 1617 2547 in
1659 2491 2034 2547 Caeremoniali

459 2596 682 2646 exstant
713 2587 962 2657 graecitas
994 2586 1062 2642 ad
1105 2584 1434 2647 barbariem,
1482 2581 1868 2650 vulgaremque
1915 2594 2031 2634 ser-

463 2694 680 2735 nonem
711 2677 998 2734 manifesto
1029 2676 1305 2738 inclinata,
1348 2675 1458 2728 imo
1479 2672 1590 2743 jam
1628 2672 1680 2725 in
1730 2670 1873 2725 hunc
1905 2687 2035 2726 con-

463 2785 642 2836 versa,
697 2768 1064 2838 conspicitur;
1118 2779 1291 2835 neque
1342 2763 1542 2834 eclogae
1577 2779 1644 2818 ex
1693 2762 1920 2817 historia
1969 2763 2036 2816 ab

463 2858 568 2914 ista
596 2857 716 2912 labe
742 2857 1068 2914 immmunes
1096 2862 1241 2910 sunt.
1275 2855 1366 2918 At,
1390 2868 1511 2920 quas
1532 2867 1563 2908 e
1593 2853 1743 2908 libris
1764 2851 1902 2920 Περί
1932 2866 2037 2905 πο-

2125 508 2237 561 χων
2288 508 2348 544 τε
2387 493 2666 562 μέγιστος,
2725 493 2820 547 καὶ
2876 495 3034 558 ἀξίαν
3068 495 3241 564 ὀφρὺν
3299 495 3400 565 τῆς
3449 497 3698 562 ἐξουσίας

2126 582 2421 638 ἀνατείνων
2451 585 2684 656 ἐδείχθη,
2709 587 2802 640 καὶ
2816 585 3077 657 δικαστὴς
3112 586 3260 652 ὀξὺς,
3287 587 3384 640 καὶ
3402 587 3461 640 τὸ
3491 588 3702 644 δίκαιον

2127 676 2334 745 κρίνειν
2387 676 2694 748 εἰλικρινῶς
2727 679 3110 749 ἐπιστάμενος,
3155 679 3296 734 κατά
3337 680 3503 751 μηδὲν
3535 681 3702 736 αὐτὸν

2129 765 2499 838 ύπτιαζούσης
2526 769 2627 840 τὴς
2658 769 2848 840 τύχης.
2908 770 3090 843 Πρᾶος
3121 771 3220 840 μὲν
3283 772 3396 843 γάρ
3435 773 3552 825 ἐστι
3603 774 3703 828 κάὶ

2131 858 2415 929 μειλίχιος’
2471 861 2584 914 ἀλλ’
2615 861 2715 914 οὐκ
2745 861 2995 932 εὐχερὴς,
3030 862 3151 916 οὐδὲ
3205 862 3344 931 πρὸς
3397 862 3497 924 τὰς
3547 863 3707 931 αἰτή·

2131 966 2244 1013 σεις
2275 950 2379 1015 ἔξω
2407 950 2499 1004 τοῦ
2529 951 2693 1019 νόμου
2724 954 3136 1024 καμπτόμενος
3177 951 3428 1023 ἀσφαλὴς
3455 952 3510 1006 δὲ
3536 952 3702 1020 ὁμοῦ,

2129 1041 2224 1094 καὶ
2249 1040 2572 1112 προϐλέπων
2614 1045 2711 1107 τὰς
2742 1043 2920 1115 ὁρμὰς
2949 1044 3055 1097 τῶν
3095 1044 3428 1114 προσιόντων
3449 1060 3464 1075 ο
3491 1044 3698 1114 μηδένα

2129 1134 2321 1204 καιρὸν
2358 1135 2479 1196 ταῖς
2521 1132 2816 1204 ῥᾳθυμίαις
2867 1134 3233 1205 παραχωρῶνο
3261 1135 3360 1205 τὴν
3399 1133 3498 1204 μὲν
3525 1135 3701 1188 νύκτα

2131 1227 2244 1285 τοῖς
2274 1222 2521 1292 βιϐλίοις,
2556 1223 2655 1292 τὴν
2675 1223 2730 1276 δὲ
2765 1224 2980 1295 ἡμέραν
3006 1227 3114 1287 τοῖς
3138 1225 3426 1295 πράγμασι
3447 1224 3704 1294 ἐγκείμε-

2130 1331 2237 1379 νος,
2271 1314 2403 1385 μηδὲ
2435 1315 2603 1386 αὐτὴν
2627 1315 2728 1387 τὴν
2772 1315 2932 1386 μέχρι
2961 1316 3058 1386 τῆς
3092 1317 3153 1368 ἐκ
3183 1315 3356 1386 αὐλῆς
3388 1317 3487 1387 τῆς
3521 1319 3705 1383 οίκίας

2132 1404 2190 1456 έν
2218 1403 2456 1474 ὁμιλίαις
2472 1404 3018 1474 διασυρίζωνάπλῶς,
3046 1406 3326 1476 ζητήμασι
3352 1405 3410 1460 δὲ
3441 1408 3703 1475 λογικοῖς,

2131 1495 2226 1549 καὶ
2253 1496 2563 1568 ἀφηγήσεσι
2585 1499 2930 1570 πραγμάτων
2961 1501 3332 1572 ἀρχαιοτέρων
3396 1501 3536 1569 μετά
3592 1502 3705 1556 τῶν

2133 1584 2263 1654 περὶ
2294 1584 2467 1639 ταῦτα
2532 1586 2903 1656 σχολαζόντων
2952 1589 3280 1660 εἱλούμενος.
3346 1589 3455 1643 Καὶ
3513 1591 3706 1661 καιρὸς

2130 1673 2304 1736 οὐδεὶς
2333 1674 2485 1745 αύτῷ
2535 1675 2881 1746 διδαγμάτων
2916 1677 3064 1730 ἐστὶν
3095 1679 3400 1750 ἀμέριμνος
3425 1697 3440 1713 ·
3465 1680 3541 1743 ὡς
3575 1682 3706 1743 τοὺς

2130 1762 2237 1815 τῶν
2266 1762 2441 1832 λόγων
2467 1763 2740 1836 ἐξηγητὰς
2782 1767 3013 1822 δεδιέναι
3043 1768 3142 1840 τὴν
3192 1768 3330 1840 πρὸς
3358 1769 3519 1822 αὑτὸν
3545 1772 3706 1823 ὲντυ-

2129 1853 2274 1921 χίαν·
2333 1852 2625 1925 πράγμασι
2653 1857 2763 1928 γὰρ
2810 1857 3007 1922 αὐτοὺς
3031 1859 3126 1912 καὶ
3156 1862 3416 1930 στροφαῖς
3445 1860 3712 1931 περιϐάλ-

2129 1942 2232 2007 λει,
2283 1944 2517 2016 μετρίως
2571 1945 2912 2017 ὑπελέγχων,
2950 1948 3026 2012 ὡς
3077 1948 3319 2021 λέγοιντο
3371 1951 3554 2021 μόνον,
3607 1953 3713 2005 οὐκ

2131 2036 2238 2088 eici
2269 2036 2328 2089 δὲ
2376 2037 2609 2091 τοιοῦτοι
2630 2038 2846 2103 ὁποίους
2882 2041 3079 2105 αὐτοὺς
3124 2041 3158 2111 ἡ
3193 2043 3352 2112 φήμη
3375 2041 3708 2113 διαθρυλλεῖ,

2131 2129 2256 2199 ἐμοὶ
2281 2129 2339 2182 δὲ
2373 2130 2608 2200 μάλιστα
2656 2131 2988 2190 σκοτοδινίας
3035 2134 3094 2187 ού
3134 2134 3339 2205 μικρὰς
3389 2134 3641 2188 ἀνακινεῖ
3673 2135 3711 2205 ἡ

2133 2221 2271 2291 πρδς
2325 2222 2491 2276 αὑτὸν
2551 2223 2826 2295 συνήθεια.
2853 2226 3045 2296 Χαίρω
3077 2227 3186 2298 γὰρ
3215 2226 3386 2298 αύτῷ,
3411 2227 3493 2281 ὃτι
3543 2227 3710 2292 καλὸς

2133 2313 2250 2383 ἅμα
2291 2313 2387 2366 καὶ
2405 2314 2709 2386 ἐλεύθερος,
2765 2317 2863 2371 καὶ
2911 2317 3082 2386 τύφου
3121 2319 3215 2372 καὶ
3254 2318 3492 2390 κορύζης
3522 2320 3707 2382 ἐκτὸς,

2132 2403 2346 2469 ἀστεῖός
2378 2423 2439 2459 τε
2468 2406 2562 2460 καὶ
2621 2407 2796 2471 κοινός
2828 2423 2844 2439 ⁶
2883 2407 3008 2462 ἀλλ’
3050 2407 3281 2461 ὲπισείει
3316 2425 3426 2478 μοι,
3451 2409 3529 2472 ὼς
3555 2409 3710 2480 είρη-

2135 2511 2246 2559 ται,
2306 2496 2595 2565 φροντίδας
2653 2498 2715 2550 οὐ
2764 2498 2990 2569 μικρὰς,
3058 2498 3225 2569 μηδὲν
3264 2492 3338 2551 ὧν
3382 2499 3710 2554 ἐπίστασθαι

2133 2585 2274 2640 δοκῶ
2316 2589 2612 2657 προτείνων
2649 2591 2729 2653 είς
2759 2589 3005 2660 ζήτησιν,
3037 2591 3104 2644 τὰ
3131 2590 3188 2644 δὲ
3215 2591 3490 2655 παντελῶς
3510 2593 3712 2665 ἠγνοη·

2140 2679 2277 2749 μένα
2333 2683 2708 2752 παρεισάγων
2763 2682 2906 2736 ὥστε
2975 2700 3040 2754 με
3086 2684 3188 2748 τὰς
3246 2683 3436 2738 πασῶν
3489 2687 3712 2755 ἰσχυροο

2135 2770 2302 2833 τάτας
2333 2771 2496 2841 εὐχὰς
2527 2771 2778 2844 μελετᾷν,
2813 2775 3082 2844 μηδεμίαν
3137 2774 3299 2828 αύτὶν
3332 2775 3532 2830 ἄϐατον
3561 2776 3708 2846 ἐμοὶ,

2136 2859 2322 2932 ὥσπερ
2350 2862 2561 2931 εἴωθεν,
2608 2865 2955 2936 ὲπιροιζῆσαι
3001 2866 3256 2935 θεωρίαν.

463 2947 700 3018 λιτικῆς
724 2945 1065 3017 ἐπιστήμης
1094 2947 1148 3001 in
1179 2946 1398 3002 luminis
1429 2961 1554 3001 oras
1596 2945 1806 3000 reduxit
1838 2945 2030 3011 Maius,

2206 2973 2526 3040 Pnocoptns,
2559 2974 2714 3030 Galli.
2735 2975 2774 3043 l,
2803 2977 2858 3045 5,
2886 2978 2938 3031 in
2971 2976 3010 3034 ί.
3044 2993 3057 3028 :
3112 2977 3170 3032 '0
3197 2977 3448 3049 βασιλεὺς
3478 2978 3708 3050 Πέτρον,

459 3055 676 3097 suntuta
717 3038 1005 3108 elegantia,
1065 3045 1119 3092 et
1159 3051 1297 3106 pene
1333 3036 1660 3092 intemerato
1700 3037 1882 3091 Attico
1915 3050 2034 3090 ser-

462 3146 625 3188 mone
651 3130 852 3200 scripta
874 3138 1022 3184 sunt.
1065 3127 1204 3184 Cum
1255 3137 1436 3183 autem
1467 3127 1664 3184 Petrus
1699 3128 1782 3182 sui
1816 3128 1913 3183 mvi
1944 3130 2038 3183 lto-

438 3224 722 3288 minibus,
739 3222 834 3292 qui
853 3236 916 3280 ea
940 3221 1054 3278 fere
1070 3220 1251 3292 lingua
1275 3220 1566 3277 utebantur
1586 3235 1706 3292 qum
1728 3235 1871 3275 nunc
1896 3220 2038 3290 apud

461 3317 681 3373 Gratcos
711 3315 938 3379 obtinet,
977 3313 1318 3382 loqueretur,
1364 3327 1470 3370 non
1517 3313 1793 3368 veteribus
1817 3312 2037 3378 Atticis,

461 3420 644 3463 sermo
676 3404 814 3472 ejus,
844 3417 944 3471 pro
988 3402 1470 3468 grammaticorum
1497 3403 1768 3456 sententia
1791 3402 2037 3464 vitiosus,

433 3511 575 3551 .non
627 3489 952 3562 impediebat
996 3489 1310 3556 quominus,
1363 3489 1410 3544 si
1463 3489 1545 3544 vis
1591 3489 1949 3558 persuadendi
1988 3489 2038 3544 ei

465 3585 692 3643 inesset,
726 3579 1000 3634 hominum
1027 3587 1237 3633 mentes
1271 3578 1522 3634 oratione
1539 3577 1798 3634 ﬂecteret.
1827 3577 1904 3634 De
1932 3595 2038 3648 qua

465 3676 569 3731 viri
599 3671 932 3742 eloquentia,
967 3669 1287 3739 eacterisque
1318 3670 1557 3738 dotibus,
1591 3670 1897 3726 testimonia
1919 3684 2042 3741 qua:

466 3768 555 3824 hic
587 3765 860 3835 subjungo
894 3764 1206 3833 loquuntur.

533 3856 769 3914 Joannes
799 3854 1095 3920 Lvnus,De
1123 3854 1549 3924 magistratibus,
1574 3854 1636 3924 ll,
1657 3855 1748 3921 25,
1776 3856 1847 3912 26
1873 3873 1887 3910 :
1917 3857 2041 3922 Τοῖς

466 3950 523 4004 δὲ
549 3948 920 4021 ἱμειρομένοις
941 3948 1068 4010 τοὺς
1089 3945 1293 4016 ἑφεξῆς
1315 3949 1391 4018 μὴ
1415 3948 1682 4019 ἀγνοῆσαι
1711 3949 2042 4022 μαγίστρους

466 4044 626 4113 ἄχρις
665 4041 844 4113 ἡμῶν,
877 4040 1109 4111 ἀρκέσει
1138 4040 1274 4112 πρὸς
1340 4041 1690 4096 διδασκαλίαν
1741 4044 1946 4115 Πέτρος
2013 4045 2042 4098 6

466 4134 646 4187 πάντα
680 4133 1059 4202 μεγαλόφρων,
1091 4131 1184 4184 καὶ
1208 4131 1306 4200 τῆς
1326 4133 1556 4187 καθόλου
1597 4135 1838 4206 ίστορίσς
1865 4139 2044 4207 ἀσφα.

465 4225 563 4295 λης
625 4224 964 4290 διδάσκαλος,
1009 4225 1077 4277 δι’
1117 4218 1192 4279 ὧν
1225 4224 1385 4288 αὐτὸς
1440 4225 1532 4278 ἐπὶ
1579 4226 1674 4279 τοῦ
1745 4227 2040 4296 λεγομένου

2152 3062 2407 3135 Ἰλλυριὸν
2469 3065 2530 3117 τὸ
2569 3066 2746 3134 γένος,
2770 3067 2834 3120 ἐκ
2899 3067 3302 3140 Θεσσαλονίκης
3357 3069 3711 3139 ὁρμώμενον,

2139 3155 2197 3218 ἐς
2233 3157 2333 3224 τὴν
2372 3154 2605 3210 Ἰταλίαν
2657 3156 2819 3221 εὐθὺς
2876 3157 3144 3224 ἔστελλεν,
3180 3159 3273 3213 ἕνα
3303 3160 3404 3230 μὲν
3449 3160 3580 3214 ὄντα
3605 3161 3714 3214 τῶν

2139 3247 2198 3300 ἐν
2256 3239 2532 3319 Βυζαντίῳ
2570 3249 2837 3320 ῥητόρων,
2880 3250 3056 3315 ἄλλως
3113 3251 3170 3306 δὲ
3226 3251 3444 3317 ξυνετόν
3504 3269 3565 3306 τε
3619 3253 3717 3306 καὶ

2141 3341 2316 3410 πρᾶον
2361 3339 2456 3392 καὶ
2497 3340 2556 3403 ἐς
2581 3340 2642 3394 τὸ
2692 3340 2900 3395 πείθειν
2931 3341 3116 3396 ίκανδν
3155 3337 3462 3412 πεφυκότα.

2211 3453 2365 3519 l‘oeu,
2419 3455 2675 3508 Anedocl.
2726 3455 2796 3510 24
2831 3474 2846 3510 :
2902 3457 3109 3528 Πέτρος
3138 3456 3230 3511 τὸν
3265 3458 3484 3513 ἅπαντα
3520 3458 3715 3530 χρόνον

2140 3540 2302 3610 ἡνίκα
2338 3539 2436 3609 τὴν
2489 3539 2585 3594 τοῦ
2613 3542 2915 3614 μαγίστρου
2967 3544 3305 3616 καλουμένην
3331 3542 3476 3616 εἶχεν
3511 3545 3710 3616 ἀρχὴν,

2140 3630 2228 3684 ἀεὶ
2282 3630 2603 3703 καθημέραν
2636 3634 2830 3698 αὐτοὺς
2878 3635 3026 3708 (τοὺς
3082 3637 3425 3709 σχολαρίους)
3485 3639 3735 3701 adtonsi:

2140 3721 2442 3794 ἀμυθήτοις
2488 3724 2980 3798 ἀπέκναιε.Ηρᾶος
3033 3727 3131 3799 μὲν
3180 3728 3288 3800 γὰρ
3333 3723 3422 3800 ἦν,
3482 3731 3579 3784 καὶ
3638 3731 3718 3794 ὡς

2141 3812 2340 3884 ἥκιστα
2394 3814 2638 3886 ὑϐρίζειν
2685 3816 3273 3883 είδὼς,κλεπτίστατος
3327 3820 3383 3874 δὲ
3413 3821 3719 3892 ἀνθρώπων

2143 3899 2421 3969 ἁπάντων,
2459 3901 2554 3956 καὶ
2612 3902 2864 3976 [τῙρόπου
2895 3906 3122 3979 αἰσχροῦ
3155 3909 3396 3981 ἀτεχνῶς
3437 3909 3716 3980 ἔμπλεως.

2214 4014 2412 4072 ΒυιυΑε
2462 4031 2508 4072 s.
2539 4033 2592 4072 v.
2633 4018 2860 4091 Πέτρος,
2913 4022 2940 4074 6
2969 4021 3178 4092 ῥήτωρ,
3225 4023 3255 4075 6
3283 4025 3376 4078 καὶ
3412 4026 3719 4096 μάγιστρος

2143 4105 2239 4158 καὶ
2319 4106 2607 4176 ἱστορικὸς,
2651 4108 2992 4181 πρεσϐευτὴς
3059 4109 3134 4174 ὡς
3179 4112 3427 4182 Χοσρόην
3467 4113 3707 4177 σταλεὶς,

2150 4195 2328 4266 «μάλα
2362 4197 2630 4268 ἐμϐριθὴς
2657 4215 2716 4251 τε
2761 4195 2829 4270 ἦν
2861 4201 2955 4253 καὶ
3009 4201 3283 4266 ἀνάλωτος
3314 4204 3373 4257 ὲν
3435 4202 3514 4273 τῷ
3545 4205 3708 4274 ῥητα-

468 4283 829 4386 μαγιστηρίου
857 4283 1224 4384 ἀνεγράψατο.
1275 4283 1549 4385 Προῆλθεν
1608 4311 1702 4370 οὖν
1726 4318 1762 4383 ἡ
1813 4283 2040 4388 δύναμις
2078 4298 2120 4352 D
2148 4283 2346 4388 ρεῨεινζ
2415 4285 2492 4356 τῷ
2526 4287 2946 4388 -ικῗίταεξῗλάξσξξ
2995 4292 3317 4388 mviem
3344 4387 3351 4388 ί
3381 4291 3714 4364 βαρδαρίκάο

467 4408 564 4460 ἐπὶ
621 4405 780 4461 πλέον
810 4404 910 4475 τῆς
944 4405 1138 4477 ἀρχῆςο
1165 4407 1228 4460 οὐ
1258 4407 1419 4478 μόνον
1475 4407 1583 4479 γὰρ
1610 4406 1708 4470 τάς
1725 4408 1836 4462 τῶν
1873 4410 2042 4464 ἐθνῶν

468 4497 768 4568 πρεσϐείας
801 4496 891 4567 ὑφ’
938 4495 1115 4566 ἑαυτῷ
1165 4496 1425 4562 τελούσας
1477 4500 1506 4551 6
1551 4498 1850 4570 μάγιστρος
1899 4500 2042 4570 ἔχειν

446 4587 808 4651 πιστεύεται,
840 4588 932 4641 τόν
964 4603 1024 4640 τε
1047 4584 1306 4656 δημόσιον
1337 4584 1557 4656 δρόμον,
1594 4587 1686 4639 καὶ
1705 4586 1908 4657 πλῆθος
1939 4591 2040 4658 ἐμ-

471 4677 660 4750 ϐριθὲς
681 4679 790 4730 τῶν
815 4679 982 4733 πάλαι
1024 4679 1122 4748 μὲν
1153 4677 1622 4750 φρουμενταρίων,
1658 4679 1753 4732 νῦν
1787 4680 1843 4736 δὲ
1883 4699 2044 4752 μαγι-

473 4767 765 4837 στριανῶν,
806 4769 905 4838 τήν
934 4785 993 4822 τε
1032 4769 1143 4822 τῶν
1179 4767 1358 4823 ὃπλων
1387 4771 1735 4843 κατασκευὴν
1763 4774 1858 4827 καὶ
1893 4774 2045 4839 ἐξου-

474 4856 618 4920 σίαν,
673 4855 786 4910 ἀλλ’
818 4856 897 4910 ἔτι
930 4858 1026 4912 καὶ
1076 4857 1174 4930 τὴν
1213 4858 1321 4912 τῶν
1349 4859 1642 4916 πολιτικῶν
1680 4865 2042 4936 πραγμάτων·

473 4949 568 5004 καὶ
595 4949 962 5021 διαφερόντως
1003 4949 1210 5020 Πέτρος
1249 4945 1426 5018 οὗτος,
1478 4954 1506 5005 6
1557 4955 1743 5021 πολὺς,
1775 4959 1804 5009 6
1857 4958 2046 5028 μηδενὶ

470 5043 591 5103 ταῖς
653 5041 875 5109 ἀρεταῖς
937 5039 1077 5094 κατά
1117 5041 1283 5110 μηδὲν
1313 5041 1582 5112 δεύτερος.
1615 5043 1882 5111 Διασὼζει
1945 5048 2045 5118 μὲν

471 5133 582 5204 γὰρ
612 5133 706 5187 καὶ
751 5135 981 5205 φρουρεῖ
1008 5133 1107 5205 τήν
1134 5133 1330 5206 αὐλὴν,
1352 5137 1449 5189 καὶ
1473 5138 1572 5207 τὴν
1606 5137 1921 5210 Ῥωμαϊκὴν
1944 5142 2044 5194 οὐκ

469 5225 740 5282 ἀποπτύει
769 5224 1184 5298 μεγαλειότητα,
1216 5227 1282 5298 ἢν
1308 5228 1472 5296 ἐγγὺς
1509 5229 1852 5302 ἀπολομένην
1886 5233 2046 5286 ἀϐελ-

470 5317 628 5390 τερίᾳ
652 5315 760 5371 τῶν
791 5317 897 5388 πρὸ
913 5316 1102 5384 αὑτοῦ,
1125 5313 1214 5370 οἷα
1254 5319 1417 5387 σοφὸς
1447 5318 1544 5373 καὶ
1581 5320 1670 5376 διὰ
1710 5321 1910 5384 παντὸς
1931 5326 2046 5386 τοῖς

472 5409 694 5478 βιϐλίοις
723 5408 1090 5480 προσανέχων,
1132 5408 1552 5480 ἀποκαθίστησι.
1589 5411 1727 5472 Τοὺς
1767 5410 1824 5463 δὲ
1851 5412 2044 5482 νόμους

472 5501 651 5571 εἰδὼς,
686 5503 843 5574 εἴπερ
867 5520 950 5567 τις
991 5502 1173 5568 ἄλλος,
1230 5498 1311 5567 οἷς
1367 5503 1426 5569 ἐξ
1459 5503 1681 5560 ἁπαλῶν
1715 5505 1922 5577 ὀνύχων
1950 5507 2041 5562 ἀν·-

545 5694 656 5763 (36)
702 5697 846 5752 Infra
880 5700 934 5754 in
970 5702 1321 5759 testimoniis.

2147 4375 2357 4448 σκληρά
2383 4394 2442 4430 τε
2462 4379 2554 4432 καὶ
2576 4379 2841 4450 ὀγκώδη.)
2883 4381 3158 4454 Ἐγραψεν
3183 4384 3444 4454 ἱστορίας,
3471 4387 3566 4439 καὶ
3589 4387 3716 4457 περὶ

2145 4468 2432 4541 πολιτικῆς
2476 4473 2891 4537 καταστάσεως.
2914 4473 3042 4541 Quae
3083 4476 3254 4547 signis
3275 4477 3468 4532 inclusi
3495 4477 3718 4535 Menan-

2145 4561 2226 4616 dri
2253 4564 2411 4638 verba
2440 4575 2592 4633 sunt,
2639 4576 2852 4622 servata
2909 4567 2961 4622 in
3036 4569 3239 4640 eclogis
3285 4571 3352 4627 de
3407 4571 3714 4637 sententiis,

2176 4668 2300 4726 pag.
2359 4656 2483 4711 429.
2528 4657 2667 4713 l9-
2687 4658 2779 4713 21.
2812 4660 2900 4714 ed.
2922 4658 3007 4731 B.)

2213 4769 2534 4840 Memnon,
2586 4788 2639 4844 p.
2673 4773 2796 4838 546,
2839 4775 2930 4829 22.
2979 4775 3066 4831 ed.
3112 4775 3172 4830 B.
3203 4792 3219 4830 :
3254 4776 3458 4848 Πέτρος
3484 4808 3553 4817 -
3585 4778 3714 4832 ἀπο-

2147 4862 2404 4934 χρώντως
2453 4864 2592 4936 ἔχων
2617 4870 2717 4938 τῆς
2768 4883 2827 4920 τε
2851 4867 3017 4939 ἄλλης
3066 4869 3341 4937 παιδείας,
3375 4871 3471 4926 καὶ⁵
3500 4869 3717 4941 τῆςτῶν

2146 4957 2348 5026 νόμων.

2217 5049 2373 5120 lusu,
2420 5067 2473 5122 p.
2505 5053 2630 5119 368,
2664 5055 2716 5121 1,
2741 5055 3014 5112 Chosroes
3039 5060 3105 5113 ad
3149 5059 3404 5115 Petrum:
3447 5060 3584 5113 Οὐδὲ
3621 5060 3715 5113 αὖ·
3758 5049 3765 5075 θ

2146 5142 2238 5206 τός
2274 5140 2424 5209 σε,ὧ
2502 5145 2788 5217 Ῥωμαίων
2840 5150 3170 5220 πρεσϐευτά,
3218 5149 3407 5221 ὥσπερ
3467 5153 3612 5216 εἰκὸς
3666 5153 3733 5204 ἐν

2146 5235 2384 5308 τοσαύτῃ
2445 5238 2736 5312 φιλοσοφίᾳ
2780 5240 3182 5313 τεθραμμένον,
3219 5239 3555 5318 ᾗπεριεῖναι
3607 5247 3718 5298 τοῖς

2151 5328 2358 5399 ῥήμασι
2394 5329 2743 5401 μεμάθηκας,
2812 5333 3122 5405 μεμφθείην
3147 5365 3218 5376 -—
3241 5335 3318 5407 μὴ
3343 5335 3552 5389 πείθειν
3614 5352 3713 5405 μα-

2148 5419 2276 5473 θὼν.

2220 5514 2382 5580 IDEM,
2413 5529 2466 5584 p.
2498 5513 2624 5568 576.
2666 5514 2752 5568 l2.
2808 5514 3043 5576 Joannes
3099 5518 3342 5592 legatus:
3404 5520 3712 5592 Πέτρος,-

2229 5711 2339 5781 (57)
2385 5709 2694 5781 Menander,
2726 5730 2776 5785 p.
2809 5714 2939 5786 4-99..
