4056 6210
341 255 447 319 nil

1756 240 2169 303 PRXEFATIO.

3488 243 3599 309 622

342 366 613 438 ἐμπειρῖᾳ
655 365 831 433 λόγων
863 364 955 418 καὶ
1005 363 1273 434 δεινότητι
1330 356 1550 422 πειθοῦς
1576 389 1643 398 -
1666 354 1777 420 οἷος
1805 356 1924 424 ὲγέ-
1954 406 1957 416 ,

2051 361 2239 407 tatrata
2275 361 2402 419 est,
2455 367 2484 408 a
2530 353 2719 411 Prisco
2774 365 3049 413 narratam
3112 371 3277 423 esse,
3343 358 3615 431 Evagrio:

341 479 400 515 νε
412 480 467 513 :o
519 454 809 528 παραδιροῦ
820 456 1035 511 σασθαι.

418 552 570 612 Iona,
610 566 663 618 p.
710 548 835 612 428,
880 548 953 601 20
999 562 1013 597 :
1052 547 1127 599 Τὸ
1158 541 1584 617 χθαμαλώτερόν
1619 559 1735 605 πως
1780 540 1927 592 ἔστιν

343 640 383 721 ᾖ
410 646 517 698 τῶν
555 643 732 709 λόγων
760 668 830 680 --
854 639 1174 709 μετέφρασα
1210 640 1266 700 ἐς
1303 636 1365 691 τὸ
1402 633 1819 703 Ἀττικώτερον.

418 731 809 793 Cassaononus,
875 725 1156 779 Variarum
1190 724 1255 791 X,
1320 725 1408 789 19,
1446 724 1654 776 nomine
1686 718 1927 774 Theodo-

344 824 473 877 Itadi
508 825 644 891 regis
674 835 695 873 :
728 819 809 871 vir
834 817 1314 886 eloquentissimus
1335 814 1528 870 Petrus
1551 812 1760 881 legatus
1785 825 1931 866 sere-

351 913 535 969 nitatis
563 920 775 975 vestrae,
813 915 870 962 et
914 906 1155 962 doctrina
1187 920 1451 971 summus,
1496 914 1551 958 et
1588 902 1932 958 conscientiae

289 1055 298 1070 ,
352 1002 601 1057 claritate
638 998 963 1069 przecipuus.

430 1092 574 1148 Ibid.
603 1090 670 1152 X.
707 1089 796 1149 22,
823 1089 1057 1156 ejusdem
1084 1087 1341 1143 nomine:
1384 1099 1480 1156 per
1536 1084 1709 1138 virum
1755 1083 1932 1138 diser-

360 1187 624 1242 tissimum
652 1182 895 1236 Petrum.
1052 1230 1063 1239 _

430 1273 567 1327 Ibid.
604 1270 675 1335 X,
698 1270 755 1334 2,
789 1269 998 1322 nomine
1039 1263 1588 1338 Gundelintejegiuw
1624 1274 1644 1314 :
1685 1260 1934 1316 veniente

360 1364 473 1417 viro
500 1361 904 1430 sapientissimo
937 1358 1119 1411 Petro.

428 1452 774 1517 Hsnuouus,
797 1451 1117 1519 epitomator
1145 1447 1402 1517 Stephani
1438 1445 1513 1501 De
1535 1445 1770 1509 urbibus,
1808 1458 1855 1497 s.
1881 1457 1931 1495 ν.

358 1546 612 1599 Ἀκόναις
650 1544 919 1603 Ἀκονῖτις
966 1539 1219 1608 -νῆσος
1280 1538 1618 1608 διαφέρουσα
1666 1534 1744 1606 τῷ
1795 1550 1937 1586 παν-

358 1637 591 1704 ευφὴμῳ
617 1632 893 1705 πατρικίῳ
945 1631 1040 1684 καὶ
1091 1629 1168 1700 τῷ
1205 1629 1266 1701 [Ι.
1292 1629 1361 1682 τὰ
1397 1627 1486 1700 Ν.]
1545 1627 1723 1680 πάντα
1773 1641 1936 1694 60po-

356 1693 807 1797 τάτιρρσγίστρῳ
834 1693 1048 1795 Ιίέτρῳ,
1071 1693 1300 1792 κειμένη
1331 1693 1666 1789 καταντικρὺ
1700 1747 1771 1758 —
1794 1718 1940 1770 Χαλ-
1973 1693 2014 1748 Β

358 1819 601 1889 κηδόνος.
634 1817 1024 1887 Ἐπικέκληται
1069 1815 1125 1868 δὲ
1147 1814 1235 1868 διὰ
1265 1814 1326 1867 τὸ
1354 1812 1555 1883 πλῆθος
1584 1811 1692 1864 τῶν
1714 1811 1771 1862 ὲν
1800 1807 1935 1877 αὑτῇ

358 1913 499 1980 πρὸς
541 1912 745 1973 ἀκόνας
770 1908 1159 1978 πεποιημένων
1182 1905 1371 1960 λίθων.

429 2002 720 2066 COBIPPUS,
755 1999 832 2054 De
863 1998 1107 2053 laudibus
1135 1996 1364 2061 Justini,
1394 1993 1438 2063 Ι,
1471 1994 1561 2059 24,
1594 1991 1686 2048 25.

436 2167 845 2236 Successorque
875 2162 1029 2227 boni,
1064 2160 1417 2236 redivivaque
1437 2157 1614 2236 gloria
1643 2157 1787 2236 Petri

437 2238 537 2294 llic
568 2231 883 2293 Theodorus
899 2236 1072 2301 adest,
1107 2232 1279 2302 patria
1302 2232 1569 2301 gravitate
1590 2231 1866 2298 magister.

430 2404 690 2472 Panium,
732 2402 879 2458 unde
924 2398 1241 2463 PRISCUS,
1273 2411 1435 2468 quem
1474 2396 1565 2450 alii
1602 2395 1780 2450 minus
1813 2392 1944 2449 deii-

355 2499 475 2556 nite
500 2497 770 2552 Thracem
806 2502 1003 2548 vocant
1034 2492 1171 2562 (38),
1215 2489 1403 2544 Panita
1431 2488 1652 2553 dicitur,
1684 2485 1941 2556 Oppidum

359 2601 489 2651 erat
536 2591 791 2657 EnrOpa‘,
854 2588 1017 2643 unius
1063 2600 1093 2639 e
1144 2598 1239 2638 sex
1298 2581 1598 2652 provinciis
1647 2579 1945 2633 dioeceseos

358 2687 765 2753 Thraciaque.
788 2680 1181 2736 dhersonesum
1205 2675 1541 2738 continebat,
1560 2682 1723 2742 atque
1747 2671 1799 2725 in
1813 2668 1946 2724 Pro-

2030 446 2185 499 docet
2239 445 2351 513 (45)
2407 464 2419 499 :
2462 447 2602 501 unde
2650 447 2974 518 colligimus,
3022 464 3144 504 cum
3205 450 3452 506 Malchus
3509 469 3607 506 att-

2030 550 2156 588 nnm
2192 534 2317 601 474,
2348 534 2545 591 Leonis
2579 538 2665 604 17,
2706 539 2947 595 historia:
2993 555 3105 595 suae
3137 541 3355 597 initiunt
3393 542 3605 608 fecerit,

2028 625 2275 682 Priscum
2321 626 2386 681 ad
2428 641 2549 680 eum
2580 629 2910 685 substitisse.
2962 630 3117 687 Unde
3147 642 3294 703 patet
3320 649 3482 704 quam
3513 635 3612 690 ab-

2032 719 2195 773 surde
2229 717 2422 772 Suidas
2453 730 2576 771 cum
2602 716 2703 771 sub
2736 718 3042 776 Theodosio
3071 721 3296 779 Jttniore
3325 725 3612 796 scripsisse

2035 809 2232 863 tradat.

2106 903 2288 974 Longe
2319 906 2554 975 optimus
2583 905 2823 962 omnium
2869 906 3140 977 sequioris
3172 911 3271 966 :evi
3321 910 3611 971 historico-

2035 1009 2189 1059 rum;
2224 997 2459 1067 ingenio,
2491 996 2616 1064 fide,
2653 999 2937 1067 sapientia,
2986 1000 3115 1055 nulli
3164 1001 3245 1056 vel
3285 1004 3614 1069 optimorum

2036 1092 2339 1153 temporum
2373 1086 2818 1155 posthabendus;
2868 1090 3089 1159 elegans
3124 1106 3337 1162 quoque
3385 1104 3442 1151 et
3494 1110 3616 1152 scr-

2037 1190 2195 1239 mone
2224 1179 2357 1231 satis
2389 1193 2525 1247 puro
2576 1194 2728 1245 usus,
2778 1180 2992 1235 laudent
3037 1191 3204 1252 atque
3231 1183 3458 1253 gloriam
3491 1162 3619 1253 cuni

2038 1269 2177 1336 apud
2218 1284 2449 1333 eomvos,
2506 1279 2617 1324 tum
2671 1271 2814 1326 inter
2865 1284 3112 1342 posteros
3150 1276 3346 1331 merito
3386 1278 3621 1349 adeptus

2039 1371 2154 1428 est;
2182 1362 2267 1414 cui
2314 1362 2478 1415 etiam
2508 1377 2538 1416 a
2570 1363 2782 1418 Valesio
2813 1373 2867 1419 et
2896 1364 3166 1434 Gibbono,
3198 1370 3428 1425 summis
3460 1370 3619 1437 viris.

2038 1451 2247 1507 laudari
2297 1453 2545 1524 contigit.
2601 1455 2804 1511 thetor
2857 1457 3078 1524 dicitur,
3128 1470 3184 1514 at
3234 1460 3375 1515 idem
3432 1463 3623 1532 SOPhi-s

2039 1553 2119 1597 Sta
2154 1541 2266 1620 (44)
2290 1561 2304 1603 ;
2346 1547 2486 1600 unde
2515 1547 2821 1618 colligimus
2850 1564 2955 1603 non
2984 1551 3321 1607 causidicum
3352 1553 3624 1611 Constans

2044 1632 2263 1702 Iinopoli
2294 1636 2489 1704 egisse,
2537 1636 2633 1691 sed
2674 1639 2973 1693 oratoriam
3012 1649 3188 1695 artem
3235 1641 3310 1696 ibi
3339 1644 3618 1701 docuisse.

2041 1721 2307 1777 Caeterum
2338 1724 2406 1779 de
2439 1725 2554 1793 ejus
2589 1727 2695 1780 vita
2732 1727 2832 1781 hoc
2869 1735 3073 1782 tantum
3094 1731 3458 1797 comperimus
3488 1751 3502 1788 :
3533 1749 3623 1791 res

2042 1825 2254 1883 coptum
2285 1818 2335 1870 in
2360 1818 2656 1873 amicitiam
2691 1819 2992 1886 Maximini,
3020 1822 3119 1877 viri
3151 1823 3241 1878 illo
3266 1839 3384 1881 aevo
3411 1827 3619 1897 primas

2043 1911 2129 1973 rii,
2159 1926 2281 1965 cum
2326 1924 2391 1965 eo
2417 1911 2485 1964 ad
2525 1911 2771 1978 Attilam,
2807 1924 2861 1966 et
2898 1922 3110 1982 postea,
3140 1913 3423 1971 Marciano,
3450 1917 3622 1987 impea

2042 2008 2217 2065 rante,
2244 2001 2295 2053 itt
2325 2001 2582 2055 Arabiam
2599 2000 3001 2073 IEgyptumque
3025 2002 3327 2073 profectum
3346 2018 3464 2060 esse
3484 2006 3622 2075 (45).

2043 2092 2145 2157 Qui
2182 2091 2506 2147 Maximinus
2562 2108 2685 2147 cum
2743 2094 2945 2165 absque
2987 2093 3153 2149 dubio
3196 2109 3437 2166 paganus
3479 2108 3625 2154 esset

2044 2182 2410 2248 (Christianus
2459 2184 2605 2239 enim
2638 2200 2913 2254 nunquam
2954 2184 3196 2240 animum
3235 2187 3534 2244 induxisset
3564 2166 3626 2255 ut

2047 2274 2279 2345 Blemyis
2311 2276 2378 2331 de
2419 2277 2591 2331 sacris
2638 2277 2690 2331 in
2736 2275 3018 2331 Philarum
3058 2276 3241 2333 insula
3281 2278 3626 2335 celebrandis

2049 2367 2399 2432 concederet,
2434 2367 2763 2441 foederisque
2787 2368 3023 2424 tabulam
3056 2369 3107 2424 in
3139 2369 3234 2424 illo
3266 2371 3464 2442 templo
3492 2372 3624 2442 ﬁge-

2046 2459 2497 2529 ret),coujectura
2517 2462 2627 2528 jam
2654 2476 2750 2530 per
2774 2476 2833 2515 se
2860 2461 3014 2516 valde
3040 2463 3358 2532 probabilis,
3378 2463 3623 2522 Priscum

2047 2567 2264 2621 quoque
2331 2553 2571 2623 antiquis
2638 2552 2810 2609 sacris
2861 2553 3137 2609 addictum
3190 2553 3392 2623 fuisse,
3455 2558 3627 2628 magis
3728 2540 3739 2545 “

2046 2642 2227 2698 adhuc
2258 2642 2630 2698 conﬁrmatur.

2121 2734 2306 2789 Eidem
2337 2733 2528 2790 Prisco
2584 2734 2779 2792 Suidas
2822 2744 3086 2806 praeterea
3126 2736 3314 2795 tribuit
3348 2738 3629 2805 Declamag

2052 2828 2222 2882 tiones
2248 2837 2302 2881 et
2330 2827 2620 2896 Epistolas.

2120 2916 2448 2973 Tcstimonia
2484 2920 2548 2974 de
2571 2918 2756 2976 Prisco
2788 2936 2803 2977 :

356 2774 605 2847 pontidis
627 2787 725 2827 ora
759 2772 902 2827 inter
930 2768 1269 2834 Heracleam,
1291 2765 1419 2821 olim
1450 2762 1791 2827 Perinthum,
1818 2774 1945 2831 pro-

358 2867 561 2919 vincia:
638 2861 1029 2931 tnetrOpolim,
1082 2868 1138 2913 et
1189 2856 1552 2928 Selymbriam
1615 2854 1948 2909 terminaba-

354 2964 455 3010 tur
487 2952 601 3024 (59)
637 2972 652 3008 :
682 2951 933 3017 incertis,
969 2951 1061 3006 ubi
1093 2952 1144 3007 in
1201 2950 1596 3003 mediterranea
1628 2948 1947 3019 porrigeba-

358 3059 481 3113 tur,
513 3048 742 3111 tinibus;
775 3047 1008 3111 Aenum,
1053 3057 1282 3114 quaque
1308 3043 1378 3097 ab
1422 3041 1509 3095 illa
1559 3056 1752 3096 ret-sus
1795 3040 1940 3096 occi-

2122 3030 2333 3095 SUtnas,
2355 3046 2403 3084 s.
2433 3048 2485 3085 ν.
2510 3049 2523 3086 :
2544 3030 2783 3102 Πρίσκος
2800 3034 3060 3106 Πανίτης,
3091 3040 3372 3112 σοφιστὴς,
3390 3039 3631 3109 γεγονὼς

360 3144 585 3196 dentem
626 3140 811 3210 jacent
857 3139 1073 3208 oppida,
1122 3137 1190 3191 ad
1243 3135 1560 3204 Bhodopam
1611 3133 1944 3203 provinciam

2054 3121 2147 3173 ἐπὶ
2191 3120 2298 3173 τῶν
2351 3120 2555 3191 χρόνων
2608 3122 2890 3177 Θεοδοσίου
2948 3126 3040 3179 τοῦ
3115 3129 3334 3199 μικροῦο
3392 3132 3630 3201 ἔγραψεν

358 3232 699 3304 pertinuisse
749 3240 1089 3301 compertum
1137 3237 1246 3284 est.
1289 3228 1514 3283 Panium
1545 3225 1717 3295 ipsum
1759 3225 1813 3278 in
1863 3224 1948 3276 lit-w

2066 3212 2355 3304 Ἱστορίαν
2380 3212 2752 3281 Βυζαντικὴν
2784 3214 2878 3267 καὶ
2925 3213 3059 3287 [ins.
3102 3218 3197 3290 Τὰ]
3233 3222 3381 3274 κατά
3433 3224 3633 3276 Ἄττα-

366 3299 491 3381 ίοινο
545 3299 933 3394 (Propontidis)
959 3336 1144 3394 prope
1188 3320 1509 3375 Heracleam
1554 3316 1942 3388 (Perinthum),

2054 3303 2171 3353 λον
2205 3299 2543 3372 [Ἁττήλαν]
2574 3303 2631 3355 ὲν
2667 3302 2893 3372 βιϐλίοις
2925 3305 3088 3370 ὀκτὼ,
3125 3308 3355 3377 μελέτας
3378 3326 3439 3362 τε
3475 3314 3635 3381 ρητςη

357 3422 555 3489 itaque
586 3420 725 3473 inter
750 3417 898 3473 illam
944 3425 998 3470 et
1026 3414 1374 3471 Bhredestunt
1406 3414 1570 3466 situm
1604 3410 1791 3474 fuisse,
1822 3408 1937 3464 Sui-

2060 3394 2216 3464 ρικὰς
2256 3396 2350 3446 καὶ
2370 3396 2681 3457 ἐπιστολάς.

364 3511 473 3564 (Ias
501 3511 660 3564 docet
688 3508 800 3579 (40)
846 3526 860 3564 :
901 3507 1043 3577 apud
1092 3504 1426 3575 geograpbos
1466 3514 1700 3569 veteres,
1746 3502 1950 3571 ipsum-

2130 3507 2419 3573 vantus,
2459 3507 2595 3561 Hist.
2629 3508 2839 3577 ec.cl.,l,
2877 3510 2939 3565 l7
2976 3528 2989 3565 :
3028 3511 3115 3565 Ἐν
3136 3510 3345 3576 τούτοις
3370 3516 3479 3575 τοῖς
3507 3515 3635 3584 χρό-

361 3618 481 3673 que
515 3601 887 3667 Ptolemaeum,
917 3601 1036 3670 ejus
1067 3601 1393 3653 mentionem
1427 3596 1629 3652 frustra
1657 3595 1901 3666 qttresivi.

2058 3615 2170 3661 νοις
2195 3599 2224 3651 ό
2269 3600 2436 3663 πολὺς
2458 3599 2535 3664 τῷ
2554 3599 2696 3671 λόγῳ
2717 3601 2952 3672 πόλεμος
2969 3605 3254 3674 ἐκεκίνητο
3297 3605 3511 3659 Ἀττέλα
3543 3607 3638 3663 τοῦ

444 3695 685 3762 Priscus,
730 3704 871 3749 teste
898 3693 1067 3748 Suida
1101 3691 1238 3761 (41),
1272 3691 1337 3745 de
1390 3691 1618 3744 historia
1654 3688 1951 3759 Byzantina

2059 3688 2168 3740 τῶν
2194 3688 2416 3742 Σκυθῶν
2444 3690 2728 3759 βασιλέως,
2757 3692 2816 3745 ὃν
2841 3693 3148 3764 περιέργως
3166 3696 3259 3747 καὶ
3289 3696 3347 3759 ἐς
3374 3700 3441 3750 τὰ
3478 3697 3637 3766 μάλι-

360 3786 648 3857 rebusque
674 3786 853 3840 Attila:
902 3784 1018 3854 (42)
1068 3783 1395 3855 (Ἱστορίαν
1424 3779 1800 3848 Βυζαντικὴν
1833 3779 1949 3846 καὶ,
2066 3796 2164 3831 στα
2185 3778 2377 3845 λογίως
2399 3781 2637 3849 Πρίσκος
2659 3783 2687 3832 ὁ
2714 3784 2898 3851 ῥήτωρ
2926 3784 3147 3851 γράφει,
3172 3784 3310 3853 μετὰ
3328 3785 3525 3855 πολλῆς
3539 3789 3639 3856 τῆς

358 3874 509 3949 ίΐὰ]
526 3875 675 3930 κατὰ
704 3875 1021 3945 ’Δττήλανῆ
1038 3884 1163 3930 octo
1189 3874 1355 3928 libros
1379 3873 1596 3941 scripsit
1616 3889 1628 3925 :
1648 3886 1767 3939 quae
1794 3873 1953 3924 verba

2063 3871 2335 3941 κομψείας
2372 3872 2727 3941 διηγούμενος
2776 3874 2923 3935 ὅπως
2953 3890 3008 3925 τε
3041 3875 3181 3926 κατὰ
3211 3876 3317 3928 τῶν
3347 3876 3497 3949 ἑῴων
3546 3881 3642 3931 καὶ

362 3969 730 4039 quaestionem
756 3975 1039 4023 moverunt
1068 3967 1412 4036 geminutnne
1435 3980 1502 4018 an
1531 3963 1755 4031 simplex
1791 3960 1957 4017 fuerit

2066 3964 2335 4037 ἑστβρίων
2393 3966 2762 4035 ἐπεστράτευε
2819 3966 3023 4035 μερῶν,
3079 3967 3196 4029 οἵας
3242 3985 3301 4020 τε
3358 3968 3453 4021 καὶ
3509 3970 3640 4033 ὅσας

358 4078 545 4133 opus;
573 4062 827 4133 equidem
866 4077 969 4116 non
1004 4062 1191 4116 dubito
1218 4074 1381 4113 unum
1411 4056 1599 4111 fuisse.
1632 4052 1827 4108 Verum
1852 4052 1957 4107 etsi

2065 4057 2246 4119 πόλεις
2278 4056 2414 4109 ἐλὼν
2447 4057 2748 4125 κατήγαγε,
2782 4057 2875 4110 καὶ
2907 4058 3005 4111 ὅσα
3062 4056 3359 4128 πεπραχὼς
3408 4056 3516 4111 τῶν
3558 4061 3641 4111 ὲνς-

374 4159 492 4213 duo
525 4156 749 4220 fuerint,
786 4154 852 4210 ad
887 4165 1176 4223 utrumque
1212 4163 1361 4208 certe
1398 4150 1735 4221 pertinerent
1759 4148 1957 4217 ecloga:

2066 4150 2255 4203 τεῦοεν
2288 4151 2542 4221 μετέστη.

361 4253 445 4307 de
480 4251 860 4320 legationibus,
883 4264 1113 4320 quorum
1147 4246 1556 4316 inscriptionem
1580 4243 1823 4297 historia:
1853 4240 1959 4295 Go-

367 4345 536 4401 Uticw
562 4346 799 4398 retinere
824 4343 983 4397 debui
1020 4360 1033 4396 :
1075 4354 1235 4395 nemo
1257 4340 1401 4392 enim
1439 4334 1706 4393 dubitabit
1743 4334 1961 4403 ecloga-

366 4436 444 4489 rii
476 4433 717 4487 codicem
765 4431 837 4486 ita
882 4432 1203 4497 inscriptum
1233 4426 1414 4483 fuisse.
1451 4424 1711 4494 Suspicor
1759 4435 1961 4487 autem,

366 4538 444 4582 ut
500 4525 858 4595 Procopianaa
906 4525 1188 4588 historiae,
1241 4522 1313 4576 ita
1368 4519 1531 4591 hujus
1577 4517 1825 4589 partibus
1880 4517 1961 4570 di-

370 4634 574 4676 versos
663 4616 845 4673 titulos
909 4615 1079 4671 fuisse
1134 4613 1339 4669 inditos
1429 4629 1443 4666 :
1534 4609 1695 4665 aliam
1769 4609 1965 4664 inscri-

370 4722 535 4781 ptam
575 4710 746 4765 fuisse
789 4708 1031 4765 Τάκατά
1065 4705 1397 4773 Ἀττήλαν,
1444 4703 1603 4759 aliam
1640 4700 1959 4767 Γοτθικήν,

378 4804 553 4869 idque
585 4803 652 4856 ab
682 4803 934 4873 imperito
956 4800 1179 4856 homine
1202 4798 1271 4852 ad
1299 4797 1611 4851 universum
1634 4808 1772 4863 opus
1791 4803 1967 4847 trans-

374 4895 559 4949 latum
583 4909 727 4949 esse.
763 4897 803 4947 Α
832 4908 940 4963 quo
967 4903 1209 4961 tempore
1240 4889 1522 4945 historiam
1549 4886 1811 4955 inceperit
1839 4886 1961 4937 Pri-

374 5002 542 5052 scus,
566 4986 812 5056 expediri
846 5002 951 5040 non
980 4993 1160 5055 potest
1188 4999 1204 5045 ;
1236 4983 1329 5039 sed
1362 4982 1563 5037 nullius
1592 4979 1666 5033 rei
1690 4992 1808 5050 qua:
1836 4985 1964 5029 ante
2012 4992 2019 4997 ·

373 5096 592 5134 annum
652 5080 756 5135 455
796 5087 947 5149 gesta
976 5078 1047 5133 sit
1079 5076 1285 5133 mentio
1318 5090 1385 5130 ex
1428 5090 1495 5130 eo
1525 5072 1773 5129 aﬂ‘ertur.
1797 5071 1971 5139 Aspa-

367 5173 490 5239 τίς,
514 5173 861 5243 ﬁliorumque
886 5174 1115 5239 caedem,
1136 5186 1257 5241 qua:
1286 5185 1337 5224 a.
1360 5170 1486 5235 Hi,
1504 5166 1702 5223 Leonis
1726 5167 1854 5235 imp.
1888 5164 1970 5230 15,

464 5350 579 5422 (58)
623 5352 685 5410 ν.
714 5351 971 5418 Fabricii,
1004 5351 1142 5406 Bibl.
1171 5365 1251 5422 gr.
1286 5345 1400 5410 \'l|,
1434 5363 1489 5416 p.
1522 5345 1645 5422 53:).

465 5409 579 5492 (59)
619 5409 705 5478 Cf.
760 5409 1194 5477 Constantinum"
1228 5409 1821 5492 υιξΑειιὲινὶῄιειοςςίέσ-,Α-ΙΙΣ
1878 5409 1966 5474 54,

368 5511 447 5566 p.
475 5486 611 5566 793,
633 5497 737 5566 fed.
774 5493 863 5558 8.,
896 5503 950 5546 et
976 5492 1246 5546 Atttntian.
1281 5489 1517 5544 Marcell.
1559 5486 1768 5550 XXVII,
1797 5487 1847 5543 4,

492 5564 580 5630 40)
624 5565 682 5620 S.
710 5580 761 5618 v.
795 5566 1014 5618 Πὰνιον.

465 5561 580 5701 Ξόιν)
624 5565 682 5620 5.
710 5580 761 5618 v.
795 5566 1014 5618 Πὰνιον.

491 5633 581 5705 41)
624 5636 681 5705 ξ.
718 5651 766 5687 v.
804 5634 1063 5705 Πρίσκος.

472 5700 585 5774 (42)
628 5704 822 5760 Vitium
856 5700 938 5759 'itt
987 5704 1169 5759 Sttida:
1216 5711 1270 5758 et
1320 5702 1572 5759 Etttlocia:
1620 5702 1773 5757 libris
1837 5700 1978 5754 κατᾶ

2137 4243 2289 4309 lusu,
2334 4243 2392 4310 V,
2442 4243 2553 4298 16:
2618 4244 2715 4299 Ἐκ
2760 4244 3053 4313 πρεσϐείας
3109 4245 3167 4299 δὲ
3209 4247 3318 4299 τῶν
3369 4248 3644 4319 ἐσπερίων

2079 4337 2371 4407 Ῥωμαίων
2426 4337 2707 4405 Ἀνθέμιος
2761 4339 3018 4407 βασιλεὺς
3056 4338 3165 4394 τῶν
3221 4340 3506 4411 Ῥωμαίων
3556 4346 3646 4396 ὲκ·-

2074 4429 2374 4497 πέμπεται,
2430 4422 2475 4497 ᾧ
2530 4430 2850 4497 Μαρκιανὸς
2902 4431 2931 4482 ὁ
2984 4431 3177 4503 πρώην
3241 4432 3648 4502 βεϐασιλευκὼς

2071 4521 2169 4592 τὴν
2220 4523 2429 4576 οἰκείαν
2490 4522 2841 4592 κατηγγύησε
2907 4524 3093 4578 παῖδα.
3141 4524 3524 4595 Ἐκπέμπεται
3589 4528 3649 4580 δὲ

2074 4614 2375 4684 στρατηγὸς
2398 4614 2537 4667 κατὰ
2560 4614 2843 4684 Γιζερίχου
2865 4615 3206 4680 Βασιλίσκος,
3239 4609 3268 4668 ὁ
3292 4616 3393 4687 τῆς
3422 4617 3652 4682 Λέοντος

2072 4706 2327 4773 γυναικὸς
2354 4706 2589 4775 Βηρξνης
2616 4706 2863 4775 ἀδελφὸς,
2908 4707 3045 4777 μετὰ
3096 4708 3507 4780 στρατεύματος
3533 4710 3654 4780 ἀριφ

2072 4797 2287 4867 στίνδην
2341 4798 2780 4869 συνειλεγμένου.
2819 4800 2999 4869 "Amp
3030 4801 3401 4872 ἀκριϐέστατα
3432 4802 3655 4872 Πρίσκῳ

2068 4891 2146 4959 τῷ
2197 4893 2384 4960 ῥήτορι
2420 4891 2733 4960 πενόνηται’
2798 4893 2948 4955 ὅπως
3004 4909 3063 4944 τε
3102 4892 3241 4962 δόλῳ
3291 4890 3595 4962 περιελθὼν
3626 4893 3655 4943 ὁ

2067 4981 2236 5045 Λέων,
2273 4979 2463 5049 μισθὸν
2506 4979 2699 5049 ὥσπερ
2726 4980 3010 5044 ἀποδιδοὺς
3055 4982 3156 5053 τῆς
3202 4982 3260 5044 ἐς
3322 4979 3485 5033 αὑτὸν
3519 4994 3655 5050 προ-

2081 5071 2324 5140 αγωγῆς,
2348 5071 2562 5139 ἀναιρεί
2581 5071 2839 5142 Ἀσπαρα
2862 5072 2959 5143 τὴν
2981 5074 3154 5144 ἀρχὴν
3171 5070 3320 5140 αὐτῷ
3342 5069 3655 5140 περιθέντα.

2082 5162 2276 5227 παῖδάς
2332 5180 2391 5216 τε
2440 5162 2607 5217 αὑτοῦ
2647 5164 3033 5236 Ἀρδαϐούριον
3085 5164 3180 5218 καὶ
3232 5161 3545 5232 Πατρίκιον,
3598 5159 3657 5213 ὃν

2090 5344 2355 5427 Ἄτταλον
2378 5358 2477 5412 pro
2515 5343 2778 5415 ’Λττήλαν
2848 5343 3053 5414 jamdiu
3108 5339 3547 5396 animadversum
3597 5340 3660 5394 ac

2078 5430 2271 5482 corrtgt
2294 5425 2502 5484 iussum
2534 5425 2637 5469 est.

2153 5486 2263 5553 (b5)
2308 5486 2446 5541 llist.
2484 5486 2629 5540 Eccl.
2659 5487 2724 5550 ll.
2760 5486 2846 5540 ‘16.

2155 5556 2266 5626 (λιιι)
2309 5557 2506 5612 Sttitlas
2533 5566 2585 5610 et
2614 5558 2895 5626 Evagrius,
2928 5554 3089 5607 infra.

2160 5630 2272 5700 ("3)
2308 5630 2544 5691 PriSCtts,
2574 5629 2741 5694 infra,
2782 5642 2903 5699 cap.
2937 5626 3023 5681 il.
