4058 6212
370 316 478 378 625

1773 311 1940 370 ΡΙίίΕ
1951 312 1985 368 F
1991 312 2085 370 ΛΤ
2092 312 2187 370 10.

3513 313 3620 376 ωδ

373 425 724 494 injuveutute
742 423 919 492 legum
938 421 1114 478 studio
1141 435 1262 476 sese
1290 420 1510 475 dederat
1543 419 1671 474 :sed
1693 421 1947 489 quoniam
1977 422 2024 480 Λ
2056 422 2192 475 dira!
2225 436 2347 474 cum
2379 421 2697 477 cohortibus
2738 421 3004 490 praetoriis
3035 422 3380 492 imperatoris
3415 430 3621 495 ascrip-

370 535 402 571 a
466 517 861 571 causidicorum
929 527 1152 566 munere
1210 511 1428 565 animus
1481 511 1826 575 abhorrebat,
1880 512 1946 564 ad

371 605 655 678 segnitiem
691 607 964 674 delapsus,
1005 605 1060 657 in
1105 604 1255 657 circo
1291 602 1700 670 Iactiouumque
1743 601 1944 654 furori-

373 701 476 754 bus
504 697 884 768 patrimonium
907 697 1122 762 etTudit;
1172 696 1389 749 tandem
1447 709 1596 756 vero,
1623 695 1946 748 necessitate

379 790 442 843 ad
473 790 692 843 meliora
721 787 1056 856 compulsus,
1102 801 1224 840 cum
1259 801 1288 838 a
1318 784 1579 839 Mauricio
1619 784 1944 852 imperatore

375 881 645 935 litteratos
680 879 927 933 homines
969 876 1268 945 Splendidis
1306 876 1544 946 prtemiis
1572 876 1756 929 ornari
1794 876 1943 930 vidc-

381 980 486 1035 ret,
507 984 567 1026 se
599 971 650 1023 in
688 970 789 1024 hoc
817 984 1014 1039 genere
1052 968 1287 1038 experiri
1319 968 1528 1022 statuit.
1562 967 1744 1036 Itaque
1769 967 1943 1021 histo-

375 1063 508 1116 riam
547 1061 787 1130 Agathize
834 1061 1152 1114 continuare
1189 1059 1297 1113 sibi
1340 1059 1619 1130 proposuit
1651 1074 1664 1112 :
1697 1059 1838 1128 quod
1875 1058 1945 1113 ab

374 1152 606 1205 adventu
667 1151 1076 1221 Cotrigurorum
1141 1150 1461 1206 Hunnorum
1513 1151 1567 1204 in
1626 1151 1940 1214 Thraciam,

371 1257 508 1310 quos
539 1241 832 1296 Belisarius
867 1241 1162 1311 repressit,
1205 1257 1454 1311 annoque
1498 1241 1603 1295 558
1658 1257 1828 1309 usque
1872 1243 1938 1296 ad

372 1347 657 1386 excessum
706 1333 910 1386 Tiberii
946 1333 1100 1401 irnp.,
1136 1347 1185 1384 a.
1221 1331 1346 1396 582,
1391 1331 1635 1400 perfecit.
1672 1331 1744 1384 De
1775 1331 1939 1384 rebus

369 1423 497 1476 anni
525 1423 629 1477 575
661 1422 771 1491 (48)
810 1423 1004 1492 agebat
1055 1423 1192 1476 libro
1226 1437 1344 1475 vui.
1380 1421 1708 1475 Protectoris
1739 1434 1941 1488 cogno-

369 1527 516 1577 men,
548 1527 655 1587 quo
679 1512 745 1566 ab
775 1512 973 1567 illustri
1008 1523 1163 1587 poeta
1191 1511 1370 1567 Attico
1397 1510 1823 1580 diserirninatur,
1858 1509 1937 1564 in-

2053 520 2162 563 tum
2189 510 2355 563 fuisse
2385 511 2500 580 (49)
2527 528 2539 563 :
2565 526 2684 580 qua:
2711 521 2888 566 tamen
2921 511 3012 567 illo
3040 527 3157 568 πενο
3186 529 3337 583 atque
3369 531 3431 570 ac
3453 517 3622 570 scho-

2052 602 2167 654 Iarii
2204 601 2382 656 ﬁctam
2425 602 2800 656 tantummodo
2840 603 3166 658 exercebant
3204 605 3450 660 militiam
3483 608 3619 676 (50).

2048 692 2104 745 In
2137 692 2407 747 scribendi
2439 706 2638 760 genere
2671 707 2893 762 prorsus
2918 694 3074 750 simia
3111 696 3356 766 Agathia:
3387 709 3508 764 est;
3549 699 3622 753 ri-

2049 782 2258 835 dendus
2283 782 2495 850 quoties
2515 781 2908 836 sententiarum
2934 785 3183 840 acumine
3205 795 3300 840 aut
3327 787 3618 842 verborum

2047 871 2313 940 elegantia
2345 887 2402 926 se
2436 881 2714 946 ostentare
2744 872 2894 941 cupit
2921 890 2934 925 :
2969 883 3340 942 verumtamen
3373 876 3620 946 iurehus

2045 965 2211 1034 gestis
2266 963 2564 1018 referendis
2609 964 2782 1020 bonus
2831 973 3054 1034 auctor;
3107 967 3255 1023 circa
3296 969 3618 1039 populorum

2045 1071 2244 1121 mores,
2280 1065 2655 1125 terrarumque
2698 1054 3116 1127 longinquarum
3143 1059 3331 1122 situm,
3366 1069 3420 1115 et
3456 1076 3617 1128 pcre-

2044 1149 2369 1223 griuantium
2397 1148 2590 1203 itinera
2611 1148 2900 1203 admodum
2921 1151 3170 1206 curiosus
3192 1161 3245 1206 et
3269 1152 3370 1207 llde
3393 1153 3613 1222 dignus.

2048 1239 2298 1312 Ejusdem
2354 1237 2594 1309 Agathize
2638 1239 2958 1303 imitatione.
3010 1242 3174 1295 etiam
3224 1242 3616 1312 epigrammata

2050 1311 2372 1399 componere
2423 1329 2669 1383 tentavit.
2723 1327 2852 1394 Qum
2902 1343 3066 1399 supra
3123 1330 3188 1383 de
3236 1311 3358 1398 ejus
3411 1311 3620 1398 origine

2048 1427 2213 1485 atque
2251 1419 2536 1486 jurentute
2581 1416 2712 1482 dixi,
2761 1432 2824 1469 ea
2866 1417 3049 1471 omnia
3093 1417 3208 1486 ipse
3257 1417 3310 1471 in
3352 1420 3617 1494 prommip

2049 1507 2287 1572 historiae
2319 1507 2632 1569 tradiderat,
2664 1505 2807 1576 quod
2836 1505 3034 1564 Suidas
3064 1508 3318 1563 servavit.

441 1829 830 1899 Excerptorum
865 1831 931 1885 de
972 1830 1353 1902 legationibus,
1381 1844 1500 1900 quae.
1520 1831 1909 1903 grammaticis,
1941 1830 2138 1901 quibus
2171 1827 2247 1883 rei
2280 1840 2408 1882 cura
2434 1840 2462 1880 a
2487 1822 2845 1881 Constantino
2870 1821 3336 1894 Porphyrogenito
3363 1823 3617 1878 mandata
3644 1868 3656 1878 ς

365 1927 471 1979 est.
510 1918 644 1985 Περὶ
689 1917 1026 1986 πρέσϐεων,
1058 1934 1164 1972 non
1192 1919 1330 1985 Περὶ
1368 1917 1722 1986 πρεσϐειῶν,
1757 1919 1942 1974 inscril

2048 1937 2052 1968 ε
2081 1915 2302 1987 placuit,
2340 1913 2608 1968 rationem
2641 1911 2940 1981 explicare,
2979 1925 3154 1979 neque
3183 1909 3416 1964 alienum
3449 1909 3548 1963 erit
3573 1926 3616 1964 -a

369 2005 633 2070 proremio
663 2005 832 2074 hujus.
858 2006 1170 2070 voluminis,
1205 2005 1358 2072 cujus
1389 2021 1514 2074 pars
1557 2006 1713 2074 longe
1743 2007 1976 2060 maxima
2022 2021 2090 2060 ex
2152 2004 2257 2058 illis
2297 2009 2511 2058 constat
2543 2017 2555 2054 :
2591 2013 2766 2070 neque
2798 1999 3061 2064 otiosum;
3107 2011 3252 2066 eum,
3284 1996 3470 2053 nescio
3504 2013 3619 2068 quo

370 2105 520 2152 casu,
555 2106 581 2141 a
616 2093 852 2153 neruiue,
882 2103 1144 2158 quantum
1178 2093 1308 2146 mihi
1339 2093 1556 2161 quidem
1584 2093 1835 2156 innotuit,
1867 2095 2022 2162 plene
2052 2098 2338 2160 perspecta
2364 2090 2459 2143 sit.

445 2176 548 2228 ista
577 2187 833 2244 excerpta
852 2179 1020 2232 edidit
1049 2178 1390 2233 llmschelins
1415 2193 1447 2232 e
1467 2179 1678 2232 duobus
1709 2178 1988 2233 codicibus
2019 2196 2032 2231 :
2062 2177 2293 2241 Schotti,
2321 2191 2483 2244 quem
2509 2189 2654 2229 nunc
2685 2174 2876 2229 nullibi
2908 2186 3227 2243 comparere
3260 2171 3373 2228 dixi
3407 2186 3570 2242 supra
3597 2188 3614 2236 ;

369 2271 428 2314 ct
458 2261 742 2328 Bavarico,
767 2280 926 2332 quem
955 2265 1173 2319 Boicum
1201 2274 1378 2324 vocat.
1403 2265 1490 2334 qui
1515 2265 1568 2318 in
1596 2265 1909 2320 Mouacensi
1934 2264 2266 2320 bibliotheca
2291 2264 2438 2334 regia
2470 2269 2671 2325 exstat,
2707 2276 2736 2315 a
2771 2261 3296 2331 Schweighaeusero,
3326 2275 3379 2316 v.
3413 2260 3507 2324 cl.,
3547 2260 3618 2312 ad

370 2346 672 2413 Appianum
711 2349 1101 2419 Polybiumque
1144 2350 1423 2405 adhibitus
1453 2369 1468 2405 :
1500 2365 1688 2404 eorum
1719 2359 1900 2404 autem
1939 2350 2054 2404 haec
2087 2349 2319 2405 invicem
2351 2349 2488 2404 ratio
2532 2358 2673 2412 erat,
2712 2357 2774 2403 ut
2809 2349 3145 2404 Schottanus
3187 2347 3406 2417 quidem
3430 2345 3614 2401 omnia

371 2433 846 2500 complecteretur,
880 2451 909 2488 a
948 2436 1210 2490 Bavarico
1242 2435 1508 2504 prml'atio,
1545 2445 1708 2505 atque
1738 2436 1826 2488 illa
1850 2437 2106 2490 abessent
2139 2450 2260 2502 quae
2298 2435 2479 2489 editor
2509 2443 2719 2488 tantum
2753 2447 2783 2487 e
2829 2433 3041 2488 Schotti
3071 2435 3262 2489 codice
3295 2447 3354 2487 se
3378 2434 3528 2497 dare,
3561 2433 3614 2484 in

368 2521 595 2574 cleucho
627 2535 784 2589 quem
813 2530 930 2589 post
964 2522 1361 2576 dedicationem
1393 2523 1591 2589 posuit,
1618 2523 1922 2591 proﬁtetur.
1953 2520 2092 2575 Sunt
2117 2532 2300 2574 autem
2323 2520 2415 2574 illa
2449 2535 2557 2574 non
2587 2520 3086 2575 additamentorum
3123 2521 3262 2584 loco,
3290 2529 3349 2573 ut
3371 2519 3654 2583 codicem,

370 2607 688 2660 Bavaricum
724 2606 928 2660 librarii
955 2607 1158 2662 desidia
1190 2617 1271 2662 tot
1301 2609 1552 2678 capitulis
1577 2608 1882 2662 mutilatum
1913 2607 2082 2663 fuisse
2104 2609 2328 2663 credere
2355 2607 2555 2678 possis,
2581 2623 2770 2662 verum
2796 2609 2862 2663 ab
2892 2607 2976 2663 his
3007 2623 3128 2677 qua:
3152 2607 3240 2662 ille
3265 2607 3428 2661 habet
3456 2619 3619 2673 sepa-

369 2699 510 2769 rata,
547 2693 843 2758 eodemque
871 2691 1060 2745 ordine
1086 2707 1115 2746 a
1145 2691 1265 2745 libri
1305 2692 1461 2746 initio
1499 2692 1566 2745 ad
1607 2692 1724 2757 ejus
1757 2694 1920 2745 linem
1961 2695 2414 2765 progrediuntur;
2439 2704 2604 2764 atque
2637 2695 2737 2748 hoc
2767 2696 2912 2749 inter
2945 2711 3005 2749 se
3027 2695 3281 2750 dill’cruut
3303 2695 3468 2763 quod,
3495 2707 3649 2763 qua.

368 2772 424 2830 ³η
455 2777 713 2832 Bavarico
746 2788 998 2844 exstant,
1037 2780 1104 2834 de
1135 2780 1494 2851 legationibus
1528 2780 1596 2835 ad
1631 2780 1904 2837 Romanos
1938 2784 2122 2839 missis
2150 2792 2350 2854 agunt,
2384 2797 2503 2850 qua:
2533 2781 2602 2836 ab
2633 2781 2724 2838 illo
2756 2781 2995 2846 absunt,
3025 2782 3092 2836 de
3124 2781 3192 2836 iis
3223 2796 3359 2850 quas
3383 2778 3617 2833 Romani

369 2865 434 2918 ad
466 2867 732 2920 Barbaros
769 2867 1053 2920 miserunt.
1077 2867 1416 2936 Quapropter
1447 2868 1615 2922 codex
1648 2867 1738 2922 ille
1769 2869 1942 2936 napi;

2048 2873 2240 2925 σϐεων
2271 2869 2463 2923 ἐθνῶν
2485 2868 2592 2938 (vel
2629 2867 2902 2936 ἐθνικῶν)
2951 2869 3102 2937 πρὸς
3155 2867 3485 2935 Ῥωμαίους
3522 2865 3606 2919 in-

366 2952 626 3005 scribitur
656 2952 792 3021 (5l).
827 2953 1070 3021 prrel‘atio
1113 2964 1292 3007 autem
1329 2969 1449 3022 qua:
1481 2954 1568 3008 illa
1590 2954 1945 3024 respicitqua:
1975 2955 2186 3011 Schotti
2211 2957 2378 3011 codex
2415 2957 2564 3012 solus
2601 2955 2850 3024 praebuit,
2880 2957 3100 3011 titulum
3135 2954 3350 3021 XXVII,
3384 2955 3614 3024 ejusque

370 3040 644 3095 rubricam
675 3040 810 3108 Περὶ
837 3040 1142 3107 πρέσϐεων
1178 3041 1474 3110 Ῥωμαίων
1499 3042 1649 3108 πρὸς
1686 3042 1942 3109 ἐθνικούς

2053 3042 2202 3097 bibet
2230 3059 2245 3098 :
2279 3052 2443 3111 atque
2472 3041 2525 3095 in
2549 3040 2796 3105 elencho,
2821 3041 2910 3110 qui
2935 3044 2984 3097 ei
3014 3043 3318 3110 subjicitur,
3345 3042 3415 3097 de
3469 3041 3615 3106 sevi-

372 3127 447 3179 ris
471 3141 501 3180 e
538 3141 766 3196 quorum
807 3127 958 3182 libris
989 3127 1202 3198 eclogas
1247 3129 1315 3184 de
1357 3128 1717 3197 legationibus
1745 3127 2086 3185 llmschelius
2116 3129 2309 3194 edidit,
2347 3127 2552 3183 omittit
2582 3127 2886 3198 Dexippum
2908 3138 2962 3184 et
3006 3129 3337 3200 Eunapium.
3383 3128 3630 3191 Scilicet,

367 3228 434 3266 ex
472 3214 556 3267 his
581 3215 714 3268 nihil
749 3216 800 3268 in
840 3225 1040 3270 tomum
1073 3215 1382 3286 eclogarum
1422 3217 1488 3269 de
1518 3215 1877 3286 legationibus
1903 3217 2272 3271 Romanorum
2304 3215 2372 3270 ad
2402 3223 2592 3284 gentes
2619 3215 2828 3270 illatum
2859 3225 3000 3272 erat.

441 3300 535 3355 llis
565 3303 826 3371 expositis
854 3318 959 3356 non
984 3318 1121 3373 opus
1153 3303 1259 3358 erit
1283 3302 1530 3372 pluribus
1560 3303 1739 3358 verbis
1768 3305 2024 3374 probare,
2052 3304 2325 3373 geminum
2355 3303 2520 3359 fuisse
2547 3303 2858 3374 eclogarum
2885 3305 2952 3358 de
2983 3303 3342 3374 legationibus
3370 3303 3614 3366 titulum,

371 3402 601 3456 quorum
634 3389 790 3453 alter,
847 3387 1038 3444 XXVII
1077 3404 1107 3445 e
1145 3403 1498 3444 numerorum
1531 3389 1744 3455 ordine,
1787 3390 1996 3460 integer
2029 3407 2150 3446 cum
2181 3391 2499 3460 pra'fatione
2521 3398 2718 3454 exstat,
2757 3391 2981 3446 alterius
3027 3391 3277 3461 prtel'atio
3303 3393 3475 3454 abest,
3507 3405 3617 3459 qua
3660 3441 3663 3448 ,

371 3477 570 3530 amissa
596 3479 716 3544 ejus
754 3493 1021 3536 numerus
1040 3477 1360 3548 ignoratur;
1396 3493 1558 3548 quem
1589 3488 1766 3534 tamen
1802 3487 1894 3532 aut
1925 3477 2096 3534 XXVI
2125 3489 2221 3533 aut
2269 3478 2488 3533 XXVIll
2525 3479 2692 3535 fuisse
2718 3479 2856 3534 ratio
2879 3479 2957 3534 rei
2981 3479 3120 3547 cogit
3157 3497 3172 3535 :
3212 3478 3466 3547 denique,
3495 3493 3617 3546 quae

367 3579 436 3618 ex
461 3575 690 3634 utroque
717 3574 1009 3634 supersunt
1038 3565 1092 3621 in
1121 3567 1418 3621 Schottano
1452 3566 1636 3622 codice
1682 3565 1970 3637 conjuncta
1997 3568 2292 3623 exstitisse.
2315 3566 2434 3622 Jam
2466 3581 2593 3622 vero
2624 3566 2955 3635 perspicitur
2981 3580 3093 3633 qua
3123 3565 3344 3626 ratione,
3365 3559 3618 3619 evenerit
3651 3603 3658 3624 ς

371 3661 429 3704 ιιι
457 3651 620 3706 etiam
647 3652 699 3705 in
741 3651 1050 3722 Polybianis
1083 3653 1330 3723 plurima:
1373 3653 1570 3724 ecloga:
1608 3667 1672 3707 ex
1713 3669 1902 3708 earum
1949 3669 2178 3709 numero
2224 3670 2360 3721 quas
2394 3654 2624 3725 Ursinus
2666 3653 2837 3716 edidit
2870 3669 2900 3706 a
2945 3652 3204 3708 Bavarico
3237 3651 3418 3706 absint
3443 3649 3557 3722 (52)
3593 3669 3609 3704 :

371 3739 550 3808 agitur
588 3740 733 3793 enim
775 3739 844 3792 ibi
881 3739 950 3794 de
982 3739 1341 3809 legationibus
1378 3755 1516 3809 quas
1546 3740 1776 3801 Romani
1822 3741 2121 3798 miserant;
2156 3742 2432 3809 idemque,
2453 3741 2498 3795 si
2540 3741 2660 3809 quis
2704 3740 2772 3795 de
2804 3739 2992 3796 Dionis
3030 3739 3371 3808 Appianique
3413 3738 3617 3806 eclogis

370 3835 596 3894 quaeret,
629 3824 866 3878 inveniat
895 3839 1117 3879 necesse
1145 3834 1246 3879 est.
1284 3826 1469 3893 Itaque
1498 3841 1529 3879 a
1564 3826 1990 3894 reprehensione
2030 3827 2292 3881 liberatur
2345 3842 2588 3881 summus
2630 3826 3004 3888 Casaubonus.
3034 3827 3149 3894 qui,
3181 3841 3305 3879 cum
3337 3826 3391 3877 in
3421 3824 3614 3878 biblio-
3641 3882 3644 3884 _

373 3913 529 3963 theca
561 3909 772 3963 Thuani
813 3911 1046 3980 primum
1077 3911 1264 3964 barum
1297 3911 1601 3980 eclogarum
1626 3918 1833 3965 tomum
1862 3919 2082 3968 exstare
2105 3914 2390 3974 scriberet,
2416 3926 2522 3980 quo
2555 3921 2953 3983 tamen'earum
2981 3926 3102 3980 qua:
3127 3926 3157 3964 e
3179 3910 3404 3979 Polybio
3425 3909 3613 3979 petita:
3644 3960 3650 3965 _

374 3997 484 4051 sint
513 3991 730 4051 nonnisi
767 4012 892 4068 pars
923 3997 1296 4051 contineretur
1321 3997 1465 4067 (55),
1499 3997 1724 4055 minime
1768 3997 2005 4054 errabat.
2029 4001 2102 4054 Ae
2137 3999 2249 4054 ﬁeri
2280 4007 2461 4068 potest
2488 4006 2548 4051 ut
2579 4011 2729 4050 cum
2753 3996 2845 4050 alii
2871 3995 3239 4050 Theodosium
3268 3996 3361 4048 τὸν
3387 3995 3612 4064 μικρόν,
3645 4067 3651 4072 _

379 4083 608 4140 Ursinus
640 4095 820 4138 autem
864 4085 1125 4139 Joannem
1159 4084 1836 4154 Constantinopolitanum,
1872 4085 2015 4139 hanc
2050 4082 2421 4158 collectionem
2463 4079 2819 4135 concinnasse
2870 4076 3217 4141 tradiderint,
3250 4076 3392 4131 illius
3440 4076 3612 4130 labori

373 4175 674 4244 legationes
718 4174 783 4228 ad
820 4173 1112 4234 Romanos,
1157 4173 1315 4242 hujus
1351 4173 1537 4227 titulus
1569 4171 1759 4227 XXVII
1814 4173 1866 4226 in
1915 4170 2189 4227 codicibus
2233 4170 2470 4224 tributus
2502 4167 2591 4222 sit.
2643 4163 2850 4219 Vereor
2883 4175 3063 4220 tamen
3098 4180 3165 4218 uc
3199 4163 3266 4219 de
3301 4162 3616 4219 Theodosio
3653 4225 3665 4236 ,

374 4263 465 4316 illo
503 4275 657 4316 error
696 4262 794 4326 sit,
828 4277 950 4317 cum
988 4260 1263 4323 Θεοδόσιος
1290 4260 1317 4311 ὁ
1352 4259 1548 4329 μικρός
1578 4259 1782 4314 Graecis
1811 4257 2123 4330 Byzantinis
2155 4254 2516 4309 Theodosium
2568 4250 2829 4306 Minorem
2891 4251 3276 4320 imperatorem
3307 4247 3606 4320 signiﬁcet.
3643 4318 3653 4322 _

449 4371 516 4425 Ut
549 4372 725 4424 omnis
763 4372 815 4425 in
859 4380 1132 4440 posterum
1164 4369 1380 4442 errandi
1420 4371 1634 4428 occasio
1667 4370 1903 4441 tollatur,
1946 4382 2232 4458 utramque
2255 4365 2655 4430 collectionem,
2687 4379 2786 4435 per
2810 4362 3052 4439 singulos
3080 4360 3612 4439 auctoresgdiyisgttnl.

374 4474 475 4514 suo
505 4458 763 4527 inscripto
794 4457 973 4524 titulo,
1012 4457 1257 4513 distinxi.
2185 4453 2190 4458 ’
3674 4453 3680 4463 ’

451 4569 636 4638 Itaque
669 4585 772 4625 non
811 4579 952 4635 tres,
983 4570 1075 4624 sed
1108 4579 1342 4638 quatuor
1371 4585 1402 4624 e
1430 4568 1778 4627 collectaueis
1808 4567 2150 4622 Constantini
2185 4563 2632 4636 Porphyrogeniti
2666 4561 2932 4618 habemus
2971 4562 3177 4627 titulos,
3210 4569 3494 4631 postquam
3529 4555 3607 4610 ill.

379 4655 572 4719 Maius,
603 4656 658 4710 in
689 4655 863 4710 lucem
887 4655 1096 4725 prolata
1122 4655 1353 4710 maxima
1380 4656 1520 4711 tituli
1542 4655 1610 4713 de
1626 4656 1910 4722 sententiis
1933 4663 2110 4730 parte,
2135 4653 2534 4725 immortalibus
2562 4651 2676 4724 suis
2698 4651 2766 4708 de
2789 4666 2848 4708 re
2871 4650 3134 4718 litteraria
3161 4648 3375 4722 publica
3399 4644 3610 4701 meritis
3668 4720 3671 4724 Α

378 4759 398 4795 t
413 4742 653 4796 umulum
678 4741 900 4814 adjecit.

447 4930 556 5001 (48)
603 4929 850 5001 Menand,
887 4945 942 5000 p.
975 4930 1101 4995 397,
1135 4931 1203 4986 90
1233 4933 1283 5001 in
1320 4933 1438 5001 ejus
1468 4930 1856 4992 ed.Brissonii.

447 5000 560 5067 (49)
606 5000 665 5053 V.
693 4999 1037 5055 lleiueccium
1064 5016 1110 5055 s.
1146 5016 1196 5054 v.
1236 4999 1588 5058 Protectores.

441 5069 552 5142 (50)
594 5068 821 5148 Procop.
859 5069 1056 5134 Anecd.
1095 5071 1183 5138 24,
1219 5087 1272 5143 ρ.
1304 5071 1392 5126 7l.

2110 4929 2226 5000 (51)
2266 4929 2574 4999 Schweigh.
2604 4930 2846 4998 ιιι-Μίδα
2870 4940 2910 4984 t.
2939 4929 2980 4985 II
3005 4928 3243 5000 Polybii,
3276 4944 3328 4999 p.
3361 4945 3446 4983 xvr
3485 4977 3488 4980 .

2111 5001 2222 5073 (ἓξ)
2264 5001 2465 5073 Earum
2485 5015 2762 5056 recensum
2785 5002 2987 5072 praebet
3009 5001 3319 5073 Schweigli.
3353 5016 3405 5070 p.
3437 5012 3602 5060 xxvii.

2108 5069 2223 5143 (55)
2263 5069 2393 5127 lbid.
2411 5085 2474 5147 p._
2491 5085 2624 5128 xxtt.
