4058 6212
479 301 587 368 627
1474 314 1871 375 EXCERPTA
1918 317 2013 375 DE
2054 317 2641 381 LEGATIONIBUS.
3625 320 3740 384 628

532 458 1835 488 α-ι-ι--α--ο--υ--ιυ--ιι-,ι-,κ-

1630 610 2079 675 DEDICATIO
2121 610 2596 675 HCESCHELII.

477 901 1693 1004 Nobilissimotamplissimoque._viro
1744 916 1994 1004 Joanni
2042 916 2366 1004 Mattlitee
2421 919 2773 994 Wackero,
2854 938 2886 982 δ
2930 921 3447 1004 _Wacltenfelsa,
3494 926 3740 1004 equiti,

561 986 627 1080 ξ.
668 986 835 1080 ξωςᾷ
872 986 1216 1080 Blaese}
1280 986 1572 1080 consiliis
1628 994 1808 1080 _imp.
1866 994 2119 1067 aulicis,
2198 995 2460 1057 domino
2506 1004 2566 1059 et
2613 986 2879 1075 patrono
2924 998 2991 1060 in
3036 1000 3268 1079 primis
3318 986 3740 1080 honorande;

454 1098 459 1101 λ
553 1063 619 1124 S.
669 1064 737 1127 P.
786 1066 862 1125 D.
900 1063 1101 1129 David
1148 1069 1559 1131 Hoeschelius
1609 1063 1777 1150 Aug'.

547 1206 946 1267 Constantinus
978 1212 1513 1286 Porphyrogenneta,
1548 1228 1607 1273 ut
1653 1235 1683 1273 a
1738 1218 2045 1277 Theodosio
2062 1219 2336 1291 proditum
2362 1218 2605 1287 invenio,
2633 1236 2740 1275 non
2771 1230 3059 1279 contentus
3085 1240 3150 1279 ex
3182 1225 3438 1280 omnibus
3469 1235 3742 1283 terrarum

477 1294 630 1350 orbis
654 1298 897 1365 partibus
926 1299 1096 1354 libros
1128 1317 1374 1373 quosque
1398 1306 1634 1375 optimos
1658 1323 1787 1363 cura
1811 1324 2018 1363 summa
2051 1310 2394 1380 conquirere,
2425 1310 2480 1365 id
2510 1311 2673 1366 etiam
2704 1325 2883 1382 opera:
2912 1313 3127 1381 publice
3162 1314 3309 1368 utilis
3339 1317 3519 1370 navari
3546 1317 3742 1387 voluit,

476 1391 538 1436 ut
570 1398 667 1451 pro
696 1400 877 1440 rerum
907 1387 1218 1444 discrimine
1247 1400 1525 1447 auctorum
1559 1408 1898 1465 quorumque
1930 1398 2126 1468 scripta
2163 1399 2217 1453 in
2247 1406 2427 1454 certas
2456 1399 2694 1465 classes,
2725 1415 2845 1470 quae
2874 1400 2981 1456 Llll
3019 1401 3260 1467 fuerunt,
3297 1404 3495 1459 tributa
3521 1420 3733 1476 conge-

477 1477 738 1525 rerentur
777 1481 879 1529 :ut
914 1488 1128 1544 quaqua
1167 1476 1233 1531 de
1265 1493 1345 1543 re,
1374 1479 1419 1533 si
1456 1488 1667 1560 tempus
1704 1484 2023 1553 postularet,
2068 1486 2446 1556 exemplorum
2489 1487 2820 1558 hypotheses
2868 1489 2921 1543 in
2971 1501 3227 1560 promptu
3267 1502 3474 1547 essent.
3519 1492 3742 1548 Illarum

476 1554 657 1623 prima
690 1557 827 1625 Περὶ
865 1558 1180 1651 βασιλέξυν
1220 1557 1675 1651 ᾀναγορέύσεως
1716 1577 1853 1632 erat,
1888 1569 2078 1625 vicesir

2139 1596 2143 1626 l
2183 1554 2415 1643 septima
2460 1554 2602 1644 ηέρι
2642 1554 2988 1644 πρέσϐεων.-
3014 1554 3364 1643 Ceterarum,
3415 1595 3587 1651 neque
3634 1582 3741 1637 nisi

480 1651 801 1707 paucarum,
830 1651 1026 1710 przeter
1053 1643 1436 1732 :coémbvupov
1466 1649 1636 1704 scitur
1666 1651 1819 1717 nihil,
1852 1652 2033 1732 idque.
2059 1671 2122 1711 ex
2153 1661 2396 1730 margine
2430 1643 2553 1717 libri
2582 1643 2908 1732 legationum
2946 1665 3158 1720 calamo
3187 1668 3420 1732 exarati,
3450 1643 3539 1722 ubi
3569 1668 3744 1723 lector

487 1736 890 1795 argumentum,
925 1730 1067 1797 quod
1099 1730 1234 1787 alias
1255 1733 1398 1789 aliud
1422 1736 1706 1805 attingitur
1725 1739 1922 1805 obiter,
1948 1730 2089 1813 ζητεῖ

2160 1746 2384 1816 juhclur
2406 1748 2463 1802 ὲν
2494 1749 2571 1821 τῷ
2601 1730 2729 1821 «cpi
2759 1751 3015 1818 ἐπιϐοῶν,
3047 1753 3106 1804 ὲν
3130 1754 3207 1822 τῷ
3231 1755 3360 1826 περὶ
3386 1730 3738 1824 έυνηγεσίας,

479 1809 544 1913 ἓν
570 1812 648 1911 τιῖξ
671 1815 800 1913 step}
832 1820 1329 1913 asperqmudrmv,
1355 1822 1463 1913 τῶγ
1506 1825 1771 1913 στρατῶν.
1811 1827 1870 1881 ἐν
1902 1829 1979 1899 τῷ
2003 1809 2361 1906 νπερὶ-νίκης,
2392 1839 2522 1907 περὶ
2542 1809 2930 1909 ⁵δημσξιγοριῶν⁹
2960 1809 3284 1907 ὲέτιστοὶίῶν,
3305 1809 3477 1897 ὶθῶν.
3508 1809 3607 1898 ᾖτε
3636 1809 3745 1913 ἱείλ

482 1904 598 1961 tur,
632 1899 900 2000 inju-riane
932 1904 1189 2000 temporis
1216 1906 1325 2000 sint
1352 1908 1584 2000 amissaa,
1615 1912 1915 2000 anaticubi
1956 1899 2264 1988 serventur,
2295 1899 2546 1979 nondum
2575 1899 2931 1995 li'que't.'Ejtts
2960 1941 3113 1990 vero,
3144 1899 3355 1997 qtiae'de
3387 1930 3575 2000 legatis
3602 1899 3739 1999 agit,

486 1995 700 2053 partem
722 1987 953 2088 ‘Ii‘ulvius
983 1988 1234 2088 Ursinus,
1264 1992 1350 2046 vir
1382 1994 1796 2088 praeclarissime
1827 1999 1893 2054 de
1927 2004 2073 2058 omni
2105 1987 2428 2079 antiquitate
2463 1987 2708 2077 meritus,
2745 1987 2940 2084 magno
2968 1987 3304 2072 eruditorum
3329 1987 3586 2088 applausu
3612 2030 3744 2075 ante

484 2088 661 2171 appos
685 2076 894 2171 aliquot
918 2078 1286 2171 quatnmultos
1345 2080 1553 2171 edidit;
1589 2091 1799 2152 partem
1841 2101 1907 2141 ex
1936 2076 2271 2151 serenissinil
2306 2076 2971 2165 Maximiliani,rBoio'rum
3003 2103 3178 2171 ducis,
3202 2112 3257 2157 et
3283 2076 3478 2158 οι.ἶὶτί
3510 2106 3745 2160 Andreae

483 2159 698 2261 Schotti
726 2162 1070 2261 bibliotheca,
1102 2180 1220 2234 qum
1251 2168 1592 2261 nemini-rem
1623 2170 1892 2261 publicam
1919 2176 2110 2246 juvare
2141 2183 2378 2252 cupienti
2410 2200 2514 2239 non
2542 2159 2710 2254 patet,
2738 2203 2837 2242 nos
2860 2189 2971 2257 jam
2997 2159 3315 2259 evulgamus
3346 2205 3361 2256 ;
3396 2192 3647 2261 hancque
3674 2159 3740 2249 eo

483 2249 832 2346 nobili-orem.
866 2253 1231 2346 quodneorttm
1275 2256 1657 2313 historicorum
1694 2260 1994 2331 fragmenta
2039 2249 2378 2345 suppeditat,
2413 2249 2645 2341 quorum
2684 2249 2815 2329 nihil
2860 2249 2976 2331 fere
3014 2249 3278 2332 hactenus
3312 2249 3509 2346 praeter
3545 2249 3743 2334 nomen

482 2336 719 2433 exstitit.
878 2339 1220 2396 corollarium
1257 2343 1587 2433 addidimtts,
1611 2346 1829 2417 eclogas
1858 2336 2387 2414 libroruin-Diodori
2421 2336 2590 2415 Siculi
2628 2362 2951 2417 amissorum
2978 2402 2994 2427 ,
3028 2377 3166 2433 quas
3197 2379 3227 2420 e
3265 2336 3450 2420 codice
3481 2365 3745 2424 Ludovici

482 2423 770 2481 Alemanni
796 2425 1093 2483 Florentini
1126 2429 1350 2484 doctiss.
1380 2428 1449 2486 R.
1484 2430 1757 2488 Thomson
1784 2436 1989 2505 Anglus
2011 2455 2224 2498 mecum
2254 2446 2429 2501 amice
2457 2448 2904 2503 communicavit.
2932 2423 3062 2505 lliec
3083 2459 3327 2505 veterum
3360 2461 3738 2521 monumenta,

484 2513 572 2568 vir
607 2514 963 2585 amplissime,
992 2517 1110 2586 tibi,
1150 2526 1314 2573 tanta!
1353 2520 1633 2590 dignitatis
1666 2530 1937 2594 tantaeque
1971 2528 2316 2597 eruditionis,
2340 2532 2530 2589 dicare
2560 2549 2666 2589 non
2701 2533 2924 2590 fuissem
2963 2551 3149 2599 ausus,
3174 2537 3275 2592 nisi
3316 2538 3560 2593 nobiliss.
3594 2513 3741 2593 Mar;

483 2611 583 2656 eus
621 2600 917 2670 Velserus,
957 2604 1212 2660 duumvir
1241 2616 1449 2673 noster,
1486 2606 1694 2661 amicus
1722 2617 1865 2675 tuus,
1903 2628 1991 2669 me
2027 2618 2442 2689 confirmasset;
2478 2623 2634 2693 cujus
2679 2623 2990 2680 liberalitati
3023 2626 3188 2680 editio
3220 2627 3336 2681 huic
3372 2627 3618 2684 debetur.
3663 2629 3742 2684 Ac

486 2703 622 2745 sane
648 2693 939 2761 jucundam
975 2695 1091 2752 fore
1113 2698 1307 2752 horum
1347 2698 1442 2753 tibi
1478 2697 1765 2756 lectionem
1793 2702 2151 2771 arbitramur,
2181 2709 2469 2777 cognituro
2493 2724 2615 2765 cum
2648 2712 2751 2765 alia
2782 2710 3075 2766 observalu
3109 2728 3366 2783 perquam
3402 2714 3590 2782 digna,
3619 2722 3734 2769 tum

485 2781 735 2871 exempla
758 2780 899 2850 (qum
930 2784 1108 2871 potior
1142 2785 1325 2854 operis
1358 2786 1506 2857 pars)
1539 2787 1659 2859 ejus
1690 2790 1933 2846 muneris
1959 2830 1975 2857 ,
2019 2794 2164 2862 quod
2200 2794 2463 2865 singulari
2496 2797 2601 2852 fide
2622 2837 2637 2864 ,
2678 2813 2806 2852 cura
2857 2806 2911 2854 et
2945 2780 3253 2869 prudentia,
3300 2802 3365 2855 de
3405 2780 3740 2871 gravissimis

488 2861 674 2930 rebus,
706 2879 810 2935 qua
843 2881 940 2937 per
962 2869 1306 2927 Germaniam
1336 2882 1391 2929 et
1424 2873 1775 2943 Sarmatiam,
1806 2892 1909 2948 qua
1946 2861 2046 2949 per
2074 2861 2314 2945 Italiam,
2342 2897 2371 2936 a
2401 2861 2636 2939 maxime
2672 2885 2885 2941 Caesare
2918 2861 2983 2940 ad
3024 2902 3265 2943 summos
3300 2861 3573 2959 principes
3602 2888 3734 2943 mis-

484 2961 601 3044 sus,
627 2951 810 3008 obiistl
837 2970 852 3020 ;
873 2954 1276 3026 jucundiorem,
1299 2960 1425 3030 quia
1455 2961 1636 3033 lingua
1670 2962 1857 3020 Graeca
1888 2965 2077 3021 isthmc
2105 2968 2372 3035 prodeunt
2402 2987 2416 3023 :
2445 2970 2599 3037 cujus
2630 2971 2675 3025 is
2697 2980 2783 3026 est
2810 2986 2963 3027 amor
2988 2981 3132 3038 tuus,
3168 2989 3229 3029 ea
3255 2951 3551 3044 peritia-ut
3579 2975 3729 3031 locos

487 3037 635 3130 scias
664 3048 954 3098 auctorum
988 3047 1280 3104 restituere
1310 3049 1449 3118 illos,
1489 3052 1553 3107 ad
1579 3066 1717 3122 quos
1757 3053 1826 3109 ab
1867 3053 1988 3109 aliis
2018 3054 2415 3111 conclamatum
2456 3064 2562 3111 est.
2596 3058 2739 3113 Nihil
2770 3060 2944 3114 dicam
2970 3059 3038 3114 de
3082 3037 3367 3121 beneficio.
3411 3037 3520 3130 quo
3555 3074 3644 3115 me
3685 3060 3739 3115 in

465 3122 649 3197 .Reip.
692 3128 971 3190 litterariae
998 3138 1343 3194 commodum
1366 3142 1572 3197 ornasti
1612 3141 1869 3197 maximo.
1896 3141 2002 3198 Pro
2033 3157 2142 3213 quo
2189 3142 2330 3214 grati
2362 3152 2419 3199 et
2457 3145 2715 3200 memoris
2742 3145 2907 3200 animi
2942 3146 3315 3200 testimonium
3355 3146 3457 3201 hoc
3486 3160 3608 3201 esse
3637 3145 3741 3201 ali-

483 3217 629 3304 quod
663 3218 908 3287 patiaris,
948 3238 1147 3294 meque
1165 3240 1333 3296 porro
1363 3230 1796 3286 commendatum
1831 3230 2034 3287 habere
2058 3232 2324 3302 digneris,
2352 3233 2515 3289 etiam
2554 3240 2719 3302 atque
2748 3232 2914 3288 etiam
2943 3247 3060 3289 oro.
3089 3233 3231 3289 Bene
3261 3233 3401 3299 vale,
3428 3232 3741 3304 praesidium

462 3312 553 3363 ,ιο
571 3302 737 3363 decus
761 3305 1067 3366 Musarum.

1676 3403 1936 3474 Augustae
1971 3404 2240 3463 Vludclic.
2275 3407 2541 3477 postridie
2579 3406 2720 3464 Non.
2752 3408 2977 3479 Aprilis,
3008 3408 3074 3463 A.
3108 3407 3169 3466 S.
3200 3402 3266 3464 Ν.
3300 3406 3528 3464 MDClll.

489 3558 3712 3610 mm

1439 3746 1882 3810 DEDICATIO
1928 3748 2341 3810 EDITIONIS
2386 3749 2806 3813 PARISINE.

1185 4005 1719 4072 Eminentissimo
1764 4012 1826 4073 S.
1876 4012 1949 4074 It.
2000 4013 2072 4073 Ε.
2119 3982 2427 4075 cardinali
2467 4009 2644 4073 Julio
2681 4010 3027 4073 Mazarino.

554 4153 789 4220 Quintus
818 4168 992 4209 annus
1022 4154 1223 4224 agitur,
1259 4158 1695 4215 eminentissime
1730 4160 2056 4226 Cardinalis,
2084 4175 2150 4215 ex
2179 4174 2287 4229 quo
2314 4158 2622 4213 Ludovicus
2645 4156 2899 4239 princeps
2938 4156 3264 4212 fortissimus
3289 4156 3356 4213 de
3387 4157 3547 4213 rebus
3581 4157 3738 4223 abiit,

474 4241 691 4313 majore
716 4240 901 4297 Galliae
922 4241 1122 4297 damno
1150 4258 1311 4312 quam
1337 4258 1454 4299 suo.
1483 4243 1614 4313 Ejus
1640 4246 1785 4301 enim
1812 4261 2071 4302 excessus
2099 4248 2413 4302 universam
2446 4243 2677 4300 Galliam
2711 4244 2965 4313 perculit,
2997 4253 3051 4298 et
3083 4258 3220 4312 pene
3252 4244 3507 4313 dixerim,
3540 4246 3736 4301 exani-

482 4331 677 4394 mavit,
713 4329 869 4400 quasi
903 4330 1064 4386 unius
1096 4330 1351 4386 exstincti
1380 4331 1570 4401 spiritu
1605 4333 1811 4401 pridem
1845 4344 1951 4389 tota
1974 4334 2223 4400 vixisset,
2248 4341 2302 4388 et
2326 4331 2567 4388 omnium
2596 4331 2804 4386 animas
2836 4330 2978 4386 idem
3005 4346 3190 4387 secum
3225 4332 3505 4388 traxisset.
3539 4332 3738 4389 Hostes

483 4427 668 4474 autem
694 4418 953 4474 externos
976 4426 1052 4474 tot
1086 4418 1278 4490 pugnis
1317 4418 1562 4474 adversis
1599 4418 1805 4475 fractos
1839 4420 1892 4475 in
1920 4436 2075 4490 spem
2105 4419 2300 4483 erexit,
2336 4427 2391 4474 et
2421 4417 2638 4473 refovit.
2671 4417 2804 4485 Quis
2829 4418 2975 4474 enim
3012 4425 3121 4472 tam
3156 4417 3479 4488 intrepidus,
3520 4428 3739 4489 tamque

484 4520 711 4560 securus
733 4518 956 4562 casuum
985 4504 1107 4572 fuit,
1130 4514 1189 4559 ut
1211 4513 1399 4575 erepto
1426 4505 1590 4561 rebus
1614 4506 1865 4561 humanis
1888 4522 2036 4577 rege,
2076 4515 2130 4561 et
2157 4507 2211 4561 in
2239 4520 2381 4561 novo
2403 4505 2709 4575 principatu
2736 4519 2823 4561 res
2846 4503 3039 4560 durius
3063 4516 3283 4560 casuras
3306 4520 3409 4560 non
3436 4507 3738 4562 metueret?

482 4593 745 4663 Princeps
771 4592 991 4665 juvenis
1024 4594 1312 4650 admodum
1336 4633 1351 4658 ,
1386 4607 1485 4650 nec
1516 4607 1794 4649 armorum
1826 4594 2054 4663 peritus,
2087 4594 2289 4665 quique
2319 4592 2582 4663 ﬂagrante
2620 4591 2761 4647 bello
2794 4595 3031 4647 nondum
3069 4592 3368 4647 exercitum
3406 4594 3461 4647 in
3493 4592 3738 4663 praelium

482 4690 678 4751 posset
698 4683 950 4749 educere,
982 4696 1084 4738 nec
1114 4683 1417 4752 principem
1456 4698 1554 4753 per
1583 4692 1795 4739 aetatem
1833 4697 2110 4749 exercere,
2141 4680 2430 4736 multorum
2471 4679 2686 4749 injuriis
2722 4679 2996 4735 obnoxius
3028 4676 3335 4736 videbatur.
3368 4677 3599 4736 Hostilis
3628 4695 3729 4736 au-

485 4777 596 4824 rem
622 4771 894 4825 exercitus
925 4772 1088 4823 etiam
1118 4771 1405 4826 adversum
1440 4785 1625 4826 casum
1658 4785 1848 4829 recens
1872 4780 2130 4841 expertus
2166 4770 2385 4825 altiores
2412 4769 2637 4838 spiritus
2676 4768 2923 4839 gerebat,
2962 4783 3131 4824 novas
3168 4783 3257 4824 res
3284 4768 3339 4823 in
3364 4768 3483 4824 dies
3510 4783 3740 4836 exspec-

483 4855 729 4911 tantibus
752 4855 861 4923 his,
897 4856 1093 4924 quibus
1126 4871 1344 4927 semper
1381 4857 1620 4913 studium
1660 4858 1758 4913 fuit
1789 4859 2094 4915 cunctando
2127 4867 2183 4914 et
2212 4858 2352 4912 diem
2384 4872 2447 4911 ex
2486 4857 2572 4911 die
2608 4855 2930 4925 prolatando
2955 4871 3145 4926 pacem
3187 4855 3434 4922 eludere,
3468 4865 3523 4911 et
3556 4856 3738 4911 Gallos

482 4939 659 5009 magis
686 4940 753 4993 ad
792 4938 955 4994 civile
988 4937 1185 4994 bellum
1218 4939 1517 5010 impellere,
1558 4941 1775 4996 turbare
1816 4943 1998 4997 omnia
2026 4956 2088 4999 ac
2116 4944 2465 5014 permiscere,
2496 4958 2658 5014 quam
2698 4943 2840 4999 bello
2888 4943 3137 5015 aggredi,
3190 4951 3249 4999 et
3288 4944 3469 5012 palam
3514 4958 3731 4999 manum

484 5039 795 5081 conserere.
827 5025 1024 5081 Verum
1053 5040 1329 5095 nunquam
1359 5027 1558 5084 certius
1588 5027 1944 5099 approbatum
1981 5038 2101 5096 est,
2115 5030 2324 5100 justum
2357 5028 2633 5099 piumque,
2665 5034 2720 5081 et
2743 5026 2955 5081 favente
2988 5026 3098 5082 Deo
3126 5026 3328 5081 bellum
3369 5035 3686 5097 susceptum
3716 5044 3731 5079 :

483 5119 545 5165 ut
575 5112 899 5169 inconcusso
928 5122 1182 5170 manente
1208 5115 1357 5185 regni
1385 5125 1551 5182 statu,
1590 5123 1645 5171 et
1680 5126 1756 5173 tot
1790 5118 2067 5188 prosperis
2092 5116 2484 5173 confluentibus
2521 5116 2683 5185 regite
2712 5114 2982 5184 maiestati
3015 5112 3194 5169 devoti
3226 5126 3372 5170 metu
3408 5115 3572 5169 soluti
3602 5115 3734 5177 sint,

485 5209 538 5254 et
566 5200 753 5258 hostes
775 5202 969 5257 Gallici
1008 5202 1247 5258 nominis
1274 5218 1368 5274 spe
1398 5219 1535 5259 vana
1581 5212 1853 5261 tumentes
1882 5206 2062 5259 statim
2098 5205 2330 5269 animos,
2372 5217 2511 5273 quos
2551 5202 2907 5265 sustulerant,
2946 5202 3313 5270 demiserint;
3358 5202 3551 5258 nuntio
3583 5201 3739 5256 malae

484 5300 680 5358 pugnae
713 5287 779 5343 ad
820 5287 1148 5345 Rocrovium
1184 5291 1541 5347 consternati.
1567 5290 1611 5346 Ο
1640 5293 1782 5348 diem
1813 5292 1973 5348 nobis
2016 5293 2142 5349 albo
2170 5293 2465 5348 notandum
2508 5290 2727 5361 lapillol
2758 5304 2791 5345 o
2824 5290 2966 5345 diem
3008 5289 3304 5346 infaustum
3349 5291 3596 5346 hostibus
3628 5299 3738 5345 tam

484 5375 629 5430 foeda
679 5375 874 5433 clade!
931 5378 1191 5448 quidquid
1240 5379 1385 5434 enim
1432 5378 1687 5448 Hispanis
1734 5380 1788 5435 in
1841 5379 2094 5435 Flandria
2129 5379 2328 5435 virium
2374 5377 2570 5443 fuerat,
2599 5376 2687 5431 illa
2712 5376 3066 5433 dimicatione
3098 5382 3431 5448 prostratum
3472 5384 3577 5433 est.
3612 5376 3731 5431 Hac

486 5460 672 5518 Gallus
700 5478 876 5536 pugna
902 5465 1045 5521 edita
1076 5466 1279 5537 posteri
1310 5466 1570 5535 temporis
1598 5466 1942 5522 securitatem
1972 5468 2226 5537 concepit
2254 5484 2267 5521 :
2295 5465 2568 5534 Hispanus
2593 5473 2776 5519 autem
2810 5464 3265 5534 pridemtiducia:
3294 5479 3357 5521 ac
3395 5464 3511 5535 spei
3541 5462 3735 5533 plenus

488 5548 728 5603 animum
752 5552 931 5620 posuit
958 5551 1332 5622 praeferocem,
1367 5552 1505 5607 tanti
1540 5553 1821 5608 dedecoris
1852 5552 2170 5623 indignitate
2200 5554 2501 5625 perculsus.
2534 5553 2648 5609 Hoc
2670 5561 2850 5607 autem
2885 5552 3127 5608 omnium
3158 5562 3417 5623 regnator
3447 5552 3589 5608 Deus
3614 5566 3740 5622 per-

507 5632 616 5687 ecit
645 5652 660 5688 :
694 5636 851 5706 cujus
899 5639 1063 5693 etiam
1089 5639 1448 5710 providentia.
1478 5637 1738 5710 Princeps
1785 5640 2171 5709 sagacissimus
2215 5656 2340 5697 cum
2389 5640 2457 5695 ad
2512 5640 2673 5697 finem
2723 5639 3073 5695 mortalitatis
3113 5639 3421 5707 accederet,
3462 5648 3519 5694 et
3556 5639 3733 5695 virum

487 5707 756 5785 Richclio,
789 5707 1103 5798 qui_rerum'
1126 5735 1398 5796 gestarum
1429 5726 1598 5798 gloria
1621 5707 1875 5784 etvanimi
1905 5728 2276 5801 magnitudine
2321 5731 2615 5791 humanum
2653 5727 2929 5800 fastigium
2957 5738 3307 5801 excesserat,
3339 5728 3571 5788 similem
3618 5742 3724 5797 non
