  <div class='ocr_page' id='page_1' title='image "/cluster/home/n/w/nwhite01/storage/ocr_20150623/113/hvd.32044073502270/318.png"; bbox 0 0 2028 3105; ppageno 0'>
   <div class='ocr_carea' id='block_1_1' title="bbox 161 175 1786 217">
    <p class='ocr_par' dir='ltr' id='par_1_1' title="bbox 161 175 1786 217">
     <span class='ocr_line' id='line_1_1' title="bbox 161 175 1786 217; baseline 0.007 -11"><span class='ocrx_word' id='word_1_1' title='bbox 161 175 216 206; x_wconf 72' lang='lat'><strong>629</strong></span> <span class='ocrx_word' id='word_1_2' title='bbox 865 179 1071 211; x_wconf 70' lang='lat' dir='ltr'><strong>PIL’EFATIO.</strong></span> <span class='ocrx_word' id='word_1_3' title='bbox 1732 186 1786 217; x_wconf 78' lang='lat'><strong>630</strong></span> 
     </span>
    </p>
   </div>
   <div class='ocr_carea' id='block_1_2' title="bbox 163 231 1794 274">
    <p class='ocr_par' dir='ltr' id='par_1_2' title="bbox 163 231 1794 274">
     <span class='ocr_line' id='line_1_2' title="bbox 163 231 1794 274; baseline 0.006 -15"><span class='ocrx_word' id='word_1_4' title='bbox 163 233 332 269; x_wconf 81' lang='lat' dir='ltr'><strong>proximum,</strong></span> <span class='ocrx_word' id='word_1_5' title='bbox 348 231 373 258; x_wconf 93' lang='lat' dir='ltr'><strong>in</strong></span> <span class='ocrx_word' id='word_1_6' title='bbox 388 232 510 265; x_wconf 86' lang='lat' dir='ltr'><strong>partibus</strong></span> <span class='ocrx_word' id='word_1_7' title='bbox 527 233 680 267; x_wconf 67' lang='lat' dir='ltr'><strong>reipublicae</strong></span> <span class='ocrx_word' id='word_1_8' title='bbox 695 233 879 268; x_wconf 82' lang='lat' dir='ltr'><strong>gnbcrttandis</strong></span> <span class='ocrx_word' id='word_1_9' title='bbox 891 242 1034 270; x_wconf 76' lang='lat' dir='ltr'><strong>qmereret,</strong></span> <span class='ocrx_word' id='word_1_10' title='bbox 1057 239 1116 271; x_wconf 84' lang='lat' dir='ltr'><strong>tibi,</strong></span> <span class='ocrx_word' id='word_1_11' title='bbox 1132 239 1285 269; x_wconf 82' lang='lat' dir='ltr'><strong>Cardinalis</strong></span> <span class='ocrx_word' id='word_1_12' title='bbox 1301 242 1532 274; x_wconf 84' lang='lat' dir='ltr'><strong>eminentissime,</strong></span> <span class='ocrx_word' id='word_1_13' title='bbox 1548 232 1681 269; x_wconf 83' lang='lat' dir='ltr'><strong>summam</strong></span> <span class='ocrx_word' id='word_1_14' title='bbox 1696 249 1794 269; x_wconf 80' lang='lat' dir='ltr'><strong>rerum</strong></span> 
     </span>
    </p>
   </div>
   <div class='ocr_carea' id='block_1_3' title="bbox 163 276 1798 320">
    <p class='ocr_par' dir='ltr' id='par_1_3' title="bbox 163 276 1798 320">
     <span class='ocr_line' id='line_1_3' title="bbox 163 276 1798 320; baseline 0.006 -17"><span class='ocrx_word' id='word_1_15' title='bbox 163 276 311 312; x_wconf 84' lang='lat' dir='ltr'><strong>permisit:</strong></span> <span class='ocrx_word' id='word_1_16' title='bbox 326 283 359 302; x_wconf 83' lang='lat' dir='ltr'><strong>ex</strong></span> <span class='ocrx_word' id='word_1_17' title='bbox 372 283 426 310; x_wconf 90' lang='lat' dir='ltr'><strong>quo</strong></span> <span class='ocrx_word' id='word_1_18' title='bbox 442 276 514 303; x_wconf 88' lang='lat' dir='ltr'><strong>ettirn</strong></span> <span class='ocrx_word' id='word_1_19' title='bbox 533 284 626 304; x_wconf 90' lang='lat' dir='ltr'><strong>curam</strong></span> <span class='ocrx_word' id='word_1_20' title='bbox 643 278 748 311; x_wconf 86' lang='lat' dir='ltr'><strong>imperii</strong></span> <span class='ocrx_word' id='word_1_21' title='bbox 765 278 859 306; x_wconf 81' lang='lat' dir='ltr'><strong>Gallici</strong></span> <span class='ocrx_word' id='word_1_22' title='bbox 879 286 984 308; x_wconf 84' lang='lat' dir='ltr'><strong>summa</strong></span> <span class='ocrx_word' id='word_1_23' title='bbox 1007 282 1158 317; x_wconf 87' lang='lat' dir='ltr'><strong>principum</strong></span> <span class='ocrx_word' id='word_1_24' title='bbox 1180 285 1362 312; x_wconf 81' lang='lat' dir='ltr'><strong>consensione</strong></span> <span class='ocrx_word' id='word_1_25' title='bbox 1385 285 1552 317; x_wconf 88' lang='lat' dir='ltr'><strong>sustinuisti,</strong></span> <span class='ocrx_word' id='word_1_26' title='bbox 1575 285 1662 320; x_wconf 88' lang='lat' dir='ltr'><strong>palam</strong></span> <span class='ocrx_word' id='word_1_27' title='bbox 1686 285 1798 313; x_wconf 81' lang='lat' dir='ltr'><strong>factum</strong></span> 
     </span>
    </p>
   </div>
   <div class='ocr_carea' id='block_1_4' title="bbox 165 319 1788 363">
    <p class='ocr_par' dir='ltr' id='par_1_4' title="bbox 165 319 1788 363">
     <span class='ocr_line' id='line_1_4' title="bbox 165 319 1788 363; baseline 0.006 -15"><span class='ocrx_word' id='word_1_28' title='bbox 165 325 220 353; x_wconf 87' lang='lat' dir='ltr'><strong>est,</strong></span> <span class='ocrx_word' id='word_1_29' title='bbox 232 320 304 346; x_wconf 88' lang='lat' dir='ltr'><strong>Deus</strong></span> <span class='ocrx_word' id='word_1_30' title='bbox 322 319 455 347; x_wconf 90' lang='lat' dir='ltr'><strong>bellorum</strong></span> <span class='ocrx_word' id='word_1_31' title='bbox 471 327 527 346; x_wconf 87' lang='lat' dir='ltr'><strong>rem</strong></span> <span class='ocrx_word' id='word_1_32' title='bbox 538 320 669 347; x_wconf 78' lang='lat' dir='ltr'><strong>Gallicam</strong></span> <span class='ocrx_word' id='word_1_33' title='bbox 685 321 754 348; x_wconf 89' lang='lat' dir='ltr'><strong>tueri</strong></span> <span class='ocrx_word' id='word_1_34' title='bbox 768 329 799 348; x_wconf 85' lang='lat' dir='ltr'><strong>ac</strong></span> <span class='ocrx_word' id='word_1_35' title='bbox 810 330 905 357; x_wconf 82' lang='lat' dir='ltr'><strong>regere</strong></span> <span class='ocrx_word' id='word_1_36' title='bbox 920 332 927 350; x_wconf 86' lang='lat'><strong>:</strong></span> <span class='ocrx_word' id='word_1_37' title='bbox 941 328 968 351; x_wconf 86' lang='lat' dir='ltr'><strong>et</strong></span> <span class='ocrx_word' id='word_1_38' title='bbox 990 329 1016 352; x_wconf 89' lang='lat' dir='ltr'><strong>te</strong></span> <span class='ocrx_word' id='word_1_39' title='bbox 1031 333 1083 352; x_wconf 90' lang='lat' dir='ltr'><strong>non</strong></span> <span class='ocrx_word' id='word_1_40' title='bbox 1098 327 1177 354; x_wconf 87' lang='lat' dir='ltr'><strong>modo</strong></span> <span class='ocrx_word' id='word_1_41' title='bbox 1188 327 1222 355; x_wconf 90' lang='lat' dir='ltr'><strong>de</strong></span> <span class='ocrx_word' id='word_1_42' title='bbox 1237 328 1313 363; x_wconf 82' lang='lat' dir='ltr'><strong>regni</strong></span> <span class='ocrx_word' id='word_1_43' title='bbox 1331 329 1431 356; x_wconf 87' lang='lat' dir='ltr'><strong>finibus</strong></span> <span class='ocrx_word' id='word_1_44' title='bbox 1449 319 1581 362; x_wconf 71' lang='lat' dir='ltr'><strong>tutandis,</strong></span> <span class='ocrx_word' id='word_1_45' title='bbox 1593 329 1638 357; x_wconf 80' lang='lat' dir='ltr'><strong>sed</strong></span> <span class='ocrx_word' id='word_1_46' title='bbox 1656 329 1736 356; x_wconf 88' lang='lat' dir='ltr'><strong>etiam</strong></span> <span class='ocrx_word' id='word_1_47' title='bbox 1754 330 1788 357; x_wconf 83' lang='lat' dir='ltr'><strong>de</strong></span> 
     </span>
    </p>
   </div>
   <div class='ocr_carea' id='block_1_5' title="bbox 164 362 1787 407">
    <p class='ocr_par' dir='ltr' id='par_1_5' title="bbox 164 362 1787 407">
     <span class='ocr_line' id='line_1_5' title="bbox 164 362 1787 407; baseline 0.007 -17"><span class='ocrx_word' id='word_1_48' title='bbox 164 363 332 399; x_wconf 81' lang='lat' dir='ltr'><strong>proferendo</strong></span> <span class='ocrx_word' id='word_1_49' title='bbox 351 362 428 397; x_wconf 88' lang='lat' dir='ltr'><strong>plura</strong></span> <span class='ocrx_word' id='word_1_50' title='bbox 450 368 496 390; x_wconf 83' lang='lat' dir='ltr'><strong>aut</strong></span> <span class='ocrx_word' id='word_1_51' title='bbox 514 363 616 398; x_wconf 77' lang='lat' dir='ltr'><strong>majora</strong></span> <span class='ocrx_word' id='word_1_52' title='bbox 638 363 663 391; x_wconf 89' lang='lat' dir='ltr'><strong>in</strong></span> <span class='ocrx_word' id='word_1_53' title='bbox 686 364 745 392; x_wconf 88' lang='lat' dir='ltr'><strong>dies</strong></span> <span class='ocrx_word' id='word_1_54' title='bbox 760 365 905 394; x_wconf 76' lang='lat' dir='ltr'><strong>destinare.</strong></span> <span class='ocrx_word' id='word_1_55' title='bbox 930 367 983 395; x_wconf 89' lang='lat' dir='ltr'><strong>Sed</strong></span> <span class='ocrx_word' id='word_1_56' title='bbox 1002 376 1090 404; x_wconf 84' lang='lat' dir='ltr'><strong>neque</strong></span> <span class='ocrx_word' id='word_1_57' title='bbox 1110 370 1172 398; x_wconf 86' lang='lat' dir='ltr'><strong>belli</strong></span> <span class='ocrx_word' id='word_1_58' title='bbox 1190 379 1254 399; x_wconf 88' lang='lat' dir='ltr'><strong>cura</strong></span> <span class='ocrx_word' id='word_1_59' title='bbox 1273 362 1350 400; x_wconf 79' lang='lat' dir='ltr'><strong>terra</strong></span> <span class='ocrx_word' id='word_1_60' title='bbox 1369 373 1493 407; x_wconf 86' lang='lat' dir='ltr'><strong>marique</strong></span> <span class='ocrx_word' id='word_1_61' title='bbox 1512 374 1634 400; x_wconf 88' lang='lat' dir='ltr'><strong>animum</strong></span> <span class='ocrx_word' id='word_1_62' title='bbox 1658 373 1787 401; x_wconf 88' lang='lat' dir='ltr'><strong>invictum</strong></span> 
     </span>
    </p>
   </div>
   <div class='ocr_carea' id='block_1_6' title="bbox 165 407 1789 451">
    <p class='ocr_par' dir='ltr' id='par_1_6' title="bbox 165 407 1789 451">
     <span class='ocr_line' id='line_1_6' title="bbox 165 407 1789 451; baseline 0.006 -17"><span class='ocrx_word' id='word_1_63' title='bbox 165 408 267 439; x_wconf 89' lang='lat' dir='ltr'><strong>obruit,</strong></span> <span class='ocrx_word' id='word_1_64' title='bbox 280 415 332 434; x_wconf 86' lang='lat' dir='ltr'><strong>nec</strong></span> <span class='ocrx_word' id='word_1_65' title='bbox 353 407 565 441; x_wconf 71' lang='lat' dir='ltr'><strong>cogitationibus</strong></span> <span class='ocrx_word' id='word_1_66' title='bbox 582 408 634 435; x_wconf 85' lang='lat' dir='ltr'><strong>tuis</strong></span> <span class='ocrx_word' id='word_1_67' title='bbox 657 408 690 436; x_wconf 87' lang='lat' dir='ltr'><strong>de</strong></span> <span class='ocrx_word' id='word_1_68' title='bbox 712 409 810 438; x_wconf 91' lang='lat' dir='ltr'><strong>litteris</strong></span> <span class='ocrx_word' id='word_1_69' title='bbox 823 412 1003 444; x_wconf 76' lang='lat' dir='ltr'><strong>propagandis</strong></span> <span class='ocrx_word' id='word_1_70' title='bbox 1015 413 1116 441; x_wconf 80' lang='lat' dir='ltr'><strong>obstat.</strong></span> <span class='ocrx_word' id='word_1_71' title='bbox 1134 414 1197 442; x_wconf 66' lang='lat' dir='ltr'><strong>lianc</strong></span> <span class='ocrx_word' id='word_1_72' title='bbox 1217 416 1292 450; x_wconf 84' lang='lat' dir='ltr'><strong>pacis</strong></span> <span class='ocrx_word' id='word_1_73' title='bbox 1310 421 1472 443; x_wconf 80' lang='lat' dir='ltr'><strong>ornamenta</strong></span> <span class='ocrx_word' id='word_1_74' title='bbox 1488 416 1581 443; x_wconf 89' lang='lat' dir='ltr'><strong>colunt</strong></span> <span class='ocrx_word' id='word_1_75' title='bbox 1600 417 1682 445; x_wconf 89' lang='lat' dir='ltr'><strong>etiam</strong></span> <span class='ocrx_word' id='word_1_76' title='bbox 1698 417 1742 451; x_wconf 88' lang='lat' dir='ltr'><strong>qtti</strong></span> <span class='ocrx_word' id='word_1_77' title='bbox 1758 423 1789 444; x_wconf 83' lang='lat' dir='ltr'><strong>so</strong></span> 
     </span>
    </p>
   </div>
   <div class='ocr_carea' id='block_1_7' title="bbox 168 451 1789 492">
    <p class='ocr_par' dir='ltr' id='par_1_7' title="bbox 168 451 1789 492">
     <span class='ocr_line' id='line_1_7' title="bbox 168 451 1789 492; baseline 0.007 -15"><span class='ocrx_word' id='word_1_78' title='bbox 168 452 231 478; x_wconf 85' lang='lat' dir='ltr'><strong>belli</strong></span> <span class='ocrx_word' id='word_1_79' title='bbox 249 451 339 485; x_wconf 77' lang='lat' dir='ltr'><strong>gloria:</strong></span> <span class='ocrx_word' id='word_1_80' title='bbox 360 451 536 478; x_wconf 79' lang='lat' dir='ltr'><strong>devovcrunt.</strong></span> <span class='ocrx_word' id='word_1_81' title='bbox 560 452 636 478; x_wconf 88' lang='lat' dir='ltr'><strong>Licet</strong></span> <span class='ocrx_word' id='word_1_82' title='bbox 649 452 720 479; x_wconf 88' lang='lat' dir='ltr'><strong>eniut</strong></span> <span class='ocrx_word' id='word_1_83' title='bbox 737 453 807 480; x_wconf 85' lang='lat' dir='ltr'><strong>fama</strong></span> <span class='ocrx_word' id='word_1_84' title='bbox 829 462 955 487; x_wconf 83' lang='lat' dir='ltr'><strong>prospera</strong></span> <span class='ocrx_word' id='word_1_85' title='bbox 974 455 1098 484; x_wconf 81' lang='lat' dir='ltr'><strong>laudibus</strong></span> <span class='ocrx_word' id='word_1_86' title='bbox 1115 466 1161 485; x_wconf 90' lang='lat' dir='ltr'><strong>eos</strong></span> <span class='ocrx_word' id='word_1_87' title='bbox 1183 459 1209 485; x_wconf 93' lang='lat' dir='ltr'><strong>in</strong></span> <span class='ocrx_word' id='word_1_88' title='bbox 1222 459 1321 486; x_wconf 75' lang='lat' dir='ltr'><strong>omium</strong></span> <span class='ocrx_word' id='word_1_89' title='bbox 1344 459 1456 492; x_wconf 72' lang='lat' dir='ltr'><strong>efferat,</strong></span> <span class='ocrx_word' id='word_1_90' title='bbox 1474 460 1600 486; x_wconf 89' lang='lat' dir='ltr'><strong>dintttrna</strong></span> <span class='ocrx_word' id='word_1_91' title='bbox 1621 465 1709 487; x_wconf 85' lang='lat' dir='ltr'><strong>tamen</strong></span> <span class='ocrx_word' id='word_1_92' title='bbox 1728 469 1789 488; x_wconf 85' lang='lat' dir='ltr'><strong>esse</strong></span> 
     </span>
    </p>
   </div>
   <div class='ocr_carea' id='block_1_8' title="bbox 171 494 1787 538">
    <p class='ocr_par' dir='ltr' id='par_1_8' title="bbox 171 494 1787 538">
     <span class='ocr_line' id='line_1_8' title="bbox 171 494 1787 538; baseline 0.006 -17"><span class='ocrx_word' id='word_1_93' title='bbox 171 502 223 521; x_wconf 90' lang='lat' dir='ltr'><strong>non</strong></span> <span class='ocrx_word' id='word_1_94' title='bbox 236 499 332 528; x_wconf 77' lang='lat' dir='ltr'><strong>potest,</strong></span> <span class='ocrx_word' id='word_1_95' title='bbox 348 494 398 520; x_wconf 74' lang='lat' dir='ltr'><strong>nisi</strong></span> <span class='ocrx_word' id='word_1_96' title='bbox 416 495 470 521; x_wconf 88' lang='lat' dir='ltr'><strong>sint</strong></span> <span class='ocrx_word' id='word_1_97' title='bbox 482 495 527 529; x_wconf 95' lang='lat' dir='ltr'><strong>qui</strong></span> <span class='ocrx_word' id='word_1_98' title='bbox 542 502 640 522; x_wconf 90' lang='lat' dir='ltr'><strong>nomen</strong></span> <span class='ocrx_word' id='word_1_99' title='bbox 658 503 751 522; x_wconf 84' lang='lat' dir='ltr'><strong>eorum</strong></span> <span class='ocrx_word' id='word_1_100' title='bbox 767 497 917 530; x_wconf 81' lang='lat' dir='ltr'><strong>posteritati</strong></span> <span class='ocrx_word' id='word_1_101' title='bbox 934 500 1133 527; x_wconf 81' lang='lat' dir='ltr'><strong>commendent.</strong></span> <span class='ocrx_word' id='word_1_102' title='bbox 1154 502 1220 529; x_wconf 89' lang='lat' dir='ltr'><strong>llinc</strong></span> <span class='ocrx_word' id='word_1_103' title='bbox 1237 510 1311 536; x_wconf 86' lang='lat' dir='ltr'><strong>spem</strong></span> <span class='ocrx_word' id='word_1_104' title='bbox 1337 503 1516 530; x_wconf 79' lang='lat' dir='ltr'><strong>certissimam</strong></span> <span class='ocrx_word' id='word_1_105' title='bbox 1537 510 1722 537; x_wconf 82' lang='lat' dir='ltr'><strong>conceperunt</strong></span> <span class='ocrx_word' id='word_1_106' title='bbox 1741 505 1787 538; x_wconf 91' lang='lat' dir='ltr'><strong>qui</strong></span> 
     </span>
    </p>
   </div>
   <div class='ocr_carea' id='block_1_9' title="bbox 172 538 1788 581">
    <p class='ocr_par' dir='ltr' id='par_1_9' title="bbox 172 538 1788 581">
     <span class='ocr_line' id='line_1_9' title="bbox 172 538 1788 581; baseline 0.007 -18"><span class='ocrx_word' id='word_1_107' title='bbox 172 539 322 572; x_wconf 85' lang='lat' dir='ltr'><strong>principum</strong></span> <span class='ocrx_word' id='word_1_108' title='bbox 339 538 533 572; x_wconf 79' lang='lat' dir='ltr'><strong>indulgentiam</strong></span> <span class='ocrx_word' id='word_1_109' title='bbox 551 538 660 574; x_wconf 79' lang='lat' dir='ltr'><strong>ingenio</strong></span> <span class='ocrx_word' id='word_1_110' title='bbox 680 546 829 573; x_wconf 81' lang='lat' dir='ltr'><strong>uterentur,</strong></span> <span class='ocrx_word' id='word_1_111' title='bbox 857 545 882 568; x_wconf 89' lang='lat' dir='ltr'><strong>te</strong></span> <span class='ocrx_word' id='word_1_112' title='bbox 900 541 1045 569; x_wconf 67' lang='lat' dir='ltr'><strong>Maecenate</strong></span> <span class='ocrx_word' id='word_1_113' title='bbox 1065 551 1118 570; x_wconf 92' lang='lat' dir='ltr'><strong>non</strong></span> <span class='ocrx_word' id='word_1_114' title='bbox 1133 544 1273 572; x_wconf 80' lang='lat' dir='ltr'><strong>defuturos</strong></span> <span class='ocrx_word' id='word_1_115' title='bbox 1289 546 1396 573; x_wconf 64' lang='lat' dir='ltr'><strong>eximiae</strong></span> <span class='ocrx_word' id='word_1_116' title='bbox 1419 547 1548 573; x_wconf 72' lang='lat' dir='ltr'><strong>doctrinm</strong></span> <span class='ocrx_word' id='word_1_117' title='bbox 1571 548 1654 579; x_wconf 89' lang='lat' dir='ltr'><strong>viros,</strong></span> <span class='ocrx_word' id='word_1_118' title='bbox 1675 555 1788 581; x_wconf 91' lang='lat' dir='ltr'><strong>quoruut</strong></span> 
     </span>
    </p>
   </div>
   <div class='ocr_carea' id='block_1_10' title="bbox 173 582 1789 623">
    <p class='ocr_par' dir='ltr' id='par_1_10' title="bbox 173 582 1789 623">
     <span class='ocr_line' id='line_1_10' title="bbox 173 582 1789 623; baseline 0.007 -17"><span class='ocrx_word' id='word_1_119' title='bbox 173 582 261 607; x_wconf 87' lang='lat' dir='ltr'><strong>studio</strong></span> <span class='ocrx_word' id='word_1_120' title='bbox 277 590 328 608; x_wconf 88' lang='lat' dir='ltr'><strong>tton</strong></span> <span class='ocrx_word' id='word_1_121' title='bbox 346 586 469 609; x_wconf 87' lang='lat' dir='ltr'><strong>seneseet</strong></span> <span class='ocrx_word' id='word_1_122' title='bbox 483 582 615 609; x_wconf 86' lang='lat' dir='ltr'><strong>claritudo</strong></span> <span class='ocrx_word' id='word_1_123' title='bbox 629 590 740 616; x_wconf 86' lang='lat' dir='ltr'><strong>operum</strong></span> <span class='ocrx_word' id='word_1_124' title='bbox 753 588 871 611; x_wconf 88' lang='lat' dir='ltr'><strong>tuorum.</strong></span> <span class='ocrx_word' id='word_1_125' title='bbox 888 585 953 612; x_wconf 82' lang='lat' dir='ltr'><strong>Esse</strong></span> <span class='ocrx_word' id='word_1_126' title='bbox 965 592 1054 613; x_wconf 86' lang='lat' dir='ltr'><strong>autent</strong></span> <span class='ocrx_word' id='word_1_127' title='bbox 1070 587 1160 620; x_wconf 86' lang='lat' dir='ltr'><strong>plures</strong></span> <span class='ocrx_word' id='word_1_128' title='bbox 1172 588 1277 622; x_wconf 83' lang='lat' dir='ltr'><strong>publice</strong></span> <span class='ocrx_word' id='word_1_129' title='bbox 1291 597 1399 623; x_wconf 88' lang='lat' dir='ltr'><strong>quoqtte</strong></span> <span class='ocrx_word' id='word_1_130' title='bbox 1412 589 1523 616; x_wconf 87' lang='lat' dir='ltr'><strong>interest</strong></span> <span class='ocrx_word' id='word_1_131' title='bbox 1538 599 1544 616; x_wconf 90' lang='lat'>:</span> <span class='ocrx_word' id='word_1_132' title='bbox 1558 598 1605 616; x_wconf 84' lang='lat' dir='ltr'><strong>nec</strong></span> <span class='ocrx_word' id='word_1_133' title='bbox 1617 592 1689 617; x_wconf 85' lang='lat' dir='ltr'><strong>enini</strong></span> <span class='ocrx_word' id='word_1_134' title='bbox 1704 592 1789 617; x_wconf 88' lang='lat' dir='ltr'><strong>virtu-</strong></span> 
     </span>
    </p>
   </div>
   <div class='ocr_carea' id='block_1_11' title="bbox 172 625 1788 667">
    <p class='ocr_par' dir='ltr' id='par_1_11' title="bbox 172 625 1788 667">
     <span class='ocr_line' id='line_1_11' title="bbox 172 625 1788 667; baseline 0.006 -17"><span class='ocrx_word' id='word_1_135' title='bbox 172 625 242 651; x_wconf 77' lang='lat' dir='ltr'><strong>tibus</strong></span> <span class='ocrx_word' id='word_1_136' title='bbox 263 625 314 651; x_wconf 86' lang='lat' dir='ltr'><strong>tuis</strong></span> <span class='ocrx_word' id='word_1_137' title='bbox 334 626 494 652; x_wconf 80' lang='lat' dir='ltr'><strong>enarrandis</strong></span> <span class='ocrx_word' id='word_1_138' title='bbox 516 626 566 652; x_wconf 84' lang='lat' dir='ltr'><strong>nisi</strong></span> <span class='ocrx_word' id='word_1_139' title='bbox 585 626 675 659; x_wconf 87' lang='lat' dir='ltr'><strong>plnrcs</strong></span> <span class='ocrx_word' id='word_1_140' title='bbox 696 627 860 655; x_wconf 68' lang='lat' dir='ltr'><strong>suffecerint.</strong></span> <span class='ocrx_word' id='word_1_141' title='bbox 881 629 1010 663; x_wconf 85' lang='lat' dir='ltr'><strong>Equidem</strong></span> <span class='ocrx_word' id='word_1_142' title='bbox 1035 631 1085 657; x_wconf 89' lang='lat' dir='ltr'><strong>hoc</strong></span> <span class='ocrx_word' id='word_1_143' title='bbox 1099 639 1182 657; x_wconf 90' lang='lat' dir='ltr'><strong>unum</strong></span> <span class='ocrx_word' id='word_1_144' title='bbox 1203 632 1302 663; x_wconf 72' lang='lat' dir='ltr'><strong>dit-am,</strong></span> <span class='ocrx_word' id='word_1_145' title='bbox 1324 632 1425 658; x_wconf 89' lang='lat' dir='ltr'><strong>nullum</strong></span> <span class='ocrx_word' id='word_1_146' title='bbox 1454 633 1583 659; x_wconf 75' lang='lat' dir='ltr'><strong>hactenus</strong></span> <span class='ocrx_word' id='word_1_147' title='bbox 1607 633 1707 667; x_wconf 83' lang='lat' dir='ltr'><strong>majore</strong></span> <span class='ocrx_word' id='word_1_148' title='bbox 1727 635 1788 665; x_wconf 82' lang='lat' dir='ltr'><strong>fide,</strong></span> 
     </span>
    </p>
   </div>
   <div class='ocr_carea' id='block_1_12' title="bbox 171 668 1791 709">
    <p class='ocr_par' dir='ltr' id='par_1_12' title="bbox 171 668 1791 709">
     <span class='ocr_line' id='line_1_12' title="bbox 171 668 1791 709; baseline 0.007 -17"><span class='ocrx_word' id='word_1_149' title='bbox 171 668 321 694; x_wconf 84' lang='lat' dir='ltr'><strong>constantia</strong></span> <span class='ocrx_word' id='word_1_150' title='bbox 338 672 363 694; x_wconf 78' lang='lat' dir='ltr'><strong>et</strong></span> <span class='ocrx_word' id='word_1_151' title='bbox 380 669 520 701; x_wconf 83' lang='lat' dir='ltr'><strong>prudentia</strong></span> <span class='ocrx_word' id='word_1_152' title='bbox 537 670 610 703; x_wconf 85' lang='lat' dir='ltr'><strong>regni</strong></span> <span class='ocrx_word' id='word_1_153' title='bbox 628 670 780 696; x_wconf 90' lang='lat' dir='ltr'><strong>ministruut</strong></span> <span class='ocrx_word' id='word_1_154' title='bbox 795 671 900 704; x_wconf 72' lang='lat' dir='ltr'><strong>egisse;</strong></span> <span class='ocrx_word' id='word_1_155' title='bbox 919 677 945 698; x_wconf 90' lang='grc' dir='ltr'><strong>ιιι</strong></span> <span class='ocrx_word' id='word_1_156' title='bbox 960 680 1053 700; x_wconf 77' lang='lat' dir='ltr'><strong>omnes</strong></span> <span class='ocrx_word' id='word_1_157' title='bbox 1071 674 1155 707; x_wconf 80' lang='lat' dir='ltr'><strong>gloria</strong></span> <span class='ocrx_word' id='word_1_158' title='bbox 1173 675 1213 701; x_wconf 87' lang='lat' dir='ltr'><strong>vel</strong></span> <span class='ocrx_word' id='word_1_159' title='bbox 1233 682 1364 709; x_wconf 55' lang='lat' dir='ltr'><strong>aequasse,</strong></span> <span class='ocrx_word' id='word_1_160' title='bbox 1384 675 1425 701; x_wconf 81' lang='lat' dir='ltr'><strong>vel</strong></span> <span class='ocrx_word' id='word_1_161' title='bbox 1441 677 1593 702; x_wconf 81' lang='lat' dir='ltr'><strong>excessisse</strong></span> <span class='ocrx_word' id='word_1_162' title='bbox 1613 677 1748 703; x_wconf 84' lang='lat' dir='ltr'><strong>videaris:</strong></span> <span class='ocrx_word' id='word_1_163' title='bbox 1764 683 1791 704; x_wconf 91' lang='lat' dir='ltr'><strong>et</strong></span> 
     </span>
    </p>
   </div>
   <div class='ocr_carea' id='block_1_13' title="bbox 172 711 1789 752">
    <p class='ocr_par' dir='ltr' id='par_1_13' title="bbox 172 711 1789 752">
     <span class='ocr_line' id='line_1_13' title="bbox 172 711 1789 752; baseline 0.006 -16"><span class='ocrx_word' id='word_1_164' title='bbox 172 715 197 736; x_wconf 91' lang='lat' dir='ltr'><strong>ut</strong></span> <span class='ocrx_word' id='word_1_165' title='bbox 209 711 329 744; x_wconf 70' lang='lat' dir='ltr'><strong>cpistola:</strong></span> <span class='ocrx_word' id='word_1_166' title='bbox 343 712 531 745; x_wconf 84' lang='lat' dir='ltr'><strong>compendium</strong></span> <span class='ocrx_word' id='word_1_167' title='bbox 544 712 650 743; x_wconf 75' lang='lat' dir='ltr'><strong>faciant,</strong></span> <span class='ocrx_word' id='word_1_168' title='bbox 668 717 764 739; x_wconf 84' lang='lat' dir='ltr'><strong>natura</strong></span> <span class='ocrx_word' id='word_1_169' title='bbox 780 714 843 747; x_wconf 88' lang='lat' dir='ltr'><strong>quid</strong></span> <span class='ocrx_word' id='word_1_170' title='bbox 858 713 963 741; x_wconf 77' lang='lat' dir='ltr'><strong>efﬁcere</strong></span> <span class='ocrx_word' id='word_1_171' title='bbox 978 722 1067 749; x_wconf 84' lang='lat' dir='ltr'><strong>posset</strong></span> <span class='ocrx_word' id='word_1_172' title='bbox 1081 717 1198 751; x_wconf 76' lang='lat' dir='ltr'><strong>experiri</strong></span> <span class='ocrx_word' id='word_1_173' title='bbox 1214 719 1337 752; x_wconf 83' lang='lat' dir='ltr'><strong>cupiens,</strong></span> <span class='ocrx_word' id='word_1_174' title='bbox 1357 719 1381 744; x_wconf 88' lang='lat' dir='ltr'><strong>irt</strong></span> <span class='ocrx_word' id='word_1_175' title='bbox 1405 724 1429 745; x_wconf 82' lang='lat' dir='ltr'><strong>te</strong></span> <span class='ocrx_word' id='word_1_176' title='bbox 1443 739 1449 750; x_wconf 96' lang='lat'><strong>,</strong></span> <span class='ocrx_word' id='word_1_177' title='bbox 1464 719 1617 745; x_wconf 75' lang='lat' dir='ltr'><strong>Cardinalis</strong></span> <span class='ocrx_word' id='word_1_178' title='bbox 1633 720 1789 745; x_wconf 79' lang='lat' dir='ltr'><strong>eminentis-</strong></span> 
     </span>
    </p>
   </div>
   <div class='ocr_carea' id='block_1_14' title="bbox 171 754 1789 794">
    <p class='ocr_par' dir='ltr' id='par_1_14' title="bbox 171 754 1789 794">
     <span class='ocr_line' id='line_1_14' title="bbox 171 754 1789 794; baseline 0.006 -15"><span class='ocrx_word' id='word_1_179' title='bbox 171 754 248 786; x_wconf 77' lang='lat' dir='ltr'><strong>sime,</strong></span> <span class='ocrx_word' id='word_1_180' title='bbox 271 754 364 789; x_wconf 77' lang='lat' dir='ltr'><strong>gloria:</strong></span> <span class='ocrx_word' id='word_1_181' title='bbox 383 755 537 787; x_wconf 85' lang='lat' dir='ltr'><strong>materiam,</strong></span> <span class='ocrx_word' id='word_1_182' title='bbox 555 763 636 789; x_wconf 88' lang='lat' dir='ltr'><strong>quant</strong></span> <span class='ocrx_word' id='word_1_183' title='bbox 654 756 803 790; x_wconf 68' lang='lat' dir='ltr'><strong>quaerebat,</strong></span> <span class='ocrx_word' id='word_1_184' title='bbox 822 756 936 784; x_wconf 78' lang='lat' dir='ltr'><strong>invenit.</strong></span> <span class='ocrx_word' id='word_1_185' title='bbox 961 757 1043 783; x_wconf 76' lang='lat' dir='ltr'><strong>Deum</strong></span> <span class='ocrx_word' id='word_1_186' title='bbox 1066 766 1193 789; x_wconf 84' lang='lat' dir='ltr'><strong>veneror,</strong></span> <span class='ocrx_word' id='word_1_187' title='bbox 1215 764 1242 785; x_wconf 94' lang='lat' dir='ltr'><strong>ut</strong></span> <span class='ocrx_word' id='word_1_188' title='bbox 1261 767 1389 793; x_wconf 83' lang='lat' dir='ltr'><strong>prospere</strong></span> <span class='ocrx_word' id='word_1_189' title='bbox 1410 768 1517 794; x_wconf 81' lang='lat' dir='ltr'><strong>semper</strong></span> <span class='ocrx_word' id='word_1_190' title='bbox 1542 769 1585 787; x_wconf 87' lang='lat' dir='ltr'><strong>res</strong></span> <span class='ocrx_word' id='word_1_191' title='bbox 1608 762 1655 788; x_wconf 87' lang='lat' dir='ltr'><strong>tibi</strong></span> <span class='ocrx_word' id='word_1_192' title='bbox 1683 762 1789 790; x_wconf 76' lang='lat' dir='ltr'><strong>cedant.</strong></span> 
     </span>
    </p>
   </div>
   <div class='ocr_carea' id='block_1_15' title="bbox 171 798 1790 837">
    <p class='ocr_par' dir='ltr' id='par_1_15' title="bbox 171 798 1790 837">
     <span class='ocr_line' id='line_1_15' title="bbox 171 798 1790 837; baseline 0.004 -14"><span class='ocrx_word' id='word_1_193' title='bbox 171 805 314 831; x_wconf 80' lang='lat' dir='ltr'><strong>seramque</strong></span> <span class='ocrx_word' id='word_1_194' title='bbox 336 798 564 824; x_wconf 79' lang='lat' dir='ltr'><strong>immortalitatem</strong></span> <span class='ocrx_word' id='word_1_195' title='bbox 589 806 693 832; x_wconf 80' lang='lat' dir='ltr'><strong>precor,</strong></span> <span class='ocrx_word' id='word_1_196' title='bbox 712 804 741 825; x_wconf 90' lang='lat' dir='ltr'><strong>ut</strong></span> <span class='ocrx_word' id='word_1_197' title='bbox 762 805 815 825; x_wconf 89' lang='lat' dir='ltr'><strong>tant</strong></span> <span class='ocrx_word' id='word_1_198' title='bbox 841 800 919 831; x_wconf 72' lang='lat' dir='ltr'><strong>felix,</strong></span> <span class='ocrx_word' id='word_1_199' title='bbox 942 808 1022 834; x_wconf 80' lang='lat' dir='ltr'><strong>quatit</strong></span> <span class='ocrx_word' id='word_1_200' title='bbox 1040 802 1166 828; x_wconf 85' lang='lat' dir='ltr'><strong>diuturna</strong></span> <span class='ocrx_word' id='word_1_201' title='bbox 1189 802 1243 828; x_wconf 82' lang='lat' dir='ltr'><strong>vita</strong></span> <span class='ocrx_word' id='word_1_202' title='bbox 1262 803 1314 835; x_wconf 82' lang='lat' dir='ltr'><strong>sit;</strong></span> <span class='ocrx_word' id='word_1_203' title='bbox 1332 810 1411 837; x_wconf 89' lang='lat' dir='ltr'><strong>quant</strong></span> <span class='ocrx_word' id='word_1_204' title='bbox 1428 804 1450 829; x_wconf 86' lang='lat' dir='ltr'><strong>si</strong></span> <span class='ocrx_word' id='word_1_205' title='bbox 1468 812 1499 830; x_wconf 84' lang='lat' dir='ltr'><strong>ex</strong></span> <span class='ocrx_word' id='word_1_206' title='bbox 1516 804 1645 830; x_wconf 89' lang='lat' dir='ltr'><strong>bonorunt</strong></span> <span class='ocrx_word' id='word_1_207' title='bbox 1670 806 1790 831; x_wconf 89' lang='lat' dir='ltr'><strong>omniunt</strong></span> 
     </span>
    </p>
   </div>
   <div class='ocr_carea' id='block_1_16' title="bbox 172 841 1791 882">
    <p class='ocr_par' dir='ltr' id='par_1_16' title="bbox 172 841 1791 882">
     <span class='ocr_line' id='line_1_16' title="bbox 172 841 1791 882; baseline 0.005 -16"><span class='ocrx_word' id='word_1_208' title='bbox 172 846 234 867; x_wconf 80' lang='lat' dir='ltr'><strong>voto</strong></span> <span class='ocrx_word' id='word_1_209' title='bbox 250 841 295 867; x_wconf 91' lang='lat' dir='ltr'><strong>tibi</strong></span> <span class='ocrx_word' id='word_1_210' title='bbox 314 841 383 867; x_wconf 86' lang='lat' dir='ltr'><strong>Deus</strong></span> <span class='ocrx_word' id='word_1_211' title='bbox 401 841 554 873; x_wconf 87' lang='lat' dir='ltr'><strong>imlulserit,</strong></span> <span class='ocrx_word' id='word_1_212' title='bbox 572 849 675 875; x_wconf 82' lang='lat' dir='ltr'><strong>pacem,</strong></span> <span class='ocrx_word' id='word_1_213' title='bbox 687 850 768 876; x_wconf 85' lang='lat' dir='ltr'><strong>quatit</strong></span> <span class='ocrx_word' id='word_1_214' title='bbox 783 842 905 876; x_wconf 76' lang='lat' dir='ltr'><strong>pertinax</strong></span> <span class='ocrx_word' id='word_1_215' title='bbox 920 844 1010 870; x_wconf 82' lang='lat' dir='ltr'><strong>odium</strong></span> <span class='ocrx_word' id='word_1_216' title='bbox 1025 845 1051 871; x_wconf 92' lang='lat' dir='ltr'><strong>in</strong></span> <span class='ocrx_word' id='word_1_217' title='bbox 1068 845 1158 871; x_wconf 84' lang='lat' dir='ltr'><strong>Gallos</strong></span> <span class='ocrx_word' id='word_1_218' title='bbox 1179 851 1301 872; x_wconf 88' lang='lat' dir='ltr'><strong>moratur</strong></span> <span class='ocrx_word' id='word_1_219' title='bbox 1312 866 1318 877; x_wconf 87' lang='lat'><strong>,</strong></span> <span class='ocrx_word' id='word_1_220' title='bbox 1338 846 1379 873; x_wconf 84' lang='lat' dir='ltr'><strong>vel</strong></span> <span class='ocrx_word' id='word_1_221' title='bbox 1400 846 1510 881; x_wconf 89' lang='lat' dir='ltr'><strong>optitnis</strong></span> <span class='ocrx_word' id='word_1_222' title='bbox 1526 848 1730 875; x_wconf 81' lang='lat' dir='ltr'><strong>conditionibus</strong></span> <span class='ocrx_word' id='word_1_223' title='bbox 1744 857 1791 882; x_wconf 85' lang='lat' dir='ltr'><strong>pa-</strong></span> 
     </span>
    </p>
   </div>
   <div class='ocr_carea' id='block_1_17' title="bbox 171 884 1834 923">
    <p class='ocr_par' dir='ltr' id='par_1_17' title="bbox 171 884 1834 923">
     <span class='ocr_line' id='line_1_17' title="bbox 171 884 1834 923; baseline 0.005 -14"><span class='ocrx_word' id='word_1_224' title='bbox 171 884 254 916; x_wconf 88' lang='lat' dir='ltr'><strong>rabis,</strong></span> <span class='ocrx_word' id='word_1_225' title='bbox 273 884 312 910; x_wconf 94' lang='lat' dir='ltr'><strong>vel</strong></span> <span class='ocrx_word' id='word_1_226' title='bbox 333 884 521 912; x_wconf 81' lang='lat' dir='ltr'><strong>saluberrimis</strong></span> <span class='ocrx_word' id='word_1_227' title='bbox 541 886 662 912; x_wconf 87' lang='lat' dir='ltr'><strong>consiliis</strong></span> <span class='ocrx_word' id='word_1_228' title='bbox 680 886 732 913; x_wconf 88' lang='lat' dir='ltr'><strong>tuis</strong></span> <span class='ocrx_word' id='word_1_229' title='bbox 754 886 864 917; x_wconf 82' lang='lat' dir='ltr'><strong>efiicies.</strong></span> <span class='ocrx_word' id='word_1_230' title='bbox 885 891 913 912; x_wconf 91' lang='lat' dir='ltr'><strong>nt</strong></span> <span class='ocrx_word' id='word_1_231' title='bbox 930 888 1046 914; x_wconf 81' lang='lat' dir='ltr'><strong>liestiuut</strong></span> <span class='ocrx_word' id='word_1_232' title='bbox 1065 889 1250 916; x_wconf 73' lang='lat' dir='ltr'><strong>internecione</strong></span> <span class='ocrx_word' id='word_1_233' title='bbox 1266 890 1345 922; x_wconf 58' lang='lat' dir='ltr'><strong>justas</strong></span> <span class='ocrx_word' id='word_1_234' title='bbox 1366 890 1413 917; x_wconf 78' lang='lat' dir='ltr'><strong>ira:</strong></span> <span class='ocrx_word' id='word_1_235' title='bbox 1439 895 1607 923; x_wconf 85' lang='lat' dir='ltr'><strong>parentetur.</strong></span> <span class='ocrx_word' id='word_1_236' title='bbox 1627 893 1663 918; x_wconf 85' lang='lat' dir='ltr'><strong>Da</strong></span> <span class='ocrx_word' id='word_1_237' title='bbox 1684 892 1790 918; x_wconf 85' lang='lat' dir='ltr'><strong>veniant</strong></span> <span class='ocrx_word' id='word_1_238' title='bbox 1829 884 1834 888; x_wconf 68' lang='grc'><strong>’</strong></span> 
     </span>
    </p>
   </div>
   <div class='ocr_carea' id='block_1_18' title="bbox 171 927 1791 969">
    <p class='ocr_par' dir='ltr' id='par_1_18' title="bbox 171 927 1791 969">
     <span class='ocr_line' id='line_1_18' title="bbox 171 927 1791 969; baseline 0.007 -19"><span class='ocrx_word' id='word_1_239' title='bbox 171 928 242 961; x_wconf 85' lang='lat' dir='ltr'><strong>quod</strong></span> <span class='ocrx_word' id='word_1_240' title='bbox 263 927 405 955; x_wconf 83' lang='lat' dir='ltr'><strong>laboriosis</strong></span> <span class='ocrx_word' id='word_1_241' title='bbox 425 929 647 962; x_wconf 80' lang='lat' dir='ltr'><strong>occupationibus</strong></span> <span class='ocrx_word' id='word_1_242' title='bbox 670 930 723 955; x_wconf 88' lang='lat' dir='ltr'><strong>tttis</strong></span> <span class='ocrx_word' id='word_1_243' title='bbox 758 930 830 956; x_wconf 87' lang='lat' dir='ltr'><strong>abuti</strong></span> <span class='ocrx_word' id='word_1_244' title='bbox 848 930 948 957; x_wconf 85' lang='lat' dir='ltr'><strong>videar.</strong></span> <span class='ocrx_word' id='word_1_245' title='bbox 966 930 1024 957; x_wconf 75' lang='lat' dir='ltr'><strong>Non</strong></span> <span class='ocrx_word' id='word_1_246' title='bbox 1045 939 1153 965; x_wconf 82' lang='lat' dir='ltr'><strong>possunt</strong></span> <span class='ocrx_word' id='word_1_247' title='bbox 1175 937 1262 959; x_wconf 91' lang='lat' dir='ltr'><strong>tamen</strong></span> <span class='ocrx_word' id='word_1_248' title='bbox 1286 933 1350 959; x_wconf 86' lang='lat' dir='ltr'><strong>mihi</strong></span> <span class='ocrx_word' id='word_1_249' title='bbox 1368 937 1531 967; x_wconf 84' lang='lat' dir='ltr'><strong>temperare,</strong></span> <span class='ocrx_word' id='word_1_250' title='bbox 1555 935 1619 968; x_wconf 88' lang='lat' dir='ltr'><strong>quin</strong></span> <span class='ocrx_word' id='word_1_251' title='bbox 1636 935 1735 969; x_wconf 73' lang='lat' dir='ltr'><strong>gratias</strong></span> <span class='ocrx_word' id='word_1_252' title='bbox 1749 936 1791 962; x_wconf 77' lang='lat' dir='ltr'><strong>hic</strong></span> 
     </span>
    </p>
   </div>
   <div class='ocr_carea' id='block_1_19' title="bbox 171 971 1791 1011">
    <p class='ocr_par' dir='ltr' id='par_1_19' title="bbox 171 971 1791 1011">
     <span class='ocr_line' id='line_1_19' title="bbox 171 971 1791 1011; baseline 0.004 -15"><span class='ocrx_word' id='word_1_253' title='bbox 171 971 219 997; x_wconf 85' lang='lat' dir='ltr'><strong>tibi</strong></span> <span class='ocrx_word' id='word_1_254' title='bbox 234 978 321 1005; x_wconf 80' lang='lat' dir='ltr'><strong>agant,</strong></span> <span class='ocrx_word' id='word_1_255' title='bbox 340 971 410 1006; x_wconf 90' lang='lat' dir='ltr'><strong>quod</strong></span> <span class='ocrx_word' id='word_1_256' title='bbox 431 971 553 999; x_wconf 72' lang='lat' dir='ltr'><strong>offerenti</strong></span> <span class='ocrx_word' id='word_1_257' title='bbox 566 972 718 999; x_wconf 91' lang='lat' dir='ltr'><strong>Cedreuunt</strong></span> <span class='ocrx_word' id='word_1_258' title='bbox 735 977 760 999; x_wconf 86' lang='lat' dir='ltr'><strong>et</strong></span> <span class='ocrx_word' id='word_1_259' title='bbox 776 972 897 1000; x_wconf 86' lang='lat' dir='ltr'><strong>Nicctam</strong></span> <span class='ocrx_word' id='word_1_260' title='bbox 912 979 965 1000; x_wconf 83' lang='lat' dir='ltr'><strong>tant</strong></span> <span class='ocrx_word' id='word_1_261' title='bbox 980 974 1123 1008; x_wconf 87' lang='lat' dir='ltr'><strong>benignum</strong></span> <span class='ocrx_word' id='word_1_262' title='bbox 1145 978 1170 1001; x_wconf 87' lang='lat' dir='ltr'><strong>te</strong></span> <span class='ocrx_word' id='word_1_263' title='bbox 1184 975 1248 1001; x_wconf 88' lang='lat' dir='ltr'><strong>tttilti</strong></span> <span class='ocrx_word' id='word_1_264' title='bbox 1264 975 1431 1007; x_wconf 80' lang='lat' dir='ltr'><strong>exhibueris,</strong></span> <span class='ocrx_word' id='word_1_265' title='bbox 1445 981 1472 1002; x_wconf 91' lang='lat' dir='ltr'><strong>ut</strong></span> <span class='ocrx_word' id='word_1_266' title='bbox 1488 978 1698 1011; x_wconf 82' lang='lat' dir='ltr'><strong>magnitudinem</strong></span> <span class='ocrx_word' id='word_1_267' title='bbox 1718 982 1791 1003; x_wconf 77' lang='lat' dir='ltr'><strong>tuam</strong></span> 
     </span>
    </p>
   </div>
   <div class='ocr_carea' id='block_1_20' title="bbox 171 1015 1785 1055">
    <p class='ocr_par' dir='ltr' id='par_1_20' title="bbox 171 1015 1785 1055">
     <span class='ocr_line' id='line_1_20' title="bbox 171 1015 1785 1055; baseline 0.005 -16"><span class='ocrx_word' id='word_1_268' title='bbox 171 1015 294 1041; x_wconf 85' lang='lat' dir='ltr'><strong>vinceres</strong></span> <span class='ocrx_word' id='word_1_269' title='bbox 312 1020 358 1041; x_wconf 87' lang='lat' dir='ltr'><strong>:ct</strong></span> <span class='ocrx_word' id='word_1_270' title='bbox 370 1015 496 1049; x_wconf 88' lang='lat' dir='ltr'><strong>quoniam</strong></span> <span class='ocrx_word' id='word_1_271' title='bbox 514 1016 594 1042; x_wconf 84' lang='lat' dir='ltr'><strong>aliter</strong></span> <span class='ocrx_word' id='word_1_272' title='bbox 609 1015 710 1042; x_wconf 80' lang='lat' dir='ltr'><strong>referre</strong></span> <span class='ocrx_word' id='word_1_273' title='bbox 726 1024 777 1043; x_wconf 92' lang='lat' dir='ltr'><strong>non</strong></span> <span class='ocrx_word' id='word_1_274' title='bbox 794 1024 911 1051; x_wconf 88' lang='lat' dir='ltr'><strong>possutu,</strong></span> <span class='ocrx_word' id='word_1_275' title='bbox 930 1018 955 1045; x_wconf 89' lang='lat' dir='ltr'><strong>irt</strong></span> <span class='ocrx_word' id='word_1_276' title='bbox 968 1018 1150 1046; x_wconf 85' lang='lat' dir='ltr'><strong>testimonium</strong></span> <span class='ocrx_word' id='word_1_277' title='bbox 1167 1018 1270 1045; x_wconf 73' lang='lat' dir='ltr'><strong>devota:</strong></span> <span class='ocrx_word' id='word_1_278' title='bbox 1293 1018 1341 1046; x_wconf 91' lang='lat' dir='ltr'><strong>tibi</strong></span> <span class='ocrx_word' id='word_1_279' title='bbox 1361 1020 1461 1046; x_wconf 83' lang='lat' dir='ltr'><strong>utentis</strong></span> <span class='ocrx_word' id='word_1_280' title='bbox 1487 1020 1538 1046; x_wconf 88' lang='lat' dir='ltr'><strong>hoc</strong></span> <span class='ocrx_word' id='word_1_281' title='bbox 1552 1028 1619 1054; x_wconf 84' lang='lat' dir='ltr'><strong>opus</strong></span> <span class='ocrx_word' id='word_1_282' title='bbox 1633 1021 1785 1055; x_wconf 85' lang='lat' dir='ltr'><strong>qualecun-</strong></span> 
     </span>
    </p>
   </div>
   <div class='ocr_carea' id='block_1_21' title="bbox 173 1058 780 1094">
    <p class='ocr_par' dir='ltr' id='par_1_21' title="bbox 173 1058 780 1094">
     <span class='ocr_line' id='line_1_21' title="bbox 173 1058 780 1094; baseline 0.007 -11"><span class='ocrx_word' id='word_1_283' title='bbox 173 1065 225 1092; x_wconf 85' lang='lat' dir='ltr'><strong>que</strong></span> <span class='ocrx_word' id='word_1_284' title='bbox 236 1062 286 1090; x_wconf 83' lang='lat' dir='ltr'><strong>est,</strong></span> <span class='ocrx_word' id='word_1_285' title='bbox 304 1058 406 1085; x_wconf 86' lang='lat' dir='ltr'><strong>nomini</strong></span> <span class='ocrx_word' id='word_1_286' title='bbox 421 1063 466 1086; x_wconf 91' lang='lat' dir='ltr'><strong>tuo</strong></span> <span class='ocrx_word' id='word_1_287' title='bbox 478 1059 573 1086; x_wconf 89' lang='lat' dir='ltr'><strong>dedico</strong></span> <span class='ocrx_word' id='word_1_288' title='bbox 587 1067 780 1094; x_wconf 81' lang='lat' dir='ltr'><strong>consecroquc.</strong></span> 
     </span>
    </p>
   </div>
   <div class='ocr_carea' id='block_1_22' title="bbox 1215 1105 1645 1134">
    <p class='ocr_par' dir='ltr' id='par_1_22' title="bbox 1215 1105 1645 1134">
     <span class='ocr_line' id='line_1_22' title="bbox 1215 1105 1645 1134; baseline 0 -2"><span class='ocrx_word' id='word_1_289' title='bbox 1215 1105 1370 1133; x_wconf 77' lang='lat' dir='ltr'><strong>Eminentia:</strong></span> <span class='ocrx_word' id='word_1_290' title='bbox 1386 1106 1448 1134; x_wconf 75' lang='lat' dir='ltr'><strong>Tum</strong></span> <span class='ocrx_word' id='word_1_291' title='bbox 1463 1107 1645 1134; x_wconf 77' lang='lat' dir='ltr'><strong>devotissimus</strong></span> 
     </span>
    </p>
   </div>
   <div class='ocr_carea' id='block_1_23' title="bbox 1282 1149 1757 1179">
    <p class='ocr_par' dir='ltr' id='par_1_23' title="bbox 1282 1149 1757 1179">
     <span class='ocr_line' id='line_1_23' title="bbox 1282 1149 1757 1179; baseline 0.004 -2"><span class='ocrx_word' id='word_1_292' title='bbox 1282 1149 1407 1178; x_wconf 71' lang='lat' dir='ltr'><strong>Canows</strong></span> <span class='ocrx_word' id='word_1_293' title='bbox 1426 1150 1546 1178; x_wconf 67' lang='lat' dir='ltr'><strong>Aonian</strong></span> <span class='ocrx_word' id='word_1_294' title='bbox 1561 1149 1698 1179; x_wconf 75' lang='lat' dir='ltr'><strong>FABBOT</strong></span> <span class='ocrx_word' id='word_1_295' title='bbox 1704 1150 1757 1179; x_wconf 86' lang='lat' dir='ltr'><strong>US.</strong></span> 
     </span>
    </p>
   </div>
   <div class='ocr_carea' id='block_1_24' title="bbox 179 1233 1792 1249">
    <p class='ocr_par' dir='ltr' id='par_1_24' title="bbox 179 1233 1792 1249">
     <span class='ocr_line' id='line_1_24' title="bbox 179 1233 1792 1249; baseline 0.004 -7"><span class='ocrx_word' id='word_1_296' title='bbox 179 1233 1792 1249; x_wconf 52' lang='lat' dir='ltr'><em>W</em></span> 
     </span>
    </p>
   </div>
   <div class='ocr_carea' id='block_1_25' title="bbox 782 1321 1172 1354">
    <p class='ocr_par' dir='ltr' id='par_1_25' title="bbox 782 1321 1172 1354">
     <span class='ocr_line' id='line_1_25' title="bbox 782 1321 1172 1354; baseline 0.008 -2"><span class='ocrx_word' id='word_1_297' title='bbox 782 1321 922 1352; x_wconf 80' lang='lat' dir='ltr'><strong>LABBEI</strong></span> <span class='ocrx_word' id='word_1_298' title='bbox 942 1321 1172 1354; x_wconf 65' lang='lat' dir='ltr'><strong>PRIEFATIO.</strong></span> 
     </span>
    </p>
   </div>
   <div class='ocr_carea' id='block_1_26' title="bbox 448 1458 1512 1499">
    <p class='ocr_par' dir='ltr' id='par_1_26' title="bbox 448 1458 1512 1499">
     <span class='ocr_line' id='line_1_26' title="bbox 448 1458 1512 1499; baseline -0.002 -10"><span class='ocrx_word' id='word_1_299' title='bbox 448 1458 596 1490; x_wconf 63' lang='lat' dir='ltr'><strong>Historia:</strong></span> <span class='ocrx_word' id='word_1_300' title='bbox 613 1459 977 1499; x_wconf 78' lang='lat' dir='ltr'><strong>Constantinopolitanae</strong></span> <span class='ocrx_word' id='word_1_301' title='bbox 996 1459 1134 1491; x_wconf 85' lang='lat' dir='ltr'><strong>curiosis</strong></span> <span class='ocrx_word' id='word_1_302' title='bbox 1154 1458 1398 1499; x_wconf 80' lang='lat' dir='ltr'><strong>indagatoribus</strong></span> <span class='ocrx_word' id='word_1_303' title='bbox 1422 1458 1453 1489; x_wconf 77' lang='grc' dir='ltr'>Β.</span> <span class='ocrx_word' id='word_1_304' title='bbox 1480 1458 1512 1488; x_wconf 83' lang='grc' dir='ltr'><strong>Ρ.</strong></span> 
     </span>
    </p>
   </div>
   <div class='ocr_carea' id='block_1_27' title="bbox 204 1526 1793 1576">
    <p class='ocr_par' dir='ltr' id='par_1_27' title="bbox 204 1526 1793 1576">
     <span class='ocr_line' id='line_1_27' title="bbox 204 1526 1793 1576; baseline -0.001 -21"><span class='ocrx_word' id='word_1_305' title='bbox 204 1529 381 1565; x_wconf 82' lang='lat' dir='ltr'><strong>Byzantinam</strong></span> <span class='ocrx_word' id='word_1_306' title='bbox 402 1529 545 1557; x_wconf 81' lang='lat' dir='ltr'><strong>histOriam</strong></span> <span class='ocrx_word' id='word_1_307' title='bbox 560 1530 734 1559; x_wconf 86' lang='lat' dir='ltr'><strong>multitudine</strong></span> <span class='ocrx_word' id='word_1_308' title='bbox 748 1538 841 1559; x_wconf 85' lang='lat' dir='ltr'><strong>rerum</strong></span> <span class='ocrx_word' id='word_1_309' title='bbox 857 1529 1008 1558; x_wconf 80' lang='lat' dir='ltr'><strong>mirabilem</strong></span> <span class='ocrx_word' id='word_1_310' title='bbox 1019 1549 1028 1564; x_wconf 89' lang='lat'><strong>,</strong></span> <span class='ocrx_word' id='word_1_311' title='bbox 1042 1530 1175 1559; x_wconf 83' lang='lat' dir='ltr'><strong>varietate</strong></span> <span class='ocrx_word' id='word_1_312' title='bbox 1190 1529 1361 1576; x_wconf 58' lang='lat' dir='ltr'><strong>jucundam,</strong></span> <span class='ocrx_word' id='word_1_313' title='bbox 1375 1527 1555 1576; x_wconf 69' lang='lat' dir='ltr'><strong>diuturnitate</strong></span> <span class='ocrx_word' id='word_1_314' title='bbox 1571 1526 1702 1576; x_wconf 60' lang='lat' dir='ltr'><strong>temporis</strong></span> <span class='ocrx_word' id='word_1_315' title='bbox 1713 1532 1793 1576; x_wconf 70' lang='lat' dir='ltr'><strong>spec-</strong></span> 
     </span>
    </p>
   </div>
   <div class='ocr_carea' id='block_1_28' title="bbox 161 1570 1801 1619">
    <p class='ocr_par' dir='ltr' id='par_1_28' title="bbox 161 1570 1801 1619">
     <span class='ocr_line' id='line_1_28' title="bbox 161 1570 1801 1619; baseline -0.002 -18"><span class='ocrx_word' id='word_1_316' title='bbox 161 1574 286 1602; x_wconf 66' lang='lat' dir='ltr'><strong>tabilem</strong></span> <span class='ocrx_word' id='word_1_317' title='bbox 300 1582 331 1602; x_wconf 89' lang='lat' dir='ltr'><strong>ac</strong></span> <span class='ocrx_word' id='word_1_318' title='bbox 345 1575 429 1603; x_wconf 83' lang='lat' dir='ltr'><strong>veteri</strong></span> <span class='ocrx_word' id='word_1_319' title='bbox 445 1575 574 1604; x_wconf 65' lang='lat' dir='ltr'><strong>Romanae</strong></span> <span class='ocrx_word' id='word_1_320' title='bbox 588 1580 694 1604; x_wconf 89' lang='lat' dir='ltr'><strong>tantum</strong></span> <span class='ocrx_word' id='word_1_321' title='bbox 715 1583 770 1604; x_wconf 92' lang='lat' dir='ltr'><strong>non</strong></span> <span class='ocrx_word' id='word_1_322' title='bbox 791 1583 902 1612; x_wconf 83' lang='lat' dir='ltr'><strong>parem;</strong></span> <span class='ocrx_word' id='word_1_323' title='bbox 923 1579 954 1603; x_wconf 91' lang='lat' dir='ltr'><strong>ut</strong></span> <span class='ocrx_word' id='word_1_324' title='bbox 968 1578 1062 1601; x_wconf 86' lang='lat' dir='ltr'><strong>amant</strong></span> <span class='ocrx_word' id='word_1_325' title='bbox 1076 1572 1367 1619; x_wconf 49' lang='lat' dir='ltr'><strong>coluntquenatudiosi</strong></span> <span class='ocrx_word' id='word_1_326' title='bbox 1385 1578 1493 1619; x_wconf 72' lang='lat' dir='ltr'><strong>omnes,</strong></span> <span class='ocrx_word' id='word_1_327' title='bbox 1514 1570 1553 1598; x_wconf 90' lang='lat' dir='ltr'><strong>ita</strong></span> <span class='ocrx_word' id='word_1_328' title='bbox 1565 1570 1668 1619; x_wconf 57' lang='lat' dir='ltr'><strong>libros,</strong></span> <span class='ocrx_word' id='word_1_329' title='bbox 1692 1570 1801 1605; x_wconf 63' lang='lat' dir='ltr'><strong>quibus</strong></span> 
     </span>
    </p>
   </div>
   <div class='ocr_carea' id='block_1_29' title="bbox 170 1613 1792 1663">
    <p class='ocr_par' dir='ltr' id='par_1_29' title="bbox 170 1613 1792 1663">
     <span class='ocr_line' id='line_1_29' title="bbox 170 1613 1792 1663; baseline -0.003 -18"><span class='ocrx_word' id='word_1_330' title='bbox 170 1616 219 1645; x_wconf 80' lang='lat' dir='ltr'><strong>illa</strong></span> <span class='ocrx_word' id='word_1_331' title='bbox 233 1617 396 1652; x_wconf 83' lang='lat' dir='ltr'><strong>continetur,</strong></span> <span class='ocrx_word' id='word_1_332' title='bbox 411 1619 489 1647; x_wconf 83' lang='lat' dir='ltr'><strong>avide</strong></span> <span class='ocrx_word' id='word_1_333' title='bbox 501 1620 623 1648; x_wconf 88' lang='lat' dir='ltr'><strong>ambiunt</strong></span> <span class='ocrx_word' id='word_1_334' title='bbox 634 1624 827 1656; x_wconf 81' lang='lat' dir='ltr'><strong>exoptantque.</strong></span> <span class='ocrx_word' id='word_1_335' title='bbox 848 1619 901 1648; x_wconf 88' lang='lat' dir='ltr'><strong>Sed</strong></span> <span class='ocrx_word' id='word_1_336' title='bbox 919 1619 1021 1646; x_wconf 77' lang='lat' dir='ltr'><strong>frustra</strong></span> <span class='ocrx_word' id='word_1_337' title='bbox 1033 1616 1194 1663; x_wconf 81' lang='lat' dir='ltr'><strong>iamdudum</strong></span> <span class='ocrx_word' id='word_1_338' title='bbox 1210 1616 1272 1644; x_wconf 85' lang='lat' dir='ltr'><strong>illos</strong></span> <span class='ocrx_word' id='word_1_339' title='bbox 1291 1615 1368 1643; x_wconf 85' lang='lat' dir='ltr'><strong>vacui</strong></span> <span class='ocrx_word' id='word_1_340' title='bbox 1384 1614 1555 1663; x_wconf 48' lang='lat' dir='ltr'><strong>fere-omnes</strong></span> <span class='ocrx_word' id='word_1_341' title='bbox 1565 1613 1792 1663; x_wconf 64' lang='lat' dir='ltr'><strong>bibliothecarum</strong></span> 
     </span>
    </p>
   </div>
   <div class='ocr_carea' id='block_1_30' title="bbox 168 1657 1793 1707">
    <p class='ocr_par' dir='ltr' id='par_1_30' title="bbox 168 1657 1793 1707">
     <span class='ocr_line' id='line_1_30' title="bbox 168 1657 1793 1707; baseline -0.003 -18"><span class='ocrx_word' id='word_1_342' title='bbox 168 1660 251 1699; x_wconf 78' lang='lat' dir='ltr'><strong>foruli</strong></span> <span class='ocrx_word' id='word_1_343' title='bbox 266 1665 434 1697; x_wconf 78' lang='lat' dir='ltr'><strong>exspectant.</strong></span> <span class='ocrx_word' id='word_1_344' title='bbox 449 1663 517 1691; x_wconf 78' lang='lat' dir='ltr'><strong>Cum</strong></span> <span class='ocrx_word' id='word_1_345' title='bbox 529 1663 600 1691; x_wconf 87' lang='lat' dir='ltr'><strong>enim</strong></span> <span class='ocrx_word' id='word_1_346' title='bbox 614 1664 730 1691; x_wconf 85' lang='lat' dir='ltr'><strong>maxima</strong></span> <span class='ocrx_word' id='word_1_347' title='bbox 743 1670 806 1699; x_wconf 84' lang='lat' dir='ltr'><strong>pars</strong></span> <span class='ocrx_word' id='word_1_348' title='bbox 823 1663 955 1691; x_wconf 86' lang='lat' dir='ltr'><strong>nobilium</strong></span> <span class='ocrx_word' id='word_1_349' title='bbox 965 1662 1072 1690; x_wconf 88' lang='lat' dir='ltr'><strong>illorum</strong></span> <span class='ocrx_word' id='word_1_350' title='bbox 1090 1660 1285 1689; x_wconf 72' lang='lat' dir='ltr'><strong>historicorum</strong></span> <span class='ocrx_word' id='word_1_351' title='bbox 1384 1658 1476 1707; x_wconf 79' lang='lat' dir='ltr'><strong>blattis</strong></span> <span class='ocrx_word' id='word_1_352' title='bbox 1491 1657 1583 1707; x_wconf 67' lang='lat' dir='ltr'><strong>adhuc</strong></span> <span class='ocrx_word' id='word_1_353' title='bbox 1601 1657 1737 1707; x_wconf 65' lang='lat' dir='ltr'><strong>lineisque</strong></span> <span class='ocrx_word' id='word_1_354' title='bbox 1750 1657 1793 1684; x_wconf 92' lang='lat' dir='ltr'><strong>lu-</strong></span> 
     </span>
    </p>
   </div>
   <div class='ocr_carea' id='block_1_31' title="bbox 167 1695 1800 1743">
    <p class='ocr_par' dir='ltr' id='par_1_31' title="bbox 167 1695 1800 1743">
     <span class='ocr_line' id='line_1_31' title="bbox 167 1695 1800 1743; baseline -0.001 -11"><span class='ocrx_word' id='word_1_355' title='bbox 167 1695 260 1733; x_wconf 82' lang='lat' dir='ltr'><strong>ctetur</strong></span> <span class='ocrx_word' id='word_1_356' title='bbox 271 1705 300 1733; x_wconf 90' lang='lat' dir='ltr'><strong>in</strong></span> <span class='ocrx_word' id='word_1_357' title='bbox 316 1695 427 1742; x_wconf 76' lang='lat' dir='ltr'><strong>pulvere</strong></span> <span class='ocrx_word' id='word_1_358' title='bbox 440 1711 467 1735; x_wconf 84' lang='lat' dir='ltr'><strong>et</strong></span> <span class='ocrx_word' id='word_1_359' title='bbox 478 1707 534 1735; x_wconf 86' lang='lat' dir='ltr'><strong>situ</strong></span> <span class='ocrx_word' id='word_1_360' title='bbox 551 1695 799 1743; x_wconf 72' lang='lat' dir='ltr'><strong>manuscriptorum</strong></span> <span class='ocrx_word' id='word_1_361' title='bbox 815 1708 940 1736; x_wconf 86' lang='lat' dir='ltr'><strong>codicum</strong></span> <span class='ocrx_word' id='word_1_362' title='bbox 953 1716 961 1741; x_wconf 89' lang='lat'><strong>;</strong></span> <span class='ocrx_word' id='word_1_363' title='bbox 976 1706 1024 1742; x_wconf 87' lang='lat' dir='ltr'><strong>qui</strong></span> <span class='ocrx_word' id='word_1_364' title='bbox 1038 1711 1104 1733; x_wconf 81' lang='lat' dir='ltr'><strong>vero</strong></span> <span class='ocrx_word' id='word_1_365' title='bbox 1120 1705 1253 1732; x_wconf 79' lang='lat' dir='ltr'><strong>hactenus</strong></span> <span class='ocrx_word' id='word_1_366' title='bbox 1272 1703 1402 1739; x_wconf 85' lang='lat' dir='ltr'><strong>publicati</strong></span> <span class='ocrx_word' id='word_1_367' title='bbox 1414 1706 1488 1735; x_wconf 75' lang='lat' dir='ltr'><strong>sunt,</strong></span> <span class='ocrx_word' id='word_1_368' title='bbox 1504 1701 1547 1730; x_wconf 86' lang='lat' dir='ltr'><strong>vel</strong></span> <span class='ocrx_word' id='word_1_369' title='bbox 1564 1700 1661 1729; x_wconf 83' lang='lat' dir='ltr'><strong>Latine</strong></span> <span class='ocrx_word' id='word_1_370' title='bbox 1676 1704 1800 1733; x_wconf 54' lang='lat' dir='ltr'><strong>tantum.</strong></span> 
     </span>
    </p>
   </div>
   <div class='ocr_carea' id='block_1_32' title="bbox 164 1744 1793 1795">
    <p class='ocr_par' dir='ltr' id='par_1_32' title="bbox 164 1744 1793 1795">
     <span class='ocr_line' id='line_1_32' title="bbox 164 1744 1793 1795; baseline -0.002 -20"><span class='ocrx_word' id='word_1_371' title='bbox 164 1744 212 1775; x_wconf 79' lang='lat' dir='ltr'><strong>vel</strong></span> <span class='ocrx_word' id='word_1_372' title='bbox 231 1747 327 1777; x_wconf 60' lang='lat' dir='ltr'><strong>Graece</strong></span> <span class='ocrx_word' id='word_1_373' title='bbox 347 1754 453 1777; x_wconf 85' lang='lat' dir='ltr'><strong>tantum</strong></span> <span class='ocrx_word' id='word_1_374' title='bbox 469 1751 656 1786; x_wconf 84' lang='lat' dir='ltr'><strong>apparuerint,</strong></span> <span class='ocrx_word' id='word_1_375' title='bbox 678 1756 706 1779; x_wconf 85' lang='lat' dir='ltr'><strong>et</strong></span> <span class='ocrx_word' id='word_1_376' title='bbox 719 1752 742 1779; x_wconf 86' lang='lat' dir='ltr'><strong>si</strong></span> <span class='ocrx_word' id='word_1_377' title='bbox 764 1752 812 1787; x_wconf 88' lang='lat' dir='ltr'><strong>qui</strong></span> <span class='ocrx_word' id='word_1_378' title='bbox 830 1751 923 1779; x_wconf 62' lang='lat' dir='ltr'><strong>Graec</strong></span> <span class='ocrx_word' id='word_1_379' title='bbox 937 1751 1016 1779; x_wconf 86' lang='lat' dir='ltr'><strong>simul</strong></span> <span class='ocrx_word' id='word_1_380' title='bbox 1034 1756 1067 1778; x_wconf 87' lang='lat' dir='ltr'><strong>ac</strong></span> <span class='ocrx_word' id='word_1_381' title='bbox 1084 1748 1180 1777; x_wconf 83' lang='lat' dir='ltr'><strong>Latine</strong></span> <span class='ocrx_word' id='word_1_382' title='bbox 1194 1748 1285 1795; x_wconf 64' lang='lat' dir='ltr'><strong>excusi</strong></span> <span class='ocrx_word' id='word_1_383' title='bbox 1307 1751 1384 1779; x_wconf 83' lang='lat' dir='ltr'><strong>sunt,</strong></span> <span class='ocrx_word' id='word_1_384' title='bbox 1403 1746 1507 1795; x_wconf 67' lang='lat' dir='ltr'><strong>dispari</strong></span> <span class='ocrx_word' id='word_1_385' title='bbox 1525 1744 1678 1795; x_wconf 29' lang='lat' dir='ltr'><strong>admodum.</strong></span> <span class='ocrx_word' id='word_1_386' title='bbox 1693 1744 1793 1795; x_wconf 65' lang='lat' dir='ltr'><strong>forma,</strong></span> 
     </span>
    </p>
   </div>
   <div class='ocr_carea' id='block_1_33' title="bbox 167 1787 1796 1830">
    <p class='ocr_par' dir='ltr' id='par_1_33' title="bbox 167 1787 1796 1830">
     <span class='ocr_line' id='line_1_33' title="bbox 167 1787 1796 1830; baseline -0.002 -11"><span class='ocrx_word' id='word_1_387' title='bbox 167 1791 330 1821; x_wconf 79' lang='lat' dir='ltr'><strong>charactere</strong></span> <span class='ocrx_word' id='word_1_388' title='bbox 345 1793 485 1826; x_wconf 76' lang='lat' dir='ltr'><strong>dissimili,</strong></span> <span class='ocrx_word' id='word_1_389' title='bbox 508 1793 623 1823; x_wconf 80' lang='lat' dir='ltr'><strong>diversis</strong></span> <span class='ocrx_word' id='word_1_390' title='bbox 642 1794 800 1830; x_wconf 71' lang='lat' dir='ltr'><strong>dissitisque</strong></span> <span class='ocrx_word' id='word_1_391' title='bbox 814 1802 829 1822; x_wconf 88' lang='lat' dir='ltr'><strong>a</strong></span> <span class='ocrx_word' id='word_1_392' title='bbox 851 1802 882 1823; x_wconf 80' lang='lat' dir='ltr'><strong>se</strong></span> <span class='ocrx_word' id='word_1_393' title='bbox 899 1794 1013 1823; x_wconf 83' lang='lat' dir='ltr'><strong>invicem</strong></span> <span class='ocrx_word' id='word_1_394' title='bbox 1031 1793 1099 1821; x_wconf 86' lang='lat' dir='ltr'><strong>locis</strong></span> <span class='ocrx_word' id='word_1_395' title='bbox 1116 1792 1338 1828; x_wconf 83' lang='lat' dir='ltr'><strong>temporibusque</strong></span> <span class='ocrx_word' id='word_1_396' title='bbox 1359 1790 1527 1826; x_wconf 84' lang='lat' dir='ltr'><strong>prodierint;</strong></span> <span class='ocrx_word' id='word_1_397' title='bbox 1550 1789 1614 1817; x_wconf 84' lang='lat' dir='ltr'><strong>inde</strong></span> <span class='ocrx_word' id='word_1_398' title='bbox 1628 1787 1729 1816; x_wconf 78' lang='lat' dir='ltr'><strong>factum</strong></span> <span class='ocrx_word' id='word_1_399' title='bbox 1752 1791 1796 1816; x_wconf 88' lang='lat' dir='ltr'><strong>est</strong></span> 
     </span>
    </p>
   </div>
   <div class='ocr_carea' id='block_1_34' title="bbox 170 1833 1794 1872">
    <p class='ocr_par' dir='ltr' id='par_1_34' title="bbox 170 1833 1794 1872">
     <span class='ocr_line' id='line_1_34' title="bbox 170 1833 1794 1872; baseline -0.002 -9"><span class='ocrx_word' id='word_1_400' title='bbox 170 1842 271 1871; x_wconf 88' lang='lat' dir='ltr'><strong>magno</strong></span> <span class='ocrx_word' id='word_1_401' title='bbox 287 1836 440 1865; x_wconf 84' lang='lat' dir='ltr'><strong>litterarum</strong></span> <span class='ocrx_word' id='word_1_402' title='bbox 456 1838 639 1872; x_wconf 87' lang='lat' dir='ltr'><strong>incommodo,</strong></span> <span class='ocrx_word' id='word_1_403' title='bbox 651 1839 739 1867; x_wconf 83' lang='lat' dir='ltr'><strong>dicam</strong></span> <span class='ocrx_word' id='word_1_404' title='bbox 754 1843 780 1867; x_wconf 90' lang='lat' dir='ltr'><strong>et</strong></span> <span class='ocrx_word' id='word_1_405' title='bbox 795 1839 977 1867; x_wconf 83' lang='lat' dir='ltr'><strong>litteratorum</strong></span> <span class='ocrx_word' id='word_1_406' title='bbox 990 1837 1103 1870; x_wconf 83' lang='lat' dir='ltr'><strong>damno,</strong></span> <span class='ocrx_word' id='word_1_407' title='bbox 1122 1837 1150 1864; x_wconf 90' lang='lat' dir='ltr'><strong>in</strong></span> <span class='ocrx_word' id='word_1_408' title='bbox 1165 1839 1241 1863; x_wconf 88' lang='lat' dir='ltr'><strong>tanta</strong></span> <span class='ocrx_word' id='word_1_409' title='bbox 1258 1834 1385 1871; x_wconf 87' lang='lat' dir='ltr'><strong>penuria,</strong></span> <span class='ocrx_word' id='word_1_410' title='bbox 1399 1841 1514 1870; x_wconf 68' lang='lat' dir='ltr'><strong>quasque</strong></span> <span class='ocrx_word' id='word_1_411' title='bbox 1529 1833 1649 1861; x_wconf 89' lang='lat' dir='ltr'><strong>indidetu</strong></span> <span class='ocrx_word' id='word_1_412' title='bbox 1664 1837 1724 1860; x_wconf 85' lang='lat' dir='ltr'><strong>orta</strong></span> <span class='ocrx_word' id='word_1_413' title='bbox 1740 1836 1794 1865; x_wconf 82' lang='lat' dir='ltr'><strong>est,</strong></span> 
     </span>
    </p>
   </div>
   <div class='ocr_carea' id='block_1_35' title="bbox 170 1876 1795 1928">
    <p class='ocr_par' dir='ltr' id='par_1_35' title="bbox 170 1876 1795 1928">
     <span class='ocr_line' id='line_1_35' title="bbox 170 1876 1795 1928; baseline -0.001 -23"><span class='ocrx_word' id='word_1_414' title='bbox 170 1879 266 1907; x_wconf 82' lang='lat' dir='ltr'><strong>talium</strong></span> <span class='ocrx_word' id='word_1_415' title='bbox 283 1881 414 1914; x_wconf 85' lang='lat' dir='ltr'><strong>mercium</strong></span> <span class='ocrx_word' id='word_1_416' title='bbox 432 1882 547 1910; x_wconf 86' lang='lat' dir='ltr'><strong>caritate</strong></span> <span class='ocrx_word' id='word_1_417' title='bbox 559 1882 686 1915; x_wconf 84' lang='lat' dir='ltr'><strong>maxima,</strong></span> <span class='ocrx_word' id='word_1_418' title='bbox 703 1886 734 1910; x_wconf 89' lang='lat' dir='ltr'><strong>ut</strong></span> <span class='ocrx_word' id='word_1_419' title='bbox 750 1882 846 1910; x_wconf 83' lang='lat' dir='ltr'><strong>beatus</strong></span> <span class='ocrx_word' id='word_1_420' title='bbox 859 1882 904 1909; x_wconf 88' lang='lat' dir='ltr'><strong>ille</strong></span> <span class='ocrx_word' id='word_1_421' title='bbox 918 1881 1017 1909; x_wconf 89' lang='lat' dir='ltr'><strong>merito</strong></span> <span class='ocrx_word' id='word_1_422' title='bbox 1029 1879 1184 1928; x_wconf 75' lang='lat' dir='ltr'><strong>censendus</strong></span> <span class='ocrx_word' id='word_1_423' title='bbox 1203 1880 1254 1928; x_wconf 48' lang='lat' dir='ltr'><strong>sit.-</strong></span> <span class='ocrx_word' id='word_1_424' title='bbox 1269 1886 1323 1907; x_wconf 89' lang='lat' dir='ltr'><strong>non</strong></span> <span class='ocrx_word' id='word_1_425' title='bbox 1336 1878 1501 1928; x_wconf 43' lang='lat' dir='ltr'><strong>qui&#39;omrtes,</strong></span> <span class='ocrx_word' id='word_1_426' title='bbox 1516 1877 1564 1905; x_wconf 89' lang='lat' dir='ltr'><strong>sed</strong></span> <span class='ocrx_word' id='word_1_427' title='bbox 1577 1877 1625 1913; x_wconf 88' lang='lat' dir='ltr'><strong>qui</strong></span> <span class='ocrx_word' id='word_1_428' title='bbox 1733 1876 1795 1928; x_wconf 53' lang='lat' dir='ltr'><strong>plu.-</strong></span> 
     </span>
    </p>
   </div>
   <div class='ocr_carea' id='block_1_36' title="bbox 169 1920 1795 1969">
    <p class='ocr_par' dir='ltr' id='par_1_36' title="bbox 169 1920 1795 1969">
     <span class='ocr_line' id='line_1_36' title="bbox 169 1920 1795 1969; baseline -0.003 -19"><span class='ocrx_word' id='word_1_429' title='bbox 169 1923 266 1956; x_wconf 81' lang='lat' dir='ltr'><strong>rimos,</strong></span> <span class='ocrx_word' id='word_1_430' title='bbox 279 1931 381 1959; x_wconf 85' lang='lat' dir='ltr'><strong>eosque</strong></span> <span class='ocrx_word' id='word_1_431' title='bbox 395 1924 531 1954; x_wconf 73' lang='lat' dir='ltr'><strong>deformes</strong></span> <span class='ocrx_word' id='word_1_432' title='bbox 550 1934 583 1954; x_wconf 87' lang='lat' dir='ltr'><strong>ac</strong></span> <span class='ocrx_word' id='word_1_433' title='bbox 600 1933 720 1958; x_wconf 87' lang='lat' dir='ltr'><strong>mancos,</strong></span> <span class='ocrx_word' id='word_1_434' title='bbox 735 1927 831 1961; x_wconf 87' lang='lat' dir='ltr'><strong>quovis</strong></span> <span class='ocrx_word' id='word_1_435' title='bbox 849 1926 938 1961; x_wconf 86' lang='lat' dir='ltr'><strong>pretio</strong></span> <span class='ocrx_word' id='word_1_436' title='bbox 956 1931 1116 1959; x_wconf 77' lang='lat' dir='ltr'><strong>summaque</strong></span> <span class='ocrx_word' id='word_1_437' title='bbox 1135 1923 1273 1969; x_wconf 76' lang='lat' dir='ltr'><strong>diligentia</strong></span> <span class='ocrx_word' id='word_1_438' title='bbox 1290 1921 1407 1969; x_wconf 74' lang='lat' dir='ltr'><strong>potuerit</strong></span> <span class='ocrx_word' id='word_1_439' title='bbox 1422 1921 1472 1949; x_wconf 77' lang='lat' dir='ltr'><strong>sibi</strong></span> <span class='ocrx_word' id='word_1_440' title='bbox 1494 1927 1661 1969; x_wconf 41' lang='lat' dir='ltr'><strong>compa-rare.</strong></span> <span class='ocrx_word' id='word_1_441' title='bbox 1675 1920 1747 1969; x_wconf 34' lang='lat' dir='ltr'><strong>eam.</strong></span> <span class='ocrx_word' id='word_1_442' title='bbox 1760 1920 1795 1968; x_wconf 77' lang='lat' dir='ltr'><strong>ob</strong></span> 
     </span>
    </p>
   </div>
   <div class='ocr_carea' id='block_1_37' title="bbox 169 1963 1794 2013">
    <p class='ocr_par' dir='ltr' id='par_1_37' title="bbox 169 1963 1794 2013">
     <span class='ocr_line' id='line_1_37' title="bbox 169 1963 1794 2013; baseline -0.002 -19"><span class='ocrx_word' id='word_1_443' title='bbox 169 1973 281 1995; x_wconf 83' lang='lat' dir='ltr'><strong>causam</strong></span> <span class='ocrx_word' id='word_1_444' title='bbox 295 1968 441 2003; x_wconf 81' lang='lat' dir='ltr'><strong>pluresque</strong></span> <span class='ocrx_word' id='word_1_445' title='bbox 454 1969 532 2002; x_wconf 83' lang='lat' dir='ltr'><strong>alias,</strong></span> <span class='ocrx_word' id='word_1_446' title='bbox 546 1976 614 2004; x_wconf 82' lang='lat' dir='ltr'><strong>quas</strong></span> <span class='ocrx_word' id='word_1_447' title='bbox 626 1969 716 2004; x_wconf 78' lang='lat' dir='ltr'><strong>quivis</strong></span> <span class='ocrx_word' id='word_1_448' title='bbox 727 1969 807 1997; x_wconf 85' lang='lat' dir='ltr'><strong>facile</strong></span> <span class='ocrx_word' id='word_1_449' title='bbox 820 1969 956 2004; x_wconf 81' lang='lat' dir='ltr'><strong>conjicere</strong></span> <span class='ocrx_word' id='word_1_450' title='bbox 966 1968 1077 2013; x_wconf 80' lang='lat' dir='ltr'><strong>poterit,</strong></span> <span class='ocrx_word' id='word_1_451' title='bbox 1092 1974 1156 1995; x_wconf 91' lang='lat' dir='ltr'><strong>cum</strong></span> <span class='ocrx_word' id='word_1_452' title='bbox 1170 1965 1340 2013; x_wconf 43' lang='lat' dir='ltr'><strong>regiiqt-vpi-s</strong></span> <span class='ocrx_word' id='word_1_453' title='bbox 1354 1964 1505 2013; x_wconf 66' lang='lat' dir='ltr'><strong>eademque</strong></span> <span class='ocrx_word' id='word_1_454' title='bbox 1521 1963 1794 2013; x_wconf 50' lang='lat' dir='ltr'><strong>ontn&#39;i‘uovolumipis</strong></span> 
     </span>
    </p>
   </div>
   <div class='ocr_carea' id='block_1_38' title="bbox 170 2005 1795 2057">
    <p class='ocr_par' dir='ltr' id='par_1_38' title="bbox 170 2005 1795 2057">
     <span class='ocr_line' id='line_1_38' title="bbox 170 2005 1795 2057; baseline -0.004 -19"><span class='ocrx_word' id='word_1_455' title='bbox 170 2011 259 2038; x_wconf 84' lang='lat' dir='ltr'><strong>t&#39;ornta</strong></span> <span class='ocrx_word' id='word_1_456' title='bbox 279 2019 385 2044; x_wconf 77' lang='lat' dir='ltr'><strong>omnes,</strong></span> <span class='ocrx_word' id='word_1_457' title='bbox 404 2016 537 2047; x_wconf 87' lang='lat' dir='ltr'><strong>quotquot</strong></span> <span class='ocrx_word' id='word_1_458' title='bbox 553 2014 657 2049; x_wconf 84' lang='lat' dir='ltr'><strong>uspiam</strong></span> <span class='ocrx_word' id='word_1_459' title='bbox 674 2012 793 2049; x_wconf 87' lang='lat' dir='ltr'><strong>gentium</strong></span> <span class='ocrx_word' id='word_1_460' title='bbox 810 2013 941 2040; x_wconf 84' lang='lat' dir='ltr'><strong>hactenus</strong></span> <span class='ocrx_word' id='word_1_461' title='bbox 956 2012 1022 2040; x_wconf 86' lang='lat' dir='ltr'><strong>editi</strong></span> <span class='ocrx_word' id='word_1_462' title='bbox 1045 2014 1120 2043; x_wconf 88' lang='lat' dir='ltr'><strong>sunt,</strong></span> <span class='ocrx_word' id='word_1_463' title='bbox 1136 2015 1163 2037; x_wconf 87' lang='lat' dir='ltr'><strong>et</strong></span> <span class='ocrx_word' id='word_1_464' title='bbox 1183 2010 1212 2037; x_wconf 92' lang='lat' dir='ltr'><strong>in</strong></span> <span class='ocrx_word' id='word_1_465' title='bbox 1227 2008 1402 2057; x_wconf 59' lang='lat' dir='ltr'><strong>bibliothecis</strong></span> <span class='ocrx_word' id='word_1_466' title='bbox 1420 2005 1795 2057; x_wconf 33' lang='lat' dir='ltr'><strong>vaticanazltegiahBarbe-</strong></span> 
     </span>
    </p>
   </div>
   <div class='ocr_carea' id='block_1_39' title="bbox 171 2050 1789 2101">
    <p class='ocr_par' dir='ltr' id='par_1_39' title="bbox 171 2050 1789 2101">
     <span class='ocr_line' id='line_1_39' title="bbox 171 2050 1789 2101; baseline -0.002 -20"><span class='ocrx_word' id='word_1_467' title='bbox 171 2056 242 2088; x_wconf 87' lang='lat' dir='ltr'><strong>rina,</strong></span> <span class='ocrx_word' id='word_1_468' title='bbox 256 2055 402 2090; x_wconf 74' lang='lat' dir='ltr'><strong>Mazarina,</strong></span> <span class='ocrx_word' id='word_1_469' title='bbox 418 2057 604 2093; x_wconf 85' lang='lat' dir='ltr'><strong>Seguieriana,</strong></span> <span class='ocrx_word' id='word_1_470' title='bbox 620 2058 791 2090; x_wconf 82' lang='lat' dir='ltr'><strong>Memmiana,</strong></span> <span class='ocrx_word' id='word_1_471' title='bbox 803 2057 925 2091; x_wconf 86' lang='lat' dir='ltr'><strong>Thuana,</strong></span> <span class='ocrx_word' id='word_1_472' title='bbox 940 2057 1069 2089; x_wconf 86' lang='lat' dir='ltr'><strong>Puteana,</strong></span> <span class='ocrx_word' id='word_1_473' title='bbox 1082 2054 1238 2101; x_wconf 81' lang='lat' dir='ltr'><strong>Petaviana,</strong></span> <span class='ocrx_word' id='word_1_474' title='bbox 1255 2051 1546 2101; x_wconf 47' lang='lat' dir='ltr'><strong>Collegiii’arisieusis</strong></span> <span class='ocrx_word' id='word_1_475' title='bbox 1557 2050 1789 2101; x_wconf 66' lang='lat' dir='ltr'><strong>Societatisdesn,</strong></span> 
     </span>
    </p>
   </div>
   <div class='ocr_carea' id='block_1_40' title="bbox 171 2095 1795 2144">
    <p class='ocr_par' dir='ltr' id='par_1_40' title="bbox 171 2095 1795 2144">
     <span class='ocr_line' id='line_1_40' title="bbox 171 2095 1795 2144; baseline 0.002 -19"><span class='ocrx_word' id='word_1_476' title='bbox 171 2099 289 2135; x_wconf 86' lang='lat' dir='ltr'><strong>aliisque</strong></span> <span class='ocrx_word' id='word_1_477' title='bbox 304 2109 385 2136; x_wconf 85' lang='lat' dir='ltr'><strong>quain</strong></span> <span class='ocrx_word' id='word_1_478' title='bbox 401 2101 526 2136; x_wconf 70' lang='lat' dir='ltr'><strong>plurimis</strong></span> <span class='ocrx_word' id='word_1_479' title='bbox 540 2102 654 2137; x_wconf 87' lang='lat' dir='ltr'><strong>privatis</strong></span> <span class='ocrx_word' id='word_1_480' title='bbox 671 2102 840 2137; x_wconf 84' lang='lat' dir='ltr'><strong>publicisque</strong></span> <span class='ocrx_word' id='word_1_481' title='bbox 859 2107 955 2130; x_wconf 89' lang='lat' dir='ltr'><strong>nostro</strong></span> <span class='ocrx_word' id='word_1_482' title='bbox 969 2101 1167 2144; x_wconf 81' lang='lat' dir='ltr'><strong>doctorumque</strong></span> <span class='ocrx_word' id='word_1_483' title='bbox 1185 2097 1308 2144; x_wconf 79' lang='lat' dir='ltr'><strong>virorum</strong></span> <span class='ocrx_word' id='word_1_484' title='bbox 1322 2095 1544 2144; x_wconf 53' lang='lat' dir='ltr'><strong>alutliofepeljrl</strong></span> <span class='ocrx_word' id='word_1_485' title='bbox 1565 2098 1725 2144; x_wconf 63' lang='grc' dir='ltr'><strong>Ροίυθτυξπ»</strong></span> <span class='ocrx_word' id='word_1_486' title='bbox 1741 2102 1795 2128; x_wconf 74' lang='grc' dir='ltr'><strong>βυ-</strong></span> 
     </span>
    </p>
   </div>
   <div class='ocr_carea' id='block_1_41' title="bbox 171 2138 1794 2188">
    <p class='ocr_par' dir='ltr' id='par_1_41' title="bbox 171 2138 1794 2188">
     <span class='ocr_line' id='line_1_41' title="bbox 171 2138 1794 2188; baseline -0.003 -18"><span class='ocrx_word' id='word_1_487' title='bbox 171 2143 270 2170; x_wconf 88' lang='lat' dir='ltr'><strong>blicant</strong></span> <span class='ocrx_word' id='word_1_488' title='bbox 292 2144 317 2171; x_wconf 92' lang='lat' dir='ltr'><strong>in</strong></span> <span class='ocrx_word' id='word_1_489' title='bbox 336 2144 423 2172; x_wconf 84' lang='lat' dir='ltr'><strong>lucem</strong></span> <span class='ocrx_word' id='word_1_490' title='bbox 440 2144 566 2173; x_wconf 86' lang='lat' dir='ltr'><strong>emittere</strong></span> <span class='ocrx_word' id='word_1_491' title='bbox 585 2145 796 2177; x_wconf 82' lang='lat' dir='ltr'><strong>decreverimus,</strong></span> <span class='ocrx_word' id='word_1_492' title='bbox 813 2146 944 2181; x_wconf 86' lang='lat' dir='ltr'><strong>nobisque</strong></span> <span class='ocrx_word' id='word_1_493' title='bbox 966 2144 1089 2179; x_wconf 81' lang='lat' dir='ltr'><strong>quaedam</strong></span> <span class='ocrx_word' id='word_1_494' title='bbox 1113 2141 1258 2188; x_wconf 83' lang='lat' dir='ltr'><strong>etiamnum</strong></span> <span class='ocrx_word' id='word_1_495' title='bbox 1274 2139 1372 2188; x_wconf 37' lang='lat' dir='ltr'><strong>Adesint</strong></span> <span class='ocrx_word' id='word_1_496' title='bbox 1394 2139 1427 2167; x_wconf 91' lang='lat' dir='ltr'><strong>ad</strong></span> <span class='ocrx_word' id='word_1_497' title='bbox 1445 2138 1595 2188; x_wconf 66' lang='lat' dir='ltr'><strong>perfectam</strong></span> <span class='ocrx_word' id='word_1_498' title='bbox 1614 2138 1743 2188; x_wconf 73' lang='lat' dir='ltr'><strong>omnique</strong></span> <span class='ocrx_word' id='word_1_499' title='bbox 1759 2145 1794 2165; x_wconf 83' lang='lat' dir='ltr'><strong>ex</strong></span> 
     </span>
    </p>
   </div>
   <div class='ocr_carea' id='block_1_42' title="bbox 171 2181 1794 2232">
    <p class='ocr_par' dir='ltr' id='par_1_42' title="bbox 171 2181 1794 2232">
     <span class='ocr_line' id='line_1_42' title="bbox 171 2181 1794 2232; baseline -0.003 -18"><span class='ocrx_word' id='word_1_500' title='bbox 171 2191 251 2222; x_wconf 86' lang='lat' dir='ltr'><strong>parte</strong></span> <span class='ocrx_word' id='word_1_501' title='bbox 269 2187 418 2215; x_wconf 84' lang='lat' dir='ltr'><strong>absolutam</strong></span> <span class='ocrx_word' id='word_1_502' title='bbox 436 2187 591 2224; x_wconf 58' lang='lat' dir='ltr'><strong>Byzantina</strong></span> <span class='ocrx_word' id='word_1_503' title='bbox 607 2189 724 2217; x_wconf 81' lang='lat' dir='ltr'><strong>historiae</strong></span> <span class='ocrx_word' id='word_1_504' title='bbox 744 2189 901 2222; x_wconf 87' lang='lat' dir='ltr'><strong>editionem,</strong></span> <span class='ocrx_word' id='word_1_505' title='bbox 924 2195 1014 2224; x_wconf 86' lang='lat' dir='ltr'><strong>operae</strong></span> <span class='ocrx_word' id='word_1_506' title='bbox 1032 2186 1148 2221; x_wconf 87' lang='lat' dir='ltr'><strong>pretium</strong></span> <span class='ocrx_word' id='word_1_507' title='bbox 1165 2184 1251 2211; x_wconf 86' lang='lat' dir='ltr'><strong>visunt</strong></span> <span class='ocrx_word' id='word_1_508' title='bbox 1272 2183 1449 2232; x_wconf 49' lang='lat' dir='ltr'><strong>fuit-brevem</strong></span> <span class='ocrx_word' id='word_1_509' title='bbox 1470 2181 1576 2232; x_wconf 60' lang='lat' dir='ltr'><strong>consilii</strong></span> <span class='ocrx_word' id='word_1_510' title='bbox 1597 2181 1685 2232; x_wconf 60' lang='lat' dir='ltr'><strong>nostri</strong></span> <span class='ocrx_word' id='word_1_511' title='bbox 1711 2185 1794 2232; x_wconf 77' lang='lat' dir='ltr'><strong>atque</strong></span> 
     </span>
    </p>
   </div>
   <div class='ocr_carea' id='block_1_43' title="bbox 172 2225 1792 2276">
    <p class='ocr_par' dir='ltr' id='par_1_43' title="bbox 172 2225 1792 2276">
     <span class='ocr_line' id='line_1_43' title="bbox 172 2225 1792 2276; baseline -0.002 -19"><span class='ocrx_word' id='word_1_512' title='bbox 172 2235 322 2266; x_wconf 81' lang='lat' dir='ltr'><strong>apparatus</strong></span> <span class='ocrx_word' id='word_1_513' title='bbox 334 2231 480 2259; x_wconf 89' lang='lat' dir='ltr'><strong>indiculum</strong></span> <span class='ocrx_word' id='word_1_514' title='bbox 497 2237 598 2264; x_wconf 78' lang='lat' dir='ltr'><strong>texere,</strong></span> <span class='ocrx_word' id='word_1_515' title='bbox 612 2240 700 2267; x_wconf 84' lang='lat' dir='ltr'><strong>neque</strong></span> <span class='ocrx_word' id='word_1_516' title='bbox 712 2237 815 2260; x_wconf 89' lang='lat' dir='ltr'><strong>tantum</strong></span> <span class='ocrx_word' id='word_1_517' title='bbox 828 2232 970 2267; x_wconf 81' lang='lat' dir='ltr'><strong>Excerptis</strong></span> <span class='ocrx_word' id='word_1_518' title='bbox 982 2231 1157 2267; x_wconf 79' lang='lat' dir='ltr'><strong>legationum,</strong></span> <span class='ocrx_word' id='word_1_519' title='bbox 1173 2232 1296 2276; x_wconf 74' lang='lat' dir='ltr'><strong>veterum</strong></span> <span class='ocrx_word' id='word_1_520' title='bbox 1312 2227 1505 2276; x_wconf 74' lang='lat' dir='ltr'><strong>historicorum</strong></span> <span class='ocrx_word' id='word_1_521' title='bbox 1519 2225 1637 2276; x_wconf 70' lang='lat' dir='ltr'><strong>Eelogis,</strong></span> <span class='ocrx_word' id='word_1_522' title='bbox 1648 2225 1792 2276; x_wconf 41' lang='lat' dir='ltr'><strong>&#39;lj‘ltcophy-</strong></span> 
     </span>
    </p>
   </div>
   <div class='ocr_carea' id='block_1_44' title="bbox 174 2269 1794 2319">
    <p class='ocr_par' dir='ltr' id='par_1_44' title="bbox 174 2269 1794 2319">
     <span class='ocr_line' id='line_1_44' title="bbox 174 2269 1794 2319; baseline -0.002 -19"><span class='ocrx_word' id='word_1_523' title='bbox 174 2274 236 2301; x_wconf 84' lang='lat' dir='ltr'><strong>lacti</strong></span> <span class='ocrx_word' id='word_1_524' title='bbox 251 2274 406 2302; x_wconf 72' lang='lat' dir='ltr'><strong>Simocattze</strong></span> <span class='ocrx_word' id='word_1_525' title='bbox 416 2275 593 2317; x_wconf 81' lang='lat' dir='ltr'><strong>historiarum</strong></span> <span class='ocrx_word' id='word_1_526' title='bbox 607 2276 682 2304; x_wconf 91' lang='lat' dir='ltr'><strong>libris</strong></span> <span class='ocrx_word' id='word_1_527' title='bbox 696 2281 766 2309; x_wconf 87' lang='lat' dir='ltr'><strong>octo,</strong></span> <span class='ocrx_word' id='word_1_528' title='bbox 782 2284 814 2304; x_wconf 84' lang='lat' dir='ltr'><strong>ac</strong></span> <span class='ocrx_word' id='word_1_529' title='bbox 826 2276 980 2312; x_wconf 84' lang='lat' dir='ltr'><strong>Nicephori,</strong></span> <span class='ocrx_word' id='word_1_530' title='bbox 998 2271 1291 2319; x_wconf 81' lang='lat' dir='ltr'><strong>Constantinopolitani</strong></span> <span class='ocrx_word' id='word_1_531' title='bbox 1307 2270 1479 2319; x_wconf 75' lang='lat' dir='ltr'><strong>patriarchae,</strong></span> <span class='ocrx_word' id='word_1_532' title='bbox 1496 2270 1632 2319; x_wconf 74' lang='lat' dir='ltr'><strong>breviario</strong></span> <span class='ocrx_word' id='word_1_533' title='bbox 1657 2269 1794 2319; x_wconf 74' lang='lat' dir='ltr'><strong>Chronico</strong></span> 
     </span>
    </p>
   </div>
   <div class='ocr_carea' id='block_1_45' title="bbox 174 2310 1793 2355">
    <p class='ocr_par' dir='ltr' id='par_1_45' title="bbox 174 2310 1793 2355">
     <span class='ocr_line' id='line_1_45' title="bbox 174 2310 1793 2355; baseline 0.001 -16"><span class='ocrx_word' id='word_1_534' title='bbox 174 2318 244 2351; x_wconf 80' lang='lat' dir='ltr'><strong>(quae</strong></span> <span class='ocrx_word' id='word_1_535' title='bbox 259 2318 350 2345; x_wconf 85' lang='lat' dir='ltr'><strong>omnia</strong></span> <span class='ocrx_word' id='word_1_536' title='bbox 371 2326 423 2345; x_wconf 92' lang='lat' dir='ltr'><strong>uno</strong></span> <span class='ocrx_word' id='word_1_537' title='bbox 440 2319 520 2346; x_wconf 85' lang='lat' dir='ltr'><strong>simul</strong></span> <span class='ocrx_word' id='word_1_538' title='bbox 540 2310 677 2347; x_wconf 72' lang='lat' dir='ltr'><strong>volumine</strong></span> <span class='ocrx_word' id='word_1_539' title='bbox 691 2324 847 2355; x_wconf 88' lang='lat' dir='ltr'><strong>compacta,</strong></span> <span class='ocrx_word' id='word_1_540' title='bbox 864 2310 901 2348; x_wconf 71' lang='lat' dir='ltr'><strong>ac</strong></span> <span class='ocrx_word' id='word_1_541' title='bbox 913 2319 998 2347; x_wconf 90' lang='lat' dir='ltr'><strong>variis</strong></span> <span class='ocrx_word' id='word_1_542' title='bbox 1014 2317 1181 2345; x_wconf 84' lang='lat' dir='ltr'><strong>eruditorum</strong></span> <span class='ocrx_word' id='word_1_543' title='bbox 1198 2316 1320 2343; x_wconf 90' lang='lat' dir='ltr'><strong>virorum</strong></span> <span class='ocrx_word' id='word_1_544' title='bbox 1342 2314 1567 2343; x_wconf 87' lang='lat' dir='ltr'><strong>annotationibus</strong></span> <span class='ocrx_word' id='word_1_545' title='bbox 1591 2313 1793 2341; x_wconf 88' lang='lat' dir='ltr'><strong>observationi-</strong></span> 
     </span>
    </p>
   </div>
   <div class='ocr_carea' id='block_1_46' title="bbox 175 2360 1794 2399">
    <p class='ocr_par' dir='ltr' id='par_1_46' title="bbox 175 2360 1794 2399">
     <span class='ocr_line' id='line_1_46' title="bbox 175 2360 1794 2399; baseline -0.001 -12"><span class='ocrx_word' id='word_1_546' title='bbox 175 2361 279 2395; x_wconf 84' lang='lat' dir='ltr'><strong>Itusque</strong></span> <span class='ocrx_word' id='word_1_547' title='bbox 296 2361 330 2389; x_wconf 89' lang='lat' dir='ltr'><strong>de</strong></span> <span class='ocrx_word' id='word_1_548' title='bbox 345 2369 414 2389; x_wconf 87' lang='lat' dir='ltr'><strong>novo</strong></span> <span class='ocrx_word' id='word_1_549' title='bbox 429 2362 574 2395; x_wconf 89' lang='lat' dir='ltr'><strong>illustrata,</strong></span> <span class='ocrx_word' id='word_1_550' title='bbox 591 2363 670 2391; x_wconf 92' lang='lat' dir='ltr'><strong>modo</strong></span> <span class='ocrx_word' id='word_1_551' title='bbox 691 2364 825 2397; x_wconf 91' lang='lat' dir='ltr'><strong>prodeunt</strong></span> <span class='ocrx_word' id='word_1_552' title='bbox 843 2363 871 2391; x_wconf 92' lang='lat' dir='ltr'><strong>in</strong></span> <span class='ocrx_word' id='word_1_553' title='bbox 890 2363 1052 2399; x_wconf 89' lang='lat' dir='ltr'><strong>publicum),</strong></span> <span class='ocrx_word' id='word_1_554' title='bbox 1069 2362 1151 2390; x_wconf 90' lang='lat' dir='ltr'><strong>veluti</strong></span> <span class='ocrx_word' id='word_1_555' title='bbox 1172 2362 1306 2397; x_wconf 86' lang='lat' dir='ltr'><strong>galeatqu</strong></span> <span class='ocrx_word' id='word_1_556' title='bbox 1322 2361 1466 2396; x_wconf 88' lang='lat' dir='ltr'><strong>quemdam</strong></span> <span class='ocrx_word' id='word_1_557' title='bbox 1482 2360 1627 2394; x_wconf 88' lang='lat' dir='ltr'><strong>Prologum</strong></span> <span class='ocrx_word' id='word_1_558' title='bbox 1643 2360 1794 2395; x_wconf 54' lang='lat' dir='ltr'><strong>prmfigcrc,</strong></span> 
     </span>
    </p>
   </div>
   <div class='ocr_carea' id='block_1_47' title="bbox 175 2402 1793 2442">
    <p class='ocr_par' dir='ltr' id='par_1_47' title="bbox 175 2402 1793 2442">
     <span class='ocr_line' id='line_1_47' title="bbox 175 2402 1793 2442; baseline -0.001 -11"><span class='ocrx_word' id='word_1_559' title='bbox 175 2403 224 2431; x_wconf 85' lang='lat' dir='ltr'><strong>scd</strong></span> <span class='ocrx_word' id='word_1_560' title='bbox 239 2404 319 2432; x_wconf 85' lang='lat' dir='ltr'><strong>etiam</strong></span> <span class='ocrx_word' id='word_1_561' title='bbox 336 2405 450 2433; x_wconf 86' lang='lat' dir='ltr'><strong>seorsim</strong></span> <span class='ocrx_word' id='word_1_562' title='bbox 464 2406 584 2441; x_wconf 88' lang='lat' dir='ltr'><strong>vulgare,</strong></span> <span class='ocrx_word' id='word_1_563' title='bbox 601 2413 632 2433; x_wconf 89' lang='lat' dir='ltr'><strong>ac</strong></span> <span class='ocrx_word' id='word_1_564' title='bbox 652 2406 830 2441; x_wconf 87' lang='lat' dir='ltr'><strong>undequaquc</strong></span> <span class='ocrx_word' id='word_1_565' title='bbox 851 2414 900 2442; x_wconf 85' lang='lat' dir='ltr'><strong>per</strong></span> <span class='ocrx_word' id='word_1_566' title='bbox 917 2407 1071 2435; x_wconf 87' lang='lat' dir='ltr'><strong>universam</strong></span> <span class='ocrx_word' id='word_1_567' title='bbox 1086 2406 1205 2433; x_wconf 87' lang='lat' dir='ltr'><strong>maxime</strong></span> <span class='ocrx_word' id='word_1_568' title='bbox 1217 2405 1352 2439; x_wconf 86' lang='lat' dir='ltr'><strong>Europam</strong></span> <span class='ocrx_word' id='word_1_569' title='bbox 1366 2405 1515 2438; x_wconf 86' lang='lat' dir='ltr'><strong>orbemque</strong></span> <span class='ocrx_word' id='word_1_570' title='bbox 1532 2403 1719 2431; x_wconf 81' lang='lat' dir='ltr'><strong>Christianum</strong></span> <span class='ocrx_word' id='word_1_571' title='bbox 1735 2402 1793 2430; x_wconf 90' lang='lat' dir='ltr'><strong>dis-</strong></span> 
     </span>
    </p>
   </div>
   <div class='ocr_carea' id='block_1_48' title="bbox 177 2448 1793 2485">
    <p class='ocr_par' dir='ltr' id='par_1_48' title="bbox 177 2448 1793 2485">
     <span class='ocr_line' id='line_1_48' title="bbox 177 2448 1793 2485; baseline 0.001 -12"><span class='ocrx_word' id='word_1_572' title='bbox 177 2454 301 2482; x_wconf 76' lang='lat' dir='ltr'><strong>pergere,</strong></span> <span class='ocrx_word' id='word_1_573' title='bbox 317 2452 347 2476; x_wconf 92' lang='lat' dir='ltr'><strong>ut</strong></span> <span class='ocrx_word' id='word_1_574' title='bbox 369 2450 414 2484; x_wconf 90' lang='lat' dir='ltr'><strong>qui</strong></span> <span class='ocrx_word' id='word_1_575' title='bbox 430 2449 458 2476; x_wconf 88' lang='lat' dir='ltr'><strong>itt</strong></span> <span class='ocrx_word' id='word_1_576' title='bbox 471 2449 574 2477; x_wconf 85' lang='lat' dir='ltr'><strong>dissitis</strong></span> <span class='ocrx_word' id='word_1_577' title='bbox 588 2456 604 2476; x_wconf 85' lang='lat' dir='ltr'><strong>a</strong></span> <span class='ocrx_word' id='word_1_578' title='bbox 620 2448 707 2476; x_wconf 86' lang='lat' dir='ltr'><strong>Gallia</strong></span> <span class='ocrx_word' id='word_1_579' title='bbox 724 2449 815 2484; x_wconf 85' lang='lat' dir='ltr'><strong>regnis</strong></span> <span class='ocrx_word' id='word_1_580' title='bbox 826 2450 991 2484; x_wconf 80' lang='lat' dir='ltr'><strong>remotisque</strong></span> <span class='ocrx_word' id='word_1_581' title='bbox 1007 2451 1157 2485; x_wconf 89' lang='lat' dir='ltr'><strong>provinciis</strong></span> <span class='ocrx_word' id='word_1_582' title='bbox 1174 2450 1307 2482; x_wconf 87' lang='lat' dir='ltr'><strong>habitant,</strong></span> <span class='ocrx_word' id='word_1_583' title='bbox 1322 2457 1409 2484; x_wconf 88' lang='lat' dir='ltr'><strong>neqtte</strong></span> <span class='ocrx_word' id='word_1_584' title='bbox 1430 2449 1510 2477; x_wconf 80' lang='lat' dir='ltr'><strong>facile</strong></span> <span class='ocrx_word' id='word_1_585' title='bbox 1526 2457 1569 2476; x_wconf 86' lang='lat' dir='ltr'><strong>res</strong></span> <span class='ocrx_word' id='word_1_586' title='bbox 1584 2454 1693 2475; x_wconf 85' lang='lat' dir='ltr'><strong>nostras</strong></span> <span class='ocrx_word' id='word_1_587' title='bbox 1710 2455 1793 2475; x_wconf 88' lang='lat' dir='ltr'><strong>cona-</strong></span> 
     </span>
    </p>
   </div>
   <div class='ocr_carea' id='block_1_49' title="bbox 175 2492 1791 2530">
    <p class='ocr_par' dir='ltr' id='par_1_49' title="bbox 175 2492 1791 2530">
     <span class='ocr_line' id='line_1_49' title="bbox 175 2492 1791 2530; baseline 0 -13"><span class='ocrx_word' id='word_1_588' title='bbox 175 2494 271 2526; x_wconf 90' lang='lat' dir='ltr'><strong>tusque</strong></span> <span class='ocrx_word' id='word_1_589' title='bbox 290 2492 392 2520; x_wconf 85' lang='lat' dir='ltr'><strong>rescire</strong></span> <span class='ocrx_word' id='word_1_590' title='bbox 406 2496 529 2528; x_wconf 84' lang='lat' dir='ltr'><strong>possunt,</strong></span> <span class='ocrx_word' id='word_1_591' title='bbox 545 2493 598 2520; x_wconf 91' lang='lat' dir='ltr'><strong>hoc</strong></span> <span class='ocrx_word' id='word_1_592' title='bbox 614 2492 699 2520; x_wconf 88' lang='lat' dir='ltr'><strong>veluti</strong></span> <span class='ocrx_word' id='word_1_593' title='bbox 716 2492 779 2520; x_wconf 89' lang='lat' dir='ltr'><strong>dato</strong></span> <span class='ocrx_word' id='word_1_594' title='bbox 799 2493 877 2527; x_wconf 83' lang='lat' dir='ltr'><strong>signo</strong></span> <span class='ocrx_word' id='word_1_595' title='bbox 893 2493 1060 2530; x_wconf 86' lang='lat' dir='ltr'><strong>intelligant,</strong></span> <span class='ocrx_word' id='word_1_596' title='bbox 1074 2502 1142 2528; x_wconf 82' lang='lat' dir='ltr'><strong>quos</strong></span> <span class='ocrx_word' id='word_1_597' title='bbox 1155 2494 1188 2522; x_wconf 89' lang='lat' dir='ltr'><strong>ad</strong></span> <span class='ocrx_word' id='word_1_598' title='bbox 1204 2494 1274 2522; x_wconf 88' lang='lat' dir='ltr'><strong>hanc</strong></span> <span class='ocrx_word' id='word_1_599' title='bbox 1289 2501 1375 2527; x_wconf 87' lang='lat' dir='ltr'><strong>usque</strong></span> <span class='ocrx_word' id='word_1_600' title='bbox 1392 2493 1462 2521; x_wconf 89' lang='lat' dir='ltr'><strong>diem</strong></span> <span class='ocrx_word' id='word_1_601' title='bbox 1481 2492 1791 2527; x_wconf 78' lang='lat' dir='ltr'><strong>Constantinopolitamn</strong></span> 
     </span>
    </p>
   </div>
   <div class='ocr_carea' id='block_1_50' title="bbox 174 2534 1794 2573">
    <p class='ocr_par' dir='ltr' id='par_1_50' title="bbox 174 2534 1794 2573">
     <span class='ocr_line' id='line_1_50' title="bbox 174 2534 1794 2573; baseline -0.001 -10"><span class='ocrx_word' id='word_1_602' title='bbox 174 2535 295 2563; x_wconf 72' lang='lat' dir='ltr'><strong>historiae</strong></span> <span class='ocrx_word' id='word_1_603' title='bbox 319 2536 467 2571; x_wconf 87' lang='lat' dir='ltr'><strong>scriptores</strong></span> <span class='ocrx_word' id='word_1_604' title='bbox 494 2536 633 2572; x_wconf 65' lang='lat' dir='ltr'><strong>Luparatis</strong></span> <span class='ocrx_word' id='word_1_605' title='bbox 658 2536 862 2564; x_wconf 86' lang='lat' dir='ltr'><strong>characteribus</strong></span> <span class='ocrx_word' id='word_1_606' title='bbox 883 2537 1060 2571; x_wconf 84' lang='lat' dir='ltr'><strong>ediderimus,</strong></span> <span class='ocrx_word' id='word_1_607' title='bbox 1085 2545 1154 2573; x_wconf 91' lang='lat' dir='ltr'><strong>quos</strong></span> <span class='ocrx_word' id='word_1_608' title='bbox 1176 2538 1225 2566; x_wconf 90' lang='lat' dir='ltr'><strong>sub</strong></span> <span class='ocrx_word' id='word_1_609' title='bbox 1246 2539 1330 2573; x_wconf 65' lang='lat' dir='ltr'><strong>prmio</strong></span> <span class='ocrx_word' id='word_1_610' title='bbox 1350 2537 1509 2569; x_wconf 85' lang='lat' dir='ltr'><strong>habeamus,</strong></span> <span class='ocrx_word' id='word_1_611' title='bbox 1532 2544 1654 2572; x_wconf 85' lang='lat' dir='ltr'><strong>quosque</strong></span> <span class='ocrx_word' id='word_1_612' title='bbox 1676 2534 1794 2570; x_wconf 89' lang='lat' dir='ltr'><strong>propitio</strong></span> 
     </span>
    </p>
   </div>
   <div class='ocr_carea' id='block_1_51' title="bbox 175 2579 1792 2617">
    <p class='ocr_par' dir='ltr' id='par_1_51' title="bbox 175 2579 1792 2617">
     <span class='ocr_line' id='line_1_51' title="bbox 175 2579 1792 2617; baseline -0.001 -10"><span class='ocrx_word' id='word_1_613' title='bbox 175 2579 301 2615; x_wconf 82' lang='lat' dir='ltr'><strong>Numine,</strong></span> <span class='ocrx_word' id='word_1_614' title='bbox 317 2586 342 2609; x_wconf 88' lang='lat' dir='ltr'><strong>et</strong></span> <span class='ocrx_word' id='word_1_615' title='bbox 356 2582 539 2617; x_wconf 85' lang='lat' dir='ltr'><strong>aspirantibus</strong></span> <span class='ocrx_word' id='word_1_616' title='bbox 555 2582 648 2610; x_wconf 82' lang='lat' dir='ltr'><strong>favore</strong></span> <span class='ocrx_word' id='word_1_617' title='bbox 665 2590 715 2610; x_wconf 79' lang='lat' dir='ltr'><strong>suo</strong></span> <span class='ocrx_word' id='word_1_618' title='bbox 723 2586 805 2617; x_wconf 85' lang='lat' dir='ltr'><strong>atque</strong></span> <span class='ocrx_word' id='word_1_619' title='bbox 819 2582 988 2610; x_wconf 86' lang='lat' dir='ltr'><strong>humanitate</strong></span> <span class='ocrx_word' id='word_1_620' title='bbox 1001 2582 1080 2610; x_wconf 90' lang='lat' dir='ltr'><strong>bonis</strong></span> <span class='ocrx_word' id='word_1_621' title='bbox 1091 2582 1229 2615; x_wconf 83' lang='lat' dir='ltr'><strong>omnibus,</strong></span> <span class='ocrx_word' id='word_1_622' title='bbox 1243 2581 1370 2609; x_wconf 88' lang='lat' dir='ltr'><strong>emissuri</strong></span> <span class='ocrx_word' id='word_1_623' title='bbox 1387 2581 1514 2615; x_wconf 83' lang='lat' dir='ltr'><strong>deinceps</strong></span> <span class='ocrx_word' id='word_1_624' title='bbox 1527 2580 1623 2608; x_wconf 89' lang='lat' dir='ltr'><strong>simus.</strong></span> <span class='ocrx_word' id='word_1_625' title='bbox 1635 2579 1792 2614; x_wconf 78' lang='lat' dir='ltr'><strong>Agitedum,</strong></span> 
     </span>
    </p>
   </div>
   <div class='ocr_carea' id='block_1_52' title="bbox 174 2622 1794 2661">
    <p class='ocr_par' dir='ltr' id='par_1_52' title="bbox 174 2622 1794 2661">
     <span class='ocr_line' id='line_1_52' title="bbox 174 2622 1794 2661; baseline 0 -12"><span class='ocrx_word' id='word_1_626' title='bbox 174 2624 226 2650; x_wconf 88' lang='lat' dir='ltr'><strong>viri</strong></span> <span class='ocrx_word' id='word_1_627' title='bbox 235 2632 283 2658; x_wconf 89' lang='lat' dir='ltr'><strong>per</strong></span> <span class='ocrx_word' id='word_1_628' title='bbox 296 2625 389 2653; x_wconf 86' lang='lat' dir='ltr'><strong>orbem</strong></span> <span class='ocrx_word' id='word_1_629' title='bbox 406 2626 561 2654; x_wconf 77' lang='lat' dir='ltr'><strong>universum</strong></span> <span class='ocrx_word' id='word_1_630' title='bbox 573 2626 683 2654; x_wconf 88' lang='lat' dir='ltr'><strong>litterati</strong></span> <span class='ocrx_word' id='word_1_631' title='bbox 699 2625 904 2661; x_wconf 88' lang='lat' dir='ltr'><strong>litterarumque</strong></span> <span class='ocrx_word' id='word_1_632' title='bbox 921 2630 1044 2654; x_wconf 87' lang='lat' dir='ltr'><strong>amantes</strong></span> <span class='ocrx_word' id='word_1_633' title='bbox 1057 2633 1088 2653; x_wconf 90' lang='lat' dir='ltr'><strong>ac</strong></span> <span class='ocrx_word' id='word_1_634' title='bbox 1103 2625 1204 2661; x_wconf 63' lang='lat' dir='ltr'><strong>gloriae,</strong></span> <span class='ocrx_word' id='word_1_635' title='bbox 1221 2625 1370 2660; x_wconf 84' lang='lat' dir='ltr'><strong>expromite</strong></span> <span class='ocrx_word' id='word_1_636' title='bbox 1385 2624 1516 2659; x_wconf 83' lang='lat' dir='ltr'><strong>quidquid</strong></span> <span class='ocrx_word' id='word_1_637' title='bbox 1532 2624 1603 2659; x_wconf 90' lang='lat' dir='ltr'><strong>apud</strong></span> <span class='ocrx_word' id='word_1_638' title='bbox 1620 2630 1667 2650; x_wconf 86' lang='lat' dir='ltr'><strong>vos</strong></span> <span class='ocrx_word' id='word_1_639' title='bbox 1685 2622 1748 2650; x_wconf 86' lang='lat' dir='ltr'><strong>latet</strong></span> <span class='ocrx_word' id='word_1_640' title='bbox 1764 2623 1794 2648; x_wconf 82' lang='grc' dir='ltr'><strong>ὲν</strong></span> 
     </span>
    </p>
   </div>
   <div class='ocr_carea' id='block_1_53' title="bbox 175 2668 1803 2712">
    <p class='ocr_par' dir='ltr' id='par_1_53' title="bbox 175 2668 1803 2712">
     <span class='ocr_line' id='line_1_53' title="bbox 175 2668 1803 2712; baseline 0 -19"><span class='ocrx_word' id='word_1_641' title='bbox 175 2668 342 2703; x_wconf 78' lang='grc' dir='ltr'><strong>κειμηλίοις,</strong></span> <span class='ocrx_word' id='word_1_642' title='bbox 353 2669 471 2697; x_wconf 85' lang='lat' dir='ltr'><strong>excutite</strong></span> <span class='ocrx_word' id='word_1_643' title='bbox 479 2670 584 2704; x_wconf 88' lang='lat' dir='ltr'><strong>pluteos</strong></span> <span class='ocrx_word' id='word_1_644' title='bbox 592 2669 829 2702; x_wconf 85' lang='lat' dir='ltr'><strong>bibliothecarum,</strong></span> <span class='ocrx_word' id='word_1_645' title='bbox 838 2669 952 2703; x_wconf 83' lang='lat' dir='ltr'><strong>angulos</strong></span> <span class='ocrx_word' id='word_1_646' title='bbox 963 2670 1132 2704; x_wconf 88' lang='lat' dir='ltr'><strong>scrutantini,</strong></span> <span class='ocrx_word' id='word_1_647' title='bbox 1145 2677 1243 2697; x_wconf 65' lang='lat' dir='ltr'><strong>musaea</strong></span> <span class='ocrx_word' id='word_1_648' title='bbox 1254 2669 1466 2712; x_wconf 64' lang='lat' dir='ltr'><strong>circumspicito,</strong></span> <span class='ocrx_word' id='word_1_649' title='bbox 1479 2669 1581 2696; x_wconf 86' lang='lat' dir='ltr'><strong>amicos</strong></span> <span class='ocrx_word' id='word_1_650' title='bbox 1593 2668 1803 2712; x_wconf 82' lang='lat' dir='ltr'><strong>familiaresque-</strong></span> 
     </span>
    </p>
   </div>
   <div class='ocr_carea' id='block_1_54' title="bbox 176 2710 1794 2749">
    <p class='ocr_par' dir='ltr' id='par_1_54' title="bbox 176 2710 1794 2749">
     <span class='ocr_line' id='line_1_54' title="bbox 176 2710 1794 2749; baseline 0 -12"><span class='ocrx_word' id='word_1_651' title='bbox 176 2716 283 2740; x_wconf 81' lang='lat' dir='ltr'><strong>vcstros</strong></span> <span class='ocrx_word' id='word_1_652' title='bbox 297 2718 414 2746; x_wconf 85' lang='lat' dir='ltr'><strong>monete,</strong></span> <span class='ocrx_word' id='word_1_653' title='bbox 426 2717 531 2749; x_wconf 82' lang='lat' dir='ltr'><strong>urgete,</strong></span> <span class='ocrx_word' id='word_1_654' title='bbox 547 2713 676 2748; x_wconf 85' lang='lat' dir='ltr'><strong>impellite</strong></span> <span class='ocrx_word' id='word_1_655' title='bbox 694 2722 701 2740; x_wconf 94' lang='lat'><strong>:</strong></span> <span class='ocrx_word' id='word_1_656' title='bbox 717 2717 745 2741; x_wconf 87' lang='lat' dir='ltr'><strong>et</strong></span> <span class='ocrx_word' id='word_1_657' title='bbox 758 2713 782 2740; x_wconf 90' lang='lat' dir='ltr'><strong>si</strong></span> <span class='ocrx_word' id='word_1_658' title='bbox 798 2713 868 2741; x_wconf 83' lang='lat' dir='ltr'><strong>forte</strong></span> <span class='ocrx_word' id='word_1_659' title='bbox 881 2713 946 2748; x_wconf 89' lang='lat' dir='ltr'><strong>quid</strong></span> <span class='ocrx_word' id='word_1_660' title='bbox 957 2714 991 2741; x_wconf 84' lang='lat' dir='ltr'><strong>ad</strong></span> <span class='ocrx_word' id='word_1_661' title='bbox 1007 2714 1159 2742; x_wconf 85' lang='lat' dir='ltr'><strong>institutum</strong></span> <span class='ocrx_word' id='word_1_662' title='bbox 1176 2718 1298 2741; x_wconf 90' lang='lat' dir='ltr'><strong>nostrum</strong></span> <span class='ocrx_word' id='word_1_663' title='bbox 1313 2710 1547 2741; x_wconf 82' lang='lat' dir='ltr'><strong>accommodatum</strong></span> <span class='ocrx_word' id='word_1_664' title='bbox 1562 2711 1633 2739; x_wconf 86' lang='lat' dir='ltr'><strong>nacti</strong></span> <span class='ocrx_word' id='word_1_665' title='bbox 1649 2710 1727 2743; x_wconf 90' lang='lat' dir='ltr'><strong>estis,</strong></span> <span class='ocrx_word' id='word_1_666' title='bbox 1745 2715 1794 2738; x_wconf 86' lang='lat' dir='ltr'><strong>aut</strong></span> 
     </span>
    </p>
   </div>
   <div class='ocr_carea' id='block_1_55' title="bbox 176 2754 1797 2793">
    <p class='ocr_par' dir='ltr' id='par_1_55' title="bbox 176 2754 1797 2793">
     <span class='ocr_line' id='line_1_55' title="bbox 176 2754 1797 2793; baseline -0.001 -12"><span class='ocrx_word' id='word_1_667' title='bbox 176 2755 277 2783; x_wconf 86' lang='lat' dir='ltr'><strong>mittite</strong></span> <span class='ocrx_word' id='word_1_668' title='bbox 297 2756 379 2790; x_wconf 89' lang='lat' dir='ltr'><strong>illico,</strong></span> <span class='ocrx_word' id='word_1_669' title='bbox 397 2759 421 2786; x_wconf 87' lang='lat' dir='ltr'><strong>si</strong></span> <span class='ocrx_word' id='word_1_670' title='bbox 439 2761 493 2785; x_wconf 86' lang='lat' dir='ltr'><strong>tam</strong></span> <span class='ocrx_word' id='word_1_671' title='bbox 516 2764 652 2793; x_wconf 86' lang='lat' dir='ltr'><strong>propensa</strong></span> <span class='ocrx_word' id='word_1_672' title='bbox 675 2757 702 2784; x_wconf 82' lang='lat' dir='ltr'><strong>in</strong></span> <span class='ocrx_word' id='word_1_673' title='bbox 718 2757 793 2785; x_wconf 84' lang='lat' dir='ltr'><strong>vobis</strong></span> <span class='ocrx_word' id='word_1_674' title='bbox 809 2757 955 2785; x_wconf 86' lang='lat' dir='ltr'><strong>etllorescit</strong></span> <span class='ocrx_word' id='word_1_675' title='bbox 976 2758 1130 2785; x_wconf 87' lang='lat' dir='ltr'><strong>humanitas</strong></span> <span class='ocrx_word' id='word_1_676' title='bbox 1145 2764 1177 2785; x_wconf 89' lang='lat' dir='ltr'><strong>ac</strong></span> <span class='ocrx_word' id='word_1_677' title='bbox 1193 2758 1225 2785; x_wconf 89' lang='lat' dir='ltr'><strong>de</strong></span> <span class='ocrx_word' id='word_1_678' title='bbox 1244 2757 1343 2784; x_wconf 86' lang='lat' dir='ltr'><strong>litteris</strong></span> <span class='ocrx_word' id='word_1_679' title='bbox 1360 2756 1429 2784; x_wconf 86' lang='lat' dir='ltr'><strong>bene</strong></span> <span class='ocrx_word' id='word_1_680' title='bbox 1446 2754 1569 2782; x_wconf 86' lang='lat' dir='ltr'><strong>nterendi</strong></span> <span class='ocrx_word' id='word_1_681' title='bbox 1592 2755 1729 2785; x_wconf 86' lang='lat' dir='ltr'><strong>voluntas,</strong></span> <span class='ocrx_word' id='word_1_682' title='bbox 1747 2759 1797 2781; x_wconf 83' lang='lat' dir='ltr'><strong>aut</strong></span> 
     </span>
    </p>
   </div>
   <div class='ocr_carea' id='block_1_56' title="bbox 176 2798 1795 2836">
    <p class='ocr_par' dir='ltr' id='par_1_56' title="bbox 176 2798 1795 2836">
     <span class='ocr_line' id='line_1_56' title="bbox 176 2798 1795 2836; baseline 0 -12"><span class='ocrx_word' id='word_1_683' title='bbox 176 2800 273 2827; x_wconf 85' lang='lat' dir='ltr'><strong>saltem</strong></span> <span class='ocrx_word' id='word_1_684' title='bbox 291 2800 402 2836; x_wconf 82' lang='lat' dir='ltr'><strong>scriptis</strong></span> <span class='ocrx_word' id='word_1_685' title='bbox 419 2800 446 2828; x_wconf 89' lang='lat' dir='ltr'><strong>in</strong></span> <span class='ocrx_word' id='word_1_686' title='bbox 462 2801 534 2829; x_wconf 88' lang='lat' dir='ltr'><strong>hanc</strong></span> <span class='ocrx_word' id='word_1_687' title='bbox 552 2802 647 2829; x_wconf 90' lang='lat' dir='ltr'><strong>urbem</strong></span> <span class='ocrx_word' id='word_1_688' title='bbox 658 2801 759 2829; x_wconf 82' lang='lat' dir='ltr'><strong>litteris</strong></span> <span class='ocrx_word' id='word_1_689' title='bbox 775 2801 807 2828; x_wconf 88' lang='lat' dir='ltr'><strong>ad</strong></span> <span class='ocrx_word' id='word_1_690' title='bbox 828 2800 1017 2829; x_wconf 86' lang='lat' dir='ltr'><strong>Sebastianum</strong></span> <span class='ocrx_word' id='word_1_691' title='bbox 1038 2801 1179 2835; x_wconf 85' lang='lat' dir='ltr'><strong>Gramoisy</strong></span> <span class='ocrx_word' id='word_1_692' title='bbox 1190 2822 1196 2833; x_wconf 86' lang='lat'><strong>,</strong></span> <span class='ocrx_word' id='word_1_693' title='bbox 1213 2799 1487 2835; x_wconf 84' lang='lat' dir='ltr'><strong>architypograpltum</strong></span> <span class='ocrx_word' id='word_1_694' title='bbox 1506 2798 1609 2834; x_wconf 88' lang='lat' dir='ltr'><strong>regium</strong></span> <span class='ocrx_word' id='word_1_695' title='bbox 1625 2802 1652 2825; x_wconf 85' lang='lat' dir='ltr'><strong>et</strong></span> <span class='ocrx_word' id='word_1_696' title='bbox 1670 2803 1795 2834; x_wconf 84' lang='lat' dir='ltr'><strong>typogra-</strong></span> 
     </span>
    </p>
   </div>
   <div class='ocr_carea' id='block_1_57' title="bbox 175 2843 1793 2879">
    <p class='ocr_par' dir='ltr' id='par_1_57' title="bbox 175 2843 1793 2879">
     <span class='ocr_line' id='line_1_57' title="bbox 175 2843 1793 2879; baseline 0 -10"><span class='ocrx_word' id='word_1_697' title='bbox 175 2843 245 2876; x_wconf 79' lang='lat' dir='ltr'><strong>pltia:</strong></span> <span class='ocrx_word' id='word_1_698' title='bbox 257 2844 340 2879; x_wconf 62' lang='lat' dir='ltr'><strong>regiae</strong></span> <span class='ocrx_word' id='word_1_699' title='bbox 351 2850 515 2879; x_wconf 86' lang='lat' dir='ltr'><strong>curatorem,</strong></span> <span class='ocrx_word' id='word_1_700' title='bbox 527 2846 629 2874; x_wconf 87' lang='lat' dir='ltr'><strong>aliosve</strong></span> <span class='ocrx_word' id='word_1_701' title='bbox 640 2846 717 2874; x_wconf 84' lang='lat' dir='ltr'><strong>vobis</strong></span> <span class='ocrx_word' id='word_1_702' title='bbox 728 2850 806 2873; x_wconf 89' lang='lat' dir='ltr'><strong>notos</strong></span> <span class='ocrx_word' id='word_1_703' title='bbox 817 2853 848 2872; x_wconf 87' lang='lat' dir='ltr'><strong>ac</strong></span> <span class='ocrx_word' id='word_1_704' title='bbox 864 2845 1022 2877; x_wconf 84' lang='lat' dir='ltr'><strong>familiares.</strong></span> <span class='ocrx_word' id='word_1_705' title='bbox 1038 2846 1145 2874; x_wconf 88' lang='lat' dir='ltr'><strong>consilii</strong></span> <span class='ocrx_word' id='word_1_706' title='bbox 1159 2845 1240 2872; x_wconf 88' lang='lat' dir='ltr'><strong>vestri</strong></span> <span class='ocrx_word' id='word_1_707' title='bbox 1253 2843 1477 2878; x_wconf 83' lang='lat' dir='ltr'><strong>liberalitatisque</strong></span> <span class='ocrx_word' id='word_1_708' title='bbox 1489 2843 1620 2871; x_wconf 87' lang='lat' dir='ltr'><strong>rationem</strong></span> <span class='ocrx_word' id='word_1_709' title='bbox 1633 2843 1793 2878; x_wconf 80' lang='lat' dir='ltr'><strong>signiticatc.</strong></span> 
     </span>
    </p>
   </div>
   <div class='ocr_carea' id='block_1_58' title="bbox 177 2885 1795 2925">
    <p class='ocr_par' dir='ltr' id='par_1_58' title="bbox 177 2885 1795 2925">
     <span class='ocr_line' id='line_1_58' title="bbox 177 2885 1795 2925; baseline 0.002 -16"><span class='ocrx_word' id='word_1_710' title='bbox 177 2886 231 2915; x_wconf 79' lang='lat' dir='ltr'><strong>Hoc</strong></span> <span class='ocrx_word' id='word_1_711' title='bbox 243 2888 315 2917; x_wconf 68' lang='lat' dir='ltr'><strong>enim</strong></span> <span class='ocrx_word' id='word_1_712' title='bbox 336 2896 483 2925; x_wconf 67' lang='lat' dir='ltr'><strong>possumus</strong></span> <span class='ocrx_word' id='word_1_713' title='bbox 501 2890 635 2923; x_wconf 70' lang='lat' dir='ltr'><strong>noniccl&#39;i,</strong></span> <span class='ocrx_word' id='word_1_714' title='bbox 652 2889 718 2918; x_wconf 69' lang='lat' dir='ltr'><strong>rami</strong></span> <span class='ocrx_word' id='word_1_715' title='bbox 735 2888 858 2918; x_wconf 60' lang='lat' dir='ltr'><strong>beneﬁcii</strong></span> <span class='ocrx_word' id='word_1_716' title='bbox 876 2888 1065 2924; x_wconf 71' lang='lat' dir='ltr'><strong>benefactique</strong></span> <span class='ocrx_word' id='word_1_717' title='bbox 1085 2886 1256 2921; x_wconf 81' lang='lat' dir='ltr'><strong>memoriam,</strong></span> <span class='ocrx_word' id='word_1_718' title='bbox 1270 2887 1352 2922; x_wconf 78' lang='lat' dir='ltr'><strong>regiis</strong></span> <span class='ocrx_word' id='word_1_719' title='bbox 1376 2886 1446 2921; x_wconf 77' lang='lat' dir='ltr'><strong>typis</strong></span> <span class='ocrx_word' id='word_1_720' title='bbox 1465 2893 1638 2922; x_wconf 76' lang='lat' dir='ltr'><strong>expressam,</strong></span> <span class='ocrx_word' id='word_1_721' title='bbox 1659 2889 1715 2915; x_wconf 91' lang='lat' dir='ltr'><strong>toto</strong></span> <span class='ocrx_word' id='word_1_722' title='bbox 1728 2885 1795 2914; x_wconf 82' lang='lat' dir='ltr'><strong>orbe</strong></span> 
     </span>
    </p>
   </div>
  </div>
