4056 6210
318 418 3576 486 W“

874 619 1270 751 ΠΕΡΙ
1346 601 2215 756 ΠΡΕΣΒΕΩΝ
2286 627 3049 765 ΡΩΜΑΙΩΝ

1312 862 1728 978 ΠΡΟΣ
1802 868 2587 985 ΕΘΝΙΚΟΥΣ

372 1067 584 1127 ΟΣΟΥΣ
637 1068 988 1127 ΕΔΕΞΑΝΤΟ
1028 1071 1358 1127 ΠΡΕΣΒΕΙΣ
1394 1076 1735 1129 ΒΑΣΙΛΕΩΝ
1784 1078 2098 1137 ΡΩΜΑΙΩΝ
2139 1079 2460 1143 ΕΘΝΙΚΟΙ,
2501 1081 2624 1135 ΚΔΙ
2665 1081 2825 1155 ΙΙΟΙῼ
2862 1084 3175 1140 ΣΧΗΜΑΤΙ
3219 1088 3539 1143 ΤΟΥΤΟΥΣ

1274 1164 1661 1233 ΕΔΕΞᾹΝΤΟ,
1702 1169 1823 1224 ΚΑΙ
1864 1170 2026 1224 Μεθ’
2068 1171 2317 1226 ΟΠΟΙΔΣ
2353 1170 2605 1230 ΔΟΧΗΣ.

1018 1493 1203 1610 DE
1278 1494 1886 1614 LEGATIS
1971 1500 2884 1624 ROMANORUM

1593 1736 1742 1824 AD
1814 1737 2275 1832 GENTE‘S

359 1923 524 1985 θυοδ
557 1920 845 1977 uacuos
878 1921 1343 2006 tannATonuu
1362 1921 1787 2006 autumabat
1817 1924 2063 1977 GENTES
2092 1926 2505 1992 ADMlSERlNT,
2541 1932 2671 1991 om
2706 1932 2935 1993 FORMA
2970 1936 3089 1989 sos
3119 1937 3551 2006 Except-1mm,

1173 2005 1254 2057 ΕΤ
1289 2005 1436 2066 QUAE
1468 2005 1533 2057 ΙΝ
1568 2006 1740 2059 lLLlS.
1763 2010 2203 2065 ADMITTENDIS
2238 2013 2709 2069 OBSERVARINT.

899 2289 1304 2346 ΠΡΟΟΙΜΙΟΝ.

396 2398 552 2451 Ὅσοι
593 2395 707 2451 τῶν
752 2394 924 2451 πάλαι
968 2396 1100 2449 ποτὲ
1131 2394 1399 2465 βασιλέων
1428 2412 1488 2449 τε
1532 2396 1628 2449 καὶ
1668 2396 1895 2452 ἰδιωτῶν

323 2490 401 2560 μὴ
441 2489 533 2542 τὸν
570 2488 696 2543 νοῦν
744 2486 1140 2558 παρεσύρησαν
1189 2487 1405 2557 ἡδοναῖς
1453 2487 1892 2558 ἢκατεμαλακί-

318 2580 553 2651 σθησαν,
608 2578 747 2632 ἀλλὰ
780 2576 843 2631 τδ
873 2577 975 2648 τῆς
1044 2578 1222 2648 ψυχῆς
1274 2577 1498 2646 εὐγενὲς
1563 2579 1894 2649 ἁκηλίδωτον

316 2673 491 2742 ἀρετῇ
529 2671 925 2742 συνετήρησαν,
964 2662 1112 2723 οὗτοι
1135 2669 1222 2740 δὴ,
1256 2663 1401 2724 οὗτοι
1430 2669 1525 2723 καὶ
1562 2671 1749 2735 πόνοις
1794 2672 1881 2725 ἒν-

316 2763 702 2834 εκαρτέρησαν
753 2762 850 2816 καὶ
880 2762 1061 2832 λόγοις
1102 2762 1561 2833 ὲνησχολήθησαν,
1604 2763 1701 2818 καὶ
1734 2764 1896 2830 ἄλλος

313 2854 446 2908 ἄλλο
476 2870 549 2918 τι,
594 2853 702 2907 τῶν
736 2854 850 2907 ὅσοι
895 2852 1275 2924 λογικώτερον,
1302 2855 1319 2886 ⁸
1364 2854 1673 2911 ἐπεϐίωσαν
1697 2898 1712 2923 ,
1758 2874 1893 2911 παι-

313 2946 467 3008 δείας
523 2945 753 3014 ἐρασταὶ
805 2944 1093 3014 γεγονότες
1151 2945 1572 3016 σπουδαιότερόν
1607 2963 1731 3000 τινα
1766 2964 1894 3001 συν-ν

314 3036 645 3107 εγράψαντο,
679 3035 835 3091 τοῦτο
878 3036 977 3107 μὲν
1000 3036 1098 3107 τῆς
1141 3036 1293 3105 σφῶν
1334 3036 1513 3090 αὐτῶν
1553 3038 1894 3108 πολυμαθίας

314 3130 519 3199 δεῖγμα
546 3128 771 3200 ἐναργὲς
802 3130 915 3192 τοῖς
941 3129 1237 3198 μετέπειτα
1258 3128 1581 3183 καταλιπεῖν
1614 3130 1894 3201 ἱμειρόμε-

313 3240 419 3287 νοι,
457 3222 613 3275 τοῦτο
639 3222 696 3275 δὲ
726 3222 821 3275 καὶ
849 3220 1101 3275 εὔκλειαν
1129 3220 1459 3291 ἀείμνηστον
1508 3221 1574 3273 ὲκ
1600 3221 1709 3273 τῶν
1739 3223 1893 3274 ἐντυ-

310 3313 633 3382 γχανόντων
661 3310 1059 3383 καρπώσασθαι
1101 3311 1399 3383 μνώμενοι.
1439 3312 1593 3366 Ἐπεὶ
1621 3312 1678 3365 δὲ
1700 3314 1764 3366 ὲκ
1793 3313 1892 3382 τῆς

308 3404 424 3458 τῶν
476 3403 747 3458 τοσούτων
786 3402 924 3457 ἑτῶν
961 3403 1302 3474 περιδωμῆς
1358 3403 1590 3457 ἄπλετόν
1620 3421 1671 3457 τι
1703 3404 1891 3475 χρῆμα

312 3495 410 3549 καὶ
437 3496 782 3565 πραγμάτων
833 3494 1081 3563 ἐγίγνετο
1133 3495 1231 3548 καὶ
1286 3495 1463 3564 λόγων
1490 3496 1770 3559 ιπλέκετο,
1803 3497 1891 3548 ἐπ’

310 3587 543 3658 ἄπειρόν
569 3603 629 3639 τε
658 3586 753 3640 καὶ
788 3586 1075 3655 ἀμήχανον
1123 3587 1156 3655 ὴ
1208 3588 1308 3657 τῆς
1338 3586 1583 3659 ἱστορίας
1630 3587 1888 3679 ιύριξνετο
1920 3622 1962 3682 Β

312 3676 631 3748 συμπλοκὴ,
670 3676 777 3730 ἔδει
825 3676 883 3729 δὲ
924 3676 1386 3748 ἑπιρῤεπέστερον
1423 3678 1560 3750 πρὸς
1601 3678 1671 3732 τὰ
1721 3672 1890 3750 χέίρω

310 3770 413 3841 τὴν
446 3768 555 3821 τῶν
584 3768 889 3839 ἀνθρώπων
916 3766 1240 3839 προαίρεσιν
1271 3767 1651 3839 μετατίθεσθαι
1680 3769 1894 3839 χρόνοις

311 3862 567 3933 ὕστερον,
616 3861 713 3913 καὶ
749 3860 1028 3932 ὀλιγώρως
1084 3858 1231 3931 ἔχειν
1289 3858 1428 3929 πρὸς
1471 3858 1542 3912 τὰ
1569 3858 1748 3926 καλὰ,
1798 3859 1894 3912 καὶ

311 3954 688 4026 ῥᾳθυμότερον
742 3952 1045 4006 διακεῖσθαι
1107 3951 1245 4022 πρὸς
1288 3950 1387 4021 τὴν
1430 3949 1537 4004 τῶν
1571 3950 1929 4019 φθασάντων⁵

309 4044 565 4119 γενέσθαι
601 4042 946 4113 κατάληψιν,
995 4043 1225 4097 κατόπιν
1260 4041 1555 4111 γινομένης
1603 4041 1702 4111 τῆς
1757 4040 1891 4111 ἀλη-

310 4134 443 4198 θοῦς
492 4132 825 4199 ἐπιτέὐξεως
854 4174 870 4200 ,
910 4132 986 4199 ὡς
1032 4132 1284 4186 ἐντεῦθεν
1324 4130 1520 4203 ἁδηλίᾳ
1571 4131 1889 4197 σκιάζεσθαι

308 4223 409 4296 τὴν
444 4228 541 4294 τῆς
586 4225 833 4295 ἱστορίας
871 4223 1183 4293 ἒφεύρεσιν,
1214 4226 1290 4294 πῆ
1324 4223 1424 4294 μὲν
1459 4222 1652 4277 σπάνει
1690 4222 1890 4293 βίϐλων

307 4317 633 4386 ἑπωφελῶν,
653 4317 731 4386 πῆ
762 4317 818 4371 δὲ
844 4316 981 4389 πρὸς
1014 4318 1112 4386 τὴν
1142 4316 1377 4387 ἐκτάδην
1410 4314 1738 4384 πολυλογίαν
1775 4315 1887 4368 δει-

310 4407 619 4478 μαινόντων
655 4408 749 4462 καὶ
791 4407 1299 4479 κατορῤωδούντων·
1355 4407 1385 4459 ό
1442 4407 1542 4478 τῆς
1591 4408 1883 4479 πορφύρας

307 4499 579 4566 ἀπόγονος
623 4499 1056 4563 Κωνσταντῖνος,
1095 4498 1124 4551 ό
1152 4496 1565 4569 όρθοδοξότατος
1612 4499 1708 4553 καὶ
1752 4499 1887 4570 Χρι-

313 4588 737 4653 στιανικώτατος
781 4590 890 4643 τῶν
945 4588 1166 4643 πώποτε
1234 4588 1722 4660 βεϐασιλευκότων,
1759 4587 1885 4654 ὀξυ-

312 4678 623 4750 ωπέστερον
647 4679 783 4748 πρὸς
812 4679 912 4750 τὴν
943 4677 1052 4732 τῶν
1102 4678 1281 4733 καλῶν
1315 4680 1647 4749 κατανόησιν
1678 4679 1886 4733 διακείο

315 4784 477 4836 μενος
525 4770 620 4823 καὶ
649 4769 977 4842 δραστήριον
1018 4769 1266 4839 ἐσχηκὼς
1304 4770 1451 4835 νοῦν,
1493 4769 1675 4840 ἔκρινε
1705 4770 1879 4842 βέλτι-

313 4871 436 4908 στον
470 4852 609 4910 εῖναι
665 4856 763 4911 καὶ
820 4856 1171 4926 κοινωφελὲς,
1203 4857 1282 4928 τῷ
1307 4874 1365 4911 τε
1401 4857 1502 4928 βίῳ
1532 4858 1881 4930 ὀνησιφόρον,

1926 2298 1976 2357 Α

2566 2294 2989 2360 PROOEMIUM.

2073 2400 2118 2470 ι
2152 2400 2474 2472 Quicunque
2494 2402 2621 2458 olim
2666 2419 2819 2474 reges
2863 2414 2954 2460 aut
2979 2406 3173 2476 privati
3206 2416 3442 2465 tuentem
3471 2422 3579 2465 vos

1997 2490 2293 2564 luptatibus
2326 2508 2433 2548 non
2478 2494 2843 2562 depravarunt
2885 2505 2980 2551 aut
3017 2496 3422 2563 emolliverunt,
3478 2498 3581 2554 sed

1996 2581 2240 2638 innatam
2272 2582 2470 2650 ingenii
2500 2585 2627 2649 vim,
2660 2585 2801 2639 nulla
2828 2585 2947 2642 labe
2972 2603 3271 2656 aspersam,
3304 2589 3573 2658 integram

1998 2673 2191 2728 virtuti
2225 2685 2595 2741 reservarunt,
2629 2676 2729 2740 illi,
2762 2676 2862 2741 illi,
2910 2678 3158 2747 inquam,
3203 2678 3414 2733 labores
3452 2693 3575 2748 pet-

1999 2764 2235 2819 tttlet'unt
2267 2775 2323 2820 et
2364 2765 2471 2820 arti
2522 2766 2733 2821 dicendi
2783 2769 3019 2823 studium
3064 2778 3119 2823 et
3156 2784 3377 2839 operam
3407 2784 3577 2825 nava.-

1995 2866 2211 2923 verunt,
2244 2865 2300 2912 et
2335 2872 2558 2923 eorum,
2603 2861 2694 2929 qui
2736 2861 2931 2916 litteris
2960 2862 3221 2932 reliquam
3259 2862 3422 2915 vitam
3461 2860 3564 2915 int-

1998 2948 2328 3018 pendebant,
2362 2963 2499 3017 cum
2532 2949 2793 3004 doctrina:
2827 2952 3005 3022 cupidi
3037 2962 3091 3008 et
3132 2962 3379 3007 amantes
3405 2952 3578 3007 exsti-

2000 3041 2536 3105 tissent,accuratius
2555 3042 2797 3110 quaedam
2821 3042 2960 3097 alius
2984 3043 3085 3097 alia
3110 3043 3579 3112 conscripserunt,

1999 3132 2195 3201 partim
2226 3146 2337 3187 sua:
2368 3133 2533 3186 varia:
2576 3141 2630 3187 et
2664 3132 2977 3203 multiplicis
3005 3134 3326 3189 eruditionis
3367 3135 3576 3193 illustre

1999 3230 2407 3276 monumentum
2437 3223 2669 3292 posteris
2699 3224 3007 3293 relinquere
3032 3224 3340 3291 cupientes,
3376 3224 3576 3293 partim

2005 3322 2063 3366 ut
2093 3312 2235 3368 inter
2260 3328 2388 3368 suos
2421 3314 2664 3383 mquales
2694 3315 2928 3370 nominis
2957 3315 3325 3370 celebritatem
3370 3316 3578 3385 adepti,

1998 3402 2289 3457 immortali
2317 3402 2487 3472 gloria
2522 3404 2851 3460 fruerentur.
2903 3404 3195 3475 Postquam
3222 3421 3349 3460 vero
3376 3406 3429 3460 in
3462 3417 3570 3460 tant

1994 3491 2156 3562 longo
2182 3509 2445 3549 annorum
2478 3495 2710 3551 decursu
2742 3494 2967 3550 inﬁnitae
2998 3510 3085 3552 res
3114 3506 3167 3552 et
3196 3505 3496 3552 evenerunt
3518 3506 3575 3551 et

1995 3585 2189 3642 litteris
2229 3595 2355 3642 sunt
2403 3588 2834 3656 comprehensae,
2888 3588 2943 3643 in
2990 3588 3313 3645 immensum
3357 3601 3580 3658 quoque

1995 3676 2235 3732 historia:
2274 3685 2525 3741 textura,
2574 3686 2635 3732 ut
2684 3677 2909 3733 minime
2953 3678 3337 3749 comprehendi
3368 3686 3571 3749 posset.

1994 3774 2078 3822 est
2102 3775 2324 3821 extensa
2367 3776 2423 3821 et
2466 3766 2710 3821 dilatata.
2775 3765 2883 3822 Sed
2925 3768 3319 3837 posterioribus
3361 3768 3574 3823 saeculis

1996 3856 2050 3911 in
2090 3854 2243 3925 pejus
2285 3855 2564 3911 hominum
2598 3864 2847 3909 naturam
2893 3856 3189 3924 proclivius
3236 3857 3437 3911 mutari
3477 3870 3573 3910 tte-

1994 3959 2149 4001 cesse
2179 3954 2317 3999 erat.
2368 3944 2559 4013 Itaque
2603 3958 2729 3999 cum
2759 3943 3044 3999 honestum
3081 3945 3235 4000 nihili
3276 3945 3557 4009 ducerent.

1992 4036 2287 4108 postposita
2320 4036 2373 4107 2
2404 4035 2656 4090 veritatis
2697 4035 3181 4100 commentatione,
3211 4035 3567 4105 negligentim

1992 4143 2081 4184 res
2112 4128 2278 4183 fuisse
2302 4126 2580 4198 oportuit,
2631 4141 2792 4196 quam
2841 4134 2900 4181 ut
2947 4141 3035 4183 res
3090 4126 3349 4195 prmclare
3387 4138 3575 4198 gestas

1993 4217 2215 4289 scriptis
2244 4216 2787 4287 comprehenderent.
2858 4216 3012 4273 Unde
3052 4215 3253 4271 factum
3296 4227 3381 4273 est
3409 4220 3576 4272 modo

1992 4308 2254 4365 librorum
2280 4308 2490 4362 utilium
2519 4307 2769 4377 penuria,
2788 4308 2948 4363 modo
2974 4315 3257 4377 propterea
3282 4307 3423 4376 quod
3444 4322 3572 4377 pro-

1996 4399 2162 4456 lixam
2197 4408 2253 4455 et
2280 4399 2556 4471 ingentem
2584 4398 2908 4468 scriptorum
2936 4398 3131 4454 molem
3169 4398 3413 4453 homines
3440 4398 3570 4452 hor-

1993 4500 2179 4548 rerent
2216 4500 2273 4548 et
2313 4499 2726 4555 aversarentur,
2786 4498 2846 4543 ut
2897 4488 3144 4545 historiae
3196 4488 3562 4560 investigatio.

1992 4582 2251 4651 quoniam
2284 4596 2421 4651 vaga
2450 4593 2505 4636 et
2546 4579 2751 4635 incerta
2775 4590 2916 4645 erat,
2961 4580 3014 4635 in
3051 4580 3290 4635 tenebris
3337 4580 3569 4650 iaceret.

1992 4674 2353 4740 Quamobrem
2398 4672 2789 4728 Constantinus
2827 4671 3358 4744 Porpltyrogcnitus,
3415 4672 3570 4743 prin-

1990 4783 2118 4838 ceps
2164 4768 2440 4831 omnium,
2514 4766 2605 4834 qui
2660 4775 2787 4819 ante
2827 4778 2887 4819 se
2925 4765 3209 4836 imperium
3258 4774 3570 4829 tenuerunt,

1988 4855 2482 4913 Christianissimus
2505 4863 2559 4909 et
2584 4854 2817 4909 maxime
2843 4855 3202 4918 ortltodoxns,
3247 4869 3371 4913 cum
3400 4869 3566 4909 accu-

308 4948 573 5019 πρότερον
599 4948 700 5019 μὲν
738 4949 1006 5021 ζητητικῇ
1043 4949 1314 5020 διεγέρσει
1344 4950 1364 4981 ²
1402 4950 1616 5021 βίϐλους
1661 4951 1916 5019 ἄλλοθεν4

1994 4952 2161 5008 ratius
2192 4951 2245 5004 in
2272 4963 2453 5003 rerum
2499 4946 2851 5001 honestarum
2884 4946 3245 5017 cognitionem
3284 4945 3563 5004 incumbe-

306 5038 472 5103 ἄλλας
494 5040 555 5104 ἐξ
575 5040 795 5111 ἁπάσης
816 5038 1123 5111 ἑκασταχοῦ
1146 5040 1473 5111 οἰκουμένης
1500 5040 1886 5111 συλλέξασθαι,

309 5132 663 5201 παντοδαπῆς
698 5132 793 5187 καλ⁵
843 5130 1162 5196 πολυειδοῦς
1206 5132 1523 5201 ἐπιστήμης
1550 5131 1880 5203 ἐγκύμονας·

307 5223 525 5278 ἔπειτα·
563 5222 627 5277 τὸ
668 5223 771 5292 τῆς
840 5221 1214 5286 πλατυεπείας
1268 5221 1502 5292 μέγεθος
1563 5221 1657 5275 κα)⁵
1714 5223 1883 5288 ἀκοὰς

215 5317 223 5323 “
303 5314 626 5379 ἀποκναῒον,
660 5314 835 5376 ἄλλως
870 5330 930 5366 τε
962 5314 1056 5368 καὶ
1081 5313 1312 5384 ὀχληρὸν
1340 5312 1434 5365 καὶ
1464 5314 1724 5384 φορτικὸν
1753 5332 1881 5384 φαι-

304 5406 530 5474 νόμενον
559 5405 671 5469 τοῖς
706 5403 943 5470 πολλοῖς,
990 5404 1099 5458 δεῖν
1147 5403 1300 5475 ᾠήθη
1333 5404 1698 5477 καταμερίσαι
1727 5404 1885 5459 τοῦτο

1992 5053 2093 5108 rct,
2126 5042 2208 5096 vir
2247 5046 2495 5111 prttmplo
2519 5048 2573 5093 et
2616 5036 2729 5093 acri
2769 5037 3006 5108 ingenio,
3034 5037 3307 5112 Optimum.
3325 5048 3448 5093 esse
3478 5035 3566 5105 iu-

1990 5131 2191 5189 dicavit
2221 5140 2279 5186 et
2309 5144 2375 5184 ex
2411 5127 2645 5183 utilitate
2675 5128 2915 5198 publica,
2956 5126 3078 5182 vita:
3120 5126 3283 5182 etiam
3317 5127 3567 5181 humana:

1987 5224 2326 5279 fructuosum
2377 5227 2430 5276 et
2474 5219 2820 5276 commodum
2846 5260 2861 5287 ,
2908 5218 3143 5290 primum
3188 5217 3407 5288 quidem
3441 5217 3565 5272 dili«

1990 5316 2132 5389 genti
2157 5314 2543 5387 perquisitione
2571 5313 2706 5370 alios
2728 5312 2944 5373 aliunde
2962 5311 3129 5368 libros
3146 5311 3325 5365 omnis
3346 5309 3567 5381 generis

1988 5410 2211 5464 scientia
2258 5406 2487 5463 refertos
2536 5421 2633 5479 per
2693 5404 3005 5465 universum
3061 5411 3325 5463 terrarum
3369 5399 3564 5457 orbem

302 5500 385 5563 cl;
436 5498 860 5569 λεπτομέρειαν,
892 5497 1266 5569 ἀνεπιφθόνως
1306 5516 1367 5553 τε
1416 5499 1694 5570 προθεῖναι
1728 5502 1881 5570 κοινῇ

1994 5501 2259 5571 colligere.
2290 5501 2491 5558 Deinde
2511 5514 2630 5556 cum
2660 5498 2920 5555 immensa
2950 5504 3005 5552 ct
3027 5493 3248 5551 confusa
3269 5493 3560 5551 verborum

302 5598 305 5601 '
1555 5593 1791 5652 VARIIE
1829 5593 2230 5653 LECTIONES.

379 5686 396 5719 ¹
430 5684 755 5761 λογιώτερον
785 5686 934 5760 conj.
970 5686 1216 5751 Cantocl.
1293 5688 1312 5718 ²
1348 5687 1597 5759 διηγήσει
1634 5688 1757 5746 Par.
