4056 6210
429 318 536 383 635

1473 324 1980 388 CONSTANTINI
2002 327 2678 390 PORPHYROGENITI

3568 324 3681 386 636

428 433 732 505 congeries,
768 447 887 504 quae
914 435 1154 488 auditum
1186 433 1475 504 fatigabat,
1521 438 1705 494 multis
1731 440 1913 509 gravis
1947 449 2001 495 ct
2032 485 2039 503 ι

2145 440 2211 510 ὴν
2247 440 2312 491 ἐκ
2356 440 2565 493 τούτων
2619 437 3004 507 ἀναφυομένην
3037 435 3325 504 ὠφέλειαν
3372 434 3446 497 ὡς
3483 433 3547 486 ἐκ
3580 434 3684 504 μὲν

429 524 659 579 molesta
707 522 1023 587 videretur,
1077 524 1407 580 existimavit
1457 537 1713 596 oportere
1760 530 2002 584 historiae

2143 531 2203 600 ἧς
2248 529 2481 599 ἐκλογῆς
2533 528 3055 598 προσεκτικωτέρως
3099 527 3194 580 καὶ
3245 524 3685 594 ἐνδελεχέστερον

430 613 850 669 commentarios
884 613 936 667 in
987 613 1266 670 breviores
1312 625 1495 685 partes
1545 619 1902 684 contrahere,
1950 628 2005 675 et

432 707 551 760 sine
581 704 685 758 ulla
718 704 921 759 invidia
971 706 1025 760 in
1074 720 1363 761 commune
1410 709 1816 779 percipiendam
1860 724 2005 778 eam,

430 810 552 865 qua:
578 811 641 851 ex
676 796 760 852 bis
796 796 951 852 libris
993 798 1188 864 oritur,
1240 801 1529 855 utilitatem
1555 816 1873 871 proponere.
1927 803 2008 858 Ad

431 888 569 953 haec,
602 896 661 942 ut
686 903 751 942 ex
780 892 882 943 hac
915 890 1235 945 collectione
1266 895 1524 947 attentius
1554 903 1607 948 et
1635 894 1841 949 facilius
1872 909 2013 964 prac-

430 980 752 1035 stantissimi
787 981 890 1037 loci
942 982 1171 1037 inveniri
1217 984 1395 1054 iisque
1440 985 1707 1055 elegantia
1750 987 2011 1043 orationis

435 1072 691 1127 subtilius
725 1072 899 1130 excoli
949 1081 1155 1144 posset,
1190 1075 1467 1145 ingeniose
1493 1087 1546 1132 et
1576 1077 1807 1132 solerter
1832 1092 1925 1132 eos
1956 1080 2011 1133 in

433 1164 585 1218 varia
623 1174 943 1235 argumenta
977 1168 1267 1237 digerenda
1298 1183 1422 1224 esse
1452 1171 1733 1236 censebat,
1774 1170 1826 1223 in
1865 1170 2017 1239 quin-

436 1255 695 1323 quaginta
733 1270 929 1324 nempe
959 1265 1013 1311 et
1044 1259 1167 1323 tria,
1213 1258 1413 1327 quibus
1440 1267 1546 1314 tota
1577 1260 1814 1313 historiae
1847 1258 2017 1313 moles

437 1346 770 1402 continetur.
812 1348 996 1418 Neque
1023 1349 1128 1403 ulla
1179 1351 1407 1405 materia
1445 1361 1528 1406 est
1566 1352 1618 1422 3
1651 1366 1770 1420 qua:
1799 1351 2018 1422 effugiat

439 1439 631 1493 harum
661 1440 919 1497 classium
949 1450 1006 1496 et
1028 1442 1401 1512 hypmheseon
1430 1443 1858 1513 dispositionem.
1912 1442 2018 1497 Ne-

441 1546 549 1599 que
579 1532 803 1591 omnino
833 1535 934 1589 ista
978 1548 1075 1603 per
1117 1549 1437 1591 communes
1468 1535 1718 1592 notiones
1766 1544 1822 1590 et
1872 1534 2020 1595 locos

444 1620 586 1676 facta
618 1624 896 1680 distinctio
932 1626 1227 1695 quidquam
1254 1626 1319 1681 de
1344 1635 1603 1696 perpetuo
1627 1627 1807 1697 operis
1833 1636 2021 1681 tenore

2106 619 2559 689 κατεντυγχάνειν
2593 618 2674 681 εις
2701 616 2827 681 τοὺς
2858 616 3159 688 τροφίμους
3210 613 3320 668 τῶν
3363 614 3563 682 λόγων,
3590 614 3686 665 καὶ

2111 709 2483 781 μονιμώτερον
2528 707 2890 762 ἐντυποῦσθαι
2936 706 3149 770 τούτοις
3198 706 3301 777 τὴν
3360 705 3469 757 τῶν
3507 704 3686 773 λόγων

2110 801 2462 872 εὑφράδειαψ
2490 800 2854 872 μεγαλοφυῶς
2905 817 2966 852 τε
3025 800 3118 852 καὶ
3167 798 3518 867 εὑεπηϐόλως
3544 797 3686 867 πρὶς

2109 893 2203 947 ἐπὶ
2228 894 2249 926 ³
2276 892 2490 955 τούτοις
2531 891 2901 963 καταμερίσαι
2934 891 3014 953 είς
3051 889 3339 952 ὑποθέσεις
3368 889 3684 959 διαφόρους,

2110 987 2259 1054 τρεῖς
2318 984 2412 1036 ἐπὶ
2460 986 2574 1047 τοῖς
2627 985 2965 1054 πεντήκοντα
2995 982 3088 1035 τὸν
3120 981 3352 1052 ἀριθμὸν
3404 979 3591 1042 οὔσας·
3629 982 3691 1053 ἐν

2113 1069 2200 1139 αἷς
2232 1075 2328 1128 καὶ
2350 1073 2441 1143 ὑφ’
2467 1066 2557 1136 αἷς
2602 1074 2790 1127 ἅπασα
2841 1070 3087 1143 ἱστορικὴ
3134 1070 3505 1141 μεγαλουργία
3553 1087 3691 1138 συγ-

2115 1165 2378 1230 κλείεται,
2410 1164 2548 1217 κούκ
2578 1163 2731 1217 ἐστιν
2773 1164 2927 1217 ούδέν
2978 1162 3088 1216 τῶν
3122 1162 3479 1233 ἐγκειμένων,
3522 1162 3549 1215 ὃ
3579 1163 3689 1214 δια-

2118 1256 2377 1327 φεύξεται
2407 1256 2505 1327 τὴν
2535 1255 2791 1324 τοιαύτην
2836 1254 2946 1308 τῶν
3006 1255 3319 1308 ὑποθέσεων
3371 1252 3691 1321 ἀπαρίθμη-

2118 1367 2238 1415 σιν,
2296 1348 2449 1402 οὑδέν
2502 1348 2563 1400 τὸ
2635 1347 2896 1415 παράπαν
2957 1345 3370 1416 ἀφαιρουμένης
3443 1347 3540 1413 τῆς
3594 1342 3692 1395 τοῦ

2117 1439 2275 1508 λόγου
2326 1437 2648 1501 ἀκολουθίας
2697 1440 2764 1508 τῇ
2812 1436 3076 1505 διαιρέσει
3121 1435 3230 1489 τῶν
3270 1435 3511 1500 ἐννοιῶν,
3555 1434 3696 1487 ἀλλὰ

2121 1530 2410 1601 σύσσωμον
2465 1529 2746 1595 σωζούσης
2804 1528 2901 1583 καὶ
2950 1528 3160 1599 ἑκάστῃ
3225 1527 3481 1581 ὑποθέσει
3522 1543 3698 1597 προσ-

2121 1623 2501 1694 αρμοζομένης
2553 1622 2653 1692 τῆς
2707 1620 3043 1693 τηλικαύτης
3104 1622 3165 1674 οὑ
3227 1620 3534 1691 συνόψεως,
3567 1622 3701 1690 ἀλη-

444 1724 499 1768 et
531 1717 947 1771 continuatione
976 1717 1251 1773 detrahit:
1287 1717 1381 1772 sed
1429 1717 1694 1787 integram
1733 1731 1853 1773 eam
1887 1731 2022 1772 con-

2143 1713 2375 1783 Ιέστερον
2428 1713 2472 1765 δ’
2528 1714 2704 1765 εἰπεῖν
2763 1712 3117 1775 οίκειώσεως.
3151 1704 3252 1765 Ὧν
3308 1710 3702 1777 κεφαλαιωδῶν

443 1812 626 1857 servat
654 1812 709 1859 et
732 1818 831 1859 suo
857 1804 1109 1876 quodque
1143 1814 1464 1876 argumento
1488 1779 1735 1863 attribuit
1764 1808 1881 1863 haec
1911 1822 2021 1862 non

2143 1779 2441 1858 ὅποθέσεων
2491 1805 2524 1874 ἡ
2561 1802 2905 1874 προκειμένη
2937 1801 3079 1872 αὕτη
3134 1805 3230 1858 καὶ
3260 1801 3703 1872 ἐπιγραφομένη,

445 1901 553 1949 tam
587 1894 884 1963 dividendi,
919 1911 1079 1967 quam
1116 1898 1171 1952 in
1208 1898 1481 1968 prapriam
1512 1898 1698 1953 sedem
1745 1897 2023 1968 redigendi

445 1986 609 2042 ratio.
650 1988 798 2043 inter
825 1987 1051 2044 istorum
1081 1988 1329 2061 locorum»
1356 1990 1723 2044 communium
1769 1998 1825 2045 et
1860 1990 2028 2061 hypo-

448 2079 675 2133 theseon
704 2079 943 2148 capitula
974 2090 1138 2151 caput
1177 2081 1538 2147 inscriptum:
1580 2081 1657 2136 De
1695 2082 1881 2153 legatis
1917 2081 2025 2136 Ro-

449 2187 726 2224 manorum
767 2170 842 2225 ad
875 2173 1105 2228 ethnicos
1134 2182 1253 2229 erat
1284 2175 1475 2230 ordine
1515 2175 1830 2230 vicesimum
1861 2175 2029 2245 septi-

452 2276 645 2327 mum;
691 2262 925 2332 primum
974 2277 1103 2320 vero
1139 2281 1154 2319 :
1200 2264 1279 2320 De
1321 2267 1694 2334 imperatorum
1728 2265 2029 2336 proclama-

452 2350 613 2404 tione.
660 2351 911 2408 Declarat
940 2362 1119 2409 autem
1159 2353 1259 2410 boc
1293 2355 1641 2425 prooemium,
1688 2370 1824 2425 quos
1852 2364 2033 2424 patres

452 2451 507 2496 et
536 2456 785 2499 auctores
807 2445 860 2499 hi
887 2460 1167 2501 sermones
1198 2446 1431 2502 habeant
1461 2455 1515 2502 et
1540 2446 1781 2510 laudent,
1814 2454 1868 2501 et
1892 2446 2034 2501 unde

453 2534 544 2590 isti
579 2545 768 2605 partus
814 2536 943 2593 editi
979 2537 1033 2593 in
1074 2538 1253 2594 lucem
1286 2538 1628 2608 prodierint,
1682 2551 1750 2591 ne
1779 2539 1885 2592 sint
1926 2536 2033 2592 ulla

456 2626 633 2698 capita
670 2629 897 2685 istarum
936 2630 1345 2701 hypothesium,
1401 2628 1546 2683 nullo
1589 2629 1754 2683 citato
1796 2636 2034 2696 auctore,

456 2734 566 2773 non
602 2721 857 2791 genuina,
890 2722 986 2777 sed
1024 2718 1213 2775 llctitia
1243 2730 1298 2774 et
1328 2718 1696 2790 supposititia.
1745 2719 1883 2774 Sunt
1908 2732 2038 2775 vero

456 2810 739 2879 desumpta
768 2828 835 2866 ex
870 2809 957 2866 his
989 2809 1285 2877 chronicis,
1315 2828 1435 2882 qua:
1460 2812 1844 2881 subjiciuntur.
1877 2812 1928 2866 l.
1957 2811 2039 2865 Ex

461 2898 622 2955 Petro
650 2900 886 2957 Patricio
920 2910 974 2957 et
1010 2902 1309 2973 magistro;
1348 2902 1405 2958 2.
1440 2919 1504 2959 ex
1539 2903 1799 2959 Chronico
1824 2902 2039 2974 Georgii

463 2992 713 3049 monachi
740 3011 755 3060 ;
794 2994 847 3050 5.
883 3009 950 3051 ex
977 2994 1184 3050 Joanne
1208 2994 1580 3052 Antiocheno:
1611 2999 1666 3053 4.
1694 3013 1762 3054 ex
1786 2996 2043 3069 Dionysio

2126 1897 2266 1966 Περὶ
2314 1897 2623 1965 πρέσϐεων
2664 1895 2964 1965 Ῥωμαίων
2996 1895 3148 1963 πρὸς
3199 1895 3509 1959 Ἔθνικσυς
3560 1893 3707 1960 διευ-

2125 1989 2319 2060 γχάνει
2344 1987 2480 2044 οὖσα
2502 1987 2702 2059 ἐὸδόμη
2736 1989 2831 2042 ἐπὶ
2876 1991 2989 2053 τοῖς
3038 1988 3231 2053 εἰκοσι,
3263 1987 3362 2054 τῆς
3396 1985 3619 2057 πρώτης
3644 1987 3708 2039 τὸ

2128 2083 2414 2153 ἐπώνυμον
2437 2083 2710 2153 λαχούσης
2735 2082 2873 2150 Περὶ
2889 2082 3201 2146 βασιλέων
3227 2080 3703 2149 ἀναγορεύσεως.

2142 2173 2427 2245 Ἐμφαίνει
2460 2172 2517 2226 δέ
2551 2172 2707 2225 τουτὶ
2736 2172 2797 2225 τδ
2827 2173 3135 2242 προοίμιον,
3170 2171 3324 2235 τίνας
3356 2172 3406 2224 oi
3427 2172 3574 2239 λόγοι
3600 2188 3711 2225 παο

2129 2266 2294 2336 τέρας
2328 2264 2622 2332 κέκτηνται
2645 2263 2740 2317 καὶ
2763 2263 2887 2317 ὅθεν
2930 2258 3379 2324 ἀποκυΐσκονται,
3415 2262 3489 2324 ὡς
3524 2260 3591 2316 ἂν
3631 2261 3710 2331 μὴ

2131 2352 2264 2413 ὦσιν
2300 2357 2354 2410 αἱ
2397 2354 2790 2424 κεφαλαιώδεις
2830 2353 3118 2417 ὑποθέσεις
3150 2353 3583 2424 ἀκατονόμαστοι
3618 2353 3714 2407 καὶ

2144 2449 2222 2521 μὴ
2249 2448 2488 2517 γνήσιοι,
2521 2446 2658 2500 ἀλλά
2690 2446 2833 2499 νόθοι
2861 2463 2922 2498 τε
2967 2445 3062 2499 καὶ
3110 2444 3471 2516 ψευδώνυμοι.
3505 2446 3625 2497 Είσὶ
3655 2444 3717 2498 δέ

2137 2541 2201 2593 ἐκ
2246 2539 2357 2593 τῶν
2392 2537 2853 2608 ὑποτεταγμένων
2904 2536 3191 2606 χρονικῶν·
3239 2534 3310 2599 α’,
3350 2536 3560 2605 Πέτρου
3601 2551 3713 2587 πα-

2144 2632 2358 2703 τρικίου
2393 2631 2490 2686 καὶ
2528 2629 2831 2700 μαγίστρου
2856 2642 2869 2657 '
2902 2628 2972 2698 β’,
3001 2627 3278 2697 Γεωργίου
3312 2626 3547 2697 μονα.χοῦ
3571 2628 3719 2691 Χροο

2139 2723 2334 2794 νικῆς·
2368 2722 2438 2792 γ’,
2475 2721 2724 2776 Ἰωάννου
2767 2720 3107 2789 ’Δντιοχέως
3144 2718 3209 2783 δ’,
3254 2718 3531 2773 Διονυσίου
3573 2717 3720 2770 Ἀλι-

2140 2816 2498 2887 καρνασσέως
2522 2812 2865 2883 ,Ῥωμαῖκῆς
2887 2812 3332 2882 ἀρχαιολογίας·
3354 2811 3416 2874 ε’,
3443 2818 3518 2876 ς’,
3551 2810 3722 2863 Πολυ-

2142 2910 2261 2963 ϐίου
2308 2908 2751 2977 Μεγαλοπολίτου
2800 2905 2897 2959 καὶ
2956 2904 3289 2958 Ἀππιανοῦ·
3347 2902 3414 2966 ζ’,
3459 2901 3717 2971 Ζωσίμου

2155 2999 2576 3056 Ἀσκαλωνίτου·
2611 3003 2683 3069 η’,
2710 2997 2978 3068 Ἰωσήπου
3025 2993 3362 3061 Ἰουδαϊκῆς
3404 2994 3726 3061 ἀρχαιολοο

464 3080 928 3142 llalicarnassensi
963 3084 1039 3142 De
1066 3088 1469 3159 antiquitatibus
1500 3088 1788 3157 Romanis;
1827 3092 1860 3146 5
1906 3101 1960 3145 et
1986 3090 2039 3146 6.

2144 3093 2297 3163 γίας·
2328 3092 2395 3158 θ’,
2430 3090 2697 3162 Διοδώρου
2738 3089 3084 3144 Σικελιώτου’
3139 3094 3202 3153 ι’,
3236 3086 3441 3149 Δίωνος
3480 3088 3729 3140 Κοκκια-

465 3188 532 3230 ex
568 3176 792 3249 Polybio
826 3178 1281 3252 Megalopolitano
1316 3191 1370 3237 et
1394 3182 1681 3254 Appiano;
1712 3183 1764 3239 7.
1799 3197 1865 3238 ex
1888 3183 2041 3239 Zosi-

468 3282 558 3325 nto
579 3270 919 3337 Ascalonita;
947 3272 1001 3329 8.
1028 3270 1338 3343 exJosepho
1359 3273 1433 3328 De
1455 3276 1769 3345 antiquitate
1783 3275 2044 3341 Iudaica;

463 3361 518 3416 9.
551 3374 615 3417 ex
649 3361 879 3421 Diodoro
912 3362 1142 3431 Siculo;
1179 3366 1261 3421 l0.
1296 3381 1362 3421 ex
1391 3366 1561 3422 Dione
1586 3367 1886 3422 Cocceiano
1912 3383 1926 3431 ;
1956 3367 2043 3423 11.

466 3468 531 3508 ex
560 3454 825 3525 Proc0pio
878 3455 1236 3523 Caesariensi;
1287 3456 1373 3511 12.
1422 3472 1489 3511 ex
1538 3457 1726 3511 Prisco
1771 3456 2046 3522 Rhetore;

2150 3184 2264 3240 νούο
2296 3183 2385 3250 ια’,
2431 3185 2743 3254 Προκοπίου
2774 3182 3130 3253 Καισαρέωςο
3170 3179 3261 3250 ιβ’,
3291 3179 3529 3251 Πρίσκου
3566 3178 3730 3247 ῥήτο-

2154 3292 2269 3348 ρος’
2312 3274 2400 3345 ιγ’,
2444 3275 2666 3346 Μάλχου
2709 3273 2988 3343 σοφιστοῖν
3048 3273 3130 3336 te,
3178 3269 3490 3340 Μενάνδρου
3546 3267 3731 3338 προτία

2155 3383 2368 3438 κτοροςο
2409 3365 2489 3429 ιε’,
2525 3366 2909 3436 Θεοφυλάκτου
2939 3364 3033 3419 ἀπ’
3063 3363 3324 3435 ἐπάρχων
3354 3362 3449 3413 καὶ
3474 3359 3735 3430 ἀντιγραο

2157 3456 2305 3525 φέως
2328 3455 2423 3510 τοῦ
2459 3458 2821 3527 Σιμοκάττου.

469 3548 561 3603 15.
593 3565 657 3603 ex
694 3549 907 3604 Malcho
972 3549 1263 3621 Sophista;
1322 3549 1410 3605 14.
1469 3564 1537 3606 ex
1596 3548 1893 3606 Menandro
1957 3546 2313 3615 Protectore;
2369 3549 2457 3605 lo.
2524 3563 2592 3606 ex
2638 3548 3043 3620 Theophylacto
3078 3548 3373 3605 cxconsule
3412 3557 3468 3603 ct
3511 3554 3739 3602 contra-

468 3644 649 3700 scriba
676 3644 998 3703 Simocatta.

548 3878 826 3945 Quomodo
878 3888 1079 3951 oportet
1134 3882 1335 4007 leg'altos
1360 3884 1639 3941 admittere
1661 3894 1751 3940 aut
1779 3887 1979 3958 legatos

1148 3965 1374 4007 mttere.

1148 3965 1374 4010 mittere.

545 4064 602 4137 4
656 4064 841 4137 Legati
898 4074 992 4122 aut
1041 4082 1072 4122 a
1113 4068 1290 4134 nobis,
1341 4079 1435 4125 aut
1483 4070 1549 4125 ad
1600 4086 1697 4126 nos
1744 4074 2051 4127 mittuntur.

478 4155 706 4222 Quando
736 4157 901 4227 igitur
927 4159 993 4213 ad
1030 4174 1129 4214 nos
1162 4162 1472 4226 mittuntur,
1507 4169 1721 4231 oportet
1755 4178 1851 4217 eos
1882 4165 2053 4217 hono-

480 4247 633 4302 riiice
687 4256 741 4303 ct
784 4247 1082 4304 liberaliter
1127 4250 1399 4319 excipere.
1474 4250 1674 4308 Omnes
1713 4255 1859 4308 enim
1911 4254 2057 4324 ipsos

482 4340 776 4393 honorant.
803 4338 938 4395 Cum
963 4353 1148 4395 eorum
1173 4341 1438 4397 ministris
1460 4350 1571 4397 tute
1593 4354 1855 4413 cauteque
1876 4360 2057 4415 agere,

484 4442 552 4482 ne
573 4430 701 4499 quid
727 4430 794 4484 ab
820 4428 926 4483 ullo
952 4430 1350 4501 interrogantes
1382 4431 1615 4487 discant.
1662 4432 1724 4487 Et
1751 4432 1794 4486 si
1818 4433 2056 4503 gentium

2307 3882 2439 3950 Πῶς
2465 3879 2561 3936 δεῖ
2584 3878 3023 3950 Πρεσὸεὐεσθαι
3054 3877 3152 3931 καί
3181 3871 3555 3944 πρεσϐεύειν.

2234 4053 2499 4127 Πρέσϐεις
2534 4053 2564 4122 ἢ
2593 4051 2722 4122 παρ’
2756 4049 2914 4122 ἡμῶν
2948 4048 2980 4118 ἢ
3032 4047 3169 4120 πρὸς
3200 4046 3345 4117 ἡμᾶς
3378 4042 3738 4097 ἀποστέλλον-

2162 4166 2273 4205 ται.
2316 4149 2443 4202 Ἐὰν
2481 4146 2580 4217 μὲν
2608 4145 2703 4197 οὖν
2750 4145 2889 4215 πρὸς
2946 4143 3093 4212 ἡμᾶς
3135 4138 3605 4201 ἀποστέλλωνται,
3635 4135 3742 4206 χρὴ

2164 4238 2462 4311 φιλοτίμως
2492 4253 2553 4290 τε
2590 4236 2685 4289 καὶ
2717 4234 2956 4304 δαψιλῶς
2987 4233 3209 4295 τούτους
3241 4230 3594 4301 ὑποδέχεσθαι
3623 4225 3744 4298 (καὶ

2166 4335 2274 4407 γὰρ
2306 4334 2508 4404 τιμῶσι
2550 4331 2751 4393 πάντες
2795 4327 3036 4396 αὐτοὺς),
3073 4328 3199 4390 τοὺς
3239 4324 3297 4378 δέ
3336 4320 3745 4394 ὑπηρετοῦντας

2169 4428 2351 4491 αὑτοῖς
2385 4425 2451 4479 δι’
2486 4423 2788 4493 ἀσφαλείας
2841 4419 2988 4491 ἔχειν
3044 4419 3124 4481 εἰς
3156 4418 3218 4470 τὸ
3274 4414 3523 4487 μηδενότι
3553 4413 3573 4443 ⁸
3602 4410 3749 4464 6:601-

484 4522 647 4594 longo
683 4538 713 4578 a
759 4524 916 4578 nobis
961 4498 1246 4579 intervallo
1276 4524 1592 4578 distantium
1619 4524 1776 4594 legati
1807 4498 1937 4585 sint,
1989 4525 2039 4579 it:

2171 4534 2321 4572 σκειν
2375 4512 2841 4586 ἐπερωτωμένους
2871 4507 3110 4570 .αύτούς.
3161 4504 3280 4558 Κᾶν
3320 4504 3418 4574 μὲν
3470 4501 3577 4554 τῶν
3629 4498 3749 4551 λίαν

488 4623 550 4666 ιιι
580 4614 723 4670 inter
755 4630 854 4671 nos
876 4623 933 4671 et
959 4615 1113 4686 ipsos
1136 4616 1245 4671 sint
1269 4616 1386 4671 alia:
1411 4626 1616 4687 gentes,
1646 4616 1731 4672 bis
1754 4628 2065 4673 nostrorum

490 4720 611 4775 qua:
641 4714 696 4761 et
727 4707 907 4775 qualia
939 4708 1232 4774 videbitur,
1275 4709 1563 4765 ostendere
1585 4709 1734 4765 licet.
1768 4710 1909 4765 idem
1935 4724 2069 4779 quo-

491 4811 595 4867 qne
617 4797 683 4853 de
706 4798 813 4865 bis,
850 4801 940 4870 qui
980 4801 1135 4856 nobis
1179 4801 1337 4856 vicini
1386 4811 1535 4868 sunt,
1582 4800 1740 4856 modo
1770 4801 1977 4857 viribus
2014 4810 2069 4856 et

492 4892 733 4961 potentia
785 4890 894 4949 sint
942 4892 1250 4951 inferiores.
1338 4893 1433 4949 Sin
1488 4902 1667 4949 autem
1717 4895 1874 4965 longo
1916 4892 2070 4948 nobis

497 4992 759 5050 praestant
786 4984 901 5039 sive
942 4984 1284 5040 multitudine
1317 4985 1597 5041 hominum
1622 5028 1636 5051 ,
1683 4987 1798 5041 sive
1831 4984 2064 5039 virtute:

501 5083 606 5123 non
643 5060 853 5140 oportet
888 5070 995 5126 illis
1044 5081 1320 5127 ostentare
1361 5088 1537 5143 neque
1580 5089 1730 5145 opes,
1764 5089 1937 5145 neque
1966 5088 2069 5128 no-

500 5172 738 5216 strarum
774 5163 1059 5219 mulierum
1091 5164 1593 5233 pulchritudinem:
1655 5167 1749 5221 sed
1794 5166 2075 5219 hominum

502 5253 892 5309 abundantiam
915 5263 969 5310 et
989 5268 1263 5308 armorum
1287 5255 1508 5324 pulchre
1530 5254 1881 5312 constitutum
1910 5266 2079 5321 appa-

505 5352 681 5401 ratum
713 5356 768 5401 et
796 5361 1077 5402 murorum
1113 5347 1533 5417 propugnacula.
1592 5346 1650 5401 Si
1676 5361 1705 5399 a
1736 5344 1889 5399 nobis
1917 5342 2077 5412 legati

505 5436 814 5504 mittuntur,
844 5446 1059 5510 oportet
1100 5438 1249 5493 viros
1294 5450 1415 5494 esse
1462 5436 1700 5509 probos,
1745 5436 1944 5506 pietate
1998 5434 2082 5489 in-

2170 4605 2555 4678 ἁφεστηκότων
2579 4603 2629 4655 οἱ
2652 4598 2911 4671 πρέσϐεις
2940 4592 3070 4659 εἷεν,
3102 4594 3244 4646 ὥστε
3275 4590 3478 4663 μεταξὺ
3522 4587 3750 4640 ἐκείνων

2170 4718 2231 4754 τε
2282 4699 2377 4751 καὶ
2409 4695 2569 4767 ἡμῶν
2605 4688 2746 4746 εἷναί
2779 4708 2899 4744 τινα
2938 4688 3048 4742 τῶν
3086 4685 3273 4747 ἐθνῶν,
3305 4681 3625 4767 ἐμφανίζειν
3656 4678 3753 4731 αὑ-

2170 4793 2284 4854 τοῖς
2338 4762 2463 4842 τῶν-
2497 4785 2782 4858 ἡμετέρων
2836 4782 3011 4835 ὁπόσα
3090 4778 3187 4833 καλ⁸
3260 4771 3351 4830 οἶα
3420 4762 3747 4855 βὀυλόμεθα.

2185 4880 2417 4952 Ὁμοίως
2448 4880 2505 4932 δέ
2530 4880 2578 4930 εί
2607 4877 2701 4930 καὶ
2745 4874 3112 4945 πλησιόχωροι
3145 4870 3242 4941 μὲν
3276 4866 3431 4938 ἡμῶν
3461 4864 3750 4931 καθειστή-

2176 4990 2362 5037 κεσαν,
2399 4968 2591 5032 ἐνδεῶς
2606 4968 2663 5021 δέ
2693 4966 2826 5038 πρὸς
2850 4964 2949 5035 τὴν
2973 4960 3250 5033 ἡμετέραν
3279 4959 3463 5030 έχουσι
3494 4954 3750 5022 δύναμιν.

2179 5067 2241 5120 Εἰ
2277 5065 2332 5117 δὲ
2370 5061 2513 5117 κατά
2554 5060 2689 5113 πολὺ
2744 5058 2905 5129 ἡμῶν
2954 5054 3327 5125 διενηνόχασιν
3354 5090 3369 5115 ,
3406 5049 3516 5102 εἴτε
3561 5045 3755 5115 πλήθει

2178 5152 2432 5228 στρατοῦ,
2469 5152 2581 5206 εἴτε
2607 5149 2852 5222 ἀνδρείᾳ,
2887 5146 2993 5219 χρὴ
3019 5146 3156 5216 μήτε
3182 5140 3433 5206 πλοῦτον,
3468 5140 3609 5212 μήτε
3646 5153 3756 5228 γυ-

2178 5227 2382 5302 ναικῶν
2417 5245 2588 5314 κάλλη
2642 5241 2969 5314 ἐμφανίζειν
3022 5239 3227 5301 αὑτοῖς,
3252 5236 3434 5306 πλήθη
3458 5233 3514 5286 δὲ
3544 5227 3758 5300 ἀνδρῶν

2180 5339 2276 5395 καὶ⁵
2324 5336 2502 5391 ὅπλων
2553 5333 2849 5403 εὐκοσμίαν
2892 5332 2988 5385 καὶ
3039 5329 3234 5400 τειχῶν
3279 5325 3576 5397 ὑψώματα.
3615 5324 3677 5375 El
3705 5320 3763 5373 δὲ

2184 5432 2314 5502 παρ’
2354 5428 2512 5501 ἡμῶν
2574 5425 2829 5498 πρέσϐεις
2877 5422 3323 5489 ἀποστέλλονται,
3385 5419 3492 5492 χρὴ
3539 5416 3762 5476 τούτους

1805 5600 2041 5659 VARI/El
2083 5599 2491 5659 LECTIONES.

587 5746 724 5803 ’ἐπὶ
754 5746 883 5807 incl.
917 5748 983 5807 ll.
1064 5751 1282 5828 [EOVGN
1314 5749 1447 5823 πρὸς
1501 5744 1809 5819 Ῥωμαίους
1862 5741 2153 5803 lltcscbclii
2174 5757 2283 5812 mg.
2360 5741 2380 5772 '
2428 5736 2679 5809 μηδενότι
2705 5735 2796 5805 N.,
2824 5732 3015 5806 μηδενί
3054 5748 3105 5785 τι
3136 5729 3280 5799 vulg.
