2028 3105
146 156 204 190 637

532 160 749 192 PROOEMIUM
769 162 820 193 AD
839 163 1039 197 EXCERPTA
1055 167 1104 198 DE
1119 168 1416 203 LEGATIONIBUS.

1729 175 1782 208 638

149 215 263 251 πρῶτον
293 214 345 250 μιν
368 214 497 251 εὐσεϐείᾳ
523 217 727 253 γνωρίζεσθαι,
753 218 801 246 καὶ
835 219 873 255 μὴ
898 220 942 246 ἐπ’

996 222 1095 257 signes,
1111 231 1201 259 neque
1213 225 1384 259 publicorum
1396 226 1561 262 iudiciorum
1577 228 1693 257 crimine
1706 230 1784 258 dam-

150 260 309 296 ιγκλήμασι
328 261 568 297 κατηγορηθέντας
585 263 651 290 ποτὲ
677 264 796 300 δημοσίᾳ
809 273 943 301 κατακρι-

151 306 243 341 θῆναι,
257 303 325 333 εἶναι
339 306 367 333 δὲ
378 307 527 342 φρονίμους
539 308 588 344 τὴν
600 309 693 344 φύσιν,
705 309 799 342 εὔνους
808 311 842 337 τὰ
856 312 942 344 κοινὰ,

151 352 191 384 ὡς
204 352 253 379 καὶ
266 353 490 388 προκινδυνεύειν
507 354 563 381 τῶν
580 355 665 389 ἰδίων,
681 356 807 392 καθάπερ
829 357 943 393 Ῥήγου-

153 398 198 430 λος
212 399 233 430 ⁸,
261 398 308 425 καὶ
332 397 383 434 τὴν
407 399 560 435 ἀποστολὴν
585 401 753 436 προθύμους,
771 402 828 429 ἀλλ’
843 403 874 429 οὺ
900 403 944 438 βε-

155 445 329 480 6ιασμένους,
362 444 489 480 καθάπερ
520 447 534 472 ὁ
564 447 715 481 Αἰγύπτιος
745 448 847 483 ἰατρός.
865 447 944 477 Ὠνὸ

159 490 209 525 μὲν
227 490 302 525 παρὰ
324 490 521 526 Καρχηδονίοις
535 491 644 526 δέσμιος
660 492 708 525 ὣν,
724 494 771 519 καὶ
788 494 857 529 πρὸς
876 493 945 521 Ῥω-

160 536 256 570 μαίους
285 536 348 571 περὶ
377 536 488 570 εἰρήνης
517 537 695 571 πρεσϐεύσων
728 538 944 574 ἀπεσταλμένος,

159 580 270 615 ὄμνυσιν
281 581 437 608 ἐπανελθεῖν
452 582 523 618 πρὸς
537 582 646 615 αὐτοὺς,
665 584 719 610 τῶν
736 584 880 619 Ῥωμαίων
894 585 945 620 τὴν

159 627 269 662 εἰρήνην
294 627 324 653 οὐ
347 628 581 662 καταδεχομένων
601 630 661 655 ἐπεὶ
680 630 708 656 δὲ
731 631 771 662 εἰς
790 630 945 665 Ῥωμαίους

159 672 288 705 ἀφίκετο,
315 673 482 708 ἀπαγορεύει
505 673 554 708 μὲν
576 674 723 709 Ῥωμαῖοις
756 676 806 711 τὴν
832 677 945 712 εἰρήνην

159 715 315 751 ἀσύμφορον
330 717 421 748 αὐτοῖς
444 715 527 744 οὖσαν
539 738 546 750 ,
564 718 652 745 πείθει
677 719 704 746 δὲ
722 720 818 752 αὐτοὺς
834 720 945 748 ἐπανελ-

158 761 214 787 θεῖν
227 761 308 788 αὺτὺν
324 762 392 797 πρὸς
406 763 620 798 Καρχηδονίους,
635 764 674 799 τῷ
684 766 759 801 ὅρκῳ
772 766 943 801 φειδόμενος·

156 807 169 833 ὁ
193 807 221 833 δὲ
246 807 316 834 κατὰ
331 807 378 834 τοῦ
395 807 529 843 βασιλέως
543 810 593 845 τῆς
612 809 752 844 Αἰγύπτου
776 812 823 838 τὸν
838 812 945 848 Πέρσην

156 853 282 888 κινήσας,
300 853 336 880 τὰ
351 854 508 888 Αἰγυπτίων
522 855 631 882 διόλωλε
645 857 667 884 ⁷.
684 858 744 892 Χρὴ
759 858 787 884 δὲ
800 859 862 890 τοὺς
876 859 945 894 πρέ-

156 899 231 930 σϐεις
245 900 485 935 παραγενομένους
500 901 568 935 πρδς
584 901 633 933 οὓς
644 902 866 936 ἀποστέλλονται,
882 904 944 938 φαία

156 944 250 971 νεα-θαι
274 944 427 980 ὲπιχαρεῖς,
448 946 667 981 μεγαλοψύχους,
689 948 882 983 εὐεργετικοὺς
911 949 947 977 τὰ

156 989 196 1021 εἰς
207 989 331 1025 δύναμιν,
350 990 444 1025 ἄμφω,
459 991 493 1019 τά
522 1000 552 1018 τε
580 993 678 1026 οἰκεῖα,
693 993 728 1020 τά
746 1002 775 1019 τε
791 994 845 1020 τῶν
868 995 947 1021 πολε-

159 1035 238 1070 μίων,
254 1036 284 1062 ἐν
301 1036 405 1072 ἐπαίνῳ
421 1037 609 1072 ποιουμένοις,
633 1039 702 1065 ἀλλὰ
727 1039 763 1074 μὴ
778 1039 812 1066 τὰ
833 1040 947 1068 ἐκείνων

158 1080 387 1114 ὲνδιαόάλλοντας.
414 1083 574 1118 Οἰκονομείν
598 1084 626 1110 δὲ
651 1085 691 1111 δεῖ
716 1086 777 1117 τοὺς
805 1087 948 1121 πρέσϐεις,

158 1127 206 1153 καὶ
225 1128 280 1159 τοῖς
297 1129 402 1163 καιροῖς
419 1129 624 1163 ἐπακολουθεῖν,
636 1131 693 1157 ἀλλ’
708 1132 759 1158 οὐκ
777 1133 806 1164 ἐξ
823 1133 946 1169 ἀνάγκης

156 1173 288 1208 πράττειν
299 1174 333 1201 τὰ
355 1174 532 1210 κελευόμενα,
545 1175 570 1202 εἰ
584 1176 621 1211 μὴ
641 1185 668 1203 τι
679 1178 783 1212 πρᾶξαι
800 1180 868 1205 πᾶσι
882 1180 946 1215 τρό-

156 1227 218 1251 ποις
232 1219 502 1255 παρεκελεύσθησαν.
516 1219 579 1247 Οἷον
593 1222 733 1258 ἀπεστάλη
751 1232 793 1254 τις
809 1224 846 1255 ὡς
861 1224 947 1257 φίλοις

155 1262 230 1299 δῶρα
254 1265 312 1296 τοῖς
341 1265 460 1299 γείτοσιν
486 1266 725 1301 ὲπικομιζόμενος·
744 1269 758 1294 ὁ
780 1268 808 1295 δὲ
833 1269 947 1301 τούτους

155 1309 319 1337 multsva
330 1311 364 1337 τὰ
376 1310 430 1337 τῶν
445 1311 551 1346 ἐχθρῶν
570 1312 739 1348 πράττοντας
758 1313 794 1340 τὰ
811 1314 860 1349 μὶν
872 1315 946 1350 δῶρα

155 1355 206 1382 σὺν
222 1355 262 1390 τῷ
279 1355 425 1392 γράμματι
453 1358 658 1393 παρακατεῖχε,
687 1358 782 1393 λόγους
808 1359 836 1386 δὲ
856 1360 947 1394 φιλίας

154 1401 218 1429 ἀντὶ
232 1401 327 1438 δώρων
345 1402 542 1438 ὲπεκομίσατο.
565 1404 638 1439 Ἐρεῖ
649 1404 702 1440 γάρ
715 1412 756 1436 τις
767 1405 890 1438 εἰκότως,
908 1406 946 1438 ὡς

156 1447 242 1483 ἐχρῆν
258 1447 358 1482 μᾶλλον
396 1447 534 1475 ἐπιδοῦναι
559 1449 593 1476 τὰ
621 1449 706 1484 δῶρα,
734 1451 945 1487 καϐημεροῦντα

155 1492 212 1519 τῶν
224 1492 361 1528 πολεμίων
372 1492 402 1520 τὸ
411 1494 518 1529 ἄγριον·
536 1494 553 1529 ἢ
569 1495 604 1521 τὰ
623 1495 674 1530 μὲν
687 1496 840 1533 τιμιώτερα
855 1507 945 1534 παρα-

995 273 1085 302 natos,
1099 270 1246 304 prudentes
1260 271 1362 305 indole,
1373 273 1419 307 qui
1434 272 1546 300 eharam
1556 281 1641 310 remp.
1653 275 1783 308 habeam.

996 319 1024 342 ut
1038 323 1086 350 pro
1099 323 1129 343 ea
1146 316 1243 352 capitis
1259 317 1486 354 fortunarumque
1502 327 1612 347 suarum
1635 321 1783 356 periculum

995 361 1070 388 adire
1082 369 1136 389 non
1151 363 1365 394 recusent,sicut
1378 363 1495 398 Regulus
1509 366 1572 400 :qui
1584 372 1711 401 prompto
1726 368 1786 394 ani-

996 414 1040 433 mo
1062 407 1221 441 legationem
1238 409 1346 441 obeant,
1374 417 1426 437 non
1439 410 1526 443 inviti,
1548 412 1616 439 sicut
1635 412 1780 449 [Egyptius

996 451 1127 480 medicus.
1166 453 1269 480 Horum
1307 454 1410 488 primus
1441 456 1512 490 apud
1544 455 1785 492 Carthaginienses

997 497 1119 532 captivus
1134 502 1161 525 et
1175 500 1208 525 ad
1221 498 1358 526 Romanos
1383 499 1488 534 legatus
1512 508 1561 535 pro
1587 509 1652 536 pace
1674 503 1785 536 missus,

993 543 1095 577 juravit
1118 551 1147 570 se
1170 551 1355 578 reversurum,
1382 545 1406 573 si
1427 545 1542 573 Romani
1563 555 1655 581 pacem
1672 549 1784 576 nollent.

998 589 1049 617 Ubi
1067 590 1100 617 ad
1113 589 1249 618 Romanos
1264 591 1347 624 venit,
1367 599 1459 626 pacem
1481 593 1643 621 dehortatur
1657 599 1784 629 tanquam

997 641 1090 661 eorum
1105 635 1255 661 commodis
1271 637 1448 669 contrariam,
1467 641 1494 664 ct
1508 637 1663 672 iuramento
1678 644 1788 666 servato

997 678 1102 711 suadet,
1127 682 1156 705 ut
1172 686 1201 705 se
1220 679 1252 706 ad
1265 678 1508 715 Carthaginienses
1531 682 1682 710 remittant.
1711 683 1787 710 Alter

997 731 1061 751 vero
1076 732 1137 752 cum
1153 724 1299 752 Persarum
1316 733 1405 760 regem
1423 726 1449 753 in
1465 726 1573 762 Egypti
1589 735 1678 762 regem
1693 729 1785 756 conci-

998 774 1078 800 taret.
1095 778 1138 798 res
1150 770 1339 806 Egyptiorum
1354 773 1548 806 pessumdedit.
1566 772 1678 807 Oportet
1695 778 1785 800 autem

998 816 1109 852 legatos,
1131 816 1176 843 ubi
1200 816 1232 843 ad
1259 823 1316 850 eos,
1341 817 1374 844 ad
1387 824 1455 852 quos
1477 819 1631 851 mittuntur,
1651 819 1786 852 venerint,

998 868 1057 888 sese
1076 862 1210 889 humanos
1227 866 1254 889 et
1278 862 1410 897 benignos
1435 863 1573 895 exhibere,
1599 864 1788 899 magnanimos

998 912 1024 934 et
1040 907 1176 940 liberales,
1198 912 1328 942 quantum
1353 915 1447 935 eorum
1466 908 1610 936 facultates
1634 909 1705 936 ferre
1723 917 1786 944 pos-

997 957 1070 985 sunt,
1086 958 1163 986 mque
1178 958 1228 979 sua
1242 956 1269 979 et
1285 953 1403 980 hostium
1428 953 1550 987 laudare,
1573 962 1661 990 neque
1678 962 1786 987 eorum,

997 999 1067 1033 apud
1082 1005 1150 1032 quos
1173 998 1252 1032 legati
1274 1004 1347 1032 sunt,
1369 1006 1414 1027 res
1427 1001 1503 1034 parvi
1518 1001 1645 1034 pendere.
1674 1001 1786 1036 Oportet

995 1042 1079 1069 etiam
1096 1041 1198 1078 legatos
1211 1050 1255 1070 res
1269 1050 1331 1070 cum
1347 1051 1454 1071 summa
1467 1045 1655 1072 moderatione
1669 1045 1786 1072 admini—

997 1092 1088 1114 strare
1105 1092 1132 1114 et
1155 1087 1323 1122 temporibus
1348 1089 1469 1121 servire,
1496 1096 1584 1123 neque
1609 1089 1634 1116 vi
1655 1089 1788 1124 imperata

997 1132 1139 1167 perﬁcere,
1164 1133 1216 1160 nisi
1232 1132 1303 1159 forte
1318 1134 1460 1169 quibusvis
1476 1135 1563 1162 modis
1580 1134 1615 1161 ad
1632 1134 1712 1161 linem
1725 1142 1789 1170 per-

996 1176 1168 1210 venireiussi
1183 1177 1249 1204 sint.
1269 1177 1305 1205 Ut
1315 1178 1453 1211 videlicet,
1473 1183 1515 1206 est
1530 1178 1626 1213 aliquis
1640 1178 1737 1206 missus
1753 1179 1787 1206 ad

997 1225 1067 1250 dona
1091 1222 1203 1250 ferenda
1226 1222 1251 1257 5
1268 1222 1383 1256 vicinis,
1407 1228 1536 1258 tanquam
1556 1224 1663 1256 amicis,
1687 1228 1713 1251 et
1738 1231 1788 1251 eos

997 1268 1174 1302 deprehendit
1189 1269 1298 1296 hostilia
1315 1268 1445 1297 iacientes
1458 1278 1465 1297 :
1480 1277 1593 1297 munera
1611 1277 1671 1296 cutn
1688 1269 1788 1297 litteris

997 1315 1127 1348 retinuit,
1151 1321 1293 1343 sermones
1318 1315 1465 1343 benevolos
1488 1321 1538 1349 pro
1565 1315 1643 1343 donis
1661 1315 1784 1350 protulit.

997 1360 1073 1388 Dicet
1084 1360 1195 1395 aliquis,
1208 1367 1295 1395 neque
1308 1360 1334 1387 id
1345 1360 1494 1392 immerito,
1506 1361 1659 1394 oportuisse
1667 1360 1784 1395 legatum

999 1407 1084 1442 magis
1110 1407 1179 1434 dona
1198 1408 1317 1439 tradere,
1342 1406 1440 1441 quibus
1457 1405 1634 1433 inimicorum
1658 1405 1786 1432 hostilem

997 1453 1117 1480 animum
1133 1452 1251 1487 placaret
1265 1457 1293 1480 et
1307 1452 1421 1479 leniret:
1438 1451 1480 1479 vel
1495 1451 1657 1486 pretiosiora
1672 1451 1781 1485 quidem
1803 1462 1806 1464 τ

998 1499 1125 1532 retinere,
1138 1498 1190 1525 alia
1206 1505 1270 1525 vero
1289 1498 1365 1529 dare,
1382 1497 1430 1525 sed
1452 1504 1504 1525 non
1519 1497 1610 1525 omnia
1630 1497 1656 1524 in
1676 1504 1723 1523 sua
1737 1503 1786 1531 pn-

157 1539 316 1574 κατασχεῖν,
331 1538 365 1566 τὰ
389 1539 419 1566 δὲ
441 1539 508 1566 ἄλλα
534 1540 682 1575 ἐπιδοῦναι,
710 1542 780 1569 ἀλλὰ
805 1543 842 1579 μὴ
858 1545 945 1572 πάντα

999 1547 1095 1572 testate
1111 1550 1194 1578 penes
1208 1549 1238 1570 se
1254 1542 1373 1570 retinere
1387 1541 1522 1574 debuisse,
1537 1549 1598 1570 cum
1613 1542 1665 1569 hoc
1682 1546 1786 1575 tempe~

157 1585 282 1620 κρατεῖν,
310 1584 348 1617 ὡς
364 1585 433 1621 μήτε
450 1585 513 1618 τοὺς
540 1586 655 1622 ιχθροὺς
678 1587 806 1615 πλουτεῖν
831 1589 943 1623 ἐθέλειν,

156 1630 208 1658 καὶ
223 1629 254 1657 τδ
266 1630 334 1658 πολὺ
356 1631 405 1667 τῆς
419 1631 519 1667 ἔχθρας
544 1632 708 1667 ὑποτέμνειν
725 1634 779 1660 τῶν
795 1634 943 1670 πολεμίων.

155 1675 341 1711 Δοκιμάζεται
355 1677 385 1703 δὲ
412 1677 533 1712 πρέσδυς
556 1678 604 1705 καὶ
626 1679 680 1714 πρὸ
700 1679 750 1715 τῆς
779 1680 944 1717 ἀποστολῆς,

156 1721 363 1758 ὑποτιθεμένων
381 1722 455 1758 αὐτῷ
473 1723 526 1750 τῶν
541 1724 708 1758 κεφαλαίων,
726 1725 773 1752 καὶ
797 1727 944 1762 ἐρωτώμε-

156 1777 215 1802 νος,
240 1770 314 1800 ὅπως
334 1769 398 1804 περὶ
418 1769 534 1796 ἑκάστου
559 1770 651 1797 αὐτῶν
671 1772 945 1807 οἰκονομήσειεν,οὖ-

155 1822 214 1846 τως
225 1814 243 1850 ἢ
259 1815 360 1852 ἑτέρως
380 1815 456 1850 αὑτῷ
470 1815 524 1842 τῶν
540 1816 711 1851 πραγμάτων
730 1817 945 1853 ὲπισυμὸαινόν-

155 1868 225 1888 των.

998 1595 1137 1622 ramento,
1162 1593 1192 1616 ut
1213 1588 1278 1616 velit
1297 1588 1405 1623 quidem
1427 1588 1544 1615 hostium
1567 1587 1783 1615 malevolentiam

998 1642 1171 1669 compescere
1193 1639 1219 1662 et
1242 1641 1379 1667 resecare,
1403 1633 1450 1661 sed
1472 1640 1525 1660 non
1541 1640 1587 1660 eos
1604 1633 1739 1660 auctiores
1757 1637 1786 1659 et

998 1681 1144 1708 validiores
1164 1681 1260 1715 opibus
1286 1680 1409 1707 reddere.
1439 1679 1574 1706 Probatur
1589 1685 1653 1706 vero
1669 1678 1782 1713 legatus,

997 1732 1143 1762 antequam
1158 1728 1291 1759 mittalur,
1309 1727 1331 1754 si
1348 1726 1386 1753 illi
1404 1730 1588 1761 proponantur
1604 1724 1694 1759 capita
1710 1724 1783 1759 lega-

999 1773 1080 1801 tionis
1091 1778 1118 1801 ct
1128 1773 1323 1808 interrogetur,
1335 1772 1471 1807 quomodo
1483 1772 1587 1806 singula
1601 1772 1636 1799 sit
1646 1775 1781 1805 gesturus,

998 1826 1032 1846 an
1050 1819 1097 1852 ita,
1113 1826 1148 1846 an
1159 1818 1250 1851 aliter,
1265 1823 1345 1853 prout
1359 1824 1403 1846 res
1419 1817 1456 1845 illi
1472 1817 1631 1845 acciderint.

797 1939 916 1968 VARUS
936 1939 1139 1969 LECTIONES.

194 1994 207 2011 ⁸
223 1993 365 2030 Ῥήγουλος
379 1995 426 2030 11.,
459 1995 596 2029 Ῥιϐοῡλος
606 1996 668 2025 cod.

719 1997 729 2014 ⁷
744 1995 821 2025 Fort.
836 1995 1009 2024 διολώλεκεν.
