4056 6210
501 287 611 352 639

514 418 2541 464 Μ

1692 279 2089 343 EXCERPTA
2122 279 2169 345 Ε
2212 278 2544 343 DEXIPPO

3642 273 3756 339 6i0

2549 418 3739 452 mw

1200 602 2117 742 ΔΕΞΙΠΠΟΥ
2188 603 3090 741 ΑΘΗΝΑΙΟΥ

1485 802 1647 932 ῈΚ
1722 848 1950 933 ΤΩΝ
2024 844 2617 935 ΣΚΥΘΙΚΩΝ
2678 847 2761 927 (ι)

1167 1032 1485 1091 ΕΚΛΟΓΑΙ
1524 1032 1705 1093 ΠΕΡΙ
1740 1028 2137 1089 ΠΡΕΣΒΕΩΝ
2170 1028 2422 1091 ΕΘΝΩΝ
2453 1028 2652 1081 ΠΡΟΣ
2685 1024 3086 1083 ΡΩΜΑΙΟΥΣ.

1031 1531 1821 1687 DEXlPPI

1951 1342 2003 1401 E
2046 1340 2304 1403 LIBRIS

1930 1526 3217 1687 ATHENIENSIS

1466 1836 1619 1927 DE
1694 1837 2116 1927 BELLIS
2182 1837 2815 1930 SCYTHICIS

937 2041 1399 2107 EXCERPTA
1443 2042 1560 2103 DE
1599 2035 2243 2103 LEGATIONIBUS
2286 2033 2697 2099 GENTIUM
2730 2035 2857 2103 AD.
2884 2032 3318 2099 ROMANOS.

569 2284 1192 2349 Attenuatum—Legati
1224 2284 1589 2347 Jutbnngorum
1627 2282 1921 2349 Scythanum
1962 2281 2023 2349 ab
2040 2281 2330 2349 ΔΑιιιιιειὶαιιο
2364 2280 2662 2349 imperatore
2690 2280 2921 2349 fceduset
2954 2279 3197 2349 tributum
3230 2284 3464 2344 petentes
3494 2278 3674 2330 infecta
3700 2291 3757 2329 re

1338 2339 1663 2396 refértuntur
1691 2339 1783 2408 (ι).
1821 2344 1923 2395 Pax
1956 2347 2011 2392 et
2036 2342 2191 2392 ftndus
2223 2356 2334 2393 cum
2369 2339 2594 2395 Vandalis
2623 2339 3047 2405 eomponitur(2).

482 2658 485 2659 ν
576 2617 711 2688 3-7
744 2616 828 2686 (Δ.
853 2616 916 2672 C.
948 2614 1076 2679 270,
1110 2613 1291 2669 Aurel.
1324 2613 1371 2669 1.
1412 2612 1486 2683 l.)
1507 2612 1805 2682 imperator
1835 2610 2078 2667 Aurelia-

2263 2614 2331 2662 α’.
2366 2607 2490 2661 Ὀτι
2528 2603 2868 2676 Αὐρηλιανδς
2918 2602 3061 2658 κατὰ
3109 2600 3312 2674 κράτος
3363 2601 3592 2673 νικήσας
3629 2600 3761 2666 τοὺς

509 2724 629 2772 nus,
646 2724 766 2761 cum
786 2707 1091 2775 Juthungos
1108 2705 1341 2775 Scythas
1353 2704 1471 2759 acie
1483 2703 1792 2768 devicisset,
1810 2710 1865 2759 et
1881 2703 2081 2760 multos

506 2812 693 2850 eorum
736 2797 789 2848 in
821 2799 937 2863 ipso
972 2795 1088 2848 lstri
1128 2794 1353 2863 trajectu
1392 2794 1658 2863 fugientes
1691 2793 2078 2860 interemisset,

510 2886 700 2954 reliqui
747 2885 942 2939 bellum
995 2883 1197 2939 fmdere
1238 2884 1393 2937 linire
1424 2886 1730 2950 voluerunt,
1774 2892 1828 2939 et
1875 2882 2080 2952 legatos

509 2976 793 3029 miserunt.
836 2973 1019 3044 Neque
1043 2984 1219 3029 tamen
1244 2990 1365 3029 cum
1392 2975 1556 3031 nimio
1589 2975 1782 3030 timore
1808 2975 2082 3043 nimiaque

508 3067 936 3137 perturbatione,
976 3067 1128 3137 quasi
1164 3066 1315 3121 clade
1342 3082 1438 3121 sua
1465 3066 1730 3136 perculsis
1760 3080 1946 3134 pacem
1978 3064 2081 3120 sibi

506 3160 788 3225 petendam
852 3173 972 3214 esse
1004 3159 1304 3222 ducebant,
1354 3172 1423 3212 ne
1454 3158 1658 3212 tributo
1681 3197 1697 3222 ,
1743 3158 1887 3227 quod
1922 3166 2079 3211 antea

508 3249 735 3303 ltumaui
776 3250 1092 3319 ponderant,
1133 3250 1379 3305 hostibus
1412 3250 1479 3301 ab
1507 3249 1654 3303 omni
1687 3258 1833 3304 metu
1861 3249 2078 3313 solutis,

506 3342 559 3397 in
591 3351 865 3411 posterum
900 3342 1269 3411 privarentur.
1302 3340 1407 3395 Sed
1438 3340 1808 3395 Romanorum
1848 3342 2083 3408 impera-

504 3441 589 3484 tor
619 3431 961 3496 Aurelianus,
1013 3439 1071 3483 ut
1113 3430 1516 3498 Juthungorum
1564 3432 1771 3500 legatos
1795 3432 2081 3485 advenisse

504 3522 791 3585 intellexit,
824 3537 946 3576 cum
984 3520 1231 3585 dixisset,
1266 3536 1323 3575 se
1352 3536 1475 3575 cum
1518 3522 1601 3575 his
1635 3521 1895 3589 postridie
1924 3530 2079 3575 actu-

506 3628 623 3667 rum
660 3613 724 3665 de
760 3612 863 3679 his,
897 3613 956 3682 8
1007 3627 1238 3681 quorum
1272 3627 1433 3668 causa
1470 3612 1627 3683 legati
1668 3622 1948 3680 venerant,
1974 3613 2078 3667 hu-

500 3701 734 3771 jusmodi
770 3700 1015 3757 hostibus
1055 3702 1280 3757 terroris
1316 3701 1590 3771 iujiciendi
1626 3700 1796 3770 gratia
1842 3701 2074 3756 militum

505 3792 676 3846 aciem
726 3792 970 3847 condicta
995 3792 1082 3848 die
1124 3802 1377 3863 tanquam
1418 3793 1484 3847 ad
1520 3808 1755 3864 pugnam
1792 3793 2072 3867 instruxit.

504 3881 569 3937 Ut
613 3882 685 3936 illi
720 3893 866 3937 recte
895 3897 955 3938 se
981 3882 1181 3938 habere
1215 3884 1329 3936 visa
1358 3891 1439 3937 est
1470 3884 1747 3938 exercitus
1772 3884 2073 3953 dispositio,

504 3973 673 4026 altum
701 3984 1011 4044 suggestum
1045 3973 1319 4039 sublimis,
1351 3989 1585 4044 purpura
1618 3976 1860 4040 indutus,
1886 3990 2080 4030 ascen-
2113 3966 2152 4021 Β

503 4063 604 4123 dit,
633 4072 684 4117 et
717 4078 932 4117 omnem
965 4064 1289 4128 exercitum,
1320 4064 1409 4132 qui
1454 4062 1626 4133 ipsum
1670 4065 2073 4133 circumstabat,

504 4152 555 4204 iu
588 4152 812 4205 formam
844 4152 984 4206 luna:
1011 4154 1295 4221 disposuit.
1354 4153 1595 4207 Aderant
1640 4162 1694 4208 ct
1726 4170 1791 4210 ex
1833 4156 1937 4222 his,
1981 4158 2074 4227 qui

504 4243 557 4296 iu
591 4244 833 4297 exercitu
871 4243 1096 4310 imperia
1127 4243 1459 4309 habuerant,
1489 4259 1676 4299 omnes
1711 4248 1777 4299 ab
1801 4249 1975 4317 equis.
2030 4250 2076 4302 A

505 4344 657 4403 tergo
684 4335 1030 4404 imperatoris
1060 4346 1218 4389 erant
1258 4335 1407 4405 signa
1455 4337 1739 4391 coaduuati
1780 4340 2070 4395 exercitus.

502 4425 626 4480 liae
656 4441 783 4481 vero
812 4435 967 4480 erant
1009 4426 1204 4496 aquila:
1242 4442 1421 4482 aureae
1449 4437 1503 4482 et
1544 4428 1802 4499 imagines
1838 4431 2072 4500 impera-

504 4528 703 4582 torum,
729 4527 785 4573 et
815 4532 1028 4583 eorum,
1061 4519 1151 4588 qui
1192 4517 1399 4573 militiae
1428 4519 1644 4573 nomina
1677 4520 1953 4587 dederant,
1984 4537 2075 4577 ca-

501 4608 666 4678 taIOgi
695 4617 748 4663 et
777 4609 1240 4672 enumerationes,
1283 4610 1463 4664 aureis
1502 4608 1697 4665 litteris
1738 4613 2072 4682 perscripta.

498 4698 629 4763 Qua:
652 4699 831 4753 omnia
871 4700 1137 4767 explicata
1170 4710 1225 4756 et
1254 4702 1446 4758 illustri
1479 4704 1596 4759 loco
1621 4704 1791 4773 posita
1822 4705 1872 4758 in
1896 4704 2072 4761 hastis

499 4788 771 4856 argenteis
814 4790 1104 4858 conspicua
1134 4800 1309 4847 erant.
1373 4792 1468 4848 llis
1509 4795 1582 4848 ita
1628 4796 1947 4865 prrcparatis
1977 4793 2073 4849 Ju-

500 4877 928 4947 thungosjussit
956 4881 1167 4937 adesse.
1222 4881 1291 4939 Ut
1331 4884 1445 4939 hac
1491 4884 1764 4950 viderunt,
1814 4885 2074 4956 obstupe-

498 4967 627 5025 facti
653 4970 812 5043 longo
847 4981 1090 5043 tempore
1119 4974 1397 5030 silentium
1430 4985 1742 5033 tenuerunt.
1773 4980 2070 5048 Postquam

499 5061 571 5114 ab
599 5062 929 5131 imperatore
958 5064 1064 5118 illis
1095 5064 1307 5119 dicendi
1336 5063 1562 5122 facultas
1588 5066 1711 5121 data
1738 5076 1841 5132 est,
1874 5068 1945 5121 ita
1976 5081 2072 5135 per

500 5153 851 5222 interpretem
880 5153 1043 5207 locuti
1076 5162 1242 5208 sunt:
1279 5172 1298 5205 ι
1338 5153 1521 5226 Neque
1548 5158 1673 5226 quia
1705 5157 1927 5213 adversa
1958 5157 2071 5211 for-

502 5254 651 5313 tuna,
682 5259 800 5314 qua:
825 5244 983 5300 nobis
1018 5245 1117 5300 hoc
1147 5251 1388 5315 tempore
1419 5246 1666 5315 contigit,
1690 5247 1826 5302 ultra
1853 5248 2068 5303 modum

2194 2700 2567 2769 ἰουθούγγους
2624 2696 2859 2763 Σκύθας,
2915 2697 3012 2750 καὶ
3065 2696 3208 2749 κατὰ
3262 2694 3361 2765 τὴν
3413 2692 3505 2748 τοῦ
3540 2695 3759 2762 Ἴστρου

2180 2794 2481 2864 περαίωσιν
2540 2792 2560 2825 ί
2621 2790 2680 2853 ές
2751 2789 2851 2861 τὴν
2919 2789 3209 2861 ἀποφυγὴν
3272 2787 3501 2852 πολλοὺς
3551 2787 3760 2841 τούτων

2179 2883 2385 2939 ἀνελὼν
2420 2886 2461 2949 ⁸,
2497 2884 2547 2937 οἱ
2575 2881 2889 2952 λειπόμενοι
2941 2883 3000 2943 ἐς
3042 2879 3279 2943 σπονδὰς
3315 2876 3453 2950 ἦκον
3498 2879 3590 2931 καὶ
3624 2894 3760 2948 πρεο

2182 2977 2375 3031 σϐείαν
2419 2975 2749 3030 ἐστείλαντο.
2777 2973 2889 3042 Τὴν
2926 2972 2984 3026 δὲ
3025 2973 3241 3042 αίτησιν
3269 2973 3368 3041 τῆς
3402 2970 3629 3040 είρήνης
3652 2968 3761 3022 tu.

2179 3085 2267 3123 κει
2293 3069 2314 3100 ⁸
2367 3067 2442 3139 μὴ
2496 3066 2595 3120 σὺν
2624 3066 2701 3137 τῷ
2736 3066 2877 3133 ἄγαν
2911 3064 3154 3135 περιδεεῖ
3180 3064 3273 3118 καὶ
3312 3060 3761 3132 καταπεπληγότι

2182 3162 2247 3215 ἐκ
2297 3158 2395 3229 τῆς
2427 3162 2597 3231 ήττης
2626 3159 2925 3223 ποιεῖσθαι,
2953 3157 3029 3219 ὡς
3067 3156 3134 3209 ἂν
3183 3155 3421 3225 ὑπάρχοι
3470 3154 3625 3221 σφίσι
3666 3153 3761 3206 καὶ

2181 3251 2294 3305 τῶν
2344 3249 2580 3321 πρόσθεν
2610 3245 2918 3316 φοιτώντων
2956 3246 3255 3317 χρημάτων
3285 3244 3433 3315 παρὰ
3468 3242 3759 3313 Ῥωμαίων

2180 3346 2214 3415 ἠ
2253 3341 2516 3413 ἀποδοχή,
2553 3340 2628 3412 μή
2683 3342 2740 3400 ἐς
2788 3338 2853 3392 τὸ
2902 3338 3056 3400 ἀδεὲς
3113 3337 3290 3406 πάντη
3339 3336 3453 3388 τῶν
3500 3334 3760 3388 ἐναντίων

2179 3432 2620 3503 καθισταμένων.
2649 3432 2709 3483 '0
2742 3429 2798 3482 δὲ
2836 3427 3126 3498 Ῥωμαίων
3151 3426 3404 3497 βασιλεὺς
3426 3424 3762 3495 Δύρηλιανὺς

2182 3526 2259 3588 ὡς
2314 3522 2549 3577 ἐπύθετο
2606 3521 2628 3552 ⁸⁵
2668 3518 2981 3589 ἀφιγμένην
3044 3517 3143 3588 τήν
3215 3515 3570 3585 Ἰουθούγγων
3627 3530 3761 3585 πρε-

2182 3617 2388 3680 σϐείαν,
2425 3616 2484 3678 ἐς
2512 3613 2611 3685 τὴν
2650 3612 2944 3682 ὑστεραίαν
2972 3610 3148 3680 φήσας
3176 3610 3500 3680 χρηματιεῖν
3530 3608 3657 3677 περὶ
3685 3599 3759 3660 ὧν
3844 3644 3847 3647 -

2178 3709 2375 3779 ἥκουσι
2404 3748 2418 3773 ,
2467 3706 2712 3761 διέταττε
2761 3702 2888 3768 τοὺς
2941 3701 3281 3774 στρατιώτας
3330 3700 3406 3761 ὡς
3454 3700 3512 3762 ἐς
3549 3699 3756 3769 μάχην,

2177 3798 2492 3870 ἐκπλήξεως
2542 3797 2723 3850 εἵνεκα
2761 3794 2868 3848 τῶν
2902 3795 2923 3825 ⁸
2969 3793 3251 3848 ἐναντίων.
3291 3790 3447 3847 Ἐπεὶ
3474 3790 3533 3844 δέ
3574 3788 3757 3851 καλῶς

2177 3885 2323 3959 εἶχεν
2360 3889 2510 3959 αὑτῷ
2548 3890 2581 3960 ή
2611 3887 2993 3956 διακόσμησις,
3025 3887 3118 3940 imi
3141 3884 3346 3955 ὑψηλοῦ
3375 3884 3619 3955 βήματος
3653 3898 3755 3951 μευ

2180 3981 2386 4050 τέωρος
2421 3981 2644 4051 βέϐηκε,
2676 3978 2773 4033 καὶ
2799 3977 3092 4048 ἁλουργίδα
3119 3976 3406 4047 ἀμπέχων.
3441 3975 3541 4045 τήν
3570 3974 3755 4027 πᾶσαν

2182 4067 2335 4133 τάξιν
2385 4069 2559 4122 ἐποίει
2607 4068 2746 4137 ἀμφ’
2779 4066 2944 4119 αὐτὸν
2974 4065 2995 4096 ⁸
3024 4064 3299 4135 μηνοειδῆ.
3332 4062 3755 4135 Παρεστήσαντο

2180 4160 2236 4213 δὲ
2263 4158 2357 4211 καὶ
2385 4158 2493 4211 τῶν
2518 4160 2577 4210 ἐν
2625 4158 2766 4210 τέλει
2801 4158 2917 4210 ὅσοι
2948 4156 3124 4226 ἀρχάς
3163 4172 3315 4219 τινας
3347 4151 3759 4224 ἐπιτετραμμέ-

2180 4270 2283 4315 νοι,
2323 4250 2639 4320 σύμπαντες
2682 4248 2768 4315 ἐφ’
2794 4247 2813 4277 ⁷
2861 4246 3063 4301 ἵππων.
3102 4245 3349 4299 Κατόπιν
3381 4245 3438 4299 δὲ
3483 4243 3755 4314 βασιλέως

2181 4344 2248 4398 τὰ
2281 4326 2609 4414 σήματαίῆν
2641 4340 2741 4409 τῆς
2791 4339 3079 4393 ἐπιλέκτου
3114 4339 3396 4409 στρατιᾶς.
3421 4338 3502 4392 Τὰ
3526 4336 3583 4390 δέ
3615 4337 3755 4389 εἰσιν

2179 4433 2329 4487 ἀετοὶ
2356 4432 2548 4502 χρυσοῖ
2574 4428 2670 4482 καί⁹
2716 4418 2921 4492 εἰκόνες
2953 4427 3215 4497 βασίλειοι
3244 4428 3337 4481 καὶ
3375 4424 3756 4496 στρατοπέδων

2180 4523 2471 4591 κατάλογοι
2504 4520 2796 4593 γράμμασι
2825 4520 3044 4591 χρυσοῖς
3075 4518 3417 4589 δηλούμενοι⁸
3447 4516 3484 4575 ἃ.
3520 4517 3584 4586 δὴ
3615 4516 3756 4586 σύμ-

2181 4632 2360 4669 παντα
2390 4612 2769 4682 ἀνατεταμένα
2801 4610 3165 4683 προύφαίνετο
3214 4609 3306 4662 ἐπὶ
3345 4608 3552 4676 ξυστῶν
3581 4610 3755 4680 ἠργυο

2181 4706 2464 4778 ρωμένων.
2504 4704 2629 4758 Ἐπὶ
2658 4704 2716 4757 δὲ
2760 4703 2972 4766 τούτοις
3004 4695 3105 4755 ὧδε
3134 4702 3577 4771 διακοσμηθεῖσιν
3618 4700 3754 4753 Ἰου-

2180 4796 2445 4865 θούγγους
2474 4795 2628 4865 ἠξίου
2660 4793 2977 4867 [παρελθεῖν
3003 4792 3073 4864 'j.
3118 4793 3259 4855 Τοὺς
3286 4792 3343 4846 δὲ
3370 4790 3569 4861 συνέϐη
3615 4790 3754 4859 θαμ-

2178 4886 2451 4958 ϐήσασθαι
2480 4886 2527 4917 ⁸·
2558 4885 2765 4949 ἰδόντας
2794 4885 2889 4939 καὶ
2923 4884 3018 4938 ἐπὶ
3066 4884 3202 4937 πολὺ
3230 4886 3358 4954 σιγῇ
3392 4882 3558 4952 ἔχειν.
3600 4882 3752 4934 Ἐπεὶ

2177 4977 2235 5032 δέ
2268 4995 2450 5047 σφισιν
2483 4978 2551 5032 ἐκ
2576 4976 2673 5032 τοῦ
2702 4976 2967 5047 βασιλέως
2994 4976 3231 5045 ἀπεδόθη
3254 4976 3456 5044 λέγειν,
3490 4975 3580 5028 διά
3606 4990 3751 5034 τινος

2185 5068 2470 5138 ἑρμηνέως
2508 5066 2698 5131 ἔλεξαν
2726 5066 2925 5121 τοιάδε·
2957 5083 2976 5117 ι
3012 5064 3152 5119 Οὔτε
3173 5068 3241 5137 τῇ
3271 5067 3361 5119 ἐπὶ
3389 5065 3584 5135 καιροῦ
3608 5080 3751 5133 συμ-

2178 5160 2321 5231 ϐάσῃ
2350 5158 2704 5230 κακοπραγίᾳ
2728 5159 2749 5190 ⁹
2775 5157 2933 5229 ήμῶν
2961 5156 3112 5228 παρᾶ
3139 5156 3201 5210 τὸ
3225 5156 3373 5221 εἰκὸς
3393 5158 3749 5225 καταπεπλη-

2180 5251 2361 5319 γότες,
2391 5250 2515 5304 οὗτε
2535 5250 2815 5321 δυνάμεως
2845 5248 3042 5313 ἐνδεῶς
3068 5248 3283 5321 ἔχοντες
3311 5249 3345 5321 ἢ
3373 5249 3466 5302 καὶ
3499 5248 3751 5318 πολέμων

1736 5355 1969 5412 VARUS
2014 5358 2421 5417 LECTIONES.

602 5452 617 5481 '
652 5448 959 5522 negotium!
979 5448 1070 5511 N.,
1113 5449 1423 5522 περαιώσας
1449 5451 1593 5522 vulg.

504 5516 651 5592 yuig.
695 5586 707 5592 _
728 5516 766 5592 ξ’
787 5518 895 5592 τῶν
918 5519 1008 5592 IN},
1032 5516 1243 5592 τούτων
1263 5522 1411 5592 νυΙς.
1505 5523 1524 5553 ⁸
1545 5516 1631 5591 Ep.

505 5584 525 5612 "
551 5584 837 5651 πᾶρελθείν
874 5588 999 5643 add.
1029 5587 1092 5644 N.

514 5655 799 5727 συμϐάσης
852 5659 1228 5730 κακοπραγίας
1269 5655 1413 5734 vulg.

1700 5452 1721 5483 '
1746 5451 1953 5506 ἀνελὼν
2003 5453 2094 5518 H.,
2156 5454 2396 5509 ἀνελθὼν
2443 5455 2588 5525 vulg.
2695 5454 2717 5487 ³
2741 5455 2961 5509 ἐδόκουν
2997 5452 3061 5507 ll.
3161 5454 3183 5486 ⁸
3214 5451 3468 5523 ἐπύθετο]
3496 5451 3743 5503 ἐπείθετο

1636 5520 1884 5594 φ’,αὐτὸν
1912 5525 2001 5594 H.,
2027 5524 2315 5593 ἄμφαυσον
2345 5524 2430 5580 ed.
2472 5524 2562 5584 H.,
2600 5524 2922 5594 ἄμφαυστον
2951 5524 3038 5578 ed.
3066 5523 3187 5580 Par.
3285 5525 3307 5594 '_
3334 5523 3429 5594 ἀφ’
3462 5518 3743 5594 cod._Vat.

1202 5590 1245 5621 ⁸’
1270 5590 1656 5667 θαμϐήσασθαι
1687 5592 1775 5662 N.,
1808 5590 2189 5667 θαμϐήσεσθαι
2224 5594 2363 5667 vulg.

2695 5454 2717 5487 ³
2741 5455 2961 5509 ἐδόκουν
2997 5452 3061 5507 ll.
3161 5454 3183 5486 ⁸
3214 5451 3468 5523 ἐπύθετο]
3496 5448 3748 5523 ἐπείθετο

2464 5595 2484 5627 ’
2514 5597 2580 5667 τῇ
2618 5590 2970 5674 έ-’συίλδάσῐι
2996 5592 3346 5669 κακοπραγία
3375 5591 3518 5658 Vat.,
3553 5590 3652 5662 τῆς
3676 5617 3747 5629 -
