4010 6210
341 308 441 375 641

1126 300 1232 367 DE
1270 301 1839 367 LEGATIONIBUS
1872 301 2227 364 GENTIUM
2263 301 2366 363 AD
2400 301 2785 364 ROMANOS.

3431 265 3434 269 ’
3488 300 3598 367 642

342 426 559 493 ἄπειροι
594 412 1017 485 καθεστηκότες,
1047 409 1335 475 ἀσθενείας
1360 412 1666 482 εὐπρεπείᾳ
1696 410 1837 465 κατά
1862 408 1923 462 τὸ

2035 412 2237 467 animos
2269 422 2488 469 nostros
2517 415 2717 484 abjecit
2753 422 2807 470 et
2841 416 3064 484 perculit
3088 449 3104 480 ,
3138 424 3232 471 aut
3263 417 3388 487 quia
3424 419 3595 476 desti-

343 514 475 584 ἡμῖν
529 511 573 543 ⁸⁸
625 508 812 569 αὐτοῖς
848 504 1033 575 μόνοις
1090 503 1372 573 συμφέρον
1438 504 1496 565 ἐς
1548 503 1647 573 τὴν
1699 503 1923 573 εἰρήνην

344 602 650 670 σπεύδομεν
676 600 739 629 ¹⁶⁶
759 613 774 629 ο
802 597 939 650 ἀλλά
972 595 1225 664 περίεστι
1261 594 1360 663 μὲν
1380 594 1513 663 ἡμῖν
1539 593 1794 646 τοσοῦτον
1824 594 1925 664 τῆς

342 690 401 747 ἐν
457 694 569 754 τοῖς
608 687 868 757 πολέμοις
907 683 1223 755 περιουσίας
1274 682 1515 753 πλήθους
1545 683 1584 713 ¹¹
1616 684 1800 736 εἵνεκα
1831 683 1925 735 καὶ

351 782 576 853 ίσχύος,
615 780 757 832 ὥστε
802 777 959 847 μέρει
997 774 1266 845 ἐλαχίστῳ
1299 774 1397 837 τὰς
1431 775 1567 844 πρὸς
1602 774 1798 844 Ἴστρῳ
1824 774 1925 826 πό..

342 873 458 937 λεις
502 869 824 931 ἐπελθόντες
858 866 1093 921 Ἰταλίαν
1127 864 1326 936 μικροῦ
1361 866 1543 920 πᾶσαν
1582 866 1923 935 κατειλήφα-

350 980 471 1036 μεν,
510 959 721 1029 ἱππικῷ
753 956 851 1029 μὲν
887 957 1320 1029 στρατεύσαντες
1350 957 1409 1019 ἐς
1443 955 1712 1026 μυριάδας
1737 955 1799 1019 δ’,
1824 957 1921 1010 καὶ

345 1053 553 1105 τούτων
584 1051 644 1104 ού
681 1048 927 1120 μιγάδων
946 1046 1068 1099 οὑδὲ
1096 1045 1362 1110 ἀσθενῶν,
1388 1046 1527 1099 ἀλλά
1570 1046 1921 1115 ἰουθούγγων

349 1140 627 1209 καθαρῶς,
651 1128 724 1191 ὧν
743 1138 913 1197 πολὺς
940 1136 1025 1206 ἐφ’
1060 1136 1373 1206 ἱππομαχίᾳ
1402 1137 1444 1167 ¹²
1476 1136 1651 1204 λόγος.
1696 1136 1922 1191 Ἀσπίδα

346 1232 402 1285 δὲ
440 1233 646 1300 ἄγομεν
694 1229 982 1282 διπλασίαν
1033 1228 1316 1299 δυνάμεως
1364 1230 1463 1298 τῆς
1518 1230 1775 1298 ίππικῆς,
1810 1229 1920 1282 οὐδ’

346 1325 403 1376 ἐν
434 1320 646 1384 τούτοις
670 1321 790 1381 ταῖς
813 1314 1020 1388 ἐτέρων
1055 1320 1362 1390 ἐπιμιξίαις
1394 1319 1807 1381 ἐπισκιάζοντες
1827 1318 1921 1372 τοῦ

346 1411 610 1483 σφετέρου
650 1408 887 1480 στρατοῦ
939 1404 1001 1462 τὸ
1045 1409 1519 1477 ἀνανταγώνιστον
1570 1408 1632 1463 ³³.
1670 1409 1922 1478 Ἔχοντες

342 1503 399 1556 δὲ
431 1504 523 1555 καὶ¹
570 1494 716 1557 οὕτω
759 1493 1121 1569 παρασκευῆς
1146 1497 1539 1568 διακρίνεσθαι,
1576 1497 1635 1549 οὑ
1675 1496 1927 1565 διαγινώ-

346 1608 552 1661 σκομεν
580 1592 637 1654 ἐς
659 1584 978 1657 ἀντιλογίαν
1010 1583 1164 1659 ήκειν
1196 1589 1295 1657 τῆς
1346 1589 1629 1656 συμφορᾶς
1658 1590 1819 1658 πέρι·
1862 1582 1923 1640 οὑ

2029 505 2127 559 tuti
2155 505 2326 574 copiis
2351 515 2407 559 et
2449 507 2651 560 viribus
2680 522 2889 572 smnus,
2922 518 3015 561 aut
3041 509 3115 563 rei
3148 510 3397 565 militaris
3427 510 3598 581 impeo

2026 596 2138 661 riti,
2166 597 2530 650 infirmitatem
2556 609 2793 651 nostram
2818 598 3045 652 honesto
3070 609 3331 668 ιιι-αξιοιιο
3356 610 3598 669 legentes

2025 702 2198 756 neque
2226 688 2520 756 quidquam
2554 687 2656 740 nisi
2684 688 2965 740 utilitatem
2990 700 3228 743 nostram
3260 699 3592 758 spectantes.

2025 778 2091 831 ad
2124 792 2309 847 pacem
2344 775 2684 832 festinamus.
2729 776 2835 831 Sed
2864 778 3042 832 multa-
3073 780 3227 835 nobis
3255 783 3430 837 adhuc
3464 798 3595 850 sup-

2024 874 2213 935 petunt
2240 867 2306 921 ad
2339 866 2535 920 bellum
2561 867 2853 934 gerendum
2884 865 3191 932 facultates.
3219 869 3333 923 sive
3358 870 3600 925 multitu-

2023 959 2149 1013 dine
2174 959 2425 1025 militmn,
2450 960 2564 1013 sive
2590 959 2794 1015 viribus
2818 974 2956 1028 opus
2988 969 3091 1016 est.
3133 959 3268 1015 Nam
3298 972 3352 1017 et
3378 964 3599 1018 minima

2023 1050 2195 1103 nostri
2232 1059 2384 1117 parte
2413 1050 2574 1103 urbes
2604 1051 2670 1102 ad
2705 1050 2899 1103 lstrum
2938 1050 3070 1104 sitas
3107 1052 3447 1119 invadentes,
3500 1069 3602 1123 pa-

2028 1154 2149 1192 rum
2186 1138 2381 1203 abfuit,
2422 1139 2550 1206 quin
2580 1153 2795 1193 omnem
2826 1139 3034 1193 Italiam
3064 1142 3392 1210 ceperimus.
3449 1144 3602 1210 Qua-

2022 1229 2271 1300 draginta
2303 1232 2548 1301 equitum
2579 1231 2743 1285 millia
2784 1232 2837 1286 in
2867 1247 3099 1301 pugnam
3130 1235 3433 1301 educitnus,
3481 1252 3603 1305 qua

2024 1336 2130 1374 non
2162 1337 2227 1375 ex
2250 1323 2510 1376 convenis
2542 1330 2635 1375 aut
2670 1322 3048 1389 imbeciiiibus,
3078 1324 3171 1378 sed
3212 1338 3276 1377 ex
3307 1327 3600 1395 Jutliuugis

2025 1427 2158 1479 pure
2206 1421 2479 1476 constant,
2529 1427 2757 1481 quormn
2803 1413 2855 1466 in
2909 1414 3149 1482 equestri
3183 1413 3366 1482 praelia
3404 1430 3596 1484 magna

2024 1500 2164 1553 fama
2195 1511 2297 1555 est.
2359 1501 2605 1556 Peditum
2646 1515 2825 1557 autem
2875 1504 3142 1571 duplicem
3178 1507 3452 1573 equitatus
3488 1522 3599 1559 nu-

2026 1604 2233 1643 merum
2263 1590 2631 1658 producimus,
2666 1592 2719 1644 in
2752 1592 2836 1645 bis
2861 1608 3075 1661 quoque
3104 1593 3249 1647 nulla
3285 1596 3603 1664 peregrino—

342 1684 434 1737 διὰ
480 1683 542 1736 τὸ
589 1683 668 1753 μὴ
732 1682 875 1735 κατὰ
924 1680 1126 1751 κράτος
1172 1679 1526 1748 νενικῆσθαι,
1576 1679 1717 1732 κατά
1768 1680 1826 1733 δὲ
1864 1678 1924 1732 τὸ

2035 1695 2145 1733 rum
2180 1680 2504 1736 admistione
2535 1681 2789 1735 invictum
2820 1682 3049 1749 agminis
3086 1697 3271 1736 eorum
3309 1685 3475 1737 robur
3506 1685 3602 1738 de-

344 1774 539 1845 ἄδηλον
568 1744 668 1826 τού
699 1744 1075 1842 ἐκδησομένου
1111 1744 1357 1841 είρὴνην
1376 1767 1618 1836 πολέμου
1643 1766 1924 1837 προτιμῶ-

2035 1771 2359 1826 minuentes.
2400 1771 2587 1839 itaque
2618 1744 2928 1840 quanquam
2987 1770 3294 1838 huiusmodi
3344 1784 3607 1841 apparatu

348 1882 469 1937 μεν,
516 1864 828 1929 εἰκάζοντες
858 1863 954 1916 καὶ
994 1862 1124 1932 ὑμῖν
1156 1862 1232 1924 ὡς
1255 1857 1454 1928 γένοιτ’
1476 1858 1543 1913 ἂν
1572 1857 1661 1912 διά
1697 1853 1927 1928 γνώμης

345 1958 483 2027 πρὸς
525 1955 895 2025 ’1ουθούγγους
926 1951 986 2008 εὖ
1020 1953 1301 2024 παρασχὸν
1333 1951 1435 2019 τῆς
1462 1950 1702 2021 πρόσθεν
1735 1949 1926 2019 διαφοι-

351 2051 449 2120 ρᾶς
485 2048 778 2119 συμϐῆναι,
815 2042 903 2100 οἷα
933 2046 998 2117 δὴ
1030 2040 1275 2114 ὑπούσης
1308 2044 1402 2098 καὶ
1455 2039 1692 2105 παλαιᾶς
1724 2040 1928 2111 ἀμφοῖν

348 2142 462 2193 τοῖν
489 2140 666 2205 γενοῖν
711 2138 846 2207 πρὸς
876 2136 1082 2207 ἄλληλα
1138 2134 1376 2197 πίστεως
1416 2135 1472 2197 ἐς
1505 2131 1567 2187 τὸ
1609 2130 1926 2203 ἡσυχάζειν,

349 2219 418 2282 δι’
469 2230 537 2298 ἡν
587 2228 693 2299 χρὴ
724 2228 823 2299 τὴν
856 2226 947 2281 ἐπὶ
990 2227 1185 2297 καιροῦ
1218 2225 1484 2297 διαφορὰν
1521 2219 1929 2294 ἀπερίσκεπτον

350 2321 409 2373 ἐν
461 2319 540 2389 τῷ
587 2321 819 2391 παρόντι
855 2319 1273 2381 καταλύσαντας
1305 2317 1440 2389 πρὸς
1483 2314 1544 2369 τδ
1604 2314 1929 2385 παλαίτερον

348 2411 445 2465 καὶ
482 2408 797 2463 λυσιτελοῦν
845 2407 1230 2479 μετατίθεσθαι
1258 2402 1561 2475 ἑκατέροις.
1604 2404 1703 2457 Ἔν
1750 2420 1810 2455 τε
1852 2396 1930 2473 τῷ

348 2496 572 2567 πολέμῳ
601 2496 700 2548 οὑκ
735 2496 827 2548 ἐπὶ
865 2495 1120 2565 πλεῖστον
1161 2496 1284 2557 ταῖς
1334 2488 1712 2563 καταδρομαῖς
1735 2489 1925 2560 ληϊζό-

354 2606 530 2662 μενοι,
581 2588 696 2642 ἀλλ⁹
727 2588 851 2641 ὅσον
898 2586 957 2650 ἐς
1006 2584 1264 2656 ἀφορμὴν
1294 2585 1403 2637 τῶν
1437 2583 1760 2652 ἐπιτηδείων
1796 2582 1929 2649 ἁγαδ

352 2679 562 2742 πῶντες
616 2677 715 2748 τὴν
754 2676 1024 2747 ἄθροισιν,
1064 2675 1228 2747 μέχρι
1282 2673 1382 2744 τῆς
1410 2671 1713 2742 γενομένης
1747 2672 1929 2742 μάχης

354 2771 561 2842 ἡσυχίᾳ
614 2770 708 2823 τὸν
756 2768 951 2839 καιρὸν
1008 2766 1372 2838 διετρίόομεν,
1426 2761 1502 2829 ὼς
1530 2763 1644 2828 τοῖς
1682 2764 1929 2816 ἐπιοῦσιν

352 2863 485 2934 ὑμῖν
509 2863 609 2917 σὺν
654 2863 722 2933 τῇ
757 2859 1003 2931 ὑμετέρᾳ
1041 2859 1271 2929 δυνάμει
1301 2857 1362 2910 τὸ
1388 2856 1510 2911 καθ’
1546 2856 1745 2918 αὐτοὺς
1777 2857 1929 2910 ἀντι-

351 2953 618 3020 τάξαντες
653 2952 717 3006 ".
753 2952 818 3003 '0
841 2949 907 3021 δὴ
939 2950 1034 3002 καὶ
1062 2948 1161 3003 νῦν
1204 2950 1378 3000 ποιεῖν
1407 2943 1931 3015 παρεσκευάσμεθα,

353 3045 450 3097 καὶ
476 3043 537 3095 τό
580 3058 641 3095 τε
677 3040 943 3111 ὑμέτερον
974 3038 1111 3110 πρὸς
1144 3038 1322 3091 πάντα
1354 3035 1600 3089 κίνδυνον
1638 3037 1701 3087 ἐκ
1736 3033 1929 3085 τούτου

355 3134 674 3203 ἀδεέστερον
699 3131 831 3197 ἕξει,
862 3129 956 3183 καὶ
980 3128 1087 3180 τῶν
1111 3126 1384 3195 μεγίστων
1407 3123 1787 3195 στρατοπέδων
1809 3138 1935 3174 συν-

356 3224 617 3279 ελθόντων
641 3222 752 3276 οὐδ’
792 3219 1015 3292 ἡτισοῦν
1055 3218 1295 3291 Ψέτέρα
1325 3216 1446 3287 χεὶρ
1486 3215 1780 3284 ἀξιόμαχος
1806 3212 1939 3283 ἡμῖν

356 3314 775 3388 νομισθήσεται.
811 3313 873 3366 El
913 3312 970 3366 δέ
1007 3328 1092 3375 τις
1141 3312 1207 3380 τῇ
1258 3307 1485 3378 εὐτυχία
1544 3306 1641 3359 τοῦ
1697 3305 1937 3375 πολέμου

358 3408 722 3481 ἐπαιρόμενος
781 3405 1044 3476 ὀλίγωρός
1105 3406 1222 3457 ἐστι
1274 3401 1413 3473 πρὸς
1473 3399 1575 3471 τὴν
1643 3398 1935 3469 σύμϐασιν,

358 3502 553 3572 γνώτω
585 3502 648 3556 οὑ
693 3498 899 3571 βεᾷαίῳ
949 3496 1238 3568 πράγματι
1274 3493 1695 3564 θρασυνόμενος,
1731 3492 1826 3545 καὶ
1855 3491 1938 3543 ὅτι

360 3595 455 3650 ἐπὶ
482 3594 649 3649 παντὶ
701 3592 866 3663 φέρον
897 3590 940 3622 ⁸⁸
979 3589 1079 3660 τῆς
1117 3584 1381 3658 δοκούσης
1429 3583 1736 3656 εὐπραγίας
1768 3584 1936 3655 ήττηο

361 3688 553 3751 θέντας
584 3686 683 3739 καὶ
712 3683 847 3754 πρὸς
895 3679 993 3752 τὴν
1044 3679 1328 3750 παροῦσαν
1385 3680 1484 3747 τῆς
1531 3676 1700 3745 τύχης
1751 3675 1935 3744 ἀκμὴν

361 3776 769 3835 ἀποκλίναντας
802 3770 911 3825 τῶν
932 3769 1231 3840 ἀμεινόνων
1275 3765 1610 3837 ἐξηρτῆσθαι
1651 3764 1827 3834 μόνων
1853 3764 1939 3813 ὲ).-

364 3871 558 3933 πίδων,
588 3871 684 3921 καί⁵
733 3864 839 3917 ὑπὸ
875 3859 1151 3923 τοιαύταις
1207 3859 1458 3928 ἀνομίαις
1503 3858 1543 3888 ¹⁷
1578 3856 1678 3925 τῆς
1714 3872 1774 3906 τε
1807 3854 1941 3923 πρὸς

363 3963 596 4031 θάτερον
627 3955 934 4029 μεταϐολῆς
974 3951 1252 4023 ὑπεριδεῖν
1282 3950 1377 4002 καὶ
1410 3946 1726 4017 συμμαχίαν
1758 3943 1942 3997 εὔκαι-

366 4072 463 4128 ρον
491 4050 777 4123 διδομένην
818 4041 1285 4117 παραιτήσασθαι.
1331 4038 1616 4107 Ιιεφύκασί
1642 4054 1701 4089 τε
1736 4035 1793 4089 αί
1825 4034 1945 4106 μεί-

366 4146 496 4212 ζους
535 4141 805 4214 στρατιαὶ,
838 4137 988 4209 παρὰ
1020 4137 1124 4206 μὲν
1150 4134 1250 4205 τὴν
1270 4132 1494 4203 πρώτην
1518 4129 1711 4202 θάρσει
1731 4127 1939 4191 οἰκείας

363 4236 649 4308 δυνάμεως
704 4230 1064 4301 ἐπαιρόμεναι
1136 4225 1233 4280 καὶ⁵
1314 4222 1574 4292 ἐλαχίστῃ
1632 4217 1945 4291 προμηθείᾳ

365 4329 669 4403 χρώμεναι,
718 4324 816 4378 σὺν
854 4318 1266 4389 καταφρονήσει
1294 4314 1406 4367 τῶν
1434 4308 1943 4381 ἀντιπολεμούντων

2028 1863 2094 1917 ad
2125 1863 2493 1918 dimicandum
2534 1863 2808 1928 instructi,
2836 1862 3058 1916 minime
3090 1871 3271 1916 tamen
3309 1863 3374 1917 de
3406 1872 3602 1918 eventu

2030 1954 2419 2009 decertandum
2458 1966 2579 2007 esse
2611 1952 2892 2007 duximus.
2945 1950 3061 2004 Non
3091 1961 3267 2005 autem
3309 1951 3433 2021 quia
3476 1948 3605 2007 victi

2027 2057 2238 2107 sumus,
2258 2042 2351 2097 sed
2379 2050 2600 2112 propter
2625 2050 2913 2095 eventuum
2936 2040 3393 2103 incertitudiuem,
3418 2055 3606 2109 pacem

2027 2134 2169 2189 bello
2218 2132 2616 2203 prmponimus,
2672 2130 2970 2200 praesertim
3026 2145 3150 2185 cum
3221 2143 3319 2183 vos
3371 2142 3605 2197 quoque,

2030 2225 2154 2278 data
2198 2222 2505 2289 occasione,
2560 2223 2627 2277 ad
2683 2223 3084 2292 componendas
3134 2220 3438 2274 simultates
3481 2233 3606 2273 cum

2030 2304 2323 2384 Juthungis
2386 2326 2685 2383 propensos
2737 2326 2860 2366 esse
2912 2312 3283 2381 suspicemur,
3343 2311 3601 2378 quoniam

2030 2403 2209 2473 aliqua
2243 2405 2385 2458 inter
2425 2412 2709 2473 utramque
2739 2409 2952 2473 gentem
2979 2402 3195 2471 antiqua
3225 2410 3280 2456 et
3313 2402 3607 2455 inveterata

2031 2495 2097 2548 ad
2126 2493 2363 2562 quietem
2396 2504 2582 2548 mutuo
2644 2494 2924 2547 colendam
2974 2493 3106 2549 fides
3149 2500 3351 2548 exstat.
3404 2492 3610 2557 Quum-

2030 2582 2214 2636 obrem
2236 2588 2447 2650 oportet
2484 2580 2885 2636 inconsiderate
2906 2592 3214 2649 susceptum
3244 2580 3346 2633 hoc
3370 2589 3611 2647 tempore

2031 2671 2312 2727 dissidium
2350 2669 2644 2740 deponere,
2697 2678 2751 2724 et
2804 2670 2871 2725 ad
2915 2672 3194 2739 antiquam
3242 2668 3611 2731 concordiam,

2031 2777 2152 2831 quae
2182 2770 2267 2816 est
2300 2761 2545 2829 utrisque
2576 2760 2783 2824 utilior,
2828 2760 3027 2814 redire.
3083 2760 3149 2812 Et
3198 2759 3251 2812 in
3306 2760 3422 2826 ipso
3472 2752 3613 2810 bello

2032 2845 2248 2920 quidem
2280 2849 2703 2904 nou'admodum
2735 2848 2957 2902 crebras
2983 2843 3319 2901 incursiones
3348 2842 3613 2899 facientes

2033 2941 2240 3009 praedas
2271 2939 2502 3010 egimus,
2530 2939 2873 2993 necessarias
2903 2954 2989 2992 res
3022 2952 3343 3008 comparare
3377 2951 3481 3006 qua
3513 2950 3610 2988 oc-

2036 3033 2188 3089 casio
2244 3028 2368 3086 tulit
2418 3032 2738 3096 studentes,
2792 3029 3083 3096 ClBlPl‘OQtti
3141 3042 3309 3097 usque
3361 3028 3425 3080 ad
3474 3027 3613 3080 hanc

2040 3123 2341 3194 proximam
2372 3135 2605 3191 pugnam
2642 3116 2698 3189 9
2738 3120 2790 3172 in
2821 3118 2933 3173 otio
2956 3127 3010 3172 et
3037 3118 3217 3187 quiete
3248 3128 3457 3186 tempus
3480 3132 3610 3169 cou-

2040 3220 2310 3283 trivimus,
2341 3226 2396 3271 ct
2427 3215 2642 3285 quando
2674 3215 2859 3267 hostes
2895 3212 3058 3265 vestri
3107 3212 3159 3264 in
3193 3226 3287 3265 vos
3316 3210 3611 3271 irrueruut,

2040 3318 2229 3365 contra
2272 3308 2416 3377 ipsos
2443 3320 2547 3359 una
2576 3319 2697 3358 cum
2731 3311 2910 3357 vestro
2944 3300 3183 3355 exercitu
3215 3301 3266 3353 in
3308 3299 3427 3353 acie
3458 3299 3612 3353 steti-

2039 3414 2184 3454 mus.
2236 3395 2389 3463 Quod
2419 3404 2473 3450 et
2503 3395 2677 3449 adhuc
2712 3406 2855 3447 nunc
2884 3390 3066 3446 facere
3100 3390 3269 3458 parati
3302 3403 3508 3449 sumus,
3557 3396 3615 3441 ut

2038 3499 2278 3573 vestrum
2315 3486 2610 3556 periculum
2647 3483 2887 3539 levemus
2923 3491 3130 3545 nostro,
3163 3487 3217 3534 et
3252 3481 3418 3533 tutius
3460 3480 3613 3532 vobis

2040 3569 2307 3636 sitham
2358 3574 2669 3647 conjunctis
2718 3572 2972 3628 maximis
3005 3571 3213 3627 nostris
3261 3569 3611 3634 exercitibus,

2045 3668 2185 3722 nulla
2229 3667 2333 3720 alia
2381 3681 2571 3719 manus
2622 3680 2719 3734 par
2765 3663 2921 3719 nobis
2964 3662 3017 3716 in
3064 3662 3394 3717 conscrenila
3438 3676 3613 3730 pugna

2042 3758 2371 3815 censebitur.
2414 3757 2509 3811 Sin
2549 3764 2728 3808 autem
2758 3755 2879 3823 quis
2907 3767 3164 3823 prospero
3188 3766 3366 3805 rerum
3395 3751 3446 3805 iu
3478 3753 3615 3804 bello

2042 3862 2295 3905 successu
2344 3847 2516 3900 elatus
2568 3843 2865 3898 contemnit
2920 3851 2973 3895 et
3002 3842 3208 3895 alienus
3255 3848 3391 3894 esta
3446 3854 3615 3908 pace:

2042 3940 2201 4003 sciat,
2260 3950 2319 3992 se
2368 3935 2510 3990 haud
2544 3933 2678 3988 satis
2708 3931 2860 3986 firma
2890 3941 2941 3985 et
2985 3929 3165 3984 stabili
3197 3944 3254 3984 re
3285 3928 3463 3991 inniti,
3520 3929 3616 3983 sed

2046 4032 2097 4086 iu
2130 4042 2399 4085 summum
2430 4023 2719 4081 discrimen
2758 4020 2970 4084 adduci,
3016 4019 3324 4089 quicunque
3369 4018 3618 4072 secundre

2042 4122 2278 4180 fortunae
2311 4119 2493 4189 specie
2525 4116 2699 4171 victus
2726 4123 2779 4170 et
2809 4110 3059 4180 praesenti
3095 4108 3335 4163 felicitati
3374 4109 3617 4163 confisus

2044 4213 2161 4270 sola
2193 4210 2473 4265 meliorum
2520 4219 2873 4260 successuum
2921 4215 3019 4271 Spe
3066 4199 3290 4263 nitatur,
3333 4198 3531 4268 quique
3563 4199 3616 4252 in

2042 4319 2104 4360 ea
2140 4302 2304 4358 animi
2331 4298 2683 4354 immoderata
2707 4294 2941 4349 elatione
2966 4292 3033 4346 ad
3061 4290 3408 4345 mutationem
3438 4303 3617 4342 reruni

364 4379 817 4488 ἲεὲίττάςμάχας
854 4379 1187 4482 πορεύεσθαι
1219 4406 1312 4459 καὶ
1338 4403 1480 4458 κατά
1534 4403 1596 4455 τὸ
1637 4379 1948 4471 ἀφύλακτον

2053 4410 2159 4451 non
2201 4393 2449 4448 advertat
2497 4394 2551 4442 ct
2594 4385 2870 4455 suppetias
2915 4390 3217 4453 Opportune
3258 4379 3361 4435 sibi
3410 4379 3619 4434 oblatas

366 4514 442 4577 ὥς
473 4512 567 4566 ἐπὶ
600 4510 739 4563 πολὺ
769 4510 831 4560 τὸ
860 4501 1023 4576 ἦττον
1057 4502 1225 4573 ἔχειν,
1261 4501 1319 4552 αἱ
1360 4497 1418 4551 δὲ
1463 4494 1541 4566 τῷ
1570 4493 1821 4563 αἰφνιδίῳ
1851 4492 1944 4544 καὶ

367 4600 501 4671 παρ’
533 4597 722 4652 ἐλπίδα
764 4596 1079 4666 χωρήσαντι
1110 4590 1175 4654 ⁸⁸,
1204 4584 1452 4657 λογισμῷ
1477 4601 1537 4637 τε
1569 4582 1801 4653 ἀσφαλεῖ
1848 4580 1945 4633 καὶ

371 4670 662 4760 περιουσία
694 4686 973 4756 δυνάμεως
994 4681 1225 4753 βεϐαίως
1247 4677 1617 4750 χρησάμεναι,
1651 4670 1942 4760 δυσμαχῴ-

372 4758 527 4836 τατοι
552 4758 665 4841 τοῖς
718 4773 1034 4834 ἀντιπάλοις
1068 4766 1339 4839 γίνεσθαι.
1378 4764 1483 4815 Σὺν
1510 4761 1576 4833 δὴ
1600 4763 1826 4832 τοιαύτῃ
1853 4758 1944 4811 ἐλ-

375 4872 489 4928 πίδι
516 4870 610 4925 καὶ
632 4869 791 4940 ἡμεῖς
823 4864 945 4936 διχῆ
995 4861 1093 4932 τὴν
1135 4858 1366 4928 δύναμιν
1396 4854 1660 4916 διελόντες
1692 4851 1754 4905 τὸ
1797 4849 1949 4919 πρῶ-

372 4980 489 5031 τον,
522 4961 618 5018 καὶ
641 4961 684 4994 ι’
716 4961 775 5012 ἐν
816 4956 895 5027 τῷ
928 4950 1159 5022 ποταμῷ
1207 4948 1276 5002 τὰ
1338 4944 1512 5000 πολλὰ
1562 4943 1702 5015 τύχῃ
1750 4940 1949 5011 μᾶλλον

375 5058 411 5131 ἢ
463 5054 633 5126 ἀρετῇ
678 5048 923 5122 ὑμετέρᾳ
990 5042 1330 5113 σφαλέντες,
1395 5037 1506 5131 οὑκΔ
1555 5030 1951 5106 ἀπροσδόκητοί

376 5126 568 5215 ἐσμεν,
609 5142 748 5197 ἀλλά
808 5139 926 5205 νῦν,
962 5136 1081 5207 ἅμα
1110 5133 1191 5205 τῷ
1242 5129 1338 5186 τοῦ
1393 5126 1676 5198 μέλλοντος
1738 5138 1953 5215 προμη-

2050 4495 2305 4556 respuat.
2356 4482 2431 4537 Ex
2470 4494 2579 4550 quo
2609 4476 2722 4532 fere
2752 4477 2824 4531 ita
2858 4484 3230 4544 comparatum
3262 4478 3361 4534 est,
3398 4480 3455 4524 ut
3498 4485 3622 4539 pro-

2050 4580 2293 4650 priarum
2337 4574 2533 4628 virium
2581 4569 2795 4632 fiducia,
2851 4566 3122 4637 praecipue
3172 4563 3403 4632 majores
3454 4560 3623 4630 capia:

2050 4672 2224 4732 fretae,
2264 4667 2486 4722 minima
2536 4660 2872 4733 providentia
2914 4658 2967 4711 iu
3014 4654 3175 4710 rebus
3223 4653 3340 4708 suis
3385 4659 3615 4714 utentes,

2052 4762 2120 4817 ad
2166 4757 2510 4829 pugnandum
2543 4752 2801 4807 accedant
2827 4757 2879 4804 et
2907 4747 3092 4802 hostes
3141 4743 3472 4814 contemptui
3521 4742 3621 4797 ha-

2053 4853 2259 4912 beant,
2289 4864 2317 4901 a
2353 4845 2553 4916 quibus
2578 4842 2797 4898 minime
2822 4838 2924 4895 sibi
2975 4843 3228 4893 caventes
3274 4843 3620 4903 superantur.

2050 4940 2180 5007 Quae
2224 4950 2354 4991 vero
2380 4936 2433 4989 in
2482 4930 2778 5004 repentinis
2813 4938 2868 4983 et
2901 4926 3189 4998 insperatis
3241 4925 3456 4979 casibus
3498 4936 3627 4977 con.

2050 5032 2175 5088 sitio
2199 5039 2315 5085 tuto
2340 5037 2393 5082 et
2410 5025 2609 5080 virium
2635 5021 2943 5095 praestantia
2966 5034 3087 5075 cum
3113 5010 3442 5072 firmitudine
3464 5026 3624 5067 utun-

2054 5132 2163 5187 tur,
2211 5133 2403 5190 magua
2449 5131 2570 5171 cum
2607 5112 2920 5169 difﬁcultate
2952 5112 3019 5165 ab
3053 5107 3295 5163 hostibus
3323 5102 3622 5174 expugnari

678 5195 975 5288 ὑπόστατοι
1005 5195 1175 5299 ὑμῖν.
1203 5195 1478 5292 γενέσθαι.
1534 5216 1839 5287 Κράτιστον
1888 5214 1950 5284 δὴ

2057 5222 2305 5285 possunt.
2350 5209 2523 5281 Hujus
2554 5207 2633 5263 rei
2666 5205 2885 5273 fiducia,
2920 5201 3191 5273 quamvis,
3223 5197 3337 5252 acie
3368 5195 3622 5264 bipartita

1643 5354 1875 5414 VARle
1913 5351 2317 5412 LECTIONES.

384 5553 388 5557 ,
478 5492 503 5523 ⁸
530 5492 666 5562 ἡμῖν
713 5487 802 5544 ed.
830 5485 980 5547 Pan,
1034 5480 1163 5548 ὑμῖν
1192 5476 1311 5562 σιξ..
1339 5472 1406 5527 11.
1488 5470 1564 5554 too.
1587 5466 1890 5562 σπεύδομεν
1922 5464 2070 5549 Vat.,
2100 5459 2726 5562 κατασπεύδομενπνιιίε.

380 5553 512 5621 εδει.
536 5534 980 5628 ’“ῖίίπῖέ›’μὲιὶίᾤ
1015 5534 1133 5628 nit-
1200 5547 1260 5628 .“
1290 5534 2225 5628 ἀιιιῑατιὶιγξῖξξικιἀχῖειπὲξξσῑξλν
2254 5534 2381 5628 ’ΣΨΞ

2834 5457 2874 5487 ¹¹
2906 5451 3151 5522 πλήθους
3166 5447 3239 5522 ΑΗ.
3270 5461 3402 5522 mg.,
3415 5439 3624 5522 Δἰτλείθη

2481 5534 2523 5563 ⁸⁸
2553 5513 2702 5585 F
2735 5513 3108 5587 ἀντιτάξοντες
3137 5519 3201 5573 Ν.
3279 5513 3626 5587 ¹⁵ὀύδ⁹ᾀὴτισο

380 5583 633 5687 ﬁred..-
655 5583 1042 5690 ίῖξιῗῨΫῖόᾶδέἔ
1059 5583 1145 5680 ἒῖξ
1171 5616 1266 5690 σιν
1290 5583 1523 5690 2.1;“:
1537 5583 1605 5640 ’ἴθ’
1619 5583 1807 5690 milia
1824 5583 2015 5676 “esse
2020 5583 2126 5676 ῥδὲί
2144 5583 2214 5658 N.
2281 5583 2497 5658 ﬁ’i‘bri.
2526 5583 2733 5662 ἀνοίαις
2762 5598 2821 5681 ιι.
2854 5583 2955 5683 “18"
2970 5592 3031 5675 ιη’,
3065 5588 3267 5646 excidit
3293 5583 3625 5655 διδαχθεῖσαι

385 5677 855 5775 ᾧόὲιῗλῖοὶρῆἒέὲιζτι
884 5695 949 5748 Ν.
1026 5692 1071 5724 "
1096 5677 1215 5759 καὶ]
1244 5688 1334 5738 καὶ
1365 5686 1423 5735 ἐν
1449 5684 1518 5751 γῇ
1548 5681 1642 5731 καὶ
1675 5677 1743 5733 N.
