  <div class='ocr_page' id='page_1' title='image "/cluster/home/n/w/nwhite01/storage/ocr_20150623/113/hvd.32044073502270/325.png"; bbox 0 0 4010 6210; ppageno 0'>
   <div class='ocr_carea' id='block_1_1' title="bbox 405 296 519 362">
    <p class='ocr_par' dir='ltr' id='par_1_1' title="bbox 405 296 519 362">
     <span class='ocr_line' id='line_1_1' title="bbox 405 296 519 362; baseline -0.026 0"><span class='ocrx_word' id='word_1_1' title='bbox 405 296 519 362; x_wconf 61' lang='grc' dir='ltr'><strong>ϐω</strong></span> 
     </span>
    </p>
   </div>
   <div class='ocr_carea' id='block_1_2' title="bbox 1607 281 2465 351">
    <p class='ocr_par' dir='ltr' id='par_1_2' title="bbox 1607 281 2465 351">
     <span class='ocr_line' id='line_1_2' title="bbox 1607 281 2465 351; baseline -0.002 0"><span class='ocrx_word' id='word_1_2' title='bbox 1607 281 2011 351; x_wconf 81' lang='lat' dir='ltr'><strong>EXCERPTA</strong></span> <span class='ocrx_word' id='word_1_3' title='bbox 2045 287 2093 347; x_wconf 92' lang='lat' dir='ltr'><strong>E</strong></span> <span class='ocrx_word' id='word_1_4' title='bbox 2136 287 2465 349; x_wconf 85' lang='lat' dir='ltr'><strong>DEXIPPO</strong></span> 
     </span>
    </p>
   </div>
   <div class='ocr_carea' id='block_1_3' title="bbox 3571 290 3679 355">
    <p class='ocr_par' dir='ltr' id='par_1_3' title="bbox 3571 290 3679 355">
     <span class='ocr_line' id='line_1_3' title="bbox 3571 290 3679 355; baseline -0.009 0"><span class='ocrx_word' id='word_1_5' title='bbox 3571 290 3679 355; x_wconf 69' lang='grc'><strong>644</strong></span> 
     </span>
    </p>
   </div>
   <div class='ocr_carea' id='block_1_4' title="bbox 410 372 1998 470">
    <p class='ocr_par' dir='ltr' id='par_1_4' title="bbox 410 398 1997 470">
     <span class='ocr_line' id='line_1_4' title="bbox 410 398 1997 470; baseline -0.007 -9"><span class='ocrx_word' id='word_1_6' title='bbox 410 408 480 461; x_wconf 86' lang='lat' dir='ltr'><strong>ad</strong></span> <span class='ocrx_word' id='word_1_7' title='bbox 529 402 776 470; x_wconf 80' lang='lat' dir='ltr'><strong>ﬂuvium,</strong></span> <span class='ocrx_word' id='word_1_8' title='bbox 846 402 1058 457; x_wconf 81' lang='lat' dir='ltr'><strong>fortuna</strong></span> <span class='ocrx_word' id='word_1_9' title='bbox 1118 399 1336 468; x_wconf 91' lang='lat' dir='ltr'><strong>potius,</strong></span> <span class='ocrx_word' id='word_1_10' title='bbox 1394 411 1557 468; x_wconf 85' lang='lat' dir='ltr'><strong>quam</strong></span> <span class='ocrx_word' id='word_1_11' title='bbox 1597 412 1779 454; x_wconf 85' lang='lat' dir='ltr'><strong>vestra</strong></span> <span class='ocrx_word' id='word_1_12' title='bbox 1827 398 1997 451; x_wconf 87' lang='lat' dir='ltr'><strong>virtu-</strong></span> 
     </span>
    </p>
   </div>
   <div class='ocr_carea' id='block_1_5' title="bbox 2101 372 3686 470">
    <p class='ocr_par' dir='ltr' id='par_1_5' title="bbox 2106 372 3686 469">
     <span class='ocr_line' id='line_1_5' title="bbox 2106 372 3686 469; baseline 0.004 -19"><span class='ocrx_word' id='word_1_13' title='bbox 2106 397 2315 452; x_wconf 90' lang='grc' dir='ltr'>τούτων</span> <span class='ocrx_word' id='word_1_14' title='bbox 2352 400 2538 452; x_wconf 76' lang='grc' dir='ltr'>εἵνεκα</span> <span class='ocrx_word' id='word_1_15' title='bbox 2579 396 2648 451; x_wconf 86' lang='grc' dir='ltr'><strong>δι’</strong></span> <span class='ocrx_word' id='word_1_16' title='bbox 2687 395 2913 468; x_wconf 82' lang='grc' dir='ltr'><strong>εἰρήνης</strong></span> <span class='ocrx_word' id='word_1_17' title='bbox 2944 372 3232 468; x_wconf 61' lang='grc' dir='ltr'>ἀίρεῖσθαι</span> <span class='ocrx_word' id='word_1_18' title='bbox 3285 396 3431 469; x_wconf 76' lang='grc' dir='ltr'>ὑμᾶς</span> <span class='ocrx_word' id='word_1_19' title='bbox 3476 398 3578 464; x_wconf 82' lang='grc' dir='ltr'><strong>τὰς</strong></span> <span class='ocrx_word' id='word_1_20' title='bbox 3618 404 3686 457; x_wconf 86' lang='grc' dir='ltr'><strong>ἐκ</strong></span> 
     </span>
    </p>
   </div>
   <div class='ocr_carea' id='block_1_6' title="bbox 416 489 1993 561">
    <p class='ocr_par' dir='ltr' id='par_1_6' title="bbox 416 489 1993 561">
     <span class='ocr_line' id='line_1_6' title="bbox 416 489 1993 561; baseline -0.006 -9"><span class='ocrx_word' id='word_1_21' title='bbox 416 510 471 552; x_wconf 77' lang='lat' dir='ltr'><strong>te</strong></span> <span class='ocrx_word' id='word_1_22' title='bbox 512 495 670 551; x_wconf 84' lang='lat' dir='ltr'><strong>nobis</strong></span> <span class='ocrx_word' id='word_1_23' title='bbox 732 494 940 548; x_wconf 80' lang='lat' dir='ltr'><strong>cladem</strong></span> <span class='ocrx_word' id='word_1_24' title='bbox 1002 489 1337 557; x_wconf 89' lang='lat' dir='ltr'><strong>intuleritis,</strong></span> <span class='ocrx_word' id='word_1_25' title='bbox 1401 491 1544 545; x_wconf 88' lang='lat' dir='ltr'><strong>haud</strong></span> <span class='ocrx_word' id='word_1_26' title='bbox 1593 505 1688 561; x_wconf 89' lang='lat' dir='ltr'><strong>spe</strong></span> <span class='ocrx_word' id='word_1_27' title='bbox 1754 489 1993 544; x_wconf 89' lang='lat' dir='ltr'><strong>destituti</strong></span> 
     </span>
    </p>
   </div>
   <div class='ocr_carea' id='block_1_7' title="bbox 415 582 1998 652">
    <p class='ocr_par' dir='ltr' id='par_1_7' title="bbox 415 582 1998 652">
     <span class='ocr_line' id='line_1_7' title="bbox 415 582 1998 652; baseline -0.004 -11"><span class='ocrx_word' id='word_1_28' title='bbox 415 603 643 651; x_wconf 85' lang='lat' dir='ltr'><strong>sumus,</strong></span> <span class='ocrx_word' id='word_1_29' title='bbox 706 582 1050 652; x_wconf 79' lang='lat' dir='ltr'><strong>diligentiore</strong></span> <span class='ocrx_word' id='word_1_30' title='bbox 1119 584 1347 652; x_wconf 84' lang='lat' dir='ltr'><strong>posthac</strong></span> <span class='ocrx_word' id='word_1_31' title='bbox 1402 584 1603 638; x_wconf 86' lang='lat' dir='ltr'><strong>nostris</strong></span> <span class='ocrx_word' id='word_1_32' title='bbox 1657 583 1818 637; x_wconf 83' lang='lat' dir='ltr'><strong>rebus</strong></span> <span class='ocrx_word' id='word_1_33' title='bbox 1869 597 1998 636; x_wconf 81' lang='lat' dir='ltr'><strong>cau-</strong></span> 
     </span>
    </p>
   </div>
   <div class='ocr_carea' id='block_1_8' title="bbox 417 672 1999 738">
    <p class='ocr_par' dir='ltr' id='par_1_8' title="bbox 417 672 1999 738">
     <span class='ocr_line' id='line_1_8' title="bbox 417 672 1999 738; baseline -0.001 -9"><span class='ocrx_word' id='word_1_34' title='bbox 417 682 561 733; x_wconf 80' lang='lat' dir='ltr'><strong>tione</strong></span> <span class='ocrx_word' id='word_1_35' title='bbox 613 674 892 738; x_wconf 78' lang='lat' dir='ltr'><strong>adltibita,</strong></span> <span class='ocrx_word' id='word_1_36' title='bbox 948 673 1107 737; x_wconf 78' lang='lat' dir='ltr'><strong>fore,</strong></span> <span class='ocrx_word' id='word_1_37' title='bbox 1166 682 1227 727; x_wconf 92' lang='lat' dir='ltr'><strong>ut</strong></span> <span class='ocrx_word' id='word_1_38' title='bbox 1276 688 1375 727; x_wconf 93' lang='lat' dir='ltr'><strong>nos</strong></span> <span class='ocrx_word' id='word_1_39' title='bbox 1447 672 1717 728; x_wconf 80' lang='lat' dir='ltr'><strong>suStinere</strong></span> <span class='ocrx_word' id='word_1_40' title='bbox 1774 672 1999 727; x_wconf 89' lang='lat' dir='ltr'><strong>minime</strong></span> 
     </span>
    </p>
   </div>
   <div class='ocr_carea' id='block_1_9' title="bbox 413 762 1997 834">
    <p class='ocr_par' dir='ltr' id='par_1_9' title="bbox 413 762 1997 834">
     <span class='ocr_line' id='line_1_9' title="bbox 413 762 1997 834; baseline -0.005 -12"><span class='ocrx_word' id='word_1_41' title='bbox 413 766 663 822; x_wconf 82' lang='lat' dir='ltr'><strong>valeatis.</strong></span> <span class='ocrx_word' id='word_1_42' title='bbox 749 764 937 834; x_wconf 86' lang='lat' dir='ltr'><strong>Itaque</strong></span> <span class='ocrx_word' id='word_1_43' title='bbox 988 766 1167 833; x_wconf 85' lang='lat' dir='ltr'><strong>potius</strong></span> <span class='ocrx_word' id='word_1_44' title='bbox 1218 773 1307 818; x_wconf 87' lang='lat' dir='ltr'><strong>est</strong></span> <span class='ocrx_word' id='word_1_45' title='bbox 1354 801 1371 827; x_wconf 93' lang='lat'><strong>,</strong></span> <span class='ocrx_word' id='word_1_46' title='bbox 1428 771 1488 816; x_wconf 89' lang='lat' dir='ltr'><strong>ut</strong></span> <span class='ocrx_word' id='word_1_47' title='bbox 1542 777 1638 816; x_wconf 90' lang='lat' dir='ltr'><strong>vos</strong></span> <span class='ocrx_word' id='word_1_48' title='bbox 1685 762 1997 827; x_wconf 87' lang='lat' dir='ltr'><strong>commoda,</strong></span> 
     </span>
    </p>
   </div>
   <div class='ocr_carea' id='block_1_10' title="bbox 408 852 1999 929">
    <p class='ocr_par' dir='ltr' id='par_1_10' title="bbox 408 852 1999 929">
     <span class='ocr_line' id='line_1_10' title="bbox 408 852 1999 929; baseline -0.003 -16"><span class='ocrx_word' id='word_1_49' title='bbox 408 873 534 929; x_wconf 64' lang='lat' dir='ltr'><strong>quae</strong></span> <span class='ocrx_word' id='word_1_50' title='bbox 584 872 651 911; x_wconf 81' lang='lat' dir='ltr'><strong>ex</strong></span> <span class='ocrx_word' id='word_1_51' title='bbox 704 870 838 926; x_wconf 85' lang='lat' dir='ltr'><strong>pace</strong></span> <span class='ocrx_word' id='word_1_52' title='bbox 876 854 1241 925; x_wconf 88' lang='lat' dir='ltr'><strong>proveniunt,</strong></span> <span class='ocrx_word' id='word_1_53' title='bbox 1304 853 1637 923; x_wconf 86' lang='lat' dir='ltr'><strong>percipiatis,</strong></span> <span class='ocrx_word' id='word_1_54' title='bbox 1699 863 1753 908; x_wconf 90' lang='lat' dir='ltr'><strong>et</strong></span> <span class='ocrx_word' id='word_1_55' title='bbox 1795 852 1999 920; x_wconf 79' lang='lat' dir='ltr'><strong>junctis</strong></span> 
     </span>
    </p>
   </div>
   <div class='ocr_carea' id='block_1_11' title="bbox 408 943 1995 1011">
    <p class='ocr_par' dir='ltr' id='par_1_11' title="bbox 408 943 1995 1011">
     <span class='ocr_line' id='line_1_11' title="bbox 408 943 1995 1011; baseline -0.005 -8"><span class='ocrx_word' id='word_1_56' title='bbox 408 948 692 1004; x_wconf 89' lang='lat' dir='ltr'><strong>nobiscum</strong></span> <span class='ocrx_word' id='word_1_57' title='bbox 714 945 924 1001; x_wconf 85' lang='lat' dir='ltr'><strong>bellicis</strong></span> <span class='ocrx_word' id='word_1_58' title='bbox 948 946 1176 1011; x_wconf 80' lang='lat' dir='ltr'><strong>viribus,</strong></span> <span class='ocrx_word' id='word_1_59' title='bbox 1202 945 1404 1000; x_wconf 89' lang='lat' dir='ltr'><strong>nostris</strong></span> <span class='ocrx_word' id='word_1_60' title='bbox 1426 944 1643 999; x_wconf 81' lang='lat' dir='ltr'><strong>auxiliis</strong></span> <span class='ocrx_word' id='word_1_61' title='bbox 1665 943 1995 1007; x_wconf 79' lang='lat' dir='ltr'><strong>conﬁrmati,</strong></span> 
     </span>
    </p>
   </div>
   <div class='ocr_carea' id='block_1_12' title="bbox 410 1036 1993 1107">
    <p class='ocr_par' dir='ltr' id='par_1_12' title="bbox 410 1036 1993 1107">
     <span class='ocr_line' id='line_1_12' title="bbox 410 1036 1993 1107; baseline -0.004 -13"><span class='ocrx_word' id='word_1_62' title='bbox 410 1039 727 1107; x_wconf 82' lang='lat' dir='ltr'><strong>superiores</strong></span> <span class='ocrx_word' id='word_1_63' title='bbox 752 1038 949 1092; x_wconf 84' lang='lat' dir='ltr'><strong>vestris</strong></span> <span class='ocrx_word' id='word_1_64' title='bbox 1009 1037 1278 1102; x_wconf 84' lang='lat' dir='ltr'><strong>hostibus,</strong></span> <span class='ocrx_word' id='word_1_65' title='bbox 1310 1036 1355 1092; x_wconf 91' lang='lat' dir='ltr'><strong>si</strong></span> <span class='ocrx_word' id='word_1_66' title='bbox 1384 1038 1473 1105; x_wconf 91' lang='lat' dir='ltr'><strong>qui</strong></span> <span class='ocrx_word' id='word_1_67' title='bbox 1511 1050 1607 1091; x_wconf 79' lang='lat' dir='ltr'><strong>vos</strong></span> <span class='ocrx_word' id='word_1_68' title='bbox 1655 1037 1993 1099; x_wconf 89' lang='lat' dir='ltr'><strong>adoriantur,</strong></span> 
     </span>
    </p>
   </div>
   <div class='ocr_carea' id='block_1_13' title="bbox 405 1126 1997 1197">
    <p class='ocr_par' dir='ltr' id='par_1_13' title="bbox 405 1126 1997 1197">
     <span class='ocr_line' id='line_1_13' title="bbox 405 1126 1997 1197; baseline -0.006 -10"><span class='ocrx_word' id='word_1_69' title='bbox 405 1131 679 1187; x_wconf 84' lang='lat' dir='ltr'><strong>evadatis.</strong></span> <span class='ocrx_word' id='word_1_70' title='bbox 741 1129 893 1195; x_wconf 86' lang='lat' dir='ltr'><strong>Quod</strong></span> <span class='ocrx_word' id='word_1_71' title='bbox 939 1130 985 1184; x_wconf 89' lang='lat' dir='ltr'><strong>si</strong></span> <span class='ocrx_word' id='word_1_72' title='bbox 1047 1129 1121 1182; x_wconf 85' lang='lat' dir='ltr'><strong>ita</strong></span> <span class='ocrx_word' id='word_1_73' title='bbox 1174 1128 1290 1183; x_wconf 80' lang='lat' dir='ltr'><strong>ﬁeri</strong></span> <span class='ocrx_word' id='word_1_74' title='bbox 1351 1129 1546 1183; x_wconf 81' lang='lat' dir='ltr'><strong>debere</strong></span> <span class='ocrx_word' id='word_1_75' title='bbox 1595 1126 1997 1197; x_wconf 88' lang='lat' dir='ltr'><strong>jndicaveritis,</strong></span> 
     </span>
    </p>
   </div>
   <div class='ocr_carea' id='block_1_14' title="bbox 414 1218 1997 1295">
    <p class='ocr_par' dir='ltr' id='par_1_14' title="bbox 414 1218 1997 1295">
     <span class='ocr_line' id='line_1_14' title="bbox 414 1218 1997 1295; baseline -0.004 -16"><span class='ocrx_word' id='word_1_76' title='bbox 414 1224 564 1295; x_wconf 86' lang='lat' dir='ltr'><strong>quod</strong></span> <span class='ocrx_word' id='word_1_77' title='bbox 594 1223 712 1278; x_wconf 88' lang='lat' dir='ltr'><strong>auri</strong></span> <span class='ocrx_word' id='word_1_78' title='bbox 747 1222 875 1277; x_wconf 81' lang='lat' dir='ltr'><strong>facti</strong></span> <span class='ocrx_word' id='word_1_79' title='bbox 911 1221 994 1275; x_wconf 89' lang='lat' dir='ltr'><strong>vel</strong></span> <span class='ocrx_word' id='word_1_80' title='bbox 1026 1222 1208 1276; x_wconf 82' lang='lat' dir='ltr'><strong>infecti</strong></span> <span class='ocrx_word' id='word_1_81' title='bbox 1242 1220 1328 1275; x_wconf 89' lang='lat' dir='ltr'><strong>vel</strong></span> <span class='ocrx_word' id='word_1_82' title='bbox 1356 1220 1519 1275; x_wconf 85' lang='lat' dir='ltr'><strong>etiam</strong></span> <span class='ocrx_word' id='word_1_83' title='bbox 1554 1221 1760 1290; x_wconf 84' lang='lat' dir='ltr'><strong>argenti</strong></span> <span class='ocrx_word' id='word_1_84' title='bbox 1784 1235 1812 1273; x_wconf 89' lang='lat' dir='ltr'><strong>a</strong></span> <span class='ocrx_word' id='word_1_85' title='bbox 1843 1218 1997 1273; x_wconf 80' lang='lat' dir='ltr'><strong>vobis</strong></span> 
     </span>
    </p>
   </div>
   <div class='ocr_carea' id='block_1_15' title="bbox 414 1310 1998 1376">
    <p class='ocr_par' dir='ltr' id='par_1_15' title="bbox 414 1310 1998 1376">
     <span class='ocr_line' id='line_1_15' title="bbox 414 1310 1998 1376; baseline -0.004 -7"><span class='ocrx_word' id='word_1_86' title='bbox 414 1323 572 1369; x_wconf 88' lang='lat' dir='ltr'><strong>antea</strong></span> <span class='ocrx_word' id='word_1_87' title='bbox 627 1314 785 1367; x_wconf 87' lang='lat' dir='ltr'><strong>nobis</strong></span> <span class='ocrx_word' id='word_1_88' title='bbox 819 1313 1050 1376; x_wconf 81' lang='lat' dir='ltr'><strong>redibat,</strong></span> <span class='ocrx_word' id='word_1_89' title='bbox 1102 1313 1168 1366; x_wconf 91' lang='lat' dir='ltr'><strong>ad</strong></span> <span class='ocrx_word' id='word_1_90' title='bbox 1218 1311 1471 1365; x_wconf 73' lang='lat' dir='ltr'><strong>amicitia:</strong></span> <span class='ocrx_word' id='word_1_91' title='bbox 1530 1310 1998 1367; x_wconf 84' lang='lat' dir='ltr'><strong>conﬁrmationem</strong></span> 
     </span>
    </p>
   </div>
   <div class='ocr_carea' id='block_1_16' title="bbox 410 1402 1999 1475">
    <p class='ocr_par' dir='ltr' id='par_1_16' title="bbox 410 1402 1999 1475">
     <span class='ocr_line' id='line_1_16' title="bbox 410 1402 1999 1475; baseline -0.003 -16"><span class='ocrx_word' id='word_1_92' title='bbox 410 1420 510 1461; x_wconf 88' lang='lat' dir='ltr'><strong>vos</strong></span> <span class='ocrx_word' id='word_1_93' title='bbox 541 1414 799 1475; x_wconf 85' lang='lat' dir='ltr'><strong>praestare</strong></span> <span class='ocrx_word' id='word_1_94' title='bbox 850 1419 1065 1474; x_wconf 67' lang='lat' dir='ltr'><strong>aequum</strong></span> <span class='ocrx_word' id='word_1_95' title='bbox 1101 1412 1204 1458; x_wconf 89' lang='lat' dir='ltr'><strong>est.</strong></span> <span class='ocrx_word' id='word_1_96' title='bbox 1250 1402 1306 1458; x_wconf 89' lang='lat' dir='ltr'><strong>Si</strong></span> <span class='ocrx_word' id='word_1_97' title='bbox 1346 1404 1397 1457; x_wconf 88' lang='lat' dir='ltr'><strong>id</strong></span> <span class='ocrx_word' id='word_1_98' title='bbox 1429 1402 1851 1472; x_wconf 83' lang='lat' dir='ltr'><strong>denegaveritis,</strong></span> <span class='ocrx_word' id='word_1_99' title='bbox 1902 1415 1999 1456; x_wconf 89' lang='lat' dir='ltr'><strong>vos</strong></span> 
     </span>
    </p>
   </div>
   <div class='ocr_carea' id='block_1_17' title="bbox 408 1493 1997 1567">
    <p class='ocr_par' dir='ltr' id='par_1_17' title="bbox 408 1493 1997 1567">
     <span class='ocr_line' id='line_1_17' title="bbox 408 1493 1997 1567; baseline -0.003 -16"><span class='ocrx_word' id='word_1_100' title='bbox 408 1512 520 1567; x_wconf 88' lang='lat' dir='ltr'><strong>qua</strong></span> <span class='ocrx_word' id='word_1_101' title='bbox 555 1498 741 1553; x_wconf 88' lang='lat' dir='ltr'><strong>hostes</strong></span> <span class='ocrx_word' id='word_1_102' title='bbox 784 1495 1127 1563; x_wconf 83' lang='lat' dir='ltr'><strong>ulciscemur,</strong></span> <span class='ocrx_word' id='word_1_103' title='bbox 1183 1506 1233 1551; x_wconf 89' lang='lat' dir='ltr'><strong>et</strong></span> <span class='ocrx_word' id='word_1_104' title='bbox 1262 1507 1525 1565; x_wconf 83' lang='lat' dir='ltr'><strong>quantum</strong></span> <span class='ocrx_word' id='word_1_105' title='bbox 1558 1494 1611 1549; x_wconf 93' lang='lat' dir='ltr'><strong>in</strong></span> <span class='ocrx_word' id='word_1_106' title='bbox 1667 1493 1821 1548; x_wconf 89' lang='lat' dir='ltr'><strong>nobis</strong></span> <span class='ocrx_word' id='word_1_107' title='bbox 1872 1493 1997 1557; x_wconf 85' lang='lat' dir='ltr'><strong>erit,</strong></span> 
     </span>
    </p>
   </div>
   <div class='ocr_carea' id='block_1_18' title="bbox 408 1585 1999 1659">
    <p class='ocr_par' dir='ltr' id='par_1_18' title="bbox 408 1585 1999 1659">
     <span class='ocr_line' id='line_1_18' title="bbox 408 1585 1999 1659; baseline -0.004 -16"><span class='ocrx_word' id='word_1_108' title='bbox 408 1588 553 1643; x_wconf 80' lang='lat' dir='ltr'><strong>bello</strong></span> <span class='ocrx_word' id='word_1_109' title='bbox 614 1603 1024 1659; x_wconf 86' lang='lat' dir='ltr'><strong>persequemur.</strong></span> <span class='ocrx_word' id='word_1_110' title='bbox 1072 1607 1089 1640; x_wconf 77' lang='grc' dir='ltr'><strong>ι</strong></span> <span class='ocrx_word' id='word_1_111' title='bbox 1128 1588 1208 1641; x_wconf 83' lang='lat' dir='ltr'><strong>Ad</strong></span> <span class='ocrx_word' id='word_1_112' title='bbox 1256 1588 1369 1641; x_wconf 70' lang='lat' dir='ltr'><strong>hate</strong></span> <span class='ocrx_word' id='word_1_113' title='bbox 1419 1585 1787 1641; x_wconf 75' lang='lat' dir='ltr'><strong>Romanorum</strong></span> <span class='ocrx_word' id='word_1_114' title='bbox 1825 1586 1999 1654; x_wconf 89' lang='lat' dir='ltr'><strong>impe-</strong></span> 
     </span>
    </p>
   </div>
   <div class='ocr_carea' id='block_1_19' title="bbox 2100 490 3682 563">
    <p class='ocr_par' dir='ltr' id='par_1_19' title="bbox 2100 490 3682 563">
     <span class='ocr_line' id='line_1_19' title="bbox 2100 490 3682 563; baseline 0.003 -20"><span class='ocrx_word' id='word_1_115' title='bbox 2100 491 2200 561; x_wconf 80' lang='grc' dir='ltr'>τῆς</span> <span class='ocrx_word' id='word_1_116' title='bbox 2222 491 2478 560; x_wconf 77' lang='grc' dir='ltr'>ὁμονοίας</span> <span class='ocrx_word' id='word_1_117' title='bbox 2508 491 2775 559; x_wconf 88' lang='grc' dir='ltr'>ὠφελείας</span> <span class='ocrx_word' id='word_1_118' title='bbox 2819 490 2913 543; x_wconf 81' lang='grc' dir='ltr'><strong>καί.</strong></span> <span class='ocrx_word' id='word_1_119' title='bbox 2958 490 3027 544; x_wconf 85' lang='grc' dir='ltr'><strong>τά</strong></span> <span class='ocrx_word' id='word_1_120' title='bbox 3044 490 3090 521; x_wconf 75' lang='grc'><strong><em>⁸⁸</em></strong></span> <span class='ocrx_word' id='word_1_121' title='bbox 3125 490 3222 544; x_wconf 81' lang='grc' dir='ltr'>τοῦ</span> <span class='ocrx_word' id='word_1_122' title='bbox 3254 491 3491 560; x_wconf 81' lang='grc' dir='ltr'>πολέμου</span> <span class='ocrx_word' id='word_1_123' title='bbox 3533 495 3682 563; x_wconf 75' lang='grc' dir='ltr'>πρά-</span> 
     </span>
    </p>
   </div>
   <div class='ocr_carea' id='block_1_20' title="bbox 2099 580 3685 657">
    <p class='ocr_par' dir='ltr' id='par_1_20' title="bbox 2099 580 3685 657">
     <span class='ocr_line' id='line_1_20' title="bbox 2099 580 3685 657; baseline 0.003 -25"><span class='ocrx_word' id='word_1_124' title='bbox 2099 597 2287 650; x_wconf 86' lang='grc' dir='ltr'>γματα</span> <span class='ocrx_word' id='word_1_125' title='bbox 2312 580 2409 633; x_wconf 82' lang='grc' dir='ltr'><strong>σὺν</strong></span> <span class='ocrx_word' id='word_1_126' title='bbox 2435 582 2566 652; x_wconf 75' lang='grc' dir='ltr'>ἡμῖν</span> <span class='ocrx_word' id='word_1_127' title='bbox 2591 581 2861 647; x_wconf 85' lang='grc' dir='ltr'>τίθεσθαι,</span> <span class='ocrx_word' id='word_1_128' title='bbox 2887 584 2952 652; x_wconf 82' lang='grc' dir='ltr'><strong>τῇ</strong></span> <span class='ocrx_word' id='word_1_129' title='bbox 2990 599 3047 635; x_wconf 85' lang='grc' dir='ltr'><strong>τε</strong></span> <span class='ocrx_word' id='word_1_130' title='bbox 3074 582 3207 652; x_wconf 80' lang='grc' dir='ltr'>παρ’</span> <span class='ocrx_word' id='word_1_131' title='bbox 3238 584 3371 653; x_wconf 82' lang='grc' dir='ltr'>ἡμῖν</span> <span class='ocrx_word' id='word_1_132' title='bbox 3398 586 3685 657; x_wconf 78' lang='grc' dir='ltr'>συμμαχίᾳ</span> 
     </span>
    </p>
   </div>
   <div class='ocr_carea' id='block_1_21' title="bbox 2101 669 3687 742">
    <p class='ocr_par' dir='ltr' id='par_1_21' title="bbox 2101 669 3687 742">
     <span class='ocr_line' id='line_1_21' title="bbox 2101 669 3687 742; baseline 0.003 -20"><span class='ocrx_word' id='word_1_133' title='bbox 2101 670 2413 740; x_wconf 78' lang='grc' dir='ltr'>ρωσθέντας</span> <span class='ocrx_word' id='word_1_134' title='bbox 2470 670 2633 723; x_wconf 80' lang='grc' dir='ltr'>πλέον</span> <span class='ocrx_word' id='word_1_135' title='bbox 2678 669 2821 740; x_wconf 80' lang='grc' dir='ltr'>ἔχειν</span> <span class='ocrx_word' id='word_1_136' title='bbox 2871 670 3008 742; x_wconf 76' lang='grc' dir='ltr'>πρὸς</span> <span class='ocrx_word' id='word_1_137' title='bbox 3054 673 3183 735; x_wconf 83' lang='grc' dir='ltr'>τοὺς</span> <span class='ocrx_word' id='word_1_138' title='bbox 3224 672 3498 737; x_wconf 90' lang='grc' dir='ltr'>ἐπιόντας.</span> <span class='ocrx_word' id='word_1_139' title='bbox 3528 673 3591 726; x_wconf 83' lang='grc' dir='ltr'><strong>Εἰ</strong></span> <span class='ocrx_word' id='word_1_140' title='bbox 3627 674 3687 727; x_wconf 82' lang='grc' dir='ltr'><strong>δέ</strong></span> 
     </span>
    </p>
   </div>
   <div class='ocr_carea' id='block_1_22' title="bbox 2098 756 3689 834">
    <p class='ocr_par' dir='ltr' id='par_1_22' title="bbox 2098 756 3689 834">
     <span class='ocr_line' id='line_1_22' title="bbox 2098 756 3689 834; baseline 0.003 -19"><span class='ocrx_word' id='word_1_141' title='bbox 2098 761 2274 816; x_wconf 80' lang='grc' dir='ltr'>ταῦτα</span> <span class='ocrx_word' id='word_1_142' title='bbox 2315 765 2490 815; x_wconf 83' lang='grc' dir='ltr'>ποιεῖν</span> <span class='ocrx_word' id='word_1_143' title='bbox 2542 756 2645 816; x_wconf 85' lang='grc' dir='ltr'>ὧδε</span> <span class='ocrx_word' id='word_1_144' title='bbox 2696 762 2958 833; x_wconf 74' lang='grc' dir='ltr'><strong>κρίναιτε,</strong></span> <span class='ocrx_word' id='word_1_145' title='bbox 2985 762 3255 833; x_wconf 80' lang='grc' dir='ltr'><strong>ὑπάρχειν</strong></span> <span class='ocrx_word' id='word_1_146' title='bbox 3304 765 3438 834; x_wconf 88' lang='grc' dir='ltr'>ήμῖν</span> <span class='ocrx_word' id='word_1_147' title='bbox 3472 765 3689 820; x_wconf 85' lang='grc' dir='ltr'>δίκαιον</span> 
     </span>
    </p>
   </div>
   <div class='ocr_carea' id='block_1_23' title="bbox 2100 853 3733 924">
    <p class='ocr_par' dir='ltr' id='par_1_23' title="bbox 2100 853 3733 924">
     <span class='ocr_line' id='line_1_23' title="bbox 2100 853 3733 924; baseline 0.001 -18"><span class='ocrx_word' id='word_1_148' title='bbox 2100 855 2195 907; x_wconf 77' lang='grc' dir='ltr'>καὶ</span> <span class='ocrx_word' id='word_1_149' title='bbox 2227 854 2328 907; x_wconf 83' lang='grc' dir='ltr'>ὅσα</span> <span class='ocrx_word' id='word_1_150' title='bbox 2368 854 2426 905; x_wconf 89' lang='grc' dir='ltr'><strong>ἐν</strong></span> <span class='ocrx_word' id='word_1_151' title='bbox 2470 853 2676 923; x_wconf 79' lang='grc' dir='ltr'><strong>χρυσοῦ</strong></span> <span class='ocrx_word' id='word_1_152' title='bbox 2710 854 2930 923; x_wconf 78' lang='grc' dir='ltr'><strong>ἀσήμου</strong></span> <span class='ocrx_word' id='word_1_153' title='bbox 2965 870 3024 907; x_wconf 89' lang='grc' dir='ltr'><strong>τε</strong></span> <span class='ocrx_word' id='word_1_154' title='bbox 3058 855 3153 906; x_wconf 78' lang='grc' dir='ltr'>καὶ</span> <span class='ocrx_word' id='word_1_155' title='bbox 3182 855 3459 924; x_wconf 80' lang='grc' dir='ltr'>ἐπισήμου</span> <span class='ocrx_word' id='word_1_156' title='bbox 3499 856 3689 910; x_wconf 79' lang='grc' dir='ltr'><strong>δόσεσι</strong></span> <span class='ocrx_word' id='word_1_157' title='bbox 3720 894 3733 901; x_wconf 83' lang='lat'><strong>-</strong></span> 
     </span>
    </p>
   </div>
   <div class='ocr_carea' id='block_1_24' title="bbox 2100 943 3689 1017">
    <p class='ocr_par' dir='ltr' id='par_1_24' title="bbox 2100 943 3689 1017">
     <span class='ocr_line' id='line_1_24' title="bbox 2100 943 3689 1017; baseline 0.002 -19"><span class='ocrx_word' id='word_1_158' title='bbox 2100 943 2469 1015; x_wconf 71' lang='grc' dir='ltr'>καὶάργύρου</span> <span class='ocrx_word' id='word_1_159' title='bbox 2500 946 2628 1015; x_wconf 86' lang='grc' dir='ltr'>παρ’</span> <span class='ocrx_word' id='word_1_160' title='bbox 2658 944 2814 1014; x_wconf 83' lang='grc' dir='ltr'>ὑμῶν</span> <span class='ocrx_word' id='word_1_161' title='bbox 2844 944 3035 1013; x_wconf 78' lang='grc' dir='ltr'><strong>ἐφοίτα</strong></span> <span class='ocrx_word' id='word_1_162' title='bbox 3085 945 3181 998; x_wconf 69' lang='grc' dir='ltr'><strong>ἐπὶ⁸</strong></span> <span class='ocrx_word' id='word_1_163' title='bbox 3228 945 3414 1013; x_wconf 81' lang='grc' dir='ltr'><strong>φιλίας</strong></span> <span class='ocrx_word' id='word_1_164' title='bbox 3466 947 3689 1017; x_wconf 69' lang='grc' dir='ltr'>βεϐαιόα-</span> 
     </span>
    </p>
   </div>
   <div class='ocr_carea' id='block_1_25' title="bbox 2101 1034 3686 1108">
    <p class='ocr_par' dir='ltr' id='par_1_25' title="bbox 2101 1034 3686 1108">
     <span class='ocr_line' id='line_1_25' title="bbox 2101 1034 3686 1108; baseline 0.003 -20"><span class='ocrx_word' id='word_1_165' title='bbox 2101 1053 2247 1106; x_wconf 87' lang='grc' dir='ltr'>τητι.</span> <span class='ocrx_word' id='word_1_166' title='bbox 2282 1035 2705 1105; x_wconf 82' lang='grc' dir='ltr'>Ἀπειπαμένων</span> <span class='ocrx_word' id='word_1_167' title='bbox 2737 1034 2868 1106; x_wconf 78' lang='grc' dir='ltr'>γὰρ,</span> <span class='ocrx_word' id='word_1_168' title='bbox 2909 1036 3012 1089; x_wconf 85' lang='grc' dir='ltr'>ὅσα</span> <span class='ocrx_word' id='word_1_169' title='bbox 3055 1035 3289 1107; x_wconf 74' lang='grc' dir='ltr'>ἐχθροὺς</span> <span class='ocrx_word' id='word_1_170' title='bbox 3320 1038 3686 1108; x_wconf 80' lang='grc' dir='ltr'>ἀμυνόμενοι,</span> 
     </span>
    </p>
   </div>
   <div class='ocr_carea' id='block_1_26' title="bbox 2102 1126 3689 1200">
    <p class='ocr_par' dir='ltr' id='par_1_26' title="bbox 2102 1126 3689 1200">
     <span class='ocr_line' id='line_1_26' title="bbox 2102 1126 3689 1200; baseline 0.004 -20"><span class='ocrx_word' id='word_1_171' title='bbox 2102 1126 2290 1181; x_wconf 80' lang='grc' dir='ltr'>καθότι</span> <span class='ocrx_word' id='word_1_172' title='bbox 2317 1128 2542 1183; x_wconf 80' lang='grc' dir='ltr'>δυνατὸν</span> <span class='ocrx_word' id='word_1_173' title='bbox 2575 1128 2960 1199; x_wconf 82' lang='grc' dir='ltr'><strong>πολεμήσομεν</strong></span> <span class='ocrx_word' id='word_1_174' title='bbox 2982 1128 3049 1181; x_wconf 77' lang='grc'><strong>⁸⁸.</strong></span> <span class='ocrx_word' id='word_1_175' title='bbox 3082 1147 3101 1180; x_wconf 74' lang='grc' dir='ltr'><strong>ι</strong></span> <span class='ocrx_word' id='word_1_176' title='bbox 3134 1129 3279 1200; x_wconf 75' lang='grc' dir='ltr'>Πρὸς</span> <span class='ocrx_word' id='word_1_177' title='bbox 3306 1129 3480 1183; x_wconf 80' lang='grc' dir='ltr'>ταῦτα</span> <span class='ocrx_word' id='word_1_178' title='bbox 3504 1132 3533 1184; x_wconf 86' lang='grc' dir='ltr'><strong>ό</strong></span> <span class='ocrx_word' id='word_1_179' title='bbox 3550 1131 3689 1186; x_wconf 75' lang='grc' dir='ltr'><strong>Ῥωο</strong></span> 
     </span>
    </p>
   </div>
   <div class='ocr_carea' id='block_1_27' title="bbox 2106 1211 3687 1290">
    <p class='ocr_par' dir='ltr' id='par_1_27' title="bbox 2106 1211 3687 1290">
     <span class='ocr_line' id='line_1_27' title="bbox 2106 1211 3687 1290; baseline 0.004 -21"><span class='ocrx_word' id='word_1_180' title='bbox 2106 1215 2281 1288; x_wconf 90' lang='grc' dir='ltr'>μαίων</span> <span class='ocrx_word' id='word_1_181' title='bbox 2311 1216 2566 1287; x_wconf 82' lang='grc' dir='ltr'>βασιλεὺς</span> <span class='ocrx_word' id='word_1_182' title='bbox 2610 1217 2791 1283; x_wconf 76' lang='grc' dir='ltr'>ἔλεξεν</span> <span class='ocrx_word' id='word_1_183' title='bbox 2830 1211 2933 1271; x_wconf 81' lang='grc' dir='ltr'><strong>ὧδε</strong></span> <span class='ocrx_word' id='word_1_184' title='bbox 2955 1235 2967 1248; x_wconf 96' lang='grc'><strong>·</strong></span> <span class='ocrx_word' id='word_1_185' title='bbox 3007 1237 3025 1271; x_wconf 85' lang='lat' dir='ltr'><strong>t</strong></span> <span class='ocrx_word' id='word_1_186' title='bbox 3059 1219 3121 1274; x_wconf 80' lang='grc' dir='ltr'>Εἰ</span> <span class='ocrx_word' id='word_1_187' title='bbox 3176 1218 3275 1289; x_wconf 80' lang='grc' dir='ltr'><strong>μὲν</strong></span> <span class='ocrx_word' id='word_1_188' title='bbox 3303 1221 3347 1251; x_wconf 76' lang='grc'><strong>’⁸</strong></span> <span class='ocrx_word' id='word_1_189' title='bbox 3373 1221 3433 1285; x_wconf 91' lang='grc' dir='ltr'><strong>ἐς</strong></span> <span class='ocrx_word' id='word_1_190' title='bbox 3477 1221 3687 1290; x_wconf 83' lang='grc' dir='ltr'>ἀφανὲς</span> 
     </span>
    </p>
   </div>
   <div class='ocr_carea' id='block_1_28' title="bbox 2102 1307 3683 1385">
    <p class='ocr_par' dir='ltr' id='par_1_28' title="bbox 2102 1307 3683 1385">
     <span class='ocr_line' id='line_1_28' title="bbox 2102 1307 3683 1385; baseline 0.004 -24"><span class='ocrx_word' id='word_1_191' title='bbox 2102 1307 2364 1373; x_wconf 80' lang='grc' dir='ltr'>καθέντες</span> <span class='ocrx_word' id='word_1_192' title='bbox 2394 1310 2497 1379; x_wconf 81' lang='grc' dir='ltr'><strong>τὴν</strong></span> <span class='ocrx_word' id='word_1_193' title='bbox 2537 1309 2766 1380; x_wconf 81' lang='grc' dir='ltr'><strong>γνώμην</strong></span> <span class='ocrx_word' id='word_1_194' title='bbox 2806 1311 2983 1380; x_wconf 82' lang='grc' dir='ltr'>ὑμῶν,</span> <span class='ocrx_word' id='word_1_195' title='bbox 3020 1312 3149 1384; x_wconf 83' lang='grc' dir='ltr'><strong>περί</strong></span> <span class='ocrx_word' id='word_1_196' title='bbox 3180 1307 3255 1366; x_wconf 83' lang='grc' dir='ltr'><strong>ὧν</strong></span> <span class='ocrx_word' id='word_1_197' title='bbox 3285 1313 3683 1385; x_wconf 87' lang='grc' dir='ltr'>πρεσϐεύεσθε,</span> 
     </span>
    </p>
   </div>
   <div class='ocr_carea' id='block_1_29' title="bbox 2102 1400 3683 1475">
    <p class='ocr_par' dir='ltr' id='par_1_29' title="bbox 2102 1400 3683 1475">
     <span class='ocr_line' id='line_1_29' title="bbox 2102 1400 3683 1475; baseline 0.006 -21"><span class='ocrx_word' id='word_1_198' title='bbox 2102 1401 2451 1467; x_wconf 76' lang='grc' dir='ltr'>ἐδιδάσκετε,</span> <span class='ocrx_word' id='word_1_199' title='bbox 2483 1400 2599 1455; x_wconf 76' lang='grc' dir='ltr'>οὔθ’</span> <span class='ocrx_word' id='word_1_200' title='bbox 2632 1404 2763 1473; x_wconf 81' lang='grc' dir='ltr'>ἡμῖν</span> <span class='ocrx_word' id='word_1_201' title='bbox 2803 1406 2915 1468; x_wconf 88' lang='grc' dir='ltr'>τοῖς</span> <span class='ocrx_word' id='word_1_202' title='bbox 2955 1404 3337 1475; x_wconf 79' lang='grc' dir='ltr'>ἐκδεξαμένοις</span> <span class='ocrx_word' id='word_1_203' title='bbox 3380 1404 3471 1460; x_wconf 82' lang='grc' dir='ltr'>τὸν</span> <span class='ocrx_word' id='word_1_204' title='bbox 3520 1406 3683 1475; x_wconf 90' lang='grc' dir='ltr'>λόγον</span> 
     </span>
    </p>
   </div>
   <div class='ocr_carea' id='block_1_30' title="bbox 2102 1492 3683 1567">
    <p class='ocr_par' dir='ltr' id='par_1_30' title="bbox 2102 1492 3683 1567">
     <span class='ocr_line' id='line_1_30' title="bbox 2102 1492 3683 1567; baseline 0.004 -21"><span class='ocrx_word' id='word_1_205' title='bbox 2102 1492 2351 1563; x_wconf 78' lang='grc' dir='ltr'>χαλεπὴν</span> <span class='ocrx_word' id='word_1_206' title='bbox 2413 1495 2764 1565; x_wconf 82' lang='grc' dir='ltr'>παρείχετ’⁹³</span> <span class='ocrx_word' id='word_1_207' title='bbox 2802 1494 2871 1555; x_wconf 78' lang='grc' dir='ltr'>ἂν</span> <span class='ocrx_word' id='word_1_208' title='bbox 2923 1495 3024 1567; x_wconf 76' lang='grc' dir='ltr'><strong>τὴν</strong></span> <span class='ocrx_word' id='word_1_209' title='bbox 3071 1497 3386 1567; x_wconf 88' lang='grc' dir='ltr'>ἀπόκρισιν.</span> <span class='ocrx_word' id='word_1_210' title='bbox 3432 1497 3583 1552; x_wconf 77' lang='grc' dir='ltr'>Ἐπεὶ</span> <span class='ocrx_word' id='word_1_211' title='bbox 3625 1498 3683 1554; x_wconf 75' lang='grc' dir='ltr'>δὲ</span> 
     </span>
    </p>
   </div>
   <div class='ocr_carea' id='block_1_31' title="bbox 2101 1584 3684 1662">
    <p class='ocr_par' dir='ltr' id='par_1_31' title="bbox 2101 1584 3684 1662">
     <span class='ocr_line' id='line_1_31' title="bbox 2101 1584 3684 1662; baseline 0.006 -25"><span class='ocrx_word' id='word_1_212' title='bbox 2101 1584 2170 1638; x_wconf 88' lang='grc' dir='ltr'><strong>τά</strong></span> <span class='ocrx_word' id='word_1_213' title='bbox 2194 1585 2461 1656; x_wconf 78' lang='grc' dir='ltr'>εἰρημένα</span> <span class='ocrx_word' id='word_1_214' title='bbox 2494 1588 2552 1650; x_wconf 90' lang='grc' dir='ltr'><strong>ἐς</strong></span> <span class='ocrx_word' id='word_1_215' title='bbox 2585 1588 2684 1657; x_wconf 78' lang='grc' dir='ltr'><strong>μὲν</strong></span> <span class='ocrx_word' id='word_1_216' title='bbox 2733 1586 3075 1658; x_wconf 78' lang='grc' dir='ltr'>εὐπρέπειαν</span> <span class='ocrx_word' id='word_1_217' title='bbox 3110 1588 3417 1659; x_wconf 86' lang='grc' dir='ltr'>σύγκειται,</span> <span class='ocrx_word' id='word_1_218' title='bbox 3457 1590 3605 1662; x_wconf 82' lang='grc' dir='ltr'>ἔργῳ</span> <span class='ocrx_word' id='word_1_219' title='bbox 3624 1591 3684 1647; x_wconf 66' lang='grc' dir='ltr'>δὲ</span> 
     </span>
    </p>
   </div>
   <div class='ocr_carea' id='block_1_32' title="bbox 412 1677 1998 1754">
    <p class='ocr_par' dir='ltr' id='par_1_32' title="bbox 412 1677 1998 1748">
     <span class='ocr_line' id='line_1_32' title="bbox 412 1677 1998 1748; baseline 0.001 -17"><span class='ocrx_word' id='word_1_220' title='bbox 412 1684 566 1732; x_wconf 86' lang='lat' dir='ltr'><strong>rator</strong></span> <span class='ocrx_word' id='word_1_221' title='bbox 620 1684 735 1732; x_wconf 76' lang='lat' dir='ltr'><strong>haec</strong></span> <span class='ocrx_word' id='word_1_222' title='bbox 792 1679 966 1731; x_wconf 81' lang='lat' dir='ltr'><strong>dixit:</strong></span> <span class='ocrx_word' id='word_1_223' title='bbox 1010 1695 1029 1729; x_wconf 85' lang='grc'><strong>‹</strong></span> <span class='ocrx_word' id='word_1_224' title='bbox 1094 1678 1373 1747; x_wconf 87' lang='lat' dir='ltr'><strong>Siquidem</strong></span> <span class='ocrx_word' id='word_1_225' title='bbox 1430 1688 1617 1748; x_wconf 87' lang='lat' dir='ltr'><strong>aperte</strong></span> <span class='ocrx_word' id='word_1_226' title='bbox 1658 1688 1714 1732; x_wconf 87' lang='lat' dir='ltr'><strong>et</strong></span> <span class='ocrx_word' id='word_1_227' title='bbox 1766 1677 1998 1732; x_wconf 81' lang='lat' dir='ltr'><strong>dilucide</strong></span> 
     </span>
    </p>
   </div>
   <div class='ocr_carea' id='block_1_33' title="bbox 2101 1677 3678 1754">
    <p class='ocr_par' dir='ltr' id='par_1_33' title="bbox 2105 1678 3678 1754">
     <span class='ocr_line' id='line_1_33' title="bbox 2105 1678 3678 1754; baseline 0.005 -23"><span class='ocrx_word' id='word_1_228' title='bbox 2105 1678 2370 1744; x_wconf 89' lang='grc' dir='ltr'>ἐναντίως</span> <span class='ocrx_word' id='word_1_229' title='bbox 2398 1679 2532 1751; x_wconf 81' lang='grc' dir='ltr'>ἔχει,</span> <span class='ocrx_word' id='word_1_230' title='bbox 2564 1684 2642 1752; x_wconf 85' lang='grc' dir='ltr'>πῆ</span> <span class='ocrx_word' id='word_1_231' title='bbox 2675 1682 2774 1752; x_wconf 77' lang='grc' dir='ltr'>μὲν</span> <span class='ocrx_word' id='word_1_232' title='bbox 2806 1683 3031 1754; x_wconf 86' lang='grc' dir='ltr'>εἰρήνης</span> <span class='ocrx_word' id='word_1_233' title='bbox 3071 1684 3544 1754; x_wconf 84' lang='grc' dir='ltr'>μνημονευόντων,</span> <span class='ocrx_word' id='word_1_234' title='bbox 3583 1685 3678 1739; x_wconf 70' lang='grc' dir='ltr'><strong>ὁτὲ</strong></span> 
     </span>
    </p>
   </div>
   <div class='ocr_carea' id='block_1_34' title="bbox 406 1748 1998 1847">
    <p class='ocr_par' dir='ltr' id='par_1_34' title="bbox 406 1767 1996 1839">
     <span class='ocr_line' id='line_1_34' title="bbox 406 1767 1996 1839; baseline 0.001 -18"><span class='ocrx_word' id='word_1_235' title='bbox 406 1776 644 1822; x_wconf 80' lang='lat' dir='ltr'><strong>vestram</strong></span> <span class='ocrx_word' id='word_1_236' title='bbox 678 1769 1027 1833; x_wconf 88' lang='lat' dir='ltr'><strong>sententiam,</strong></span> <span class='ocrx_word' id='word_1_237' title='bbox 1079 1779 1435 1839; x_wconf 77' lang='lat' dir='ltr'><strong>exponentes,</strong></span> <span class='ocrx_word' id='word_1_238' title='bbox 1466 1784 1549 1832; x_wconf 83' lang='lat' dir='ltr'><strong>ea,</strong></span> <span class='ocrx_word' id='word_1_239' title='bbox 1578 1769 1643 1823; x_wconf 85' lang='lat' dir='ltr'><strong>de</strong></span> <span class='ocrx_word' id='word_1_240' title='bbox 1672 1769 1870 1838; x_wconf 89' lang='lat' dir='ltr'><strong>quibus</strong></span> <span class='ocrx_word' id='word_1_241' title='bbox 1920 1767 1996 1822; x_wconf 88' lang='lat' dir='ltr'><strong>le-</strong></span> 
     </span>
    </p>
   </div>
   <div class='ocr_carea' id='block_1_35' title="bbox 2101 1748 3686 1847">
    <p class='ocr_par' dir='ltr' id='par_1_35' title="bbox 2102 1748 3686 1847">
     <span class='ocr_line' id='line_1_35' title="bbox 2102 1748 3686 1847; baseline 0.004 -23"><span class='ocrx_word' id='word_1_242' title='bbox 2102 1771 2146 1824; x_wconf 85' lang='grc' dir='ltr'>δ’</span> <span class='ocrx_word' id='word_1_243' title='bbox 2178 1765 2334 1835; x_wconf 79' lang='grc' dir='ltr'>αὖθις</span> <span class='ocrx_word' id='word_1_244' title='bbox 2353 1748 2591 1843; x_wconf 80' lang='grc' dir='ltr'>πόλεμον</span> <span class='ocrx_word' id='word_1_245' title='bbox 2610 1748 3122 1845; x_wconf 58' lang='grc' dir='ltr'>ἐπανατειναμένων</span> <span class='ocrx_word' id='word_1_246' title='bbox 3154 1748 3333 1846; x_wconf 74' lang='grc' dir='ltr'>ύμῶν,</span> <span class='ocrx_word' id='word_1_247' title='bbox 3356 1768 3431 1831; x_wconf 83' lang='grc' dir='ltr'><strong>ὧν</strong></span> <span class='ocrx_word' id='word_1_248' title='bbox 3460 1748 3686 1847; x_wconf 80' lang='grc' dir='ltr'>συγχεῖν</span> 
     </span>
    </p>
   </div>
   <div class='ocr_carea' id='block_1_36' title="bbox 405 1858 2000 1930">
    <p class='ocr_par' dir='ltr' id='par_1_36' title="bbox 405 1858 2000 1930">
     <span class='ocr_line' id='line_1_36' title="bbox 405 1858 2000 1930; baseline -0.001 -17"><span class='ocrx_word' id='word_1_249' title='bbox 405 1858 825 1930; x_wconf 38' lang='grc' dir='ltr'>εαιίεειὶειηοε</span> <span class='ocrx_word' id='word_1_250' title='bbox 871 1860 1219 1925; x_wconf 91' lang='lat' dir='ltr'><strong>docuissetis,</strong></span> <span class='ocrx_word' id='word_1_251' title='bbox 1274 1859 1453 1924; x_wconf 88' lang='lat' dir='ltr'><strong>nobis,</strong></span> <span class='ocrx_word' id='word_1_252' title='bbox 1487 1859 1575 1927; x_wconf 92' lang='lat' dir='ltr'><strong>qui</strong></span> <span class='ocrx_word' id='word_1_253' title='bbox 1605 1867 1842 1913; x_wconf 88' lang='lat' dir='ltr'><strong>vestrum</strong></span> <span class='ocrx_word' id='word_1_254' title='bbox 1881 1872 2000 1911; x_wconf 87' lang='lat' dir='ltr'><strong>ser-</strong></span> 
     </span>
    </p>
   </div>
   <div class='ocr_carea' id='block_1_37' title="bbox 408 1941 1998 2018">
    <p class='ocr_par' dir='ltr' id='par_1_37' title="bbox 408 1941 1998 2018">
     <span class='ocr_line' id='line_1_37' title="bbox 408 1941 1998 2018; baseline -0.004 -17"><span class='ocrx_word' id='word_1_255' title='bbox 408 1962 625 2003; x_wconf 91' lang='lat' dir='ltr'><strong>monem</strong></span> <span class='ocrx_word' id='word_1_256' title='bbox 658 1948 993 2018; x_wconf 87' lang='lat' dir='ltr'><strong>excepimus,</strong></span> <span class='ocrx_word' id='word_1_257' title='bbox 1018 1948 1085 2001; x_wconf 91' lang='lat' dir='ltr'><strong>ad</strong></span> <span class='ocrx_word' id='word_1_258' title='bbox 1117 1960 1239 1999; x_wconf 89' lang='lat' dir='ltr'><strong>eum</strong></span> <span class='ocrx_word' id='word_1_259' title='bbox 1284 1946 1507 1999; x_wconf 90' lang='lat' dir='ltr'><strong>mininte</strong></span> <span class='ocrx_word' id='word_1_260' title='bbox 1543 1942 1703 1999; x_wconf 84' lang='lat' dir='ltr'><strong>dubia</strong></span> <span class='ocrx_word' id='word_1_261' title='bbox 1738 1953 1827 1998; x_wconf 90' lang='lat' dir='ltr'><strong>aut</strong></span> <span class='ocrx_word' id='word_1_262' title='bbox 1859 1941 1998 1997; x_wconf 76' lang='lat' dir='ltr'><strong>ditii-</strong></span> 
     </span>
    </p>
   </div>
   <div class='ocr_carea' id='block_1_38' title="bbox 406 2035 1997 2111">
    <p class='ocr_par' dir='ltr' id='par_1_38' title="bbox 406 2035 1997 2111">
     <span class='ocr_line' id='line_1_38' title="bbox 406 2035 1997 2111; baseline -0.004 -15"><span class='ocrx_word' id='word_1_263' title='bbox 406 2040 537 2097; x_wconf 83' lang='lat' dir='ltr'><strong>cilis</strong></span> <span class='ocrx_word' id='word_1_264' title='bbox 579 2039 808 2111; x_wconf 73' lang='lat' dir='ltr'><strong>prasbita</strong></span> <span class='ocrx_word' id='word_1_265' title='bbox 857 2049 1005 2095; x_wconf 87' lang='lat' dir='ltr'><strong>esset</strong></span> <span class='ocrx_word' id='word_1_266' title='bbox 1060 2037 1339 2107; x_wconf 83' lang='lat' dir='ltr'><strong>responsio</strong></span> <span class='ocrx_word' id='word_1_267' title='bbox 1384 2053 1401 2091; x_wconf 86' lang='lat'><strong>:</strong></span> <span class='ocrx_word' id='word_1_268' title='bbox 1458 2036 1552 2091; x_wconf 91' lang='lat' dir='ltr'><strong>sed</strong></span> <span class='ocrx_word' id='word_1_269' title='bbox 1601 2035 1858 2107; x_wconf 89' lang='lat' dir='ltr'><strong>quoniam</strong></span> <span class='ocrx_word' id='word_1_270' title='bbox 1912 2050 1997 2101; x_wconf 89' lang='lat' dir='ltr'><strong>ea,</strong></span> 
     </span>
    </p>
   </div>
   <div class='ocr_carea' id='block_1_39' title="bbox 2103 1863 3685 1941">
    <p class='ocr_par' dir='ltr' id='par_1_39' title="bbox 2103 1863 3685 1941">
     <span class='ocr_line' id='line_1_39' title="bbox 2103 1863 3685 1941; baseline 0.006 -26"><span class='ocrx_word' id='word_1_271' title='bbox 2103 1863 2323 1917; x_wconf 83' lang='grc' dir='ltr'>ἐοίκατε</span> <span class='ocrx_word' id='word_1_272' title='bbox 2351 1865 2615 1935; x_wconf 77' lang='grc' dir='ltr'>ἑκάτερον</span> <span class='ocrx_word' id='word_1_273' title='bbox 2656 1866 2722 1921; x_wconf 81' lang='grc' dir='ltr'><strong>ἐκ</strong></span> <span class='ocrx_word' id='word_1_274' title='bbox 2772 1867 3005 1940; x_wconf 84' lang='grc' dir='ltr'>θατέρου</span> <span class='ocrx_word' id='word_1_275' title='bbox 3026 1906 3042 1933; x_wconf 94' lang='grc'><strong>,</strong></span> <span class='ocrx_word' id='word_1_276' title='bbox 3073 1868 3374 1939; x_wconf 87' lang='grc' dir='ltr'>ἀμφίϐολον</span> <span class='ocrx_word' id='word_1_277' title='bbox 3423 1870 3518 1924; x_wconf 79' lang='grc' dir='ltr'>καὶ</span> <span class='ocrx_word' id='word_1_278' title='bbox 3550 1872 3685 1941; x_wconf 71' lang='grc' dir='ltr'>ἡμῖν</span> 
     </span>
    </p>
   </div>
   <div class='ocr_carea' id='block_1_40' title="bbox 2106 1956 3686 2034">
    <p class='ocr_par' dir='ltr' id='par_1_40' title="bbox 2106 1956 3686 2034">
     <span class='ocr_line' id='line_1_40' title="bbox 2106 1956 3686 2034; baseline 0.004 -25"><span class='ocrx_word' id='word_1_279' title='bbox 2106 1956 2432 2011; x_wconf 82' lang='grc' dir='ltr'>καθίσταται</span> <span class='ocrx_word' id='word_1_280' title='bbox 2479 1958 2617 2027; x_wconf 81' lang='grc' dir='ltr'>πρὸς</span> <span class='ocrx_word' id='word_1_281' title='bbox 2643 1959 2671 2012; x_wconf 88' lang='grc' dir='ltr'><strong>ὃ</strong></span> <span class='ocrx_word' id='word_1_282' title='bbox 2702 1977 2753 2012; x_wconf 86' lang='grc' dir='ltr'><strong>τι</strong></span> <span class='ocrx_word' id='word_1_283' title='bbox 2796 1959 2903 2031; x_wconf 83' lang='grc' dir='ltr'>χρὴ</span> <span class='ocrx_word' id='word_1_284' title='bbox 2960 1960 3179 2033; x_wconf 81' lang='grc' dir='ltr'>πρῶτον</span> <span class='ocrx_word' id='word_1_285' title='bbox 3208 1961 3686 2034; x_wconf 80' lang='grc' dir='ltr'>ἁποκριναμὲνους</span> 
     </span>
    </p>
   </div>
   <div class='ocr_carea' id='block_1_41' title="bbox 2106 2048 3686 2126">
    <p class='ocr_par' dir='ltr' id='par_1_41' title="bbox 2106 2048 3686 2126">
     <span class='ocr_line' id='line_1_41' title="bbox 2106 2048 3686 2126; baseline 0.005 -24"><span class='ocrx_word' id='word_1_286' title='bbox 2106 2048 2182 2119; x_wconf 79' lang='grc' dir='ltr'>μὴ</span> <span class='ocrx_word' id='word_1_287' title='bbox 2206 2049 2563 2120; x_wconf 80' lang='grc' dir='ltr'>ἁμαρτάνειν.</span> <span class='ocrx_word' id='word_1_288' title='bbox 2592 2050 2890 2105; x_wconf 79' lang='grc' dir='ltr'>Λέλειπται</span> <span class='ocrx_word' id='word_1_289' title='bbox 2918 2052 2974 2105; x_wconf 80' lang='grc' dir='ltr'><strong>δέ</strong></span> <span class='ocrx_word' id='word_1_290' title='bbox 2990 2070 3041 2106; x_wconf 88' lang='grc' dir='ltr'><strong>τι</strong></span> <span class='ocrx_word' id='word_1_291' title='bbox 3062 2053 3156 2106; x_wconf 71' lang='grc' dir='ltr'><strong>καὶ</strong></span> <span class='ocrx_word' id='word_1_292' title='bbox 3172 2054 3237 2106; x_wconf 83' lang='grc' dir='ltr'><strong>ἐκ</strong></span> <span class='ocrx_word' id='word_1_293' title='bbox 3255 2054 3362 2107; x_wconf 82' lang='grc' dir='ltr'>τῶν</span> <span class='ocrx_word' id='word_1_294' title='bbox 3392 2055 3686 2126; x_wconf 77' lang='grc' dir='ltr'>παρόντων</span> 
     </span>
    </p>
   </div>
   <div class='ocr_carea' id='block_1_42' title="bbox 410 2126 1998 2214">
    <p class='ocr_par' dir='ltr' id='par_1_42' title="bbox 410 2126 1997 2201">
     <span class='ocr_line' id='line_1_42' title="bbox 410 2126 1997 2201; baseline -0.003 -16"><span class='ocrx_word' id='word_1_295' title='bbox 410 2147 531 2201; x_wconf 73' lang='lat' dir='ltr'><strong>qua:</strong></span> <span class='ocrx_word' id='word_1_296' title='bbox 598 2132 745 2186; x_wconf 89' lang='lat' dir='ltr'><strong>dicta</strong></span> <span class='ocrx_word' id='word_1_297' title='bbox 804 2139 989 2194; x_wconf 89' lang='lat' dir='ltr'><strong>sunt,</strong></span> <span class='ocrx_word' id='word_1_298' title='bbox 1055 2130 1309 2184; x_wconf 90' lang='lat' dir='ltr'><strong>decorum</strong></span> <span class='ocrx_word' id='word_1_299' title='bbox 1397 2128 1526 2198; x_wconf 90' lang='lat' dir='ltr'><strong>quid</strong></span> <span class='ocrx_word' id='word_1_300' title='bbox 1577 2138 1631 2183; x_wconf 89' lang='lat' dir='ltr'><strong>et</strong></span> <span class='ocrx_word' id='word_1_301' title='bbox 1714 2126 1997 2182; x_wconf 89' lang='lat' dir='ltr'><strong>honestum</strong></span> 
     </span>
    </p>
   </div>
   <div class='ocr_carea' id='block_1_43' title="bbox 2101 2126 3687 2214">
    <p class='ocr_par' dir='ltr' id='par_1_43' title="bbox 2106 2138 3687 2214">
     <span class='ocr_line' id='line_1_43' title="bbox 2106 2138 3687 2214; baseline 0.004 -22"><span class='ocrx_word' id='word_1_302' title='bbox 2106 2138 2539 2208; x_wconf 80' lang='grc' dir='ltr'>βουλεύσασθαι’</span> <span class='ocrx_word' id='word_1_303' title='bbox 2574 2139 2681 2212; x_wconf 82' lang='grc' dir='ltr'>χρὴ</span> <span class='ocrx_word' id='word_1_304' title='bbox 2726 2142 2836 2212; x_wconf 86' lang='grc' dir='ltr'><strong>γὰρ</strong></span> <span class='ocrx_word' id='word_1_305' title='bbox 2892 2141 2969 2195; x_wconf 87' lang='grc' dir='ltr'>τὼ</span> <span class='ocrx_word' id='word_1_306' title='bbox 3017 2142 3179 2196; x_wconf 87' lang='grc' dir='ltr'>διττὼ</span> <span class='ocrx_word' id='word_1_307' title='bbox 3235 2143 3410 2197; x_wconf 89' lang='grc' dir='ltr'>τούτω</span> <span class='ocrx_word' id='word_1_308' title='bbox 3463 2145 3610 2214; x_wconf 82' lang='grc' dir='ltr'>λόγω</span> <span class='ocrx_word' id='word_1_309' title='bbox 3638 2147 3687 2178; x_wconf 66' lang='grc'><strong>’⁸</strong></span> 
     </span>
    </p>
   </div>
   <div class='ocr_carea' id='block_1_44' title="bbox 404 2220 1998 2307">
    <p class='ocr_par' dir='ltr' id='par_1_44' title="bbox 404 2220 1994 2294">
     <span class='ocr_line' id='line_1_44' title="bbox 404 2220 1994 2294; baseline -0.003 -17"><span class='ocrx_word' id='word_1_310' title='bbox 404 2238 522 2294; x_wconf 72' lang='lat' dir='ltr'><strong>pra:</strong></span> <span class='ocrx_word' id='word_1_311' title='bbox 547 2239 607 2279; x_wconf 86' lang='lat' dir='ltr'><strong>se</strong></span> <span class='ocrx_word' id='word_1_312' title='bbox 637 2223 841 2291; x_wconf 79' lang='lat' dir='ltr'><strong>ferunt,</strong></span> <span class='ocrx_word' id='word_1_313' title='bbox 877 2239 937 2278; x_wconf 89' lang='lat' dir='ltr'><strong>re</strong></span> <span class='ocrx_word' id='word_1_314' title='bbox 974 2223 1086 2293; x_wconf 86' lang='lat' dir='ltr'><strong>ipsa</strong></span> <span class='ocrx_word' id='word_1_315' title='bbox 1121 2237 1252 2277; x_wconf 83' lang='lat' dir='ltr'><strong>vero</strong></span> <span class='ocrx_word' id='word_1_316' title='bbox 1281 2236 1439 2277; x_wconf 89' lang='lat' dir='ltr'><strong>secus</strong></span> <span class='ocrx_word' id='word_1_317' title='bbox 1475 2235 1535 2275; x_wconf 90' lang='lat' dir='ltr'><strong>se</strong></span> <span class='ocrx_word' id='word_1_318' title='bbox 1570 2220 1791 2285; x_wconf 86' lang='lat' dir='ltr'><strong>habent,</strong></span> <span class='ocrx_word' id='word_1_319' title='bbox 1828 2234 1994 2289; x_wconf 89' lang='lat' dir='ltr'><strong>quum</strong></span> 
     </span>
    </p>
   </div>
   <div class='ocr_carea' id='block_1_45' title="bbox 2101 2220 3684 2307">
    <p class='ocr_par' dir='ltr' id='par_1_45' title="bbox 2103 2230 3684 2307">
     <span class='ocr_line' id='line_1_45' title="bbox 2103 2230 3684 2307; baseline 0.005 -24"><span class='ocrx_word' id='word_1_320' title='bbox 2103 2230 2377 2295; x_wconf 70' lang='grc' dir='ltr'>διελόντας</span> <span class='ocrx_word' id='word_1_321' title='bbox 2417 2232 2665 2304; x_wconf 78' lang='grc' dir='ltr'>ἀπαντᾷν</span> <span class='ocrx_word' id='word_1_322' title='bbox 2700 2232 2845 2303; x_wconf 78' lang='grc' dir='ltr'>πρὸς</span> <span class='ocrx_word' id='word_1_323' title='bbox 2892 2234 3078 2305; x_wconf 83' lang='grc' dir='ltr'>ἄμφω.</span> <span class='ocrx_word' id='word_1_324' title='bbox 3104 2236 3166 2287; x_wconf 86' lang='grc' dir='ltr'>Εἰ</span> <span class='ocrx_word' id='word_1_325' title='bbox 3214 2235 3313 2305; x_wconf 79' lang='grc' dir='ltr'>μὲν</span> <span class='ocrx_word' id='word_1_326' title='bbox 3354 2235 3462 2307; x_wconf 69' lang='grc' dir='ltr'><strong>γὰρ</strong></span> <span class='ocrx_word' id='word_1_327' title='bbox 3508 2236 3684 2291; x_wconf 62' lang='grc' dir='ltr'>καθα-</span> 
     </span>
    </p>
   </div>
   <div class='ocr_carea' id='block_1_46' title="bbox 408 2312 1998 2402">
    <p class='ocr_par' dir='ltr' id='par_1_46' title="bbox 408 2312 1998 2385">
     <span class='ocr_line' id='line_1_46' title="bbox 408 2312 1998 2385; baseline -0.001 -17"><span class='ocrx_word' id='word_1_328' title='bbox 408 2314 573 2370; x_wconf 81' lang='lat' dir='ltr'><strong>modo</strong></span> <span class='ocrx_word' id='word_1_329' title='bbox 621 2316 770 2385; x_wconf 85' lang='lat' dir='ltr'><strong>pacis</strong></span> <span class='ocrx_word' id='word_1_330' title='bbox 804 2315 1132 2370; x_wconf 83' lang='lat' dir='ltr'><strong>mentionem</strong></span> <span class='ocrx_word' id='word_1_331' title='bbox 1175 2313 1408 2379; x_wconf 79' lang='lat' dir='ltr'><strong>faciatis,</strong></span> <span class='ocrx_word' id='word_1_332' title='bbox 1442 2314 1601 2367; x_wconf 90' lang='lat' dir='ltr'><strong>modo</strong></span> <span class='ocrx_word' id='word_1_333' title='bbox 1636 2328 1826 2367; x_wconf 88' lang='lat' dir='ltr'><strong>rursus</strong></span> <span class='ocrx_word' id='word_1_334' title='bbox 1886 2312 1998 2367; x_wconf 91' lang='lat' dir='ltr'><strong>bel-</strong></span> 
     </span>
    </p>
   </div>
   <div class='ocr_carea' id='block_1_47' title="bbox 2101 2312 3685 2402">
    <p class='ocr_par' dir='ltr' id='par_1_47' title="bbox 2107 2321 3685 2402">
     <span class='ocr_line' id='line_1_47' title="bbox 2107 2321 3685 2402; baseline 0.005 -28"><span class='ocrx_word' id='word_1_335' title='bbox 2107 2321 2216 2392; x_wconf 85' lang='grc' dir='ltr'>ρῶς</span> <span class='ocrx_word' id='word_1_336' title='bbox 2260 2324 2487 2393; x_wconf 78' lang='grc' dir='ltr'>εἰρήνην</span> <span class='ocrx_word' id='word_1_337' title='bbox 2520 2323 2948 2393; x_wconf 81' lang='grc' dir='ltr'>ἐπαγγέλλεσοε,</span> <span class='ocrx_word' id='word_1_338' title='bbox 2989 2326 3039 2381; x_wconf 85' lang='grc' dir='ltr'><strong>τί</strong></span> <span class='ocrx_word' id='word_1_339' title='bbox 3085 2326 3167 2379; x_wconf 85' lang='grc' dir='ltr'>δεῖ</span> <span class='ocrx_word' id='word_1_340' title='bbox 3197 2328 3509 2398; x_wconf 82' lang='grc' dir='ltr'>μεμνῆσθαι</span> <span class='ocrx_word' id='word_1_341' title='bbox 3547 2346 3685 2402; x_wconf 90' lang='grc' dir='ltr'>χρη-</span> 
     </span>
    </p>
   </div>
   <div class='ocr_carea' id='block_1_48' title="bbox 406 2404 1998 2492">
    <p class='ocr_par' dir='ltr' id='par_1_48' title="bbox 406 2404 1998 2477">
     <span class='ocr_line' id='line_1_48' title="bbox 406 2404 1998 2477; baseline -0.002 -15"><span class='ocrx_word' id='word_1_342' title='bbox 406 2406 518 2462; x_wconf 88' lang='lat' dir='ltr'><strong>lum</strong></span> <span class='ocrx_word' id='word_1_343' title='bbox 565 2407 843 2462; x_wconf 90' lang='lat' dir='ltr'><strong>minemini</strong></span> <span class='ocrx_word' id='word_1_344' title='bbox 882 2416 936 2462; x_wconf 88' lang='lat' dir='ltr'><strong>et</strong></span> <span class='ocrx_word' id='word_1_345' title='bbox 962 2408 1273 2473; x_wconf 87' lang='lat' dir='ltr'><strong>intendatis,</strong></span> <span class='ocrx_word' id='word_1_346' title='bbox 1328 2422 1565 2477; x_wconf 88' lang='lat' dir='ltr'><strong>quorum</strong></span> <span class='ocrx_word' id='word_1_347' title='bbox 1624 2415 1916 2474; x_wconf 87' lang='lat' dir='ltr'><strong>utrumque</strong></span> <span class='ocrx_word' id='word_1_348' title='bbox 1947 2404 1998 2458; x_wconf 90' lang='lat' dir='ltr'><strong>itt</strong></span> 
     </span>
    </p>
   </div>
   <div class='ocr_carea' id='block_1_49' title="bbox 2101 2404 3687 2492">
    <p class='ocr_par' dir='ltr' id='par_1_49' title="bbox 2108 2413 3687 2492">
     <span class='ocr_line' id='line_1_49' title="bbox 2108 2413 3687 2492; baseline 0.005 -25"><span class='ocrx_word' id='word_1_349' title='bbox 2108 2413 2295 2483; x_wconf 83' lang='grc' dir='ltr'>μάτων</span> <span class='ocrx_word' id='word_1_350' title='bbox 2332 2417 2608 2485; x_wconf 84' lang='grc' dir='ltr'>αἰτήσεως</span> <span class='ocrx_word' id='word_1_351' title='bbox 2633 2432 2649 2482; x_wconf 86' lang='grc'><strong>;</strong></span> <span class='ocrx_word' id='word_1_352' title='bbox 2676 2416 2856 2471; x_wconf 89' lang='grc' dir='ltr'>καίτοι</span> <span class='ocrx_word' id='word_1_353' title='bbox 2889 2418 2993 2471; x_wconf 84' lang='grc' dir='ltr'><strong>κάν</strong></span> <span class='ocrx_word' id='word_1_354' title='bbox 3022 2417 3195 2488; x_wconf 88' lang='grc' dir='ltr'>τούτῳ</span> <span class='ocrx_word' id='word_1_355' title='bbox 3224 2419 3287 2473; x_wconf 82' lang='grc' dir='ltr'>οὐ</span> <span class='ocrx_word' id='word_1_356' title='bbox 3323 2420 3419 2473; x_wconf 79' lang='grc' dir='ltr'>σὺν</span> <span class='ocrx_word' id='word_1_357' title='bbox 3451 2419 3528 2492; x_wconf 85' lang='grc' dir='ltr'><strong>τῷ</strong></span> <span class='ocrx_word' id='word_1_358' title='bbox 3548 2439 3687 2492; x_wconf 77' lang='grc' dir='ltr'>προσ</span> 
     </span>
    </p>
   </div>
   <div class='ocr_carea' id='block_1_50' title="bbox 410 2495 1998 2584">
    <p class='ocr_par' dir='ltr' id='par_1_50' title="bbox 410 2495 1998 2569">
     <span class='ocr_line' id='line_1_50' title="bbox 410 2495 1998 2569; baseline -0.003 -16"><span class='ocrx_word' id='word_1_359' title='bbox 410 2506 646 2569; x_wconf 87' lang='lat' dir='ltr'><strong>utroque</strong></span> <span class='ocrx_word' id='word_1_360' title='bbox 683 2499 1016 2555; x_wconf 81' lang='lat' dir='ltr'><strong>confundere</strong></span> <span class='ocrx_word' id='word_1_361' title='bbox 1049 2510 1105 2555; x_wconf 87' lang='lat' dir='ltr'><strong>et</strong></span> <span class='ocrx_word' id='word_1_362' title='bbox 1149 2500 1433 2554; x_wconf 79' lang='lat' dir='ltr'><strong>involvere</strong></span> <span class='ocrx_word' id='word_1_363' title='bbox 1464 2497 1742 2559; x_wconf 82' lang='lat' dir='ltr'><strong>videmini,</strong></span> <span class='ocrx_word' id='word_1_364' title='bbox 1791 2495 1998 2550; x_wconf 87' lang='lat' dir='ltr'><strong>dubita-</strong></span> 
     </span>
    </p>
   </div>
   <div class='ocr_carea' id='block_1_51' title="bbox 2101 2495 3683 2584">
    <p class='ocr_par' dir='ltr' id='par_1_51' title="bbox 2105 2505 3683 2584">
     <span class='ocr_line' id='line_1_51' title="bbox 2105 2505 3683 2584; baseline 0.007 -28"><span class='ocrx_word' id='word_1_365' title='bbox 2105 2505 2273 2579; x_wconf 78' lang='grc' dir='ltr'>χείρω</span> <span class='ocrx_word' id='word_1_366' title='bbox 2299 2509 2331 2577; x_wconf 82' lang='grc' dir='ltr'>ἡ</span> <span class='ocrx_word' id='word_1_367' title='bbox 2366 2507 2527 2577; x_wconf 80' lang='grc' dir='ltr'>βουλή</span> <span class='ocrx_word' id='word_1_368' title='bbox 2568 2511 2680 2573; x_wconf 87' lang='grc' dir='ltr'>τοῖς</span> <span class='ocrx_word' id='word_1_369' title='bbox 2706 2511 3053 2581; x_wconf 80' lang='grc' dir='ltr'>νενικηκόσιν</span> <span class='ocrx_word' id='word_1_370' title='bbox 3103 2511 3238 2581; x_wconf 74' lang='grc' dir='ltr'>πρὸς</span> <span class='ocrx_word' id='word_1_371' title='bbox 3261 2510 3360 2580; x_wconf 85' lang='grc' dir='ltr'>τὴν</span> <span class='ocrx_word' id='word_1_372' title='bbox 3388 2512 3618 2583; x_wconf 75' lang='grc' dir='ltr'>ἄρνησιν</span> <span class='ocrx_word' id='word_1_373' title='bbox 3650 2515 3683 2584; x_wconf 78' lang='grc' dir='ltr'>ἢ</span> 
     </span>
    </p>
   </div>
   <div class='ocr_carea' id='block_1_52' title="bbox 405 2589 1998 2675">
    <p class='ocr_par' dir='ltr' id='par_1_52' title="bbox 405 2589 1998 2658">
     <span class='ocr_line' id='line_1_52' title="bbox 405 2589 1998 2658; baseline -0.003 -12"><span class='ocrx_word' id='word_1_374' title='bbox 405 2592 611 2646; x_wconf 77' lang='lat' dir='ltr'><strong>tionem</strong></span> <span class='ocrx_word' id='word_1_375' title='bbox 666 2592 824 2647; x_wconf 91' lang='lat' dir='ltr'><strong>nobis</strong></span> <span class='ocrx_word' id='word_1_376' title='bbox 854 2592 1134 2657; x_wconf 88' lang='lat' dir='ltr'><strong>attulistis,</strong></span> <span class='ocrx_word' id='word_1_377' title='bbox 1176 2592 1261 2645; x_wconf 91' lang='lat' dir='ltr'><strong>cui</strong></span> <span class='ocrx_word' id='word_1_378' title='bbox 1309 2591 1540 2658; x_wconf 82' lang='lat' dir='ltr'><strong>primum</strong></span> <span class='ocrx_word' id='word_1_379' title='bbox 1572 2589 1870 2642; x_wconf 86' lang='lat' dir='ltr'><strong>debeamus</strong></span> <span class='ocrx_word' id='word_1_380' title='bbox 1915 2601 1998 2641; x_wconf 86' lang='lat' dir='ltr'><strong>re-</strong></span> 
     </span>
    </p>
   </div>
   <div class='ocr_carea' id='block_1_53' title="bbox 2101 2589 3685 2675">
    <p class='ocr_par' dir='ltr' id='par_1_53' title="bbox 2104 2598 3685 2675">
     <span class='ocr_line' id='line_1_53' title="bbox 2104 2598 3685 2675; baseline 0.005 -24"><span class='ocrx_word' id='word_1_381' title='bbox 2104 2598 2204 2669; x_wconf 82' lang='grc' dir='ltr'>τὴν</span> <span class='ocrx_word' id='word_1_382' title='bbox 2238 2599 2552 2654; x_wconf 87' lang='grc' dir='ltr'>καταίνεσιν</span> <span class='ocrx_word' id='word_1_383' title='bbox 2575 2602 2641 2653; x_wconf 75' lang='grc'><strong>’⁸.</strong></span> <span class='ocrx_word' id='word_1_384' title='bbox 2677 2601 2817 2655; x_wconf 83' lang='grc' dir='ltr'>Εἰδέ</span> <span class='ocrx_word' id='word_1_385' title='bbox 2852 2603 3173 2657; x_wconf 85' lang='grc' dir='ltr'>ἐπισκοπεῖν</span> <span class='ocrx_word' id='word_1_386' title='bbox 3202 2603 3248 2633; x_wconf 77' lang='grc'><strong>⁸⁸</strong></span> <span class='ocrx_word' id='word_1_387' title='bbox 3280 2603 3411 2673; x_wconf 80' lang='grc' dir='ltr'>ὑμῖν</span> <span class='ocrx_word' id='word_1_388' title='bbox 3454 2604 3591 2675; x_wconf 76' lang='grc' dir='ltr'>πρὸς</span> <span class='ocrx_word' id='word_1_389' title='bbox 3623 2605 3685 2659; x_wconf 77' lang='grc' dir='ltr'>τὸ</span> 
     </span>
    </p>
   </div>
   <div class='ocr_carea' id='block_1_54' title="bbox 410 2679 1998 2767">
    <p class='ocr_par' dir='ltr' id='par_1_54' title="bbox 410 2679 1998 2753">
     <span class='ocr_line' id='line_1_54' title="bbox 410 2679 1998 2753; baseline -0.001 -17"><span class='ocrx_word' id='word_1_390' title='bbox 410 2684 700 2753; x_wconf 85' lang='lat' dir='ltr'><strong>spondere,</strong></span> <span class='ocrx_word' id='word_1_391' title='bbox 737 2697 805 2738; x_wconf 87' lang='lat' dir='ltr'><strong>ne</strong></span> <span class='ocrx_word' id='word_1_392' title='bbox 858 2683 914 2736; x_wconf 85' lang='lat' dir='ltr'><strong>in</strong></span> <span class='ocrx_word' id='word_1_393' title='bbox 939 2684 1121 2751; x_wconf 89' lang='lat' dir='ltr'><strong>aliquo</strong></span> <span class='ocrx_word' id='word_1_394' title='bbox 1151 2682 1514 2735; x_wconf 67' lang='lat' dir='ltr'><strong>oll‘endatnus.</strong></span> <span class='ocrx_word' id='word_1_395' title='bbox 1548 2679 1654 2735; x_wconf 89' lang='lat' dir='ltr'><strong>Sed</strong></span> <span class='ocrx_word' id='word_1_396' title='bbox 1680 2680 1881 2749; x_wconf 87' lang='lat' dir='ltr'><strong>aliquid</strong></span> <span class='ocrx_word' id='word_1_397' title='bbox 1920 2690 1998 2735; x_wconf 88' lang='lat' dir='ltr'><strong>ta-</strong></span> 
     </span>
    </p>
   </div>
   <div class='ocr_carea' id='block_1_55' title="bbox 2101 2679 3685 2767">
    <p class='ocr_par' dir='ltr' id='par_1_55' title="bbox 2108 2690 3685 2767">
     <span class='ocr_line' id='line_1_55' title="bbox 2108 2690 3685 2767; baseline 0.005 -24"><span class='ocrx_word' id='word_1_398' title='bbox 2108 2690 2388 2761; x_wconf 84' lang='grc' dir='ltr'>συμφὲρον</span> <span class='ocrx_word' id='word_1_399' title='bbox 2414 2693 2509 2744; x_wconf 76' lang='grc' dir='ltr'>καὶ</span> <span class='ocrx_word' id='word_1_400' title='bbox 2532 2692 2630 2753; x_wconf 86' lang='grc' dir='ltr'><strong>τάς</strong></span> <span class='ocrx_word' id='word_1_401' title='bbox 2668 2694 2732 2747; x_wconf 83' lang='grc' dir='ltr'><strong>ἐκ</strong></span> <span class='ocrx_word' id='word_1_402' title='bbox 2765 2692 2863 2746; x_wconf 81' lang='grc' dir='ltr'>τοῦ</span> <span class='ocrx_word' id='word_1_403' title='bbox 2897 2693 3137 2763; x_wconf 69' lang='grc' dir='ltr'>πολέμου</span> <span class='ocrx_word' id='word_1_404' title='bbox 3181 2694 3494 2761; x_wconf 78' lang='grc' dir='ltr'>πλεονεξίας</span> <span class='ocrx_word' id='word_1_405' title='bbox 3527 2699 3685 2767; x_wconf 83' lang='grc' dir='ltr'>ήγεῖ-</span> 
     </span>
    </p>
   </div>
   <div class='ocr_carea' id='block_1_56' title="bbox 412 2770 1998 2856">
    <p class='ocr_par' dir='ltr' id='par_1_56' title="bbox 412 2770 1998 2842">
     <span class='ocr_line' id='line_1_56' title="bbox 412 2770 1998 2842; baseline 0.001 -17"><span class='ocrx_word' id='word_1_406' title='bbox 412 2787 535 2825; x_wconf 89' lang='lat' dir='ltr'><strong>men</strong></span> <span class='ocrx_word' id='word_1_407' title='bbox 559 2773 725 2825; x_wconf 89' lang='lat' dir='ltr'><strong>etiam</strong></span> <span class='ocrx_word' id='word_1_408' title='bbox 749 2772 802 2826; x_wconf 92' lang='lat' dir='ltr'><strong>in</strong></span> <span class='ocrx_word' id='word_1_409' title='bbox 839 2772 1130 2839; x_wconf 65' lang='lat' dir='ltr'><strong>praesentia</strong></span> <span class='ocrx_word' id='word_1_410' title='bbox 1156 2771 1504 2826; x_wconf 85' lang='lat' dir='ltr'><strong>considerare</strong></span> <span class='ocrx_word' id='word_1_411' title='bbox 1524 2770 1673 2825; x_wconf 91' lang='lat' dir='ltr'><strong>licet.</strong></span> <span class='ocrx_word' id='word_1_412' title='bbox 1706 2770 1811 2841; x_wconf 78' lang='grc' dir='ltr'><strong>ιο</strong></span> <span class='ocrx_word' id='word_1_413' title='bbox 1833 2770 1998 2842; x_wconf 87' lang='lat' dir='ltr'><strong>Opor-</strong></span> 
     </span>
    </p>
   </div>
   <div class='ocr_carea' id='block_1_57' title="bbox 2101 2770 3684 2856">
    <p class='ocr_par' dir='ltr' id='par_1_57' title="bbox 2108 2779 3684 2856">
     <span class='ocr_line' id='line_1_57' title="bbox 2108 2779 3684 2856; baseline 0.006 -25"><span class='ocrx_word' id='word_1_414' title='bbox 2108 2779 2201 2831; x_wconf 85' lang='grc' dir='ltr'><strong>σθε</strong></span> <span class='ocrx_word' id='word_1_415' title='bbox 2233 2780 2333 2850; x_wconf 85' lang='grc' dir='ltr'>τὴν</span> <span class='ocrx_word' id='word_1_416' title='bbox 2365 2780 2659 2851; x_wconf 85' lang='grc' dir='ltr'>σύμϐασιν,</span> <span class='ocrx_word' id='word_1_417' title='bbox 2688 2782 2786 2836; x_wconf 79' lang='grc' dir='ltr'><strong>καί.</strong></span> <span class='ocrx_word' id='word_1_418' title='bbox 2832 2781 3165 2852; x_wconf 83' lang='grc' dir='ltr'>ἡττηθέντες</span> <span class='ocrx_word' id='word_1_419' title='bbox 3209 2783 3397 2855; x_wconf 82' lang='grc' dir='ltr'>ὥσπερ</span> <span class='ocrx_word' id='word_1_420' title='bbox 3442 2785 3684 2856; x_wconf 76' lang='grc' dir='ltr'>δασμοὺς</span> 
     </span>
    </p>
   </div>
   <div class='ocr_carea' id='block_1_58' title="bbox 414 2862 1998 2946">
    <p class='ocr_par' dir='ltr' id='par_1_58' title="bbox 414 2862 1998 2931">
     <span class='ocr_line' id='line_1_58' title="bbox 414 2862 1998 2931; baseline 0 -15"><span class='ocrx_word' id='word_1_421' title='bbox 414 2870 493 2916; x_wconf 88' lang='lat' dir='ltr'><strong>tet</strong></span> <span class='ocrx_word' id='word_1_422' title='bbox 524 2863 691 2926; x_wconf 88' lang='lat' dir='ltr'><strong>enim,</strong></span> <span class='ocrx_word' id='word_1_423' title='bbox 736 2862 909 2917; x_wconf 89' lang='lat' dir='ltr'><strong>divisa</strong></span> <span class='ocrx_word' id='word_1_424' title='bbox 944 2862 1146 2931; x_wconf 87' lang='lat' dir='ltr'><strong>duplici</strong></span> <span class='ocrx_word' id='word_1_425' title='bbox 1176 2872 1358 2918; x_wconf 89' lang='lat' dir='ltr'><strong>vestra</strong></span> <span class='ocrx_word' id='word_1_426' title='bbox 1405 2864 1672 2929; x_wconf 87' lang='lat' dir='ltr'><strong>oratione,</strong></span> <span class='ocrx_word' id='word_1_427' title='bbox 1709 2864 1761 2917; x_wconf 92' lang='lat' dir='ltr'><strong>in</strong></span> <span class='ocrx_word' id='word_1_428' title='bbox 1795 2875 1998 2917; x_wconf 89' lang='lat' dir='ltr'><strong>utram-</strong></span> 
     </span>
    </p>
   </div>
   <div class='ocr_carea' id='block_1_59' title="bbox 2101 2862 3685 2946">
    <p class='ocr_par' dir='ltr' id='par_1_59' title="bbox 2107 2870 3685 2946">
     <span class='ocr_line' id='line_1_59' title="bbox 2107 2870 3685 2946; baseline 0.003 -23"><span class='ocrx_word' id='word_1_429' title='bbox 2107 2870 2238 2942; x_wconf 86' lang='grc' dir='ltr'>παρ’</span> <span class='ocrx_word' id='word_1_430' title='bbox 2264 2871 2424 2940; x_wconf 80' lang='grc' dir='ltr'>ήμῶν</span> <span class='ocrx_word' id='word_1_431' title='bbox 2469 2872 2871 2946; x_wconf 63' lang='grc' dir='ltr'>ἀπαιτήσοντες</span> <span class='ocrx_word' id='word_1_432' title='bbox 2909 2872 3099 2941; x_wconf 74' lang='grc' dir='ltr'>ἥκετε,</span> <span class='ocrx_word' id='word_1_433' title='bbox 3138 2873 3238 2941; x_wconf 85' lang='grc' dir='ltr'>τῆς</span> <span class='ocrx_word' id='word_1_434' title='bbox 3297 2873 3580 2945; x_wconf 76' lang='grc' dir='ltr'>ῥᾳστώνης</span> <span class='ocrx_word' id='word_1_435' title='bbox 3624 2874 3685 2930; x_wconf 74' lang='grc' dir='ltr'>τὸ</span> 
     </span>
    </p>
   </div>
   <div class='ocr_carea' id='block_1_60' title="bbox 405 2948 1998 3033">
    <p class='ocr_par' dir='ltr' id='par_1_60' title="bbox 405 2948 1998 3023">
     <span class='ocr_line' id='line_1_60' title="bbox 405 2948 1998 3023; baseline 0.001 -18"><span class='ocrx_word' id='word_1_436' title='bbox 405 2967 516 3023; x_wconf 87' lang='lat' dir='ltr'><strong>que</strong></span> <span class='ocrx_word' id='word_1_437' title='bbox 560 2961 775 3021; x_wconf 87' lang='lat' dir='ltr'><strong>partem</strong></span> <span class='ocrx_word' id='word_1_438' title='bbox 830 2965 1144 3006; x_wconf 86' lang='lat' dir='ltr'><strong>occurrere.</strong></span> <span class='ocrx_word' id='word_1_439' title='bbox 1199 2948 1255 3004; x_wconf 89' lang='lat' dir='ltr'><strong>Si</strong></span> <span class='ocrx_word' id='word_1_440' title='bbox 1303 2951 1449 3006; x_wconf 92' lang='lat' dir='ltr'><strong>enim</strong></span> <span class='ocrx_word' id='word_1_441' title='bbox 1485 2967 1619 3021; x_wconf 91' lang='lat' dir='ltr'><strong>pure</strong></span> <span class='ocrx_word' id='word_1_442' title='bbox 1678 2961 1734 3007; x_wconf 91' lang='lat' dir='ltr'><strong>et</strong></span> <span class='ocrx_word' id='word_1_443' title='bbox 1788 2953 1998 3007; x_wconf 84' lang='lat' dir='ltr'><strong>sincere</strong></span> 
     </span>
    </p>
   </div>
   <div class='ocr_carea' id='block_1_61' title="bbox 2101 2948 3687 3033">
    <p class='ocr_par' dir='ltr' id='par_1_61' title="bbox 2107 2958 3687 3033">
     <span class='ocr_line' id='line_1_61' title="bbox 2107 2958 3687 3033; baseline 0.006 -24"><span class='ocrx_word' id='word_1_444' title='bbox 2107 2958 2360 3028; x_wconf 75' lang='grc' dir='ltr'>τερπνὸν,</span> <span class='ocrx_word' id='word_1_445' title='bbox 2393 2960 2516 3013; x_wconf 83' lang='grc' dir='ltr'>ὅσον</span> <span class='ocrx_word' id='word_1_446' title='bbox 2550 2962 2741 3032; x_wconf 84' lang='grc' dir='ltr'>εἰρήνη</span> <span class='ocrx_word' id='word_1_447' title='bbox 2769 2961 3011 3025; x_wconf 84' lang='grc' dir='ltr'>δίδωσιν,</span> <span class='ocrx_word' id='word_1_448' title='bbox 3051 2964 3116 3015; x_wconf 87' lang='grc' dir='ltr'><strong>ἐκ</strong></span> <span class='ocrx_word' id='word_1_449' title='bbox 3166 2964 3371 3026; x_wconf 86' lang='grc' dir='ltr'>παντὸς</span> <span class='ocrx_word' id='word_1_450' title='bbox 3417 2964 3687 3033; x_wconf 87' lang='grc' dir='ltr'>μεταδιώ-</span> 
     </span>
    </p>
   </div>
   <div class='ocr_carea' id='block_1_62' title="bbox 413 3042 1998 3135">
    <p class='ocr_par' dir='ltr' id='par_1_62' title="bbox 413 3042 1998 3115">
     <span class='ocr_line' id='line_1_62' title="bbox 413 3042 1998 3115; baseline -0.001 -16"><span class='ocrx_word' id='word_1_451' title='bbox 413 3060 605 3115; x_wconf 87' lang='lat' dir='ltr'><strong>pacem</strong></span> <span class='ocrx_word' id='word_1_452' title='bbox 628 3042 1201 3113; x_wconf 88' lang='lat' dir='ltr'><strong>denuntiaretis,quid</strong></span> <span class='ocrx_word' id='word_1_453' title='bbox 1232 3044 1451 3097; x_wconf 89' lang='lat' dir='ltr'><strong>attinuit</strong></span> <span class='ocrx_word' id='word_1_454' title='bbox 1475 3044 1825 3114; x_wconf 84' lang='lat' dir='ltr'><strong>pecuniarum</strong></span> <span class='ocrx_word' id='word_1_455' title='bbox 1873 3058 1998 3099; x_wconf 82' lang='lat' dir='ltr'><strong>exa-</strong></span> 
     </span>
    </p>
   </div>
   <div class='ocr_carea' id='block_1_63' title="bbox 2101 3042 3686 3135">
    <p class='ocr_par' dir='ltr' id='par_1_63' title="bbox 2110 3052 3686 3128">
     <span class='ocr_line' id='line_1_63' title="bbox 2110 3052 3686 3128; baseline 0.006 -26"><span class='ocrx_word' id='word_1_456' title='bbox 2110 3053 2225 3103; x_wconf 80' lang='grc' dir='ltr'>κεῐν</span> <span class='ocrx_word' id='word_1_457' title='bbox 2256 3052 2403 3121; x_wconf 79' lang='grc' dir='ltr'>ἡμᾶς</span> <span class='ocrx_word' id='word_1_458' title='bbox 2422 3052 2761 3122; x_wconf 78' lang='grc' dir='ltr'>νομίζοντες,</span> <span class='ocrx_word' id='word_1_459' title='bbox 2784 3052 2976 3123; x_wconf 71' lang='grc' dir='ltr'>ἔχεσθε</span> <span class='ocrx_word' id='word_1_460' title='bbox 3006 3056 3104 3124; x_wconf 83' lang='grc' dir='ltr'><strong>τῆς</strong></span> <span class='ocrx_word' id='word_1_461' title='bbox 3144 3056 3338 3125; x_wconf 84' lang='grc' dir='ltr'>ὁμοίας</span> <span class='ocrx_word' id='word_1_462' title='bbox 3357 3058 3423 3128; x_wconf 79' lang='grc' dir='ltr'><strong>τῇ</strong></span> <span class='ocrx_word' id='word_1_463' title='bbox 3450 3058 3494 3089; x_wconf 82' lang='grc'><strong>³⁷</strong></span> <span class='ocrx_word' id='word_1_464' title='bbox 3513 3058 3686 3127; x_wconf 78' lang='grc' dir='ltr'>πρόσ-</span> 
     </span>
    </p>
   </div>
   <div class='ocr_carea' id='block_1_64' title="bbox 419 3135 1998 3219">
    <p class='ocr_par' dir='ltr' id='par_1_64' title="bbox 419 3135 1997 3201">
     <span class='ocr_line' id='line_1_64' title="bbox 419 3135 1997 3201; baseline -0.001 -10"><span class='ocrx_word' id='word_1_465' title='bbox 419 3138 618 3193; x_wconf 89' lang='lat' dir='ltr'><strong>ctionis</strong></span> <span class='ocrx_word' id='word_1_466' title='bbox 640 3135 977 3201; x_wconf 87' lang='lat' dir='ltr'><strong>meminisse,</strong></span> <span class='ocrx_word' id='word_1_467' title='bbox 1006 3136 1220 3191; x_wconf 89' lang='lat' dir='ltr'><strong>etiamsi</strong></span> <span class='ocrx_word' id='word_1_468' title='bbox 1250 3136 1547 3191; x_wconf 86' lang='lat' dir='ltr'><strong>victoribus</strong></span> <span class='ocrx_word' id='word_1_469' title='bbox 1579 3152 1682 3192; x_wconf 90' lang='lat' dir='ltr'><strong>non</strong></span> <span class='ocrx_word' id='word_1_470' title='bbox 1706 3136 1839 3192; x_wconf 86' lang='lat' dir='ltr'><strong>satis</strong></span> <span class='ocrx_word' id='word_1_471' title='bbox 1867 3152 1997 3191; x_wconf 88' lang='lat' dir='ltr'><strong>con-</strong></span> 
     </span>
    </p>
   </div>
   <div class='ocr_carea' id='block_1_65' title="bbox 2101 3135 3683 3219">
    <p class='ocr_par' dir='ltr' id='par_1_65' title="bbox 2108 3143 3683 3219">
     <span class='ocr_line' id='line_1_65' title="bbox 2108 3143 3683 3219; baseline 0.003 -22"><span class='ocrx_word' id='word_1_472' title='bbox 2108 3143 2200 3197; x_wconf 87' lang='grc' dir='ltr'><strong>θεν</strong></span> <span class='ocrx_word' id='word_1_473' title='bbox 2255 3144 2678 3215; x_wconf 76' lang='grc' dir='ltr'>ἐπιχειρήσεως,</span> <span class='ocrx_word' id='word_1_474' title='bbox 2733 3145 2858 3216; x_wconf 80' lang='grc' dir='ltr'>μηδ’</span> <span class='ocrx_word' id='word_1_475' title='bbox 2901 3145 2984 3209; x_wconf 88' lang='grc' dir='ltr'><strong>εἰς</strong></span> <span class='ocrx_word' id='word_1_476' title='bbox 3013 3146 3059 3177; x_wconf 75' lang='grc'><strong>’⁵</strong></span> <span class='ocrx_word' id='word_1_477' title='bbox 3091 3146 3409 3217; x_wconf 74' lang='grc' dir='ltr'>εὐεργεσίας</span> <span class='ocrx_word' id='word_1_478' title='bbox 3461 3148 3683 3219; x_wconf 81' lang='grc' dir='ltr'>λόγον²⁹</span> 
     </span>
    </p>
   </div>
   <div class='ocr_carea' id='block_1_66' title="bbox 410 3227 1998 3306">
    <p class='ocr_par' dir='ltr' id='par_1_66' title="bbox 410 3227 1998 3301">
     <span class='ocr_line' id='line_1_66' title="bbox 410 3227 1998 3301; baseline -0.001 -16"><span class='ocrx_word' id='word_1_479' title='bbox 410 3238 603 3296; x_wconf 89' lang='lat' dir='ltr'><strong>staret,</strong></span> <span class='ocrx_word' id='word_1_480' title='bbox 657 3245 727 3284; x_wconf 92' lang='lat' dir='ltr'><strong>an</strong></span> <span class='ocrx_word' id='word_1_481' title='bbox 770 3230 1104 3301; x_wconf 85' lang='lat' dir='ltr'><strong>denegarem</strong></span> <span class='ocrx_word' id='word_1_482' title='bbox 1151 3238 1245 3284; x_wconf 90' lang='lat' dir='ltr'><strong>aut</strong></span> <span class='ocrx_word' id='word_1_483' title='bbox 1291 3233 1676 3294; x_wconf 86' lang='lat' dir='ltr'><strong>concederent,</strong></span> <span class='ocrx_word' id='word_1_484' title='bbox 1738 3228 1881 3300; x_wconf 88' lang='lat' dir='ltr'><strong>quod</strong></span> <span class='ocrx_word' id='word_1_485' title='bbox 1928 3227 1998 3282; x_wconf 89' lang='lat' dir='ltr'><strong>ab</strong></span> 
     </span>
    </p>
   </div>
   <div class='ocr_carea' id='block_1_67' title="bbox 2101 3227 3686 3306">
    <p class='ocr_par' dir='ltr' id='par_1_67' title="bbox 2107 3232 3686 3306">
     <span class='ocr_line' id='line_1_67' title="bbox 2107 3232 3686 3306; baseline 0.003 -20"><span class='ocrx_word' id='word_1_486' title='bbox 2107 3232 2496 3306; x_wconf 81' lang='grc' dir='ltr'>προϊσχόμενοι</span> <span class='ocrx_word' id='word_1_487' title='bbox 2533 3234 2576 3265; x_wconf 73' lang='grc'>³⁸</span> <span class='ocrx_word' id='word_1_488' title='bbox 2607 3233 2702 3287; x_wconf 82' lang='grc' dir='ltr'><strong>τοῦ</strong></span> <span class='ocrx_word' id='word_1_489' title='bbox 2734 3233 2970 3304; x_wconf 85' lang='grc' dir='ltr'>πολέμου</span> <span class='ocrx_word' id='word_1_490' title='bbox 3010 3233 3111 3303; x_wconf 84' lang='grc' dir='ltr'>τὴν</span> <span class='ocrx_word' id='word_1_491' title='bbox 3143 3234 3442 3287; x_wconf 84' lang='grc' dir='ltr'>κατάλυσιν</span> <span class='ocrx_word' id='word_1_492' title='bbox 3475 3237 3686 3290; x_wconf 85' lang='grc' dir='ltr'>αἰτεῖτε</span> 
     </span>
    </p>
   </div>
   <div class='ocr_carea' id='block_1_68' title="bbox 417 3319 1997 3393">
    <p class='ocr_par' dir='ltr' id='par_1_68' title="bbox 417 3319 1997 3393">
     <span class='ocr_line' id='line_1_68' title="bbox 417 3319 1997 3393; baseline -0.003 -17"><span class='ocrx_word' id='word_1_493' title='bbox 417 3322 525 3378; x_wconf 90' lang='lat' dir='ltr'><strong>illis</strong></span> <span class='ocrx_word' id='word_1_494' title='bbox 545 3323 747 3393; x_wconf 90' lang='lat' dir='ltr'><strong>petitur</strong></span> <span class='ocrx_word' id='word_1_495' title='bbox 763 3323 785 3377; x_wconf 75' lang='grc' dir='ltr'>’ἰ</span> <span class='ocrx_word' id='word_1_496' title='bbox 804 3321 861 3376; x_wconf 88' lang='lat' dir='ltr'><strong>Si</strong></span> <span class='ocrx_word' id='word_1_497' title='bbox 899 3335 1028 3376; x_wconf 89' lang='lat' dir='ltr'><strong>vero</strong></span> <span class='ocrx_word' id='word_1_498' title='bbox 1043 3335 1231 3391; x_wconf 82' lang='lat' dir='ltr'><strong>pacem</strong></span> <span class='ocrx_word' id='word_1_499' title='bbox 1259 3321 1559 3374; x_wconf 87' lang='lat' dir='ltr'><strong>commodis</strong></span> <span class='ocrx_word' id='word_1_500' title='bbox 1590 3319 1788 3375; x_wconf 88' lang='lat' dir='ltr'><strong>vestris</strong></span> <span class='ocrx_word' id='word_1_501' title='bbox 1818 3329 1872 3373; x_wconf 88' lang='lat' dir='ltr'><strong>et</strong></span> <span class='ocrx_word' id='word_1_502' title='bbox 1898 3334 1997 3373; x_wconf 77' lang='lat' dir='ltr'><strong>ex-</strong></span> 
     </span>
    </p>
   </div>
   <div class='ocr_carea' id='block_1_69' title="bbox 406 3410 2000 3485">
    <p class='ocr_par' dir='ltr' id='par_1_69' title="bbox 406 3410 2000 3485">
     <span class='ocr_line' id='line_1_69' title="bbox 406 3410 2000 3485; baseline -0.004 -16"><span class='ocrx_word' id='word_1_503' title='bbox 406 3417 667 3485; x_wconf 89' lang='lat' dir='ltr'><strong>spectatis</strong></span> <span class='ocrx_word' id='word_1_504' title='bbox 720 3414 843 3468; x_wconf 89' lang='lat' dir='ltr'><strong>belti</strong></span> <span class='ocrx_word' id='word_1_505' title='bbox 879 3413 1045 3467; x_wconf 90' lang='lat' dir='ltr'><strong>lucris</strong></span> <span class='ocrx_word' id='word_1_506' title='bbox 1098 3412 1293 3465; x_wconf 89' lang='lat' dir='ltr'><strong>obesse</strong></span> <span class='ocrx_word' id='word_1_507' title='bbox 1340 3410 1657 3481; x_wconf 87' lang='lat' dir='ltr'><strong>epinamini,</strong></span> <span class='ocrx_word' id='word_1_508' title='bbox 1696 3418 1750 3464; x_wconf 90' lang='lat' dir='ltr'><strong>et</strong></span> <span class='ocrx_word' id='word_1_509' title='bbox 1807 3425 2000 3477; x_wconf 90' lang='lat' dir='ltr'><strong>quam-</strong></span> 
     </span>
    </p>
   </div>
   <div class='ocr_carea' id='block_1_70' title="bbox 405 3500 2001 3574">
    <p class='ocr_par' dir='ltr' id='par_1_70' title="bbox 405 3500 2001 3574">
     <span class='ocr_line' id='line_1_70' title="bbox 405 3500 2001 3574; baseline -0.001 -16"><span class='ocrx_word' id='word_1_510' title='bbox 405 3520 576 3574; x_wconf 81' lang='lat' dir='ltr'><strong>quam</strong></span> <span class='ocrx_word' id='word_1_511' title='bbox 606 3504 734 3558; x_wconf 89' lang='lat' dir='ltr'><strong>victi</strong></span> <span class='ocrx_word' id='word_1_512' title='bbox 766 3503 921 3571; x_wconf 91' lang='lat' dir='ltr'><strong>quasi</strong></span> <span class='ocrx_word' id='word_1_513' title='bbox 946 3501 1151 3556; x_wconf 84' lang='lat' dir='ltr'><strong>tributa</strong></span> <span class='ocrx_word' id='word_1_514' title='bbox 1181 3516 1210 3554; x_wconf 94' lang='lat' dir='ltr'><strong>a</strong></span> <span class='ocrx_word' id='word_1_515' title='bbox 1242 3500 1399 3555; x_wconf 90' lang='lat' dir='ltr'><strong>nobis</strong></span> <span class='ocrx_word' id='word_1_516' title='bbox 1434 3500 1638 3570; x_wconf 84' lang='lat' dir='ltr'><strong>petitis,</strong></span> <span class='ocrx_word' id='word_1_517' title='bbox 1673 3501 1807 3555; x_wconf 80' lang='lat' dir='ltr'><strong>nihil</strong></span> <span class='ocrx_word' id='word_1_518' title='bbox 1830 3502 2001 3570; x_wconf 83' lang='lat' dir='ltr'><strong>magis</strong></span> 
     </span>
    </p>
   </div>
   <div class='ocr_carea' id='block_1_71' title="bbox 410 3592 2001 3665">
    <p class='ocr_par' dir='ltr' id='par_1_71' title="bbox 410 3592 2001 3665">
     <span class='ocr_line' id='line_1_71' title="bbox 410 3592 2001 3665; baseline -0.002 -14"><span class='ocrx_word' id='word_1_519' title='bbox 410 3609 516 3651; x_wconf 82' lang='lat' dir='ltr'><strong>nos</strong></span> <span class='ocrx_word' id='word_1_520' title='bbox 573 3595 825 3665; x_wconf 85' lang='lat' dir='ltr'><strong>amplecti</strong></span> <span class='ocrx_word' id='word_1_521' title='bbox 878 3603 932 3649; x_wconf 89' lang='lat' dir='ltr'><strong>et</strong></span> <span class='ocrx_word' id='word_1_522' title='bbox 994 3593 1284 3663; x_wconf 83' lang='lat' dir='ltr'><strong>persequi,</strong></span> <span class='ocrx_word' id='word_1_523' title='bbox 1346 3606 1508 3662; x_wconf 87' lang='lat' dir='ltr'><strong>quam</strong></span> <span class='ocrx_word' id='word_1_524' title='bbox 1566 3592 1899 3663; x_wconf 87' lang='lat' dir='ltr'><strong>voluptatem</strong></span> <span class='ocrx_word' id='word_1_525' title='bbox 1936 3607 2001 3648; x_wconf 85' lang='lat' dir='ltr'><strong>ex</strong></span> 
     </span>
    </p>
   </div>
   <div class='ocr_carea' id='block_1_72' title="bbox 415 3684 2002 3755">
    <p class='ocr_par' dir='ltr' id='par_1_72' title="bbox 415 3684 2002 3755">
     <span class='ocr_line' id='line_1_72' title="bbox 415 3684 2002 3755; baseline -0.001 -15"><span class='ocrx_word' id='word_1_526' title='bbox 415 3686 550 3751; x_wconf 85' lang='lat' dir='ltr'><strong>etin,</strong></span> <span class='ocrx_word' id='word_1_527' title='bbox 583 3686 724 3755; x_wconf 92' lang='lat' dir='ltr'><strong>quod</strong></span> <span class='ocrx_word' id='word_1_528' title='bbox 758 3700 862 3755; x_wconf 75' lang='lat' dir='ltr'><strong>pax</strong></span> <span class='ocrx_word' id='word_1_529' title='bbox 896 3685 1107 3749; x_wconf 86' lang='lat' dir='ltr'><strong>tribuit,</strong></span> <span class='ocrx_word' id='word_1_530' title='bbox 1151 3684 1530 3738; x_wconf 83' lang='lat' dir='ltr'><strong>existimantes</strong></span> <span class='ocrx_word' id='word_1_531' title='bbox 1558 3701 1574 3737; x_wconf 89' lang='lat'><strong><em>:</em></strong></span> <span class='ocrx_word' id='word_1_532' title='bbox 1621 3685 1871 3740; x_wconf 89' lang='lat' dir='ltr'><strong>eamdem</strong></span> <span class='ocrx_word' id='word_1_533' title='bbox 1905 3699 2002 3739; x_wconf 92' lang='lat' dir='ltr'><strong>vos</strong></span> 
     </span>
    </p>
   </div>
   <div class='ocr_carea' id='block_1_73' title="bbox 406 3776 1997 3851">
    <p class='ocr_par' dir='ltr' id='par_1_73' title="bbox 406 3776 1997 3851">
     <span class='ocr_line' id='line_1_73' title="bbox 406 3776 1997 3851; baseline 0.002 -23"><span class='ocrx_word' id='word_1_534' title='bbox 406 3793 573 3848; x_wconf 86' lang='lat' dir='ltr'><strong>quam</strong></span> <span class='ocrx_word' id='word_1_535' title='bbox 605 3788 764 3831; x_wconf 90' lang='lat' dir='ltr'><strong>antea</strong></span> <span class='ocrx_word' id='word_1_536' title='bbox 788 3777 1096 3846; x_wconf 86' lang='lat' dir='ltr'><strong>superbiam</strong></span> <span class='ocrx_word' id='word_1_537' title='bbox 1117 3776 1406 3832; x_wconf 85' lang='lat' dir='ltr'><strong>ostenditis</strong></span> <span class='ocrx_word' id='word_1_538' title='bbox 1427 3784 1745 3851; x_wconf 89' lang='lat' dir='ltr'><strong>tantumque</strong></span> <span class='ocrx_word' id='word_1_539' title='bbox 1771 3778 1997 3843; x_wconf 84' lang='lat' dir='ltr'><strong>abestis,</strong></span> 
     </span>
    </p>
   </div>
   <div class='ocr_carea' id='block_1_74' title="bbox 409 3868 2002 3933">
    <p class='ocr_par' dir='ltr' id='par_1_74' title="bbox 409 3868 2002 3933">
     <span class='ocr_line' id='line_1_74' title="bbox 409 3868 2002 3933; baseline -0.001 -9"><span class='ocrx_word' id='word_1_540' title='bbox 409 3880 472 3925; x_wconf 87' lang='lat' dir='ltr'><strong>ut</strong></span> <span class='ocrx_word' id='word_1_541' title='bbox 531 3869 780 3927; x_wconf 79' lang='lat' dir='ltr'><strong>beneﬁcii</strong></span> <span class='ocrx_word' id='word_1_542' title='bbox 845 3869 963 3925; x_wconf 91' lang='lat' dir='ltr'><strong>loco</strong></span> <span class='ocrx_word' id='word_1_543' title='bbox 1020 3868 1145 3925; x_wconf 85' lang='lat' dir='ltr'><strong>belli</strong></span> <span class='ocrx_word' id='word_1_544' title='bbox 1188 3869 1557 3925; x_wconf 87' lang='lat' dir='ltr'><strong>cessationem</strong></span> <span class='ocrx_word' id='word_1_545' title='bbox 1618 3868 1886 3933; x_wconf 87' lang='lat' dir='ltr'><strong>habeatis,</strong></span> <span class='ocrx_word' id='word_1_546' title='bbox 1943 3878 2002 3923; x_wconf 94' lang='lat' dir='ltr'><strong>ut</strong></span> 
     </span>
    </p>
   </div>
   <div class='ocr_carea' id='block_1_75' title="bbox 405 3956 2000 4032">
    <p class='ocr_par' dir='ltr' id='par_1_75' title="bbox 405 3956 2000 4032">
     <span class='ocr_line' id='line_1_75' title="bbox 405 3956 2000 4032; baseline -0.001 -16"><span class='ocrx_word' id='word_1_547' title='bbox 405 3961 576 4016; x_wconf 86' lang='lat' dir='ltr'><strong>etiam</strong></span> <span class='ocrx_word' id='word_1_548' title='bbox 610 3961 916 4016; x_wconf 89' lang='lat' dir='ltr'><strong>mercedem</strong></span> <span class='ocrx_word' id='word_1_549' title='bbox 961 3961 1115 4031; x_wconf 83' lang='lat' dir='ltr'><strong>pacis</strong></span> <span class='ocrx_word' id='word_1_550' title='bbox 1148 3956 1453 4032; x_wconf 85' lang='lat' dir='ltr'><strong>postuletis,</strong></span> <span class='ocrx_word' id='word_1_551' title='bbox 1488 3969 1541 4014; x_wconf 90' lang='lat' dir='ltr'><strong>et</strong></span> <span class='ocrx_word' id='word_1_552' title='bbox 1573 3961 1838 4028; x_wconf 87' lang='lat' dir='ltr'><strong>venalem,</strong></span> <span class='ocrx_word' id='word_1_553' title='bbox 1892 3977 2000 4015; x_wconf 90' lang='lat' dir='ltr'><strong>non</strong></span> 
     </span>
    </p>
   </div>
   <div class='ocr_carea' id='block_1_76' title="bbox 405 4051 1999 4122">
    <p class='ocr_par' dir='ltr' id='par_1_76' title="bbox 405 4051 1999 4122">
     <span class='ocr_line' id='line_1_76' title="bbox 405 4051 1999 4122; baseline -0.001 -14"><span class='ocrx_word' id='word_1_554' title='bbox 405 4062 764 4121; x_wconf 72' lang='lat' dir='ltr'><strong>spontaneum</strong></span> <span class='ocrx_word' id='word_1_555' title='bbox 818 4052 1253 4107; x_wconf 81' lang='lat' dir='ltr'><strong>adhortationem</strong></span> <span class='ocrx_word' id='word_1_556' title='bbox 1305 4052 1373 4105; x_wconf 92' lang='lat' dir='ltr'><strong>ad</strong></span> <span class='ocrx_word' id='word_1_557' title='bbox 1431 4051 1728 4105; x_wconf 88' lang='lat' dir='ltr'><strong>amicitiam</strong></span> <span class='ocrx_word' id='word_1_558' title='bbox 1767 4091 1783 4118; x_wconf 90' lang='lat'><strong>,</strong></span> <span class='ocrx_word' id='word_1_559' title='bbox 1834 4067 1999 4122; x_wconf 91' lang='lat' dir='ltr'><strong>quam</strong></span> 
     </span>
    </p>
   </div>
   <div class='ocr_carea' id='block_1_77' title="bbox 409 4141 1999 4216">
    <p class='ocr_par' dir='ltr' id='par_1_77' title="bbox 409 4141 1999 4216">
     <span class='ocr_line' id='line_1_77' title="bbox 409 4141 1999 4216; baseline -0.001 -17"><span class='ocrx_word' id='word_1_560' title='bbox 409 4160 558 4201; x_wconf 88' lang='lat' dir='ltr'><strong>nunc</strong></span> <span class='ocrx_word' id='word_1_561' title='bbox 623 4145 947 4216; x_wconf 89' lang='lat' dir='ltr'><strong>proponitis,</strong></span> <span class='ocrx_word' id='word_1_562' title='bbox 990 4142 1228 4198; x_wconf 76' lang='lat' dir='ltr'><strong>faciatis.</strong></span> <span class='ocrx_word' id='word_1_563' title='bbox 1262 4141 1378 4198; x_wconf 84' lang='lat' dir='ltr'><strong>Non</strong></span> <span class='ocrx_word' id='word_1_564' title='bbox 1406 4144 1550 4197; x_wconf 92' lang='lat' dir='ltr'><strong>enim</strong></span> <span class='ocrx_word' id='word_1_565' title='bbox 1595 4158 1693 4197; x_wconf 91' lang='lat' dir='ltr'><strong>nos</strong></span> <span class='ocrx_word' id='word_1_566' title='bbox 1742 4152 1999 4212; x_wconf 87' lang='lat' dir='ltr'><strong>tanquam</strong></span> 
     </span>
    </p>
   </div>
   <div class='ocr_carea' id='block_1_78' title="bbox 410 4251 1999 4322">
    <p class='ocr_par' dir='ltr' id='par_1_78' title="bbox 410 4251 1999 4322">
     <span class='ocr_line' id='line_1_78' title="bbox 410 4251 1999 4322; baseline -0.001 -14"><span class='ocrx_word' id='word_1_567' title='bbox 410 4253 671 4309; x_wconf 90' lang='lat' dir='ltr'><strong>bellorum</strong></span> <span class='ocrx_word' id='word_1_568' title='bbox 703 4253 865 4307; x_wconf 90' lang='lat' dir='ltr'><strong>rudes</strong></span> <span class='ocrx_word' id='word_1_569' title='bbox 883 4260 941 4306; x_wconf 90' lang='lat' dir='ltr'><strong>et</strong></span> <span class='ocrx_word' id='word_1_570' title='bbox 971 4252 1255 4321; x_wconf 88' lang='lat' dir='ltr'><strong>imperitos</strong></span> <span class='ocrx_word' id='word_1_571' title='bbox 1279 4251 1648 4322; x_wconf 77' lang='lat' dir='ltr'><strong>magnitudine</strong></span> <span class='ocrx_word' id='word_1_572' title='bbox 1699 4259 1999 4318; x_wconf 84' lang='lat' dir='ltr'><strong>tantarum,</strong></span> 
     </span>
    </p>
   </div>
   <div class='ocr_carea' id='block_1_79' title="bbox 408 4343 1999 4419">
    <p class='ocr_par' dir='ltr' id='par_1_79' title="bbox 408 4343 1999 4419">
     <span class='ocr_line' id='line_1_79' title="bbox 408 4343 1999 4419; baseline -0.001 -16"><span class='ocrx_word' id='word_1_573' title='bbox 408 4356 547 4419; x_wconf 80' lang='lat' dir='ltr'><strong>quas</strong></span> <span class='ocrx_word' id='word_1_574' title='bbox 602 4362 698 4403; x_wconf 91' lang='lat' dir='ltr'><strong>vos</strong></span> <span class='ocrx_word' id='word_1_575' title='bbox 750 4346 1000 4415; x_wconf 75' lang='lat' dir='ltr'><strong>iactatis,</strong></span> <span class='ocrx_word' id='word_1_576' title='bbox 1035 4344 1233 4399; x_wconf 86' lang='lat' dir='ltr'><strong>virium</strong></span> <span class='ocrx_word' id='word_1_577' title='bbox 1288 4343 1775 4414; x_wconf 77' lang='lat' dir='ltr'><strong>perterrefacietis.</strong></span> <span class='ocrx_word' id='word_1_578' title='bbox 1810 4343 1999 4415; x_wconf 86' lang='lat' dir='ltr'><strong>Neque</strong></span> 
     </span>
    </p>
   </div>
   <div class='ocr_carea' id='block_1_80' title="bbox 2108 3323 3682 3394">
    <p class='ocr_par' dir='ltr' id='par_1_80' title="bbox 2108 3323 3682 3394">
     <span class='ocr_line' id='line_1_80' title="bbox 2108 3323 3682 3394; baseline 0.003 -18"><span class='ocrx_word' id='word_1_579' title='bbox 2108 3324 2301 3394; x_wconf 80' lang='grc' dir='ltr'>μισθὸν</span> <span class='ocrx_word' id='word_1_580' title='bbox 2356 3325 2459 3393; x_wconf 83' lang='grc' dir='ltr'>τῆς</span> <span class='ocrx_word' id='word_1_581' title='bbox 2505 3323 2929 3394; x_wconf 80' lang='grc' dir='ltr'>συγχωρήσεως,</span> <span class='ocrx_word' id='word_1_582' title='bbox 2958 3324 3181 3394; x_wconf 77' lang='grc' dir='ltr'>ὠνητὴν</span> <span class='ocrx_word' id='word_1_583' title='bbox 3209 3325 3305 3379; x_wconf 73' lang='grc' dir='ltr'><strong>καὶ</strong></span> <span class='ocrx_word' id='word_1_584' title='bbox 3335 3326 3435 3379; x_wconf 81' lang='grc' dir='ltr'>οὐκ</span> <span class='ocrx_word' id='word_1_585' title='bbox 3464 3326 3682 3381; x_wconf 78' lang='grc' dir='ltr'>ἐθελού-</span> 
     </span>
    </p>
   </div>
   <div class='ocr_carea' id='block_1_81' title="bbox 2106 3413 3686 3489">
    <p class='ocr_par' dir='ltr' id='par_1_81' title="bbox 2106 3413 3686 3489">
     <span class='ocr_line' id='line_1_81' title="bbox 2106 3413 3686 3489; baseline 0.003 -22"><span class='ocrx_word' id='word_1_586' title='bbox 2106 3431 2223 3467; x_wconf 89' lang='grc' dir='ltr'>σιον</span> <span class='ocrx_word' id='word_1_587' title='bbox 2307 3414 2625 3484; x_wconf 83' lang='grc' dir='ltr'>ποιούμενοι</span> <span class='ocrx_word' id='word_1_588' title='bbox 2676 3415 2775 3484; x_wconf 86' lang='grc' dir='ltr'><strong>τὴν</strong></span> <span class='ocrx_word' id='word_1_589' title='bbox 2804 3413 3083 3485; x_wconf 81' lang='grc' dir='ltr'>παροῦσαν</span> <span class='ocrx_word' id='word_1_590' title='bbox 3115 3416 3171 3479; x_wconf 87' lang='grc' dir='ltr'><strong>ἐς</strong></span> <span class='ocrx_word' id='word_1_591' title='bbox 3211 3414 3310 3486; x_wconf 72' lang='grc' dir='ltr'><strong>τὴν</strong></span> <span class='ocrx_word' id='word_1_592' title='bbox 3345 3417 3529 3484; x_wconf 83' lang='grc' dir='ltr'>φιλίαν</span> <span class='ocrx_word' id='word_1_593' title='bbox 3552 3418 3686 3489; x_wconf 73' lang='grc' dir='ltr'>πρό-</span> 
     </span>
    </p>
   </div>
   <div class='ocr_carea' id='block_1_82' title="bbox 2105 3503 3683 3582">
    <p class='ocr_par' dir='ltr' id='par_1_82' title="bbox 2105 3503 3683 3582">
     <span class='ocr_line' id='line_1_82' title="bbox 2105 3503 3683 3582; baseline 0.004 -24"><span class='ocrx_word' id='word_1_594' title='bbox 2105 3506 2320 3575; x_wconf 89' lang='grc' dir='ltr'>κλησιν.</span> <span class='ocrx_word' id='word_1_595' title='bbox 2348 3505 2423 3557; x_wconf 83' lang='grc' dir='ltr'>Ού</span> <span class='ocrx_word' id='word_1_596' title='bbox 2449 3505 2558 3574; x_wconf 84' lang='grc' dir='ltr'>γὰρ</span> <span class='ocrx_word' id='word_1_597' title='bbox 2593 3503 2659 3574; x_wconf 81' lang='grc' dir='ltr'>δὴ</span> <span class='ocrx_word' id='word_1_598' title='bbox 2705 3504 2958 3576; x_wconf 77' lang='grc' dir='ltr'>πολέμων</span> <span class='ocrx_word' id='word_1_599' title='bbox 3015 3507 3278 3578; x_wconf 84' lang='grc' dir='ltr'>ἀπείρους</span> <span class='ocrx_word' id='word_1_600' title='bbox 3326 3508 3487 3575; x_wconf 79' lang='grc' dir='ltr'>ὄντας</span> <span class='ocrx_word' id='word_1_601' title='bbox 3533 3512 3683 3582; x_wconf 76' lang='grc' dir='ltr'>ἡμᾶς</span> 
     </span>
    </p>
   </div>
   <div class='ocr_carea' id='block_1_83' title="bbox 2103 3597 3684 3676">
    <p class='ocr_par' dir='ltr' id='par_1_83' title="bbox 2103 3597 3684 3676">
     <span class='ocr_line' id='line_1_83' title="bbox 2103 3597 3684 3676; baseline 0.004 -25"><span class='ocrx_word' id='word_1_602' title='bbox 2103 3597 2182 3667; x_wconf 85' lang='grc' dir='ltr'>τῷ</span> <span class='ocrx_word' id='word_1_603' title='bbox 2224 3597 2421 3665; x_wconf 85' lang='grc' dir='ltr'>πλήθει</span> <span class='ocrx_word' id='word_1_604' title='bbox 2464 3597 2565 3667; x_wconf 79' lang='grc' dir='ltr'>τῆς</span> <span class='ocrx_word' id='word_1_605' title='bbox 2617 3597 2786 3651; x_wconf 83' lang='grc' dir='ltr'>πολλά</span> <span class='ocrx_word' id='word_1_606' title='bbox 2835 3597 2900 3669; x_wconf 82' lang='grc' dir='ltr'>δὴ</span> <span class='ocrx_word' id='word_1_607' title='bbox 2942 3599 3371 3672; x_wconf 26' lang='grc' dir='ltr'>κομπασθείσηςί</span> <span class='ocrx_word' id='word_1_608' title='bbox 3407 3603 3496 3671; x_wconf 81' lang='grc' dir='ltr'>ὑφ’</span> <span class='ocrx_word' id='word_1_609' title='bbox 3526 3604 3684 3676; x_wconf 80' lang='grc' dir='ltr'>ὑμῶν</span> 
     </span>
    </p>
   </div>
   <div class='ocr_carea' id='block_1_84' title="bbox 2102 3688 3667 3767">
    <p class='ocr_par' dir='ltr' id='par_1_84' title="bbox 2102 3688 3667 3767">
     <span class='ocr_line' id='line_1_84' title="bbox 2102 3688 3667 3767; baseline -0.002 -24"><span class='ocrx_word' id='word_1_610' title='bbox 2102 3688 2384 3761; x_wconf 86' lang='grc' dir='ltr'>δυνάμεως</span> <span class='ocrx_word' id='word_1_611' title='bbox 2406 3688 2710 3760; x_wconf 80' lang='grc' dir='ltr'>ἐκπλήξετε</span> <span class='ocrx_word' id='word_1_612' title='bbox 2732 3706 2745 3722; x_wconf 91' lang='grc'><strong>·</strong></span> <span class='ocrx_word' id='word_1_613' title='bbox 2778 3690 2898 3743; x_wconf 71' lang='grc' dir='ltr'>οὐδὲ</span> <span class='ocrx_word' id='word_1_614' title='bbox 2927 3690 3145 3762; x_wconf 86' lang='grc' dir='ltr'>πλούτῳ</span> <span class='ocrx_word' id='word_1_615' title='bbox 3164 3692 3205 3724; x_wconf 78' lang='grc'><strong>³⁸</strong></span> <span class='ocrx_word' id='word_1_616' title='bbox 3235 3693 3492 3767; x_wconf 86' lang='grc' dir='ltr'>λαφύρων</span> <span class='ocrx_word' id='word_1_617' title='bbox 3529 3697 3667 3753; x_wconf 70' lang='grc' dir='ltr'>Ἰτα-</span> 
     </span>
    </p>
   </div>
   <div class='ocr_carea' id='block_1_85' title="bbox 2100 3780 3682 3860">
    <p class='ocr_par' dir='ltr' id='par_1_85' title="bbox 2100 3780 3682 3860">
     <span class='ocr_line' id='line_1_85' title="bbox 2100 3780 3682 3860; baseline 0.001 -26"><span class='ocrx_word' id='word_1_618' title='bbox 2100 3781 2270 3835; x_wconf 85' lang='grc' dir='ltr'>λικῶν</span> <span class='ocrx_word' id='word_1_619' title='bbox 2337 3780 2788 3853; x_wconf 81' lang='grc' dir='ltr'>ἐπικομιζόμενοι</span> <span class='ocrx_word' id='word_1_620' title='bbox 2824 3783 2891 3848; x_wconf 83' lang='grc'><strong>⁸⁸,</strong></span> <span class='ocrx_word' id='word_1_621' title='bbox 2928 3781 3102 3847; x_wconf 85' lang='grc' dir='ltr'>ἀδεῶς</span> <span class='ocrx_word' id='word_1_622' title='bbox 3153 3784 3239 3837; x_wconf 85' lang='grc' dir='ltr'>ἐπ’</span> <span class='ocrx_word' id='word_1_623' title='bbox 3280 3786 3431 3839; x_wconf 81' lang='grc' dir='ltr'>οἴκου</span> <span class='ocrx_word' id='word_1_624' title='bbox 3474 3790 3682 3860; x_wconf 80' lang='grc' dir='ltr'>πορεύ-</span> 
     </span>
    </p>
   </div>
   <div class='ocr_carea' id='block_1_86' title="bbox 2104 3873 3681 3954">
    <p class='ocr_par' dir='ltr' id='par_1_86' title="bbox 2104 3873 3681 3954">
     <span class='ocr_line' id='line_1_86' title="bbox 2104 3873 3681 3954; baseline 0.006 -27"><span class='ocrx_word' id='word_1_625' title='bbox 2104 3874 2263 3928; x_wconf 86' lang='grc' dir='ltr'>σεσθε</span> <span class='ocrx_word' id='word_1_626' title='bbox 2288 3890 2303 3906; x_wconf 88' lang='grc'><strong>·</strong></span> <span class='ocrx_word' id='word_1_627' title='bbox 2341 3873 2480 3929; x_wconf 88' lang='grc' dir='ltr'><strong>ἀλλά</strong></span> <span class='ocrx_word' id='word_1_628' title='bbox 2517 3874 2674 3945; x_wconf 81' lang='grc' dir='ltr'>δῆλαι</span> <span class='ocrx_word' id='word_1_629' title='bbox 2711 3875 2811 3945; x_wconf 85' lang='grc' dir='ltr'>μὲν</span> <span class='ocrx_word' id='word_1_630' title='bbox 2841 3877 2997 3949; x_wconf 84' lang='grc' dir='ltr'>ὑμῶν</span> <span class='ocrx_word' id='word_1_631' title='bbox 3028 3880 3085 3933; x_wconf 88' lang='grc' dir='ltr'><strong>αἰ</strong></span> <span class='ocrx_word' id='word_1_632' title='bbox 3116 3881 3279 3947; x_wconf 74' lang='grc' dir='ltr'>πεζαὶ</span> <span class='ocrx_word' id='word_1_633' title='bbox 3309 3885 3681 3954; x_wconf 79' lang='grc' dir='ltr'>παρασκευαὶ,</span> 
     </span>
    </p>
   </div>
   <div class='ocr_carea' id='block_1_87' title="bbox 2101 3966 3681 4045">
    <p class='ocr_par' dir='ltr' id='par_1_87' title="bbox 2101 3966 3681 4045">
     <span class='ocr_line' id='line_1_87' title="bbox 2101 3966 3681 4045; baseline 0.004 -24"><span class='ocrx_word' id='word_1_634' title='bbox 2101 3967 2201 4021; x_wconf 87' lang='grc' dir='ltr'><strong>ούκ</strong></span> <span class='ocrx_word' id='word_1_635' title='bbox 2231 3966 2421 4039; x_wconf 82' lang='grc' dir='ltr'>ἄδηλοι</span> <span class='ocrx_word' id='word_1_636' title='bbox 2456 3967 2512 4021; x_wconf 89' lang='grc' dir='ltr'>δὲ</span> <span class='ocrx_word' id='word_1_637' title='bbox 2545 3968 2602 4020; x_wconf 90' lang='grc' dir='ltr'><strong>αἰ</strong></span> <span class='ocrx_word' id='word_1_638' title='bbox 2648 3968 2758 4021; x_wconf 83' lang='grc' dir='ltr'>τῶν</span> <span class='ocrx_word' id='word_1_639' title='bbox 2797 3970 3030 4036; x_wconf 86' lang='grc' dir='ltr'>ἰππέων,</span> <span class='ocrx_word' id='word_1_640' title='bbox 3066 3972 3202 4042; x_wconf 74' lang='grc' dir='ltr'>πρὸς</span> <span class='ocrx_word' id='word_1_641' title='bbox 3232 3972 3298 4038; x_wconf 76' lang='grc' dir='ltr'><strong>ἃς</strong></span> <span class='ocrx_word' id='word_1_642' title='bbox 3328 3975 3385 4038; x_wconf 83' lang='grc' dir='ltr'><strong>ἐς</strong></span> <span class='ocrx_word' id='word_1_643' title='bbox 3418 3975 3620 4045; x_wconf 85' lang='grc' dir='ltr'>τρόπον</span> <span class='ocrx_word' id='word_1_644' title='bbox 3637 3976 3681 4008; x_wconf 88' lang='grc'><em>³³</em></span> 
     </span>
    </p>
   </div>
   <div class='ocr_carea' id='block_1_88' title="bbox 2101 4060 3680 4137">
    <p class='ocr_par' dir='ltr' id='par_1_88' title="bbox 2101 4060 3680 4137">
     <span class='ocr_line' id='line_1_88' title="bbox 2101 4060 3680 4137; baseline 0.004 -23"><span class='ocrx_word' id='word_1_645' title='bbox 2101 4060 2193 4114; x_wconf 72' lang='grc' dir='ltr'><strong>τὸν</strong></span> <span class='ocrx_word' id='word_1_646' title='bbox 2225 4060 2451 4115; x_wconf 67' lang='grc' dir='ltr'>δυνατὸν</span> <span class='ocrx_word' id='word_1_647' title='bbox 2492 4060 2954 4132; x_wconf 85' lang='grc' dir='ltr'>άντιστησόμεθα.</span> <span class='ocrx_word' id='word_1_648' title='bbox 2987 4064 3288 4137; x_wconf 83' lang='grc' dir='ltr'>Τολμῶμέν</span> <span class='ocrx_word' id='word_1_649' title='bbox 3335 4082 3395 4118; x_wconf 88' lang='grc' dir='ltr'><strong>τε</strong></span> <span class='ocrx_word' id='word_1_650' title='bbox 3417 4068 3525 4136; x_wconf 72' lang='grc' dir='ltr'>γὰρ</span> <span class='ocrx_word' id='word_1_651' title='bbox 3562 4067 3680 4137; x_wconf 85' lang='grc' dir='ltr'><strong>μετ⁹</strong></span> 
     </span>
    </p>
   </div>
   <div class='ocr_carea' id='block_1_89' title="bbox 2102 4152 3682 4229">
    <p class='ocr_par' dir='ltr' id='par_1_89' title="bbox 2102 4152 3682 4229">
     <span class='ocr_line' id='line_1_89' title="bbox 2102 4152 3682 4229; baseline 0.004 -22"><span class='ocrx_word' id='word_1_652' title='bbox 2102 4152 2424 4221; x_wconf 84' lang='grc' dir='ltr'>ἀσφαλείας,</span> <span class='ocrx_word' id='word_1_653' title='bbox 2466 4155 2562 4206; x_wconf 78' lang='grc' dir='ltr'>καὶ</span> <span class='ocrx_word' id='word_1_654' title='bbox 2610 4154 3004 4225; x_wconf 82' lang='grc' dir='ltr'>ἀναχωροῡμεν</span> <span class='ocrx_word' id='word_1_655' title='bbox 3056 4158 3153 4209; x_wconf 86' lang='grc' dir='ltr'>σὺν</span> <span class='ocrx_word' id='word_1_656' title='bbox 3205 4157 3540 4229; x_wconf 79' lang='grc' dir='ltr'>προμηθείᾳ,</span> <span class='ocrx_word' id='word_1_657' title='bbox 3591 4155 3682 4213; x_wconf 70' lang='grc' dir='ltr'>οἷα</span> 
     </span>
    </p>
   </div>
   <div class='ocr_carea' id='block_1_90' title="bbox 2100 4244 3680 4320">
    <p class='ocr_par' dir='ltr' id='par_1_90' title="bbox 2100 4244 3680 4320">
     <span class='ocr_line' id='line_1_90' title="bbox 2100 4244 3680 4320; baseline 0.004 -23"><span class='ocrx_word' id='word_1_658' title='bbox 2100 4244 2164 4315; x_wconf 78' lang='grc' dir='ltr'>δὴ</span> <span class='ocrx_word' id='word_1_659' title='bbox 2192 4244 2441 4315; x_wconf 88' lang='grc' dir='ltr'>λογισμῷ</span> <span class='ocrx_word' id='word_1_660' title='bbox 2471 4245 2703 4315; x_wconf 89' lang='grc' dir='ltr'>ήγεμόνι</span> <span class='ocrx_word' id='word_1_661' title='bbox 2729 4248 2787 4306; x_wconf 82' lang='grc' dir='ltr'><strong>ἐς</strong></span> <span class='ocrx_word' id='word_1_662' title='bbox 2819 4247 2998 4300; x_wconf 86' lang='grc' dir='ltr'>πάντα</span> <span class='ocrx_word' id='word_1_663' title='bbox 3024 4247 3317 4318; x_wconf 72' lang='grc' dir='ltr'>χρώμενοι,</span> <span class='ocrx_word' id='word_1_664' title='bbox 3353 4244 3435 4313; x_wconf 75' lang='grc' dir='ltr'><strong>οἷς</strong></span> <span class='ocrx_word' id='word_1_665' title='bbox 3469 4251 3501 4319; x_wconf 91' lang='grc' dir='ltr'><strong>ή</strong></span> <span class='ocrx_word' id='word_1_666' title='bbox 3528 4250 3680 4320; x_wconf 72' lang='grc' dir='ltr'>ἰσχὺς</span> 
     </span>
    </p>
   </div>
   <div class='ocr_carea' id='block_1_91' title="bbox 2103 4334 3679 4411">
    <p class='ocr_par' dir='ltr' id='par_1_91' title="bbox 2103 4334 3679 4411">
     <span class='ocr_line' id='line_1_91' title="bbox 2103 4334 3679 4411; baseline 0.004 -22"><span class='ocrx_word' id='word_1_667' title='bbox 2103 4334 2450 4407; x_wconf 83' lang='grc' dir='ltr'>βεϐαιοτάτη,</span> <span class='ocrx_word' id='word_1_668' title='bbox 2482 4335 2578 4388; x_wconf 75' lang='grc' dir='ltr'><strong>καὶ</strong></span> <span class='ocrx_word' id='word_1_669' title='bbox 2603 4336 2899 4408; x_wconf 89' lang='grc' dir='ltr'>ἐμπειρίαν</span> <span class='ocrx_word' id='word_1_670' title='bbox 2935 4338 3253 4408; x_wconf 84' lang='grc' dir='ltr'>πολεμικῶν</span> <span class='ocrx_word' id='word_1_671' title='bbox 3283 4338 3462 4411; x_wconf 78' lang='grc' dir='ltr'>ἔργων</span> <span class='ocrx_word' id='word_1_672' title='bbox 3490 4341 3679 4408; x_wconf 77' lang='grc' dir='ltr'>διαφε-</span> 
     </span>
    </p>
   </div>
   <div class='ocr_carea' id='block_1_92' title="bbox 410 4431 1998 4508">
    <p class='ocr_par' dir='ltr' id='par_1_92' title="bbox 410 4434 1995 4508">
     <span class='ocr_line' id='line_1_92' title="bbox 410 4434 1995 4508; baseline -0.004 -13"><span class='ocrx_word' id='word_1_673' title='bbox 410 4456 543 4495; x_wconf 84' lang='lat' dir='ltr'><strong>vcro</strong></span> <span class='ocrx_word' id='word_1_674' title='bbox 604 4438 795 4508; x_wconf 86' lang='lat' dir='ltr'><strong>spoliis</strong></span> <span class='ocrx_word' id='word_1_675' title='bbox 845 4437 1154 4492; x_wconf 90' lang='lat' dir='ltr'><strong>Italicarum</strong></span> <span class='ocrx_word' id='word_1_676' title='bbox 1188 4449 1352 4505; x_wconf 89' lang='lat' dir='ltr'><strong>opum</strong></span> <span class='ocrx_word' id='word_1_677' title='bbox 1404 4434 1584 4488; x_wconf 90' lang='lat' dir='ltr'><strong>onusti</strong></span> <span class='ocrx_word' id='word_1_678' title='bbox 1629 4434 1850 4503; x_wconf 90' lang='lat' dir='ltr'><strong>impune</strong></span> <span class='ocrx_word' id='word_1_679' title='bbox 1900 4436 1995 4490; x_wconf 89' lang='lat' dir='ltr'><strong>do-</strong></span> 
     </span>
    </p>
   </div>
   <div class='ocr_carea' id='block_1_93' title="bbox 2101 4431 3677 4508">
    <p class='ocr_par' dir='ltr' id='par_1_93' title="bbox 2105 4431 3677 4508">
     <span class='ocr_line' id='line_1_93' title="bbox 2105 4431 3677 4508; baseline 0.006 -25"><span class='ocrx_word' id='word_1_680' title='bbox 2105 4432 2309 4503; x_wconf 84' lang='grc' dir='ltr'>ρόντως</span> <span class='ocrx_word' id='word_1_681' title='bbox 2348 4431 2583 4503; x_wconf 82' lang='grc' dir='ltr'>ἔχοντες.</span> <span class='ocrx_word' id='word_1_682' title='bbox 2632 4432 2825 4503; x_wconf 85' lang='grc' dir='ltr'>Ὑμεῖς</span> <span class='ocrx_word' id='word_1_683' title='bbox 2876 4433 2932 4486; x_wconf 88' lang='grc' dir='ltr'>δὲ</span> <span class='ocrx_word' id='word_1_684' title='bbox 2969 4436 3111 4504; x_wconf 82' lang='grc' dir='ltr'>μετά</span> <span class='ocrx_word' id='word_1_685' title='bbox 3144 4452 3202 4488; x_wconf 84' lang='grc' dir='ltr'><strong>τε</strong></span> <span class='ocrx_word' id='word_1_686' title='bbox 3240 4434 3332 4489; x_wconf 79' lang='grc' dir='ltr'>τοῦ</span> <span class='ocrx_word' id='word_1_687' title='bbox 3383 4438 3677 4508; x_wconf 82' lang='grc' dir='ltr'>προχείρου</span> 
     </span>
    </p>
   </div>
   <div class='ocr_carea' id='block_1_94' title="bbox 409 4525 1998 4597">
    <p class='ocr_par' dir='ltr' id='par_1_94' title="bbox 409 4525 1998 4597">
     <span class='ocr_line' id='line_1_94' title="bbox 409 4525 1998 4597; baseline -0.003 -11"><span class='ocrx_word' id='word_1_688' title='bbox 409 4548 558 4586; x_wconf 84' lang='lat' dir='ltr'><strong>mum</strong></span> <span class='ocrx_word' id='word_1_689' title='bbox 614 4528 901 4586; x_wconf 83' lang='lat' dir='ltr'><strong>revertetls</strong></span> <span class='ocrx_word' id='word_1_690' title='bbox 955 4546 971 4584; x_wconf 89' lang='lat'><strong>:</strong></span> <span class='ocrx_word' id='word_1_691' title='bbox 1017 4535 1212 4582; x_wconf 71' lang='lat' dir='ltr'><strong>vestrae</strong></span> <span class='ocrx_word' id='word_1_692' title='bbox 1265 4525 1549 4597; x_wconf 75' lang='lat' dir='ltr'><strong>pedestres</strong></span> <span class='ocrx_word' id='word_1_693' title='bbox 1601 4528 1776 4595; x_wconf 77' lang='lat' dir='ltr'><strong>capias</strong></span> <span class='ocrx_word' id='word_1_694' title='bbox 1838 4527 1998 4583; x_wconf 78' lang='lat' dir='ltr'><strong>nobis</strong></span> 
     </span>
    </p>
   </div>
   <div class='ocr_carea' id='block_1_95' title="bbox 410 4617 1997 4690">
    <p class='ocr_par' dir='ltr' id='par_1_95' title="bbox 410 4617 1997 4690">
     <span class='ocr_line' id='line_1_95' title="bbox 410 4617 1997 4690; baseline -0.001 -15"><span class='ocrx_word' id='word_1_695' title='bbox 410 4632 540 4675; x_wconf 87' lang='lat' dir='ltr'><strong>sunt</strong></span> <span class='ocrx_word' id='word_1_696' title='bbox 580 4628 742 4683; x_wconf 67' lang='lat' dir='ltr'><strong>notae,</strong></span> <span class='ocrx_word' id='word_1_697' title='bbox 797 4634 975 4690; x_wconf 84' lang='lat' dir='ltr'><strong>neque</strong></span> <span class='ocrx_word' id='word_1_698' title='bbox 1007 4626 1291 4688; x_wconf 88' lang='lat' dir='ltr'><strong>equestres</strong></span> <span class='ocrx_word' id='word_1_699' title='bbox 1333 4617 1553 4688; x_wconf 62' lang='lat' dir='ltr'><strong>ignotae,</strong></span> <span class='ocrx_word' id='word_1_700' title='bbox 1587 4618 1785 4688; x_wconf 86' lang='lat' dir='ltr'><strong>quibus</strong></span> <span class='ocrx_word' id='word_1_701' title='bbox 1820 4635 1997 4690; x_wconf 83' lang='lat' dir='ltr'><strong>quan-</strong></span> 
     </span>
    </p>
   </div>
   <div class='ocr_carea' id='block_1_96' title="bbox 414 4709 1998 4780">
    <p class='ocr_par' dir='ltr' id='par_1_96' title="bbox 414 4709 1998 4780">
     <span class='ocr_line' id='line_1_96' title="bbox 414 4709 1998 4780; baseline 0.002 -14"><span class='ocrx_word' id='word_1_702' title='bbox 414 4724 526 4767; x_wconf 88' lang='lat' dir='ltr'><strong>tunt</strong></span> <span class='ocrx_word' id='word_1_703' title='bbox 552 4713 606 4765; x_wconf 88' lang='lat' dir='ltr'><strong>in</strong></span> <span class='ocrx_word' id='word_1_704' title='bbox 633 4711 786 4767; x_wconf 87' lang='lat' dir='ltr'><strong>nobis</strong></span> <span class='ocrx_word' id='word_1_705' title='bbox 811 4711 917 4766; x_wconf 88' lang='lat' dir='ltr'><strong>erit</strong></span> <span class='ocrx_word' id='word_1_706' title='bbox 969 4723 1298 4780; x_wconf 83' lang='lat' dir='ltr'><strong>quacunque</strong></span> <span class='ocrx_word' id='word_1_707' title='bbox 1341 4709 1424 4763; x_wconf 86' lang='lat' dir='ltr'><strong>via</strong></span> <span class='ocrx_word' id='word_1_708' title='bbox 1457 4710 1794 4767; x_wconf 87' lang='lat' dir='ltr'><strong>resistemus.</strong></span> <span class='ocrx_word' id='word_1_709' title='bbox 1815 4711 1998 4769; x_wconf 82' lang='lat' dir='ltr'><strong>Aude-</strong></span> 
     </span>
    </p>
   </div>
   <div class='ocr_carea' id='block_1_97' title="bbox 413 4803 1999 4875">
    <p class='ocr_par' dir='ltr' id='par_1_97' title="bbox 413 4803 1999 4875">
     <span class='ocr_line' id='line_1_97' title="bbox 413 4803 1999 4875; baseline 0.001 -15"><span class='ocrx_word' id='word_1_710' title='bbox 413 4820 538 4861; x_wconf 89' lang='lat' dir='ltr'><strong>mus</strong></span> <span class='ocrx_word' id='word_1_711' title='bbox 565 4803 709 4860; x_wconf 89' lang='lat' dir='ltr'><strong>enim</strong></span> <span class='ocrx_word' id='word_1_712' title='bbox 769 4819 894 4861; x_wconf 85' lang='lat' dir='ltr'><strong>cum</strong></span> <span class='ocrx_word' id='word_1_713' title='bbox 925 4803 1244 4869; x_wconf 85' lang='lat' dir='ltr'><strong>securitate,</strong></span> <span class='ocrx_word' id='word_1_714' title='bbox 1306 4803 1613 4860; x_wconf 88' lang='lat' dir='ltr'><strong>recedimus</strong></span> <span class='ocrx_word' id='word_1_715' title='bbox 1644 4819 1764 4860; x_wconf 89' lang='lat' dir='ltr'><strong>cum</strong></span> <span class='ocrx_word' id='word_1_716' title='bbox 1818 4806 1999 4875; x_wconf 83' lang='lat' dir='ltr'><strong>provi-</strong></span> 
     </span>
    </p>
   </div>
   <div class='ocr_carea' id='block_1_98' title="bbox 410 4892 1995 4964">
    <p class='ocr_par' dir='ltr' id='par_1_98' title="bbox 410 4892 1995 4964">
     <span class='ocr_line' id='line_1_98' title="bbox 410 4892 1995 4964; baseline 0.001 -16"><span class='ocrx_word' id='word_1_717' title='bbox 410 4893 621 4961; x_wconf 84' lang='lat' dir='ltr'><strong>dentia,</strong></span> <span class='ocrx_word' id='word_1_718' title='bbox 653 4901 708 4948; x_wconf 82' lang='lat' dir='ltr'><strong>et</strong></span> <span class='ocrx_word' id='word_1_719' title='bbox 734 4894 786 4950; x_wconf 96' lang='lat' dir='ltr'><strong>in</strong></span> <span class='ocrx_word' id='word_1_720' title='bbox 822 4894 1075 4950; x_wconf 88' lang='lat' dir='ltr'><strong>omnibus</strong></span> <span class='ocrx_word' id='word_1_721' title='bbox 1108 4893 1271 4949; x_wconf 89' lang='lat' dir='ltr'><strong>rebus</strong></span> <span class='ocrx_word' id='word_1_722' title='bbox 1292 4892 1578 4962; x_wconf 87' lang='lat' dir='ltr'><strong>prudentia</strong></span> <span class='ocrx_word' id='word_1_723' title='bbox 1606 4892 1743 4950; x_wconf 91' lang='lat' dir='ltr'><strong>duce</strong></span> <span class='ocrx_word' id='word_1_724' title='bbox 1762 4902 1995 4964; x_wconf 83' lang='lat' dir='ltr'><strong>utentes,</strong></span> 
     </span>
    </p>
   </div>
   <div class='ocr_carea' id='block_1_99' title="bbox 412 4985 1999 5057">
    <p class='ocr_par' dir='ltr' id='par_1_99' title="bbox 412 4985 1999 5057">
     <span class='ocr_line' id='line_1_99' title="bbox 412 4985 1999 5057; baseline 0.003 -18"><span class='ocrx_word' id='word_1_725' title='bbox 412 5002 534 5055; x_wconf 64' lang='lat' dir='ltr'><strong>qua</strong></span> <span class='ocrx_word' id='word_1_726' title='bbox 572 4988 863 5055; x_wconf 85' lang='lat' dir='ltr'><strong>plurimum</strong></span> <span class='ocrx_word' id='word_1_727' title='bbox 912 4986 1099 5055; x_wconf 81' lang='lat' dir='ltr'><strong>valet,</strong></span> <span class='ocrx_word' id='word_1_728' title='bbox 1142 5001 1242 5043; x_wconf 89' lang='lat' dir='ltr'><strong>usu</strong></span> <span class='ocrx_word' id='word_1_729' title='bbox 1285 4994 1340 5041; x_wconf 93' lang='lat' dir='ltr'><strong>et</strong></span> <span class='ocrx_word' id='word_1_730' title='bbox 1391 4985 1472 5041; x_wconf 85' lang='lat' dir='ltr'><strong>rei</strong></span> <span class='ocrx_word' id='word_1_731' title='bbox 1517 4985 1767 5042; x_wconf 87' lang='lat' dir='ltr'><strong>militaris</strong></span> <span class='ocrx_word' id='word_1_732' title='bbox 1806 4987 1999 5057; x_wconf 79' lang='lat' dir='ltr'><strong>peritia</strong></span> 
     </span>
    </p>
   </div>
   <div class='ocr_carea' id='block_1_100' title="bbox 409 5077 1997 5149">
    <p class='ocr_par' dir='ltr' id='par_1_100' title="bbox 409 5077 1997 5149">
     <span class='ocr_line' id='line_1_100' title="bbox 409 5077 1997 5149; baseline 0.001 -17"><span class='ocrx_word' id='word_1_733' title='bbox 409 5088 752 5149; x_wconf 64' lang='lat' dir='ltr'><strong>praestamus.</strong></span> <span class='ocrx_word' id='word_1_734' title='bbox 832 5077 940 5135; x_wconf 85' lang='lat' dir='ltr'><strong>Vos</strong></span> <span class='ocrx_word' id='word_1_735' title='bbox 1001 5093 1128 5135; x_wconf 86' lang='lat' dir='ltr'><strong>cum</strong></span> <span class='ocrx_word' id='word_1_736' title='bbox 1181 5078 1382 5135; x_wconf 88' lang='lat' dir='ltr'><strong>ardore</strong></span> <span class='ocrx_word' id='word_1_737' title='bbox 1432 5085 1487 5134; x_wconf 90' lang='lat' dir='ltr'><strong>et</strong></span> <span class='ocrx_word' id='word_1_738' title='bbox 1571 5080 1997 5149; x_wconf 86' lang='lat' dir='ltr'><strong>promptitudine</strong></span> 
     </span>
    </p>
   </div>
   <div class='ocr_carea' id='block_1_101' title="bbox 2102 4523 3681 4600">
    <p class='ocr_par' dir='ltr' id='par_1_101' title="bbox 2102 4523 3681 4600">
     <span class='ocr_line' id='line_1_101' title="bbox 2102 4523 3681 4600; baseline 0.003 -23"><span class='ocrx_word' id='word_1_739' title='bbox 2102 4523 2257 4577; x_wconf 76' lang='grc' dir='ltr'>ἔπιτε</span> <span class='ocrx_word' id='word_1_740' title='bbox 2285 4523 2351 4592; x_wconf 64' lang='grc'><strong>³⁵,</strong></span> <span class='ocrx_word' id='word_1_741' title='bbox 2384 4525 2476 4577; x_wconf 74' lang='grc' dir='ltr'>καὶ</span> <span class='ocrx_word' id='word_1_742' title='bbox 2508 4523 2972 4595; x_wconf 85' lang='grc' dir='ltr'>διαμαρτάνοντες</span> <span class='ocrx_word' id='word_1_743' title='bbox 3018 4526 3128 4579; x_wconf 85' lang='grc' dir='ltr'><strong>τῶν</strong></span> <span class='ocrx_word' id='word_1_744' title='bbox 3174 4525 3350 4597; x_wconf 77' lang='grc' dir='ltr'>ἔργων</span> <span class='ocrx_word' id='word_1_745' title='bbox 3381 4528 3469 4582; x_wconf 70' lang='grc' dir='ltr'>διὰ</span> <span class='ocrx_word' id='word_1_746' title='bbox 3507 4530 3568 4581; x_wconf 74' lang='grc' dir='ltr'><strong>τὸ</strong></span> <span class='ocrx_word' id='word_1_747' title='bbox 3604 4530 3681 4600; x_wconf 79' lang='grc' dir='ltr'><strong>μή</strong></span> 
     </span>
    </p>
   </div>
   <div class='ocr_carea' id='block_1_102' title="bbox 2101 4616 3680 4693">
    <p class='ocr_par' dir='ltr' id='par_1_102' title="bbox 2101 4616 3680 4693">
     <span class='ocr_line' id='line_1_102' title="bbox 2101 4616 3680 4693; baseline 0.004 -23"><span class='ocrx_word' id='word_1_748' title='bbox 2101 4616 2521 4687; x_wconf 70' lang='grc' dir='ltr'>προσκέψασθαι</span> <span class='ocrx_word' id='word_1_749' title='bbox 2569 4618 2653 4685; x_wconf 76' lang='grc' dir='ltr'>ἐφ’</span> <span class='ocrx_word' id='word_1_750' title='bbox 2690 4616 2726 4671; x_wconf 79' lang='grc' dir='ltr'>ἃ</span> <span class='ocrx_word' id='word_1_751' title='bbox 2770 4616 2851 4670; x_wconf 89' lang='grc' dir='ltr'><strong>δεῖ</strong></span> <span class='ocrx_word' id='word_1_752' title='bbox 2882 4618 3058 4672; x_wconf 89' lang='grc' dir='ltr'>ἐλθεῖν</span> <span class='ocrx_word' id='word_1_753' title='bbox 3081 4659 3095 4683; x_wconf 87' lang='grc'><strong>,</strong></span> <span class='ocrx_word' id='word_1_754' title='bbox 3123 4620 3287 4690; x_wconf 79' lang='grc' dir='ltr'>πείρᾳ</span> <span class='ocrx_word' id='word_1_755' title='bbox 3335 4620 3435 4692; x_wconf 83' lang='grc' dir='ltr'>τὴν</span> <span class='ocrx_word' id='word_1_756' title='bbox 3475 4620 3680 4693; x_wconf 82' lang='grc' dir='ltr'>βλάϐην</span> 
     </span>
    </p>
   </div>
   <div class='ocr_carea' id='block_1_103' title="bbox 2099 4706 3681 4783">
    <p class='ocr_par' dir='ltr' id='par_1_103' title="bbox 2099 4706 3681 4783">
     <span class='ocr_line' id='line_1_103' title="bbox 2099 4706 3681 4783; baseline 0.004 -24"><span class='ocrx_word' id='word_1_757' title='bbox 2099 4706 2194 4763; x_wconf 77' lang='grc' dir='ltr'><strong>τοῦ</strong></span> <span class='ocrx_word' id='word_1_758' title='bbox 2231 4706 2537 4778; x_wconf 86' lang='grc' dir='ltr'>προπετοῦς</span> <span class='ocrx_word' id='word_1_759' title='bbox 2565 4706 2857 4778; x_wconf 81' lang='grc' dir='ltr'>φερόμενοι</span> <span class='ocrx_word' id='word_1_760' title='bbox 2901 4708 3361 4779; x_wconf 80' lang='grc' dir='ltr'>μεταγινώσκετε.</span> <span class='ocrx_word' id='word_1_761' title='bbox 3401 4712 3529 4774; x_wconf 86' lang='grc' dir='ltr'>Τοῖς</span> <span class='ocrx_word' id='word_1_762' title='bbox 3570 4713 3681 4783; x_wconf 72' lang='grc' dir='ltr'><strong>γάρ</strong></span> 
     </span>
    </p>
   </div>
   <div class='ocr_carea' id='block_1_104' title="bbox 2098 4799 3678 4875">
    <p class='ocr_par' dir='ltr' id='par_1_104' title="bbox 2098 4799 3678 4875">
     <span class='ocr_line' id='line_1_104' title="bbox 2098 4799 3678 4875; baseline 0.001 -19"><span class='ocrx_word' id='word_1_763' title='bbox 2098 4803 2246 4869; x_wconf 75' lang='grc' dir='ltr'>ξέσει</span> <span class='ocrx_word' id='word_1_764' title='bbox 2294 4802 2350 4865; x_wconf 86' lang='grc' dir='ltr'><strong>ἐς</strong></span> <span class='ocrx_word' id='word_1_765' title='bbox 2388 4800 2489 4865; x_wconf 82' lang='grc' dir='ltr'>τὰς</span> <span class='ocrx_word' id='word_1_766' title='bbox 2526 4799 2755 4871; x_wconf 78' lang='grc' dir='ltr'>πράξεις</span> <span class='ocrx_word' id='word_1_767' title='bbox 2798 4801 2873 4871; x_wconf 80' lang='grc' dir='ltr'>μὴ</span> <span class='ocrx_word' id='word_1_768' title='bbox 2906 4801 2950 4832; x_wconf 79' lang='grc'><strong>³⁸</strong></span> <span class='ocrx_word' id='word_1_769' title='bbox 2984 4803 3430 4874; x_wconf 85' lang='grc' dir='ltr'>συμφερομένοις</span> <span class='ocrx_word' id='word_1_770' title='bbox 3461 4805 3678 4875; x_wconf 86' lang='grc' dir='ltr'>ἀνάγκη</span> 
     </span>
    </p>
   </div>
   <div class='ocr_carea' id='block_1_105' title="bbox 2099 4892 3679 4966">
    <p class='ocr_par' dir='ltr' id='par_1_105' title="bbox 2099 4892 3679 4966">
     <span class='ocr_line' id='line_1_105' title="bbox 2099 4892 3679 4966; baseline 0.001 -17"><span class='ocrx_word' id='word_1_771' title='bbox 2099 4895 2195 4951; x_wconf 82' lang='grc' dir='ltr'><strong>τοῦ</strong></span> <span class='ocrx_word' id='word_1_772' title='bbox 2256 4893 2537 4965; x_wconf 82' lang='grc' dir='ltr'>βελτίστου</span> <span class='ocrx_word' id='word_1_773' title='bbox 2588 4892 2942 4963; x_wconf 80' lang='grc' dir='ltr'>ἁμαρτάνειν.</span> <span class='ocrx_word' id='word_1_774' title='bbox 2989 4894 3102 4947; x_wconf 77' lang='grc' dir='ltr'><strong>Καὶ</strong></span> <span class='ocrx_word' id='word_1_775' title='bbox 3134 4897 3348 4965; x_wconf 88' lang='grc' dir='ltr'>ταχεῖαι</span> <span class='ocrx_word' id='word_1_776' title='bbox 3396 4896 3494 4965; x_wconf 86' lang='grc' dir='ltr'>μὲν</span> <span class='ocrx_word' id='word_1_777' title='bbox 3523 4895 3679 4966; x_wconf 80' lang='grc' dir='ltr'>ὑμῶν</span> 
     </span>
    </p>
   </div>
   <div class='ocr_carea' id='block_1_106' title="bbox 2100 4982 3679 5058">
    <p class='ocr_par' dir='ltr' id='par_1_106' title="bbox 2100 4982 3679 5058">
     <span class='ocr_line' id='line_1_106' title="bbox 2100 4982 3679 5058; baseline -0.001 -18"><span class='ocrx_word' id='word_1_778' title='bbox 2100 4987 2157 5041; x_wconf 88' lang='grc' dir='ltr'><strong>αἰ</strong></span> <span class='ocrx_word' id='word_1_779' title='bbox 2184 4986 2580 5057; x_wconf 82' lang='grc' dir='ltr'>ἐπιχειρήσεις,</span> <span class='ocrx_word' id='word_1_780' title='bbox 2620 4983 2688 5036; x_wconf 85' lang='grc' dir='ltr'><strong>δι’</strong></span> <span class='ocrx_word' id='word_1_781' title='bbox 2721 4982 2906 5051; x_wconf 87' lang='grc' dir='ltr'>ὀλίγου</span> <span class='ocrx_word' id='word_1_782' title='bbox 2938 4984 2996 5038; x_wconf 82' lang='grc' dir='ltr'><strong>δέ</strong></span> <span class='ocrx_word' id='word_1_783' title='bbox 3040 4986 3095 5037; x_wconf 89' lang='grc' dir='ltr'><strong>αἰ</strong></span> <span class='ocrx_word' id='word_1_784' title='bbox 3138 4986 3518 5058; x_wconf 83' lang='grc' dir='ltr'>μεταμέλειαι.</span> <span class='ocrx_word' id='word_1_785' title='bbox 3568 4986 3679 5040; x_wconf 71' lang='grc' dir='ltr'><strong>Καὶ</strong></span> 
     </span>
    </p>
   </div>
   <div class='ocr_carea' id='block_1_107' title="bbox 2103 5075 3676 5152">
    <p class='ocr_par' dir='ltr' id='par_1_107' title="bbox 2103 5075 3676 5152">
     <span class='ocr_line' id='line_1_107' title="bbox 2103 5075 3676 5152; baseline 0 -19"><span class='ocrx_word' id='word_1_786' title='bbox 2103 5079 2166 5133; x_wconf 80' lang='grc' dir='ltr'>τὸ</span> <span class='ocrx_word' id='word_1_787' title='bbox 2198 5078 2439 5149; x_wconf 85' lang='grc' dir='ltr'>σύμπαν,</span> <span class='ocrx_word' id='word_1_788' title='bbox 2491 5076 2634 5131; x_wconf 87' lang='grc' dir='ltr'><strong>κατά</strong></span> <span class='ocrx_word' id='word_1_789' title='bbox 2662 5075 2724 5128; x_wconf 87' lang='grc' dir='ltr'>τὸ</span> <span class='ocrx_word' id='word_1_790' title='bbox 2762 5076 2931 5145; x_wconf 73' lang='grc' dir='ltr'>εἰκὸς,</span> <span class='ocrx_word' id='word_1_791' title='bbox 2972 5076 3249 5149; x_wconf 86' lang='grc' dir='ltr'>θαύματος</span> <span class='ocrx_word' id='word_1_792' title='bbox 3307 5079 3676 5152; x_wconf 85' lang='grc' dir='ltr'>ἀπήλλακται,</span> 
     </span>
    </p>
   </div>
   <div class='ocr_carea' id='block_1_108' title="bbox 1798 5214 2498 5275">
    <p class='ocr_par' dir='ltr' id='par_1_108' title="bbox 1798 5214 2498 5275">
     <span class='ocr_line' id='line_1_108' title="bbox 1798 5214 2498 5275; baseline -0.006 -3"><span class='ocrx_word' id='word_1_793' title='bbox 1798 5217 2038 5275; x_wconf 73' lang='lat' dir='ltr'><strong>VARUE</strong></span> <span class='ocrx_word' id='word_1_794' title='bbox 2098 5214 2498 5274; x_wconf 73' lang='lat' dir='ltr'><strong>LECTIONES.</strong></span> 
     </span>
    </p>
   </div>
   <div class='ocr_carea' id='block_1_109' title="bbox 484 5352 3679 5427">
    <p class='ocr_par' dir='ltr' id='par_1_109' title="bbox 484 5352 3679 5427">
     <span class='ocr_line' id='line_1_109' title="bbox 484 5352 3679 5427; baseline -0.003 -15"><span class='ocrx_word' id='word_1_795' title='bbox 484 5356 530 5389; x_wconf 78' lang='grc'><strong>³⁸</strong></span> <span class='ocrx_word' id='word_1_796' title='bbox 552 5357 619 5411; x_wconf 73' lang='grc' dir='ltr'><strong>τὰ</strong></span> <span class='ocrx_word' id='word_1_797' title='bbox 650 5356 775 5412; x_wconf 82' lang='lat' dir='ltr'><strong>add.</strong></span> <span class='ocrx_word' id='word_1_798' title='bbox 802 5353 909 5427; x_wconf 36' lang='grc' dir='ltr'>Νη</span> <span class='ocrx_word' id='word_1_799' title='bbox 944 5357 986 5388; x_wconf 82' lang='grc'>¹¹</span> <span class='ocrx_word' id='word_1_800' title='bbox 1015 5356 1403 5427; x_wconf 83' lang='grc' dir='ltr'>πολεμήσομεν</span> <span class='ocrx_word' id='word_1_801' title='bbox 1420 5358 1517 5420; x_wconf 75' lang='grc' dir='ltr'><strong>Η..</strong></span> <span class='ocrx_word' id='word_1_802' title='bbox 1546 5356 1986 5426; x_wconf 85' lang='grc' dir='ltr'>πολεμησόμενοι</span> <span class='ocrx_word' id='word_1_803' title='bbox 2009 5356 2092 5411; x_wconf 87' lang='lat' dir='ltr'><strong>vel</strong></span> <span class='ocrx_word' id='word_1_804' title='bbox 2121 5353 2535 5427; x_wconf 83' lang='grc' dir='ltr'>πολεμισόμενοι</span> <span class='ocrx_word' id='word_1_805' title='bbox 2557 5352 2739 5427; x_wconf 70' lang='lat' dir='ltr'><strong>codd._</strong></span> <span class='ocrx_word' id='word_1_806' title='bbox 2784 5354 2829 5385; x_wconf 81' lang='lat'><strong>”</strong></span> <span class='ocrx_word' id='word_1_807' title='bbox 2858 5352 2979 5427; x_wconf 75' lang='grc' dir='ltr'>μὲν]</span> <span class='ocrx_word' id='word_1_808' title='bbox 3005 5353 3114 5427; x_wconf 79' lang='lat' dir='ltr'><strong>imo</strong></span> <span class='ocrx_word' id='word_1_809' title='bbox 3139 5355 3239 5424; x_wconf 70' lang='grc' dir='ltr'>μὲν</span> <span class='ocrx_word' id='word_1_810' title='bbox 3269 5353 3344 5425; x_wconf 76' lang='grc' dir='ltr'><strong>μή</strong></span> <span class='ocrx_word' id='word_1_811' title='bbox 3364 5354 3425 5407; x_wconf 85' lang='grc' dir='ltr'>Β.</span> <span class='ocrx_word' id='word_1_812' title='bbox 3499 5352 3544 5384; x_wconf 75' lang='grc'><strong>’⁸</strong></span> <span class='ocrx_word' id='word_1_813' title='bbox 3572 5368 3679 5427; x_wconf 77' lang='grc' dir='ltr'>πα-</span> 
     </span>
    </p>
   </div>
   <div class='ocr_carea' id='block_1_110' title="bbox 414 5423 3284 5547">
    <p class='ocr_par' dir='ltr' id='par_1_110' title="bbox 414 5423 3284 5547">
     <span class='ocr_line' id='line_1_110' title="bbox 414 5423 3284 5501; baseline -0.001 -21"><span class='ocrx_word' id='word_1_814' title='bbox 414 5428 617 5498; x_wconf 84' lang='grc' dir='ltr'>ρείχετ’</span> <span class='ocrx_word' id='word_1_815' title='bbox 648 5428 714 5482; x_wconf 80' lang='grc' dir='ltr'>ἂν</span> <span class='ocrx_word' id='word_1_816' title='bbox 740 5428 841 5501; x_wconf 79' lang='grc' dir='ltr'>τὴν</span> <span class='ocrx_word' id='word_1_817' title='bbox 868 5426 959 5490; x_wconf 84' lang='grc' dir='ltr'>Ν.,</span> <span class='ocrx_word' id='word_1_818' title='bbox 993 5423 1228 5497; x_wconf 77' lang='grc' dir='ltr'>παρεῖχε</span> <span class='ocrx_word' id='word_1_819' title='bbox 1250 5423 1457 5497; x_wconf 80' lang='grc' dir='ltr'>ταύτην</span> <span class='ocrx_word' id='word_1_820' title='bbox 1496 5427 1641 5498; x_wconf 84' lang='lat' dir='ltr'><strong>vulg.</strong></span> <span class='ocrx_word' id='word_1_821' title='bbox 1685 5423 1844 5497; x_wconf 50' lang='lat' dir='ltr'><strong>“erit</strong></span> <span class='ocrx_word' id='word_1_822' title='bbox 1864 5427 2027 5498; x_wconf 86' lang='grc' dir='ltr'>διττῷ</span> <span class='ocrx_word' id='word_1_823' title='bbox 2051 5426 2227 5494; x_wconf 86' lang='grc' dir='ltr'>τούτῳ</span> <span class='ocrx_word' id='word_1_824' title='bbox 2261 5425 2402 5493; x_wconf 82' lang='grc' dir='ltr'>λόγῳ</span> <span class='ocrx_word' id='word_1_825' title='bbox 2432 5423 2578 5494; x_wconf 86' lang='lat' dir='ltr'><strong>vulg.</strong></span> <span class='ocrx_word' id='word_1_826' title='bbox 2692 5424 2739 5456; x_wconf 78' lang='grc'><strong>³³</strong></span> <span class='ocrx_word' id='word_1_827' title='bbox 2772 5423 3117 5496; x_wconf 81' lang='grc' dir='ltr'>καταίνεσιν]</span> <span class='ocrx_word' id='word_1_828' title='bbox 3143 5423 3284 5478; x_wconf 74' lang='grc' dir='ltr'><strong>κατί</strong></span> 
     </span>
     <span class='ocr_line' id='line_1_111' title="bbox 414 5493 3284 5547; baseline 0 0"><span class='ocrx_word' id='word_1_829' title='bbox 414 5499 687 5547; x_wconf 70' lang='lat' dir='ltr'><strong>tLantncL-</strong></span> <span class='ocrx_word' id='word_1_830' title='bbox 738 5499 1014 5547; x_wconf 74' lang='grc' dir='ltr'>κατίνεσιν</span> <span class='ocrx_word' id='word_1_831' title='bbox 1046 5499 1173 5547; x_wconf 79' lang='lat' dir='ltr'><strong>edd-</strong></span> <span class='ocrx_word' id='word_1_832' title='bbox 1268 5498 1315 5529; x_wconf 85' lang='grc'><strong>²⁶</strong></span> <span class='ocrx_word' id='word_1_833' title='bbox 1345 5497 1689 5547; x_wconf 79' lang='grc' dir='ltr'>ἐπισκοπεῖνί</span> <span class='ocrx_word' id='word_1_834' title='bbox 1721 5495 1783 5547; x_wconf 85' lang='lat' dir='ltr'><strong>F.</strong></span> <span class='ocrx_word' id='word_1_835' title='bbox 1825 5496 1905 5547; x_wconf 75' lang='grc' dir='ltr'>ἔτι</span> <span class='ocrx_word' id='word_1_836' title='bbox 1948 5499 2170 5547; x_wconf 83' lang='grc' dir='ltr'>σκοπεῖν</span> <span class='ocrx_word' id='word_1_837' title='bbox 2208 5495 2290 5547; x_wconf 84' lang='grc' dir='ltr'>Β..</span> <span class='ocrx_word' id='word_1_838' title='bbox 2320 5495 2630 5547; x_wconf 79' lang='grc' dir='ltr'>ἐπισκοτεῖν</span> <span class='ocrx_word' id='word_1_839' title='bbox 2652 5493 2735 5547; x_wconf 80' lang='lat' dir='ltr'><strong>Cl.</strong></span> <span class='ocrx_word' id='word_1_840' title='bbox 2812 5494 2854 5525; x_wconf 83' lang='grc'><strong>¹⁷</strong></span> <span class='ocrx_word' id='word_1_841' title='bbox 2888 5496 2954 5547; x_wconf 80' lang='grc' dir='ltr'>τῆ</span> <span class='ocrx_word' id='word_1_842' title='bbox 2989 5495 3072 5547; x_wconf 90' lang='grc' dir='ltr'><strong>Β..</strong></span> <span class='ocrx_word' id='word_1_843' title='bbox 3113 5496 3211 5547; x_wconf 70' lang='grc' dir='ltr'>τῆς</span> <span class='ocrx_word' id='word_1_844' title='bbox 3256 5512 3284 5547; x_wconf 88' lang='lat' dir='ltr'><strong>v</strong></span> 
     </span>
    </p>
   </div>
   <div class='ocr_carea' id='block_1_111' title="bbox 1375 5493 3400 5638">
    <p class='ocr_par' dir='ltr' id='par_1_111' title="bbox 1375 5493 3400 5638">
     <span class='ocr_line' id='line_1_112' title="bbox 1375 5493 3400 5567; baseline 0 -19"><span class='ocrx_word' id='word_1_845' title='bbox 1375 5493 1689 5567; x_wconf 72' lang='grc' dir='ltr'>πίσκοπέῖν]</span> <span class='ocrx_word' id='word_1_846' title='bbox 1721 5495 1783 5550; x_wconf 85' lang='lat' dir='ltr'><strong>F.</strong></span> <span class='ocrx_word' id='word_1_847' title='bbox 1805 5493 1905 5551; x_wconf 73' lang='grc' dir='ltr'>’ἔτι</span> <span class='ocrx_word' id='word_1_848' title='bbox 1948 5493 2170 5550; x_wconf 77' lang='grc' dir='ltr'>σκοπεῖν</span> <span class='ocrx_word' id='word_1_849' title='bbox 2202 5493 2290 5558; x_wconf 83' lang='grc' dir='ltr'>Β.,</span> <span class='ocrx_word' id='word_1_850' title='bbox 2320 5493 2630 5547; x_wconf 80' lang='grc' dir='ltr'>ἐπισκοτεῖν</span> <span class='ocrx_word' id='word_1_851' title='bbox 2652 5493 2735 5547; x_wconf 80' lang='lat' dir='ltr'><strong>Cl.</strong></span> <span class='ocrx_word' id='word_1_852' title='bbox 2812 5494 2854 5525; x_wconf 83' lang='grc'><strong>¹⁷</strong></span> <span class='ocrx_word' id='word_1_853' title='bbox 2888 5496 2955 5563; x_wconf 83' lang='grc' dir='ltr'>τῇ</span> <span class='ocrx_word' id='word_1_854' title='bbox 2989 5495 3072 5559; x_wconf 89' lang='grc' dir='ltr'>Β.,</span> <span class='ocrx_word' id='word_1_855' title='bbox 3100 5493 3211 5562; x_wconf 74' lang='grc' dir='ltr'>’τῆς</span> <span class='ocrx_word' id='word_1_856' title='bbox 3256 5494 3400 5563; x_wconf 88' lang='lat' dir='ltr'><strong>vulg.</strong></span> 
     </span>
     <span class='ocr_line' id='line_1_113' title="bbox 1375 5562 3400 5638; baseline 0 -20"><span class='ocrx_word' id='word_1_857' title='bbox 1375 5567 1600 5636; x_wconf 82' lang='grc' dir='ltr'>-λόγων</span> <span class='ocrx_word' id='word_1_858' title='bbox 1633 5569 1779 5637; x_wconf 77' lang='lat' dir='ltr'><strong>vulg.</strong></span> <span class='ocrx_word' id='word_1_859' title='bbox 1877 5569 1921 5600; x_wconf 85' lang='grc'><strong>²⁹</strong></span> <span class='ocrx_word' id='word_1_860' title='bbox 1953 5565 2356 5638; x_wconf 69' lang='grc' dir='ltr'>προϊσχόμενος</span> <span class='ocrx_word' id='word_1_861' title='bbox 2391 5562 2454 5617; x_wconf 92' lang='lat' dir='ltr'><strong>ll.</strong></span> <span class='ocrx_word' id='word_1_862' title='bbox 2492 5580 2599 5638; x_wconf 76' lang='lat' dir='ltr'><strong>mg.</strong></span> <span class='ocrx_word' id='word_1_863' title='bbox 2673 5564 2737 5638; x_wconf 45' lang='lat'><strong>3°</strong></span> <span class='ocrx_word' id='word_1_864' title='bbox 2764 5562 3070 5638; x_wconf 82' lang='grc' dir='ltr'>ἐθελούσιον</span> <span class='ocrx_word' id='word_1_865' title='bbox 3217 5564 3400 5638; x_wconf 76' lang='grc' dir='ltr'>ἐθέλον</span> 
     </span>
    </p>
   </div>
   <div class='ocr_carea' id='block_1_112' title="bbox 411 5499 1173 5563">
    <p class='ocr_par' dir='ltr' id='par_1_112' title="bbox 411 5499 1173 5563">
     <span class='ocr_line' id='line_1_114' title="bbox 411 5499 1173 5563; baseline 0.001 -11"><span class='ocrx_word' id='word_1_866' title='bbox 411 5499 687 5563; x_wconf 66' lang='lat' dir='ltr'><strong>Cantocl.,</strong></span> <span class='ocrx_word' id='word_1_867' title='bbox 738 5499 1014 5552; x_wconf 81' lang='grc' dir='ltr'>κατίνεσιν</span> <span class='ocrx_word' id='word_1_868' title='bbox 1046 5499 1173 5553; x_wconf 89' lang='lat' dir='ltr'><strong>edd.</strong></span> 
     </span>
    </p>
   </div>
   <div class='ocr_carea' id='block_1_113' title="bbox 412 5567 1779 5637">
    <p class='ocr_par' dir='ltr' id='par_1_113' title="bbox 412 5567 1779 5637">
     <span class='ocr_line' id='line_1_115' title="bbox 412 5567 1779 5637; baseline 0.002 -20"><span class='ocrx_word' id='word_1_869' title='bbox 412 5570 494 5627; x_wconf 75' lang='grc' dir='ltr'><strong>εἰς</strong></span> <span class='ocrx_word' id='word_1_870' title='bbox 525 5598 605 5637; x_wconf 14' lang='grc' dir='ltr'><strong>-ί</strong></span> <span class='ocrx_word' id='word_1_871' title='bbox 624 5569 779 5634; x_wconf 85' lang='grc' dir='ltr'>λόγον</span> <span class='ocrx_word' id='word_1_872' title='bbox 808 5567 1077 5632; x_wconf 85' lang='lat' dir='ltr'><strong>Valesius,</strong></span> <span class='ocrx_word' id='word_1_873' title='bbox 1118 5567 1308 5637; x_wconf 71' lang='grc' dir='ltr'>μηδεὶς</span> <span class='ocrx_word' id='word_1_874' title='bbox 1337 5567 1600 5636; x_wconf 80' lang='grc' dir='ltr'>-λόγων</span> <span class='ocrx_word' id='word_1_875' title='bbox 1633 5569 1779 5637; x_wconf 80' lang='lat' dir='ltr'><strong>vulg.</strong></span> 
     </span>
    </p>
   </div>
   <div class='ocr_carea' id='block_1_114' title="bbox 410 5636 1607 5705">
    <p class='ocr_par' dir='ltr' id='par_1_114' title="bbox 410 5636 1607 5705">
     <span class='ocr_line' id='line_1_116' title="bbox 410 5636 1607 5705; baseline 0.006 -18"><span class='ocrx_word' id='word_1_876' title='bbox 410 5638 454 5667; x_wconf 67' lang='grc' dir='ltr'>δ’</span> <span class='ocrx_word' id='word_1_877' title='bbox 488 5636 714 5687; x_wconf 81' lang='grc' dir='ltr'>πλοῦτον</span> <span class='ocrx_word' id='word_1_878' title='bbox 752 5639 816 5689; x_wconf 88' lang='lat' dir='ltr'><strong>ll.</strong></span> <span class='ocrx_word' id='word_1_879' title='bbox 913 5639 957 5669; x_wconf 83' lang='grc'><strong>⁸³</strong></span> <span class='ocrx_word' id='word_1_880' title='bbox 991 5636 1497 5705; x_wconf 74' lang='grc' dir='ltr'>ἐπικομπαζόμενοι</span> <span class='ocrx_word' id='word_1_881' title='bbox 1544 5639 1607 5695; x_wconf 79' lang='grc' dir='ltr'>Ν.</span> 
     </span>
    </p>
   </div>
   <div class='ocr_carea' id='block_1_115' title="bbox 416 5705 1386 5774">
    <p class='ocr_par' dir='ltr' id='par_1_115' title="bbox 416 5705 1386 5774">
     <span class='ocr_line' id='line_1_117' title="bbox 416 5705 1386 5774; baseline 0.001 -16"><span class='ocrx_word' id='word_1_882' title='bbox 416 5705 574 5759; x_wconf 71' lang='lat' dir='ltr'><strong>llaud</strong></span> <span class='ocrx_word' id='word_1_883' title='bbox 606 5705 768 5759; x_wconf 88' lang='lat' dir='ltr'><strong>dubie</strong></span> <span class='ocrx_word' id='word_1_884' title='bbox 796 5708 949 5760; x_wconf 88' lang='lat' dir='ltr'><strong>locus</strong></span> <span class='ocrx_word' id='word_1_885' title='bbox 968 5718 1261 5774; x_wconf 76' lang='lat' dir='ltr'><strong>corruptus</strong></span> <span class='ocrx_word' id='word_1_886' title='bbox 1279 5717 1386 5762; x_wconf 84' lang='lat' dir='ltr'><strong>est.</strong></span> 
     </span>
    </p>
   </div>
   <div class='ocr_carea' id='block_1_116' title="bbox 1702 5638 2161 5709">
    <p class='ocr_par' dir='ltr' id='par_1_116' title="bbox 1702 5638 2161 5709">
     <span class='ocr_line' id='line_1_118' title="bbox 1702 5638 2161 5709; baseline -0.004 -18"><span class='ocrx_word' id='word_1_887' title='bbox 1702 5638 1746 5669; x_wconf 77' lang='grc'><strong>³³</strong></span> <span class='ocrx_word' id='word_1_888' title='bbox 1782 5638 1985 5709; x_wconf 85' lang='grc' dir='ltr'>τρόπου</span> <span class='ocrx_word' id='word_1_889' title='bbox 2018 5638 2161 5707; x_wconf 75' lang='lat' dir='ltr'><strong>vulg.</strong></span> 
     </span>
    </p>
   </div>
   <div class='ocr_carea' id='block_1_117' title="bbox 2692 5422 3678 5525">
    <p class='ocr_par' dir='ltr' id='par_1_117' title="bbox 2692 5422 3678 5525">
     <span class='ocr_line' id='line_1_119' title="bbox 2692 5422 3675 5496; baseline 0.003 -20"><span class='ocrx_word' id='word_1_890' title='bbox 2692 5424 2739 5456; x_wconf 78' lang='grc'><strong>³³</strong></span> <span class='ocrx_word' id='word_1_891' title='bbox 2772 5422 3117 5496; x_wconf 79' lang='grc' dir='ltr'>καταίνεσιν]</span> <span class='ocrx_word' id='word_1_892' title='bbox 3141 5422 3495 5479; x_wconf 58' lang='grc' dir='ltr'>κατ’άνευσιν</span> <span class='ocrx_word' id='word_1_893' title='bbox 3510 5422 3675 5489; x_wconf 60' lang='grc' dir='ltr'>νοοηῙ.</span> 
     </span>
     <span class='ocr_line' id='line_1_120' title="bbox 2698 5493 3678 5525; baseline 0 0"><span class='ocrx_word' id='word_1_894' title='bbox 2698 5494 2711 5525; x_wconf 92' lang='grc'><strong>1</strong></span> <span class='ocrx_word' id='word_1_895' title='bbox 2812 5494 2854 5525; x_wconf 68' lang='lat' dir='ltr'><strong>I7</strong></span> <span class='ocrx_word' id='word_1_896' title='bbox 2888 5496 2953 5525; x_wconf 76' lang='grc' dir='ltr'>..α</span> <span class='ocrx_word' id='word_1_897' title='bbox 2989 5495 3027 5525; x_wconf 82' lang='lat' dir='ltr'>n</span> <span class='ocrx_word' id='word_1_898' title='bbox 3113 5496 3211 5525; x_wconf 67' lang='grc' dir='ltr'><strong>ρετ-ρ</strong></span> <span class='ocrx_word' id='word_1_899' title='bbox 3256 5494 3382 5525; x_wconf 71' lang='grc' dir='ltr'>...ειη</span> <span class='ocrx_word' id='word_1_900' title='bbox 3478 5493 3523 5525; x_wconf 68' lang='grc' dir='ltr'><strong>Ι.</strong></span> <span class='ocrx_word' id='word_1_901' title='bbox 3558 5493 3678 5525; x_wconf 61' lang='grc' dir='ltr'>ηελλ,</span> 
     </span>
    </p>
   </div>
   <div class='ocr_carea' id='block_1_118' title="bbox 3635 5509 3663 5544">
    <p class='ocr_par' dir='ltr' id='par_1_118' title="bbox 3635 5509 3663 5544">
     <span class='ocr_line' id='line_1_121' title="bbox 3635 5509 3663 5544; baseline 0 0"><span class='ocrx_word' id='word_1_902' title='bbox 3635 5509 3663 5544; x_wconf 86' lang='lat'><strong>0</strong></span> 
     </span>
    </p>
   </div>
   <div class='ocr_carea' id='block_1_119' title="bbox 2695 5508 3679 5632">
    <p class='ocr_par' dir='ltr' id='par_1_119' title="bbox 2695 5508 3679 5632">
     <span class='ocr_line' id='line_1_122' title="bbox 2700 5508 3677 5563; baseline -0.003 -16"><span class='ocrx_word' id='word_1_903' title='bbox 2700 5508 2735 5547; x_wconf 88' lang='grc' dir='ltr'><strong>ι.</strong></span> <span class='ocrx_word' id='word_1_904' title='bbox 2813 5508 2851 5525; x_wconf 75' lang='grc' dir='ltr'><strong><em>υ</em></strong></span> <span class='ocrx_word' id='word_1_905' title='bbox 2888 5508 2955 5563; x_wconf 85' lang='grc' dir='ltr'>τῃ</span> <span class='ocrx_word' id='word_1_906' title='bbox 2989 5508 3072 5559; x_wconf 77' lang='lat'><strong>15.,</strong></span> <span class='ocrx_word' id='word_1_907' title='bbox 3113 5511 3211 5562; x_wconf 80' lang='grc' dir='ltr'><strong>της</strong></span> <span class='ocrx_word' id='word_1_908' title='bbox 3256 5508 3400 5563; x_wconf 85' lang='lat' dir='ltr'><strong>vutg.</strong></span> <span class='ocrx_word' id='word_1_909' title='bbox 3479 5508 3523 5525; x_wconf 89' lang='lat'><strong>&quot;</strong></span> <span class='ocrx_word' id='word_1_910' title='bbox 3556 5508 3677 5561; x_wconf 70' lang='grc' dir='ltr'>μηος</span> 
     </span>
     <span class='ocr_line' id='line_1_123' title="bbox 2695 5562 3679 5632; baseline 0.004 -17"><span class='ocrx_word' id='word_1_911' title='bbox 2695 5564 2737 5594; x_wconf 81' lang='grc' dir='ltr'><strong>³ο</strong></span> <span class='ocrx_word' id='word_1_912' title='bbox 2764 5562 3070 5618; x_wconf 81' lang='grc' dir='ltr'>ἐθελούσιον</span> <span class='ocrx_word' id='word_1_913' title='bbox 3098 5562 3190 5628; x_wconf 86' lang='grc' dir='ltr'>Ν.,</span> <span class='ocrx_word' id='word_1_914' title='bbox 3217 5564 3496 5618; x_wconf 76' lang='grc' dir='ltr'>ἐθέλουσιν</span> <span class='ocrx_word' id='word_1_915' title='bbox 3526 5563 3679 5632; x_wconf 81' lang='lat' dir='ltr'><strong>vulg.</strong></span> 
     </span>
    </p>
   </div>
   <div class='ocr_carea' id='block_1_120' title="bbox 2261 5632 3680 5707">
    <p class='ocr_par' dir='ltr' id='par_1_120' title="bbox 2261 5632 3680 5707">
     <span class='ocr_line' id='line_1_124' title="bbox 2261 5632 3680 5707; baseline 0.001 -20"><span class='ocrx_word' id='word_1_916' title='bbox 2261 5634 2305 5667; x_wconf 72' lang='grc'><strong>⁸⁵</strong></span> <span class='ocrx_word' id='word_1_917' title='bbox 2334 5634 2486 5689; x_wconf 75' lang='grc' dir='ltr'>ἔπιτε</span> <span class='ocrx_word' id='word_1_918' title='bbox 2528 5632 2614 5701; x_wconf 83' lang='grc' dir='ltr'>Β.,</span> <span class='ocrx_word' id='word_1_919' title='bbox 2671 5634 2862 5691; x_wconf 78' lang='grc' dir='ltr'>ἔπειτα</span> <span class='ocrx_word' id='word_1_920' title='bbox 2891 5634 3035 5707; x_wconf 83' lang='lat' dir='ltr'><strong>vulg.</strong></span> <span class='ocrx_word' id='word_1_921' title='bbox 3130 5636 3173 5670; x_wconf 83' lang='grc'><strong>³⁸</strong></span> <span class='ocrx_word' id='word_1_922' title='bbox 3204 5634 3279 5707; x_wconf 79' lang='grc' dir='ltr'>μὴ</span> <span class='ocrx_word' id='word_1_923' title='bbox 3314 5649 3426 5693; x_wconf 89' lang='lat' dir='ltr'><strong>om.</strong></span> <span class='ocrx_word' id='word_1_924' title='bbox 3461 5632 3548 5690; x_wconf 83' lang='lat' dir='ltr'><strong>ed.</strong></span> <span class='ocrx_word' id='word_1_925' title='bbox 3590 5647 3680 5704; x_wconf 78' lang='lat' dir='ltr'><strong>pr.</strong></span> 
     </span>
    </p>
   </div>
  </div>
