4010 6210
308 267 419 331 615

1087 269 1188 330 ΒΕ
1229 261 1801 329 LEGATIONIBUS
1838 256 2203 322 GENTIUM
2243 257 2344 319 AD
2382 256 2764 321 ROMANOS.

3452 251 3558 317 ιιι

317 374 643 437 ἀντιπάλους
686 372 819 441 ἡμῖν
863 368 1128 440 τυχόντας
1177 367 1275 419 καὶ
1320 363 1468 436 ἠθῶν
1497 362 1766 434 ἀνομοίων
1794 361 1887 415 καὶ

2013 359 2384 429 iggredimini,
2438 363 2638 418 deinde
2702 378 2883 419 rerum
2931 363 3222 435 adeptione
3275 367 3559 440 frustrati,

314 468 374 531 ἐς
416 467 515 529 τὰς
543 463 768 534 γνώμας
816 459 1210 532 πραττομένων
1242 456 1522 511 διεστάναι
1550 455 1651 508 οὑκ
1688 455 1889 507 ἀποπεα

316 551 563 624 ποιηκὼς
592 552 662 617 ⁸⁸,
706 551 797 604 καὶ
827 551 970 620 ὑμᾶς
1028 547 1126 617 μὲν
1177 545 1416 615 ἀμαθίᾳ,
1452 545 1599 616 ἡμᾶς
1640 543 1697 596 δὲ
1745 542 1890 614 λόγῳ

317 645 579 704 συνεῖναι,
648 641 743 693 σὺν
807 632 850 706 ᾧ
900 637 1138 707 μάλιστα
1201 635 1299 688 καὶ
1354 634 1415 687 τὸ
1482 636 1704 703 κρατεῖν
1761 633 1890 696 τοὺς

316 734 519 803 ἥσσους
549 731 591 762 ⁸⁷
620 728 729 781 τῶν
759 727 1021 780 πλειόνων
1066 727 1428 795 περιγίνεται,
1463 723 1677 776 συνέσει
1708 722 1814 793 πρὸ
1844 722 1889 754 ³⁸

318 823 600 892 δυνάμεως
622 819 996 880 πιστεύοντας.
1029 816 1169 879 Τούς
1186 832 1245 868 τε
1264 814 1517 876 πλείονας
1540 815 1635 866 σὺν
1656 812 1731 882 τῷ
1762 813 1891 866 ἀλο-

319 913 493 983 γίστῳ
524 912 610 964 διὰ
658 910 836 980 μάχης
889 909 1066 972 ἰόντας
1116 907 1307 961 κάκιον
1360 904 1674 976 ἀμανᾶσθαι
1706 904 1889 976 ³⁹,έρ-

320 1014 419 1066 γου
483 1001 646 1068 πείρᾳ
704 996 973 1068 μᾶλλονῆ
1017 996 1179 1064 λόγου
1243 994 1676 1065 κομπωδεστέρα
1722 1011 1891 1065 προσσ-

322 1089 537 1158 ποιήσει
561 1085 900 1151 διδάσκεσθε,
918 1085 1215 1155 βλέψαντες
1242 1085 1287 1115 ’⁸ο
1311 1084 1367 1147 ἐς
1387 1084 1453 1137 τά
1474 1084 1694 1137 Σκυθῶν
1720 1082 1887 1153 πάθηο

327 1180 463 1247 μετά
495 1180 849 1247 σαφεστάτων
884 1176 993 1247 γάρ
1014 1177 1335 1247 τεκμηρίων
1360 1178 1455 1229 καὶ
1475 1176 1574 1228 οὑκ
1594 1175 1891 1245 ἀμάρτυρα

324 1270 566 1339 λέξομεν.
600 1260 762 1322 Οὗτοι
789 1268 855 1337 δὴ
906 1266 1206 1337 τριάκοντα
1257 1267 1483 1337 μυριάσι
1537 1264 1769 1337 στρατοῦ
1804 1264 1890 1333 ἐφ’

324 1361 590 1430 ἑκατέρας
626 1360 725 1423 τὰς
754 1358 1022 1430 ἠπείρους
1071 1358 1455 1421 σκεδασθέντες
1497 1357 1644 1429 πάσῃ
1686 1362 1751 1428 τῇ
1804 1358 1895 1410 δυ-

323 1454 484 1522 νάμει
519 1432 832 1523 ἡττήθησαν
863 1450 998 1521 πρὸς
1025 1451 1058 1520 ἡ
1068 1448 1206 1519 μῶν,
1244 1447 1340 1501 καλ⁵
1367 1447 1596 1518 λαμπρά
1615 1450 1729 1510 τοῖς
1749 1440 1893 1501 νενι-

1989 450 2114 517 quia
2145 464 2250 518 qua
2279 451 2529 521 progredi
2576 454 2880 521 oportebat,
2936 469 3043 510 non
3080 466 3201 511 ante
3226 459 3562 527 providistis,

1989 541 2246 595 damnum
2279 544 2611 612 experientia
2668 546 2783 614 ipsa
2814 560 2882 601 ex
2913 556 3091 603 vestra
3125 552 3428 608 temeritate
3471 568 3561 608 re-

1989 641 2269 702 portantes
2314 635 2628 704 ptBniteutia
2677 637 2957 695 ducimini.
3013 640 3115 707 Qui
3176 642 3320 696 enim
3370 642 3561 715 [haud]

1989 738 2118 777 cum
2145 722 2374 790 fervore,
2406 725 2473 778 ad
2506 739 2594 780 res
2630 727 2897 793 gerendas
2942 727 3215 796 feruntur,
3245 731 3345 785 bos
3377 733 3431 787 iu
3466 746 3566 801 op-

1994 814 2121 867 tima
2161 828 2377 884 quaque
2407 830 2465 871 re
2496 816 2641 872 vires
2694 816 2917 872 minime
2943 818 3176 875 deﬁcere
3211 835 3435 876 necesse
3456 831 3561 877 est.

1991 905 2232 959 Conatus
2283 914 2338 960 et
2390 905 2768 976 aggressiones
2826 915 3021 963 vestrae
3079 919 3209 965 sunt
3257 910 3448 965 subita:
3510 921 3567 965 et

1991 996 2283 1065 repentina:
2339 1005 2395 1051 et
2425 997 2573 1050 brevi
2609 1006 2733 1065 post
2770 998 3109 1067 pmnitentia.
3139 997 3196 1054 In
3252 1000 3563 1055 universum

1992 1099 2102 1139 non
2155 1093 2239 1140 est
2266 1086 2408 1153 quod
2442 1086 2720 1151 miremur,
2755 1100 2850 1142 vos
2892 1102 3052 1156 quam
3088 1088 3382 1145 adversarii
3412 1091 3567 1146 nobis

1990 1176 2109 1232 sitis
2134 1184 2191 1232 et
2246 1176 2582 1232 diversorum
2616 1191 2847 1243 morum,
2869 1179 3032 1233 etiam
3060 1194 3242 1236 rerum
3289 1183 3558 1251 gerenda-

1994 1282 2114 1322 rum
2148 1266 2387 1323 consiliis
2415 1282 2445 1322 a
2480 1267 2636 1322 nobis
2665 1268 2903 1323 distare.
2930 1306 2947 1324 .
2984 1310 2999 1327 .
3033 1278 3089 1325 et
3120 1285 3216 1325 vos
3244 1273 3567 1339 temeritate,

1995 1373 2096 1414 nos
2134 1360 2365 1414 consilio
2396 1360 2673 1428 congredi,
2703 1373 2811 1429 quo
2833 1362 3175 1430 paucioribus
3203 1378 3417 1433 quoque
3463 1379 3570 1419 non

1999 1468 2122 1508 raro
2149 1455 2329 1522 plures
2351 1456 2570 1510 vincere
2592 1456 2840 1525 contigit,
2898 1457 3025 1512 dum
3063 1458 3344 1528 prudentia
3366 1457 3569 1527 potius,

324 1545 553 1613 κηκόσιν
600 1542 925 1595 ὑπελίποντο
978 1542 1077 1609 τῆς
1130 1538 1337 1603 οἰκείας
1381 1540 1583 1611 ἀρετῆς
1650 1538 1896 1610 ὑπομνή-

2013 1557 2160 1612 luam
2191 1545 2399 1601 viribus
2443 1546 2774 1603 nitebantur.
2835 1546 3022 1603 Plures
3069 1558 3247 1603 autem
3278 1558 3482 1605 temere
3514 1558 3571 1605 et

327 1651 495 1702 ματα,
528 1626 603 1687 ῶν
633 1632 731 1703 τὴν
764 1630 1017 1686 εὑκλειαν
1039 1633 1095 1695 ἐς
1118 1633 1180 1685 τὸ
1207 1630 1467 1694 παντελὲς
1488 1630 1681 1701 ἕξομεν
1711 1630 1807 1685 νῦν
1837 1648 1897 1685 τε

2013 1636 2371 1703 ηηιριθυόειιιει·
2420 1634 2665 1704 ρτωιὶιιηι
2703 1636 2951 1692 ineuntes
2988 1636 3131 1692 malo
3160 1636 3320 1703 allici,
3368 1653 3427 1694 re
3450 1640 3568 1710 ipsa

326 1724 422 1778 καὶ
469 1723 682 1789 ἔπειτα,
711 1722 789 1793 τῷ
839 1722 1013 1793 χρόνῳ
1057 1721 1553 1794 συμπαραθέουσαν
1585 1720 1653 1775 ⁸⁸.
1689 1721 1801 1784 Τάς
1833 1737 1893 1774 τε

2013 1723 2194 1788 totius,
2219 1737 2379 1792 quam
2436 1724 2723 1778 verborum
2769 1723 3101 1793 eicgantiore
3151 1736 3344 1779 ornatu
3379 1705 3573 1781 didici.

338 1815 658 1887 ’Λλαμανῶν
686 1815 731 1846 δ’
768 1816 1053 1886 συμφορὰς
1085 1814 1238 1883 ἄγειν
1270 1815 1409 1883 σφᾶς
1456 1813 1551 1868 τοῦ
1603 1813 1894 1886 προχείρου

2013 1813 2099 1869 itis
2159 1812 2493 1896 Scytharum
2545 1813 2683 1868 mala
2752 1814 3046 1871 intuentes.
3117 1814 3571 1871 Manifestissimis

325 1906 406 1977 τῷ
426 1905 817 1979 ἀναῤῥιφθέντι
855 1908 952 1976 τῆς
991 1906 1390 1975 ἐπιχειρήσεως
1448 1904 1757 1975 ταχυτέραν
1804 1904 1899 1957 καὶ

2013 1904 2141 1958 anim
2197 1903 2412 1959 iudiciis
2453 1913 2509 1959 et
2541 1903 2868 1959 testimoniis
2894 1914 3019 1961 nota
3068 1912 3372 1975 testataque
3419 1906 3567 1961 dice-

327 1990 396 2044 δι’
437 1990 616 2058 ὀλίγου
641 1989 827 2042 ἔθεντο
884 1990 982 2059 τὴν
1033 1988 1396 2059 μετάγνωσιν.
1445 1987 1640 2058 Ἡμεῖς
1699 2005 1758 2041 τε
1808 1991 1899 2042 ἐπὶ

329 2080 449 2142 ταῖς
501 2078 906 2150 πλημμελείαις
939 2078 1115 2149 ὑμῶν,
1151 2074 1239 2142 αἷς
1262 2078 1341 2143 είς
1370 2079 1520 2149 ήμᾶς
1547 2079 1902 2152 ἐπλημμελή-

336 2185 489 2232 σατε,
516 2168 615 2222 οὑκ
652 2169 901 2240 ἀποχρῆν
939 2169 1217 2239 ἡγούμεθα
1266 2169 1333 2240 ἢν
1364 2169 1411 2201 ⁸³
1438 2170 1671 2224 ἐπάθετε
1723 2188 1901 2242 τιμω-

334 2261 476 2330 ρίαν,
508 2262 558 2312 εί
621 2260 698 2331 μὴ
754 2260 970 2315 καὶτὸν
1002 2262 1216 2331 Ἴστρον
1274 2261 1617 2333 ὑπερϐάντες
1667 2264 1726 2316 ἐν
1759 2264 1905 2333 ὅροις

329 2353 445 2414 τοῖς
513 2352 801 2422 ὑμετέροις
869 2352 968 2423 τήν
1034 2353 1204 2424 ὀργὴν
1282 2352 1359 2417 ὡς
1428 2354 1905 2427 προαδικήσαντας

332 2442 477 2511 ὑμᾶς
503 2441 550 2474 ⁸⁸
576 2442 1003 2513 ἀποπλήσαιμεν
1037 2444 1106 2498 ⁸⁸.
1140 2443 1383 2514 Πόλεμον
1434 2446 1544 2514 γὰρ
1590 2446 1683 2498 ἐπὶ
1741 2464 1906 2498 σπον-

332 2533 449 2595 δαῖς
478 2533 792 2603 ἀκήρυκτον
825 2536 911 2603 ἐφ⁹
938 2535 1087 2605 ἡμᾶς
1127 2535 1412 2606 ἠγείρατε,
1447 2536 1773 2607 ἐγκλήματα
1808 2538 1907 2607 μὲν

333 2626 409 2688 ὡς
443 2628 523 2689 εἰς
551 2627 1023 2699 προαδικήσαντας
1046 2628 1293 2697 ’δἐἰπεῖν
1319 2629 1419 2683 οὑκ
1453 2628 1693 2700 ἔχοντες,
1722 2629 1910 2682 ἐπιθυ-

340 2717 487 2786 μίαις
516 2717 572 2769 δέ
602 2733 711 2770 τισι
744 2718 839 2771 καὶ
870 2717 1056 2770 ἐλπίσι
1086 2717 1499 2787 κουφισθέντες,
1537 2719 1635 2771 σὺν
1665 2713 1753 2783 αἷς
1783 2720 1909 2790 ὅμι-

343 2808 433 2871 λος
464 2808 747 2877 ἀλόγιστος
780 2810 1089 2880 ἐπαίρεται,
1120 2812 1380 2881 στρατιᾶς
1413 2810 1509 2865 καὶ⁸
1548 2810 1790 2882 πολέμου
1819 2813 1911 2865 ἀν-

344 2901 758 2971 τιλαμϐάνεσθε.
794 2900 959 2955 Ὅθεν
975 2901 1074 2955 οὑκ
1103 2901 1207 2967 ἔξω
1233 2902 1558 2973 προσδοκίας
1581 2904 1789 2975 ἄγομεν
1814 2905 1909 2958 καὶ

338 3000 488 3066 παρα
518 2994 613 3047 τοῦ
646 2992 792 3047 θείου
825 2991 1044 3047 ἔσεσθαι
1097 2994 1230 3065 ήμῖν
1261 2993 1478 3064 ἀρωγὰ,
1523 2988 1611 3048 οἷα
1657 2995 1721 3067 δὴ
1754 2995 1910 3067 ήμῶν

342 3087 442 3156 μὲν
469 3085 668 3156 θεσμὸν
692 3086 783 3138 τὸν
811 3084 906 3138 ἐπλ⁸
940 3084 1195 3148 σπονδαῖς
1224 3086 1326 3138 οὑκ
1352 3085 1755 3155 ἀτιμασάντων,
1775 3088 1909 3140 ’Ῑουο

342 3176 590 3246 θούγγων
640 3176 696 3231 δὲ
752 3176 937 3231 ἄδικον
984 3176 1102 3230 ὀδόν
1158 3192 1220 3229 τε
1270 3176 1355 3246 ἐφ’
1387 3177 1561 3246 mea;
1623 3176 1908 3243 ἐλθόντων,

341 3267 439 3322 καὶ
478 3266 674 3338 ὅρκους
722 3268 814 3320 καὶ
848 3268 1030 3320 πᾶσαν
1080 3264 1319 3328 πίστεως
1378 3264 1704 3337 βεϐαιότητα
1761 3267 1914 3337 παρά

344 3358 547 3428 φαῦλον
569 3358 888 3429 τιθεμένων.
914 3356 1037 3421 Τοῖς
1062 3376 1120 3411 τε
1149 3353 1214 3412 αὖ
1257 3356 1520 3426 φθάνουσι
1550 3358 1913 3429 κατορθώμα-

346 3467 432 3503 σιν
480 3451 540 3503 τδ
577 3449 766 3521 μέλλον
804 3449 1193 3520 λαμϐάνοντες,
1237 3452 1328 3502 καὶ
1354 3448 1609 3520 περὶτῶν
1640 3450 1915 3520 ἐσομένων

342 3543 444 3596 οὑκ
474 3542 779 3605 ἀπεικότως
809 3543 946 3613 πρὸς
978 3546 1090 3605 τοῖς
1138 3543 1452 3613 εἰρημένοις
1502 3544 1717 3615 χρηστά
1757 3542 1915 3610 δοξά-

345 3633 531 3705 ζομεν.
550 3634 615 3687 Ἢ
652 3634 749 3704 μὲν
780 3634 889 3706 γάρ
908 3634 994 3687 ἐπ’
1020 3634 1297 3706 εὐπραγίᾳ
1327 3635 1480 3698 ἐλπὶς
1512 3636 1709 3707 θάρσος
1736 3635 1913 3706 φέρει,

347 3726 513 3795 φόϐον
533 3725 574 3757 ⁸⁷
608 3724 663 3778 δὲ
692 3727 724 3796 ἡ
764 3725 857 3777 ἐπὶ
892 3724 971 3793 τῷ
1014 3725 1263 3795 ἐναντίῳ.
1296 3726 1557 3796 Λογισμῷ
1599 3743 1660 3779 τε
1686 3725 1917 3795 ήγεμόνι

348 3817 486 3889 πρὸς
516 3817 614 3880 τὰς
653 3816 882 3886 πράξεις
912 3814 1206 3885 χρώμενοι,
1239 3818 1337 3879 τάς
1366 3834 1425 3868 τε
1459 3816 1615 3880 δόξας
1647 3815 1755 3868 τῶν
1782 3832 1922 3884 συμ-

350 3904 671 3976 ϐησομένων
701 3907 799 3957 οὑκ
835 3903 1214 3966 ἀϐασανίστως
1264 3902 1632 3973 προσιέμεθα,
1678 3903 1780 3955 κάν
1808 3904 1921 3965 τοῖς

351 3996 639 4066 παροῦσιν,
664 3991 750 4050 οἷα
782 3996 974 4066 ἄνδρες
994 3993 1225 4063 ἀθληταὶ
1246 3992 1505 4045 κινδύνων
1529 3991 1637 4046 τῶν
1666 3992 1921 4063 ἀρίστων,

350 4088 454 4141 οὑκ
522 4084 936 4159 ἐκπληττόμεθα
968 4088 1087 4148 ταῖς
1138 4082 1235 4137 τοῦ
1277 4083 1514 4150 πολέμου
1538 4082 1922 4155 χαλεπότησιν,

355 4180 416 4245 ἐξ
452 4172 526 4234 ὧν
561 4178 623 4232 τὸ
659 4178 1015 4249 ἐλπιζόμενον
1048 4176 1236 4247 κέρδος
1296 4176 1395 4229 οὑκ
1425 4175 1650 4239 ἀσθενὲς
1698 4177 1789 4227 καὶ
1831 4192 1928 4227 πε-

359 4273 664 4343 ριττότερον
685 4269 783 4339 τῆς
814 4266 1123 4339 ἀχθηδόνος.
1154 4268 1226 4319 Τὸ
1254 4267 1359 4338 γὰρ
1392 4266 1594 4335 πλῆθος
1639 4265 1791 4336 ὑμῶν
1822 4265 1927 4318 σώ-

1999 2010 2141 2071 mus,
2196 1995 2277 2051 liii
2307 1996 2550 2052 exercitu
2595 2002 2958 2051 trecentorum
2995 1996 3223 2052 millium
3287 1996 3568 2057 hominum

2001 2082 2069 2137 ab
2099 2093 2328 2154 utraque
2358 2092 2513 2155 parte
2537 2085 2668 2154 ripae
2697 2085 3069 2154 expositorum
3100 2096 3419 2157 pugnantes,
3448 2101 3571 2140 om—

2002 2175 2161 2229 nibus
2190 2175 2395 2229 viribus
2424 2184 2550 2229 sunt
2579 2190 2609 2229 a
2644 2178 2804 2232 nobis
2839 2175 2997 2231 deleti
3031 2184 3086 2231 et
3111 2177 3372 2245 superati.
3405 2175 3570 2243 Cujus

2003 2275 2200 2321 nostrae
2232 2266 2446 2321 virtutis
2474 2267 2621 2322 clara
2654 2267 2972 2337 ,victoribus
3002 2267 3191 2323 relicta
3233 2278 3360 2323 sunt
3387 2284 3580 2323 monu-

2005 2366 2205 2423 menta,
2244 2358 2342 2425 ιι
2375 2372 2437 2411 ex
2466 2358 2661 2427 quibus
2692 2358 3050 2413 immortalem
3086 2359 3242 2415 nobis
3265 2359 3493 2429 gloriam
3523 2368 3580 2414 et

2006 2463 2148 2502 nunc
2192 2459 2246 2502 et
2298 2449 2543 2517 sequenti
2584 2458 2826 2519 tempore
2883 2449 3196 2505 duraturam
3247 2451 3577 2519 peperimus.

2005 2537 2140 2592 Cum
2168 2538 2313 2591 enim
2350 2554 2692 2609 praepropero
2718 2541 2918 2610 impetu
2952 2542 3018 2595 ad
3057 2540 3201 2610 ripas
3237 2539 3420 2596 furore
3436 2556 3580 2611 prte-

2008 2626 2198 2698 cipites
2239 2627 2292 2682 in
2345 2630 2639 2683 certamina
2672 2629 2930 2693 ruissent,
2987 2626 3205 2685 eorum'
3230 2630 3576 2685 temerariam

2008 2728 2063 2775 et
2089 2718 2449 2773 inconsultam
2484 2718 2549 2773 ad
2572 2718 2991 2789 aggrediendum
3046 2718 3401 2787 irruptionem
3436 2718 3585 2774 cele-

2012 2811 2123 2866 rior
2165 2808 2319 2864 brevi
2359 2820 2482 2879 post
2518 2810 2833 2879 poenitentia
2862 2819 2946 2866 est
2990 2818 3302 2865 consecuta.
3342 2810 3409 2865 Et
3451 2824 3582 2867 vero

2012 2916 2109 2971 pro
2163 2900 2269 2966 his,
2300 2915 2420 2969 qua:
2478 2901 2530 2955 iu
2580 2916 2678 2955 nos
2729 2901 3028 2959 admisistis
3069 2911 3124 2957 et
3158 2901 3584 2966 commeruistis,

2014 3006 2107 3046 eas
2136 3005 2270 3061 quas
2319 2990 2494 3045 luistis
2531 3004 2718 3059 pcenas
2766 2991 2988 3044 minime
3014 2990 3267 3047 sufficere
3313 2990 3585 3061 judicavi-

2012 3096 2152 3147 mus,
2194 3081 2296 3136 nisi
2340 3096 2577 3151 quoque,
2629 3081 2854 3148 trajecto
2905 3080 3062 3144 Istro,
3094 3084 3148 3137 in
3195 3084 3390 3139 vestris
3440 3083 3584 3152 ipso-

2015 3190 2132 3229 rum
2164 3174 2362 3228 ﬁuibus
2393 3173 2527 3226 iram
2577 3184 2822 3244 nostram
2857 3172 2912 3225 in
2950 3187 3067 3237 vos,
3108 3173 3199 3241 qui
3237 3188 3334 3227 nos
3367 3174 3577 3244 priores

2015 3266 2209 3336 injuria
2237 3263 2514 3328 alfccistis,
2549 3242 2993 3331 explevissemus.
3026 3260 3234 3316 Bellum
3260 3242 3428 3328 enim,
3450 3265 3577 3318 dum

2015 3358 2192 3412 adhuc
2239 3355 2416 3411 foedus
2447 3364 2588 3421 erat,
2641 3354 2787 3408 ultro
2846 3362 2902 3409 et
2940 3368 3046 3407 non
3090 3354 3353 3409 indictum
3397 3357 3592 3409 adver-

2016 3470 2136 3511 sum
2169 3466 2268 3509 nos
2322 3452 2628 3508 excitastis.
2669 3450 2901 3517 Etcum,
2929 3451 3073 3521 quod
3132 3453 3289 3507 nobis
3322 3452 3592 3521 obiicere-

2019 3548 2111 3613 tis,
2150 3561 2256 3603 non
2291 3546 2589 3611 haberetis,
2620 3544 2745 3615 quia
2790 3544 2949 3600 vobis
2974 3543 3176 3599 nullam
3226 3543 3474 3615 injuriain
3515 3542 3596 3599 fe-

2019 3652 2287 3701 ceramus,
2328 3637 2381 3691 in
2412 3651 2536 3706 spes
2600 3645 2654 3690 et
2709 3636 3035 3705 cupiditates
3087 3637 3350 3704 quasdam
3397 3635 3591 3700 erecti,

2021 3728 2215 3796 quibus
2255 3727 2446 3796 vulgus
2485 3727 2789 3794 imperitum
2847 3726 3096 3791 eﬂ‘ertur,
3154 3727 3393 3781 exercitu
3439 3741 3593 3781 com-

2023 3826 2234 3887 parato,
2284 3831 2382 3871 nos
2432 3815 2809 3885 aggredimini.
2877 3815 3056 3881 Quare
3107 3829 3393 3885 speramus
3431 3817 3594 3870 Deum

2022 3907 2181 3962 nobis
2207 3905 2407 3960 auxilio
2434 3902 2697 3958 futurum.
2750 3902 3106 3959 Sanctitatem
3135 3904 3277 3960 enim
3330 3904 3595 3960 fcederum

2028 3999 2250 4053 minime
2280 3995 2477 4051 derisui
2508 4003 2563 4050 et
2582 3994 2816 4048 ludibrio
2847 3994 3129 4048 habemus.
3160 3992 3420 4063 Iuthungi
3459 4009 3598 4049 con-

2028 4097 2111 4144 tra
2133 4089 2314 4157 iniqua
2348 4087 2553 4141 ratione
2577 4099 2675 4139 nos
2712 4084 3056 4148 adoriuntur,
3110 4093 3165 4139 et
3214 4082 3593 4154 jusjurandum

2029 4193 2085 4238 et
2113 4192 2311 4238 caetera
2341 4178 2689 4248 quantumvis
2722 4177 2875 4231 firma
2903 4176 3027 4232 fidei
3058 4176 3272 4231 vincula
3307 4190 3404 4246 pro
3433 4177 3603 4231 nihilo

2031 4274 2253 4327 ducunt.
2292 4270 2553 4340 Equidem
2594 4283 2658 4323 ex
2695 4269 2856 4323 rebus
2877 4267 2943 4321 ad
2988 4267 3321 4322 voluntatem
3360 4276 3600 4322 nostram

359 4366 491 4436 μασί
508 4381 565 4416 τε
579 4364 781 4434 ἥκιστα
801 4362 973 4431 ἰσχύει
1003 4360 1097 4414 καὶ
1115 4362 1478 4432 φρονήμασιν.
1498 4360 1725 4430 Ἀπείλη
1736 4376 1860 4414 πται
1884 4358 1904 4391 ⁸

2030 4365 2320 4422 fluentibus
2357 4407 2371 4432 ,
2443 4364 2571 4434 quid
2619 4371 3041 4418 consecuturum
3100 4363 3171 4419 sit
3211 4364 3601 4433 cenjicientes,

358 4456 467 4525 γὰρ
503 4454 753 4507 Ῥοδανοῦ
804 4454 903 4523 μὲν
956 4454 1086 4505 εῖσω
1126 4452 1221 4505 καὶ
1268 4452 1373 4505 τῶν
1401 4453 1686 4522 ἡμετέρων
1735 4451 1929 4523 ὁρίων·

363 4554 576 4623 σπανίῳ
604 4552 656 4604 δὲ
691 4551 867 4621 ἀγορᾷ
906 4548 1262 4620 συνεχόμενον
1293 4549 1385 4603 καὶ
1406 4551 1471 4619 τῇ
1501 4548 1633 4619 ἄλλῃ
1658 4548 1932 4601 ταλαιπω-

371 4646 549 4716 ρήσει,
598 4646 711 4705 τοῖς
747 4643 1015 4710 ἀλγεινοῖς
1044 4643 1156 4704 τοῖς
1192 4640 1292 4711 μὲν
1340 4640 1442 4711 ήδη
1476 4639 1713 4706 σύνεστι,
1736 4642 1848 4702 τοῖς
1878 4639 1935 4692 δὲ

368 4741 578 4813 μέλλει.
637 4740 748 4792 Καὶ
778 4736 1061 4809 προκαμόν
1089 4737 1145 4789 ἐν
1171 4734 1248 4805 τῷ
1275 4734 1363 4788 ἀεὶ
1397 4733 1615 4805 μοχθεῖν
1643 4733 1935 4804 ἀτολμότε-

368 4848 463 4902 ρον
502 4832 651 4883 ἔσται
685 4832 777 4884 καὶ
821 4828 1056 4900 χρῆσθαι
1087 4828 1233 4898 αὑτῷ
1265 4828 1489 4898 παρέξει
1518 4828 1722 4895 ἀμαχεὶ
1746 4826 1840 4878 ὅτι
1868 4825 1935 4879 ἂν

370 4921 711 4993 βουλώμεθα,
735 4921 810 4984 ὡς
840 4921 906 4975 ἂν
930 4920 1065 4989 πρὲς
1092 4920 1190 4988 τὴν
1221 4918 1434 4988 χρόνιον
1467 4915 1747 4986 διατριϐὴν
1777 4916 1935 4967 ἀπει-

373 5011 582 5081 ρηκότι.
616 5010 780 5062 ὐοεν
832 5009 960 5080 ὑμῖν
993 5026 1050 5061 τε
1082 5008 1141 5061 τὸ
1191 5009 1299 5060 πᾶν
1323 5005 1636 5077 περιφανῶς
1664 5002 1939 5057 κινδυνεύο

368 5122 508 5172 erat,
539 5104 635 5161 καὶ
659 5106 693 5176 ή
717 5105 813 5175 τῆς
842 5104 1065 5176 εἰρήνης
1092 5102 1245 5173 ὑμῶν
1273 5101 1487 5171 αἴτησις
1520 5100 1607 5151 ἐπ’
1636 5095 1940 5167 εὐπρεπείᾳ

2040 4467 2264 4514 eventus
2299 4473 2477 4512 rerum
2508 4471 2613 4510 non
2643 4455 2845 4524 absque
2864 4455 2973 4509 veri
3002 4454 3383 4520 similitudine,
3420 4471 3485 4510 ex
3518 4456 3605 4509 bis

2041 4564 2160 4619 quae
2195 4558 2322 4602 ante
2354 4549 2496 4601 dicta
2522 4557 2666 4613 sunt,
2700 4546 2854 4601 laetos
2885 4545 3019 4611 fore,
3079 4557 3476 4613 exspectamus.
3527 4548 3599 4601 Et

2041 4640 2183 4694 enim
2235 4652 2301 4692 ex
2349 4638 2601 4692 secundis
2638 4636 2796 4692 rebus
2825 4650 2950 4707 spes
2974 4636 3222 4691 fiduciam
3258 4635 3434 4701 affert,
3476 4652 3609 4693 conv

2044 4727 2209 4784 traria
2262 4736 2440 4781 autem
2502 4726 2771 4781 timorem.
2823 4724 3110 4780 Prudentia
3164 4724 3303 4779 duce
3338 4724 3391 4778 in
3448 4725 3610 4779 rebus

2044 4818 2482 4874 administrandis
2519 4826 2750 4885 utentes,
2780 4831 2900 4887 qua:
2932 4817 3178 4871 accidere
3208 4825 3453 4885 possunt,
3474 4830 3611 4869 non-

2043 4912 2149 4966 nisi
2184 4925 2242 4965 re
2264 4910 2403 4965 bene
2450 4922 2739 4978 perpensa,
2769 4908 3025 4978 opinione
3064 4907 3427 4977 prmcipimus,
3458 4916 3513 4960 et
3552 4907 3607 4959 in

2043 5000 2331 5073 prmseutia
2382 5007 2636 5069 tanquam
2663 4998 2764 5053 viri
2823 4998 3078 5068 gravibus
3106 4997 3408 5069 quibusque
3466 4994 3613 5064 peri-

2049 5092 2185 5148 culis
2202 5092 2526 5157 exercitati,
2554 5091 2678 5147 belli
2711 5090 3118 5148 difficultatibus
3172 5104 3278 5147 non
3324 5098 3612 5152 terremur,

1651 5249 1887 5307 VARIE
1927 5247 2332 5307 LECTIONES.

448 5411 491 5443 “
522 5403 977 5477 ἀποπεποιηκὼς]
1001 5403 1259 5477 ἀπεοικὸς

367 5479 592 5551 νᾶσθαι]
643 5468 1090 5551 ἀπαλλάττεσθαι
1126 5472 1367 5551 (δυτψ-β..
1402 5468 1817 5551 ἀμύνασθαίῆ

370 5614 800 5691 προηδικήσατε
821 5617 968 5685 ἡμᾶς
999 5614 1057 5691 B_.

1448 5401 1491 5432 ³⁷
1516 5396 1742 5470 ἧσσους]
1767 5397 1963 5466 ἥττους
2000 5395 2089 5450 ed.
2137 5393 2230 5457 Β..
2271 5392 2420 5455 ῐσους
2442 5390 2592 5461 vulg.
2668 5389 2713 5421 ”
2743 5387 2848 5460 πρὸ
2874 5386 2964 5448 Ν..
3015 5384 3149 5454 πρὸς
3180 5382 3325 5452 vulg.
3402 5380 3445 5412 ”
3467 5382 3616 5461 ἀμα-

1452 5470 1714 5497 ...-.....-n...
1752 5468 1791 5497 ιι
1925 5466 1971 5497 ιο
2003 5465 2289 5497 manu..."
2327 5463 2454 5497 υιιιη
2580 5459 2625 5491 ιι
2660 5457 3175 5497 ηι...πηηηηέηυσαυ-
3219 5454 3317 5497 τὰς
3348 5448 3616 5497 Valesms-

373 5479 592 5551 νᾶσθαι]
643 5463 1082 5533 ἀπαλλάττεσθαι
1126 5463 1273 5542 conj.
1309 5472 1367 5528 Β.
1402 5463 1817 5541 ἀμύνασθαιίῐ.
1925 5466 1971 5497 ⁸ο
2003 5465 2289 5536 βλέψοντες
2327 5463 2488 5549 vulg.“
2580 5463 2625 5491 δι
2660 5475 2918 5546 (ξυμπαρα

373 5548 917 5611 συμπαραθύσαντάς
955 5544 1115 5599 codd.
1186 5544 1231 5573 δ’
1281 5542 1602 5611 Ἀλαμανῶν
1648 5540 1741 5611 N3,
1792 5537 2103 5611 γαλμιόνων
2147 5534 2309 5588 codd.
2371 5533 2431 5611 _"
2463 5530 2639 5611 ην
2670 5546 2744 5581 ων
2774 5530 2918 5611 vulg.

450 5567 917 5620 μπαραυυσαντας
955 5567 1115 5599 (ιυυα.
1191 5567 1231 5573 "
1296 5567 1602 5611 Λυκαμανων
1651 5567 1741 5603 ιν,
1802 5567 2100 5619 ῐαΛμιΥνυμν
2147 5567 2309 5588 ιυυιιο

450 5621 782 5681 οηδικὴσατε
821 5617 968 5681 ἡμᾶς
999 5614 1057 5667 Β.
1162 5612 1208 5644 ⁸⁵
1234 5612 1654 5681 ἀποπλήσαιμεν
1691 5610 2266 5681 Νηᾷὰποπλευσαιμεν
2297 5602 2443 5681 vulg.

2580 5459 2625 5491 δι
2660 5448 3176 5529 συμπαραθέουσαν.
3219 5448 3317 5514 τάξ
3348 5448 3617 5514 Valesius,

2580 5530 2639 5591 ι..
2670 5523 2744 5581 ῶν
2775 5530 2918 5591 vulg.
3014 5526 3061 5557 “
3085 5526 3161 5585 ὡς
3202 5538 3301 5591 πρ.
3340 5520 3507 5591 ὑμᾶς]
3542 5514 3617 5572 ὧν

3085 5526 3161 5576 ὡς
3202 5538 3301 5576 πο.
3340 5523 3506 5576 ὑμᾶςῖ
3542 5523 3621 5572 ὼν

2558 5538 2639 5595 IL,
2670 5538 2744 5581 ὼν
2775 5538 2918 5597 vulg.
3014 5538 3061 5557 "
3085 5538 3161 5585 ως
3202 5538 3301 5594 πρ.
3340 5538 3507 5591 υμας]
3542 5538 3621 5572 ων

2544 5602 2591 5633 ⁸⁸
2623 5598 3096 5669 προαδικήσαντας
3128 5592 3217 5661 11.,
3249 5593 3622 5664 προαδικήσαν

375 5669 1059 5761 Qﬁt'gimﬁeatSoi'ct'eq»
1087 5684 1313 5753 ἐναντίῳ
1348 5669 1624 5752 Β.,’φόϐὀυ
1651 5689 1703 5735 et
1732 5677 1824 5733 τοῦ
1852 5676 2095 5732 ἐναντίου
2126 5669 2269 5743 vulg.
2344 5669 2743 5740 δ”ὲπείληπται
2776 5669 2919 5739 vulg.
