4010 6210
472 290 585 359 θῗιτ
1652 277 2054 343 EXCERPTA
2091 274 2139 339 E
2181 275 2515 340 DEXIPPO
3617 271 3728 337 653

484 408 683 477 quibus
747 416 853 458 non
906 398 1043 454 levia
1093 393 1399 459 commoda,
1439 392 1532 449 sed
1582 392 1863 449 laboribus
1898 392 2055 463 longe

2163 390 2250 447 τοῦ
2304 390 2469 459 φόϐου
2516 387 2822 457 σύγκειται,
2879 385 3027 448 ὅπως
3081 384 3149 439 ἂν
3196 382 3258 438 τδ
3301 383 3562 454 σφέτερον
3609 385 3731 448 δέος

477 474 687 567 majora
740 496 1140 560 comparantur.
1190 485 1322 540 Nam
1352 485 1541 556 vulgus
1577 495 1819 539 vestrum
1873 496 2050 552 neque

2163 479 2590 551 ὲπηλυγάζησθε.
2618 480 2722 531 Ἦν
2737 477 2790 530 τί
2809 477 2891 530 δεῖ
2915 474 3237 547 προσίεσθαι
3261 475 3327 544 "_,
3346 474 3526 538 καλῶς
3546 475 3731 548 ὑπάρ-

479 562 726 655 corporis
770 593 940 650 neque
971 576 1137 632 animi
1186 576 1395 631 viribus
1434 575 1624 646 pollet.
1661 573 1853 628 lnclusi
1902 571 2048 628 enim

2163 588 2243 642 [ον
2284 569 2622 640 πανταχόθεν
2652 564 3091 622 ἀποκλεισθεῖσιν
3118 564 3250 634 ὑμῖν
3288 563 3389 633 τῆς
3416 562 3599 616 οἶκαδε
3636 580 3737 616 πο-

476 650 624 730 inter
659 672 976 726 Rhodanum
1024 678 1081 725 et
1124 676 1346 723 nostros
1385 666 1518 722 ﬁnes
1552 666 1934 720 alimentorum
1966 674 2052 731 pc-

2163 661 2305 730 ρείας
2317 661 2410 714 καὶ
2430 654 2542 712 οἷον
2569 659 2702 712 εἴσω
2727 656 2914 710 πυλῶν
2944 654 3375 725 ἀπειλημμένοις
3407 653 3643 724 χρῆσθαι
3670 650 3735 708 εὖ

478 764 637 820 nuria
666 762 893 831 aliisque
939 756 1300 815 incommodis
1348 758 1623 824 laborans,
1669 753 1855 809 multis
1892 750 2051 807 malis

2163 770 2208 806 τε
2247 753 2362 825 καὶ.
2386 752 2486 822 μὴ,
2518 751 2666 813 ὅπως
2703 748 2769 831 ᾂν
2799 748 3015 818 ἔχωμεν
3057 746 3195 817 πρὸς
3226 746 3369 816 ὑμᾶς
3399 745 3674 809 διανοίᾱςς
3709 763 3729 795 ι

479 855 586 910 hoc
637 854 757 923 ipso
788 828 1031 921 tempore
1076 848 1364 918 premitur,
1415 848 1536 903 aliis
1579 862 1703 902 mox
1748 853 2045 916 premetur.

2165 842 2293 896 Ἐπὶ
2321 840 2531 904 τούτοις
2563 828 2836 909 λεχθεῖσιν
2864 838 2928 891 ἐκ
2956 835 3051 890 τοῦ
3080 834 3344 906 βασιλέως
3383 834 3740 903 κατεπλάγηο

480 945 737 1000 Fractum
788 951 845 998 et
904 942 1266 1007 debilitatum,
1300 940 1427 1009 quia
1488 940 1609 994 sine
1646 936 2051 993 intermissione

2163 934 2256 989 σάν
2300 951 2362 987 τε
2404 931 2773 1001 Ἰουθοῦγγοιδ
2826 930 2922 984 καὶ
2970 928 3046 992 ὡς
3093 926 3250 981 οὐδὲν
3299 926 3486 989 αὐτοῖς
3512 926 3654 977 κατὰ
3687 923 3739 956 ⁸⁸

478 1038 720 1101 laborat,
750 1036 927 1089 minus
952 1033 1114 1087 audet
1145 1041 1200 1086 et
1225 1031 1468 1086 timidius
1489 1037 1590 1085 est.
1622 1028 1805 1097 Itaque
1840 1027 2054 1081 diutura-

2163 1024 2257 1087 τὰς
2311 1022 2528 1084 ἐλπίδας
2579 1021 2919 1089 ἐπράττετο,
2983 1015 3268 1078 παντελῶς
3322 1015 3435 1068 τῶν
3490 1014 3741 1067 σπονδῶν

480 1128 654 1183 nioris
670 1134 789 1181 tum
810 1124 979 1180 studii
999 1132 1117 1177 tum
1137 1106 1322 1192 operae
1336 1121 1577 1176 nescium
1608 1133 1730 1173 sese
1758 1116 1912 1172 nobis
1937 1116 2055 1171 sine

2163 1113 2466 1183 ἀπογνώσει
2495 1112 2740 1183 ἐχόμενοι
2763 1109 2914 1181 παρὰ
2944 1108 3075 1172 τοὺς
3110 1106 3407 1178 σφετέρους
3438 1105 3746 1176 ἀπεχώρη-

482 1219 679 1289 prmlio
715 1217 971 1287 praabebit
993 1191 1237 1285 paratum
1256 1213 1460 1279 subire,
1482 1209 1741 1281 quidquid
1764 1208 1830 1263 de
1863 1220 1926 1262 eo
1947 1214 2053 1261 stae-
2078 1191 2083 1197 ’
2159 1220 2279 1261 σαν.

487 1324 639 1368 tuere
684 1311 1015 1366 voluerimus
1054 1328 1073 1364 λε
1117 1325 1183 1365 ex
1221 1322 1328 1378 quo
1380 1321 1568 1362 omnes
1626 1311 1823 1359 vestra:
1861 1316 1949 1357 res
1999 1302 2055 1356 in
2096 1308 2341 1372 apertum
2377 1300 2668 1357 discrimen
2703 1301 3061 1357 adducuntur.
3110 1290 3246 1356 Tota
3318 1308 3498 1356 autem
3554 1290 3736 1355 vestra

480 1406 636 1474 pacis
673 1404 858 1473 petitio
887 1401 1020 1456 nihil
1052 1409 1136 1455 est
1170 1399 1270 1454 nisi
1326 1399 1582 1454 decorum
1635 1394 1844 1450 timoris
1894 1402 2234 1462 praetextum,
2314 1408 2427 1463 quo
2485 1401 2689 1448 metum
2758 1402 2998 1448 vestrum
3052 1400 3233 1462 tegere
3284 1393 3501 1463 cupitis.
3560 1393 3735 1460 Quam

488 1510 587 1548 cur
615 1495 946 1566 accipiamus
967 1533 983 1559 ,
1021 1492 1149 1546 data
1181 1491 1340 1546 nobis
1373 1488 1660 1546 occasione
1696 1500 1794 1541 vos
1828 1486 2063 1553 undique
2096 1485 2163 1539 ab
2193 1483 2368 1539 reditu
2393 1484 2643 1539 exclusos
2698 1493 2752 1538 et
2780 1484 2940 1554 quasi
3009 1484 3152 1539 intra
3196 1483 3431 1539 claustra
3468 1484 3736 1539 coercitos

488 1586 599 1654 ,12
639 1590 773 1641 bene
802 1596 896 1640 aut
945 1584 1083 1638 male
1129 1582 1381 1646 habendi,
1433 1590 1705 1648 utcunque
1750 1576 1904 1632 nobis
1956 1590 2054 1646 pro
2092 1576 2257 1630 animi
2292 1576 2465 1630 nostri
2494 1588 2623 1645 erga
2678 1590 2776 1631 vos
2811 1574 3008 1631 all‘ectu
3076 1574 3395 1631 videbitur?
3429 1594 3449 1628 ι
3503 1575 3600 1630 llis
3665 1574 3737 1629 ab

487 1680 818 1748 imperatore
840 1678 1017 1741 dictis,
1074 1674 1331 1744 Juthungi
1359 1674 1513 1728 valde
1578 1681 1704 1728 sunt
1741 1670 2092 1736 consternati,
2133 1684 2365 1739 cumque
2405 1670 2625 1726 minime
2675 1670 2970 1741 negotium,
3040 1678 3101 1724 ut
3148 1678 3519 1739 speraverant,
3549 1669 3738 1730 conte-

482 1774 708 1835 cisscnt,
737 1773 828 1826 sed
848 1771 1073 1825 'onmino
1107 1768 1329 1823 fcedcris
1359 1765 1622 1835 repulsam
1674 1763 1951 1826 tulissent,
1986 1760 2052 1813 ad
2094 1775 2189 1815 sua
2217 1760 2515 1815 redierunt.

554 1866 614 1920 2.
657 1864 745 1933 (Α.
772 1864 839 1918 C.
868 1863 998 1928 ττι,
1026 1861 1211 1916 Aurel.
1243 1860 1287 1914 Ι.
1329 1860 1409 1929 2.)
1434 1858 1549 1913 Sub
1572 1856 1861 1911 Aureliano
1913 1852 2064 1910 Van-

2242 1851 2311 1921 β’.
2344 1851 2466 1906 Ὀτι
2492 1852 2583 1906 ἐπὶ
2608 1852 2947 1925 Αὐρηλιανοῦ
2991 1854 3039 1907 οί
3073 1850 3332 1925 Βανδῆλοι
3363 1852 3504 1908 κατὰ
3534 1852 3741 1926 κράτος

488 1955 596 2011 dali
626 1969 656 2009 a
694 1952 957 2008 Romanis
988 1950 1106 2004 acie
1141 1949 1378 2019 superati
1417 1954 1564 2001 sunt.
1614 1945 1802 2013 Itaque
1831 1942 2057 2011 legatio-

486 2060 613 2102 nem
645 2046 714 2101 ad
750 2045 1023 2099 Romanos
1059 2043 1437 2105 decreverunt,
1471 2050 1591 2108 quze
1647 2038 1713 2091 de
1747 2034 1886 2090 bello
1910 2033 2059 2103 paci-

488 2138 744 2192 ﬁcatione
795 2132 1029 2187 ﬁniendo
1079 2138 1284 2200 ageret.
1333 2126 1402 2181 Et
1435 2141 1556 2182 cum
1595 2124 1766 2180 multa
1810 2125 1953 2178 inter
2002 2136 2061 2176 se

490 2229 787 2297 imperator
818 2232 882 2277 et
929 2220 1147 2276 barbari
1189 2216 1573 2273 disseruissent
1623 2254 1639 2279 ,

487 2315 847 2387 colloquium.
891 2310 1157 2392 Postridie
1181 2308 1470 2366 multitudo
1497 2306 1728 2361 militum
1785 2304 2059 2358 Romanod-

489 2423 611 2464 rum
640 2420 833 2462 rursus
885 2403 1156 2468 convenit,
1193 2411 1396 2457 etcum
1430 2413 1523 2454 eos
1551 2399 1844 2467 imperator
1890 2394 2061 2448 inter-

489 2506 759 2569 rogasset,
806 2494 932 2565 quid
958 2494 1065 2546 illis
1113 2492 1372 2562 optimum
1417 2502 1539 2543 esse
1578 2486 1888 2547 videretur,
1936 2495 2057 2535 cum

488 2595 790 2647 statuerent
812 2593 1140 2658 praesentem
1170 2580 1588 2654 prosperitatem
1613 2574 1750 2629 tueri
1773 2582 1828 2628 et
1852 2586 2059 2639 rerum,

488 2683 687 2752 quibus
742 2679 1088 2750 potiebantur
1119 2714 1135 2740 ,
1181 2670 1426 2728 fruitioni
1482 2665 1714 2737 prospici
1765 2670 2057 2733 oportere,

491 2786 644 2828 suam
684 2770 750 2824 de
789 2784 852 2822 ea
884 2782 943 2821 re.
976 2765 1304 2819 voluntatem
1340 2772 1474 2814 voce
1519 2756 1964 2827 signiticavc-sunt
2007 2761 2064 2807 et

489 2861 728 2917 universi
771 2860 824 2914 in
873 2855 1197 2913 sententiam
1254 2850 1472 2906 ﬁniendi
1511 2848 1637 2903 belli
1674 2847 1907 2902 iverunt.
1969 2844 2062 2898 Sic

491 2956 661 3026 igitur
734 2952 877 3007 inter
938 2949 1060 3003 illos
1113 2944 1390 3002 convenit.
1426 2941 1639 3014 _ltaque
1694 2937 2061 2994 Barbarorum

490 3060 646 3116 reges
695 3051 750 3099 et
801 3040 1073 3113 principes
1120 3042 1412 3101 venerunt,
1465 3040 1604 3090 etut
1634 3030 1739 3086 illis
1769 3037 1887 3086 erat
1928 3043 2065 3099 prae-

489 3146 727 3207 ceptum,
753 3151 818 3190 ex
866 3134 979 3189 suis
1017 3131 1238 3187 obsides
1292 3128 1384 3199 qui
1432 3141 1536 3182 non
1571 3126 1627 3181 in
1658 3123 1911 3181 secundis
1941 3136 2066 3192 par-

490 3202 632 3283 tibus
673 3226 900 3281 l‘ortuna:
952 3235 1008 3280 et
1072 3222 1350 3295 dignitatis
1388 3220 1694 3284 ,haanebant,
1750 3217 2013 3272 dederunt
2045 3230 2060 3281 ;
2089 3202 2136 3263 Ο

490 3330 718 3388 uterque
762 3318 903 3373 enim
945 3332 1038 3370 rex
1082 3323 1153 3369 et
1196 3312 1426 3384 proximi
1463 3311 1729 3380 dignitate
1776 3321 1883 3362 una
1938 3321 2060 3360 cum

487 3412 622 3481 ipsis
643 3411 759 3465 sine
800 3424 949 3463 mora
985 3407 1124 3461 ﬁlios
1179 3420 1306 3460 suos
1339 3418 1437 3471 pro
1485 3402 1771 3456 obsidibus
1825 3397 2063 3453 tradide-

488 3509 636 3555 runt.
671 3498 766 3551 llis
801 3496 1009 3565 legibus
1042 3494 1110 3548 ad
1148 3502 1302 3562 pacta
1332 3501 1389 3546 et
1436 3492 1819 3544 conventiones
1846 3495 2063 3543 ventum

488 3599 596 3654 est,
635 3597 693 3642 et
739 3586 941 3641 fmdera
996 3578 1127 3639 sunt
1156 3584 1324 3637 inita:
1372 3580 1594 3636 Vandali
1645 3577 1908 3633 Romanis
1958 3578 2064 3632 duo

493 3677 642 3732 mille
660 3676 873 3746 equites
898 3674 1218 3731 auxiliarios
1255 3686 1321 3727 ex
1360 3671 1565 3727 {taedere
1620 3668 2063 3739 suppeditabant,

490 3784 721 3842 quorum
749 3767 993 3824 nonnulli
1022 3781 1090 3822 ex
1114 3773 1223 3820 tota
1257 3762 1530 3820 exercitus
1578 3760 1928 3816 multitudine
1964 3759 2064 3815 de-

490 3864 612 3919 lecti
664 3862 811 3919 etin
864 3860 989 3916 belli
1044 3859 1362 3915 societatem
1411 3854 1657 3926 ascripti,
1708 3853 1799 3908 alii
1844 3862 2067 3924 sponta-

490 3970 648 4010 neam
700 3954 946 4009 militiam
994 3950 1287 4007 subeuntes
1336 3948 1555 4005 nomina
1595 3946 1882 4001 dederunt.
1917 3942 2064 3998 Reli-

488 4062 631 4118 quos
656 4044 1019 4100 Vandalorum
1077 4041 1392 4106 exercitus,
1446 4038 1629 4095 salvus
1680 4046 1735 4093 et
1780 4034 2067 4091 incolumis

489 4146 861 4203 conservatus,
916 4135 1284 4190 Romanorum
1350 4132 1679 4200 imperatore
1708 4129 1829 4183 vita:
1870 4141 2064 4182 neces-

490 4233 633 4286 saria
666 4243 835 4300 usque
857 4227 924 4283 ad
975 4226 1170 4282 Istrum
1208 4225 1276 4279 iis
1306 4224 1597 4294 praebente,
1630 4222 1848 4274 domum
1882 4220 2062 4275 rediit.

489 4325 597 4378 Sed
655 4323 967 4391 quicunque
999 4318 1067 4372 ab
1106 4316 1347 4373 exercitu
1378 4314 1590 4368 violatis
1614 4312 1931 4377 foederibus,
1993 4311 2062 4365 ad

487 4412 838 4486 prmdandum
875 4421 929 4467 et
983 4409 1202 4480 rapinas
1245 4405 1521 4461 faciendas
1575 4404 1790 4473 longius
1821 4415 2067 4459 excesse-

2159 1940 2486 2011 ἡττηθέντες
2532 1943 2683 2014 παρὰ
2726 1936 3017 2013 Ῥωμαίων
3076 1944 3371 2023 πρεσϐείαν
3409 1942 3743 2014 ἐποιήσαντο

2161 2030 2299 2101 πρὸς
2331 2025 2663 2102 Ῥωμαίους
2697 2033 2828 2104 περὶ
2858 2032 3155 2097 διαλύσεως
3188 2030 3427 2104 πολέμου
3478 2029 3573 2088 καὶ
3602 2052 3743 2105 συμ-

2160 2124 2394 2190 ϐάσεως.
2454 2125 2564 2178 Καὶ
2607 2126 2777 2180 πολλὰ
2809 2125 3124 2196 ἀναμεταξὺ
3168 2125 3433 2180 εἰπόντων
3468 2123 3742 2197 ἀλλήλων,

1696 2212 1930 2269 solutum
1977 2218 2061 2266 est

2163 2216 2252 2269 τοῦ
2279 2229 2341 2270 τε
2375 2215 2640 2286 βασιλέως
2689 2217 2784 2270 καὶ
2812 2216 2922 2270 τῶν
2974 2216 3284 2288 βαρϐάρων,
3310 2210 3530 2288 διελύθη
3572 2220 3673 2287 μὲν
3713 2220 3742 2269 ό

2163 2307 2437 2377 σύλλογος,
2466 2310 2531 2379 τῇ
2556 2308 2615 2361 δὲ
2641 2302 2903 2380 ὑστεραία
2926 2308 2988 2361 τό
3016 2326 3074 2362 τε
3101 2308 3307 2380 πλῆθος
3328 2309 3434 2362 τῶν
3449 2308 3739 2378 Ῥωμαίων

2163 2399 2512 2471 στρατιωτῶν
2533 2399 2688 2463 αὖθις
2713 2394 3006 2471 ἡθροίσθη,
3030 2392 3124 2453 καὶ
3157 2399 3419 2469 ἐρομένου
3451 2394 3737 2467 βασιλέως,

2161 2493 2188 2547 ὃ
2222 2491 2275 2545 τί
2316 2509 2471 2561 σφισι
2514 2492 2642 2563 περὶ
2674 2488 2782 2546 τῶν
2817 2492 3103 2563 παρόντων
3131 2491 3269 2561 λῷον
3297 2491 3342 2523 ⁸⁸
3375 2485 3514 2543 εἶναι
3568 2489 3739 2553 δοκεῖ,

2162 2583 2438 2654 κρίνοντες
2469 2583 2569 2654 τὴν
2595 2582 2850 2654 εὐτυχίαν
2878 2583 2979 2653 τὴν
3019 2582 3376 2653 ὑπάρχουσαν
3424 2580 3740 2652 προμηθείᾳ

2161 2678 2260 2747 τῆς
2290 2676 2430 2748 ὑπὲρ
2464 2675 2786 2729 τῶνόντων
2842 2675 3143 2744 ἀσφαλείας
3191 2672 3584 2738 διασώσασθαι,
3642 2673 3740 2725 καὶ

2163 2765 2262 2841 βοῇ
2292 2768 2353 2822 τὸ
2394 2768 2721 2840 βουλόμενον
2771 2768 3158 2839 σημαίνοντες,
3189 2766 3508 2838 σύμπαντες
3550 2768 3608 2830 ἐς
3641 2766 3739 2835 τὴν

2163 2861 2461 2916 κατάλυσιν
2492 2861 2585 2913 τοῦ
2611 2859 2856 2930 πολέμου
2882 2858 3191 2930 ἐχώρησαν.
3224 2858 3333 2913 Καὶ
3354 2856 3462 2910 οἶδε
3512 2859 3609 2928 μὲν
3636 2851 3738 2911 ὧδε

2165 2952 2577 3024 συνηνέχθησαν
2616 2952 2813 3025 γνώμῃ
2832 2968 2846 2983 ο
2878 2953 2927 3004 oi
2957 2952 3013 3004 δὲ
3036 2942 3142 3005 τῶν
3173 2946 3473 3021 Βαρϐάρων
3498 2949 3742 3021 βασιλεῖς

2164 3047 2261 3099 καὶ
2311 3045 2594 3117 ἄρχοντες,
2625 3046 2851 3115 ἥκοντες
2879 3044 3069 3097 καθότι
3108 3043 3260 3111 σφίσι
3315 3042 3741 3114 προειρημένον,

2162 3135 2352 3193 ἔδοσαν
2374 3139 2616 3210 ὁμήρους
2636 3137 2784 3207 σφῶν
2801 3136 3003 3197 αὐτῶν,
3025 3135 3085 3189 ού
3113 3135 3181 3189 τὰ
3207 3132 3436 3206 δεύτερα
3465 3134 3741 3202 ἀξιώσεως

2165 3230 2261 3283 καὶ
2287 3228 2474 3301 τύχης.
2512 3229 2580 3282 Oi
2616 3246 2675 3283 τε
2709 3228 2816 3298 γὰρ
2837 3226 3076 3299 βασιλεῖς
3114 3224 3240 3292 τοὺς
3265 3225 3459 3291 παῖδας
3490 3229 3742 3298 ἑκάτεροι

2166 3318 2402 3373 διδόασιν
2433 3320 2491 3383 ἐς
2528 3318 2626 3390 τὴν
2657 3318 2942 3389 ὁμηρείαν,
2971 3318 3341 3382 ἐνδοιάσαντες
3372 3319 3419 3351 ⁵¹
3444 3319 3615 3385 οὐδὲν,
3647 3321 3744 3372 καὶ

2148 3405 2344 3477 ,ἕτεροι
2391 3407 2508 3475 ἅμα
2549 3407 2734 3471 αὐτοῖς
2767 3408 2827 3459 ού
2866 3407 3011 3478 μάλα
3045 3405 3236 3478 πόρῤω
3281 3405 3581 3473 ἀξιώσεως.
3633 3410 3745 3463 Καὶ

2168 3499 2260 3551 ἐπί
2313 3497 2524 3561 τούτοις
2586 3498 2874 3569 ἐχώρησαν
2922 3515 2982 3551 τε
3048 3500 3186 3567 πρὸς
3214 3498 3503 3569 σύμϐασιν,
3548 3500 3643 3553 καὶ
3685 3501 3743 3552 αί

2169 3590 2392 3644 σπονδαὶ
2436 3590 2705 3657 ἐγένοντο.
2737 3592 3085 3661 Συνεμάχουν
3135 3588 3193 3644 δέ
3230 3590 3339 3644 ἀπὸ
3394 3589 3558 3661 τῆσδε
3602 3592 3738 3645 Ῥω-

2166 3680 2350 3749 μαίοις
2372 3680 2417 3712 ⁵³
2446 3680 2729 3753 Βανδήλων
2757 3683 2942 3747 ἱππεῖς
2971 3685 3052 3745 είς
3077 3682 3390 3753 δισχιλίους,
3410 3684 3459 3735 oi.
3484 3682 3583 3753 μέν
3597 3700 3744 3746 τινες

2167 3773 2373 3842 αἱρετοὶ
2402 3774 2467 3826 ἐκ
2513 3771 2607 3826 τοῦ
2636 3772 2874 3843 πλήθους
2928 3775 2986 3838 ἐς
3014 3774 3113 3845 τὴν
3148 3773 3470 3845 συμμαχίαν
3509 3773 3743 3827 καταλε-

2166 3866 2407 3936 χθέντες,
2438 3866 2485 3918 οἱ
2511 3865 2567 3918 δὲ
2602 3863 2697 3918 καὶ
2724 3864 2995 3929 ἐθέλοντες
3024 3864 3271 3919 ἑκούσιον
3304 3866 3564 3936 στρατιὰν
3608 3866 3744 3918 ὐπο-

2164 3959 2498 4030 δυὸμενοιδθ.
2544 3956 2603 4012 '0
2637 3958 2693 4012 δὲ
2719 3957 2905 4021 λοιπὸς
2935 3956 3222 4029 Βανδὴλων
3255 3957 3442 4029 ὅμιλος
3475 3956 3562 4011 ἐπ’
3589 3958 3743 4009 οἴκου

2167 4049 2472 4120 ἐκομίζετο,
2502 4048 2837 4121 παρέχοντος
2877 4048 2973 4102 τοῦ
3006 4048 3295 4118 Ῥωμαίων
3322 4047 3582 4119 ἄρχοντος
3609 4048 3742 4115 ἁγο-

2171 4140 2270 4212 ρὰν
2301 4142 2424 4193 ἐστε
2453 4142 2547 4194 ἐπὶ
2574 4141 2665 4193 τὸν
2699 4140 2933 4209 Ἴστρον.
2985 4140 3097 4193 Καὶ
3129 4142 3191 4192 τὸ
3226 4139 3323 4209 μὲν
3367 4139 3613 4192 πλεῖστον
3646 4140 3745 4191 αὑ-

2165 4234 2261 4285 τοῦ
2296 4232 2503 4295 ἀπαθὲς
2528 4231 2760 4302 διεσώθη
2783 4247 2796 4262 ·
2834 4232 2949 4285 ὅσοι
2982 4231 3040 4285 δὲ
3091 4232 3407 4303 παραϐάσει
3439 4231 3547 4284 τῶν
3572 4248 3740 4284 σπον·

2165 4323 2272 4377 δῶν
2314 4324 2406 4377 ἐπὶ
2466 4322 2614 4386 λείας
2650 4322 2914 4394 συλλογὴν
2942 4316 3193 4392 ἀφθόνως
3226 4322 3739 4394 ἀπεσκεδασθησαν,

2166 4413 2511 4487 ἀνῃρέθησαν
2542 4414 2858 4484 σύμπαντες
2891 4414 2998 4467 ὑπὸ
3019 4414 3113 4468 τοῦ
3150 4414 3420 4486 ἡγεμόνος
3444 4414 3554 4468 τῶν
3602 4415 3744 4478 ξενι-

493 4514 636 4568 rnnt,
658 4517 849 4560 omnes
878 4516 911 4556 a
932 4500 1070 4557 duce
1097 4506 1403 4554 exterarum
1442 4495 1719 4566 cupiarum
1758 4496 1939 4563 (erant
1962 4508 2060 4546 au-

2168 4506 2280 4561 κῶν
2302 4506 2697 4578 στρατοπέδων,
2720 4506 2780 4559 ού
2816 4505 3001 4577 μείους
3026 4507 3312 4577 γενόμενοι
3345 4506 3739 4559 πεντακοσίων.

491 4604 597 4648 tem
627 4610 730 4649 non
770 4594 951 4649 minus
1004 4606 1167 4662 quam
1208 4588 1508 4660 quingenti)
1556 4595 1682 4641 sunt
1731 4585 1856 4641 caesi
1889 4595 1944 4639 et
1971 4600 2062 4655 pe-

2167 4594 2269 4654 Οἷα
2296 4601 2341 4634 ⁵⁵
2369 4556 2500 4671 Γγόιρ
2548 4600 2614 4671 δὴ
2655 4556 2744 4654 δῖε
2774 4556 2957 4669 φίλίας
3124 4556 3307 4671 χῶρας

492 4686 707 4754 rempti.
748 4683 813 4737 lli
844 4685 987 4739 enim
1027 4681 1207 4753 specie
1233 4679 1505 4745 amicitiae,
1538 4678 1730 4733 ﬁducia
1762 4677 1908 4749 pacis
1937 4691 2061 4733 cum

2168 4690 2262 4744 καὶ
2295 4690 2484 4761 θάρσει
2515 4691 2617 4761 τῆς
2647 4691 2947 4762 γενομένης
2984 4690 3120 4761 πρὸς
3160 4690 3465 4759 Ῥωμαίους
3520 4691 3743 4761 εἰρήνης

491 4775 750 4828 Romanis
776 4773 934 4829 facta)
978 4774 1128 4839 elati,
1168 4771 1315 4829 nullo
1336 4779 1552 4827 servato
1585 4770 1794 4835 ordine,
1824 4770 1980 4825 venia
2030 4785 2060 4825 a

2165 4778 2517 4849 ἐπαρθέντες,
2547 4779 2647 4849 τῆς
2678 4778 2862 4848 πάσης
2891 4777 3098 4842 τάξεως
3137 4776 3556 4848 προεξαίροντες
3596 4775 3742 4828 κατᾶ

490 4883 588 4920 suo
609 4865 749 4921 duce
782 4867 1096 4937 impetrata,
1149 4865 1204 4921 in
1239 4864 1548 4933 repentinas
1590 4863 1850 4933 quasdam
1881 4862 2064 4917 incur-

2168 4887 2320 4933 τινας
2344 4870 2645 4940 αἰφνιδίους
2666 4867 2970 4939 ἐπιδρομὰς
3016 4866 3387 4938 προσέϐαλλον
3414 4864 3607 4937 γνώμῃ
3641 4863 3740 4918 τοῦ

490 4960 674 5014 siones
700 4968 995 5028 eruperant
1036 4966 1092 5012 et
1130 4971 1233 5011 non
1262 4970 1434 5027 pauca
1466 4956 1742 5025 regionum
1773 4955 1909 5021 loca,
1955 4968 2059 5023 qua

2163 4963 2444 5034 ἄρχοντος,
2493 4963 2585 5014 καὶ
2613 4961 2713 5014 οὐκ
2759 4960 2917 5029 ὀλίγα
2961 4960 3064 5029 τῆς
3114 4959 3301 5029 χώρας
3337 4957 3738 5029 ἐκακούργουν.

490 5053 594 5106 iter
653 5052 973 5118 habuerant,
1004 5057 1348 5106 vastaverant
1397 5056 1453 5104 et
1488 5047 1697 5104 damnis
1725 5046 2057 5118 ,aﬁecerant.

2163 5056 2273 5109 Καὶ
2302 5054 2362 5108 τὸ
2395 5054 2560 5125 ἐργδν
2590 5053 2745 5107 τοῦτο
2763 5054 2852 5106 τὸν
2892 5053 3268 5124 ἐργασάμενον
3298 5050 3557 5122 παρὰ“τῷ
3586 5050 3740 5120 βασι-

488 5142 559 5197 Αι
603 5143 710 5210 ille,
756 5144 848 5214 qui
877 5152 1085 5198 tantum
1118 5142 1328 5197 facinus
1378 5140 1616 5207 admisit,
1646 5150 1731 5195 est
1770 5142 1838 5196 ab
1872 5152 2059 5193 eorum

2163 5145 2247 5198 λεί
2281 5144 2767 5214 κατατοξευθῆναι.
2803 5144 2867 5197 Οἱ
2890 5144 2945 5197 δέ
2986 5144 3167 5197 λοιποὶ
3195 5142 3481 5212 Βανδήλων
3528 5143 3739 5195 διεσκε-

490 5252 615 5309 rcge
632 5237 833 5305 iaculis
859 5236 1160 5293 confectus.
1185 5234 1401 5304 Reliqui
1430 5233 1796 5290 Vandalorum
1822 5230 2061 5302 separati

2163 5238 2438 5309 δάσθησαν
2491 5238 2585 5292 καὶ
2612 5237 2989 5308 ἀπενόστησαν
3036 5237 3125 5288 ἐπ’
3156 5236 3326 5291 οίκου.
3381 5235 3644 5296 Βασιλεὺς
3681 5232 3739 5285 δὲ

489 5332 679 5387 domos
732 5343 860 5385 suas
911 5330 1266 5400 repetierunt.
1298 5326 1665 5383 Romanorum
1718 5320 1847 5381 vero
1887 5325 2059 5395 impe-

2174 5332 2463 5400 Ῥωμαίων
2488 5330 2587 5401 τὴν
2618 5330 2880 5401 πλείστην
2922 5328 3209 5400 δυνάμεως
3234 5330 3334 5396 τῆς
3366 5327 3599 5397 πεζικῆς
3638 5324 3739 5378 καὶ

1768 5441 2000 5499 νΑιιιλΕ
2036 5443 2432 5500 LECTIONES.

561 5542 606 5613 ’τ’
629 5542 694 5611 ἢν
728 5541 781 5594 τί
820 5542 902 5596 δεῖ
940 5541 1260 5613 προσίεσθαι
1305 5540 1390 5608 B.,
1436 5541 1502 5613 ἣν
1539 5538 1701 5613 τιψδὴ
1736 5536 2226 5613 προσίεσθεμτυις..
2281 5538 2350 5613 ’⁸ο
2382 5537 2530 5613 κατὰ
2552 5537 2678 5592 add.
2802 5537 2890 5613 __"
2924 5536 3161 5613 misul!”
3190 5536 3336 5589 λαῶν
3361 5532 3508 5613 vulg.
3654 5531 3741 5613 ἐγ-

489 5596 957 5734 ᾕιάσέῖτεςινυιε.
987 5596 997 5613 ’
1033 5616 1077 5648 ⁸³
1129 5596 1420 5683 Ῥωμαίοίς
1459 5596 1549 5676 ιι,
1590 5596 1877 5679 Ῥωμαίων
1916 5609 2076 5664 codd.
2165 5596 2235 5639 v“
2274 5606 2624 5678 ὑποδυόμενοι
2666 5609 2753 5664 ed.
2802 5608 2895 5675 B.,
2939 5596 3297 5678 ἀποδυόμενοι
3337 5596 3498 5659 codd.
3572 5601 3618 5633 ”
3645 5596 3735 5653 οἷα

537 5720 579 5744 .,
628 5700 653 5733 ο
715 5697 855 5752 \ug.
