4056 6210
442 291 446 296 ‘
473 270 571 334 651

445 519 447 522 ι
479 474 875 544 excogitarent.
909 471 1043 524 Cum
1074 465 1346 536 supplices
1372 474 1595 517 orarent
1624 472 1676 517 et
1706 478 1832 517 eum
1901 461 2055 517 obte-

467 575 782 627 starentur,
825 569 881 614 ut
912 559 1088 628 palam
1125 557 1354 620 faceret,
1411 569 1549 624 quos
1585 553 1746 609 vellet
1798 572 1810 606 :
1861 553 2057 606 iterum

478 671 600 711 cum
637 654 722 708 his
751 665 1005 707 sermone
1033 649 1414 720 congrediens,
1452 650 1691 717 ipsorum
1726 647 1868 716 regis
1891 647 2057 700 ﬁlium

475 748 634 818 petit,
667 759 827 814 quem
856 743 1128 812 captivum
1161 741 1214 795 in
1238 756 1333 796 sua
1370 750 1640 810 potestate
1671 739 1922 798 habebat,
1959 737 2060 789 ﬁn-

475 853 608 910 gens
640 847 894 906 tanquam
942 851 1052 889 non
1110 835 1355 889 haberet.
1384 833 1466 888 Ad
1527 847 1647 900 quae
1696 830 2058 884 Barliaroru‘m

477 945 575 985 rex
605 939 656 984 et
682 929 928 992 Barbari,
953 928 1019 980 ad
1052 927 1215 996 pedes
1238 927 1505 996 jacentcs,
1530 923 1655 978 lletu
1693 923 1842 992 largo
1868 932 1922 976 et
1957 920 2062 990 16

475 1023 680 1094 ejulatu
711 1022 816 1085 usi,
847 1020 1096 1090 precibus
1127 1019 1544 1082 contenderunt,
1580 1030 1644 1069 ne
1687 1015 1815 1082 quid
1881 1013 2055 1079 impe-

479 1125 650 1179 raret,
703 1116 845 1182 quod
886 1124 1148 1181 praesmre
1188 1109 1500 1178 nequirent.
1523 1106 1634 1161 Nec
1662 1106 1806 1160 enim
1828 1119 1886 1160 se
1905 1118 2060 1174 posse

477 1224 596 1270 eos,
625 1209 717 1276 qui
754 1206 1064 1276 periissem,
1107 1205 1346 1257 invitam
1388 1215 1670 1262 revocare,
1693 1210 1746 1253 et
1793 1213 1908 1262 eos,
1969 1197 2059 1265 qui

478 1300 680 1353 mortui
718 1304 924 1359 essent,
960 1295 1176 1347 obsides
1204 1294 1353 1346 dare.
1390 1290 1616 1345 Silentio
1650 1289 1812 1352 facto,
1855 1286 2063 1338 Barba-

480 1406 665 1446 t'orum
697 1403 784 1442 rex
823 1402 954 1442 voce
984 1401 1142 1455 quam
1177 1385 1411 1438 maxima
1449 1383 1626 1452 potuit
1676 1379 2009 1434 exclamavit
2039 1394 2056 1430 :

483 1501 502 1532 σ
543 1479 758 1536 Utinam
790 1479 994 1532 viveret
1029 1477 1171 1530 ﬁlius
1195 1488 1368 1536 meus,
1389 1483 1446 1527 ut
1477 1472 1570 1526 tibi
1604 1467 1838 1524 traditus
1868 1465 2055 1532 obses,

479 1588 512 1625 ο
549 1573 758 1637 Caesar,
805 1569 1102 1623 feliciorem
1132 1581 1296 1636 regno
1326 1579 1446 1619 meo
1474 1563 1612 1630 apud
1649 1570 1702 1616 te
1740 1559 2059 1615 servitutem

479 1667 728 1720 serviret.
762 1661 867 1716 Sed
909 1662 1014 1714 tuis
1041 1659 1210 1712 arntis
1249 1656 1469 1719 cecidit,
1499 1655 1744 1724 .l‘ortasse
1801 1652 1969 1707 etiam
2027 1665 2056 1704 ε

477 1757 632 1811 vobis
667 1770 770 1808 non
793 1753 1063 1822 cognitus.
1095 1749 1227 1803 Belli
1271 1748 1415 1802 enim
1449 1745 1706 1816 periculis
1738 1755 1896 1798 suum
1929 1756 2056 1798 cor-
2091 1734 2132 1788 Β

476 1865 577 1918 pus
627 1847 839 1919 juvenis
885 1844 1106 1914 objccit,
1167 1857 1328 1912 quem
1370 1841 1620 1896 idoneum
1673 1836 1821 1907 pacis
1863 1835 2056 1889 vadem

476 1955 669 1996 censes
695 1948 751 1992 et
782 1947 835 1990 ιιι
869 1951 1011 1989 nunc
1035 1948 1182 1995 eum,
1205 1947 1237 1986 o
1265 1933 1578 1999 imperator,
1603 1937 1861 1996 tanquam
1891 1927 2052 1990 vivat,

477 2029 747 2099 exposcis.
793 2025 904 2094 Ego
927 2037 1058 2077 vero
1094 2023 1258 2074 miser
1315 2033 1457 2073 nunc
1490 2019 1728 2088 primum
1771 2016 2058 2071 lamentari

478 2121 702 2189 incipio,
735 2113 1172 2188 quandoquidem
1194 2110 1408 2180 qualem
1450 2123 1556 2163 non
1610 2109 1861 2170 habeant,
1916 2121 2059 2160 nunc

479 2215 698 2266 demum
728 2206 990 2273 intelligo.
1023 2202 1215 2256 Filium
1259 2200 1402 2255 enim
1455 2199 1674 2254 unicum
1726 2198 1938 2268 lugens,
2005 2205 2060 2250 et

479 2317 670 2372 pacem
700 2311 1044 2354 communem
1078 2309 1185 2347 una
1227 2307 1350 2346 cum
1377 2291 1484 2344 ﬁlio
1519 2289 1752 2360 perdidi.
1796 2290 1852 2342 Si
1910 2301 2059 2341 meas

479 2394 729 2448 miserias
759 2399 935 2445 tantas
960 2401 1103 2452 esse,
1164 2393 1378 2452 quanta:
1428 2392 1573 2446 sunt,
1620 2380 1939 2444 credideris,
2005 2377 2058 2432 id

473 2483 877 2541 consolationis
902 2479 1118 2534 habebit
1158 2477 1337 2540 dolor,
1369 2475 1511 2545 quod
1530 2486 1628 2542 pro
1674 2471 1919 2527 omnium
1979 2485 2058 2525 sa-

481 2581 595 2634 lute
627 2579 772 2632 hunc
799 2589 984 2630 casum
1015 2569 1278 2628 subierim
1307 2585 1320 2622 :
1352 2568 1434 2622 sin
1465 2565 1627 2620 ﬁdem
1661 2563 1968 2631 abmgaris,
2004 2570 2062 2617 et

479 2681 635 2740 pater
660 2668 872 2732 infelix,
905 2675 960 2720 et
1020 2678 1116 2717 rex
1143 2658 1472 2728 conspiciar.
1532 2655 1670 2709 Nam
1727 2670 1837 2709 non
1883 2655 2056 2709 solum

475 2762 605 2817 aliis
645 2776 765 2814 mea
801 2757 939 2811 mala
987 2751 1516 2808 commiserationem
1566 2763 1676 2804 non
1742 2748 2055 2809 movebunt,

483 2867 604 2922 qua:
654 2849 908 2906 omnibus
932 2846 1158 2900 debetur
1187 2841 1449 2912 ejusmodi
1496 2839 1775 2895 doloribus
1805 2838 2057 2906 alﬁictis;

483 2941 579 2998 sed
635 2939 894 2995 accedent
953 2937 1118 2992 etiam
1173 2933 1400 3004 publica:
1449 2929 1829 2985 calamitates:
1881 2943 2059 2997 neque

479 3043 706 3090 caeteros
744 3047 774 3086 a
832 3029 1068 3086 miseriis
1121 3026 1428 3090 defendam,
1494 3022 1588 3079 sed
1643 3022 2058 3076 communicabo

483 3142 630 3182 meas
656 3140 779 3180 cum
831 3123 1034 3188 multis,
1074 3121 1126 3176 in
1178 3119 1282 3174 hoc
1319 3125 1533 3173 tantum
1584 3113 1732 3185 regia
1797 3123 2061 3184 potestate

477 3220 668 3277 fruens
689 3220 830 3290 quod
861 3217 991 3271 mihi
1015 3215 1111 3269 soli
1140 3229 1246 3268 non
1272 3213 1397 3268 licet
1421 3208 1690 3264 infelicem
1724 3222 1864 3262 esse.
1893 3225 1912 3257 ι
1937 3205 2064 3262 [Iac

479 3315 572 3371 ubi
608 3315 909 3384 imperator
932 3311 1164 3375 audivit,
1193 3307 1335 3376 apud
1377 3305 1618 3359 animum
1655 3319 1812 3358 suum
1847 3317 2062 3356 summo

481 3421 714 3462 tnmrore
739 3416 821 3460 est
843 3403 1158 3465 aﬁ'ectus,et
1179 3414 1388 3461 eorum,
1416 3411 1535 3464 quae
1558 3395 1698 3449 dicta
1721 3405 1899 3456 erant,
1919 3407 2064 3445 com-

482 3497 833 3554 miseratione
881 3502 1112 3562 punctus
1140 3500 1325 3544 tenere
1370 3485 1746 3556 illacrymavit.
1779 3485 1842 3537 Et
1876 3499 2065 3553 quem-

480 3589 772 3644 admodum
837 3586 890 3638 in
947 3581 1256 3646 comoediis,
1315 3579 1532 3649 quando
1582 3591 1668 3632 res
1703 3576 1959 3630 involutae
2012 3584 2068 3629 et

484 3677 774 3748 perplexae,
821 3674 888 3728 ad
929 3672 1178 3742 ambigua
1210 3679 1265 3724 et
1319 3666 1592 3737 explicatu
1653 3664 1896 3720 difﬁcilia
1943 3679 2065 3719 ver-

483 3779 640 3842 gunt,
687 3768 822 3822 deus
849 3765 938 3834 qui
969 3771 1192 3818 vocatur
1212 3777 1277 3816 ex
1324 3759 1574 3814 machina
1610 3759 1662 3812 in
1692 3759 1924 3813 medium
1959 3766 2068 3812 tra-

486 3865 656 3928 hitur,
689 3863 777 3930 qui
821 3857 1004 3914 omnia
1043 3855 1329 3925 componit
1349 3861 1407 3908 et
1440 3851 1618 3906 tristia
1649 3851 1787 3906 laetis
1842 3859 2017 3905 mutat
2049 3867 2063 3904 :

485 3959 558 4010 ita
589 3955 859 4018 Julianus,
903 3951 990 4006 ubi
1048 3949 1223 4006 resin
1259 3962 1451 4019 magna
1505 3945 1820 4002 diﬁicultate
1874 3959 2065 4000 versa-

485 4053 707 4112 bantur,
769 4061 892 4102 cum
949 4057 1139 4098 omnes
1205 4057 1328 4097 cum
1378 4039 1508 4093 ﬂetu
1549 4053 1732 4109 pacem
1794 4046 2064 4107 peterent,

484 4157 664 4210 neque
688 4139 954 4200 obsidem,
987 4151 1145 4204 quem
1182 4142 1411 4202 peteret,
1451 4146 1511 4186 se
1549 4130 1755 4184 habere
1784 4138 2061 4184 testaren-

487 4245 574 4286 tur
599 4271 614 4296 ,
648 4229 702 4284 in
750 4229 988 4283 medium
1034 4223 1437 4279 adolescentem
1473 4213 1770 4275 adductum
1817 4220 2062 4273 omnium

487 4321 805 4393 conspectui
859 4329 1022 4388 atque
1053 4315 1226 4372 oculis
1275 4312 1526 4382 subjecit,
1595 4313 1741 4381 regie
1804 4311 1945 4380 apud
2007 4324 2066 4363 se

1438 259 1834 321 EXCERPTA
1875 257 1976 318 EX
2015 257 2351 320 EUNAPIO
2389 259 2778 322 SARDIANO

476 399 564 440 res
584 380 880 453 postulare,
907 380 1011 434 nisi
1055 377 1182 446 quid
1229 375 1334 428 doli
1391 374 1442 426 in
1491 387 1622 442 pace
1674 371 2048 427 convenienda
2081 378 2124 434 Α
2154 373 2341 426 λαϐεῖν
2377 390 2389 404 ·

3643 261 3748 326 652

2459 373 2578 427 νυνὶ
2606 373 2664 426 δὲ
2690 373 2873 444 ζητεῖν
2905 371 3036 444 παρ’
3069 371 3253 425 αὐτῶν
3286 373 3410 436 τοὺς
3459 371 3745 444 ἀρεστους,

2159 468 2206 518 εἰ
2241 467 2316 537 μὴ
2345 462 2662 535 τεχνάζουσι
2689 468 2816 536 περί
2838 465 2937 534 τὴν
2960 466 3207 536 εἰρήνην.
3232 464 3352 518 Τῶν
3385 464 3442 518 δὲ
3471 465 3748 520 ἱκετευόν-

2157 573 2266 608 των
2318 558 2408 608 καὶ
2441 554 2736 620 ἀξιούντων
2791 558 2967 608 εἰπεῖν
2996 555 3089 618 οὒς
3113 555 3385 624 βούλεται,
3422 557 3749 626 μεταλαϐὼν

2158 645 2318 712 αὖθις
2341 649 2432 702 τὸν
2461 648 2555 701 τοῦ
2579 647 2841 718 βασιλέως
2875 648 3054 700 αὐτῶν
3087 649 3320 702 αἰτεῖται
3356 651 3544 714 παῖδα,
3578 651 3749 703 πλατο

2157 741 2402 810 τόμενος,
2469 741 2529 794 ὃν
2582 739 2729 812 εἶχεν
2764 739 3136 810 αἰχμάλωτον,
3171 739 3363 811 ὥσπερ
3429 742 3530 794 οὐκ
3583 742 3746 810 ἔχων.

2172 834 2436 888 Ἐνταῦθα
2465 835 2492 887 ὃ
2513 852 2570 887 τε
2602 835 2853 904 βασιλεὺς
2887 833 3068 886 αὐτῶν
3102 833 3196 886 καὶ
3221 833 3268 885 οἰ
3299 831 3573 903 Βάρϐαροι
3606 849 3751 901 πρηο

2161 925 2275 986 νεῖς
2307 923 2655 987 ἐκταθέντες,
2710 924 2926 992 οἰμωγῇ
2965 940 3022 974 τε
3060 921 3278 990 ἀφθόνῳ
3319 921 3415 975 καί
3452 921 3750 992 ὀλοφύρσει

2161 1016 2624 1087 προσέκέχρηντο,
2694 1015 2944 1085 δεόμενοι
3011 1014 3180 1085 μηδὲν
3233 1015 3494 1068 ἀδύνατον
3523 1016 3750 1069 ἐπιτάτ-

2159 1108 2348 1162 τεσθαι
2369 1126 2382 1140 ⁸
2422 1110 2684 1162 ἀδύνατον
2711 1109 2768 1162 δὲ
2810 1109 2993 1172 αὐτοῖς
3024 1104 3163 1161 εἶναι
3195 1109 3290 1162 καὶ
3317 1109 3441 1172 τοὺς
3477 1110 3749 1172 πεσόντας

2161 1202 2464 1272 ἀναστῆσαι
2499 1202 2593 1254 καὶ
2617 1200 2860 1270 ὁμήρους
2897 1199 3076 1253 δοῦναι
3117 1201 3244 1263 τοὺς
3267 1199 3744 1267 τετελευτηκότας.

2161 1293 2465 1363 Γενομένης
2493 1294 2549 1346 δὲ
2593 1294 2827 1362 σιωπῆς,
2875 1293 2906 1344 6
2961 1292 3070 1344 τῶν
3133 1291 3436 1362 Βαρϐάρων
3491 1291 3748 1360 βασιλεὺς

2163 1385 2476 1456 ἀναϐοήσας
2535 1387 2790 1456 μέγιστον
2841 1387 2986 1449 ὅσον,
3033 1404 3052 1436 ι
3089 1384 3217 1437 Εῖοε
3283 1384 3378 1452 ἔζη
3418 1401 3529 1452 μοι,
3558 1384 3685 1454 ἔφη,
3714 1385 3744 1436 6

2162 1480 2314 1542 παῖς,
2369 1478 2458 1532 ἵνα
2489 1494 2570 1531 σοι
2595 1477 2770 1541 δοθεὶς
2819 1479 3047 1548 ὅμηρος,
3101 1471 3147 1530 ὧ
3205 1478 3444 1546 Καῖσαρ,
3492 1475 3741 1530 δουλείαν

2141 1566 2387 1640 ,ηὐτύχει
2425 1570 2523 1639 τῆς
2549 1569 2688 1640 ἐμῆς
2715 1568 2992 1638 βασιλείας
3045 1566 3561 1640 εὐδαιμονεστέραν.
3595 1566 3737 1620 Ἀλλ’

2163 1660 2267 1712 ὑπὸ
2297 1660 2389 1714 σοῦ
2417 1660 2701 1732 τέθνηκεν,
2734 1661 3016 1730 ἀτυχήσας
3031 1656 3177 1722 ’ἴσως
3224 1659 3316 1711 καὶ
3349 1659 3409 1711 τὸ
3462 1658 3737 1727 ἀγνοηθῆ-

2162 1769 2267 1805 ναι.
2305 1751 2533 1822 Πολέμῳ
2570 1751 2680 1822 γὰρ
2713 1751 3001 1803 ἐπίστευσε
3032 1751 3093 1802 τὸ
3155 1749 3314 1820 σῶμα
3372 1749 3487 1812 νέος
3551 1750 3648 1813 ῶν,
3679 1750 3738 1802 δν

2164 1844 2228 1897 σὺ
2267 1844 2428 1912 μόνον
2472 1841 2721 1906 ἀντάξιον
2748 1843 2973 1912 εἰρήνης
3002 1841 3426 1911 ὑπολαμϐάνεις.
3483 1841 3594 1894 Καὶ
3619 1841 3736 1902 νῦν,

2161 1930 2206 1990 ὧ
2243 1935 2486 2006 βασιλεῦ,
2545 1936 2611 1988 σὺ
2654 1934 2754 2005 μὲν
2785 1934 3016 1998 ὲξαιτεῖς
3045 1934 3121 1997 ὠς
3167 1934 3318 1998 ὄντα,
3375 1932 3486 2000 ἐγὼ
3534 1933 3578 1985 δ’
3634 1933 3736 2003 ἀρ-

2164 2045 2332 2098 χομαι
2383 2026 2622 2098 ορηνεῖν,
2665 2026 2906 2094 συνορῶν
2945 2026 3067 2082 τίνα
3094 2026 3196 2080 οὐκ
3223 2024 3354 2097 ἔχω.
3397 2025 3570 2080 Παῖδα
3629 2027 3739 2096 γάρ

2159 2119 2485 2190 ὀδυρόμενος
2508 2117 2624 2183 ἕνα,
2664 2119 2761 2170 καὶ
2792 2117 2974 2188 κοινὴν
3027 2117 3251 2187 εἰρήνην
3305 2118 3381 2186 τῷ
3406 2117 3560 2170 παιδὶ
3614 2133 3738 2169 συν-

2162 2209 2502 2264 απολώλεκα.
2546 2208 2672 2262 Κᾶν
2705 2208 2804 2279 μὲν
2839 2207 3138 2280 πιστεύσῃς
3199 2211 3310 2270 τοῖς
3339 2208 3492 2278 έμοῖς
3536 2208 3741 2277 ἀτυχήι

2165 2319 2320 2373 μασι,
2379 2300 2735 2373 παραμυθίαν
2809 2299 2922 2370 ἔχει
2985 2317 3076 2370 μοι
3126 2300 3188 2354 τδ
3241 2300 3410 2364 πάθος
3467 2301 3544 2363 ὡς
3598 2301 3737 2370 ὑπὲρ

2159 2393 2417 2448 ἀπάντων
2446 2391 2743 2461 ἠτυχηκότι
2775 2408 2790 2424 ·
2825 2391 2891 2444 ἂν
2939 2390 2994 2443 δὲ
3025 2391 3357 2461 ἀπιστήσῃς,
3395 2390 3490 2444 καὶ
3553 2391 3736 2459 πατὴρ

2162 2483 2368 2554 ἀτυχὴς
2415 2484 2509 2536 καὶ
2536 2482 2792 2551 βασιλεὺς
2841 2481 3172 2551 ὀφθήσομαι.
3232 2481 3356 2546 Τοῖς
3417 2480 3525 2551 γὰρ
3586 2481 3738 2550 ἐμοῖς

2161 2573 2350 2634 κακοῖς
2401 2571 2503 2623 ούκ
2538 2569 2897 2640 ἀκολουθήσει
2935 2570 3032 2639 μὲν
3103 2572 3131 2623 6
3207 2569 3359 2641 παρὰ
3402 2571 3512 2623 τῶν
3564 2571 3738 2624 ἄλλων

2163 2663 2332 2726 ἕλεος,
2377 2662 2551 2732 ὅσπερ
2603 2661 2806 2714 ἀπασιν
2835 2661 3110 2729 ὀφείλεται
3139 2665 3251 2723 τοῖς
3313 2663 3371 2714 έν
3422 2662 3634 2725 τούτοις
3689 2663 3734 2694 "

2163 2754 2549 2823 καθεστηκόσι,
2597 2754 3016 2825 προσκείσονται
3046 2755 3102 2806 δὲ
3133 2755 3188 2807 αἰ
3223 2754 3397 2807 κοιναὶ
3435 2754 3734 2823 συμφοραί.

2163 2846 2271 2900 Καὶ
2304 2845 2366 2897 ού
2405 2847 2822 2916 παραιτήσομαι
2870 2845 2994 2909 τοὺς
3027 2845 3218 2908 ἄλλους
3246 2847 3481 2917 ἀτυχιῶν
3504 2847 3571 2909 ⁸⁸,
3606 2847 3738 2900 ἀλλά

2163 2937 2443 2989 κοινωνεῖν
2479 2933 2603 3004 ἐμοὶ
2633 2934 2742 2986 τῶν
2771 2933 2958 2986 δεινῶν
3006 2933 3306 3002 ἀναγκάσω
3373 2935 3441 3000 ⁸⁸,
3487 2935 3738 2988 τοσοῦτον

2164 3029 2453 3085 ἀπολαύων
2501 3029 2599 3098 τῆς
2672 3026 2956 3098 βασιλικῆς
3011 3025 3260 3092 ὲξουσίας
3329 3029 3453 3081 ὅσον
3521 3031 3737 3100 ἀτυχεῖν

2169 3120 2328 3191 μόνος
2361 3123 2436 3191 μὴ
2474 3119 3026 3173 δύνασθαι.›Τούτων
3056 3119 3319 3174 ἀκούωνό
3352 3120 3606 3191 βασιλεὺς
3637 3123 3736 3194 τήν

2164 3227 2224 3264 τε
2249 3209 2424 3282 ψυχὴν
2452 3211 2644 3276 ἔπαθε,
2685 3211 2778 3264 καὶ
2838 3215 2952 3276 τοῖς
3011 3213 3330 3282 λεγομένοις
3376 3215 3634 3280 εὐπιθῶς
3688 3217 3734 3248 ⁸⁸

2166 3303 2518 3374 ἐξεδάκρυσε.
2556 3305 2666 3356 Καὶ
2696 3303 2951 3374 καθάπερ
3004 3306 3062 3357 ἐν
3107 3308 3223 3368 τοῖς
3285 3306 3578 3377 δράμασιν,
3615 3309 3742 3361 ὅταν

2164 3395 2245 3457 εἰς
2275 3394 2479 3464 ἄπορον
2507 3396 2600 3447 καὶ
2621 3393 2881 3448 δύσλυτον
2903 3396 2960 3448 αἰ
2989 3396 3097 3448 τῶν
3137 3397 3516 3468 ὑποκειμένων
3560 3399 3739 3470 ἔργων

2165 3484 2363 3540 πλοκαὶ
2409 3486 2827 3557 τελευτήσωσιν,
2859 3491 2886 3541 6
2935 3489 3271 3560 καλούμενος
3323 3493 3431 3546 ἀπὸ
3489 3495 3744 3564 μηχανῆς

2167 3575 2287 3641 θεὸς
2319 3578 2614 3642 έπεισόδιος
2647 3580 2728 3643 εἰς
2782 3580 2947 3651 μέσον
2975 3581 3212 3650 ἕλκεται,
3238 3585 3413 3639 πάντα
3443 3589 3746 3657 συμπεραί-

2166 3683 2272 3720 νων
2304 3668 2397 3721 καὶ
2438 3674 2838 3741 καταστρέφων
2865 3673 2958 3726 ἰπὶ
2987 3673 3047 3727 τὺ
3071 3675 3403 3744 σαφέστερον
3431 3677 3524 3730 καὶ
3558 3677 3746 3750 εῡκριο

2165 3774 2259 3811 τον
2295 3773 2308 3788 °
2335 3757 2476 3812 οὕτω
2508 3761 2604 3812 καὶ
2630 3761 2792 3824 αὐτὸς
2845 3761 2937 3816 ἐπὶ
2967 3762 3286 3833 πράγμασιν
3315 3765 3619 3834 ἀμηχάνοις
3651 3766 3748 3819 καὶ

2165 3849 2487 3919 δυσεξόδοις,
2519 3853 2638 3923 μετ’
2671 3853 2920 3926 οἰμωγῆς
2949 3857 3206 3912 ἁπάντων
3244 3859 3290 3891 ⁸³
3323 3865 3422 3930 τὴν
3456 3861 3556 3931 μὲν
3589 3862 3746 3934 εἰρή-

2167 3961 2267 4013 νην
2326 3945 2644 4013 αἰτούντων,
2690 3948 2782 4002 τὸν
2809 3948 2867 4000 δὲ
2928 3948 3360 4021 ἐπιζητούμενον
3391 3953 3600 4022 ὅμηρον
3638 3957 3746 4006 ἁπ-

2175 4039 2552 4108 αγορευόντων
2576 4039 2650 4108 μὴ
2689 4038 2859 4108 ἔχειν,
2891 4041 2982 4094 τόν
3003 4057 3060 4094 τε
3091 4044 3372 4095 νεανίσκον
3406 4043 3749 4114 παραγαγὼν

2169 4127 2373 4182 ἅπασιν
2402 4128 2571 4193 ἔδειξε
2603 4128 2898 4199 βασιλικῶς
2963 4133 3093 4204 παρ’
3143 4133 3311 4187 αὐτοῦ
3363 4134 3745 4204 διαιτώμενον,

2170 4219 2265 4272 καὶ
2301 4219 2649 4290 διαλεχθῆναι
2676 4219 2754 4290 τῷ
2795 4223 2962 4289 πατρὶ
3005 4223 3268 4286 κελεύσας
3315 4223 3418 4277 ὅσα
3471 4223 3747 4286 ἰϐούλετο,

2171 4311 2533 4382 περιεσκόπει
2578 4311 2638 4364 τὸ
2672 4311 3146 4384 πραχθησόμενον.
3216 4315 3297 4369 ’ΐά
3318 4314 3375 4368 δὲ
3414 4316 3506 4367 ἐπὶ
3533 4314 3749 4378 τούτοις

487 4419 798 4468 educatum.
830 4410 1076 4480 Cumque
1104 4424 1228 4462 eum
1249 4407 1518 4462 disserere
1556 4419 1676 4458 cum
1737 4412 1893 4473 patre
1943 4417 2062 4472 quze

2165 4397 2234 4474 ἦν
2267 4403 2394 4470 ἄξια
2425 4403 2650 4459 τούτων.
2685 4406 2797 4458 Ούκ
2837 4406 3024 4459 ἔτεκεν
3064 4409 3092 4459 6
3121 4407 3272 4476 ἥλιος
3303 4408 3562 4476 τοιαύτην
3608 4408 3747 4478 ήμέ-

488 4498 986 4568 volebatjussisset,
1011 4495 1078 4550 ad
1120 4507 1204 4560 ea,
1234 4509 1354 4564 quae
1387 4493 1640 4560 deinceps
1679 4490 1886 4560 agenda
1912 4500 2069 4544 erant

489 4594 744 4648 advertit.
794 4592 924 4659 Qua:
949 4598 1080 4644 sunt
1106 4597 1422 4651 censecuta,
1455 4586 1539 4640 his
1570 4594 1933 4640 consentanea
1955 4581 2071 4638 fue-

491 4697 642 4740 runt.
668 4681 784 4737 Non
818 4682 1041 4753 protulit
1068 4681 1149 4736 sol
1200 4681 1339 4735 diem
1381 4678 1558 4748 qualis
1599 4677 1688 4731 illa
1733 4676 1855 4741 fuit,
1909 4689 2068 4745 quam

495 4791 622 4833 tunc
651 4777 835 4833 videre
868 4786 922 4831 et
952 4775 1150 4830 intueri
1188 4774 1293 4838 his,
1331 4772 1422 4842 qui
1458 4772 1706 4836 aderant,
1736 4768 1914 4824 licuit.
1946 4767 2071 4821 Bar-

491 4872 606 4926 bari
639 4870 784 4926 enim
815 4885 845 4923 a
867 4884 1100 4924 maerore
1150 4875 1204 4920 et
1234 4864 1480 4920 lamentis
1511 4872 1729 4932 stupore
1753 4869 1806 4917 et
1833 4861 2070 4915 adrnira-

497 4965 641 5020 tione
675 4963 916 5033 correpti
955 4960 1262 5016 immobiles
1289 4971 1345 5013 et
1383 4958 1473 5012 ﬁxi
1505 4964 1794 5021 steterunt,
1812 4965 2067 5022 tanquam

490 5055 742 5110 Julianus
798 5054 904 5108 illis
948 5052 1286 5107 exhibuisset
1343 5064 1448 5104 non
1495 5044 1918 5110 adolescentem,
1975 5043 2066 5097 sed

494 5148 688 5202 falsam
736 5147 1026 5216 imaginem
1050 5142 1428 5200 adolescentis.
1477 5142 1548 5195 At
1607 5141 1921 5208 imperator,
1977 5137 2064 5190 ubi

495 5233 768 5287 silentium
792 5233 974 5296 altius,
1004 5246 1162 5302 quam
1192 5233 1242 5285 in
1268 5230 1541 5300 mysteriis
1590 5227 1828 5290 solitum,
1865 5225 2067 5280 factum

498 5331 640 5392 erat,
670 5327 908 5395 graviter
937 5323 990 5377 itt
1025 5325 1205 5379 medio
1252 5323 1519 5391 loquens:
1563 5317 1663 5387 1']
1703 5335 1722 5368 ι
1754 5315 1906 5370 llunc
1941 5317 2064 5386 qui-

2177 4508 2296 4562 ραν,
2326 4493 2448 4545 οἷαν
2478 4494 2600 4547 τότε
2637 4493 2766 4563 ἐξῆν
2802 4498 2915 4558 τοῖς
2974 4497 3244 4567 παροῦσιν
3287 4499 3420 4568 ὁρᾷν
3469 4498 3564 4551 καὶ
3597 4500 3743 4550 ἱστο-

2175 4587 2309 4654 ρεῖν.
2352 4585 2416 4638 Οἰ
2451 4586 2550 4654 μὲν
2571 4587 2681 4654 γάρ
2715 4586 2823 4640 ἀπὸ
2848 4587 3078 4656 θορύϐου
3119 4591 3212 4642 καὶ
3245 4589 3455 4660 θρήνων
3486 4588 3748 4660 ἐκπλήξει

2175 4677 2272 4728 καὶ
2302 4674 2501 4745 θάμϐει
2533 4676 2876 4741 συνδεθέντες
2907 4681 2963 4742 ὲς
3023 4680 3084 4730 τὸ
3121 4681 3379 4748 ἀκίνητον
3435 4683 3745 4750 έπάγησαν,

2175 4765 2364 4836 ῶσπερ
2409 4765 2698 4821 Ἰουλιανοῦ
2730 4767 3003 4832 δείξαντος
3045 4770 3088 4800 ⁸³
3135 4771 3319 4834 αὐτοῖς
3356 4770 3418 4823 ού
3468 4770 3560 4822 τὸν
3620 4786 3748 4822 νεα-

2175 4859 2381 4925 νίσκον,
2413 4861 2529 4913 ἀλλ’
2564 4860 2805 4914 εἴδωλον.
2873 4861 2932 4913 Ὀ
2958 4861 3014 4914 δὲ
3047 4861 3324 4932 βασιλεὺς,
3371 4862 3495 4914 ἐπεὶ
3547 4863 3750 4932 ἡσυχία

2176 4952 2495 5020 μυστηρίων
2545 4951 2802 5004 ἀπάντων
2870 4951 3088 5020 ἐγένετο
3155 4952 3561 5024 σταθερωτέρα,
3611 4952 3748 5024 βαρὺ

2172 5040 2549 5112 φθεγξάμενος
2581 5045 2660 5105 εἰς
2691 5043 2880 5112 μέσον,
2917 5061 2935 5094 ι
2965 5043 3186 5106 Τοῦτον,
3216 5042 3392 5110 εἶπεν,
3427 5047 3456 5098 6
3480 5029 3587 5114 pb;
3620 5046 3752 5114 ὑμέ-
3803 5104 3806 5107 ,

2171 5151 2350 5204 τερος,
2383 5135 2458 5199 ὠς
2491 5137 2649 5206 ὑμεῖς
2677 5135 3109 5206 ὑπολαμϐάνετε,
3145 5137 3382 5207 πόλεμος
3413 5136 3750 5202 ἀπολώλεκε,

2172 5229 2302 5294 Θεὸς
2323 5230 2380 5283 δὲ
2427 5231 2555 5293 ἰσως
2607 5229 2702 5283 καὶ
2762 5231 2825 5283 τὸ
2877 5231 3164 5301 Ῥωμαίων
3222 5233 3428 5285 σέσωκε
3471 5231 3517 5264 ⁸³
3558 5232 3752 5300 φιλάνο

2173 5319 2410 5391 θρωπον.
2447 5322 2595 5386 ’Έξω
2623 5322 2678 5374 δὲ
2703 5323 2866 5376 αὑτὸν
2912 5324 3143 5394 ὅμηρον,
3181 5325 3244 5378 οὐ
3278 5323 3410 5396 παρ’
3445 5322 3604 5393 ὑμῶν
3631 5321 3752 5376 καθ’

1807 5424 2044 5482 νΔίἰΙιΕ
2080 5427 2485 5484 LEC'IIUNES.

565 5558 610 5590 "'
643 5555 903 5618 τοιούτοις
934 5555 1078 5624 conj.
1104 5552 1170 5608 Ν.
1245 5548 1441 5624 "frob;
1464 5545 1656 5624 ᾶξλους
1683 5543 1920 5624 ἀῖυχιῷγ
2072 5548 2182 5608 τοῖς
2209 5545 2391 5624 ᾁλλρις
2414 5547 2630 5624 ἀτιζχῶν
2661 5547 2815 5624 niis.
2841 5620 2863 5624 _
2913 5549 2961 5582 ”
2985 5552 3280 5622 ἀναγκάσω
3317 5551 3408 5615 Ν..
3440 5551 3751 5620 ἀναγκάσαι

500 5625 645 5689 vtlg.
719 5628 762 5657 ⁸ο
796 5615 1055 5690 εὐπαθῶξ
1076 5621 1349 5685 Catttocl.,
1379 5615 1607 5690 ἀπαθῶς
1641 5616 1784 5690 Vulg-

500 5687 753 5759 ata-linus,
797 5687 1080 5768 πεξξαντος
1113 5694 1261 5758 cud.,
1295 5688 1612 5758 πορίζοντος
1645 5687 1788 5755 “1‘3-

1865 5614 1910 5693 ξξ
1938 5617 2212 5693 ἁπάντων
2226 5614 2611 5693 Βοξεξοηειίυε,
2649 5614 2906 5676 ἀπαντῶν
2935 5623 3082 5693 vulg.

1867 5685 1910 5718 “
1939 5687 2142 5740 σέσωκε
2176 5686 2259 5754 8.,
2291 5686 2489 5741 δέδωκε
2516 5689 2661 5762 vulg.

3172 5623 3218 5656 ⁸³
3251 5624 3526 5691 δείξαντος
3592 5626 3752 5676 L'om-
