4010 6210
285 500 314 508 σν

351 309 462 372 ·653

1161 302 1255 363 DE
1291 301 1861 362 LEGATIONIBUS
1895 299 2248 362 GENTIUM
2291 299 2386 360 Al)
2427 297 2805 366 ROMANOS.

2476 167 2490 193 Ι

3502 305 3606 370 654

359 419 673 491 ὁμολογίαν,
704 417 838 471 ἀλλὰ
888 415 1038 486 παρὰ
1071 414 1165 466 τοῦ
1214 413 1452 482 πολέμου
1487 412 1666 464 λαϐὼν
1711 411 1804 464 καὶ
1860 411 1936 480 τῷ

2041 416 2181 475 dem,
2219 416 2408 484 inquit,
2459 425 2515 468 nt
2559 432 2652 471 vos
2708 417 3052 480 existimatis,
3108 425 3344 471 vestrum
3403 418 3605 475 bellum

360 513 583 580 κρατεῖν
626 507 988 576 ἀρκούμενος.
1026 506 1134 557 Καὶ
1166 498 1320 566 οὗτος
1367 502 1466 571 μὲν
1489 502 1700 564 οὐδενὸς
1733 503 1936 571 ἀτυχή-

364 615 445 650 σει
473 598 580 648 τῶν
639 597 942 648 καλλίστων
973 595 1096 663 ἐμοὶ
1141 593 1336 658 ξυνών.
1408 593 1596 660 Ὑμεῖς
1635 593 1691 645 δὲ
1730 593 1935 663 πειρώο

367 706 516 759 μενοι
558 688 916 758 παραϐαίνειν
947 685 1045 749 τὰς
1068 686 1341 754 συνθήκας
1393 683 1767 747 ἀποτεύξεσόε
1799 685 1936 738 πάν-

362 805 492 840 των.
547 787 693 855 Φημὶ
722 785 778 838 δὲ
804 785 902 854 οὐχ
933 785 1016 836 ὅτι
1075 781 1377 849 κολάσομαι
1443 779 1535 831 τὸν
1587 780 1816 849 ὅμηρον,
1880 781 1938 833 ὃν

362 877 487 930 οὕτε
541 879 794 948 ἐνέχυρον
829 878 958 947 παρ’
1013 874 1166 944 ὑμῶν
1199 871 1397 940 εἴληφα
1426 871 1523 939 τῆς
1547 872 1790 940 εἰρήνης,
1822 871 1936 924 ἀλλ’

363 968 611 1037 ἀνδρείας
656 966 928 1033 ἀπόδειξιν
961 965 1088 1019 καθ’
1124 963 1279 1034 ὑμῶν
1312 961 1419 1032 ἔχω
1448 979 1462 992 ·
1499 962 1526 1014 ὂ
1556 961 1602 992 ⁸⁸
1636 964 1730 1014 καὶ
1753 962 1931 1024 ἄλλως

366 1059 549 1112 ἄνισον
582 1059 676 1111 καὶ
695 1057 970 1127 θεομισὲς,
1022 1056 1149 1118 τοὺς
1225 1054 1378 1106 οὐδὲν
1429 1051 1751 1115 ἀδικοῦντας
1797 1053 1937 1122 ὑπὲρ

362 1150 468 1202 τῶν
486 1149 811 1202 ἀδικούντων
859 1149 1074 1202 δάκνειν
1111 1147 1206 1200 καὶ
1251 1145 1604 1215 σπαράττειν,
1651 1144 1841 1214 ὥσπερ
1868 1147 1936 1198 τὰ

361 1242 521 1309 θηρία
553 1243 677 1304 τοὺς
701 1241 1085 1304 ἀπαντῶντας,
1110 1240 1239 1292 ὅταν
1283 1238 1374 1306 ὑφ’
1407 1235 1612 1307 ἐτέρων
1649 1235 1934 1308 διώκηται.

307 1390 312 1394 ,
372 1333 508 1384 Ἀλλ’
535 1333 615 1384 ὅτι
646 1334 864 1404 πρῶτον
897 1334 994 1401 μὲν
1030 1331 1223 1401 ἄρξετε
1256 1330 1300 1361 ⁸³
1352 1327 1554 1399 χειρῶν
1610 1328 1834 1391 ἀδίκων,
1875 1323 1936 1384 οὗ

363 1424 562 1492 μείζων
589 1425 810 1493 ὄλεθρος
845 1425 945 1476 οὐκ
999 1425 1145 1476 ἔστιν
1207 1421 1540 1492 ἀνθρώποις,
1589 1421 1691 1473 κᾶν
1726 1421 1937 1473 δοκῶσι

358 1515 495 1584 πρὸς
519 1514 578 1566 τὸ
617 1513 788 1584 βραχὺ
849 1515 944 1566 καὶ
989 1513 1160 1584 παρὸν
1201 1510 1619 1581 ἐπιτυγχάνειν·
1680 1511 1931 1582 δεύτερον

356 1605 411 1656 δὲ
447 1607 534 1657 ὃτι
585 1607 722 1675 πρὸς
775 1605 1078 1674 Ῥωμαίους
1115 1605 1245 1674 ὑμῖν
1303 1605 1332 1656 ό
1391 1604 1548 1671 λόγος
1599 1603 1756 1656 ἔσται
1795 1605 1939 1674 κάμὲ

358 1696 449 1746 τὸν
489 1698 726 1766 ἄρχοντα
753 1695 979 1761 τούτων,
1013 1696 1071 1748 δν
1095 1695 1218 1750 οὔτε
1270 1695 1637 1764 πολεμοῦντες
1672 1694 1792 1747 οὔτε
1859 1697 1938 1748 εἰ·

363 1789 534 1857 ρήνην

2042 508 2347 575 perdiderat
2382 528 2394 562 :
2429 510 2521 563 sed
2567 511 2705 562 Deus
2735 512 2967 563 fortasse
2995 519 3046 563 et
3064 508 3430 564 Romanorum
3463 513 3609 566 beni-

2041 598 2214 668 gnitas
2245 599 2497 653 restituit.
2533 599 2754 654 llabebo
2776 616 2876 671 ego
2916 601 3088 670 ipsum
3135 601 3404 668 obsidem,
3435 619 3612 672 neque

2041 703 2163 742 eum
2196 703 2225 741 a
2261 688 2415 742 vobis
2471 703 2536 742 ex
2601 693 2978 754 conventione,
3034 692 3127 745 sed
3173 708 3202 746 a
3258 692 3398 747 bello
3471 697 3609 763 ipso,

2040 790 2332 835 contentus
2393 781 2607 846 vicisse,
2670 789 2724 835 et
2790 782 2938 835 illum
2983 784 3198 849 quidem
3273 785 3606 854 antplissima

2039 887 2264 941 quaeque
2303 887 2410 926 non
2443 872 2714 935 deficient,
2735 872 2858 925 dum
2893 887 3010 926 mea
3036 875 3428 930 consuetudine
3461 876 3603 931 fruc-

2039 973 2145 1018 tur.
2209 965 2362 1031 Quod
2425 965 2470 1019 si
2540 965 2871 1019 conabimini
2939 981 2969 1018 a
3027 965 3233 1020 foedere
3293 969 3605 1031 discedere,

2037 1056 2560 1123 omnitnnjacturam
2582 1041 2936 1111 faciétileoc
2955 1057 3097 1122 dico,
3115 1073 3218 1111 non
3236 1061 3378 1127 quod
3393 1061 3608 1113 steviam

2041 1149 2092 1202 in
2125 1148 2390 1212 obsidem,
2419 1163 2576 1217 quem
2609 1147 2750 1216 apud
2779 1163 2864 1204 me
2920 1149 3113 1213 habeo,
3176 1165 3284 1204 non
3321 1163 3605 1222 tanquam

2038 1242 2234 1310 pignus
2268 1240 2441 1310 pacis,
2478 1241 2575 1296 sed
2595 1255 2728 1295 mea:
2779 1256 2908 1310 erga
2941 1257 3037 1296 vos
3065 1243 3280 1297 virtutis
3319 1243 3610 1299 documen-

2041 1343 2173 1386 tum.
2206 1332 2300 1386 Est
2323 1333 2467 1387 enim
2500 1333 2726 1402 impium
2760 1342 2814 1386 et
2842 1333 3068 1387 minime
3105 1334 3214 1387 Deo
3242 1343 3480 1403 gratum,
3509 1350 3604 1390 eos

2037 1427 2129 1494 qui
2171 1425 2304 1478 nihil
2337 1435 2796 1488 eommeruerunt,
2854 1441 2951 1495 pro
3005 1426 3088 1479 his
3125 1427 3215 1494 qui
3265 1427 3610 1496 deliquerunt

2040 1531 2221 1571 morsu
2247 1529 2499 1586 appetere
2528 1526 2583 1571 et
2614 1517 2820 1570 laniare
2842 1557 2855 1582 ,
2895 1527 2953 1571 ut
3007 1515 3134 1572 ferae
3178 1519 3385 1583 bestiae,
3453 1520 3610 1587 quid-

2038 1607 2168 1677 quid
2197 1609 2434 1662 occurrit
2459 1618 2514 1660 et
2543 1607 2758 1662 obvium
2784 1618 2889 1671 est,
2910 1607 2954 1660 si
2979 1609 3099 1674 quis
3120 1623 3214 1663 eos
3231 1611 3606 1679 persequitur.

2043 1700 2146 1756 Sed
2186 1701 2417 1770 primum
2442 1700 2566 1769 quia
2599 1713 2628 1752 a
2663 1699 2814 1753 vobis
2863 1699 3075 1753 initium
3106 1700 3316 1769 injuriae
3345 1701 3605 1754 facienda:

632 1785 915 1850 αἰτοῦντες
1005 1789 1315 1858 ἐνικήσατε.
1347 1805 1366 1837 ι
1403 1784 1822 1856 Προσεκύνησαν
1848 1785 1942 1839 ἐπὶ

2041 1764 2269 1855 orietur,
2311 1802 2417 1859 qua
2443 1764 2501 1844 re
2536 1785 2678 1848 nulla
2709 1797 2790 1843 est
2812 1789 3094 1858 capitalior
3118 1764 3283 1857 pestis
3308 1790 3606 1858 pernicies-

359 1881 568 1944 τούτοις
599 1881 834 1944 ἅπαντες
867 1881 960 1933 καὶ
999 1881 1368 1950 ἀνευφήμουν.
1398 1879 1518 1932 θεόν
1556 1896 1676 1932 τινα
1713 1879 1805 1932 ἐπὶ
1829 1878 1943 1940 τοῖς

2039 1895 2144 1951 que
2175 1878 2483 1934 hominibus
2511 1877 2676 1932 etiam
2715 1877 2758 1931 si
2791 1879 3077 1931 videantur
3104 1877 3343 1932 adbreve
3374 1888 3604 1947 tempus,

360 1973 538 2040 λόγοις
584 1972 897 2043 ἡγούμενοι.
941 1974 1317 2042 Σπεισάμενος
1347 1972 1477 2040 γοῦν
1525 1973 1617 2024 καὶ
1678 1973 1777 2042 τὴν
1841 1969 1938 2023 τοῦ

363 2063 738 2128 Νεϐισγάστου
783 2066 996 2134 μητέρα
1028 2067 1189 2133 μόνον
1218 2066 1472 2133 αἰτήσας,
1525 2066 1750 2118 ἐκείνων
1803 2065 1937 2133 δμο-

362 2153 665 2220 λογούντων
695 2173 753 2208 τε
796 2155 910 2224 ἅμα
944 2155 1038 2207 καὶ
1069 2155 1289 2220 δόντων,
1337 2155 1622 2221 ἀνέζευξεν
1677 2157 1770 2208 ἐπὶ
1819 2173 1928 2208 τοι.

361 2246 556 2310 αὐταις
598 2248 851 2318 πράξεσι,
906 2249 1226 2318 μετοπώρου
1263 2266 1319 2302 τε
1350 2250 1646 2320 ἑστηκότος
1693 2249 1784 2302 καὶ
1817 2265 1929 2318 χει-

362 2339 540 2407 μῶνος
577 2342 677 2411 ἢδη
712 2343 1104 2413 συνισταμένου
1135 2344 1228 2396 καὶ
1259 2343 1628 2414 διαψύχοντος.

2039 1981 2092 2026 et
2112 1976 2376 2041 quantum
2401 1966 2742 2036 adprtesens
2779 1966 2971 2020 attinet
2993 1967 3057 2020 ad
3075 1976 3259 2035 optata
3289 1969 3594 2035 pervenire.

2038 2060 2266 2124 Deinde,
2288 2058 2418 2129 quia
2450 2057 2604 2112 vobis
2633 2071 2720 2113 res
2759 2065 2842 2112 est
2866 2073 2987 2112 cum
3019 2058 3277 2113 llOmanis
3305 2071 3356 2113 et
3389 2075 3604 2112 mecum

2035 2152 2125 2222 qui
2173 2142 2294 2205 sum
2345 2163 2532 2204 eorum
2589 2148 2903 2217 imperator,
2939 2165 3097 2219 quem
3161 2165 3335 2221 neque
3397 2151 3598 2204 bellum

2037 2254 2311 2318 gerentes,
2379 2257 2556 2313 neque
2611 2257 2798 2312 pacem
2851 2243 3114 2299 facientes
3151 2261 3386 2314 unquam
3445 2259 3606 2311 supe-

2039 2336 2276 2392 ravistis.
2322 2352 2340 2386 ι
2377 2333 2898 2389 Procubuerunthis
2944 2337 3104 2391 dictis
3155 2353 3344 2392 omnes
3392 2347 3444 2391 et
3487 2349 3606 2406 post

359 2431 482 2485 illos
511 2447 792 2489 sermones
817 2437 973 2488 deum
998 2436 1235 2506 aliquem
1269 2452 1388 2490 esse
1416 2437 1818 2500 existimantes,
1850 2434 1927 2488 illi
1970 2432 2143 2486 fausta
2203 2425 2490 2496 feliciaque
2526 2428 2707 2483 omnia
2752 2437 2878 2483 sunt
2902 2429 3130 2499 precati.
3184 2429 3379 2484 Pacem
3442 2432 3606 2499 igitur

362 2525 511 2591 fecit,
536 2534 589 2580 et
642 2527 809 2582 solam
862 2527 1170 2595 Nebisgasti
1233 2538 1456 2582 matrem
1517 2528 1695 2597 petiit,
1751 2543 1912 2596 quam
1983 2522 2209 2579 Barbari
2274 2519 2450 2574 fmdus
2512 2522 2869 2591 approbantes
2929 2522 3112 2575 statim
3160 2523 3445 2577 dederunt.
3511 2523 3606 2578 llis

354 2617 639 2681 confectis,
701 2627 960 2673 autumno
995 2623 1062 2675 ad
1103 2620 1260 2674 linem
1312 2629 1590 2688 vergente,
1639 2629 1693 2672 et
1749 2619 1928 2673 hieme
1969 2621 2189 2671 ineunte
2225 2610 2355 2684 (jam
2399 2613 2540 2667 enim
2595 2613 2864 2683 frigebat),
2900 2614 3172 2685 profectus
3202 2629 3304 2673 est.

430 2709 493 2777 β’.
537 2710 658 2762 Ὅτι
693 2709 1029 2782 Βαδομάριός
1055 2729 1139 2775 τις
1165 2711 1388 2780 δυνάμει
1425 2712 1515 2764 καὶ
1539 2711 1710 2782 τόλμῃ
1743 2713 1930 2782 προεῖ-

358 2818 418 2871 χε
443 2802 490 2832 ⁶⁶
530 2801 844 2872 Γερμανῶν,
893 2804 989 2856 καὶ
1019 2804 1073 2866 ἐς
1119 2802 1278 2854 τοῦτο
1309 2804 1616 2871 ὐῑιετύφετο
1653 2803 1930 2873 μεγαλαυ-

357 2892 500 2960 χίας,
541 2889 680 2944 ὥστε
713 2891 974 2959 ἐτύγχανε
1004 2894 1101 2962 μὲν
1123 2893 1330 2963 ὅμηρον
1359 2893 1446 2947 τὸν
1465 2893 1655 2948 ἑαυτσῦ
1682 2893 1927 2958 δεδωκὼς

358 2981 492 3044 υἱὸν,
521 2980 623 3043 ἕως
653 2980 717 3034 ἂν
751 2980 932 3050 ἀποδῷ
970 2985 1094 3045 τοὺς
1129 2983 1529 3052 αἰχμαλώτους,
1574 2981 1667 3046 οὓς
1723 2986 1786 3036 ὲκ
1828 2983 1925 3053 τῆς

2105 2708 2160 2761 2.
2193 2706 2279 2777 (Α.
2308 2705 2370 2763 C.
2404 2706 2528 2771 359,
2561 2707 2670 2759 ind.
2703 2706 2757 2772 ἓ,
2791 2706 2926 2761 Con.
2959 2708 2999 2762 1.
3027 2709 3117 2775 23,
3146 2708 3250 2781 Jul.
3292 2711 3351 2766 C.
3382 2712 3460 2782 5.)
3499 2713 3603 2767 Bac

2034 2803 2315 2858 domarius
2346 2802 2488 2856 inter
2523 2801 2824 2856 Germanos
2876 2803 3114 2872 potentia
3169 2814 3220 2858 et
3280 2811 3604 2861 auctoritatu

2031 2894 2304 2958 cxcelluit,
2332 2907 2453 2964 qua:
2510 2909 2594 2948 res
2621 2907 2742 2945 eum
2784 2894 2850 2946 ad
2884 2905 3087 2948 tantam
3139 2899 3444 2966 superbiam
3509 2916 3602 2953 ex-

2034 2984 2174 3046 tulit,
2224 2992 2306 3044 nt,
2349 2983 2563 3050 proprio
2591 2981 2722 3043 ﬁlio,
2751 2982 2874 3035 dum
2896 2985 3138 3051 captivos
3163 2988 3431 3052 redderet,
3470 3006 3604 3058 quos

356 3073 701 3143 καταδρομῆς
755 3069 869 3144 εἶχε
909 3074 1420 3144 συνηρπασμένους,
1445 3073 1668 3137 τούτους
1720 3075 1776 3127 δὲ
1825 3075 1926 3127 οὐκ

2032 3088 2129 3144 per
2169 3074 2518 3128 excursiones
2545 3083 2782 3139 ceperat,
2818 3074 3008 3128 obside
3046 3076 3190 3136 dato,
3215 3095 3334 3132 cum
3375 3082 3598 3135 minime

354 3165 640 3228 ἀποδιδοὺς
673 3166 868 3236 ἀπῄτει
893 3165 982 3219 τὸν
1018 3166 1246 3236 ὅμηρον.
1281 3166 1452 3218 πολλὰ
1481 3165 1741 3230 ἀπειλῶν,
1775 3168 1824 3219 εἰ
1851 3167 1926 3237 μὴ

351 3252 526 3306 λάϐοι.
570 3253 908 3324 Ἀποπέμπει
941 3254 1005 3325 δὴ
1033 3255 1221 3307 τοῦτον
1264 3255 1546 3319 Ἰουλιανὸς
1591 3255 1759 3324 αὐτῷ,
1806 3272 1929 3308 τοσ·

352 3341 506 3394 οὖτον
566 3344 798 3406 ἐπιθεὶς,
829 3344 906 3407 ὼς
954 3348 1055 3398 οὐκ
1084 3345 1233 3398 ἔστιν
1283 3345 1597 3411 ἀξιόπιστον
1643 3343 1702 3398 ἓν
1736 3345 1927 3414 μειρά-

355 3448 472 3484 κιον
503 3431 646 3504 ὑπὲρ
692 3431 903 3486 πολλῶν
933 3433 1332 3506 εὐγενεστέρων
1361 3433 1404 3465 ⁸⁷
1459 3431 1732 3504 όμηρεῦον
1793 3433 1924 3503 παρ’

353 3525 502 3595 αὺτῷ
527 3541 542 3556 ο
579 3523 694 3578 ἀλλ’
728 3526 760 3597 ἢ
800 3526 926 3589 τοὺς
984 3526 1364 3596 αἰχμαλώτους
1420 3524 1725 3581 ἀποδιδόναι
1758 3542 1924 3595 προσ-

353 3611 512 3682 ῆκον,
573 3614 739 3678 ὄντας
789 3615 931 3686 ὑπὲρ
972 3616 1327 3686 τρισχιλίους,
1362 3618 1476 3680 τοῖς
1502 3616 1699 3670 αὐτίκα
1737 3617 1923 3688 ἥξουσι

357 3705 672 3776 πρέσϐεσιν,
741 3707 774 3776 ἢ
840 3706 1128 3760 ἀδικοῦντα
1190 3707 1411 3761 ειδέναι.
1481 3707 1669 3763 Ταῦτα
1716 3708 1924 3777 ἔγραφέ

352 3811 412 3847 τε
444 3797 538 3848 καὶ
566 3796 664 3865 τὴν
695 3794 990 3865 πρεσϐείαν
1052 3793 1292 3850 ἔστελλε.
1344 3798 1454 3850 Καὶ
1517 3798 1681 3859 αὐτὸς
1741 3799 1926 3849 εἵπετο

353 3890 420 3954 τῇ
465 3885 728 3957 πρεσϐείᾳ
762 3885 869 3938 ἀπὸ
902 3886 1162 3956 Νεμέτων
1222 3888 1359 3957 ἄρας
1408 3889 1501 3940 ἐπὶ
1549 3887 1642 3940 τὸν
1712 3887 1922 3957 Ῥῆνον.

357 3977 498 4048 Ἤδη
529 3995 588 4030 τε
615 3974 683 4048 ἦν
713 3977 849 4048 πρὸς
880 3981 992 4041 τοῖς
1047 3979 1394 4048 Ῥαυράκοις,
1424 3981 1451 4032 ὃ
1481 3983 1595 4032 ἐστι
1645 3978 1920 4048 φρούριον.

423 4154 493 4224 γ’.
535 4156 657 4208 ’Ότι
690 4157 828 4226 μετὰ
855 4158 956 4226 τὴν
996 4156 1287 4212 Ἰουλιανοῦ
1312 4157 1412 4228 τῆς
1463 4157 1740 4228 βασιλείας
1789 4157 1922 4211 ἀνα·

348 4247 603 4318 γόρευσιν
668 4248 953 4318 πρεσϐεῖαι
1024 4247 1360 4321 πανταχόθεν
1433 4250 1768 4312 συνέϐαινον,
1829 4249 1923 4302 καὶ

2031 3161 2274 3230 captivos
2303 3160 2633 3225 restitueret,
2667 3160 3017 3216 nihilominus
3043 3163 3285 3219 obsident
3346 3168 3446 3222 sibi
3511 3187 3599 3224 rc-

2041 3249 2194 3305 stitui
2223 3248 2535 3319 postulavit,
2599 3249 2766 3302 multa
2811 3249 2952 3303 mala
2993 3250 3250 3315 minatus,
3282 3255 3326 3307 si
3385 3272 3488 3310 non
3523 3275 3605 3312 re-

2030 3340 2255 3410 ciperet.
2294 3336 2450 3394 Hune
2475 3354 2606 3394 vero
2635 3338 2882 3392 Julianus
2909 3339 2976 3393 ad
3005 3339 3179 3410 ipsum
3219 3342 3445 3411 remisit,
3490 3346 3591 3401 hoc

2030 3431 2310 3500 adjiciens,
2355 3447 2518 3486 unum
2581 3430 2976 3485 adolescentem
3013 3447 3116 3486 non
3174 3449 3291 3489 esse
3346 3435 3598 3492 idoneum

2028 3523 2165 3592 apud
2189 3539 2247 3578 se
2276 3537 2374 3592 pro
2406 3523 2589 3578 multis
2629 3523 2986 3578 nobilioribus
3048 3524 3312 3582 obsidem.
3343 3526 3448 3584 Sed
3507 3543 3600 3585 aut

2029 3617 2292 3687 captivos,
2323 3618 2413 3688 qui
2442 3619 2509 3674 ad
2547 3620 2648 3672 tria
2688 3619 2850 3673 millia
2888 3618 2942 3673 in
2968 3623 3085 3690 ejus
3115 3633 3386 3690 potestate
3441 3637 3598 3680 erant

2027 3721 2150 3760 eum
2175 3709 2463 3762 restituere
2490 3720 2762 3776 oportere,
2792 3720 2884 3762 aut
2945 3710 3154 3780 injuria:
3203 3729 3393 3783 pteuas
3421 3732 3478 3770 se
3507 3733 3598 3771 so-

2029 3796 2268 3850 luturum
2310 3811 2432 3850 esse
2468 3799 2651 3852 sciret.
2709 3797 2834 3852 Haec
2887 3801 3106 3868 scripsit
3171 3813 3226 3857 et
3263 3804 3585 3873 legationem

2027 3887 2194 3952 misit,
2226 3903 2386 3956 quem
2413 3902 2516 3941 non
2551 3887 2722 3941 multo
2774 3900 2894 3957 post
2955 3893 3072 3958 ipse
3127 3891 3452 3949 subsecutus
3485 3907 3591 3956 est,

2028 3991 2055 4028 a
2078 3973 2396 4030 Nemetibus
2430 3976 2496 4029 ad
2545 3972 2794 4029 Rhenum
2837 3991 3059 4032 movens
3086 3977 3235 4045 ,jam
3271 3981 3415 4035 enim
3458 3988 3597 4052 apud

2029 4066 2305 4121 Rauracos
2332 4073 2469 4131 erat,
2507 4080 2627 4135 qua:
2681 4077 2762 4119 est
2790 4065 3154 4121 Romanorum
3190 4069 3419 4126 colonia.

2096 4154 2150 4210 5.
2183 4155 2269 4224 (A.
2303 4157 2364 4210 C.
2390 4153 2516 4221 560,
2555 4154 2666 4210 ind.
2699 4153 2753 4219 5,
2779 4154 2915 4209 Con.
2946 4155 2985 4208 l.
3016 4155 3107 4209 24.
3141 4154 3243 4211 .1ιιΙ.
3278 4159 3340 4212 Α.
3372 4160 3448 4227 l.)
3470 4160 3597 4218 Post

2033 4243 2226 4300 Iuliani
2289 4248 2356 4300 ad
2423 4247 2705 4316 imperium
2762 4248 3097 4303 evectionem
3169 4252 3482 4308 honoriﬁca:
3530 4259 3594 4308 ad

351 4339 607 4408 στέφανοι
653 4340 836 4394 πολλοὶ
881 4345 1071 4411 χρυσοῖ
1097 4341 1196 4414 [οἳ]
1232 4341 1380 4412 αὐτῷ
1411 4341 1560 4410 παρὰ
1599 4341 1705 4393 τῶν
1752 4340 1922 4394 ἐθνῶν

2032 4353 2150 4391 eum
2186 4337 2486 4406 legationes
2514 4345 2904 4402 convenerunt,
2938 4344 2994 4394 et
3043 4355 3272 4396 coronas
3325 4357 3517 4399 aureas
3564 4361 3593 4398 ιι

350 4432 759 4501 ἀνεκομίζοντο.
828 4432 1092 4486 Ἐνταῦθα
1122 4435 1216 4486 καὶ
1246 4433 1293 4486 oi
1326 4433 1421 4502 τὴν
1477 4430 1680 4484 Ἰωνίαν
1708 4433 1918 4485 οἰκοῦν-

349 4541 440 4586 τες
471 4525 659 4594 ἔτυχον
706 4525 848 4577 ὅσων
881 4524 1199 4595 ἐδεήθησαν,
1251 4526 1342 4578 καὶ
1393 4523 1656 4576 πλειόνων
1711 4523 1806 4576 καὶ
1853 4524 1920 4555 ⁸⁷¹

347 4619 652 4671 ἐλασσόνων
682 4617 748 4670 ⁸⁸.
808 4617 970 4670 Λυδοὶ⁸
996 4617 1050 4670 δὲ
1081 4620 1173 4671 καὶ
1213 4618 1377 4688 εὐχῆς
1439 4619 1681 4686 κρεῖττον
1713 4617 1916 4687 ἐπρατ-

343 4723 457 4769 τον,
486 4708 756 4761 Εὐναπίου
791 4709 892 4778 μὲν
921 4707 1016 4760 τοῦ
1077 4709 1304 4779 ῥήτορος
1361 4706 1501 4777 ὑπὲρ
1544 4707 1722 4760 αὐτῶν
1783 4723 1916 4778 πρε-

348 4797 656 4860 σϐεύοντος.
691 4801 1137 4869 εὐημερήσαντος
1171 4800 1228 4852 δὲ
1279 4798 1420 4852 οὕτω
1453 4799 1594 4851 κατὰ
1631 4798 1729 4868 τὴν
1785 4815 1917 4868 πρε-

345 4888 530 4943 σϐείαν
561 4890 702 4944 ὥστε
737 4893 832 4944 καὶ
887 4892 1012 4966 δίκῃ
1051 4892 1156 4944 τινὶ
1217 4892 1576 4962 περιμαχήτῳ
1617 4893 1912 4954 συνειπεῖν,

342 4973 377 5054 ᾖ
412 4981 440 5033 ό
471 4979 724 5050 βασιλεὺς
754 4981 918 5034 αὐτὸν
969 4983 1241 5036 ἐκέλευεν.
1290 4982 1349 5036 '0
1375 4981 1432 5034 δὲ
1480 4983 1632 5032 ἐνίκα
1681 4982 1772 5032 καὶ
1809 4981 1909 5050 τὴν

339 5067 518 5141 δίκην.
560 5071 670 5124 Καὶ
695 5073 760 5124 ὲκ
808 5071 1170 5143 Κλαζομενῶν
1192 5071 1238 5103 ⁶⁹
1267 5070 1324 5123 δὲ
1378 5070 1589 5124 Πείσων
1637 5069 1913 5138 εὐδοκίμει

339 5159 533 5229 λέγων.

2025 4429 2274 4484 barbaris
2300 4428 2617 4482 attulerunt.
2673 4429 2874 4483 Ioniam
2931 4429 3238 4487 habitantes
3295 4435 3362 4488 ab
3419 4451 3483 4490 eo
3543 4447 3596 4490 et

2023 4535 2216 4590 magna
2243 4530 2296 4575 et
2341 4535 2528 4590 parva,
2591 4535 2713 4590 qua:
2766 4521 3040 4590 petebant,
3097 4534 3221 4577 sunt
3288 4529 3591 4582 consecuti.

2022 4611 2153 4684 Lydi
2176 4627 2412 4683 quoque,
2464 4611 2708 4682 Eunapio
2742 4612 2980 4678 rhetore,
3005 4629 3191 4695 eorum
3235 4616 3433 4687 legato,
3499 4635 3595 4688 pro

2023 4705 2107 4758 his
2136 4704 2296 4758 verba
2325 4703 2577 4768 faciente,
2616 4705 2723 4774 18
2755 4706 2924 4758 multo
2969 4706 3252 4775 ampliora,
3283 4723 3442 4777 quam
3469 4723 3593 4779 pre-

2025 4789 2182 4844 cibus
2224 4791 2341 4844 suis
2377 4791 2646 4859 complexi
2679 4795 2911 4858 luerant,
2942 4793 3310 4850 obtinuerunt.
3347 4796 3476 4863 Quae
3506 4799 3581 4852 le-

2024 4880 2170 4949 gatio
2205 4889 2310 4933 tam
2347 4895 2603 4949 prospere
2656 4883 2832 4950 legato
2893 4885 3176 4950 successit,
3235 4892 3293 4938 ut
3351 4887 3588 4954 legatum

2021 4986 2236 5041 quoque
2271 4973 2566 5040 imperator
2590 4972 2804 5039 iuberet
2858 4988 3074 5028 causam
3111 4975 3399 5044 quamdam
3438 4976 3591 5030 valde

2019 5065 2328 5119 intricatum
2353 5078 2532 5135 agere.
2562 5064 2677 5130 Qua
2699 5065 2752 5118 in
2783 5064 2876 5119 lite
2900 5077 2953 5120 ct
2983 5067 3100 5136 ipse
3122 5066 3367 5135 superior
3389 5069 3584 5131 evasit,

2019 5167 2074 5212 et
2109 5157 2236 5212 Piso
2259 5157 2480 5226 quidam
2508 5155 2888 5214 Clazomenius
2922 5173 3115 5230 magna
3135 5174 3256 5214 eum
3279 5158 3434 5214 laude
3463 5175 3587 5215 ver-

2016 5248 2084 5302 ba
2125 5247 2272 5303 fecit.

1605 5356 1840 5412 VARle
1886 5357 2298 5415 LECTIONES.

405 5473 450 5504 “
480 5472 534 5545 ὃ]
560 5474 619 5529 όν
643 5475 1033 5530 Boissonadus.

333 5544 445 5618 six:
497 5544 643 5618 vulg.

334 5613 577 5668 ἐλάσσων
596 5613 617 5618 ⁷
630 5617 774 5685 vulg.

334 5700 440 5736 ww
472 5690 554 5740 vel
596 5686 1088 5755 ὲκκλησιαζόμενον
1119 5685 1184 5737 Η.

1111 5477 1154 5508 ⁸³
1184 5475 1376 5549 ἄρξετε
1410 5476 1792 5542 Boissonadus,
1825 5477 2024 5548 ἤρξατε
2059 5479 2226 5549 vulg.,
2268 5478 2496 5549 ἄρξηται
2520 5479 2682 5549 codd.

748 5547 1208 5614 δτεὺγενεστὲρων
1258 5547 1348 5609 Ν.,
1391 5548 1779 5616 εὐγενέστερον
1801 5549 1958 5617 τηις.

966 5617 1029 5668 ὲκ
1078 5617 1444 5692 Κλαζομενῶν
1475 5619 1529 5670 δὲ
1582 5616 1816 5688 Πείσων]
1858 5616 2260 5687 ἐκκλαζόμενον
2296 5621 2351 5670 δὲ
2409 5621 2613 5672 πείσων
2654 5616 2865 5686 ριιζρν.
2902 5616 2955 5671 et
2987 5618 3088 5672 Par
3120 5660 3133 5684 ,
3162 5622 3591 5692 ἐκκλησιαζομει

2761 5479 2804 5510 ⁸⁸
2826 5481 3045 5550 προεῖχε
3073 5477 3321 5550 Βοίεεοιι.
3365 5522 3378 5546 ,
3415 5493 3586 5550 προσά

2061 5549 2126 5620 ‘7’
2152 5548 2246 5602 καὶ
2276 5548 2402 5606 ante
2433 5551 2582 5603 ἑλασ.
2614 5548 2705 5612 Ν.,
2737 5549 2769 5618 ἦ
2813 5550 2955 5620 vulg.
3064 5549 3107 5579 ⁸⁸
3140 5551 3440 5605 ἐλασσόνων
3461 5548 3472 5550 ⁷
3495 5552 3584 5616 H.,
