4010 6210
435 283 564 345 τ’(ὶῖιῖ)

1407 274 1805 336 EXCERPTA
1850 275 1949 333 EX
1991 271 2328 334 EUNAPIO
2369 271 2751 334 SARDIANO

3601 271 3708 335 €56

533 394 697 462 4.(Ᾱ.
735 393 795 446 (2.
830 391 952 452 ὅθί,
992 387 1099 441 iud.
1139 387 1167 436 7
1205 383 1411 436 Valent.
1443 384 1482 438 l.
1531 384 1579 452 l)
1625 382 2032 437 Valentinianus

2205 377 2266 431 δ’.
2309 379 2431 432 Ὅτι
2473 378 2884 433 Βαλεντινιανοῦ
2909 377 3212 450 ἀνάρῤησις
3250 379 3308 434 έν
3364 379 3566 452 Νικαία
3612 383 3713 450 τῆς

464 487 600 555 apud
647 485 873 537 [Ἧι-ζωοὶ
911 479 1171 548 Bithynia:
1223 478 1517 545 imperator
1555 484 1639 529 est
1677 475 1978 542 appellatus
2015 494 2027 528 :

463 576 787 632 illucntultze
825 572 1120 638 legationes
1183 568 1540 629 advenerunt,
1595 583 1714 636 quae
1807 582 2036 620 coronas

462 683 654 724 aureas
693 666 757 718 ad
801 664 978 732 ipsum
1013 661 1336 716 afferchant.
1377 660 1432 712 ln
1464 661 1547 712 his
1573 659 1892 727 recipiendis
1938 658 2037 711 tui-

451 762 607 816 .uime
639 773 699 812 se
745 762 1134 826 praeposterum
1175 762 1268 806 aut
1293 753 1635 806 festinantem
1659 751 1921 814 exhibuit,
1944 751 2034 804 sed

462 850 717 906 omnibus
753 847 1154 918 quamprimum
1181 857 1243 898 se
1284 840 1692 898 satisfacturum
1742 856 1866 896 esse
1909 856 2034 911 pro-

463 941 632 997 misit.

533 1035 586 1088 5.
614 1033 701 1102 (Δ.
720 1031 784 1086 C.
804 1029 930 1094 366,
960 1029 1072 1083 inti.
1100 1027 1153 1094 9,
1183 1025 1392 1079 Valent.
1424 1035 1477 1079 et
1513 1024 1630 1077 Val.
1652 1023 1792 1092 L5).
1829 1021 2034 1076 Valenti

460 1142 584 1182 cum
635 1125 804 1178 otium
864 1129 1048 1190 ageret
1093 1120 1161 1173 ab
1195 1117 1435 1172 externis
1463 1125 1517 1170 ct
1570 1115 1881 1170 domesticis
1915 1115 2037 1182 .bcl-

461 1220 548 1281 lis,
584 1215 890 1270 nuntiatum
921 1221 1023 1278 est,
1059 1209 1343 1264 collectum
1379 1205 1702 1276 Scytharum
1737 1206 2032 1260 exercitum

462 1321 630 1377 prope
652 1305 760 1376 iam
789 1304 996 1356 adesse.
1025 1299 1088 1353 lli
1111 1315 1238 1354 vero
1265 1305 1444 1360 erant,
1470 1313 1606 1366 quos
1630 1296 1933 1366 Procopius
1980 1295 2032 1348 itt

465 1412 623 1452 suum
684 1394 946 1448 auxilium
1001 1407 1028 1444 a
1063 1390 1384 1460 Scytharum
1439 1401 1562 1457 rege
1623 1387 2029 1455 impetraverat.

467 1488 576 1540 llos
599 1477 815 1538 aiebant
839 1495 1032 1551 magno
1063 1497 1184 1534 cum
1222 1479 1364 1532 fastu
1407 1489 1460 1532 et
1516 1476 1828 1546 arrogantia
1884 1476 2030 1528 ince-

466 1581 595 1633 dere
614 1589 668 1631 et
691 1576 870 1630 omnia
913 1587 1031 1640 qua:
1069 1587 1128 1626 se
1167 1585 1352 1624 eorum
1371 1568 1684 1637 conspectui
1715 1567 2037 1623 obtulissent

463 1671 1044 1737 despicere,propterea
1061 1663 1201 1732 quod
1215 1661 1470 1731 quidquid
1485 1660 1696 1729 injuria:
1710 1657 2036 1723 inferebant,

2141 473 2390 535 Βιθυνίας
2439 472 2672 540 γίνεται,
2701 473 2986 543 πρεσϐεῖαί
3012 490 3092 536 τε,
3147 473 3269 525 ὅσαι
3320 475 3713 542 συνεπεφοιτή⁴

2140 583 2306 618 κεσαν
2344 565 2439 616 ἐπὶ
2471 563 2662 617 τοῦτον
2689 566 2817 628 τοὺς
2855 564 3089 635 χρυσοῦς
3121 563 3343 632 ἔχουσαι
3389 564 3714 633 στεφάνους,

2140 655 2274 725 πρὸς
2305 657 2510 708 ἐκεῖνον
2543 655 2888 727 ἀνεφέροντο.
2931 655 3040 707 Καὶ
3074 654 3210 724 πρὸς
3257 655 3436 718 πάσας
3474 655 3715 723 ἀπεφαί-

2139 765 2260 803 νετο
2321 747 2420 817 μὲν
2477 746 2650 811 οὐδὲν,
2716 745 3023 816 ἐπιτρέχων
3091 745 3292 814 ῥαδίως
3343 747 3542 798 οὑτωσὶ
3619 747 3720 798 καὶ

2140 837 2442 906 συντόμως,
2472 836 2842 906 ἐπηγγέλλετο
2873 836 2918 869 ⁷ο
2968 835 3025 888 δὲ
3072 835 3279 888 ἅπασιν
3310 835 3386 898 ὡς
3454 836 3712 906 ποιήσων

2139 928 2336 982 αὐτίκα
2387 929 2546 998 μάλα.

2208 1025 2270 1074 ε’.
2327 1018 2449 1072 Ὅτι
2477 1018 2554 1089 τῷ
2587 1018 2798 1088 βασιλεῖ
2823 1017 3105 1081 ούάλεντι,
3164 1016 3395 1088 ἡσυχίαν
3443 1018 3554 1071 ἀπὸ
3603 1017 3722 1072 τῶν

2138 1109 2357 1163 οἰκείων
2411 1110 2506 1162 καὶ
2550 1110 2660 1163 τῶν
2717 1110 2940 1163 ὀθνείων
3015 1111 3223 1178 ἄγοντι,
3290 1109 3351 1161 τὸ
3425 1110 3722 1164 ὲπίλεκτον

2141 1201 2464 1270 ἀγγέλλεται
2514 1203 2623 1254 τῶν
2654 1201 2882 1256 Σκυθῶν
2945 1205 3263 1273 στράτευμα
3315 1206 3548 1276 πλησίον
3608 1206 3722 1275 ἢδη

2144 1308 2247 1343 που
2291 1290 2602 1360 τυγχάνειν,
2652 1290 2746 1353 οὓς
2794 1293 2822 1343 6
2889 1291 3196 1360 Προκόπιος
3257 1296 3337 1356 είς
3393 1295 3720 1364 συμμαχίαν

2139 1382 2489 1453 ὲξεκεκλήκει
2533 1381 2684 1452 παρὰ
2715 1381 2808 1435 τοῦ
2841 1383 3064 1436 Σκυθῶν
3121 1383 3407 1453 βασιλέως.
3467 1386 3506 1437 Γ
3509 1386 3718 1456 αύρους

2140 1470 2279 1528 εἶναι
2307 1474 2374 1528 τά
2421 1475 2746 1544 φρονήματα
2803 1471 2991 1541 ἔλεγον
3037 1473 3164 1536 τοὺς
3225 1475 3549 1545 προσιόντας
3610 1477 3715 1528 καὶ

2142 1565 2634 1636 περιφρονητικοὺς
2654 1563 2761 1617 τῶν
2812 1564 3109 1636 ὁρωμένων
3142 1567 3185 1597 ⁷¹
3214 1603 3232 1629 ,
3295 1565 3592 1637 ὀλιγώρους
3645 1585 3711 1621 τε

2143 1655 2279 1725 πρὸς
2342 1657 2403 1709 τὸ
2485 1657 2788 1710 ἀκόλαστον
2854 1657 2976 1726 μεθ’
3041 1656 3275 1727 ὕϐρεως,
3329 1661 3424 1711 καὶ
3482 1660 3616 1712 πολὺ
3647 1662 3715 1712 τὸ

466 1760 760 1824 idimpune
797 1755 1083 1817 faciebant,
1111 1761 1164 1804 et
1217 1758 1534 1818 arroganter
1581 1757 1634 1802 et
1682 1746 1915 1816 superbe
1975 1759 2036 1798 se

2145 1749 2421 1818 ἀγέρωχον
2475 1748 2572 1802 καὶ
2625 1748 2828 1818 θερμὸν
2881 1749 2973 1802 ἐπὶ
3018 1751 3187 1802 πᾶσιν
3236 1751 3479 1820 ἔχοντας.
3548 1752 3608 1804 Ὀ
3649 1753 3715 1805 δὲ

463 1865 586 1903 cum
616 1846 864 1902 omnibus
892 1844 1169 1914 gerebant.
1219 1841 1326 1895 llos
1358 1841 1654 1910 imperator
1682 1838 1824 1891 intra
1861 1836 2041 1890 breve'

465 1952 678 2009 tempus
707 1935 1033 1991 interclusos
1070 1934 1121 1986 in
1188 1931 1463 1999 Scythiam
1513 1929 1710 1993 reditu,
1742 1927 1895 1997 quasi
1948 1941 2036 1980 re-

468 2034 610 2085 tibus
635 2038 822 2096 captos
875 2023 1115 2079 continui
1156 2030 1212 2076 et
1268 2035 1420 2075 arma
1473 2019 1690 2072 tradere
1738 2014 1942 2085 jussit:
1982 2025 2038 2070 et

469 2137 595 2175 toro
625 2119 984 2176 tradiderunt.
1037 2113 1198 2170 etiam
1250 2120 1400 2166 motu
1454 2109 1773 2179 capillorum
1840 2107 2039 2163 mentis

459 2212 723 2267 terociam
765 2209 1084 2263 iudicantes.
1118 2203 1227 2259 llos
1249 2203 1413 2273 igitur
1471 2218 1566 2271 per
1602 2201 1781 2271 urbes.
1819 2199 2037 2268 disper~

463 2321 557 2359 sos
643 2303 695 2355 itt
752 2299 915 2355 libera
960 2296 1203 2351 custodia
1273 2295 1478 2360 habuit,
1557 2304 1612 2346 ct
1663 2281 2033 2360 contemptum

467 2411 652 2450 eorum
685 2391 938 2446 excitatit
995 2391 1096 2454 bis,
1141 2387 1230 2457 qtti
1260 2387 1515 2441 viderunt
1555 2399 1746 2439 eorum
1788 2397 2036 2450 corpora,

467 2490 522 2542 iu
559 2487 779 2541 nimiam
810 2481 1191 2553 proceritatem
1212 2479 1511 2548 surgentia,
1555 2476 1830 2545 graviora,
1873 2487 2037 2540 quam

469 2587 528 2631 ιιι
553 2577 717 2646 pedes
748 2575 976 2635 ferrent,
1004 2579 1058 2626 et
1087 2570 1234 2624 circa
1289 2567 1521 2620 mediam
1573 2576 1780 2634 partem
1822 2561 2036 2622 exsilia,

469 2667 645 2734 qualia
691 2663 1014 2719 Aristoteles
1061 2661 1266 2714 insecta
1306 2657 1456 2710 dicit.
1493 2657 1561 2708 At
1592 2655 1806 2709 urbium
1851 2653 2038 2706 incola:

455 2773 592 2810 .cum
643 2757 877 2826 Scythas
930 2754 983 2806 itt
1069 2763 1196 2805 suas
1271 2749 1461 2802 domos
1515 2746 1884 2810 admisissent,
1949 2743 2037 2796 ubi

468 2863 659 2902 eorum
690 2846 884 2898 \'ll‘ltllll
947 2838 1337 2896 imbecillitatis
1405 2837 1704 2906 periculum
1770 2834 2038 2899 fecerunt,

470 2952 628 2991 suum
669 2947 913 2989 errorem
964 2931 1191 2987 irridere
1214 2928 1388 2985 coacti
1419 2933 1568 2982 sunt.
1601 2924 1709 2979 llos
1737 2925 1900 2992 igitur
1924 2932 2034 2977 tant

452 3028 758 3098 praeclaros
822 3023 1144 3096 Scytharum
1201 3035 1294 3076 rex
1328 3019 1561 3088 repetiit.
1582 3017 1710 3072 Erat
1743 3016 1844 3070 hoc
1877 3030 2042 3085 nego-

472 3087 604 3174 iium
633 3118 862 3173 arduum
893 3087 958 3172 et
988 3113 1317 3186 huiusmodi,
1347 3087 1489 3181 quod
1527 3125 1632 3166 non
1659 3109 1816 3164 facile
1846 3112 2041 3179 'posset
2069 3087 2113 3148 (ἶ

472 3209 540 3266 ad
564 3210 695 3280 justi
743 3208 1008 3263 rationem
1059 3203 1309 3273 expendi.
1349 3200 1568 3256 Dicebat
1616 3200 1761 3254 enim
1832 3213 1892 3254 se
1942 3200 2039 3253 hos

471 3305 578 3360 lide
606 3303 918 3374 iuramento
949 3297 1130 3352 habita
1159 3295 1226 3351 ad
1256 3294 1532 3364 suppetias
1580 3289 1896 3360 imperatori
1931 3290 2037 3343 nti-

470 3396 628 3451 sisse.
663 3391 979 3449 Valentinus
1015 3402 1145 3442 vero
1181 3387 1412 3455 negabat
1455 3397 1581 3438 eum
1627 3382 1693 3436 ad
1731 3396 1888 3449 quem
1942 3382 2040 3434 nti-

471 3495 620 3540 serat
659 3484 1043 3551 imperatorem
1097 3475 1287 3539 fuisse,
1320 3487 1494 3543 neque
1542 3487 1603 3528 se
1655 3473 1910 3542 iurasse:
1953 3470 2042 3524 ille

470 3572 742 3629 lulianum
787 3569 842 3623 in
904 3566 1140 3623 medium
1215 3563 1547 3628 adducebat,
1603 3577 1770 3632 seque
1824 3570 2042 3631 propter

475 3664 621 3718 illius
650 3675 772 3715 cum
800 3659 903 3713 hoc
945 3653 1468 3720 consanguinitatem
1515 3651 1751 3707 dedisse.
1810 3651 2042 3718 Legato-

473 3772 592 3810 rum
616 3753 778 3808 etiam
811 3750 1128 3818 dignitatem
1158 3744 1490 3801 obtendebat
1525 3763 1539 3800 :
1575 3745 1874 3812 imperator
1901 3758 2035 3798 con-

474 3859 554 3901 tra
575 3843 900 3908 disserebat,
926 3840 1090 3894 etiam
1118 3838 1328 3910 legatos
1351 3836 1476 3907 jure
1498 3837 1692 3904 teneri,
1712 3845 1766 3891 et
1803 3850 1919 3900 eos,
1949 3835 2039 3904 qui

466 3945 766 4009 praesentes
818 3930 1252 3992 crant.ltostium
1277 3941 1505 3983 numero
1546 3927 1766 3996 habere,
1800 3928 2041 3999 quando-

472 4030 690 4100 quidem
725 4024 972 4082 hostibus
1009 4022 1270 4078 auxilium
1311 4021 1478 4076 latum
1520 4021 1812 4076 venissent.
1855 4019 1930 4073 Ex
1960 4019 2042 4074 his

473 4121 654 4178 causis
685 4117 996 4189 Scythicum
1047 4115 1338 4171 excitatum
1373 4123 1457 4168 est
1505 4113 1747 4179 bellum,
1794 4113 1941 4182 quod
1987 4120 2042 4166 et

475 4211 735 4283 dignitate
772 4209 1040 4278 gentium,
1075 4221 1194 4275 qua:
1218 4205 1490 4269 coierunt,
1543 4215 1600 4258 et
1662 4204 2040 4273 magnitudine

474 4311 832 4374 apparatuutn
881 4311 1130 4366 magnam
1161 4295 1271 4366 19
1303 4295 1572 4349 variorum
1627 4311 1850 4350 casuum
1873 4307 1926 4350 et
1957 4297 2042 4349 in-

473 4399 641 4446 certae
670 4387 903 4444 fortuna:
955 4387 1414 4455 exspectationem
1450 4388 1718 4450 movebat,
1758 4385 1856 4440 sed
1909 4401 2040 4440 acu-

478 4483 622 4535 mine
644 4479 832 4552 jttdicii
861 4451 1204 4546 imperatoris
1243 4486 1296 4528 et
1326 4476 1666 4545 providentia
1704 4475 1770 4532 ad
1827 4476 2042 4531 firmum
2077 4451 2121 4509 ί)

475 4587 530 4630 ct
564 4587 737 4628 tutum
770 4574 977 4628 exitum
1002 4572 1326 4641 perductum
1367 4579 1471 4624 est.

547 4671 603 4722 6.
633 4669 720 4738 (Δ.
750 4666 812 4719 C.
850 4665 976 4729 376,
1014 4663 1128 4717 ind.
1159 4663 1212 4726 ὁ,
1245 4661 1486 4716 Valentis
1521 4660 1654 4729 imp.
1687 4659 1800 4730 l5.)
1825 4658 2044 4732 Scythis

475 4758 633 4814 victis
660 4766 712 4812 et
735 4757 803 4810 ab
833 4754 1044 4809 llunnis
1073 4753 1230 4808 caesis
1251 4761 1304 4809 et
1327 4753 1392 4806 ad
1421 4751 1842 4807 internecionem
1876 4768 2046 4824 usque

475 4849 688 4915 deletis,
715 4861 906 4903 omnes
954 4847 1043 4916 qui
1080 4845 1222 4914 capti
1272 4853 1431 4901 erant
1476 4860 1598 4899 cum
1650 4845 1964 4902 mulieribus
1992 4855 2047 4900 et

475 4958 662 4998 eorum
693 4941 816 4995 filiis
847 4938 1152 5005 interempti
1203 4947 1350 5003 Sunt,
1413 4951 1538 4992 eum
1597 4937 1777 4992 nullus
1813 4939 2046 4994 crudeli-

479 5037 603 5087 tatis
639 5043 694 5087 et
724 5032 947 5086 cazdium
1017 5039 1164 5084 esset
1197 5029 1423 5095 modus;
1455 5028 1546 5097 qui
1598 5037 1778 5084 autem
1839 5029 2047 5084 collecti

478 5126 779 5194 ctl‘ugerant
836 5139 942 5177 non
1005 5123 1182 5178 minus
1249 5137 1409 5192 quam
1470 5123 1749 5177 hominum
1814 5122 2046 5177 ducenta

484 5218 673 5282 millia,
707 5217 773 5270 ad
802 5215 1000 5270 bellum
1031 5215 1138 5285 apti
1200 5224 1254 5270 et
1307 5224 1468 5270 aetate
1519 5214 1796 5278 ﬂorentes,
1855 5229 2050 5270 conve-

479 5317 695 5363 nerunt.
732 5306 914 5376 Itaque
942 5304 1165 5374 profecti
1202 5314 1255 5359 et
1283 5304 1348 5358 ad
1381 5304 1554 5374 ripam
1586 5315 1815 5369 stantes,
1861 5319 2050 5360 manus

2142 1838 2396 1909 βασιλεὺς
2423 1840 2707 1908 συντόμως
2726 1839 2922 1901 αὐτοὺς
2945 1839 3242 1909 ἀποταμὼν
3261 1844 3357 1910 τῆς
3376 1843 3467 1894 ἐπί
3496 1842 3712 1905 Σκύθας

2137 1930 2484 2001 ὑποστροφῆς
2530 1933 2780 2002 κατεῖχεν
2809 1931 2960 1994 ἐντὸς
2989 1930 3230 2002 ἀρκύων,
3292 1935 3382 1986 καὶ
3427 1933 3497 1986 τά
3558 1935 3706 1988 ὅπλα

2139 2019 2474 2090 παραδοῦναι
2499 2019 2784 2083 κελεύσας.
2809 2021 2871 2073 Oi
2897 2021 2953 2074 δὲ
2972 2020 3189 2085 ἔδοσαν,
3230 2023 3329 2092 τὴν
3358 2023 3458 2093 τῆς
3476 2025 3711 2095 γνώμης

2137 2111 2436 2180 ὑπεροψίαν
2495 2111 2656 2181 μέχρι
2705 2110 2799 2164 τοῦ
2854 2111 3072 2180 κινῆσαι
3109 2113 3155 2144 ⁷²
3190 2114 3290 2174 τὰς
3347 2116 3525 2184 κόμας
3587 2117 3713 2167 ὲπι-

2136 2201 2463 2278 δειξάμενοι.
2508 2201 2840 2272 Διασπείρας
2871 2200 2962 2254 οὖν
2993 2203 3190 2266 αὐτοὺς
3219 2203 3358 2256 κατὰ
3392 2207 3490 2268 τὰς
3525 2206 3716 2269 πόλεις

2139 2295 2198 2347 ὲν
2259 2291 2482 2362 ἀδέσμῳ
2536 2294 2754 2362 κατεῖχε
2811 2295 3045 2365 φρουρᾷ,
3107 2294 3203 2347 καὶ
3297 2298 3714 2368 καταφρόνησιν

2140 2384 2436 2436 ἐνεποιείτο
2471 2386 2581 2446 τοῖς
2609 2383 2902 2454 θεωμένοις
2928 2387 3108 2440 αὐτῶν
3167 2387 3236 2441 τά
3286 2385 3516 2458 σώματα
3574 2390 3716 2458 πρός

2140 2492 2198 2527 τε
2229 2475 2403 2545 μῆκος
2432 2476 2650 2546 ἀχρεῖον
2713 2477 3070 2548 ἐλαυνόμενα,
3119 2480 3213 2532 καὶ
3275 2479 3554 2552 βαρύτερα
3598 2485 3713 2547 τοῖς

2142 2565 2290 2631 ποσὶ,
2333 2568 2471 2621 κατά
2499 2583 2558 2618 τε
2607 2567 2668 2620 τὸ
2695 2567 2860 2638 μέσον
2909 2571 3290 2641 διεσφιγμένα,
3355 2565 3496 2646 ᾖπέρ
3547 2591 3717 2643 φησιν

2155 2658 2526 2729 Ἀριστοτέλης
2548 2658 2618 2712 τὰ
2642 2658 2864 2729 ἔντομα.
2894 2662 3183 2732 Δεχόμενοι
3211 2664 3257 2694 ’³
3290 2663 3335 2717 δ’
3366 2659 3461 2718 οὖν
3505 2665 3713 2728 αὐτοὺς

2143 2750 2222 2814 είς
2258 2749 2358 2812 τὰς
2396 2749 2571 2813 οἰκίας
2600 2753 2650 2804 oi
2682 2751 2780 2814 τάς
2809 2753 2994 2818 πόλεις
3035 2753 3312 2818 οίκοῦντες
3380 2757 3475 2809 καὶ
3506 2758 3712 2827 πειρώ-

2147 2858 2297 2912 μενοι
2319 2842 2417 2911 τῆς
2448 2842 2753 2910 ἀσθενείας,
2793 2843 2892 2916 τὴν
2953 2845 3160 2899 ἑαυτῶν
3209 2846 3485 2916 ἐξαπάτην
3548 2847 3716 2916 γελᾷν

2144 2933 2537 3004 ἠναγκάζοντο.
2588 2935 2824 3000 Τούτους
2891 2936 3090 3008 ἀπῄτει
3147 2938 3271 3002 τοὺς
3329 2938 3614 3006 γενναίους
3687 2943 3716 2992 6

2143 3027 2366 3081 Σκυθῶν
2395 3026 2672 3098 βασιλεύς.
2713 3029 2823 3084 Καὶ
2882 3025 2950 3099 ἦν
2994 3028 3053 3082 τὸ
3110 3031 3342 3100 πρᾶγμα
3401 3030 3566 3102 δριμὺ
3618 3031 3716 3084 καὶ

2146 3119 2281 3190 πρὸς
2311 3118 2402 3173 τὸν
2422 3119 2516 3173 τοῦ
2545 3121 2755 3174 δικαίου
2777 3121 2934 3190 λόγον
2980 3121 3081 3175 ούκ
3102 3122 3460 3194 εύδιαίτητον.
3513 3123 3571 3176 '0
3618 3124 3718 3194 μὲν

2145 3210 2254 3282 γὰρ
2283 3210 2488 3280 ἔφασκε
2515 3211 2725 3280 βασιλεί
2751 3213 3043 3268 δεδωκέναι
3075 3215 3216 3268 κατὰ
3243 3217 3559 3287 συμμαχίαν
3623 3220 3718 3272 καὶ

2145 3304 2340 3375 ὅρκους
2369 3321 2382 3335 ·
2417 3307 2445 3357 6
2469 3303 2526 3356 δὲ
2557 3303 2845 3372 άπέφασκε
2879 3304 3104 3374 βασιλέα
3150 3305 3225 3378 μὴ
3273 3307 3562 3376 τυγχάνειν
3622 3308 3718 3362 καὶ

2147 3396 2310 3448 αὑτὸν
2335 3396 2434 3448 οὐκ
2458 3395 2830 3465 ὀμωμοκέναι.
2863 3397 3111 3451 Ἑκείνου
3153 3397 3210 3450 δὲ
3244 3399 3628 3469 προστιθέντος
3667 3399 3716 3430 ’δ

2145 3485 2236 3537 τὶν
2301 3484 2602 3548 Ἰουλιανδν,
2661 3485 2754 3539 καὶ
2810 3487 2893 3541 ὅτι
2949 3487 3038 3541 διὸ.
3088 3486 3187 3559 τὴν
3245 3488 3457 3542 ἐκείνου
3494 3488 3719 3541 δεδώκει

2148 3575 2486 3643 συγγένειαν,
2521 3576 2614 3628 καὶ
2635 3576 2704 3628 τά
2737 3577 2843 3630 τῶν
2885 3577 3171 3648 πρέσϐεων
3219 3577 3509 3648 ἀξιώματα
3541 3595 3716 3648 προσ-

2144 3665 2408 3728 τιθέντος,
2452 3667 2480 3718 ό
2517 3664 2771 3735 βασιλεὺς
2803 3667 3125 3738 ἀντεφώνει,
3155 3669 3284 3732 τούς
3331 3686 3393 3722 τε
3454 3668 3717 3738 πρέσϐεις

2147 3754 2416 3828 ἔχειντὴν
2453 3756 2613 3827 δίκην
2663 3759 2756 3811 καὶ
2807 3760 2934 3822 τοὺς
2992 3759 3265 3832 παρόντας
3288 3760 3364 3823 ῶς
3424 3760 3719 3830 πολεμίους

2149 3847 2494 3918 κατέχεσθαι,
2525 3850 2765 3920 πολεμίῳ
2793 3851 2929 3922 πρὸς
2965 3852 3280 3922 συμμαχίαν
3307 3854 3560 3925 ἥκοντας.
3623 3855 3720 3906 Ἐκ

2147 3938 2351 3994 τούτων
2382 3940 2438 3994 δὲ
2473 3941 2580 3994 τῶν
2612 3942 2939 4011 προφάσεων
2968 3944 2997 3996 6
3042 3943 3309 4009 Σκυθικὸς
3365 3945 3717 4016 ἀνεγείρεται

2151 4032 2404 4103 πόλεμος,
2435 4032 2514 4103 τῷ
2535 4033 2637 4104 μὲν
2665 4031 2937 4102 ἀξιώματι
2971 4035 3082 4088 τῶν
3113 4035 3403 4090 συνιόντων
3434 4036 3605 4089 ὲθνῶν
3625 4039 3722 4090 καὶ

2148 4123 2260 4183 τοῖς
2293 4121 2550 4191 μεγέθεσι
2575 4120 2686 4174 τῶν
2747 4124 3110 4193 παρασκευῶν
3163 4124 3259 4178 ἐπὶ
3305 4125 3446 4196 μέγα
3501 4125 3713 4196 προϐή-

2152 4213 2339 4267 σεσθαι
2385 4214 2480 4268 καὶ
2514 4216 2788 4284 χωρήσειν
2838 4215 3202 4285 πολυτρόπων
3261 4217 3563 4288 συμφορῶν
3615 4220 3724 4271 καὶ

2149 4305 2493 4375 ἀτεκμάρτου
2513 4305 2681 4377 τύχης
2704 4306 3117 4378 προσδοκηθεὶς,
3152 4310 3218 4378 τῇ
3243 4307 3300 4360 δὲ
3327 4307 3422 4361 τοῦ
3452 4307 3722 4378 βασιλέως

2151 4395 2370 4466 ὀξύτητι
2401 4396 2493 4448 καὶ
2533 4397 2757 4468 προνοίᾳ
2806 4399 3152 4470 κατενεχθεὶς
3197 4397 3292 4452 ἐπὶ
3349 4397 3411 4452 τὺ
3455 4398 3719 4469 σταθερὸν

2151 4486 2248 4540 καὶ
2279 4485 2699 4560 ἀσφαλέστερον.

2225 4665 2300 4729 ς’.
2333 4666 2456 4720 Ὀτι
2497 4668 2605 4723 τῶν
2658 4667 2883 4722 Σκυθῶν
2931 4667 3274 4741 ἡττηθέντων
3314 4671 3407 4723 καὶ
3460 4667 3565 4722 ὑπὸ
3610 4668 3722 4724 τῶν

2127 4758 2369 4822 ,Οθννων
2409 4760 2802 4830 ἀναιρεθέντων
2851 4761 2945 4815 καὶ
2993 4761 3163 4833 ἄρδην
3216 4760 3604 4830 ἀπολλυμένων
3661 4760 3723 4812 τὸ

2155 4850 2378 4921 πλῆθος,
2421 4853 2470 4904 οἱ
2531 4851 2633 4923 μὲν
2693 4852 3302 4926 ἐγκαταλαμϐανόμενοι
3357 4853 3455 4906 σὺν
3511 4853 3725 4920 γυναιξὶ

2151 4943 2247 4996 καὶ
2290 4944 2501 5007 τέκνοις
2547 4943 2933 5013 διεφθείροντο,
2985 4944 3082 4999 καὶ
3137 4945 3363 5016 οὐδεμία
3409 4944 3576 5013 φειδὼ
3623 4945 3722 5013 τῆς

2152 5036 2281 5106 περὶ
2306 5037 2430 5098 τοὺς
2458 5036 2650 5104 φόνους
2679 5031 2748 5104 ἦν
2767 5035 3067 5105 ὠμότητος.
3095 5037 3169 5090 Τὸ
3196 5037 3253 5089 δὲ
3283 5037 3602 5090 συναλισθὲν
3628 5037 3722 5088 καὶ

2152 5127 2288 5196 πρὸς
2320 5127 2496 5198 φυγὴν
2527 5128 2776 5198 ὁρμῆσαν
2805 5129 3003 5199 πλῆθος
3033 5128 3133 5198 μὲν
3156 5130 3218 5182 ού
3251 5130 3383 5182 πολὺ
3413 5130 3522 5182 τῶν
3552 5130 3721 5182 εἴκοσι

2155 5219 2433 5288 μυριάδων
2481 5219 2809 5273 ἀποδέουσαι
2846 5219 3106 5289 συνῆλθον
3139 5222 3199 5283 ές
3241 5221 3302 5274 τὸ
3335 5221 3579 5292 μάχιμον
3619 5222 3721 5273 ἀκ-

2156 5309 2453 5378 μαζούσας.
2487 5311 2820 5381 Κινηθέντες
2845 5311 2892 5342 ⁷³
2921 5312 3016 5365 καὶ
3036 5313 3157 5376 ταῖς
3187 5310 3374 5382 ὄχθαις
3403 5312 3726 5374 ἐπιστάντες

1817 5417 2052 5473 VARUE
2086 5419 2493 5479 LECTIONES.

549 5516 597 5590 "f
639 5515 1013 5590 ἐπηγγέλλετο
1032 5513 1132 5590 N._,_
1152 5489 1454 5590 é_7tﬁ_yye).7.é
1486 5532 1536 5590 τι
1565 5515 1711 5590 yulg.
1790 5516 1832 5546 ⁷¹
1864 5513 2182 5590 δρωμένων]
2230 5515 2516 5590 Ῥωμαίων
2545 5516 2611 5590 Β.
2681 5517 2728 5548 ⁷⁸
2751 5515 2989 5590 κινῆσαι]
3025 5520 3270 5590 κομῆσαι
3293 5519 3440 5590 coni.
3473 5519 3720 5576 Cantocl.

480 5585 539 5661 '1
571 5581 860 5661 δεχόμενοι
875 5586 920 5661 δ’
959 5581 1337 5661 οὖν-νωθείας
1372 5600 1458 5654 ap.
1497 5581 1738 5640 Boisson.
1772 5602 1824 5656 p.
1862 5581 2278 5656 192,'6sx6;isva
2310 5581 2492 5642 δοῦναι
2525 5588 2668 5659 vulg.
2747 5586 2793 5621 ⁷⁵
2824 5581 3220 5656 προστεθέντος
3257 5583 3403 5661 vulg.

483 5639 1021 5724 θέντέςΓνικηθέντες
1042 5656 1104 5710 ll.

3481 5591 3527 5622 ⁷⁸
3565 5609 3722 5650 κινη-
