2028 3105
183 161 236 194 657

590 162 638 192 DE
658 161 940 192 LEGATIONIBUS
959 160 1135 193 GENTIUM
1159 163 1206 192 AD
1228 164 1415 195 ROMANOS.

1761 163 1812 195 r58

184 216 278 252 χεῖράς
304 224 333 242 τε
360 216 467 251 ὤρεγον
493 215 633 251 πάρῤωθεν
662 218 722 251 μετ’
749 216 911 252 ὀλοφυρμῶν
931 218 978 244 καὶ

1030 224 1045 244 e
1060 216 1207 253 longinquo
1222 219 1406 254 porrigebant,
1432 223 1458 247 et
1481 225 1573 254 preces
1596 226 1657 246 cum
1689 218 1751 245 ﬂetu
1783 220 1811 245 cl

186 263 262 299 βοῆς,
287 262 335 289 καὶ
361 262 517 297 προέτεινον
543 263 694 297 ίκετηρίας,
721 264 904 299 ἐπιτραπῆναι
923 264 973 298 τὴν

184 309 310 336 διάδασιν
336 307 568 343 παρακαλοῦντες,
583 309 631 335 καὶ
655 309 703 344 τὴν
730 309 805 344 σφῶν
831 310 972 344 συμφορὰν

185 355 356 390 ὀδυρόμενοι,
375 354 420 380 καὶ
444 355 602 389 προσθήκην
627 357 658 389 τῇ
685 356 829 390 συμμαχίᾳ.
846 356 973 390 παρέξειν

187 401 420 435 ἐπαγγελλόμενοι
432 401 465 426 7°.
483 402 513 427 Οἱ
531 401 558 426 δὲ
571 403 628 432 ταῖς
645 401 736 435 ὄχθαις
764 402 973 435 ἐπιτεταγμένοι

195 447 338 481 Ῥωμαίων
366 446 442 472 οὐδὲν
473 446 578 478 ἔφασαν
606 446 720 480 πράξειν
752 446 814 474 ἄνευ
842 447 974 481 βασιλέως

190 491 313 526 γνώμης.
335 490 475 516 Ἐντεῦθεν
495 491 659 525 ἀναφέρεται
676 491 725 525 μὲν
739 492 784 517 ἐπὶ
803 492 847 517 τὸν
862 492 974 526 βασιλέα

191 539 208 571 ἡ
224 536 322 570 γνῶσις
334 543 343 552 '
358 536 458 571 πολλῆς
471 537 499 562 δὲ
512 537 663 570 ἀντιλογίας
675 537 834 572 γενομένης,
850 538 896 564 καὶ
912 537 976 563 πολ-

193 583 244 608 λῶν
263 583 305 616 ἐφ’
324 582 441 617 ἑκάτερα
458 582 575 616 γνωμῶν
601 584 629 608 ἐν
646 583 684 618 τῷ
702 583 834 617 βασιλικῷ
853 583 975 618 συλλόγῳ

192 627 335 663 ρηθεισῶν,
352 628 424 660 ἔδοξε
439 628 476 663 τῷ
495 628 608 662 βασιλεῖ.
627 629 681 654 Καὶ
702 629 755 664 γὰρ
774 629 818 655 ὑπ’
835 630 975 664 ἀντιςηλο-

191 673 288 704 τυπίας
303 673 377 707 αὐτῷ
392 673 459 708 πρὸς
474 674 535 704 τοὺς
560 674 819 708 συμϐασιλεύοντας,
840 675 864 701 οἳ
883 675 976 706 παῖδες

193 719 241 753 μὲν
257 716 329 753 ἦσαν
346 718 461 752 ἀδελφοῦ
478 719 535 752 (καὶ
552 719 708 753 γέγραπται
727 719 799 745 οὕτω
819 720 974 755 πρότερον),

190 764 238 798 τὴν
255 763 393 798 βασιλείαν
416 763 445 790 δὲ
461 764 605 799 διῃρῆσθαι
623 765 692 790 κατὰ
709 766 779 798 σφᾶς
795 765 913 797 ἐδόκουν,
928 765 976 800 τὴν

189 809 320 844 διανομὴν
332 810 382 835 οὐκ
402 810 558 843 ἐνεγκόντες
579 810 625 836 ἐπὶ
642 810 686 836 τὸν
710 811 791 837 θεῖον.
815 811 924 838 Τούτων
943 812 975 846 δὴ

189 853 282 886 ἕνεκα,
300 855 346 880 καὶ
364 854 401 885 ῶς
417 855 522 889 μεγάλῃ
543 855 686 891 προσθήκῃ
701 856 730 881 τὸ
754 857 908 891 Ῥωμαϊκὸν
928 858 975 883 αὺ-

191 900 280 934 ξήσων
302 901 336 933 ⁷⁷,
356 900 484 935 δεχθῆναι
508 900 613 926 κελεύει
634 901 697 932 τοὺς
712 901 821 936 ἄνδρας,
847 902 881 928 τὰ
906 902 976 929 ὅπλα

190 945 400 979 καταθεμένους.
415 947 482 981 Πρὶν
501 946 529 972 δὲ
553 946 603 981 τὴν
621 947 746 974 διάϐασιν
758 948 782 964 ⁷³
797 948 829 974 ἐκ
845 948 976 983 βασιλέως

189 991 386 1025 ἐπιτραπῆναι,
402 991 513 1018 Σκυθῶν
532 992 556 1017 οἱ
574 992 771 1027 τολμηρότατοι
788 994 834 1019 καὶ
851 993 975 1025 αὐθάδεις

191 1035 336 1070 βιάσασθαι
353 1036 398 1062 τὸν
412 1036 495 1070 πόρον
511 1036 642 1070 ἔγνωσαν,
660 1037 708 1063 καὶ
724 1038 879 1073 βιαζόμενοι
908 1048 975 1065 κατ-

190 1081 335 1116 εκόπησαν.
355 1081 386 1107 Οί
398 1081 426 1107 δὲ
441 1081 646 1116 διαφθείραντες
661 1083 705 1108 τὸν
718 1084 874 1118 ἁπὸδασμον
883 1084 975 1111 τοῦτον

190 1127 239 1161 τῆς
254 1135 282 1152 τε
301 1127 388 1161 ἀρχῆς
401 1127 595 1162 παρελύθησαν
611 1128 658 1153 καὶ
682 1129 746 1162 περὶ
768 1130 825 1160 τοῖς
849 1129 975 1164 σώμασιν

189 1172 387 1207 ἐκινδύνευσαν,
403 1173 444 1199 ὃτι
462 1173 605 1208 πολεμίους
620 1173 785 1209 διέφθειραν.
798 1175 830 1201 Oi’
843 1183 872 1200 τε
887 1184 975 1210 παρα-

188 1218 395 1248 δυναστεύοντες
417 1218 521 1252 βασιλεῖ
535 1219 582 1245 καὶ
601 1219 744 1254 δυνάμενοι
763 1222 891 1254 μέγιστον
909 1230 972 1247 κατ-

190 1263 292 1296 εγέλων
324 1263 414 1290 αὐτῶν
441 1263 470 1290 τὸ
499 1264 677 1299 φιλοπόλεμον
705 1265 751 1291 καὶ
783 1266 973 1301 στρατηγικὶν,

191 1308 346 1338 πολιτικοὺς
359 1309 387 1335 δὲ
399 1310 448 1335 οὐκ
470 1309 572 1343 ἔφασαν
588 1307 669 1336 εἶναι.
690 1311 719 1336 ’0
749 1311 798 1345 μὲν
818 1311 871 1346 γάρ
899 1312 973 1346 βασι-

191 1353 252 1384 λεὺς
268 1353 298 1386 ἐξ
321 1354 484 1389 ’Δντιοχείας
510 1355 661 1390 ἐπέτρεπεν
683 1357 774 1388 αὐτοῖς
794 1357 842 1392 τὴν
867 1358 974 1392 ἀχρεῖον

192 1401 298 1435 ἡλικίαν
321 1402 428 1436 πρῶτον
451 1402 661 1438 ὑποδεξαμένοις
683 1404 730 1430 καὶ
758 1405 973 1439 παραπέμψαπιν

190 1449 229 1478 είς
241 1448 290 1483 τὴν
310 1449 466 1483 Ῥωμαϊκὴν
480 1449 668 1483 ἐπικράτειαν,
683 1451 729 1476 καὶ
744 1451 846 1485 ταύτην
860 1452 897 1482 είς
909 1452 974 1486 ὁμη-

192 1492 267 1527 ρείαν
300 1494 429 1528 ἀσφαλῶς
444 1495 615 1529 κατέχουσιν,
636 1496 779 1530 ἐπιστῆναι
803 1497 825 1512 ⁷³
846 1498 903 1527 ταῖς
927 1498 974 1531 ὖχ-

192 1538 263 1571 θαις,
277 1540 324 1566 καὶ
337 1540 374 1574 μὴ
392 1540 523 1575 πρότερον
537 1541 600 1571 τοὺς
618 1540 751 1575 μαχίμους
773 1540 899 1573 δέξασθαι
917 1542 974 1569 δια-
988 1549 1010 1580 C

192 1583 343 1618 δαίνυντας,
365 1585 488 1620 μηδὲ,τὰ
505 1585 584 1612 πλοῖα
607 1587 760 1621 παρασχεῖν
785 1587 824 1618 εἰς
847 1587 895 1622 τὴν
925 1597 974 1614 πε-

192 1630 316 1664 ραίωσιν,
334 1631 359 1657 ει
376 1631 414 1667 μὴ
427 1631 460 1657 τὰ
477 1631 547 1658 ὅπλα
565 1632 746 1667 καταθέμενοι
760 1633 858 1667 γυμνοὶ
871 1633 975 1660 διαϐαί-

192 1683 272 1702 νοιεν.
300 1676 332 1702 Οἱ
358 1676 386 1703 δὲ
409 1677 495 1703 ταῦτα
515 1677 720 1712 ἐπιτραπέντες,
745 1678 759 1704 ὁ
787 1679 836 1713 μὲν
863 1679 896 1705 ἐκ
922 1679 975 1706 τῶν

190 1720 392 1756 διαϐεϐηκότων
423 1722 478 1757 ἦρα.
513 1723 656 1758 παιδαρίου
686 1723 758 1755 τινος
796 1724 892 1751 λευκοῦ
930 1726 975 1752 καὶ

192 1765 333 1800 χαρίεντος
350 1766 399 1801 τὴν
412 1767 484 1800 Win,
498 1767 512 1793 ὁ
527 1767 555 1793 δὲ
568 1767 643 1802 ἠλέει
656 1768 781 1802 γυναικὸς
795 1769 974 1805 εὐπροσώπου

191 1811 244 1838 τῶν
256 1811 446 1846 αἰχμαλώτων,
459 1812 486 1843 ὃς
497 1812 526 1838 δὲ
538 1810 572 1847 ἦν
583 1813 756 1847 αἰχμάλωτος
768 1814 819 1841 ὑπὸ
829 1815 973 1850 παρθένου,

191 1857 252 1888 τοὺς
271 1857 299 1884 δὲ
312 1858 343 1884 τὺ
360 1858 474 1893 μέγεθος
498 1860 608 1894 κατεῖχε
629 1859 683 1885 τῶν
698 1860 801 1895 δώρων,
822 1861 854 1887 τά
869 1870 898 1887 τε
916 1862 976 1888 λινᾶ

192 1902 339 1937 ὑφάσματα
358 1904 406 1930 καὶ
423 1905 454 1931 τὸ
482 1905 535 1931 τῶν
561 1906 730 1941 στρωμάτων
758 1907 802 1933 ἐπ’
833 1908 976 1943 ἀμφότερα

192 1947 362 1982 θυσανοειδές
378 1949 416 1987 (3)
427 1959 434 1965 ·
451 1951 565 1983 ἕκαστος
582 1952 610 1977 δὲ
636 1953 729 1984 ἁπλῶς
746 1953 836 1979 αὐτῶν
853 1953 976 1988 ὑπελάμ‹

192 1993 256 2020 ϐανε
272 1995 320 2022 καὶ
337 1995 386 2030 τὴν
401 1996 490 2023 οἰκίαν
506 1997 529 2013 ⁶⁰
547 1997 732 2031 καταπλὴσειν
750 1999 863 2024 οἰκετῶν
882 1999 928 2025 καὶ
942 1999 975 2025 τὰ

190 2041 277 2075 χωρία
290 2041 429 2076 βοηλατῶν
441 2043 487 2069 καὶ
501 2043 550 2078 τὴν
565 2044 700 2079 ἐρωτικὴν
718 2044 819 2070 λύσσαν
841 2046 890 2080 τῆς
911 2045 975 2080 περὶ

188 2085 277 2113 ταῦτα
304 2087 438 2119 ἐξουσίας.
467 2088 632 2123 Νικηθέντες
651 2090 680 2116 δὲ
692 2089 744 2116 ὑπὸ
769 2091 870 2117 τούτων
897 2090 975 2125 νίκην

189 2131 334 2167 αἰσχίστην
346 2133 394 2159 καὶ
404 2135 653 2169 παρανομωτάτην,
669 2135 763 2170 ὥσπερ
776 2135 852 2167 τινὰς
866 2135 976 2170 εὐεργέ-

189 2185 240 2208 τας
262 2178 310 2204 καὶ
323 2178 447 2213 σωτῆρας
472 2179 605 2210 παλαιοὺς
631 2179 702 2213 μετὰ
723 2180 778 2207 τῶν
801 2180 890 2207 ὃπλων
919 2181 976 2207 ἑδέ-

190 2224 283 2255 ξαντο.
299 2224 330 2250 Ol
357 2224 385 2250 δὲ
410 2224 536 2252 τοσοῦτον
563 2226 668 2251 ἀκονιτὶ
688 2227 803 2260 πρᾶγμα
823 2226 975 2260 διαπεπρα-
992 2214 1013 2242 υ

190 2268 286 2303 γμένοι
303 2269 351 2296 καὶ
369 2269 418 2304 τὴν
432 2271 500 2297 οῐκοι
515 2271 658 2306 συμφορὰν
674 2271 882 2306 εὐτυχήσαντες,
903 2273 928 2298 οἰ
943 2281 975 2306 γε

192 2315 253 2341 ἀντὶ
267 2315 316 2350 τῆς
331 2316 442 2342 Σκυθῶν
457 2317 574 2352 ιρημίας
584 2317 629 2343 καὶ
645 2317 692 2344 τοῦ
704 2317 841 2353 βαράθρου
855 2318 976 2353 τὴνῬω-

194 2360 293 2396 μαῑκὴν
309 2362 397 2398 ἀρχὴν
411 2362 604 2398 ἀπελάμσανον
621 2363 655 2396 ⁸¹,
672 2363 752 2395 εὐθὺς
777 2363 844 2390 πολύ
862 2372 888 2390 τι
910 2363 976 2398 βάρ-

193 2403 275 2438 ϐαρον
284 2404 313 2431 ἐν
325 2405 362 2441 τῷ
378 2405 562 2441 παρασπόνδῳ
574 2407 622 2433 καὶ
636 2407 743 2442 ἀπίστῳ
769 2407 916 2441 διέφαινον.
942 2408 973 2433 'H

193 2449 243 2483 μὲν
256 2449 309 2486 γὰρ
324 2451 461 2486 ἄχρηστος
476 2452 569 2488 ἡλικία
584 2452 758 2488 προλαϐοῦσα
769 2453 840 2479 κατὰ
857 2453 905 2488 τὴν
918 2452 977 2479 διά-

191 2496 271 2524 ϐασιν
287 2498 357 2533 μετὰ
367 2498 479 2534 βαθείας
491 2500 607 2535 σπουδῆς
618 2500 666 2527 καῖ⁵
675 2500 813 2535 φροντίδος
824 2499 877 2526 τῶν
889 2500 975 2527 ταῦτα

192 2543 412 2579 βεϐουλευμένων
420 2546 460 2576 εἰς
469 2546 502 2572 τὰ
512 2545 575 2581 ἔθνη
586 2547 727 2582 κατεχεῖτο
739 2547 786 2573 καὶ
793 2546 973 2581 διεσπείρετο.

192 2586 303 2613 Dixerat
317 2587 347 2613 δὲ
366 2589 412 2615 καὶ
426 2590 555 2622 γυναῖκες
572 2591 619 2617 καὶ
644 2590 737 2622 παῖδες
750 2590 871 2623 ἐκείνων,
887 2592 911 2617 οἱ
927 2591 976 2626 μὲν

193 2630 318 2663 βασιλικὰ
332 2633 485 2668 παράσημα
500 2634 618 2669 ἔχοντες,
645 2635 693 2666 τὰς
713 2635 741 2661 δὲ
763 2633 796 2670 ἦν
824 2635 976 2670 ἁδροτέρας

191 2676 257 2711 ὀρᾷν
277 2676 293 2712 ἢ
318 2678 390 2704 κατὰ
415 2679 596 2714 αἰχμάλωτον.
618 2681 715 2713 Παῖδες
731 2681 758 2708 δε
778 2682 866 2708 αὐτῶν
884 2682 931 2708 καὶ
945 2682 976 2708 τὸ

191 2723 326 2751 οἰκετικὸν
345 2724 414 2760 πρός
424 2733 455 2751 τε
468 2725 518 2760 τὴν
532 2726 682 2762 εὐκρασίαν
695 2728 748 2755 τῶν
759 2727 847 2763 ἀέρων
862 2727 974 2763 ἀνέδρα-

1025 263 1222 290 vociferatiorte
1239 265 1413 296 eminebant,
1431 264 1618 299 trajectioncm
1633 263 1683 290 sibi
1698 263 1809 290 concedi

1024 307 1186 342 ﬂagitantes,
1205 316 1282 334 suam
1309 308 1413 335 cladem
1443 308 1631 342 deplorabant,
1662 312 1689 334 ct
1709 315 1738 334 se
1759 307 1812 333 illis

1025 354 1187 386 praebituros
1214 354 1306 379 auxilii
1337 354 1522 381 accessionem
1558 353 1738 387 spondebant.
1769 353 1805 378 At

1026 398 1149 429 Romani.
1189 398 1233 433 qui
1275 398 1356 432 ripis.
1392 404 1538 433 prmerant,
1578 398 1643 425 nihil
1688 405 1718 424 se
1759 397 1815 424 nisi

1025 442 1196 476 imperatoris
1216 442 1294 475 jussu
1322 443 1439 469 facturos
1468 442 1674 475 responderunt.
1709 442 1810 473 Quam-

1026 487 1121 514 obrem
1132 488 1210 521 hujus
1223 488 1260 514 rei
1270 488 1390 521 cognitio
1403 491 1447 515 est
1456 487 1693 521 aii-imperatorem
1711 487 1809 513 delata.

1027 532 1093 559 Cum
1112 540 1155 559 res
1171 533 1196 559 in
1211 541 1307 567 magna
1333 533 1464 560 varietate
1487 538 1642 560 versaretur
1673 532 1811 566 midtaque

1028 579 1053 604 in
1067 583 1208 612 utramque
1227 584 1327 612 partem
1345 579 1371 605 in
1392 578 1505 605 consilio
1516 578 1646 613 principis
1672 578 1743 605 dicta
1765 585 1811 604 cs-

1026 628 1096 655 scnt,
1118 625 1223 650 tandem
1239 631 1366 651 assensus
1380 628 1430 656 est,
1447 624 1562 651 tuaxime
1582 628 1691 657 propter
1728 631 1811 649 :cnur

1026 670 1164 701 lationem,
1181 678 1260 704 quam
1275 670 1391 697 habebat
1412 676 1473 697 cum
1507 668 1560 701 his,
1594 669 1640 702 qui
1669 668 1811 702 imperium

1026 723 1086 742 cum
1103 723 1135 742 eo
1151 717 1290 742 tenebant.
1312 716 1395 742 Erant.
1411 721 1500 742 autem
1517 714 1564 741 ﬁlii
1594 713 1700 745 fratris,
1715 720 1811 746 quent-

1027 760 1171 786 admodum
1199 765 1226 787 et
1257 768 1337 794 supra
1353 760 1454 787 dictant
1469 763 1523 789 cst.
1541 759 1587 786 sed
1609 758 1646 785 illi
1664 758 1811 792 imperato-

1026 807 1092 832 riam
1106 810 1265 839 potestatem
1294 807 1365 832 inter
1393 813 1423 832 se
1449 805 1619 832 dividendam
1645 808 1810 833 statuerant,

1028 859 1079 878 non
1094 852 1310 885 patruiarbitrio
1339 851 1468 885 permissa
1493 849 1635 877 divisione.
1661 848 1709 875 llis
1722 848 1812 875 causis

1029 897 1173 931 impulsus,
1191 901 1247 923 tum
1262 896 1342 923 etiam
1360 895 1422 928 quia
1438 895 1554 921 maxima
1570 893 1691 921 accessio
1718 897 1811 927 poteti-

1029 944 1079 970 tia:
1096 944 1165 970 foret
1183 943 1320 974 ananis,
1343 942 1424 975 jussit
1447 942 1563 977 Scythas
1589 940 1706 972 admitti,
1731 942 1810 966 modo

1028 996 1102 1015 arma
1134 990 1310 1022 deponerent.
1344 988 1493 1021 Antequam
1526 986 1653 1020 trajectus
1673 989 1745 1011 esset
1777 984 1811 1009 ab

1029 1036 1192 1068 imperatore
1223 1041 1379 1065 concessus,
1416 1033 1576 1067 Scytharum
1605 1031 1762 1058 audaciores
1784 1035 1812 1056 ct

1027 1082 1154 1108 clatinres
1182 1082 1324 1107 transitum
1351 1078 1402 1107 sibi
1428 1078 1453 1106 vi
1473 1078 1578 1113 aperire
1601 1081 1810 1108 constituerunt,

1027 1127 1073 1153 sed
1092 1126 1115 1152 vi
1135 1125 1232 1159 repulsi
1255 1125 1336 1151 deleti
1362 1128 1437 1151 sunt.
1463 1123 1497 1149 At
1519 1123 1555 1149 illi
1587 1121 1633 1156 qui
1659 1128 1719 1148 eam
1746 1120 1811 1154 Scy-

1029 1173 1136 1199 tharnm
1166 1172 1303 1198 exercitus
1319 1174 1425 1204 partem
1442 1176 1599 1204 oppressam
1624 1167 1810 1198 confecerant.

1029 1219 1189 1253 magistratu
1231 1217 1329 1251 privati
1375 1221 1437 1244 sunt
1475 1221 1503 1243 ct
1538 1215 1635 1249 Capitis
1662 1213 1811 1248 periculum

1027 1265 1163 1295 adierunt,
1188 1264 1249 1298 quia
1279 1264 1372 1291 hostes
1401 1262 1611 1290 trucidaverant.
1638 1261 1689 1294 Qui
1721 1264 1811 1287 autem

1028 1311 1099 1345 apud
1128 1311 1319 1344 imperatorem
1355 1309 1455 1344 primas
1486 1313 1576 1343 partes
1610 1307 1704 1342 gratiae
1730 1313 1812 1333 occu~

1027 1357 1165 1391 pahantct
1183 1356 1325 1390 pluriunnu
1340 1354 1410 1389 apud
1438 1354 1525 1389 ipsum
1541 1354 1675 1384 valebant,
1690 1351 1812 1379 cos.irri-

1027 1402 1138 1432 debattt.
1156 1408 1281 1436 tanquam
1298 1401 1420 1428 homines
1437 1400 1577 1431 militares,
1605 1403 1632 1426 et
1660 1397 1731 1425 bello
1752 1396 1812 1431 qni-

1027 1449 1085 1475 dem
1107 1454 1192 1482 aptos,
1207 1448 1252 1474 sed
1268 1455 1378 1482 prorsus
1391 1454 1479 1474 rerum
1501 1445 1619 1472 civilium
1643 1444 1722 1470 rudes
1752 1450 1813 1469 esse

1027 1494 1161 1520 dicebant.
1184 1492 1351 1526 Pt'mt'ept't‘ul
1366 1491 1438 1518 enim
1468 1491 1615 1525 imperator
1628 1488 1662 1516 ab
1671 1487 1812 1515 Antiochia

1028 1538 1184 1572 ntprinnnn
1204 1537 1336 1564 imbellem
1360 1540 1385 1562 et
1419 1535 1483 1562 nulli
1519 1535 1577 1562 usui
1609 1540 1698 1568 aptam
1726 1533 1812 1559 susci-

1028 1588 1123 1618 perent
1140 1587 1247 1609 mtatcm
1262 1587 1287 1608 et
1304 1589 1350 1616 per
1364 1580 1546 1608 Romanorum
1575 1579 1687 1606 ditionis
1725 1582 1812 1605 terras

1029 1628 1207 1659 dimitterent,
1221 1631 1248 1653 ct
1260 1631 1386 1659 tanquam
1399 1623 1507 1652 obsides
1521 1627 1578 1651 tuto
1593 1624 1651 1650 loco
1659 1623 1790 1650 haberent
1803 1630 1811 1654 ;

1029 1681 1116 1709 neque
1130 1681 1162 1702 eo
1174 1673 1263 1700 secius
1289 1672 1322 1699 ad
1350 1671 1422 1706 ripas
1442 1670 1630 1698 consisterent.
1661 1673 1690 1695 ιιι
1719 1669 1812 1695 turbas

1027 1726 1122 1754 pugna:
1144 1723 1222 1753 aptas
1256 1716 1367 1744 minime
1393 1714 1544 1749 transgredi
1565 1714 1695 1745 sinerent,
1724 1719 1812 1747 neque

1028 1765 1134 1800 navigia
1145 1764 1197 1791 illis
1211 1764 1243 1791 ad
1260 1763 1448 1797 trajectioncnl
1466 1762 1628 1796 prmbcrent,
1655 1759 1811 1794 priusquam

1028 1819 1102 1838 arma
1115 1810 1316 1845 (ItlpOSlliSSCIH,
1329 1815 1382 1843 quo
1400 1808 1484 1835 nudos
1498 1806 1727 1834 transmitterem.
1758 1804 1812 1838 20

1027 1857 1126 1884 Eorum
1162 1860 1262 1888 autem,
1295 1856 1340 1889 qui
1379 1855 1430 1882 ista
1468 1853 1594 1880 mandata
1633 1855 1810 1885 exceperunt,

1026 1902 1129 1929 exarsit
1145 1902 1188 1928 hic
1205 1909 1298 1928 amore
1312 1900 1389 1934 pueri
1410 1898 1526 1932 alicujus
1547 1896 1654 1924 candidi
1685 1901 1712 1923 ct
1738 1895 1812 1922 vultu

1027 1947 1095 1982 grati
1111 1955 1143 1973 ex
1160 1947 1202 1974 his
1218 1945 1263 1980 qui
1288 1945 1393 1979 traiecti
1409 1945 1527 1974 fuerant,
1541 1943 1609 1969 alter
1628 1941 1757 1968 misertus
1771 1945 1815 1968 cst

1028 1994 1122 2021 uxoris
1141 1993 1272 2019 formosa:
1289 1991 1370 2017 unius
1383 1997 1416 2017 ex
1430 1989 1556 2023 captivis.
1583 1988 1633 2015 llic
1660 1991 1754 2022 captus
1770 1991 1814 2013 est

1029 2039 1133 2075 virgine
1148 2039 1278 2070 formosa,
1296 2036 1364 2064 alios
1389 2034 1546 2070 magnitudo
1565 2040 1707 2061 munerum
1729 2032 1812 2066 cepit,
1832 2048 1837 2051 -

1028 2086 1098 2113 linea
1126 2084 1286 2111 vestimenta
1330 2087 1357 2109 et
1390 2080 1510 2116 stragula
1538 2080 1573 2107 ab
1596 2084 1712 2113 utraque
1734 2083 1812 2113 parte

1029 2131 1175 2159 limbriata.
1189 2129 1272 2157 Plane
1285 2127 1472 2163 unusquisque
1484 2126 1605 2161 ipsorum
1616 2125 1667 2152 hoc
1680 2124 1811 2159 propositi

1030 2177 1136 2210 habuit,
1152 2181 1182 2204 ut
1199 2183 1262 2203 suas
1276 2175 1372 2202 domos
1387 2173 1484 2205 servis,
1498 2172 1577 2199 villas
1606 2170 1759 2206 pastoribus
1786 2175 1814 2196 et

1029 2223 1155 2251 insanum
1171 2221 1272 2249 amoris
1288 2221 1407 2247 furorem
1426 2218 1523 2253 quavis
1537 2217 1645 2245 licentia
1658 2216 1811 2250 implerent.

1029 2270 1122 2304 Itaque
1144 2267 1206 2296 victi
1220 2275 1235 2294 a
1249 2266 1356 2302 Scythis
1369 2265 1481 2292 victoria
1493 2264 1640 2292 lautissima
1672 2268 1699 2291 ct
1725 2262 1813 2289 disso-

1029 2316 1177 2346 lutissima,
1193 2321 1239 2341 eos
1254 2318 1381 2347 tanquam
1397 2310 1586 2339 benefactorcs
1609 2313 1636 2336 et
1656 2312 1814 2336 servatores

1031 2362 1135 2397 priscos
1154 2368 1214 2388 cntn
1229 2359 1313 2387 armis
1336 2362 1511 2393 exceperunt.
1527 2358 1561 2385 At
1573 2357 1610 2385 illi
1626 2362 1726 2385 tantam
1754 2363 1812 2383 rem

1028 2407 1087 2434 sine
1116 2405 1170 2432 ullo
1202 2405 1293 2432 labore
1323 2404 1424 2439 adepti,
1446 2412 1479 2431 ex
1509 2403 1598 2436 clade,
1630 2410 1712 2438 quam
1737 2401 1809 2430 domi

1030 2456 1204 2486 acceperant,
1228 2458 1306 2477 suam
1333 2454 1561 2484 comparaverunt
1589 2448 1810 2483 prosperitatcm.
1858 2450 1863 2459 '

1030 2498 1097 2525 Nam
1115 2504 1164 2532 pro
1185 2495 1300 2523 desertis
1325 2495 1442 2531 Scythia:
1474 2495 1541 2523 locis
1569 2499 1596 2521 et
1625 2493 1754 2521 barathro
1786 2492 1813 2519 in

1030 2545 1181 2572 Romanum
1211 2541 1366 2569 invaserunt
1383 2541 1537 2575 imperium.
1561 2540 1647 2574 Atque
1667 2538 1811 2572 imperium

1031 2590 1098 2617 adeo
1110 2588 1167 2622 jam
1190 2592 1246 2614 tum
1259 2587 1373 2614 barbara
1389 2593 1484 2613 eorum
1504 2588 1599 2612 natura
1619 2589 1645 2611 et
1660 2583 1763 2619 pcrllda
1778 2590 1811 2609 ex

1029 2643 1072 2669 eo,
1097 2634 1167 2669 quod
1193 2633 1294 2661 hedera
1325 2640 1373 2667 pro
1397 2631 1483 2658 nihilo
1507 2630 1649 2662 ducebant,
1676 2627 1810 2663 apparuit.

1029 2681 1138 2710 Etenim
1155 2684 1221 2707 aetas
1235 2669 1350 2711 inutilis,
1362 2677 1389 2704 iu
1402 2677 1561 2712 trajectionc
1571 2679 1695 2709 suscepta
1713 2681 1811 2708 magno

1028 2727 1118 2756 studio
1129 2731 1155 2754 et
1166 2733 1230 2754 cura
1251 2732 1355 2755 eorum,
1369 2723 1414 2757 qui
1440 2723 1489 2749 hac
1517 2721 1621 2748 consilii
1658 2720 1806 2752 dederant,

833 2784 872 2811 VA
878 2784 945 2810 RM".
966 2782 1165 2811 LECTIONES.

231 2827 253 2864 _"
263 2827 365 2862 ἐπαγγ.
383 2829 580 2863 Commelinns,
599 2829 705 2863 ἀπαγγ.
720 2830 791 2864 vulg.

195 2861 266 2898 vulg.
305 2864 327 2879 ⁷⁹
341 2865 485 2892 ἐπιστάναι
502 2865 575 2900 vulg.

844 2830 864 2846 ⁷⁷
879 2829 1003 2864 αὐξήσων
1016 2828 1060 2860 N.,
1085 2827 1208 2864 αὐξῆσαν
1219 2827 1291 2862 vulg.

613 2864 636 2881 ”
652 2866 740 2892 οἰκίαν
751 2865 796 2897 ΙΙ.,
810 2866 912 2892 οἰκείαν
932 2865 1001 2900 vulg.

1346 2826 1367 2842 "
1383 2823 1506 2851 διάῦασιν
1532 2824 1646 2851 ύοιεεοιι
1662 2843 1669 2855 ,
1692 2823 1811 2851 διάθεσιν

1042 2864 1062 2881 ἰ
1083 2862 1274 2898 ὑπελάμϐανον
1294 2862 1366 2896 vulg.
