4056 6210
406 277 521 344 (59

1358 277 1757 339 EXCERPTA
1795 278 1899 339 EX
1939 277 2281 341 EUNAPIO
2323 282 2711 344 SARDIANO

3571 281 3677 346 €60

410 411 509 466 per
540 402 732 467 gentes
764 403 820 452 et
847 394 1110 460 nationes,
1138 400 1198 448 ut
1223 392 1526 457 habitaret,
1578 404 1669 450 est
1714 393 1982 464 dispersa.

2101 413 2193 464 μον
2214 398 2309 450 καὶ
2341 401 2491 468 παρά
2522 401 2619 472 τὴν
2647 400 2859 470 ἡλικίαν
2889 401 3131 474 ἧϐησαν,
3166 400 3261 455 καὶ
3296 401 3430 456 πολὺ
3461 401 3521 455 τδ
3552 404 3678 455 ἐπι-

411 489 594 557 Servi,
639 504 855 555 uxores,
885 488 1004 553 lilii.
1030 487 1087 541 hi
1110 486 1329 558 quidem
1359 488 1515 558 signa
1538 488 1684 556 regia
1703 486 1985 558 gerebant,

414 585 538 638 illas
575 591 757 638 autem
790 580 1109 650 conspicere
1137 589 1257 635 erat
1298 580 1518 635 mollius
1570 589 1627 636 et
1681 580 1986 644 venustius,

413 686 572 742 quam
598 669 840 737 captivas
870 667 1117 734 decebat,
1147 668 1394 724 vestitas.
1428 676 1498 724 At
1519 675 1858 736 captivorum
1892 664 1988 722 lilii

411 773 465 817 et
491 761 757 831 quidquid
795 761 903 817 illis
932 760 1036 815 fuit
1075 760 1494 830 mancipiorum,
1556 761 1699 814 aeris
1728 759 1989 829 temperie

412 855 469 907 in
520 852 683 906 alium
721 868 783 908 se
816 851 1179 918 sustulerunt,
1212 860 1268 904 et
1298 862 1496 919 praeter
1541 860 1756 905 etatem
1784 852 1992 918 pubue-

412 954 535 999 ruut
558 956 613 999 et
659 944 715 998 in
746 945 1084 1013 .immensant
1141 944 1544 1002 multitudinem
1612 943 1885 1001 succrevit
1936 954 1993 999 et

412 1048 631 1092 auctum
665 1046 750 1091 est
786 1037 1026 1093 hostium
1060 1053 1252 1109 genus.
1310 1037 1514 1094 Ferunt
1540 1039 1737 1109 priscae
1800 1039 1993 1095 fabula:

413 1143 510 1195 per
570 1128 825 1183 Bmotiam
862 1140 912 1183 et
940 1128 1223 1194 Colchida,
1264 1145 1332 1185 ex
1384 1129 1683 1186 draconum
1739 1132 1993 1187 dentibus

412 1220 696 1275 seminatis
729 1221 978 1275 homines
1008 1236 1130 1276 cum
1164 1221 1331 1276 armis
1380 1221 1543 1276 simul
1594 1235 1720 1277 cum
1776 1222 1992 1277 semine

302 1337 305 1341 τ
414 1314 740 1382 prosiliisse.
769 1311 965 1369 Nostra
991 1323 1169 1371 autem
1222 1323 1358 1369 aetas
1395 1316 1537 1370 hanc
1577 1314 1818 1370 fabulam
1850 1330 1909 1369 re
1939 1322 1993 1368 et

415 1413 612 1459 eventu
662 1418 848 1459 veram
916 1418 1038 1460 esse
1094 1404 1392 1461 declaravit
1441 1415 1496 1460 et
1514 1406 1687 1461 oculis
1739 1405 1991 1473 subjecit.

414 1495 572 1550 llaud
603 1510 760 1551 secus
778 1496 925 1551 enim
959 1496 1209 1564 contigit,
1238 1502 1298 1549 ut
1327 1495 1567 1566 Scythici
1596 1495 1815 1566 generis
1872 1494 1990 1558 lilii,

417 1598 516 1653 per
547 1582 915 1639 Romanorum
943 1581 1168 1637 ditionis
1199 1593 1393 1648 terras,
1445 1591 1702 1652 tanquam
1774 1582 1991 1647 dentes,

419 1675 649 1744 dispersi
681 1674 840 1729 slmul
892 1681 1056 1744 atque
1118 1686 1316 1744 praeter
1384 1674 1602 1730 solitum
1650 1685 1865 1744 tempus
1926 1674 1992 1728 ad

418 1776 656 1831 aetatem,
740 1781 846 1836 qua
909 1780 1062 1821 arma
1124 1766 1267 1822 ferre
1326 1777 1641 1838 potuerunt,
1693 1767 1989 1837 progressi,

418 1857 600 1912 omnia
673 1857 976 1923 iracundia,
1029 1856 1217 1913 furore
1274 1870 1330 1913 et
1384 1859 1626 1913 caedibus
1679 1860 1990 1928 implerent.

417 1948 609 2015 Itaque
635 1949 734 2006 llos
758 1949 999 2021 Scythici
1031 1950 1242 2005 roboris
1270 1961 1325 2004 et
1356 1949 1656 2005 nobilitatis
1678 1966 1782 2006 non
1806 1960 1996 2007 contra

418 2044 767 2112 expulsores,
794 2043 886 2096 sed
908 2051 1098 2097 contra
1151 2056 1265 2105 eos.
1323 2043 1412 2111 qui
1452 2042 1601 2112 ipsos
1646 2053 1997 2112 exceperant,

405 2127 488 2190 se
518 2136 812 2200 convertit,
848 2142 904 2188 et
934 2133 1091 2205 longe
1119 2134 1367 2204 graviora
1398 2145 1454 2190 et
1478 2136 1774 2203 atrociora,
1834 2151 1997 2206 quam

420 2229 567 2299 passi
603 2228 840 2292 fuerant,
870 2236 996 2283 sunt
1024 2228 1163 2284 ausi.
1213 2225 1405 2282 Omnis
1464 2226 1608 2287 enim
1656 2227 1893 2284 Thracia
1945 2239 2001 2285 et

423 2321 710 2377 continens
775 2319 924 2387 regio
957 2319 1272 2375 Macedonia
1331 2327 1387 2375 et
1434 2319 1712 2375 Thessalia
1768 2321 1890 2377 talis
1920 2332 2003 2377 est

421 2424 479 2470 et
538 2425 648 2470 tam
715 2413 899 2469 multis
963 2413 1295 2469 carminibus
1374 2413 1673 2481 celebrata,
1738 2424 1795 2469 ut
1855 2415 2000 2471 nulla

419 2506 668 2561 oratione
716 2520 902 2560 earum
933 2505 1248 2575 praestantia
1316 2505 1548 2574 exprimi
1602 2507 1796 2575 possit.
1853 2505 2002 2562 Hauc

423 2598 582 2653 talem
632 2607 738 2652 tam
789 2597 1130 2667 populosam,
1186 2596 1399 2652 beatam
1457 2596 1621 2651 simul
1684 2604 1741 2651 et
1793 2612 1823 2653 a
1891 2604 1999 2652 tam

421 2690 664 2746 strenuis
730 2698 784 2744 et
849 2688 1079 2744 fortibus
1145 2689 1277 2744 viris
1339 2688 1640 2743 babitatam
1691 2698 1746 2743 et
1800 2690 2001 2745 cultam

425 2783 751 2854 Scytharum
784 2781 1019 2836 iulldelis
1044 2790 1097 2836 et
1130 2781 1319 2837 insana
1353 2781 1597 2847 rebellio,
1626 2798 1789 2854 quam
1822 2784 2009 2839 subito

422 2887 479 2932 et
531 2876 718 2931 statim
777 2884 899 2945 post
974 2874 1349 2944 Irajectiouem
1403 2887 1764 2947 susceperunt
1837 2884 1891 2933 et
1951 2879 2001 2935 in

424 2969 607 3037 majus
630 2977 923 3037 auxerunt,
962 2968 1014 3022 in
1046 2983 1167 3021 eum
1220 2978 1587 3036 contemptum
1641 2970 1886 3034 adduxit.
1948 2981 2004 3026 et

2092 488 2364 558 φυόμενον
2410 485 2479 560 ἧν
2534 490 2792 563 πολέμιον
2846 492 3023 560 γένος.
3060 493 3125 545 0i
3180 492 3281 562 μὲν
3309 486 3404 545 οὖν
3453 490 3681 546 παλαιοὶ
3745 542 3753 566 ι

2095 581 2253 649 μῦθοι
2283 583 2502 651 λέγουσι
2554 583 2683 655 περὶ
2730 584 2829 655 τὴν
2864 585 3127 639 Βοιωτίαν
3156 584 3252 638 καὶ
3283 584 3382 654 τὴν
3414 583 3675 655 Κολχίδα,
3743 571 3753 587 ’

2090 675 2454 747 δρακοντείων
2477 675 2707 733 ὀδόντων
2735 676 3220 746 κατασπαρὲντων.
3261 676 3319 727 ἐν
3348 675 3537 737 ὅπλοις
3564 677 3675 741 ἅμα

2090 766 2170 838 τῷ
2210 767 2398 837 σπόρῳ
2440 768 2569 830 τοὺς
2617 766 2823 836 ἄνδρας
2873 763 3284 819 ἁναπάλλεσθαι
3316 779 3331 796 ο
3375 764 3404 816 δ
3453 763 3511 817 δέ
3555 762 3674 815 καθ⁵

2092 859 2239 929 ἡμᾶς
2262 858 2456 931 χρόνος
2490 858 2586 912 καλ⁸
2613 861 2707 912 τὸν
2737 857 2907 927 μῦθον
2934 856 3123 913 τοῦτον
3146 857 3226 918 είς
3249 854 3367 924 φῶς
3394 855 3488 907 καὶ
3518 854 3676 923 ἔργον

2094 953 2371 1023 συνήγαγε
2399 953 2497 1005 καὶ
2523 951 2754 1022 ὀφθῆναι
2785 951 3225 1021 κατηνάγκασεν.
3265 948 3344 1001 Οὐ
3369 946 3479 1018 γὰρ
3512 946 3684 1015 ἑφθα-

2096 1061 2196 1098 σαν
2249 1045 2343 1097 τοῦ
2387 1042 2658 1099 Σκυθικοῦ
2708 1043 2902 1112 γένους
2953 1042 3034 1104 είς
3062 1041 3162 1112 τὴν
3197 1039 3555 1110 ἐπικράτειαν
3579 1038 3683 1108 τὴν

2104 1136 2424 1206 Ῥωμαϊκὴν
2470 1136 2520 1188 οἱ
2554 1135 2744 1197 παῖδες
2773 1134 2966 1204 ὥσπερ
3001 1132 3217 1194 ὀδόντες
3262 1129 3682 1198 διασπαρέντες,

2094 1229 2191 1282 καὶ
2222 1228 2404 1281 πάντα
2425 1223 2494 1299 ἦν
2524 1226 2699 1298 μεστά
2718 1227 2764 1260 δ’
2796 1224 2972 1296 θυμοῦ
3008 1225 3102 1278 καὶ
3128 1223 3329 1294 μανίας
3354 1222 3451 1275 καὶ
3479 1221 3680 1288 φόνων,

2094 1319 2430 1375 ἀνελθόντων
2473 1317 2657 1372 αὐτῶν
2720 1319 2803 1381 εἰς
2840 1316 3059 1387 ἡλικίαν
3105 1314 3344 1385 μάχιμον
3392 1311 3545 1381 παρά
3588 1309 3687 1361 τὸν

2096 1411 2312 1483 χρόνον.
2336 1410 2411 1464 Τὸ
2439 1409 2497 1463 δὲ
2534 1406 2785 1480 ἀκμάζον
2810 1408 2908 1476 τῆς
2947 1404 3222 1474 Σκυθικῆς
3255 1403 3425 1472 ἀλκῆς
3452 1402 3544 1455 καὶ
3563 1416 3686 1468 γενρ

2095 1500 2378 1574 ναιότητος
2406 1497 2474 1563 ³³,
2514 1501 2630 1561 τοῖς
2668 1493 3093 1566 ὑποδεξαμένοις
3133 1495 3252 1548 ἀντὶ
3277 1492 3387 1546 τῶν
3415 1490 3687 1560 ἐκϐεϐλη-

2097 1595 2271 1649 κότων
2309 1594 2368 1658 ἐς
2404 1594 2777 1647 ἐπανάστασιν
2809 1590 2975 1654 εὐθὺς
3002 1586 3230 1657 ὲγερθὲν
3276 1584 3324 1616 ⁸⁸
3365 1584 3459 1637 καὶ
3509 1582 3687 1654 μαχό-

2103 1701 2264 1754 μενον
2304 1683 2440 1738 πολὺ
2471 1682 2750 1752 δεινότερα
2786 1679 2881 1735 καὶ
2913 1676 3301 1751 τραγικώτερα
3344 1673 3697 1743 συνετόλμηε

2101 1792 2194 1828 σεν
2220 1769 2297 1830 ὧν
2337 1773 2563 1835 ἔπαθεν.
2628 1773 2690 1831 Ἦ
2741 1773 2840 1843 μὲν
2894 1771 3004 1841 γὰρ
3056 1769 3250 1840 Θρᾴκη
3307 1766 3457 1821 πᾶσα
3504 1765 3602 1819 καὶ
3650 1766 3687 1835 ἡ

2100 1866 2332 1939 συνεχὴς
2363 1868 2498 1936 αὐτῇ
2519 1865 2675 1936 χώρα
2698 1862 3009 1918 Μακεδονία
3038 1861 3132 1914 καὶ
3156 1858 3431 1913 Θεσσαλία
3457 1855 3687 1925 τοιαύτη

2097 1959 2182 2023 τίς
2215 1961 2332 2012 ἐστι
2363 1957 2459 2011 καλ⁵
2485 1956 2628 2010 οὕτω
2660 1953 3062 2024 πολυύμνητος,
3101 1951 3244 2005 ὥστε
3280 1950 3401 2004 οὐδέ
3430 1945 3511 2012 εἷς
3543 1948 3690 2002 κατᾶ

2098 2050 2274 2108 ταῦτα
2303 2049 2698 2120 ἀναγράφεινό
2738 2046 2896 2114 λόγος
2937 2041 3028 2115 ἦν.
3073 2043 3358 2111 Τοσαύτην
3407 2041 3463 2095 δὲ
3518 2037 3690 2095 οὖσαν

2101 2144 2276 2215 αὐτὴν
2306 2143 2405 2196 καὶ
2443 2140 2587 2194 οὓτω
2631 2138 3081 2209 πολυάνθρωπον,
3117 2132 3430 2205 ἐὐδαίμονά
3475 2150 3535 2186 τε
3569 2133 3695 2202 ἅμα

2102 2236 2198 2288 καὶ
2226 2232 2507 2303 εὔανδρον,
2538 2232 2572 2300 ή
2605 2229 2715 2283 τῶν
2750 2227 2972 2284 Σκυθῶν
2998 2226 3228 2288 ἄπιστος
3254 2226 3348 2278 καὶ
3378 2222 3693 2293 παράλογος

2103 2326 2472 2388 ἐπανάστασις
2506 2322 2838 2387 ἐξαπιναίως
2869 2321 2967 2375 καὶ
2990 2319 3338 2390 παραχρῆμα
3366 2317 3464 2387 τῆς
3492 2315 3697 2368 διαὸἀιι

2105 2435 2242 2479 σεως
2293 2414 2727 2486 συντολμηθεῖσα
2781 2413 2879 2467 καὶ
2913 2412 3245 2482 ἁνοιδήσασα
3294 2409 3709 2480 κατεστόρεσεν.

2104 2514 2164 2576 ἐς
2199 2510 2419 2565 τοσόνδε
2452 2508 2547 2562 καὶ
2584 2505 2971 2577 καθημάξευσε
3010 2505 3133 2563 ταῖς
3173 2501 3505 2571 συμφοραῖς,
3547 2496 3694 2550 ὥστε

2105 2604 2309 2677 χρυσὸν
2336 2600 2733 2672 ἀποδειχθῆναι
2764 2596 2902 2667 πρὸς
2928 2594 2996 2648 τὰ
3025 2595 3238 2666 Θρᾴκια
3275 2592 3425 2662 πάθη
3455 2590 3557 2659 τὴν
3578 2589 3699 2642 Μυ-

2108 2698 2218 2751 σῶν
2276 2691 2624 2773 παροιμιώδη
2670 2689 2842 2743 λείαν.
2897 2688 3068 2751 Δόξαν
3115 2684 3299 2746 αὐτοῖς
3355 2678 3696 2773 στασιάςειν,

2108 2770 2408 2860 ἀξιομάχου
2433 2786 2508 2857 μὴ
2537 2781 2816 2856 παρούσης
2840 2779 3127 2849 δυνάμεως
3153 2776 3233 2840 είς
3258 2773 3494 2845 ἄμυναν,
3525 2770 3604 2841 τῷ
3630 2785 3698 2825 τε

2108 2879 2306 2951 πλήθει
2332 2878 2469 2948 πρὸς
2513 2874 2836 2945 ἀνθρώπους
2887 2868 3234 2937 ἀφυλάκτους
3285 2863 3381 2920 καὶ⁹
3426 2860 3699 2922 ἀνόπλους

2109 2974 2389 3043 ἐφάνησαν
2425 2966 2817 3038 φοϐερώτατοι,
2851 2963 2948 3016 καὶ
2975 2959 3054 3031 τῷ
3078 2957 3438 3027 φονικωτάτῳ
3469 2953 3607 3025 πρὸς
3632 2953 3703 3006 τὸ

434 3076 606 3132 usque
683 3075 749 3116 eo
771 3062 1040 3132 spoliavit,
1067 3072 1125 3116 ut
1150 3077 1258 3132 prae
1288 3063 1391 3118 hac
1422 3062 1671 3120 Thraciae
1695 3064 1998 3121 calamitate

2106 3064 2480 3139 κρατούμενον
2504 3060 2681 3115 πάντα
2711 3055 2923 3126 ἀνδρῶν
2957 3054 3269 3122 ἐχήρωσαν.
3306 3043 3701 3115 Περιειστήκει
3756 3076 3769 3083 κ

427 3167 618 3207 aurum
685 3166 805 3207 esse
828 3153 1101 3209 videretur
1144 3152 1345 3229 Mysica
1393 3154 1502 3219 illa,
1550 3170 1671 3225 quae
1718 3158 2006 3225 proverbio

428 3244 629 3310 fertur,
672 3244 953 3315 praedatio.
983 3246 1168 3301 Visum
1203 3255 1384 3301 autem
1415 3256 1499 3302 est
1529 3247 1637 3303 illis
1668 3250 2004 3307 seditionem

430 3337 692 3403 excitare,
712 3352 834 3392 eum
861 3337 1017 3391 nullae
1033 3337 1314 3407 zlcnpiae
1334 3339 1611 3406 adessent,
1626 3356 1745 3408 qua:
1769 3356 2008 3410 pugnare

427 3436 484 3484 et
514 3429 622 3482 illis
658 3428 917 3482 resistere
947 3434 1190 3496 possent.
1264 3426 1333 3482 Et
1387 3429 1736 3484 multitudine
1786 3432 2004 3501 quidem

429 3536 527 3575 sua
555 3519 869 3574 hominibus
897 3518 1130 3572 incautis
1152 3527 1206 3573 et
1246 3518 1364 3574 sine
1394 3521 1563 3576 armis
1600 3533 1757 3577 erant
1813 3528 2007 3582 terrori

431 3618 488 3664 et
566 3611 619 3665 in
672 3612 847 3667 etedes
921 3626 1048 3681 erga
1110 3612 1355 3669 devictos
1433 3612 1608 3679 ell'usi,
1659 3617 1841 3672 omnia
1903 3620 2011 3676 late

433 3701 758 3758 mortalibus
786 3701 1081 3756 nudarunt.
1112 3701 1243 3759 Inde
1304 3702 1505 3760 factum
1539 3716 1644 3770 est,
1676 3716 1733 3761 ut
1780 3708 2009 3766 Romani

435 3794 759 3865 Scytharum
794 3808 988 3871 nomen
1029 3809 1138 3850 non
1172 3795 1350 3850 minus
1381 3797 1820 3866 rel‘orntidarent,
1848 3818 2009 3871 quam

435 3885 656 3957 Scytha:
715 3900 909 3942 nomen
949 3886 1288 3943 Hunnorum.
1336 3888 1414 3945 Ex
1472 3891 1784 3949 civitatibus
1826 3910 2014 3964 pauca:

2104 3162 2161 3216 δὲ
2189 3162 2245 3223 ἐς
2268 3160 2382 3213 ἴσον
2404 3155 2564 3225 λόγον
2588 3154 2683 3207 καὶ
2714 3148 2928 3212 Σκύθας
2956 3147 3175 3202 Οὖννων
3202 3144 3279 3216 μὴ
3306 3143 3497 3212 φέρειν
3524 3139 3702 3208 ὄνομα

2107 3253 2202 3306 καὶ
2239 3247 2549 3320 Ῥωμαίους
2575 3242 2821 3300 Σκυθῶν.
2844 3241 3044 3307 Πόλεις
3067 3237 3196 3308 γοῦν
3219 3234 3581 3308 εὐαρίθμητοι
3601 3229 3706 3283 καὶ⁴

2107 3345 2267 3413 ὀλίγα
2296 3341 2441 3404 τινὲς
2464 3336 2805 3407 διεσώθησαν
2833 3333 2929 3388 καὶ
2959 3331 3040 3385 ἔτι
3062 3328 3328 3394 σώζονται
3349 3324 3548 3396 τειχῶν
3578 3323 3705 3376 ’ἐνε-

2110 3455 2204 3490 κεν
2231 3435 2326 3488 καὶ
2375 3429 2829 3502 οἰκοδομημάτων
2854 3444 2870 3459 ·
2912 3428 2946 3497 ἡ
2995 3424 3052 3478 δὲ
3101 3422 3258 3494 χώρα
3310 3421 3411 3474 καὶ
3445 3417 3507 3471 τὸ
3544 3416 3707 3468 πλεῖ.

2113 3544 2236 3579 στον
2268 3521 2644 3586 ἀπανάλωται,
2669 3519 2764 3573 καὶ
2798 3519 2948 3572 ἐστιν
2970 3515 3229 3591 ἀοίκητον
3258 3513 3352 3566 καὶ
3379 3509 3577 3564 ἄϐατον
3609 3506 3707 3559 διὰ

2110 3618 2202 3670 τὸν
2258 3614 2518 3685 πόλεμον.
2576 3610 2842 3672 Βασιλεὺς
2879 3608 2934 3660 δὲ
2966 3604 3159 3673 ἐπειδὴ
3208 3602 3415 3655 τούτων
3468 3596 3707 3650 ἐπύθετο

2111 3708 2221 3763 τῶν
2249 3706 2561 3778 ἀδιηγήτων
2596 3703 2805 3763 κακῶν,
2837 3699 2979 3769 πρὸς
3014 3697 3255 3769 μὲντοὺς
3287 3693 3502 3765 Πέρσας
3528 3691 3706 3756 ἀναγ-

2111 3802 2276 3858 καίαν
2334 3800 2560 3871 είρήνην
2616 3794 2945 3864 συνθέμενος
2975 3831 2989 3854 ,
3040 3787 3221 3858 ἑαυτῷ
3269 3786 3326 3841 δὲ
3383 3783 3707 3853 πολεμήσας

2114 3893 2208 3948 ἐπὶ
2241 3889 2582 3964 μεταγνώσει
2614 3887 2742 3957 ’τῆς
2782 3882 3075 3953 ὑποδοχῆς,
3108 3880 3185 3947 τῷ
3231 3877 3389 3948 θυμῷ
3438 3892 3498 3929 τε
3534 3876 3705 3943 ὕπερρ

366 4044 373 4049 ,
443 3980 716 4035 mmnibus
754 3990 808 4035 et
835 3982 1259 4050 propugnaculis
1320 3991 1471 4051 tutae,
1510 4001 1647 4054 quas
1713 3986 1872 4043 facile
1930 4002 1998 4044 esn

2116 3984 2299 4049 ἐζεσε,
2328 3982 2425 4037 καὶ
2463 3980 2601 4050 πρὸς
2626 3978 2716 4032 τὸν
2742 3977 2979 4046 πόλεμον
3005 3974 3256 4028 ἐντείνων
3276 3972 3321 4005 ³⁸
3340 3968 3535 4023 ἐαυτὸν
3565 3983 3707 4037 προ-

439 4087 784 4140 enumerare,
834 4074 1061 4143 integrae
1133 4083 1188 4129 et
1251 4075 1435 4131 illaesa:
1488 4088 1907 4147 permanserunt
1963 4096 1993 4136 e

2119 4076 2476 4148 καταπέμπει
2508 4073 2571 4127 τὸ
2616 4068 2951 4140 Σαρακηνῶν
2999 4066 3222 4121 ἱππικὸν
3255 4065 3332 4128 ώς
3376 4063 3707 4131 ἀντισχῆσον

439 4166 615 4221 adhuc
648 4175 988 4235 permanent.
1042 4165 1149 4221 Sed
1210 4168 1357 4237 regio
1422 4169 1536 4237 ipsa
1580 4171 1870 4238 plurimmu
1932 4188 1990 4228 es

2118 4168 2230 4231 τοῖς
2268 4165 2594 4237 Βαρὸάροις.
2654 4162 2793 4232 Ἤδη
2844 4161 2953 4233 γάρ
3010 4161 3106 4213 καὶ
3152 4160 3251 4230 τὴν
3286 4154 3708 4211 Κωνσταντίνου

438 4267 672 4323 vastata,
722 4266 774 4312 et
826 4257 1025 4312 inculta
1071 4266 1126 4314 et
1155 4259 1368 4315 deserta
1423 4260 1574 4329 jacet
1600 4278 1667 4317 ex
1717 4266 1819 4320 hoc
1851 4267 1993 4322 bello

2122 4261 2277 4313 πόλιν
2315 4258 2664 4327 κατέτρεχον,
2691 4255 2923 4318 καὶτοῖς
2954 4252 3193 4323 τείχεσιν
3233 4250 3493 4321 ὴνόχλουν
3546 4262 3709 4316 περιο

437 4345 745 4415 lmperator
786 4358 963 4402 autem
1008 4357 1066 4402 ut
1118 4349 1183 4404 de
1214 4358 1293 4403 tot
1353 4351 1628 4422 tantisque
1672 4355 1847 4420 malls,
1897 4373 1998 4428 qua

2123 4354 2443 4422 καθήμενοι,
2475 4348 2734 4418 πολέμιόν
2767 4364 2828 4399 τε
2861 4344 3014 4399 οὐδὲν
3053 4344 3285 4415 ὁρῶντες
3317 4345 3374 4403 ἐς
3409 4337 3710 4394 ἀντίπαλον

438 4440 649 4494 narrari
683 4454 789 4496 non
831 4449 1079 4510 possunt,
1109 4438 1285 4496 factus
1334 4453 1418 4497 est
1463 4444 1666 4498 certior
1704 4460 1762 4501 se
1816 4447 1989 4515 ipsum

2129 4447 2331 4518 μάχην,
2362 4442 2458 4497 καὶ
2489 4443 2602 4505 τοῖς
2633 4440 2976 4511 φρονήμασιν
3011 4439 3091 4498 είς
3122 4438 3301 4491 πᾶσαν
3358 4433 3517 4505 ὕϐριν
3572 4430 3708 4483 ώλι-

440 4531 582 4599 quod
611 4530 734 4586 illos
770 4533 1057 4602 receperit,
1092 4548 1376 4602 accusans,
1422 4551 1606 4604 pacem
1658 4554 1779 4594 eum
1834 4539 1998 4599 Persi:

2130 4538 2414 4609 σθηκότες.
2460 4536 2526 4587 Ὂ
2549 4534 2614 4604 δὴ
2647 4533 2693 4565 ⁸⁸
2742 4535 2838 4586 καὶ
2878 4529 3195 4602 περιφανῶς
3241 4527 3389 4594 εδοξε
3441 4524 3709 4579 κάλλιστα

438 4620 753 4675 necessario
793 4621 970 4677 facere
1001 4632 1085 4675 est
1115 4635 1361 4680 coactus.
1410 4624 1602 4694 itaque
1655 4628 1735 4683 ira
1778 4628 1998 4701 ﬂagrant

2129 4629 2509 4703 στρατηγῆσαι
2549 4625 2694 4681 κατά
2722 4624 2813 4679 τδν
2844 4626 3036 4694 καιρὸν
3065 4624 3270 4676 ἐκεῖνον
3308 4622 3343 4689 ἡ
3368 4620 3528 4688 τύχη.
3784 4620 3793 4631 ⁸

440 4725 494 4768 et
521 4721 666 4767 totus
701 4713 752 4765 in
816 4712 945 4768 illud
1009 4714 1209 4769 bellum
1274 4715 1593 4774 incumbens
1679 4724 1961 4791 praemittit
2001 4725 2403 4782 Saracenorum
2484 4719 2810 4790 equitatum,
2877 4717 2968 4787 qui
3028 4717 3386 4772 barbarorum
3447 4714 3709 4780 impetum

443 4807 784 4877 reprimeret.
818 4806 936 4862 Jam
975 4811 1118 4866 enim
1176 4826 1348 4881 usque
1379 4813 1444 4866 ad
1491 4811 2016 4890 Constantinopolim
2053 4817 2437 4881 excurrebant,
2469 4824 2521 4869 et
2588 4822 2843 4880 tanquam
2910 4809 3097 4864 urbem
3154 4807 3468 4863 obsidentes
3504 4802 3707 4856 ma‘nia

440 4901 818 4969 incursabant,
864 4918 986 4958 eum
1020 4904 1190 4959 nullas
1217 4906 1421 4976 copias,
1470 4911 1726 4979 quasillis
1777 4915 2037 4970 resistere
2076 4920 2320 4984 possent,
2365 4914 2674 4969 cernerent,
2742 4904 2995 4974 superbia
3036 4919 3130 4958 sua
3180 4902 3250 4957 ad
3295 4914 3515 4959 omnem
3571 4898 3719 4952 fero"

442 4994 586 5047 cium
623 4993 787 5049 delati
844 4994 999 5050 Unde
1029 4995 1244 5050 fortuna
1283 5008 1408 5053 tunc
1439 5004 1698 5072 temporis
1730 5007 2016 5062 manifeste
2050 5009 2164 5063 visa
2194 5016 2277 5062 est
2308 5003 2449 5059 belle
2481 5015 2579 5069 pro
2612 4996 2871 5052 Romanis
2903 4997 3189 5050 militasse.

517 5086 568 5141 7.
621 5088 708 5159 (A.
745 5088 807 5142 C.
841 5087 966 5153 ³592,
1003 5089 1113 5143 ittd.
1160 5090 1212 5153 5,
1242 5089 1512 5147 Theodos.
1551 5095 1679 5163 imp.
1740 5096 1854 5168 Η.)
1910 5097 1998 5152 Sttl

2195 5094 2258 5161 ζ’.
2296 5094 2418 5147 Ὀτι
2449 5091 2542 5146 ἐπὶ
2574 5088 2856 5143 Θεοδοσίου
2906 5088 3033 5149 τοὺς
3074 5084 3326 5158 πρώτους
3350 5083 3578 5157 χρόνους
3611 5082 3711 5152 τῆς

446 5178 754 5237 Theodosio
778 5179 971 5250 primis
991 5179 1109 5251 ejus
1126 5181 1335 5250 imperii
1351 5184 1509 5238 annis
1534 5183 1862 5256 Scytharum
1885 5202 1998 5257 gen;

2124 5188 2402 5260 βασιλείας
2438 5186 2500 5240 τὸ
2531 5184 2641 5238 τῶν
2689 5179 2915 5235 Σκυθῶν
2947 5178 3097 5241 ἔθνος
3138 5176 3550 5246 ἐξελαυνόμενοι
3608 5174 3713 5244 τῆς

447 5274 668 5328 sedibus
708 5272 821 5328 suis
850 5272 1027 5328 excita
1059 5281 1113 5329 et
1141 5272 1209 5330 ab
1238 5272 1449 5329 llunnis
1479 5275 1727 5345 expulsa,
1763 5292 1867 5332 tttta
1898 5293 1998 5334 cun

2124 5280 2311 5354 χώρας
2338 5279 2445 5333 ὑπὸ
2486 5277 2595 5331 τῶν
2638 5271 2878 5337 Οὖννων,
2913 5269 3315 5341 διεϐεϐήκεσαν
3372 5268 3482 5320 τῶν
3524 5264 3714 5354 φυλῶν

448 5378 672 5422 suarum
703 5364 937 5424 tribuum
963 5365 1193 5423 ducibus
1252 5376 1308 5421 et
1374 5365 1517 5433 aliis,
1567 5367 1658 5437 qui
1719 5382 1917 5437 genere
1975 5387 1998 5427 e

2127 5351 2416 5447 ήγεμόνες,
2455 5367 2726 5440 ἀξιώματι
2776 5365 2871 5419 καὶ
2922 5365 3071 5432 γένει
3132 5363 3491 5434 προήκοντες.
3547 5351 3716 5410 Οὗτοι

1718 5502 1955 5561 VARUS
1991 5504 2400 5564 LECTIONES.

518 5621 565 5652 “
604 5624 778 5697 μεστὰ
812 5624 1171 5697 Casaubonus
1203 5640 1290 5695 ap.
1325 5621 1572 5697 Boisson.
1608 5637 1665 5697 p_.
1689 5621 1849 5697 βίη),
1878 5625 2017 5693 μετὰ
2063 5627 2208 5697 vulg.

2287 5626 2334 5657 ⁸³
2354 5621 2731 5694 γενναιότατον
2766 5621 2829 5676 ll.
2908 5619 3212 5692 δικὲγερθὲν
3237 5618 3514 5687 Βοῖεεοιισι
3551 5617 3711 5691 ἐγερπ

453 5691 612 5766 θῆναι
642 5693 785 5764 vulg.
887 5695 933 5726 ⁸³
967 5694 1201 5748 ἕντύνων
1235 5691 1379 5767 conj.
1420 5692 1478 5749 Β.
1555 5695 1602 5728 ⁸⁵
1627 5693 1656 5747 ὃ
1684 5693 1773 5767 δὴ]
1800 5691 1919 5750 ὅθεν
1941 5697 2006 5755 ll.
