2005 3105
177 152 229 186 661

586 153 635 184 DE
656 153 941 185 LEGATIONIBUS
960 154 1137 187 GENTIUM
1159 157 1209 187 AD
1227 157 1417 187 ROMANOS.

1758 155 1811 186 662

177 212 239 242 ταῖς
264 209 358 246 τιμαῖς
380 209 427 236 τοῦ
443 208 574 245 βασιλέως
591 209 783 243 ἐξωγκωμένοι
807 209 855 235 καὶ⁸
879 209 990 241 πάντα4

1033 212 1162 239 tobilitate
1191 213 1367 246 praestabant,
1395 211 1573 246 trajecerunt.
1601 217 1630 240 et
1659 213 1809 241 honoribus

179 256 223 291 ἐφ’
242 257 354 288 ἑαυτοὺς
366 256 484 291 δρῶντες
499 255 624 289 κείμενα,
640 255 735 281 στάσιν
758 256 787 281 ἐν
804 255 929 289 ἀλλήλοις
940 256 970 282 οὐ

182 302 285 338 μικρὰν
300 302 425 337 ἡγειραν,
444 302 468 328 oi
491 301 540 336 μὲν
565 301 675 335 ἀγαπᾷν
690 300 738 328 καὶ
769 300 897 336 δέχεσθαι
922 301 972 336 τὴν

181 348 324 382 παροῦσαν
339 346 513 382 εὐδαιμονίαν
528 345 698 379 κελεύοντες,
726 347 750 373 οἱ
775 346 804 373 δὲ
832 346 877 373 τὸν
903 347 972 374 οἴκοι

181 394 313 427 γεγονότα
331 393 476 427 φυλάττειν
495 392 578 427 ὅρκον
601 393 693 424 αὐτοῖς
714 394 761 419 καὶ
780 392 818 427 μὴ
839 393 974 427 παραϐαί-

182 447 240 465 νειν
267 439 373 470 ἐκείνας
392 439 442 470 τὰς
457 438 605 473 συνθήκας.
623 435 710 465 Δῦται
723 439 754 465 δέ
779 437 850 474 ἦσαν
875 440 974 467 ἀσεϐέ-

184 493 281 512 σταται
296 486 343 512 καὶ
366 485 533 521 βαρϐαρικὸν
549 483 614 521 ἧθος
632 487 672 517 είς
688 486 817 520 ὡμότητα
835 487 974 523 παρατρέ-

184 539 292 566 χουσαι,
319 531 402 557 παντὶ
425 531 519 567 τρόπῳ
539 531 687 566 Ῥωμαίοις
714 532 901 561 ὲπιϐουλεῦειν
927 533 974 561 καὶ

184 577 259 612 πάσῃ
288 578 396 612 μηχανῇ
424 578 472 604 καὶ
498 577 567 612 δόλῳ
592 577 656 609 τοὺς
686 578 902 613 ὑποδεξαμένους
916 579 975 606 ἀδι-

184 624 253 653 κεῖν,
267 622 318 649 κᾶν
333 622 368 651 τὰ
388 622 506 658 μέγιστα
531 623 577 650 ὑπ’
603 622 695 652 αὐτῶν
722 622 751 650 εὖ
771 623 923 658 πάσχωσιν,
938 624 976 655 ὼς

183 667 216 693 ἂν
229 668 278 702 τῆς
293 668 406 695 ἐκείνων
424 669 535 703 ἁπάσης
550 667 642 702 χώρας
669 669 812 702 ἐγκρατεῖς
829 668 974 701 γένωνται.

184 713 252 747 Περὶ
268 713 365 740 τούτου
384 714 435 748 μὲν
450 711 498 740 οὖν
512 711 547 749 ἦν
559 714 650 744 αὐτοῖς
668 714 684 747 ὴ
705 713 809 745 στάσις,
827 713 875 739 καὶ
888 713 977 739 διανε-

185 758 321 794 μηθέντες
335 759 545 794 ἀπερράγησαν,
570 758 595 784 οί
624 758 673 793 μὲν
704 757 740 784 τὰ
767 758 851 792 χείρω
878 757 979 792 προθέ-

186 810 263 838 μενοι
291 803 342 838 τῆς
360 804 457 839 βουλῆς
470 824 477 837 ,
503 804 529 830 οἱ
548 803 626 830 δὲτὰ
645 804 836 838 εὐσεϐέστερα,
864 803 979 838 ἐπικρύ⁸

185 857 301 880 πτοντες
311 849 339 876 δὲ
356 850 474 885 ἑκατέρα
495 850 590 881 στάσις
604 850 654 883 τὴν
676 849 814 885 πρόφασιν
833 849 883 885 τῆς
894 850 979 885 ὀργῆς

1023 258 1057 284 ab
1073 258 1237 291 imperatore
1258 258 1354 285 delatis
1367 260 1568 293 arrogantiores
1595 258 1659 287 facti
1679 265 1704 288 et
1720 262 1811 288 omnia

1024 303 1051 330 in
1067 303 1194 337 seposita
1222 304 1435 338 conspicientes,
1466 305 1537 332 inter
1563 312 1593 333 se
1625 313 1678 333 non
1700 314 1811 340 parvam

1023 349 1184 376 seditionem
1219 349 1387 382 excitarunt,
1412 358 1473 377 cum
1498 350 1543 378 alii
1568 351 1753 383 hortarentur,
1784 358 1815 379 ut

1024 395 1144 423 contenti
1170 395 1297 428 praesenti
1326 396 1507 430 prosperitate
1540 396 1707 429 fruerentur,
1725 397 1770 424 alii
1786 401 1816 424 ut

1021 439 1226 474 jusjurandum,
1244 439 1315 473 quod
1339 439 1413 467 domi
1436 441 1634 474 prazstiterant,
1660 445 1813 475 servarent,

1025 491 1113 522 neque
1139 488 1217 518 pacta
1250 484 1409 519 migrarent.
1434 484 1479 511 llla
1509 490 1601 512 autem
1631 490 1710 521 pacta
1737 490 1816 514 erant

1025 530 1235 563 immanissima,
1266 535 1294 557 et
1325 530 1486 559 crudelitate
1518 531 1607 566 ipsum
1636 533 1815 560 barbarorum

1026 583 1130 602 morem
1159 576 1337 610 excedebant,
1362 580 1392 603 ut
1427 577 1502 604 omni
1548 578 1652 606 ratione
1686 579 1816 606 Romanis

1026 621 1141 650 insidias
1167 621 1310 651 tenderent
1335 626 1363 650 et
1381 622 1455 650 omnl
1481 626 1541 651 arte
1561 628 1590 651 et
1619 624 1715 651 fraude
1744 624 1814 657 illos,

1027 674 1143 701 quorum
1159 674 1265 694 summa
1285 667 1311 693 in
1322 674 1370 694 eos
1383 667 1548 695 constabant
1585 668 1694 700 merita',
1719 676 1816 703 aggre-

1028 711 1159 738 dereutttr
1189 716 1218 739 et
1248 712 1492 745 circumvenirent,
1521 721 1608 748 neque
1632 714 1817 748 quiescerent,

1030 757 1116 786 donec
1142 758 1217 785 omni
1230 759 1337 786 illorum
1361 759 1471 794 regione
1497 761 1576 794 potiti
1596 760 1749 789 essent.De
1766 761 1818 787 hoc

1030 801 1114 838 igitur
1127 808 1187 830 erat
1211 804 1282 831 inter
1299 804 1417 838 Scythas
1434 805 1541 837 seditio,
1563 809 1591 832 et
1613 806 1685 832 ittter
1696 814 1725 832 se
1738 805 1819 832 dissi-

1031 848 1137 881 dentes,
1151 848 1177 876 in
1194 848 1260 876 duas
1273 849 1429 876 contrarias
1443 854 1535 883 partes
1556 849 1603 876 lati
1630 855 1702 878 sunt.
1725 851 1776 877 Alii
1791 851 1817 878 in

184 894 269 930 ὅμως.
291 895 346 924 Καὶ
366 896 380 922 ὁ
394 895 522 931 βασιλεὺς
538 896 627 932 τιμῶν
640 896 692 925 οὐκ
705 896 813 931 ἔληγεν,
838 896 895 923 ἀλλ’
916 897 979 931 όμο-

1033 893 1220 930 benignlorum
1241 894 1406 923 sententiam
1420 894 1579 930 vergebant,
1598 901 1713 929 utraque
1726 900 1816 923 tamen

183 940 339 975 τραπέζους
352 938 410 976 εἶχε
435 941 483 968 καὶ
501 942 682 976 ὁμοσκήνως,
706 942 753 968 καὶ
771 942 838 968 πολὺ
853 942 884 968 τὸ
902 942 978 976 φιλό-

185 985 271 1021 δωρον
293 987 322 1018 ἑς
342 987 441 1018 αὐτοὺς
464 985 499 1021 ἦν
512 995 520 1001 ⁸
540 987 660 1022 οὐδαμοῦ
688 987 742 1022 γὰρ
766 987 912 1023 ἐξεφέρετο
931 988 978 1014 καὶ

186 1032 416 1067 παρεγυμνοῦντο
429 1033 462 1059 τὰ
473 1033 524 1067 τῆς
539 1033 716 1067 φιλονεικίας.
730 1031 786 1059 Ἦν
810 1033 839 1059 δὲ
865 1033 978 1068 ἡγεμὼν

186 1076 237 1110 τῆς
268 1076 317 1110 μὲν
346 1077 489 1112 θεοφιλοῦς
509 1078 558 1105 καὶ
589 1078 665 1110 θείας
696 1078 805 1114 μερίδος
831 1078 977 1114 Φράϐιθος,

187 1121 257 1156 ἀνὴρ
272 1123 332 1152 νέος
358 1123 408 1157 μὲν
434 1124 505 1150 κατὰ
524 1124 573 1158 τὴν
599 1123 718 1159 ἡλικίαν,
735 1123 856 1158 γεγονὼς
883 1124 911 1150 δὲ
938 1124 979 1156 εἰς

188 1167 289 1202 ἀρετὴν
308 1168 356 1194 καὶ
368 1169 499 1204 ἀλήθειαν
515 1170 645 1197 ἁπάντων
658 1170 810 1204 ἀνθρώπων
824 1169 978 1201 κάλλιστος.

186 1212 272 1243 Θεούς
284 1221 313 1238 τε
323 1213 377 1247 γὰρ
392 1214 526 1248 ὡμολόγει
545 1215 709 1249 θεραπεύειν
725 1215 796 1241 κατὰ
807 1215 854 1241 τὸν
866 1215 980 1249 ἀρχαῖον

187 1258 301 1293 τρόπον,
315 1260 362 1285 καὶ
377 1259 506 1296 οὐδεμίαν
529 1261 634 1297 ὑπέστη
651 1260 750 1288 πλάσιν
767 1262 796 1293 ἐς
809 1261 919 1295 ἀπάτην
932 1260 979 1286 καὶ

186 1306 368 1341 διακράτησιν
391 1307 427 1340 ⁸⁷,
443 1307 512 1335 ἀλλὰ
528 1308 636 1343 γυμνὴν
651 1308 699 1334 καὶ
720 1307 845 1342 καθαρὰν
859 1306 980 1341 διέφαινε

186 1348 238 1388 τὴν
248 1352 337 1388 ψυχὴν
353 1353 418 1389 περὶ
435 1354 482 1381 τοῦ
499 1354 568 1388 βίου,
582 1353 680 1388 ἐχθρὸν
693 1352 892 1388 ὑπολαμϐάνων

1030 946 1094 973 pars
1117 940 1260 967 seditionis
1297 947 1407 967 causam
1441 940 1606 967 occultabat.
1635 939 1819 968 Nihilominus

1031 985 1179 1020 imperator
1204 985 1264 1012 illos
1292 985 1444 1012 honoribus
1468 993 1567 1013 ornare
1587 993 1641 1013 non
1658 986 1818 1018 desistebat,

1030 1035 1058 1057 et
1074 1030 1154 1056 modo
1169 1037 1225 1057 sua:
1242 1037 1341 1056 mensa:
1365 1030 1522 1064 parti-ipes,
1541 1031 1620 1057 modo
1646 1031 1696 1057 sub
1723 1030 1819 1057 eodem

1031 1076 1148 1104 tentorio
1162 1075 1293 1110 degentes
1305 1075 1466 1104 admittebat
1487 1080 1515 1103 et
1539 1076 1613 1102 omni
1633 1075 1819 1104 benevolentia

1031 1128 1079 1149 eos
1096 1120 1324 1156 prosequebatur.
1354 1120 1493 1154 Nusquam
1518 1121 1590 1148 enim
1616 1128 1697 1155 prava
1724 1128 1819 1148 eorutn

1031 1167 1143 1194 consilia
1161 1167 1331 1201 apparebant
1347 1171 1375 1193 et
1401 1167 1607 1201 detegebantur,
1638 1168 1705 1195 Erat
1728 1174 1820 1195 autem

1031 1213 1179 1241 sanctioris
1196 1218 1223 1240 et
1238 1213 1286 1240 Dei
1308 1214 1397 1241 charm
1410 1214 1496 1247 partis
1521 1215 1575 1240 dux
1591 1214 1723 1246 Fravitta,
1741 1217 1822 1241 a-tate

1031 1258 1140 1293 quidem
1158 1259 1278 1293 juvenis,
1290 1260 1336 1286 sed
1353 1260 1409 1294 qui,
1427 1267 1489 1286 cum
1510 1260 1639 1287 virtutem
1655 1259 1822 1286 excoluissct

1032 1308 1060 1332 et
1070 1304 1178 1331 veritati
1199 1304 1360 1337 studuissvet,
1375 1305 1496 1331 omnium
1523 1305 1663 1332 hominum
1688 1309 1821 1339 praestan-

1034 1351 1158 1378 tissimus
1172 1350 1226 1386 εκ
1238 1354 1375 1378 evaserat.
1393 1350 1461 1377 Deos
1482 1350 1527 1377 ille
1547 1350 1598 1378 sibi
1616 1351 1648 1377 ad
1679 1351 1821 1385 antiquum

189 1407 293 1427 morem
308 1400 438 1427 colendos
449 1400 596 1432 statuebat,
612 1407 700 1434 neque
726 1399 764 1426 illi
798 1399 870 1426 ullus
892 1398 979 1425 inerat
995 1398 1086 1426 dolus.
1110 1397 1168 1425 Non
1195 1398 1240 1425 ille
1263 1397 1409 1433 quidquam
1435 1394 1483 1432 per
1501 1396 1624 1424 fraudem
1648 1401 1676 1424 et
1692 1397 1822 1423 malitiam

188 1448 318 1482 ﬁngebat,
335 1455 389 1482 quo
415 1447 468 1475 sibi
494 1449 642 1481 potentiam
672 1453 822 1482 comparet,
849 1449 896 1475 sed
922 1455 1000 1482 puro,
1031 1447 1148 1482 simplici
1166 1451 1194 1473 et
1210 1445 1327 1473 candido
1345 1446 1436 1472 animo
1464 1445 1536 1472 inter
1563 1445 1687 1473 homines
1714 1446 1821 1479 agebat.

520 1507 598 1542 ὁμῶς
614 1508 709 1534 Ἀΐδαο
742 1508 880 1541 πύλῃσιν

1039 1506 1159 1542 Pejorem
1172 1504 1256 1542 portis
1270 1504 1433 1542 inferuerunt
1450 1512 1508 1529 eum
1520 1512 1590 1542 “esse
1603 1503 1724 1542 ducebat,

191 1528 246 1577 ⁵⁷οξ
255 1527 458 1578 λε’-ἔτερόν
462 1527 639 1577 xe'eéﬁir'i
644 1527 891 1577 gzgalzZijl‘ldde
898 1543 948 1569 εῐπ
953 1552 968 1577 ῃ
974 1563 980 1570 .

190 1590 310 1616 Γυναῖκα
340 1587 387 1615 οὖν
420 1589 506 1624 ᾔτησε
537 1589 680 1624 Ῥωμαίαν
714 1588 793 1621 εὐθὺς
811 1609 818 1621 ,
850 1589 893 1616 ίνα
931 1599 984 1625 μη-

194 1635 240 1662 δέν
268 1635 368 1671 ὑϐρίζῃ
397 1635 442 1661 διὰ
475 1633 601 1670 σώματος
641 1635 775 1668 ἀνάγκην.
806 1634 862 1661 Καὶ
893 1635 908 1661 ὁ
936 1636 984 1670 βα-

193 1681 284 1712 σιλεὺς
313 1680 448 1716 ἐπέτρεψε
485 1681 531 1707 τὸν
559 1681 672 1714 γάμον,
701 1680 748 1706 καὶ
775 1681 790 1707 ό
813 1680 906 1715 πατὴρ
933 1682 983 1715 τῆς

191 1728 277 1763 κόρης
298 1728 450 1762 (ἐτρέφετο
478 1727 533 1762 γὰρ
558 1727 611 1753 ὑπὸ
635 1726 739 1762 πατρὶ)
767 1727 814 1753 καὶ
836 1727 867 1752 τὸ
893 1727 984 1762 πρᾶγ-

194 1783 232 1808 μα
267 1774 432 1808 ἐθαύμασε,
463 1774 598 1808 μακάριον
633 1773 730 1799 ἑαυτὸν
756 1770 957 1807 ὑπολαμϐάνων
974 1792 981 1804 ,

194 1822 218 1846 εἱ
233 1820 354 1847 τοιοῦτον
380 1820 435 1851 ἕξει
458 1820 594 1854 γαμϐρόν.
622 1819 683 1846 Τῶν
706 1819 755 1854 μὲν
778 1818 824 1845 οὖν
838 1819 983 1853 ὁμοφύλων

191 1865 278 1899 όλιγοι
293 1866 364 1897 τινὲς
390 1865 439 1900 τὴν
460 1865 603 1892 εὐσέϐειαν
626 1865 674 1891 καὶ
697 1865 801 1900 ἀρετὴν
817 1864 984 1898 ἀγασθέντες

193 1909 241 1936 τοῦ
255 1910 399 1936 νεανίσκου
409 1929 417 1941 ,
440 1909 509 1944 πρὸς
522 1909 571 1944 τὴν
589 1909 694 1935 ἐκείνου
711 1909 825 1943 γνώμην
841 1908 985 1943 ἐχώρησαν

195 1954 244 1980 καὶ
257 1954 470 1988 συνεστήκεσαν,
487 1953 512 1979 oi.
525 1954 553 1979 δὲ
569 1953 662 1980 πολλοὶ
676 1954 724 1979 καὶ
736 1952 917 1988 δυνατώτεροι
931 1952 985 1979 τῶν

194 2000 367 2035 δεδογμένων
392 2000 422 2033 ἐξ
445 1999 533 2035 ἀρχῆς
552 1999 637 2035 ἀπρὶξ
652 1999 766 2034 εἴχοντο,
784 1999 831 2025 καὶ
848 1999 917 2034 πρὸς
936 1998 986 2033 τὴν

193 2045 277 2073 ὠδῖνα
290 2046 342 2079 τῆς
363 2045 509 2080 ἐπιϐουλῆς
527 2044 710 2079 σφαδάζοντες
737 2045 927 2079 ἐμεμήνεσαν·
948 2041 986 2071 ὦν

194 2089 280 2127 ἦρχεν
301 2090 468 2126 Ἐρίουλφος,
486 2092 556 2125 ἀνὴρ
585 2090 725 2125 ἡμιμανὴς
752 2091 800 2116 xui.
815 2090 870 2117 τῶν
898 2089 985 2117 ἄλλων

195 2137 426 2172 λυσσωδέστερος.
454 2136 611 2172 Συμποσίου
638 2137 667 2163 δὲ
697 2135 876 2171 προτεθέντος
894 2135 986 2167 αὐτοῖς

1036 1538 1087 1573 ριὶί
1102 1540 1176 1567 aliud
1190 1540 1218 1566 in
1230 1544 1334 1572 pectore
1347 1539 1478 1570 versabat,
1496 1538 1572 1564 aliud
1598 1546 1642 1565 ore
1663 1538 1823 1573 proferebat.

1036 1586 1154 1614 Uxoretn
1171 1585 1322 1612 Romanam
1336 1583 1482 1619 expetivit,
1506 1591 1540 1610 ne
1566 1590 1678 1619 propter
1702 1585 1825 1619 corporis

1036 1631 1230 1660 necessitatem
1242 1629 1358 1664 iniurius
1375 1636 1435 1657 esse
1453 1635 1609 1664 cogeretur.
1626 1630 1659 1656 Et
1678 1631 1826 1665 imperator

1036 1678 1186 1706 secundum
1201 1676 1322 1711 parenti
1338 1676 1482 1703 arbitrium
1500 1676 1576 1703 dedit
1595 1675 1640 1710 jus
1656 1676 1825 1710 ttupliarum,

1037 1725 1138 1753 etenim
1155 1723 1245 1759 puella
1265 1723 1316 1751 sub
1331 1727 1409 1758 patre
1425 1722 1606 1750 nutriebatur.
1625 1722 1650 1750 ls
1673 1730 1734 1749 cum
1767 1730 1825 1749 rem

1036 1773 1110 1798 esset
1124 1769 1287 1800 admiratus,
1306 1769 1415 1796 beatum
1442 1775 1472 1795 se
1494 1768 1621 1802 ducebat,
1647 1769 1717 1802 quod
1744 1769 1826 1796 talem

1037 1821 1165 1849 generum
1191 1818 1288 1841 nactus
1323 1817 1406 1841 esset.
1441 1812 1481 1840 Ex
1516 1820 1549 1841 eo
1579 1814 1678 1841 factum
1716 1818 1768 1846 cst,
1798 1818 1828 1841 ιιι

1038 1859 1172 1890 nonnulli,
1184 1860 1232 1886 sed
1244 1859 1388 1887 admodum
1401 1859 1492 1893 pattei,
1504 1860 1685 1887 adolescentis
1700 1860 1827 1887 virtutem

1037 1910 1064 1932 et
1080 1905 1180 1939 pietam
1195 1905 1316 1937 reveriti,
1332 1905 1365 1931 ad
1385 1905 1444 1939 ejus
1463 1912 1573 1931 causam
1588 1913 1617 1932 se
1644 1906 1826 1939 adiunxerint.

1038 1950 1125 1977 Multo
1141 1957 1205 1977 vero
1219 1950 1310 1983 plures
1329 1955 1357 1976 et
1376 1949 1401 1975 hi
1420 1950 1597 1983 potentiores,
1614 1959 1673 1984 quae
1684 1951 1768 1978 semel
1794 1952 1829 1978 ab

1040 1996 1119 2023 initio
1132 1996 1322 2028 decreverant,
1337 1996 1435 2023 tuenda
1449 1996 1501 2022 sibi
1519 1996 1631 2028 ducere,
1644 2002 1672 2024 et
1684 2002 1830 2032 conceptas

1040 2042 1155 2070 insidias
1173 2041 1370 2076 parturientes,
1387 2041 1516 2075 jinsanire
1534 2046 1561 2069 et
1590 2041 1694 2070 furere.
1726 2043 1828 2070 Horum

1041 2090 1168 2124 princeps
1182 2093 1240 2116 erat
1254 2088 1384 2121 Eriull‘us,
1401 2090 1444 2116 vir
1458 2089 1594 2124 impotens
1612 2094 1640 2117 et
1654 2090 1828 2118 furibundus.

1039 2135 1107 2163 Cum
1125 2139 1216 2162 autem
1232 2134 1291 2162 illos
1305 2134 1453 2169 imperator
1468 2135 1593 2163 convivio
1621 2135 1737 2164 lautiore
1750 2145 1831 2164 exce-

196 2183 273 2219 παρὰ
284 2184 332 2210 τοῦ
350 2183 483 2218 βασιλέως
510 2182 660 2218 ἁϐροτέρου
678 2183 727 2209 καὶ
744 2182 983 2217 πολυτελεστέραν,

1038 2181 1135 2215 pisset,
1147 2187 1240 2207 verum
1253 2188 1315 2208 esse
1324 2181 1387 2208 illud
1404 2181 1546 2215 antiquutn
1563 2182 1735 2214 proverbium
1750 2190 1831 2217 appa-

195 2230 245 2263 τὴν
262 2229 414 2264 παροιμίαν
439 2229 631 2261 ἀποδείξαντες
655 2228 743 2263 ἀληθῆ
769 2227 819 2263 τὴν
838 2228 985 2262 λέγουσαν,

198 2274 287 2308 Oli-og-
298 2275 349 2302 καὶ
360 2275 497 2309 ἀλήθεια,
515 2274 563 2301 τοῦ
577 2275 704 2301 Διονύσου
719 2275 765 2302 καὶ
777 2274 836 2300 τότε
854 2274 987 2310 ῥήξαντος

196 2320 290 2349 αὐτοῖς
319 2319 396 2353 παρὰ
424 2320 507 2346 πότον
534 2319 583 2354 τὴν
613 2319 854 2355 ὲπικρυπτομένην
879 2319 986 2351 στάσιν,

196 2366 337 2392 διαλύεται
351 2366 401 2401 μὲν
414 2366 444 2393 τὸ
458 2367 610 2400 συμπόσιον
628 2366 764 2397 ἀτάκτως,
778 2365 826 2391 καὶ
837 2365 882 2391 διὰ
895 2364 987 2399 θυρῶν

199 2412 319 2447 ἐχώρουν
342 2412 559 2448 τεθορυϐημένοι
582 2413 629 2438 καὶ
650 2411 955 2446 παρακεκινηκότες⁸”·
975 2412 989 2437 ό

199 2457 228 2483 δὲ
243 2458 377 2493 Φράϐιθος
387 2459 420 2485 δι’
433 2459 534 2494 ἀρετῆς
547 2457 701 2493 ὑπερϐολὴν
728 2457 759 2482 τδ
772 2456 854 2483 καλὸν
877 2456 923 2482 καὶ
949 2456 987 2482 δί-

199 2512 277 2530 καιον
289 2505 401 2531 κάλλιον
413 2504 471 2539 ἅμα
487 2505 534 2531 καὶ
546 2503 750 2538 Θεοφιλέστερον
763 2501 932 2537 ὀφθήσεσθαι
950 2510 990 2528 νο-

201 2550 300 2584 μίζων,
318 2552 343 2577 εί
368 2551 501 2586 προσθείη
517 2551 540 2567 ⁸⁸
557 2551 650 2585 τάχος,
666 2550 696 2577 οὐ
710 2549 872 2585 περιμείνας
892 2548 988 2583 ἱτερον

201 2597 309 2632 καιρὸν.
332 2597 403 2624 ἀλλὰ
431 2598 608 2633 σπασάμενος
631 2597 662 2623 τὸ
688 2596 766 2631 ξίφος
789 2596 839 2631 τῆς
864 2595 988 2630 πλευρᾶς

207 2641 368 2677 Ἐριούλφου
385 2643 509 2678 διήλασε.
527 2643 583 2669 Καὶ
603 2643 617 2669 ὁ
634 2642 683 2677 μὲν
695 2641 784 2669 ἔκειτο
798 2640 901 2674 πεσὼν,
917 2641 988 2667 ὀνει-

200 2689 359 2725 ροπολήσας
369 2690 419 2725 τὴν
433 2690 526 2718 ἄδικον
540 2689 703 2723 ἐπιϐουλήν·
715 2688 740 2715 οἱ
755 2688 793 2715 δέ.
816 2709 823 2716 .
846 2706 855 2714 .

1037 2227 1108 2258 rttit,
1136 2227 1164 2253 in
1191 2226 1250 2253 tina
1278 2229 1414 2254 veritatem
1440 2234 1512 2254 esse.
1539 2226 1606 2253 Nam
1636 2228 1696 2261 ejus
1719 2236 1770 2263 ope
1804 2229 1831 2255 in

1037 2278 1164 2307 apertum
1184 2273 1275 2307 erupit
1286 2273 1396 2300 seditio.
1413 2272 1536 2300 Solvitur
1563 2274 1645 2309 igitur
1675 2274 1831 2301 convivium

1039 2319 1192 2351 lncondite,
1206 2324 1233 2346 et
1250 2327 1347 2354 magna
1359 2328 1420 2347 eum
1438 2321 1622 2347 commotione
1636 2326 1663 2348 et
1675 2322 1834 2349 confusione

1039 2365 1160 2392 convivi!
1178 2365 1377 2394 tumultuantes
1393 2366 1467 2394 foras
1483 2368 1636 2401 prosiliunt.
1651 2369 1683 2395 At
1700 2368 1832 2401 Fravitla,

1042 2418 1103 2445 qua:
1118 2415 1178 2438 erat
1195 2410 1254 2445 ejus
1268 2412 1376 2439 virtutis
1393 2413 1563 2447 magnitudo,
1579 2415 1600 2441 si
1616 2415 1709 2441 statim
1727 2415 1833 2449 prosili-

1043 2462 1095 2488 ret,
1113 2457 1254 2490 pulehrius
1265 2463 1291 2485 et
1306 2458 1408 2492 justius
1433 2466 1462 2486 se
1491 2459 1625 2486 facturum
1656 2460 1832 2487 existimavit.

1043 2502 1137 2537 Itaque
1165 2510 1217 2530 non
1244 2509 1401 2537 ens-perlato
1413 2504 1467 2532 alio
1483 2509 1616 2539 tempore,
1649 2513 1714 2532 ense
1735 2506 1834 2533 educto

1043 2551 1117 2578 latus
1133 2550 1225 2577 Eriulli
1239 2550 1360 2578 confudit
1374 2560 1380 2577 :
1394 2556 1421 2578 et
1436 2551 1482 2579 ille
1496 2552 1605 2587 quidem
1619 2552 1757 2584 occubuit,
1772 2559 1833 2579 cum

1044 2601 1107 2623 ante
1121 2596 1147 2623 iu
1157 2595 1272 2623 somniis
1289 2595 1433 2624 violentam
1449 2602 1477 2625 et
1492 2597 1617 2632 injustam
1634 2598 1834 2633 aggressionem

1043 2643 1232 2677 prmvidisset;
1250 2642 1288 2670 illi
1304 2650 1403 2671 vero...

854 2745 971 2773 VARIE
990 2744 1189 2775 LECTIONES.

239 2810 263 2828 "
277 2809 455 2845 διακρότησιν
471 2808 543 2843 conj.
556 2807 599 2836 Cl.
636 2807 658 2823 ⁸⁸
671 2806 764 2834 κεύθει
777 2807 848 2842 vnlg.
887 2806 908 2822 "
926 2805 1119 2841 πσρῳνηκότες
1138 2806 1210 2841 conj.
1228 2806 1270 2834 Cl.
1310 2807 1332 2823 ”
1350 2806 1465 2842 προσείη
1478 2805 1511 2834 Ν.
