4056 6210
373 346 480 412 666

1158 339 1254 399 DE
1294 337 1852 399 LEGATIONIBUS
1892 334 2378 400 ROMANORUM
2417 336 2516 395 AD
2554 333 2867 395 GENTES.

3523 333 3635 397 666

378 458 472 509 τὸν
502 448 798 518 πρεσϐείαν
847 444 1003 511 αὖθις
1043 450 1100 502 ἐν
1158 450 1475 521 χλευασμῷ,
1506 449 1706 518 λέγων,
1753 450 1852 514 ώς,
1912 450 1959 503 εί

2067 449 2303 521 legatum
2354 447 2522 514 misit,
2572 447 2663 516 qui
2698 459 2821 502 eum
2870 441 3122 499 irrisione
3166 441 3242 498 illi
3287 441 3513 507 diceret,
3564 457 3628 497 se

377 549 554 600 ἕλοιτο
601 543 831 605 ἕκαστος
897 542 1184 611 Ῥωμαίων
1230 542 1323 595 δύο
1385 542 1608 605 ὀϐολοὺς
1666 542 1955 611 Δεκεϐάλῳ

378 638 611 691 ἑκάστου
639 635 793 697 ἔτους
821 632 1019 698 τελεῖν,
1067 633 1293 703 εἰρήνην
1320 633 1454 703 πρὸς
1478 632 1642 687 αὐτὸν
1667 632 1913 686 τίθεσθαι
1936 648 1951 663 ·

378 728 504 781 εἰδὲ
536 727 611 796 μὴ
642 725 800 778 τοῦτο
824 725 1017 790 ἕλοιτο,
1046 725 1377 797 πολεμήσειν
1403 726 1496 778 καὶ
1530 723 1743 794 μεγάλα
1769 726 1957 787 αὐτοῖς

378 816 819 890 προατρίψεσθαι
844 817 889 848 9⁸
914 815 1083 869 κακά.

455 905 519 960 δ’.
556 907 679 959 Ὀτι
699 904 1001 967 Δεκέϐαλος
1021 905 1157 976 πρὸς
1178 904 1449 974 Τραϊανὸν
1466 904 1723 975 πρέσϐεις
1742 904 1956 975 ἔπεμψε

290 1060 301 1065 1
386 999 712 1069 πιλοφόρους
732 1015 747 1030 ο
781 992 929 1053 οὗτοι
960 998 1070 1068 γάρ
1101 999 1209 1051 εἱσι
1240 998 1373 1069 παρ’
1402 999 1585 1061 αὐτοῖς
1615 1000 1664 1051 οἰ
1699 997 1958 1068 τιμιώτε-

392 1107 499 1160 ροι.
556 1090 826 1161 Πρότερον
879 1090 987 1158 γὰρ
1041 1090 1294 1160 κομήτας
1328 1091 1375 1123 ⁸⁵
1424 1089 1703 1159 ἔπεμπεν,
1742 1089 1958 1142 εὐτελε-

391 1183 612 1251 στέρους
652 1178 944 1243 δοκοῦντας
1002 1180 1133 1249 παρ’
1187 1181 1371 1245 αὐτοῖς
1400 1180 1561 1236 εἶναι.
1618 1183 1847 1235 Ἐκεῖνοι
1898 1180 1956 1234 δὲ

391 1270 641 1334 ἐλθόντες
686 1271 779 1323 ἐπὶ
810 1270 902 1323 τοῦ
933 1271 1205 1341 Τραϊανοῦ
1233 1271 1464 1343 ἔρριψαν
1491 1273 1587 1326 καὶ
1617 1273 1687 1327 τά
1710 1273 1754 1305 ⁸⁷
1793 1274 1954 1339 ὅπλα,

389 1364 483 1417 καὶ
528 1363 628 1425 τὰς
677 1365 865 1434 χεῖρας
912 1364 1138 1416 ὄπισθεν
1185 1364 1447 1434 δήσαντες
1492 1367 1550 1418 ὲν
1598 1364 1958 1435 αἰχμαλώτων

384 1450 536 1519 τάξει
574 1453 785 1506 ἐδέοντο
810 1452 899 1505 τοῦ
936 1453 1206 1522 Τραϊανοῦ
1240 1455 1321 1517 είς
1364 1454 1557 1523 λόγους
1585 1455 1761 1507 ἐλθεῖν
1793 1456 1957 1506 Δεκεο-

386 1545 536 1615 ϐάλῳ
558 1547 626 1598 ⁸⁸.

454 1635 516 1690 ε’.
583 1636 711 1689 Ὀτι
767 1636 928 1691 πάλιν
974 1638 1005 1689 ὁ
1051 1636 1351 1699 Δεκέϐαλος
1396 1637 1691 1709 πρεσϐείαν
1745 1638 1956 1709 ἔπεμψε

388 1727 527 1800 πρὸς
561 1727 855 1797 Τραϊανὸν,
881 1726 987 1780 τῶν
1017 1727 1300 1799 παρόντων
1339 1728 1629 1798 ἀνακωχὴν
1660 1728 1957 1798 κομιζόμε-

386 1837 476 1881 νος
501 1819 572 1873 ³⁸.
620 1818 969 1888 ’Υπισχνεῖτο
1002 1818 1058 1871 δὲ
1117 1819 1186 1872 τά
1224 1835 1285 1869 τε
1336 1817 1475 1871 ὅπλα
1523 1818 1700 1872 πάντα
1750 1819 1844 1872 καὶ
1886 1818 1957 1871 τά

389 1910 759 1983 μηχανήματα
801 1909 1151 1981 παραδιδόναι
1180 1907 1257 1978 τῷ
1280 1908 1536 1978 Τραϊανῷ
1570 1909 1662 1961 καὶ
1691 1909 1818 1972 τοὺς
1849 1926 1957 1979 μη-

387 2000 710 2071 χανοποιοὺς
743 2000 870 2060 τοὺς
915 1998 1222 2068 Ῥωμαίους
1273 1998 1399 2060 τοὺς
1435 1998 1565 2068 παρ’
1603 1997 1753 2067 αύτῷ
1776 1997 1955 2063 ὂντας,

389 2093 481 2144 καὶ
534 2090 662 2153 τοὺς
714 2089 1070 2157 αὐτομόλους,
1105 2088 1199 2141 καὶ
1231 2086 1301 2140 τὰ
1348 2086 1597 2158 ἐρύματα
1637 2089 1811 2140 πάντα
1857 2089 1957 2143 ὅσα

392 2181 764 2237 κατεσκεύασε
810 2179 1488 2249 καθαιρεῖν,παραχωρεϊν
1514 2177 1570 2230 δὲ
1596 2179 1803 2248 καὶτῆς
1825 2179 1950 2247 γῆς,

390 2274 455 2343 ἧν
485 2273 789 2343 ἐκράτησεν
831 2271 859 2323 ὁ
890 2269 1180 2339 Τραϊανὸς,
1223 2271 1319 2322 καὶ
1356 2270 1481 2332 τοὺς
1511 2269 1739 2339 ἐχθροὺς
1784 2268 1952 2322 αὐτοῦ

386 2362 623 2417 καὶτῶν
675 2360 962 2430 Ῥωμαίων
1001 2360 1235 2422 οἰκείους
1286 2358 1513 2428 ἐχθροὺς
1547 2360 1808 2429 νομίζειν,
1860 2360 1955 2412 καὶ⁵

386 2454 716 2524 αὐτομόλους
741 2453 758 2483 ¹
784 2453 859 2523 μὴ
888 2450 1263 2521 ὑποδέχεσθαι,
1289 2450 1423 2519 μηδὲ
1452 2450 1785 2520 στρατιώτην
1824 2449 1955 2502 Ῥως

389 2546 564 2616 μαίων
614 2546 759 2615 ἔχειν
816 2545 982 2611 ἐγγὺς
1038 2542 1256 2596 ἑαυτοῦ.
1307 2541 1675 2611 Προσεδέξατο
1719 2537 1811 2595 οὖν
1855 2543 1954 2611 τὴν

387 2637 683 2707 πρεσϐείαν
714 2638 742 2688 ό
782 2634 1051 2701 Τραϊανὸς
1085 2634 1180 2686 ἐπὶ
1219 2632 1444 2695 ταύταις
1481 2634 1599 2695 ταῖς
1633 2632 1951 2704 συνθήκαις.

397 2730 458 2783 '0
487 2730 543 2783 δὲ
574 2729 875 2790 Δεκέϐαλος
900 2727 967 2781 τὰ
993 2727 1132 2780 ὅπλα
1158 2725 1382 2796 ἔρριψεν
1410 2726 1501 2777 ἐπὶ
1523 2724 1712 2792 αὑτοῦ,
1742 2726 1835 2779 καὶ
1873 2728 1954 2788 εἰς

387 2823 486 2893 τὴν
514 2822 615 2892 γῆν
668 2822 852 2874 πεσὼν
904 2836 1279 2892 προσεκυνησε
1311 2818 1408 2871 καὶ
1438 2819 1519 2881 εἰς
1549 2816 1768 2886 Ῥώμην
1816 2818 1952 2888 πρέ-

2058 555 2243 607 pacem
2294 537 2582 599 facturum,
2622 536 2668 591 si
2706 534 3074 603 unusquisque
3107 532 3478 588 Romanorum
3517 532 3609 587 vel.

2061 634 2135 686 let
2183 632 2256 685 illi
2290 627 2582 699 quotannis
2619 628 2856 696 pendere
2897 627 3032 680 duos
3060 624 3274 689 obolos,
3301 626 3385 679 sin
3427 624 3626 687 minus,

2061 725 2259 781 bellum
2288 731 2346 778 et
2384 734 2579 790 magna
2611 718 2752 775 mala
2777 732 2836 773 se
2863 718 2969 773 illis
2993 717 3295 773 illaturum.
3714 712 3717 715 ’

2127 902 2179 957 4.
2225 899 2315 963 (Α.
2348 897 2412 953 C.
2445 896 2570 961 103,
2624 892 2848 962 Trajan.
2892 891 2970 962 6.)
3012 889 3309 946 Decebalus
3357 887 3505 943 misit
3562 887 3626 939 ad

2061 992 2352 1062 Trajanum
2386 988 2594 1057 legatos
2624 1000 2691 1041 ex
2736 983 2985 1052 his,‘qui
3035 982 3203 1050 pileos
3253 980 3437 1035 ferunt
3496 996 3512 1034 :
3572 978 3626 1031 hi

2058 1087 2201 1142 enim
2244 1082 2383 1152 apud
2416 1081 2591 1135 Dacos
2635 1085 2765 1133 sunt
2805 1073 3212 1131 honoratiores.
3234 1072 3390 1126 Prius
3444 1079 3623 1125 autem

2059 1183 2301 1233 comatos
2326 1173 2571 1235 miserat,
2593 1168 2683 1238 qui
2712 1167 2849 1236 apud
2876 1180 2973 1220 eos
2995 1164 3212 1218 viliores
3240 1164 3526 1216 habentur.
3561 1158 3622 1212 lli

2060 1282 2180 1323 cum
2218 1265 2283 1319 ad
2322 1261 2614 1330 Traianum
2653 1257 2950 1320 venissent,
2983 1254 3301 1321 abjecerunt
3341 1265 3492 1305 arma
3547 1258 3622 1310 et,

2059 1358 2308 1414 manibus
2341 1360 2466 1424 post
2488 1360 2636 1419 terga
2665 1348 2859 1403 vinctis
2890 1344 3227 1413 captivorum
3263 1343 3456 1405 instar,
3489 1340 3627 1393 Trac

2054 1453 2245 1520 ianum
2279 1454 2549 1510 orarent,
2592 1450 2651 1496 ut
2702 1456 2829 1496 cum
2882 1437 3148 1492 Decebalo
3198 1435 3250 1488 in
3297 1433 3622 1501 colloquium

2060 1542 2293 1597 veniret.

2131 1633 2186 1687 5.
2224 1630 2436 1685 Rursus
2472 1622 2769 1680 Decebalus
2810 1622 3143 1690 legationem
3204 1618 3269 1671 ad
3327 1615 3623 1683 Traianum

2063 1723 2232 1787 misit,
2251 1734 2369 1790 qua:
2394 1714 2709 1785 bellilinem
2733 1719 2964 1780 peteret.
2994 1709 3352 1762 Pollicebatur
3366 1721 3424 1761 se
3448 1707 3626 1759 omnia

2062 1828 2212 1869 arma
2254 1819 2309 1865 et
2353 1807 2544 1864 bellica
2593 1805 2952 1858 instrumenta
3012 1798 3245 1865 Traiano
3305 1797 3625 1849 traditurum

2062 1915 2116 1961 et
2148 1904 2426 1957 Romanos
2454 1895 2828 1951 machinarum
2853 1891 3210 1946 fabricatores
3239 1897 3293 1942 et
3318 1884 3625 1954 transfugas

2062 1995 2152 2065 qui
2197 1993 2337 2062 apud
2372 1990 2547 2058 ipsum
2575 1994 2780 2051 essent,
2823 1991 2878 2038 et
2917 1981 3099 2037 omnia
3148 1979 3397 2048 pratsidia
3426 1988 3481 2030 et
3530 1990 3625 2029 ca-

2065 2084 2243 2146 stella,
2272 2095 2391 2149 qua:
2424 2076 2778 2139 extruxisset,
2814 2072 3139 2127 diruturum.
3170 2067 3459 2123 Cessurum
3491 2080 3627 2134 quo-
3694 2094 3708 2112 ο

2061 2188 2166 2245 que
2191 2171 2334 2225 omni
2369 2178 2537 2228 terra,
2582 2180 2686 2235 qua
2709 2163 2976 2232 Traianus
3018 2159 3221 2229 potitus
3241 2167 3405 2221 esset,
3434 2166 3487 2210 et
3511 2156 3629 2223 ejus

2062 2275 2115 2321 et
2144 2263 2512 2317 Romanorum
2538 2257 2720 2311 hostes
2749 2269 2846 2321 pro
2873 2252 2985 2306 suis
3011 2251 3257 2306 hostibus
3290 2247 3624 2309 habiturum,

2062 2368 2234 2422 neque
2259 2348 2650 2422 posthac;ullos
2692 2334 3413 2413 transfugasadmissurum,
3457 2349 3630 2405 neque

2063 2446 2233 2503 ullum
2262 2443 2488 2497 militem
2518 2439 2887 2494 Romanorum
2931 2442 3284 2488 retenturum.
3319 2430 3414 2484 llis
3440 2430 3629 2484 condi-

2064 2538 2297 2593 tionibus
2329 2535 2471 2587 hanc
2522 2529 2845 2597 legationem
2875 2526 3140 2595 Trajanus
3170 2523 3397 2589 accepit.
3434 2522 3497 2574 At
3527 2520 3630 2575 De—

2061 2628 2281 2686 cebalus
2325 2627 2377 2678 in
2424 2628 2712 2689 conspectu
2762 2615 2980 2683 'I‘rajani
3028 2629 3178 2668 arma
3225 2612 3443 2679 abiecit,
3478 2620 3532 2664 et
3576 2612 3629 2663 in

2062 2733 2262 2778 terram
2288 2716 2487 2771 cadens
2515 2727 2636 2767 eum
2668 2708 2945 2764 salutavit.
2969 2704 3195 2774 Legatos
3214 2704 3377 2757 etiam
3403 2702 3628 2755 Romam

2064 2814 2235 2876 misit,
2260 2808 2350 2878 qui
2391 2804 2730 2874 captivorum
2768 2813 2919 2853 more
2949 2804 3105 2852 erant
3152 2793 3404 2848 manibus
3438 2790 3627 2844 vincti.

389 2915 538 2977 σϐεις
567 2914 803 2983 ἔπεμψε,
832 2913 927 2966 καὶ
959 2913 1117 2966 αὐτοὶ
1140 2912 1341 2981 ὁμοίως
1370 2914 1466 2974 τὰς
1497 2913 1680 2983 χεῖρας
1710 2911 1909 2980 ἔδησαν
1943 2912 2017 2976 ὡς
2044 2913 2102 2964 ὲν
2138 2900 2498 2975 αἰχμαλώτων
2530 2897 2702 2960 τάξειο

459 3014 533 3070 ς’.
584 3008 706 3062 Ὅτι
761 3004 1158 3077 Λαγγιϐάρδιυν
1197 3005 1289 3057 καὶ⁸
1333 3004 1526 3057 Ὀϐίων
1576 3002 1955 3072 ἑξακισχιλίων

2133 2973 2316 3063 6.”(Α.
2349 2989 2586 3044 (1.167?
2632 2988 2804 3040 Marc.
2841 2983 2939 3051 δι)
2984 2979 3101 3049 Sex}
3128 2977 3292 3032 millia
3319 2973 3632 3041 Longobar-

392 3062 602 3169 Ἴστρον
640 3062 1087 3168 περαιωθέντων,
1140 3094 1248 3148 τῶν
1294 3095 1423 3163 περὶ
1474 3062 1697 3146 Βίνδικα
1748 3062 1959 3146 ἱππέων

2065 3062 2256 3145 dorum
2287 3094 2341 3137 et
2364 3080 2619 3136 Obiorum
2646 3074 2841 3129 Istrum
2872 3072 3222 3140 traiecerunt,
3247 3068 3298 3120 in
3330 3080 3465 3134 quos
3497 3062 3631 3114 Vin-

390 3189 759 3257 ἐξελασάντων
784 3188 883 3241 καὶ
913 3187 1019 3241 τῶν
1043 3187 1187 3256 ἀμφὶ
1227 3185 1485 3239 Κάνδιδον
1514 3184 1693 3247 πεζῶν
1722 3184 1958 3253 ὲπιφθα-

392 3283 619 3347 σάντων,
644 3284 724 3345 είς
753 3282 990 3351 παντελῆ
1023 3282 1201 3352 φυγὴν
1243 3281 1292 3333 οί
1322 3280 1597 3350 Βάρϐαροι
1638 3278 1957 3349 ἐτράποντο.

402 3374 515 3443 Ἐφ’
550 3370 630 3437 οἷς
682 3372 826 3426 οὕτω
857 3371 1178 3443 πραχθεῖσιν
1227 3372 1286 3425 ὲν
1342 3371 1450 3425 δέει
1493 3370 1860 3432 καταστάντες
1896 3369 1961 3421 ἐκ

386 3465 607 3536 πρώτης
653 3464 1049 3534 ἐπιχειρήσεως
1081 3463 1133 3515 οἰ
1169 3461 1464 3532 Βάρϐαροι,
1512 3460 1770 3531 πρέσϐεις
1810 3457 1962 3529 παρὰ

387 3557 567 3610 Αἴλιον
615 3557 826 3611 Βάσσον
866 3556 963 3626 τὴν
1000 3554 1256 3609 Παιονίαν
1283 3558 1326 3618 ²,
1366 3554 1620 3607 διέποντα
1660 3552 1957 3616 στέλλουσι,

390 3644 758 3715 Βαλλομάριόν
786 3661 843 3697 τε
874 3643 966 3696 τὸν
995 3642 1214 3712 βασιλέα
1244 3640 1697 3713 Μαρκομάννων³
1720 3641 1815 3693 καλ¹
1841 3640 1961 3694 ἑτέ-

394 3753 516 3805 ρους
547 3737 698 3798 δέκα,
733 3736 853 3787 κατ’
886 3734 1035 3796 ἔθνος
1078 3732 1463 3803 ἐπιλεξάμενοι
1492 3735 1609 3786 ἕνα.
1640 3733 1751 3784 Καὶ
1778 3733 1963 3802 ὅρκοις

390 3829 489 3898 τὴν
541 3829 766 3899 εἰρήνην
810 3829 858 3881 οἱ
892 3825 1154 3895 πρέσϐεις
1187 3824 1592 3895 πιστωσάμενοι
1640 3824 1820 3876 οἶκαδε
1852 3840 1960 3892 χω-

396 3918 602 3990 ροῦσιν.
836 3902 885 3913 Ἡ

461 4009 527 4073 ζ’.
565 4011 688 4062 Ὀτι
721 4008 953 4063 Κούαδοι
1001 4006 1263 4080 πρέσϐεις
1286 4005 1538 4076 ἔπεμψαν
1571 4003 1706 4074 πρὸς
1736 4004 1964 4075 Μάρκον

392 4101 616 4172 εἰρήνην
666 4100 1001 4170 αἰτούμενοι.
1046 4101 1140 4154 καὶ
1191 4098 1400 4169 ἔτυχον.
1442 4098 1550 4152 Καὶ
1596 4097 1824 4159 πολλοὺς
1863 4096 1963 4167 μὲν

395 4196 619 4259 ἵππους,
654 4194 884 4257 πολλοὺς
908 4195 966 4248 δὲ
989 4194 1115 4264 βόας
1146 4192 1430 4256 δεδώκασι,
1458 4191 1554 4245 καὶ
1583 4190 1965 4261 αἰχμαλώτους

391 4285 511 4338 τότε
550 4287 648 4355 μὲν
692 4285 920 4355 μυρίους
969 4286 1062 4336 καὶ
1106 4281 1460 4353 τρισχιλίους,
1506 4278 1733 4352 ὕστερον
1778 4276 1964 4332 δὲκαὶ

395 4378 615 4446 ἐτέρους
647 4377 932 4439 πλείστους
959 4374 1260 4429 ἀπέλυσαν.

465 4478 534 4542 η’.
587 4471 710 4524 Ὅτι
752 4466 914 4541 ἦλθον
962 4470 1053 4522 καὶ
1094 4469 1377 4537 Ἀστιγγοι
1426 4466 1521 4520 καὶ
1554 4464 1859 4536 Δακριγγοϊ
1890 4463 1968 4526 είς

398 4563 645 4633 βοήθειαν
674 4562 768 4616 τοῦ
814 4562 1062 4629 Μάρκου.

470 4650 535 4705 θ’.
574 4652 691 4705 Ὅτι
718 4652 935 4721 Κάρποι
961 4650 1019 4702 τὸ
1045 4649 1196 4712 ἔθνος
1223 4646 1544 4717 φθονοῦντες
1564 4649 1674 4710 τοῖς
1694 4643 1815 4699 καθ’
1843 4643 1971 4697 ἕκας-

406 4760 525 4796 στον
564 4743 810 4796 ἐνιαυτὸν
846 4740 1191 4811 τελουμένοις
1249 4742 1363 4802 τοῖς
1414 4738 1666 4804 Γὸτθοις,
1719 4735 1971 4804 ἔπεμψαν

404 4835 535 4904 πρὸς
585 4834 877 4905 Τούλλιονδ
948 4832 1256 4902 Μηνόφιλον
1308 4831 1605 4899 πρεσϐείαν
1658 4827 1774 4898 μεθ’
1809 4830 1973 4896 ὑπερ-

402 4929 661 4998 ηφανείας
713 4924 1069 4988 ἀπαιτοῦντες
1110 4925 1387 4995 χρήματα.
1416 4916 1584 4982 Οὗτος
1633 4921 1691 4973 δὲ
1732 4918 1858 4983 δοὺξ
1902 4914 1971 4989 ἦν

398 5020 628 5083 Μυσίας,
659 5019 755 5071 καὶ
792 5017 914 5071 καθ’
946 5019 1183 5087 ἑκάστην
1213 5016 1429 5087 ἡμέραν
1464 5014 1556 5066 τὸν
1593 5010 1821 5082 στρατὸν
1847 5008 1973 5078 ὲγύ-

403 5111 596 5179 μναζε,
627 5111 721 5162 καὶ
757 5108 1058 5180 προμαθὼν
1093 5108 1189 5179 τὴν
1224 5106 1637 5178 ὑπερηφάνειαν
1663 5103 1841 5155 αὐτῶν
1876 5101 1969 5153 ἐπὶ

400 5200 601 5261 πολλὰς
651 5199 867 5269 ἡμέρας
899 5200 1000 5252 οὐκ
1037 5198 1258 5263 ἐδέξατο
1295 5197 1513 5260 αὐτοὺς,
1565 5194 1738 5256 διδοὺς
1787 5192 1970 5255 αὐτοῖς

402 5292 587 5345 ἄδειαν
634 5289 766 5362 δρᾷν
801 5293 927 5353 τοὺς
977 5290 1311 5361 στρατιώτας
1356 5285 1824 5356 γυμναζομένους.
1862 5284 1971 5337 Καὶ

404 5380 489 5431 ἶνα
527 5380 604 5448 τῷ
638 5380 1011 5450 παρελκυσμῷ
1044 5380 1262 5432 καθέλοι
1306 5378 1486 5431 αὐτῶν
1523 5377 1590 5429 τὰ
1625 5376 1968 5445 φρονήματα,

406 5470 632 5535 καθίσας
674 5472 770 5525 ἐπὶ
809 5472 1054 5542 βήματος
1096 5470 1301 5538 ὑψηλοῦ
1337 5470 1428 5521 καὶ
1458 5469 1814 5537 παραστήσας
1845 5467 1970 5526 τοὺς

1994 4409 2047 4470 ι)

2063 3181 2198 3237 dicis
2247 3177 2479 3245 equites,
2533 3178 2586 3224 et
2638 3167 2869 3235 pedites,
2901 3177 3129 3231 quorum
3178 3160 3287 3212 dux
3328 3167 3447 3211 erat
3489 3154 3632 3209 Can—

2063 3273 2240 3335 didus,
2272 3269 2547 3321 irrueruut
2574 3270 2626 3313 et
2657 3260 2711 3313 in
2754 3256 2934 3325 fugam
2966 3259 3263 3307 verterunt.
3298 3248 3474 3301 Prima
3516 3256 3631 3300 sta-

2064 3365 2158 3419 tim
2192 3359 2475 3416 invasione
2518 3361 2731 3408 terrore
2760 3344 2983 3400 Barbari
3030 3339 3288 3413 perculsi,
3320 3338 3523 3405 legatos
3565 3336 3631 3387 ad

2062 3456 2262 3512 Anium
2311 3451 2570 3512 Bassum,
2619 3442 2710 3513 qui
2759 3437 3093 3494 Pannoniam
3128 3431 3461 3500 provinciam
3492 3428 3633 3482 obti-

2063 3549 2247 3612 nebat,
2300 3544 2524 3599 mittunt
2570 3531 2976 3594 Ballomarium,
3017 3540 3193 3597 regem
3222 3523 3631 3577 Marcomanno-

2063 3653 2215 3701 rum,
2249 3648 2355 3688 una
2393 3645 2515 3686 cum
2560 3626 2679 3681 aliis
2710 3625 2919 3689 decem,
2976 3634 3043 3673 ex
3094 3628 3414 3685 unaquaque
3476 3621 3634 3682 gente

2062 3704 2175 3780 uno
2215 3723 2407 3778 electo.
2449 3719 2538 3774 Sic
2595 3730 2728 3786 pace
2774 3709 3129 3781 jurejurando
3177 3707 3414 3770 (innata,
3465 3701 3631 3771 legati

2063 3815 2282 3870 domum
2317 3809 2618 3864 redierunt.

2133 4005 2187 4060 7.
2215 4004 2298 4073 (A.
2336 4002 2399 4055 C.
2428 3998 2550 4059 I75,
2576 3994 2746 4050 Marc.
2783 3992 2901 4061 I6.)
2935 3988 3107 4056 Quadi
3144 3987 3349 4055 legatos
3376 3983 3640 4038 miserunt

2066 4098 2130 4151 ad
2181 4096 2420 4149 Marcum
2476 4103 2664 4159 pacem
2717 4086 3017 4154 petituros,
3062 4089 3115 4135 et
3168 4076 3447 4132 consecuti
3491 4086 3638 4128 sunt.

2066 4185 2251 4253 Itaque
2304 4181 2504 4235 multos
2550 4189 2720 4244 equos
2766 4182 2823 4225 et
2869 4169 3067 4224 multas
3122 4165 3288 4221 boves
3323 4162 3637 4216 dederunt:

2066 4287 2119 4332 et
2154 4274 2411 4331 tredecim
2436 4269 2604 4325 millia
2628 4266 2989 4335 captivorum,
3015 4270 3070 4316 et
3094 4259 3279 4330 plures
3305 4256 3469 4311 etiam
3496 4263 3645 4322 post-

2070 4382 2132 4422 ea
2182 4362 2420 4420 libertati
2451 4359 2828 4415 restituerunt.

2142 4458 2196 4513 8.
2236 4456 2513 4511 Venerunt
2540 4456 2597 4504 et
2628 4445 2842 4516 Astingi
2889 4451 2944 4500 et
2982 4439 3244 4508 Lacoragi
3289 4437 3343 4491 in
3387 4432 3644 4488 auxiliqu

2073 4550 2262 4606 llarci.

2143 4643 2197 4695 9.
2237 4640 2308 4710 (ο.
2344 4637 2408 4690 Α.
2440 4634 2500 4689 C.
2532 4632 2661 4698 230,
2708 4629 2863 4685 Alex:
2902 4625 3028 4681 Sev.
3066 4624 3196 4691 imp.
3228 4616 3321 4690 9.)
3349 4617 3644 4684 Carporum

2075 4749 2207 4804 gens
2241 4708 2441 4786 invidia
2476 4725 2761 4796 ﬂagrabat,
2797 4720 2938 4791 quod
2967 4716 3129 4773 Gothi
3180 4712 3448 4804 stipendia
3482 4725 3508 4761 a
3541 4708 3646 4804 Ilo:

2075 4796 2252 4880 manis
2284 4819 2643 4888 accipiebant.
2688 4815 2876 4879 Itaque
2922 4808 3247 4880 legationem
3281 4803 3547 4856 miserunt
3579 4796 3645 4848 ad

2077 4913 2312 4969 Tullium
2354 4886 2743 4977 blenophilum,
2802 4910 2857 4957 et
2903 4906 3222 4969 arroganter
3271 4890 3532 4961 pecunias
3579 4886 3648 4977 ab

2077 5004 2167 5059 illo
2202 5001 2489 5072 petierunt.
2515 4975 2668 5049 VErat
2702 4993 2793 5047 ille
2826 4993 2931 5045 dux
2970 4988 3169 5043 Matsim
3204 4993 3257 5037 et
3290 4978 3515 5049 singulis
3542 4975 3649 5044 25

2077 5096 2266 5151 diebus
2326 5088 2623 5146 exercitum
2670 5088 2735 5140 ad
2786 5082 2985 5138 bellum
3031 5073 3321 5133 exercebat
3366 5087 3379 5123 :
3417 5077 3471 5122 et
3527 5081 3647 5119 cum

2079 5190 2282 5257 Carpos
2306 5182 2619 5250 ,insolentes
2650 5187 2704 5233 ct
2748 5176 3008 5246 superbos
3050 5185 3170 5226 esse
3202 5163 3523 5232 accepisset,
3554 5172 3653 5226 per

2080 5282 2260 5355 plures
2287 5278 2400 5332 dies
2425 5290 2517 5331 eos
2554 5289 2658 5329 non
2700 5270 2940 5333 admisit,
2976 5265 3068 5321 sed
3106 5274 3284 5317 tamen
3326 5261 3651 5355 potestatem

2080 5345 2159 5429 eis
2182 5372 2330 5434 fecit,
2350 5383 2471 5423 cum
2502 5366 2774 5421 exercitus
2804 5358 3182 5419 exercebatur,
3207 5360 3264 5404 ut
3291 5345 3492 5401 milites
3520 5356 3650 5394 corr»

2078 5467 2351 5536 epicerent
2378 5479 2391 5515 :
2418 5469 2472 5513 et
2501 5472 2622 5512 cum
2653 5455 2788 5510 satis
2818 5446 3202 5522 prorogatioue
3225 5436 3479 5508 temporis
3504 5434 3661 5489 «lies»

1741 5560 1975 5615 VARIAS
2008 5557 2299 5614 LECTION
2312 5556 2421 5610 ES.

470 5657 517 5689 ’⁸
544 5657 981 5727 προστριψασθαι
1024 5656 1194 5727 vulg._
1243 5651 1755 5727 “fﬁMWSY'l‘g-

414 5727 435 5773 ¹ε
470 5721 769 5798 αὐτόμολον
792 5721 860 5783 II.
937 5734 955 5761 ²
996 5721 1261 5781 ῐΙανὸνίαν
1288 5721 1411 5777 Par.

1832 5652 1877 5681 ⁹⁷
1909 5652 2003 5703 καὶ
2030 5647 2130 5774 te}
2148 5665 2207 5701 τε
2247 5648 2316 5699 τά
2348 5644 2407 5696 Β.
2484 5643 2530 5675 νδ
2550 5637 2855 5693 Δεκεϐάλου
2878 5638 3022 5706 vulg.

1820 5719 1904 5774 ῑινη
1934 5736 2042 5774 me.
2076 5721 2094 5774 I
2129 5758 2141 5773 .
2240 5717 2258 5747 ⁵
2304 5713 2522 5767 Ἰούλιον
2549 5709 2612 5764 Ν.

1514 5724 1533 5753 ³
1566 5721 1905 5792 Μαρκεμάνη
1934 5736 2042 5789 mg.
2076 5721 2141 5775 Il’.

3099 5634 3144 5667 9°
3186 5625 3562 5699 κομισὸμενος
3578 5626 3648 5681 Ν.

2240 5717 2258 5747 ⁵
2304 5713 2522 5767 Ἰούλιον
2549 5709 2612 5764 Ν.
