4010 6210
400 298 506 361 667

1411 299 1805 363 EXCERPTA
1850 303 1952 363 EX
1990 302 2240 367 ΡΕΤΒΟ
2278 302 2636 366 PATRICIO

3550 296 3658 366 668

403 415 474 466 ac
504 411 595 467 die
622 411 825 465 duce“
856 406 1117 476 superbus
1142 405 1356 459 illorum
1386 410 1611 477 Spiritus
1641 412 1894 480 fregisset
1922 421 1978 467 et

2085 414 2376 484 μεγίστους
2403 415 2500 469 τοῦ
2533 403 2903 485 στρατοπέδου
2942 412 3162 481 ἐδέξατο
3191 412 3412 479 αὐτοὺς,
3448 416 3656 486 μηδένα

403 503 724 566 retudisset,
757 499 954 554 sedens
985 499 1037 555 iu
1059 497 1167 555 alto
1187 508 1466 569 suggestu,
1493 502 1786 569 primarius
1811 504 1976 559 totius

403 593 675 648 exercitus
695 589 841 643 viros
867 587 1013 642 circa
1047 603 1106 643 se
1128 589 1398 653 adhibuit,
1423 599 1478 645 et
1504 592 1710 663 Carpos
1737 595 1973 663 excepit,

402 683 661 751 nullaque
707 680 921 735 illomm
971 679 1156 736 habita
1190 685 1401 739 ratione
1429 685 1482 739 in
1514 685 1692 740 medio
1723 687 1973 754 militum,

402 775 527 828 dum
569 772 891 840 legationem
941 787 1095 828 suam
1130 787 1486 844 exponerent,
1533 787 1787 847 tanquam
1832 780 1978 837 aliud

400 880 566 937 agens
592 874 645 919 et
676 865 833 935 longe
865 866 969 921 sibi
994 877 1177 922 essent
1211 870 1461 936 graviora
1496 870 1735 937 negotia,
1770 886 1979 928 sermo-

401 973 524 1012 nem
556 971 679 1011 cum
721 957 842 1011 aliis
876 958 1136 1014 habebat.
1163 962 1231 1012 At
1258 959 1331 1013 illi
1369 962 1646 1029 despectui
1679 961 1847 1016 habiti
1888 964 1977 1017 ni-

396 1044 477 1104 hil
507 1049 653 1104 aliud
683 1049 941 1105 dixerunt
985 1051 1086 1105 nisi
1129 1067 1144 1105 :
1182 1069 1202 1103 ι
1240 1049 1377 1118 Quia
1410 1051 1595 1119 Gothi,
1629 1053 1899 1122 inquiunt,
1946 1068 1978 1112 a

399 1141 555 1196 vobis
602 1142 932 1211 stipendium
982 1144 1274 1212 accipiunt,
1326 1160 1424 1200 cur
1464 1162 1566 1202 nos
1602 1163 1817 1219 quoque
1865 1163 1975 1205 non

401 1231 741 1299 accipimus?
771 1252 789 1285 ι
825 1233 1034 1299 Quibus
1060 1234 1398 1305 Menophilus
1427 1254 1441 1291 :
1474 1256 1493 1289 ι
1520 1238 1653 1293 Cum
1683 1239 1980 1309 imperator

407 1334 592 1377 noster
623 1325 912 1378 multarum
949 1329 1296 1393 pecuniarum
1336 1331 1407 1383 sit
1444 1330 1730 1397 dominus,
1780 1332 1979 1387 libera-

402 1414 615 1469 litatem
647 1431 798 1493 suam
848 1427 1063 1472 exercet
1101 1433 1229 1489 erga
1271 1433 1386 1485 eos,
1420 1422 1534 1491 qui,
1567 1430 1626 1475 ut
1662 1422 1763 1477 sibi
1813 1425 1978 1494 grati-

406 1507 622 1572 licetur,
661 1510 979 1577 suppliciter
1007 1520 1214 1580 petunt.
1258 1532 1277 1564 ι
1315 1512 1452 1566 Tum
1485 1513 1558 1567 illi
1594 1532 1608 1568 :
1648 1533 1667 1566 ι
1704 1513 1814 1570 Nos
1840 1530 1978 1584 quo-

401 1612 511 1666 que
540 1599 960 1668 supplicantium
999 1616 1223 1656 numero
1264 1602 1481 1670 habent,
1519 1613 1573 1660 et
1600 1605 1757 1659 nobis
1788 1608 1976 1661 eadem

399 1690 680 1761 largiatur.
714 1690 913 1746 Sumus
933 1693 1076 1747 enim
1117 1693 1311 1750 Gethis
1356 1697 1786 1763 pra'stantiores.
1829 1718 1847 1751 ι
1880 1698 1976 1752 Ri-

403 1781 536 1834 dens
560 1779 906 1849 Menophilus
934 1799 948 1836 :
981 1801 1000 1834 ι
1040 1781 1218 1838 Meum
1240 1794 1348 1852 est,
1380 1785 1473 1850 ait,
1502 1785 1569 1840 de
1602 1786 1686 1841 his
1716 1791 1780 1841 ad
1809 1788 1975 1858 impe-

400 1881 641 1927 ratorem
679 1873 904 1930 referre.
935 1873 1127 1929 Redite
1173 1876 1344 1943 igitur
1387 1878 1530 1930 intra
1561 1887 1805 1946 quatuor,
1830 1894 1982 1934 meu-

405 1978 493 2018 ses
513 1965 563 2017 in
580 1963 722 2018 hunc
737 1966 983 2019 eumdem
1008 1967 1207 2032 locum,
1224 1975 1280 2020 et
1295 1981 1615 2038 responsum
1639 1969 1935 2039 accipietis.
1952 1974 1971 2023 δ

403 2056 471 2110 Et
504 2058 669 2111 simul
702 2057 849 2110 illinc
882 2057 1016 2111 abiit
1062 2066 1117 2112 et
1157 2060 1358 2114 milites
1388 2061 1653 2116 exercuit.
1685 2059 1814 2116 Post
1845 2078 1977 2132 qua-

403 2156 526 2201 tuor
549 2162 760 2202 menses
788 2148 950 2218 Carpi
983 2149 1281 2206 redierunt.
1316 2150 1373 2205 In
1404 2154 1599 2222 quibus
1627 2155 1978 2211 admittendis

396 2253 523 2295 cunt
558 2241 748 2294 eadem
779 2242 971 2309 forma,
1011 2259 1114 2313 qua
1159 2244 1306 2314 prius
1342 2261 1472 2300 usus
1501 2243 1691 2301 fuisset
1728 2256 1783 2301 et
1809 2249 1975 2303 ratio-

402 2344 527 2384 nem
555 2331 833 2400 negotium
865 2331 917 2385 in
957 2332 1095 2387 alios
1132 2342 1239 2389 tres
1271 2348 1484 2388 menses
1517 2334 1791 2404 rejiciendi
1826 2349 1978 2409 repe-

400 2420 583 2487 risset,
634 2437 755 2477 cum
804 2423 1023 2479 tandem
1073 2424 1268 2480 iterum
1315 2440 1432 2489 eos,
1467 2435 1524 2479 ut
1566 2425 1738 2494 prius,
1793 2440 1976 2480 coram

400 2513 509 2567 alio
538 2516 781 2571 exercitu
814 2517 1136 2586 excepisset,
1167 2516 1273 2572 illis
1302 2517 1405 2571 hoc
1437 2531 1761 2586 responsum
1786 2516 1931 2571 dedit
1959 2534 1973 2571 :

406 2621 426 2656 ι
479 2603 623 2661 Nihil
663 2623 888 2676 prorsus
942 2609 1238 2676 imperator
1283 2607 1440 2662 vobis
1496 2621 1562 2662 ex
1621 2608 1980 2662 conventione

400 2699 571 2751 dabit.
611 2699 717 2753 Sed
753 2700 798 2752 si
853 2699 1248 2767 gratiﬁcatione
1290 2698 1567 2767 indigetis,
1613 2701 1857 2755 accedite
1910 2700 1976 2753 ad

2078 506 2235 576 λόγον
2263 507 2445 561 αὐτῶν
2475 505 2821 576 ποιούμενος,
2855 504 2970 559 ἀλλ’
3000 506 3061 559 ἐν
3087 505 3167 576 τῷ
3201 506 3355 577 μέσῳ
3386 507 3659 574 λεγόντων

2079 598 2265 653 αὐτῶν
2290 599 2391 671 τὴν
2421 599 2720 670 πρεσϐείαν
2747 597 2989 670 συνεχῶς
3018 597 3227 669 ἑτέροις
3253 598 3550 667 διελέγετο,
3580 599 3661 663 ὡς

2077 687 2143 761 δὴ
2170 688 2305 744 ἄλλα
2338 689 2645 762 τιμιώτερα
2674 674 2980 761 πράγματα
3024 689 3185 761 ἔχων.
3212 691 3275 743 0i
3298 689 3355 742 δὲ
3387 690 3663 761 περιδεεῖς

2078 778 2363 849 γενόμενοι
2401 779 2554 833 οὐδὲν
2596 778 2725 833 ἀλλο
2756 777 3071 848 εἰρήκασιν,
3105 776 3155 829 εί
3202 774 3277 846 μὴ
3312 814 3328 838 ,
3379 776 3464 829 ὅτι
3500 772 3526 827 ξ
3559 777 3662 829 Διά

2077 869 2134 922 τί
2161 871 2211 922 οῖ
2264 869 2454 923 Γότθοι
2499 869 2739 923 τοσαῦτα
2771 869 3035 939 χρήματα
3087 868 3219 937 παρ’
3251 867 3407 936 ὑμῶν
3441 865 3664 937 λαμϐά-

2070 975 2284 1027 νουσιν,
2339 960 2437 1015 xal
2468 962 2632 1033 ήμεῖς
2678 961 2741 1015 οὐ
2790 960 3175 1029 λαμϐάνομενς
3202 976 3221 1010 ι
3270 958 3329 1011 ’0
3377 957 3434 1011 δὲ
3477 955 3659 1024 εἶπεν,

2079 1051 2164 1106 δτι
2210 1071 2230 1105 ι
2275 1052 2646 1125 Αὐτοκράτωρ
2690 1052 2902 1107 πολλῶν
2940 1051 3241 1123 χρημάτων
3291 1050 3482 1121 κύριός
3516 1052 3661 1118 εστι,

2080 1143 2176 1197 καὶ
2202 1144 2315 1208 τοῖς
2343 1142 2619 1212 δεομένοις
2665 1142 2831 1197 αὐτοῦ
2865 1142 3174 1213 χαρίζεται.
3198 1159 3218 1194 ι
3258 1142 3323 1195 Ui
3352 1140 3410 1195 δὲ
3440 1140 3660 1212 ιπήγα-

2080 1251 2198 1304 γον,
2229 1238 2316 1290 ὅτι
2386 1255 2404 1287 t
2435 1237 2544 1291 Kal
2572 1238 2721 1306 ἡμᾶς
2759 1236 2931 1305 ἐχέτω
2957 1237 3038 1298 είς
3070 1234 3195 1297 τοὺς
3218 1233 3529 1303 δεομένους,
3559 1233 3660 1287 καὶ

2074 1326 2216 1379 δότω
2259 1327 2392 1396 ἡμῖν
2434 1325 2708 1379 τοσαῦτατ
2747 1326 2909 1393 ἡμεῖς
2945 1324 3056 1395 γὰρ
3092 1322 3400 1392 κρείττονες
3431 1320 3660 1375 ἐκείνων

2079 1416 2269 1486 ἐσμέν.
2307 1436 2325 1468 ι
2363 1417 2474 1470 Καὶ
2501 1416 2744 1485 γελάσας
2764 1418 2793 1469 ό
2813 1414 3125 1487 Μηνόφιλος
3149 1410 3271 1467 εἷπε
3297 1429 3313 1446 ο
3349 1431 3370 1463 ε
3401 1412 3508 1465 Καὶ
3524 1412 3660 1483 περὶ

2079 1510 2286 1563 τούτων
2322 1509 2558 1580 μηνῦσαι
2609 1510 2802 1578 δέομαι
2832 1508 2911 1578 τῷ
2950 1506 3341 1576 αὐτοκράτορι*
3371 1505 3481 1559 Καὶ
3517 1504 3662 1576 μετά

2078 1599 2350 1671 τέσσαρας
2381 1599 2559 1670 μῆνας
2595 1598 2751 1652 δεῦτε
2779 1598 2860 1661 εἰς
2880 1596 3033 1650 τόνδε
3051 1595 3143 1650 τὸν
3172 1595 3357 1659 τόπον,
3393 1595 3490 1647 καὶ
3514 1593 3662 1661 λαμ-

2081 1694 2273 1747 ϐἀνετε
2311 1692 2625 1761 ἀπόκρισιν.
2657 1709 2678 1744 ι
2725 1692 2838 1745 Kal
2870 1688 3138 1761 μετῆλθεν
3181 1688 3318 1753 ἐκεῖ,
3352 1685 3449 1740 καὶ
3492 1685 3666 1740 πάλιν

2080 1785 2208 1847 τοὺς
2252 1782 2593 1855 στρατιώτας
2645 1782 2942 1854 ἐγύμναζε.
2993 1781 3103 1835 Καὶ
3156 1775 3324 1852 ἦλθον
3344 1780 3393 1833 oi
3437 1778 3663 1846 Κάρποι

2086 1875 2227 1947 μετά
2273 1875 2401 1939 τοὺς
2433 1874 2711 1947 τέσσαρας
2744 1873 2955 1944 μῆνας,
3009 1872 3103 1927 καὶ
3144 1870 3205 1927 τὸ
3250 1870 3436 1941 ὅμοιον
3469 1868 3665 1939 σχῆμα

2082 1967 2316 2039 ποιήσας
2342 1966 2522 2030 αὐτοῖς
2553 1966 2748 2039 ἑτέραν
2777 1959 2936 2034 εὗρεν
2961 1962 3230 2032 ἀναϐολὴν
3252 1961 3421 2033 τριῶν
3448 1959 3659 2030 μηνῶν.

2082 2057 2193 2111 Kal
2226 2058 2390 2113 πάλιν
2423 2057 2507 2122 είς
2554 2057 2742 2129 ἓτερον
2797 2055 3161 2126 στρατόπεδον
3200 2051 3418 2119 ἐδέξατο
3459 2052 3663 2114 αὐτοὺς

2080 2150 2303 2220 ὁμοίως,
2335 2155 2430 2205 καὶ
2446 2150 2646 2204 ἔδωκεν
2670 2146 2853 2214 αὐτοῖς
2882 2149 3197 2219 ἀπόκρισιν,
3247 2147 3331 2199 ὅτι
3362 2162 3382 2196 r
3409 2145 3577 2198 Ὅσον
3602 2143 3669 2209 ἐξ

2083 2241 2431 2313 ὑποσχέσεως
2461 2242 2617 2296 οὐδὲν
2647 2241 2777 2313 ὑμῖν
2810 2240 3096 2303 παντελῶς
3140 2238 3355 2292 δίδωσιν
3383 2238 3412 2291 ὁ
3438 2238 3462 2269 ⁸
3503 2237 3665 2307 βασι-

2080 2332 2231 2398 λεύς.
2259 2334 2319 2386 El
2348 2333 2405 2387 δὲ
2432 2333 2619 2388 δέεσθε
2650 2332 3094 2402 συγκροτήσεως,
3118 2329 3443 2391 ἀπελθόντες
3467 2327 3665 2400 ῥίψατε

2084 2424 2312 2488 ἑαυτοὺς
2338 2427 2569 2495 πρηνεῖς
2613 2425 2710 2478 καὶ
2734 2423 2967 2495 δεήθητε
3009 2422 3209 2477 αὐτοῦ’
3239 2421 3336 2477 καὶ
3368 2420 3514 2486 είκός
3542 2422 3665 2475 ἐστι

2086 2518 2529 2593 συγκροτηθῆναι
2574 2518 2739 2588 ὑμᾶς.
2773 2534 2792 2568 ι
2840 2517 2904 2570 Oi
2950 2515 3007 2568 δὲ
3048 2513 3189 2585 μετά
3232 2513 3667 2584 ἀγανακτήσεως

2087 2609 2471 2682 ἀνεχώρησαν,
2532 2609 2629 2664 καὶ
2660 2609 2761 2681 τὴν
2791 2610 2813 2641 ⁸
2866 2608 2962 2661 τοῦ
3010 2606 3322 2677 Μηνοφίλου
3361 2605 3537 2678 ἀρχὴν
3582 2605 3666 2669 είς

2082 2700 2211 2775 τρία
2246 2700 2341 2773 ἐτη
2371 2701 2698 2755 ἀνυσθεῖσαν
2723 2699 2955 2770 ἡσυχίαν
2990 2699 3169 2769 ἔσχον.

400 2800 548 2849 eum,
581 2797 637 2840 et
666 2787 732 2841 ad
775 2788 893 2854 eius
925 2788 1088 2857 pedes
1126 2790 1465 2857 procumbite
1491 2799 1543 2844 et
1570 2791 1619 2843 ei
1652 2790 1975 2860 supplicate,
2011 2799 2066 2845 et
2093 2791 2387 2847 verisimile
2443 2802 2550 2859 σει,
2601 2807 2726 2848 eum
2758 2801 2968 2847 vestras
2993 2805 3183 2861 preces
3220 2789 3612 2844 admissurum.
3640 2802 3660 2835 ο

403 2880 473 2933 At
503 2878 575 2931 illi
614 2878 876 2947 indignati
942 2890 1284 2935 recesserunt
1319 2890 1373 2937 et
1437 2897 1532 2959 per
1589 2892 1700 2938 tres
1737 2896 1947 2950 annos,
1991 2882 2191 2954 quibus
2235 2883 2584 2954 Menophilus
2639 2885 2691 2939 in
2746 2884 3025 2955 provincia
3083 2897 3207 2938 cum
3258 2882 3484 2953 imperio
3538 2877 3667 2950 fuit,

398 2978 746 3047 quieverunt.

466 3071 552 3125 l0.
580 3075 670 3142 ⁹(ρ.
699 3074 762 3126 Α.
783 3072 844 3127 C.
874 3072 1000 3140 26l,
1029 3073 1262 3130 Gallieu.
1287 3073 1368 3147 9.)
1406 3075 1660 3146 Sapores,
1685 3076 1976 3131 Persarum

2157 3081 2210 3129 t'.
2237 3075 2359 3128 Ὀτι
2386 3071 2657 3145 Σαπώρης
2678 3073 2707 3126 ὁ
2735 3072 2962 3144 Περσῶν
2983 3070 3235 3143 βασιλεὺς
3258 3070 3349 3125 τδν
3372 3071 3667 3141 Εὐφράτην

402 3177 519 3229 rex,
563 3172 618 3217 ut
662 3179 785 3219 cum
836 3165 951 3219 suis
1002 3173 1087 3219 est
1146 3164 1477 3235 Euphratem
1536 3175 1978 3237 transgressus...

400 3270 527 3310 sese
576 3266 824 3310 amanter
852 3257 1106 3328 amplexi,
1139 3259 1240 3313 sibi
1282 3258 1510 3312 invicem
1543 3259 1799 3329 gratulati
1829 3268 1979 3323 sunt,

395 3348 542 3417 quod
594 3348 887 3403 imminens
926 3337 1227 3416 perieulum
1273 3347 1612 3421 eli‘ugissent,
1649 3358 1702 3402 et
1744 3350 1812 3402 ad
1863 3363 1979 3428 eps,

401 3442 490 3507 qui
527 3440 744 3494 Edessae
776 3441 1049 3508 stipendia
1078 3438 1372 3504 faciebant,
1399 3441 1588 3502 mittit,
1627 3441 1719 3510 qui
1752 3441 1974 3507 promit‘

403 3540 605 3592 terent,
654 3547 714 3587 se
764 3532 872 3585 illis
910 3533 1166 3587 daturum
1195 3547 1386 3588 omnes
1418 3547 1552 3603 quos
1583 3547 1768 3587 secum
1803 3541 1985 3602 porta-

401 3635 511 3691 ret,
551 3623 741 3694 Syrios
790 3638 1062 3690 nummos,
1109 3632 1170 3679 ut
1224 3624 1343 3681 sine
1376 3623 1483 3679 ulla
1520 3624 1768 3681 molestia
1807 3626 1982 3695 ipsum

404 3716 510 3771 iter
548 3731 775 3786 pergere
806 3716 1072 3783 sinerent,
1106 3731 1283 3787 neque
1305 3731 1366 3772 se
1390 3718 1536 3788 ipsos
1563 3716 1615 3771 in
1641 3715 1858 3771 dubiam
1890 3731 1979 3786 pe-

403 3807 560 3863 riculi
612 3808 785 3862 aleam
837 3807 1192 3877 conjicerenl,
1237 3809 1341 3864 sibi
1383 3824 1589 3863 moram
1626 3818 1680 3863 et
1708 3809 1982 3881 negotium

403 3897 763 3955 lacessentes.
797 3899 986 3969 Neque
1018 3914 1147 3955 vero
1170 3914 1250 3967 se,
1286 3912 1542 3971 tanquam
1575 3901 1719 3971 ipsos
1747 3900 1983 3969 timeret,

400 3990 518 4045 haec
560 3990 813 4045 daturum
847 4006 969 4047 esse
1003 3992 1165 4058 dixit,
1199 3991 1297 4048 sed
1340 3992 1557 4048 domum
1605 3991 1887 4060 festinare,
1927 4003 1987 4048 ut

401 4083 601 4139 festum
632 4093 821 4154 ageret
849 4092 904 4139 et
933 4083 1158 4138 minime
1195 4097 1396 4154 cupere
1435 4083 1600 4137 ullam
1633 4098 1843 4139 moram
1886 4099 1985 4143 suo

403 4174 585 4231 itineri
641 4175 937 4249 interponi.
991 4173 1190 4231 Milites
1243 4185 1424 4232 autem
1483 4176 1658 4232 satius
1711 4177 1987 4230 duxerunt

401 4270 644 4339 pericula
679 4271 885 4324 evitare
925 4277 982 4324 et
1027 4282 1122 4324 eos
1168 4268 1349 4324 sinere
1408 4268 1647 4325 transire
1690 4276 1746 4322 et
1790 4281 1984 4322 aurum

404 4363 676 4432 accipere.

478 4456 567 4509 il.
615 4454 687 4526 (c.
722 4453 786 4508 Α.
847 4452 911 4509 C.
948 4452 1077 4518 270,
1103 4451 1289 4508 Aurel.
1327 4453 1404 4523 l.)
1445 4450 1673 4507 Vandali
1706 4450 1838 4513 victi
1876 4450 1980 4507 mi-

402 4549 940 4620 seruntglegatinnem
960 4547 1027 4602 ad
1049 4546 1427 4613 Aurelianum,
1448 4559 1638 4618 pacem
1663 4554 1975 4621 poscentes,

401 4639 734 4702 Aurelianus
769 4640 878 4715 26
908 4639 1095 4696 libenti
1131 4640 1314 4694 animo
1359 4653 1455 4695 eos
1497 4637 1732 4709 excepit,
1779 4645 1836 4696 et
1880 4652 1976 4710 pa-

398 4734 589 4789 ctione
620 4731 770 4799 pacis
791 4744 914 4787 cum
944 4731 1081 4803 ipsis
1114 4730 1280 4795 facta,
1308 4730 1489 4790 rediit.

480 4824 569 4879 l2.
599 4822 686 4897 (Α.
722 4823 784 4877 C.
816 4821 944 4891 297,
987 4822 1156 4878 Diocl.
1193 4823 1306 4896 Μ.)
1339 4821 1805 4895 Appharbaucum
1843 4820 1983 4880 ami-

400 4918 661 4975 cissimus
690 4915 936 4983 Narswo,
977 4915 1268 4971 Persarum
1316 4917 1453 4993 regi,
1495 4926 1642 4972 esset
1685 4916 1886 4972 missus
1916 4914 1983 4974 ad

402 5012 766 5082 legationem,
798 5008 1028 5081 supplex
1064 5007 1283 5065 Galerio
1325 5010 1587 5064 occurrit.
1620 5008 1693 5075 is,
1726 5008 1849 5063 data
1882 5022 1983 5079 po-

402 5112 609 5163 testate
642 5102 922 5173 loquendi,
958 5101 1121 5169 dixit,
1156 5102 1462 5157 Romanum
1493 5108 1550 5155 et
1572 5099 1855 5157 Persicum
1877 5097 1984 5153 im-

403 5200 621 5272 perium
663 5212 786 5255 esse
835 5205 1093 5265 tanquam
1129 5193 1236 5251 duo
1286 5193 1617 5261 luminaria;
1654 5200 1710 5248 et
1730 5199 1983 5260 oportere

404 5292 640 5351 alterum
689 5289 940 5357 alterius,
976 5288 1118 5345 sicut
1158 5284 1371 5351 oculos,
1425 5284 1547 5340 luce
1589 5292 1644 5339 et
1692 5281 1981 5353 splendore

2082 3167 2277 3232 διασάς
2324 3166 2465 3237 μετά
2508 3165 2604 3220 τοῦ
2651 3166 2856 3220 οἰκείου
2889 3165 3257 3235 στρατοπέδου
3285 3164 3444 3231 ',.....
3474 3162 3661 3233 ήσπάο

2087 3258 2242 3324 ζοντο
2270 3258 2535 3329 ἀλλήλους
2564 3258 2660 3312 καὶ
2691 3257 2907 3328 ἔχαιρον
2932 3257 3009 3322 ὠς
3052 3256 3388 3327 ἀπωγμὲνου
3411 3258 3431 3290 ⁸
3476 3254 3663 3309 κινδύ-

2083 3366 2177 3402 νου
2209 3350 2497 3418 φυγόντες.
2523 3348 2667 3420 Πρὸς
2697 3347 2754 3402 δὲ
2787 3348 2915 3412 τοὺς
2951 3347 3011 3402 ὲν
3054 3347 3281 3419 Ἐδὲσσῃ
3321 3345 3665 3418 στρατιώτας

2085 3438 2335 3509 ἔπεμπεν
2355 3440 2400 3505 ',
2441 3439 2813 3509 ὑποσχόμενος
2852 3439 3036 3505 αὐτοῖς
3067 3439 3269 3494 διδόναι
3308 3441 3420 3494 πᾶν
3463 3440 3526 3493 τδ
3556 3440 3666 3494 Σύ-

2087 3548 2204 3603 ριον
2234 3531 2475 3603 νόμισμα
2514 3531 2575 3584 τὸ
2607 3529 2668 3584 ὃν
2729 3530 2861 3602 παρ’
2900 3529 3052 3601 αὺτῷ
3095 3529 3160 3597 ⁸⁸,
3209 3530 3277 3585 ἶν’
3309 3531 3665 3602 ἀνενόχλητον

2086 3625 2250 3679 αὐτὸν
2281 3622 2682 3697 συγχωρήσωσι
2714 3624 3029 3695 παρελθεῖν,
3056 3626 3152 3679 καὶ
3189 3624 3264 3698 μή
3290 3624 3521 3679 ἕλωνται
3548 3625 3666 3679 κίν-

2086 3717 2240 3771 δυνον
2285 3720 2365 3785 είς
2405 3716 2739 3789 ἀμφιϐολίαν
2782 3718 2979 3781 αὐτοὺς
3012 3718 3236 3786 ἄγοντα,
3273 3718 3365 3771 καὶ
3408 3718 3666 3789 ἀσχολίαν

2087 3808 2239 3879 αὐτῷ
2282 3809 2640 3878 περιποιῆσαι
2696 3807 2791 3861 καὶ
2841 3806 3173 3878 βραδυτῆτα.
3200 3807 3276 3862 Οὐ
3318 3807 3429 3878 γάρ
3477 3807 3664 3872 δεδιὼς

2087 3900 2284 3965 αὐτοὺς
2319 3899 2494 3954 ταῦτα
2527 3899 2823 3960 ἐπιδιδόναι
2856 3898 2983 3969 ἔφη,
3017 3900 3135 3953 ἀλλ’
3174 3900 3529 3971 ἐπειγόμενος
3566 3899 3665 3971 τὴν

2086 3992 2281 4064 ἑορτὴν
2323 3995 2403 4057 είς
2449 3992 2517 4046 τά
2558 3992 2736 4046 οἰκεῖα
2788 3994 3036 4064 ποιῆσαι,
3067 3993 3160 4047 καὶ
3223 3991 3298 4064 μὴ
3343 3992 3665 4061 βουλόμενος

2085 4086 2410 4157 τριϐὴνίκαὶ
2440 4085 2734 4158 ὑπέρθεσιν
2764 4084 3020 4165 γενέσθαι
3051 4087 3119 4155 τῇ
3156 4085 3434 4158 ὁδοιπορίᾳ
3471 4084 3658 4142 αὐτοῦ.
3697 4132 3702 4136 .

2086 4179 2200 4239 Kal
2231 4179 2435 4233 εἴλοντο
2474 4179 2524 4233 oi
2558 4177 2891 4248 στρατιῶται
2923 4176 3110 4232 λαϐεῖν
3140 4176 3200 4231 τὸ
3233 4176 3457 4247 χρυσίον
3508 4177 3664 4230 ἀκιν-

2087 4270 2258 4335 δύνως
2297 4271 2390 4324 καὶ
2419 4270 2819 4343 παραχωρῆσαι
2851 4264 3035 4335 αὐτοῖς
3065 4270 3375 4343 παρελθεῖν.

2159 4454 2250 4503 ια’.
2278 4449 2400 4502 Ὅτι
2425 4447 2722 4503 Οὑανδαλοι
2740 4447 3068 4521 ἡττηθέντες
3090 4445 3345 4517 ἔπεμψαν
3366 4444 3664 4517 πρεσϐείαν

2087 4540 2225 4613 πρὸς
2278 4539 2634 4611 Αὑρηλιανὸν,
2686 4539 3132 4612 παρακαλοῦντες
3179 4539 3423 4609 εἰρήνην.
3480 4536 3666 4608 Αὐρη-

2084 4634 2264 4698 λιανδς
2285 4633 2341 4687 δὲ
2368 4632 2619 4704 ἀσμένως
2646 4632 2885 4701 ἐδέξατο,
2914 4633 3010 4687 καὶ
3056 4630 3375 4695 πακτεύσας
3403 4629 3542 4701 πρὸς
3565 4629 3669 4683 αὖ·

2084 4728 2212 4790 τοὺς
2239 4723 2588 4799 ἀνεχώρησεν
2616 4727 2631 4758 ¹
2643 4726 2683 4779 ί.

2155 4818 2243 4891 ιβ’.
2276 4820 2399 4876 ’Ότι
2444 4818 2787 4891 ’Δφφαρϐᾶν,
2826 4818 3081 4888 φίλτατος
3117 4816 3193 4870 ῶν
3222 4816 3299 4879 ὡς
3324 4815 3560 4885 μάλιστα
3585 4830 3666 4884 τῳ

2081 4912 2346 4984 Ναρσαίῳ
2396 4912 2473 4982 τῷ
2520 4908 2744 4982 Περσῶν
2773 4909 3006 4979 βασιλεῖ,
3047 4909 3128 4973 είς
3169 4906 3468 4979 πρεσϐείαν
3512 4922 3662 4976 πεμ-

2083 5005 2239 5075 φθεὶς
2273 5005 2370 5057 σὺν
2428 5001 2634 5073 ἱκετείᾳ
2683 5000 2763 5071 τῷ
2808 5000 3052 5072 Γαλερίῳ
3103 5000 3438 5069 ὑπήντησεν.
3473 4998 3666 5058 Ὅστις

2083 5095 2269 5149 ἄδειαν
2298 5092 2392 5146 τοῦ
2438 5092 2616 5160 λέγειν
2666 5090 2847 5144 λαϐὼν
2897 5086 3050 5143 εἷπε·
3095 5107 3114 5140 ι
3155 5088 3393 5158 Φανερόν
3435 5088 3552 5140 ἐστι
3584 5083 3666 5153 τῷ

2089 5186 2237 5256 γένει
2257 5184 2365 5238 τῶν
2385 5183 2480 5237 ἀνθ
2488 5182 2706 5254 ρώπων,
2726 5183 2809 5235 ὅτι
2827 5181 3134 5252 ὡσπερανεὶ
3156 5182 3198 5214 ⁸³
3219 5179 3313 5233 δύο
3336 5174 3668 5249 λαμπτῆρές

2090 5280 2228 5332 εἰσιν
2258 5278 2294 5348 ἦ
2340 5294 2400 5329 τε
2449 5274 2735 5347 Ῥωμαῖκὴ
2781 5274 2878 5328 καὶ
2923 5272 3169 5344 Περσικὴ
3229 5271 3513 5343 βασιλεία·
3567 5266 3669 5323 καὶ

1722 5447 1957 5508 YARLE
1993 5443 2375 5504 LECTIONES

483 5598 505 5628 ⁸
540 5595 569 5647 ὃ
602 5606 726 5664 post
758 5590 1279 5664 ia_p.iv'expunxitN.

484 5608 505 5628 °
540 5608 569 5647 ὁ
602 5608 726 5664 post
758 5608 788 5647 υ
840 5608 888 5647 tv
925 5608 989 5648 ex
1034 5608 1194 5648 unnt
1215 5608 1279 5646 LV.
1378 5608 1399 5620 ν
1430 5608 1523 5642 και
1555 5608 1698 5642 κατα
1726 5608 1804 5657 τηη

411 5665 747 5732 διωκομένου
946 5665 966 5695 ⁸
990 5608 1238 5731 ἔπεμπεν
1270 5659 1335 5724 Ν,
1381 5659 1622 5732 πέμπειν
1652 5657 1804 5732 vulg.“

420 5729 598 5803 τηις(
646 5734 685 5764 ¹¹
718 5732 1025 5802 ὡσπερανεὶ
1051 5729 1143 5797 ιιι,
1175 5731 1363 5802 ὥσπερ
1398 5729 1460 5785 ἂν
1498 5730 1581 5809 εἴη
1617 5729 1760 5798 vulg.

1378 5589 1399 5620 ⁶
1430 5588 1523 5642 καὶ
1555 5587 1698 5642 κατά
1726 5586 1822 5657 τὴν
1855 5585 1977 5655 conj

1381 5659 1622 5705 πέμπειν
1652 5657 1804 5705 vulg.“
1913 5657 1953 5698 υ

2088 5584 2159 5639 al.
2238 5584 2258 5614 ⁷
2287 5583 2335 5636 οἱ
2364 5581 2461 5653 μὲν
2492 5597 2558 5633 στ
2599 5578 2830 5635 ατιῶται
2861 5575 3132 5635 excidisse
3154 5586 3303 5642 susp.
3334 5570 3400 5625 N.
3475 5569 3499 5602 ⁸
3530 5569 3667 5627 ἁπο-

2085 5655 2127 5705 ῶ
2158 5652 2246 5705 Ν..
2283 5652 2461 5705 αὐτῶν
2485 5598 2628 5705 vera.
2738 5649 2778 5681 ¹¹
2805 5645 3155 5705 ἀνεγώρησεν
3184 5643 3271 5705 Ν..
3305 5638 3666 5705 ἀνεχώρησαν

1913 5652 2127 5726 υάὑτῷ
2158 5652 2246 5719 Ν.,
2283 5652 2461 5708 αὐτῶν
2485 5652 2628 5721 vulg.

2738 5649 2778 5681 ¹¹
2805 5645 3155 5718 ἀνεχώρησεν
3184 5638 3271 5709 NK,
3305 5638 3666 5713 ἀνεχώρησαν
