  <div class='ocr_page' id='page_1' title='image "/cluster/home/n/w/nwhite01/storage/ocr_20150623/113/hvd.32044073502270/338.png"; bbox 0 0 4010 6210; ppageno 0'>
   <div class='ocr_carea' id='block_1_1' title="bbox 359 328 462 389">
    <p class='ocr_par' dir='ltr' id='par_1_1' title="bbox 359 328 462 389">
     <span class='ocr_line' id='line_1_1' title="bbox 359 328 462 389; baseline -0.068 0"><span class='ocrx_word' id='word_1_1' title='bbox 359 328 462 389; x_wconf 65' lang='grc' dir='ltr'><strong>(ὶϋΊ</strong></span> 
     </span>
    </p>
   </div>
   <div class='ocr_carea' id='block_1_2' title="bbox 1042 273 2844 392">
    <p class='ocr_par' dir='ltr' id='par_1_2' title="bbox 1042 273 2844 392">
     <span class='ocr_line' id='line_1_2' title="bbox 1042 273 2844 392; baseline 0.004 -8"><span class='ocrx_word' id='word_1_2' title='bbox 1042 298 1045 301; x_wconf 19' lang='grc' dir='ltr'><strong>Ι</strong></span> <span class='ocrx_word' id='word_1_3' title='bbox 1144 324 1238 384; x_wconf 83' lang='lat' dir='ltr'><strong>DE</strong></span> <span class='ocrx_word' id='word_1_4' title='bbox 1277 321 1837 386; x_wconf 75' lang='lat' dir='ltr'><strong>LEGATIONIBUS</strong></span> <span class='ocrx_word' id='word_1_5' title='bbox 1869 273 2352 389; x_wconf 60' lang='lat' dir='ltr'><strong>liOl‘lANORUM</strong></span> <span class='ocrx_word' id='word_1_6' title='bbox 2393 328 2492 389; x_wconf 82' lang='lat' dir='ltr'><strong>AD</strong></span> <span class='ocrx_word' id='word_1_7' title='bbox 2525 327 2844 392; x_wconf 76' lang='lat' dir='ltr'><strong>GENTES.</strong></span> 
     </span>
    </p>
   </div>
   <div class='ocr_carea' id='block_1_3' title="bbox 3519 334 3634 399">
    <p class='ocr_par' dir='ltr' id='par_1_3' title="bbox 3519 334 3634 399">
     <span class='ocr_line' id='line_1_3' title="bbox 3519 334 3634 399; baseline 0.017 -2"><span class='ocrx_word' id='word_1_8' title='bbox 3519 334 3634 399; x_wconf 73' lang='lat'><strong>670</strong></span> 
     </span>
    </p>
   </div>
   <div class='ocr_carea' id='block_1_4' title="bbox 363 431 1969 510">
    <p class='ocr_par' dir='ltr' id='par_1_4' title="bbox 363 431 1940 510">
     <span class='ocr_line' id='line_1_4' title="bbox 363 431 1940 510; baseline -0.003 -20"><span class='ocrx_word' id='word_1_9' title='bbox 363 438 469 510; x_wconf 77' lang='grc' dir='ltr'>χρὴ</span> <span class='ocrx_word' id='word_1_10' title='bbox 501 434 756 504; x_wconf 85' lang='grc' dir='ltr'>καθάπερ</span> <span class='ocrx_word' id='word_1_11' title='bbox 796 431 1107 500; x_wconf 72' lang='grc' dir='ltr'>ὀφθαλμοὺς</span> <span class='ocrx_word' id='word_1_12' title='bbox 1140 431 1238 500; x_wconf 81' lang='grc' dir='ltr'><strong>τὴν</strong></span> <span class='ocrx_word' id='word_1_13' title='bbox 1274 432 1470 500; x_wconf 79' lang='grc' dir='ltr'><strong>ἑτέραν</strong></span> <span class='ocrx_word' id='word_1_14' title='bbox 1497 433 1563 500; x_wconf 85' lang='grc' dir='ltr'>τῇ</span> <span class='ocrx_word' id='word_1_15' title='bbox 1599 431 1697 499; x_wconf 79' lang='grc' dir='ltr'><strong>τῆς</strong></span> <span class='ocrx_word' id='word_1_16' title='bbox 1747 431 1940 499; x_wconf 79' lang='grc' dir='ltr'>ἐτέρας</span> 
     </span>
    </p>
   </div>
   <div class='ocr_carea' id='block_1_5' title="bbox 2072 431 3622 510">
    <p class='ocr_par' dir='ltr' id='par_1_5' title="bbox 2072 435 3622 506">
     <span class='ocr_line' id='line_1_5' title="bbox 2072 435 3622 506; baseline 0.006 -20"><span class='ocrx_word' id='word_1_17' title='bbox 2072 435 2326 502; x_wconf 89' lang='lat' dir='ltr'><strong>llnstrari,</strong></span> <span class='ocrx_word' id='word_1_18' title='bbox 2366 451 2542 506; x_wconf 89' lang='lat' dir='ltr'><strong>neque</strong></span> <span class='ocrx_word' id='word_1_19' title='bbox 2590 438 2654 492; x_wconf 90' lang='lat' dir='ltr'><strong>ad</strong></span> <span class='ocrx_word' id='word_1_20' title='bbox 2707 437 3129 494; x_wconf 81' lang='lat' dir='ltr'><strong>exstinctionem</strong></span> <span class='ocrx_word' id='word_1_21' title='bbox 3175 448 3230 494; x_wconf 89' lang='lat' dir='ltr'><strong>et</strong></span> <span class='ocrx_word' id='word_1_22' title='bbox 3280 443 3622 496; x_wconf 71' lang='lat' dir='ltr'><strong>eversionem</strong></span> 
     </span>
    </p>
   </div>
   <div class='ocr_carea' id='block_1_6' title="bbox 364 522 1943 598">
    <p class='ocr_par' dir='ltr' id='par_1_6' title="bbox 364 522 1943 598">
     <span class='ocr_line' id='line_1_6' title="bbox 364 522 1943 598; baseline -0.012 -15"><span class='ocrx_word' id='word_1_23' title='bbox 364 528 693 598; x_wconf 73' lang='grc' dir='ltr'>κοσμεῖσθαι</span> <span class='ocrx_word' id='word_1_24' title='bbox 723 525 1092 595; x_wconf 72' lang='grc' dir='ltr'><strong>λαμπρότητι,</strong></span> <span class='ocrx_word' id='word_1_25' title='bbox 1121 523 1214 575; x_wconf 67' lang='grc' dir='ltr'><strong>καὶ</strong></span> <span class='ocrx_word' id='word_1_26' title='bbox 1243 522 1317 592; x_wconf 82' lang='grc' dir='ltr'>μὴ</span> <span class='ocrx_word' id='word_1_27' title='bbox 1349 522 1482 593; x_wconf 78' lang='grc' dir='ltr'>πρὸς</span> <span class='ocrx_word' id='word_1_28' title='bbox 1513 523 1793 592; x_wconf 82' lang='grc' dir='ltr'>ἀναίρεσιν</span> <span class='ocrx_word' id='word_1_29' title='bbox 1819 525 1943 575; x_wconf 76' lang='grc' dir='ltr'>ὲαυ-</span> 
     </span>
    </p>
   </div>
   <div class='ocr_carea' id='block_1_7' title="bbox 363 613 1945 688">
    <p class='ocr_par' dir='ltr' id='par_1_7' title="bbox 363 613 1945 688">
     <span class='ocr_line' id='line_1_7' title="bbox 363 613 1945 688; baseline -0.003 -16"><span class='ocrx_word' id='word_1_30' title='bbox 363 623 472 672; x_wconf 74' lang='grc' dir='ltr'>τῶν</span> <span class='ocrx_word' id='word_1_31' title='bbox 499 619 790 688; x_wconf 71' lang='grc' dir='ltr'>ἀμοιϐαδὸν</span> <span class='ocrx_word' id='word_1_32' title='bbox 827 618 988 686; x_wconf 83' lang='grc' dir='ltr'>μέχρι</span> <span class='ocrx_word' id='word_1_33' title='bbox 1024 613 1224 676; x_wconf 80' lang='grc' dir='ltr'>παντὸς</span> <span class='ocrx_word' id='word_1_34' title='bbox 1252 614 1621 683; x_wconf 83' lang='grc' dir='ltr'>χαλεπαίνειν.</span> <span class='ocrx_word' id='word_1_35' title='bbox 1646 614 1816 667; x_wconf 87' lang='grc' dir='ltr'>Τοῦτο</span> <span class='ocrx_word' id='word_1_36' title='bbox 1838 615 1945 685; x_wconf 73' lang='grc' dir='ltr'>γὰρ</span> 
     </span>
    </p>
   </div>
   <div class='ocr_carea' id='block_1_8' title="bbox 366 705 1948 781">
    <p class='ocr_par' dir='ltr' id='par_1_8' title="bbox 366 705 1948 781">
     <span class='ocr_line' id='line_1_8' title="bbox 366 705 1948 781; baseline -0.004 -17"><span class='ocrx_word' id='word_1_37' title='bbox 366 714 466 764; x_wconf 73' lang='grc' dir='ltr'>οὐκ</span> <span class='ocrx_word' id='word_1_38' title='bbox 502 708 674 781; x_wconf 81' lang='grc' dir='ltr'>ἁρετὴ</span> <span class='ocrx_word' id='word_1_39' title='bbox 723 709 943 778; x_wconf 81' lang='grc' dir='ltr'>μᾶλλον,</span> <span class='ocrx_word' id='word_1_40' title='bbox 975 706 1110 760; x_wconf 78' lang='grc' dir='ltr'>ἀλλὰ</span> <span class='ocrx_word' id='word_1_41' title='bbox 1143 707 1414 775; x_wconf 77' lang='grc' dir='ltr'>κουφότης</span> <span class='ocrx_word' id='word_1_42' title='bbox 1457 705 1739 775; x_wconf 78' lang='grc' dir='ltr'><strong>νομίζεται</strong></span> <span class='ocrx_word' id='word_1_43' title='bbox 1771 706 1803 775; x_wconf 84' lang='grc' dir='ltr'>ἢ</span> <span class='ocrx_word' id='word_1_44' title='bbox 1844 723 1948 774; x_wconf 87' lang='grc' dir='ltr'>μα-</span> 
     </span>
    </p>
   </div>
   <div class='ocr_carea' id='block_1_9' title="bbox 367 795 1946 868">
    <p class='ocr_par' dir='ltr' id='par_1_9' title="bbox 367 795 1946 868">
     <span class='ocr_line' id='line_1_9' title="bbox 367 795 1946 868; baseline -0.004 -13"><span class='ocrx_word' id='word_1_45' title='bbox 367 804 565 856; x_wconf 80' lang='grc' dir='ltr'>λακία·</span> <span class='ocrx_word' id='word_1_46' title='bbox 608 803 735 862; x_wconf 74' lang='grc' dir='ltr'>τοὺς</span> <span class='ocrx_word' id='word_1_47' title='bbox 775 799 884 868; x_wconf 82' lang='grc' dir='ltr'>γὰρ</span> <span class='ocrx_word' id='word_1_48' title='bbox 929 798 1429 868; x_wconf 73' lang='grc' dir='ltr'><strong>μεταγενεστέρους</strong></span> <span class='ocrx_word' id='word_1_49' title='bbox 1470 797 1708 866; x_wconf 86' lang='grc' dir='ltr'>οἰόμενοι</span> <span class='ocrx_word' id='word_1_50' title='bbox 1743 796 1818 866; x_wconf 85' lang='grc' dir='ltr'>μὴ</span> <span class='ocrx_word' id='word_1_51' title='bbox 1855 795 1946 850; x_wconf 85' lang='grc' dir='ltr'>δύ-</span> 
     </span>
    </p>
   </div>
   <div class='ocr_carea' id='block_1_10' title="bbox 370 888 1949 960">
    <p class='ocr_par' dir='ltr' id='par_1_10' title="bbox 370 888 1949 960">
     <span class='ocr_line' id='line_1_10' title="bbox 370 888 1949 960; baseline -0.003 -14"><span class='ocrx_word' id='word_1_52' title='bbox 370 894 562 946; x_wconf 79' lang='grc' dir='ltr'>νασθαι</span> <span class='ocrx_word' id='word_1_53' title='bbox 611 894 826 954; x_wconf 73' lang='grc' dir='ltr'>ἑαυτοῖς</span> <span class='ocrx_word' id='word_1_54' title='bbox 879 889 1096 960; x_wconf 80' lang='grc' dir='ltr'><strong>βοηθεῖν</strong></span> <span class='ocrx_word' id='word_1_55' title='bbox 1151 889 1515 953; x_wconf 75' lang='grc' dir='ltr'><strong>σπουδάζουσι</strong></span> <span class='ocrx_word' id='word_1_56' title='bbox 1569 888 1693 952; x_wconf 80' lang='grc' dir='ltr'>τοὺς</span> <span class='ocrx_word' id='word_1_57' title='bbox 1740 889 1949 942; x_wconf 86' lang='grc' dir='ltr'>ἀντιτε-</span> 
     </span>
    </p>
   </div>
   <div class='ocr_carea' id='block_1_11' title="bbox 371 980 1951 1053">
    <p class='ocr_par' dir='ltr' id='par_1_11' title="bbox 371 980 1951 1053">
     <span class='ocr_line' id='line_1_11' title="bbox 371 980 1951 1053; baseline -0.004 -15"><span class='ocrx_word' id='word_1_58' title='bbox 371 986 670 1053; x_wconf 71' lang='grc' dir='ltr'>ταγμένους</span> <span class='ocrx_word' id='word_1_59' title='bbox 697 983 926 1036; x_wconf 86' lang='grc' dir='ltr'>ἀνελεῖν.</span> <span class='ocrx_word' id='word_1_60' title='bbox 953 981 1045 1052; x_wconf 83' lang='grc' dir='ltr'><strong>Μὴ</strong></span> <span class='ocrx_word' id='word_1_61' title='bbox 1073 981 1270 1051; x_wconf 89' lang='grc' dir='ltr'>χρῆναι</span> <span class='ocrx_word' id='word_1_62' title='bbox 1298 982 1481 1049; x_wconf 85' lang='grc' dir='ltr'>μέντοι</span> <span class='ocrx_word' id='word_1_63' title='bbox 1512 980 1646 1049; x_wconf 83' lang='grc' dir='ltr'>μηδὲ</span> <span class='ocrx_word' id='word_1_64' title='bbox 1674 981 1951 1051; x_wconf 84' lang='grc' dir='ltr'>Ναρσαῖον</span> 
     </span>
    </p>
   </div>
   <div class='ocr_carea' id='block_1_12' title="bbox 373 1070 1952 1149">
    <p class='ocr_par' dir='ltr' id='par_1_12' title="bbox 373 1070 1952 1149">
     <span class='ocr_line' id='line_1_12' title="bbox 373 1070 1952 1149; baseline -0.002 -18"><span class='ocrx_word' id='word_1_65' title='bbox 373 1078 758 1149; x_wconf 75' lang='grc' dir='ltr'>ἀσθενέστερον</span> <span class='ocrx_word' id='word_1_66' title='bbox 795 1076 1011 1130; x_wconf 87' lang='grc' dir='ltr'>πάντων</span> <span class='ocrx_word' id='word_1_67' title='bbox 1055 1074 1163 1127; x_wconf 81' lang='grc' dir='ltr'><strong>τῶν</strong></span> <span class='ocrx_word' id='word_1_68' title='bbox 1197 1073 1371 1126; x_wconf 77' lang='grc' dir='ltr'>ἄλλων</span> <span class='ocrx_word' id='word_1_69' title='bbox 1415 1072 1682 1142; x_wconf 88' lang='grc' dir='ltr'>βασιλέων</span> <span class='ocrx_word' id='word_1_70' title='bbox 1731 1070 1952 1141; x_wconf 78' lang='grc' dir='ltr'>νομίζε-</span> 
     </span>
    </p>
   </div>
   <div class='ocr_carea' id='block_1_13' title="bbox 376 1164 1953 1235">
    <p class='ocr_par' dir='ltr' id='par_1_13' title="bbox 376 1164 1953 1235">
     <span class='ocr_line' id='line_1_13' title="bbox 376 1164 1953 1235; baseline -0.005 -10"><span class='ocrx_word' id='word_1_71' title='bbox 376 1175 532 1226; x_wconf 79' lang='grc' dir='ltr'>σθαιο</span> <span class='ocrx_word' id='word_1_72' title='bbox 566 1170 699 1223; x_wconf 72' lang='grc' dir='ltr'>ἀλλὰ</span> <span class='ocrx_word' id='word_1_73' title='bbox 727 1169 981 1224; x_wconf 86' lang='grc' dir='ltr'>τοσοῦτον</span> <span class='ocrx_word' id='word_1_74' title='bbox 1032 1167 1142 1220; x_wconf 85' lang='grc' dir='ltr'><strong>τῶν</strong></span> <span class='ocrx_word' id='word_1_75' title='bbox 1174 1166 1348 1220; x_wconf 81' lang='grc' dir='ltr'>ἄλλων</span> <span class='ocrx_word' id='word_1_76' title='bbox 1390 1165 1654 1235; x_wconf 85' lang='grc' dir='ltr'>βασιλέων</span> <span class='ocrx_word' id='word_1_77' title='bbox 1694 1164 1953 1232; x_wconf 76' lang='grc' dir='ltr'>Γαλέριον</span> 
     </span>
    </p>
   </div>
   <div class='ocr_carea' id='block_1_14' title="bbox 376 1257 1954 1335">
    <p class='ocr_par' dir='ltr' id='par_1_14' title="bbox 376 1257 1954 1335">
     <span class='ocr_line' id='line_1_14' title="bbox 376 1257 1954 1335; baseline -0.006 -18"><span class='ocrx_word' id='word_1_78' title='bbox 376 1265 686 1335; x_wconf 76' lang='grc' dir='ltr'><strong>ὑπερέχειν,</strong></span> <span class='ocrx_word' id='word_1_79' title='bbox 719 1261 861 1315; x_wconf 80' lang='grc' dir='ltr'>ὥστε</span> <span class='ocrx_word' id='word_1_80' title='bbox 884 1261 1045 1314; x_wconf 75' lang='grc' dir='ltr'>αὐτὸν</span> <span class='ocrx_word' id='word_1_81' title='bbox 1072 1259 1244 1329; x_wconf 86' lang='grc' dir='ltr'>τούτῳ</span> <span class='ocrx_word' id='word_1_82' title='bbox 1268 1258 1413 1328; x_wconf 83' lang='grc' dir='ltr'>μόνῳ</span> <span class='ocrx_word' id='word_1_83' title='bbox 1439 1257 1662 1319; x_wconf 85' lang='grc' dir='ltr'>δικαίως</span> <span class='ocrx_word' id='word_1_84' title='bbox 1677 1257 1954 1328; x_wconf 71' lang='grc' dir='ltr'>Ναρσαῖον</span> 
     </span>
    </p>
   </div>
   <div class='ocr_carea' id='block_1_15' title="bbox 373 1349 1955 1424">
    <p class='ocr_par' dir='ltr' id='par_1_15' title="bbox 373 1349 1955 1424">
     <span class='ocr_line' id='line_1_15' title="bbox 373 1349 1955 1424; baseline -0.003 -16"><span class='ocrx_word' id='word_1_85' title='bbox 373 1355 664 1424; x_wconf 67' lang='grc' dir='ltr'>ἡττῆσθαι,</span> <span class='ocrx_word' id='word_1_86' title='bbox 707 1353 886 1406; x_wconf 87' lang='grc' dir='ltr'>καίτοι</span> <span class='ocrx_word' id='word_1_87' title='bbox 919 1352 1017 1421; x_wconf 89' lang='grc' dir='ltr'><strong>τῆς</strong></span> <span class='ocrx_word' id='word_1_88' title='bbox 1065 1351 1176 1403; x_wconf 84' lang='grc' dir='ltr'>τῶν</span> <span class='ocrx_word' id='word_1_89' title='bbox 1228 1349 1447 1402; x_wconf 82' lang='grc' dir='ltr'><strong>οἰκείων</strong></span> <span class='ocrx_word' id='word_1_90' title='bbox 1487 1349 1770 1417; x_wconf 86' lang='grc' dir='ltr'>προγόνων</span> <span class='ocrx_word' id='word_1_91' title='bbox 1800 1349 1955 1412; x_wconf 78' lang='grc' dir='ltr'>ἀξίας</span> 
     </span>
    </p>
   </div>
   <div class='ocr_carea' id='block_1_16' title="bbox 374 1439 1958 1516">
    <p class='ocr_par' dir='ltr' id='par_1_16' title="bbox 374 1439 1958 1516">
     <span class='ocr_line' id='line_1_16' title="bbox 374 1439 1958 1516; baseline -0.006 -16"><span class='ocrx_word' id='word_1_92' title='bbox 374 1446 800 1516; x_wconf 78' lang='grc' dir='ltr'>καταδεέστερον</span> <span class='ocrx_word' id='word_1_93' title='bbox 834 1445 896 1497; x_wconf 82' lang='grc' dir='ltr'>οὐ</span> <span class='ocrx_word' id='word_1_94' title='bbox 942 1442 1256 1511; x_wconf 85' lang='grc' dir='ltr'>γενόμενον.</span> <span class='ocrx_word' id='word_1_95' title='bbox 1296 1461 1314 1494; x_wconf 80' lang='grc' dir='ltr'><strong>ι</strong></span> <span class='ocrx_word' id='word_1_96' title='bbox 1351 1441 1496 1512; x_wconf 73' lang='grc' dir='ltr'>Πρὸς</span> <span class='ocrx_word' id='word_1_97' title='bbox 1525 1440 1737 1503; x_wconf 75' lang='grc' dir='ltr'><strong>τούτοις</strong></span> <span class='ocrx_word' id='word_1_98' title='bbox 1772 1439 1958 1507; x_wconf 74' lang='grc' dir='ltr'>ἔλεγεν</span> 
     </span>
    </p>
   </div>
   <div class='ocr_carea' id='block_1_17' title="bbox 375 1527 1960 1604">
    <p class='ocr_par' dir='ltr' id='par_1_17' title="bbox 375 1527 1960 1604">
     <span class='ocr_line' id='line_1_17' title="bbox 375 1527 1960 1604; baseline -0.003 -16"><span class='ocrx_word' id='word_1_99' title='bbox 375 1538 404 1588; x_wconf 85' lang='grc' dir='ltr'>ὁ</span> <span class='ocrx_word' id='word_1_100' title='bbox 445 1535 764 1604; x_wconf 79' lang='grc' dir='ltr'>Ἀιρφαρϐἄν</span> <span class='ocrx_word' id='word_1_101' title='bbox 805 1531 1122 1586; x_wconf 73' lang='grc' dir='ltr'>ἐντετάλθαι</span> <span class='ocrx_word' id='word_1_102' title='bbox 1176 1529 1324 1600; x_wconf 78' lang='grc' dir='ltr'>αὐτῷ</span> <span class='ocrx_word' id='word_1_103' title='bbox 1363 1530 1513 1599; x_wconf 71' lang='grc' dir='ltr'>παρὰ</span> <span class='ocrx_word' id='word_1_104' title='bbox 1550 1529 1851 1598; x_wconf 81' lang='grc' dir='ltr'>Ναρσαίου,</span> <span class='ocrx_word' id='word_1_105' title='bbox 1883 1527 1960 1592; x_wconf 76' lang='grc' dir='ltr'>ὡς</span> 
     </span>
    </p>
   </div>
   <div class='ocr_carea' id='block_1_18' title="bbox 378 1618 1960 1695">
    <p class='ocr_par' dir='ltr' id='par_1_18' title="bbox 378 1618 1960 1695">
     <span class='ocr_line' id='line_1_18' title="bbox 378 1618 1960 1695; baseline -0.008 -13"><span class='ocrx_word' id='word_1_106' title='bbox 378 1626 592 1695; x_wconf 77' lang='grc' dir='ltr'>ἔχοντες</span> <span class='ocrx_word' id='word_1_107' title='bbox 612 1625 655 1656; x_wconf 86' lang='grc'><strong>¹³</strong></span> <span class='ocrx_word' id='word_1_108' title='bbox 674 1622 1000 1687; x_wconf 75' lang='grc' dir='ltr'>ἐπιείκειαν,</span> <span class='ocrx_word' id='word_1_109' title='bbox 1030 1622 1090 1674; x_wconf 85' lang='grc' dir='ltr'>τὸ</span> <span class='ocrx_word' id='word_1_110' title='bbox 1111 1620 1212 1689; x_wconf 85' lang='grc' dir='ltr'><strong>τῆς</strong></span> <span class='ocrx_word' id='word_1_111' title='bbox 1229 1620 1433 1682; x_wconf 80' lang='grc' dir='ltr'>οἰκείας</span> <span class='ocrx_word' id='word_1_112' title='bbox 1453 1618 1730 1689; x_wconf 75' lang='grc' dir='ltr'><strong>βασιλείας</strong></span> <span class='ocrx_word' id='word_1_113' title='bbox 1755 1619 1960 1674; x_wconf 77' lang='grc' dir='ltr'>δίκαιον</span> 
     </span>
    </p>
   </div>
   <div class='ocr_carea' id='block_1_19' title="bbox 377 1710 1960 1790">
    <p class='ocr_par' dir='ltr' id='par_1_19' title="bbox 377 1710 1960 1790">
     <span class='ocr_line' id='line_1_19' title="bbox 377 1710 1960 1790; baseline -0.006 -19"><span class='ocrx_word' id='word_1_114' title='bbox 377 1722 444 1790; x_wconf 79' lang='grc' dir='ltr'><strong>τῇ</strong></span> <span class='ocrx_word' id='word_1_115' title='bbox 473 1717 760 1788; x_wconf 84' lang='grc' dir='ltr'>Ῥωμαίων</span> <span class='ocrx_word' id='word_1_116' title='bbox 779 1714 1070 1784; x_wconf 66' lang='grc' dir='ltr'>ἐπιτρέψαι</span> <span class='ocrx_word' id='word_1_117' title='bbox 1089 1711 1488 1783; x_wconf 78' lang='grc' dir='ltr'>φιλανθρωπίᾳ.</span> <span class='ocrx_word' id='word_1_118' title='bbox 1504 1711 1804 1782; x_wconf 80' lang='grc' dir='ltr'>Τοιγαροῦν</span> <span class='ocrx_word' id='word_1_119' title='bbox 1825 1710 1960 1784; x_wconf 74' lang='grc' dir='ltr'>μηδὲ</span> 
     </span>
    </p>
   </div>
   <div class='ocr_carea' id='block_1_20' title="bbox 378 1802 1959 1879">
    <p class='ocr_par' dir='ltr' id='par_1_20' title="bbox 378 1802 1959 1879">
     <span class='ocr_line' id='line_1_20' title="bbox 378 1802 1959 1879; baseline -0.003 -17"><span class='ocrx_word' id='word_1_120' title='bbox 378 1812 504 1872; x_wconf 82' lang='grc' dir='ltr'>τοὺς</span> <span class='ocrx_word' id='word_1_121' title='bbox 519 1810 715 1879; x_wconf 79' lang='grc' dir='ltr'>ὅρκους</span> <span class='ocrx_word' id='word_1_122' title='bbox 732 1807 997 1877; x_wconf 74' lang='grc' dir='ltr'><strong>κομίζειν,</strong></span> <span class='ocrx_word' id='word_1_123' title='bbox 1010 1805 1094 1874; x_wconf 77' lang='grc' dir='ltr'><strong>ἐφ’</strong></span> <span class='ocrx_word' id='word_1_124' title='bbox 1112 1802 1192 1868; x_wconf 74' lang='grc' dir='ltr'>οἷς</span> <span class='ocrx_word' id='word_1_125' title='bbox 1210 1804 1314 1876; x_wconf 79' lang='grc' dir='ltr'>χρὴ</span> <span class='ocrx_word' id='word_1_126' title='bbox 1332 1802 1580 1872; x_wconf 88' lang='grc' dir='ltr'>γίνεσθαι</span> <span class='ocrx_word' id='word_1_127' title='bbox 1595 1802 1693 1872; x_wconf 80' lang='grc' dir='ltr'><strong>τῆν</strong></span> <span class='ocrx_word' id='word_1_128' title='bbox 1713 1804 1959 1875; x_wconf 78' lang='grc' dir='ltr'><strong>εἰρήνην,</strong></span> 
     </span>
    </p>
   </div>
   <div class='ocr_carea' id='block_1_21' title="bbox 379 1893 1962 1969">
    <p class='ocr_par' dir='ltr' id='par_1_21' title="bbox 379 1893 1962 1969">
     <span class='ocr_line' id='line_1_21' title="bbox 379 1893 1962 1969; baseline -0.006 -15"><span class='ocrx_word' id='word_1_129' title='bbox 379 1901 516 1954; x_wconf 75' lang='grc' dir='ltr'>ἀλλὰ</span> <span class='ocrx_word' id='word_1_130' title='bbox 551 1901 611 1953; x_wconf 80' lang='grc' dir='ltr'>τὸ</span> <span class='ocrx_word' id='word_1_131' title='bbox 659 1899 777 1953; x_wconf 84' lang='grc' dir='ltr'>ὅλον</span> <span class='ocrx_word' id='word_1_132' title='bbox 798 1901 864 1969; x_wconf 78' lang='grc' dir='ltr'>τῇ</span> <span class='ocrx_word' id='word_1_133' title='bbox 893 1896 1088 1967; x_wconf 83' lang='grc' dir='ltr'>γνώμῃ</span> <span class='ocrx_word' id='word_1_134' title='bbox 1125 1897 1218 1950; x_wconf 86' lang='grc' dir='ltr'><strong>τοῦ</strong></span> <span class='ocrx_word' id='word_1_135' title='bbox 1259 1895 1525 1965; x_wconf 83' lang='grc' dir='ltr'>βασιλέως</span> <span class='ocrx_word' id='word_1_136' title='bbox 1559 1894 1781 1951; x_wconf 81' lang='grc' dir='ltr'>διδόναι.</span> <span class='ocrx_word' id='word_1_137' title='bbox 1815 1893 1962 1964; x_wconf 84' lang='grc' dir='ltr'>Πλὴν</span> 
     </span>
    </p>
   </div>
   <div class='ocr_carea' id='block_1_22' title="bbox 381 1986 1964 2061">
    <p class='ocr_par' dir='ltr' id='par_1_22' title="bbox 381 1986 1964 2061">
     <span class='ocr_line' id='line_1_22' title="bbox 381 1986 1964 2061; baseline -0.003 -17"><span class='ocrx_word' id='word_1_138' title='bbox 381 1994 462 2045; x_wconf 86' lang='grc' dir='ltr'>ὃτι</span> <span class='ocrx_word' id='word_1_139' title='bbox 505 1992 818 2061; x_wconf 87' lang='grc' dir='ltr'>παρακαλεῖ</span> <span class='ocrx_word' id='word_1_140' title='bbox 847 1991 971 2052; x_wconf 79' lang='grc' dir='ltr'>τοὺς</span> <span class='ocrx_word' id='word_1_141' title='bbox 1002 1989 1197 2050; x_wconf 86' lang='grc' dir='ltr'>παῖδας</span> <span class='ocrx_word' id='word_1_142' title='bbox 1253 1988 1414 2058; x_wconf 87' lang='grc' dir='ltr'>μόνον</span> <span class='ocrx_word' id='word_1_143' title='bbox 1443 1988 1538 2042; x_wconf 73' lang='grc' dir='ltr'>καὶ</span> <span class='ocrx_word' id='word_1_144' title='bbox 1579 1987 1675 2049; x_wconf 84' lang='grc' dir='ltr'><strong>τὰς</strong></span> <span class='ocrx_word' id='word_1_145' title='bbox 1717 1986 1964 2057; x_wconf 83' lang='grc' dir='ltr'>γαμετὰς</span> 
     </span>
    </p>
   </div>
   <div class='ocr_carea' id='block_1_23' title="bbox 384 2077 1965 2151">
    <p class='ocr_par' dir='ltr' id='par_1_23' title="bbox 384 2077 1965 2151">
     <span class='ocr_line' id='line_1_23' title="bbox 384 2077 1965 2151; baseline -0.003 -16"><span class='ocrx_word' id='word_1_146' title='bbox 384 2082 531 2151; x_wconf 72' lang='grc' dir='ltr'>αὐτῷ</span> <span class='ocrx_word' id='word_1_147' title='bbox 575 2080 922 2150; x_wconf 87' lang='grc' dir='ltr'>ἀποδοθῆναι,</span> <span class='ocrx_word' id='word_1_148' title='bbox 951 2079 1038 2132; x_wconf 82' lang='grc' dir='ltr'>διὰ</span> <span class='ocrx_word' id='word_1_149' title='bbox 1076 2081 1172 2148; x_wconf 85' lang='grc' dir='ltr'><strong>τῆς</strong></span> <span class='ocrx_word' id='word_1_150' title='bbox 1207 2077 1411 2132; x_wconf 87' lang='grc' dir='ltr'>τούτων</span> <span class='ocrx_word' id='word_1_151' title='bbox 1467 2077 1772 2140; x_wconf 81' lang='grc' dir='ltr'>ἀποδόσεως</span> <span class='ocrx_word' id='word_1_152' title='bbox 1805 2078 1965 2134; x_wconf 80' lang='grc' dir='ltr'>πλέον</span> 
     </span>
    </p>
   </div>
   <div class='ocr_carea' id='block_1_24' title="bbox 385 2165 1962 2242">
    <p class='ocr_par' dir='ltr' id='par_1_24' title="bbox 385 2165 1962 2242">
     <span class='ocr_line' id='line_1_24' title="bbox 385 2165 1962 2242; baseline -0.003 -19"><span class='ocrx_word' id='word_1_153' title='bbox 385 2173 723 2242; x_wconf 67' lang='grc' dir='ltr'>εὐεργεσίαις</span> <span class='ocrx_word' id='word_1_154' title='bbox 751 2172 934 2240; x_wconf 78' lang='grc' dir='ltr'>ἔνοχος</span> <span class='ocrx_word' id='word_1_155' title='bbox 984 2165 1124 2223; x_wconf 82' lang='grc' dir='ltr'>εἶναι</span> <span class='ocrx_word' id='word_1_156' title='bbox 1153 2168 1328 2236; x_wconf 88' lang='grc' dir='ltr'>λέγων</span> <span class='ocrx_word' id='word_1_157' title='bbox 1355 2168 1387 2237; x_wconf 81' lang='grc' dir='ltr'>ἢ</span> <span class='ocrx_word' id='word_1_158' title='bbox 1435 2168 1620 2231; x_wconf 82' lang='grc' dir='ltr'>ὅπλοις</span> <span class='ocrx_word' id='word_1_159' title='bbox 1651 2169 1856 2242; x_wconf 85' lang='grc' dir='ltr'>περιών</span> <span class='ocrx_word' id='word_1_160' title='bbox 1883 2167 1926 2199; x_wconf 65' lang='grc' dir='ltr'>ιδ</span> <span class='ocrx_word' id='word_1_161' title='bbox 1949 2182 1962 2196; x_wconf 73' lang='grc'><strong><em>⁸</em></strong></span> 
     </span>
    </p>
   </div>
   <div class='ocr_carea' id='block_1_25' title="bbox 386 2259 1967 2330">
    <p class='ocr_par' dir='ltr' id='par_1_25' title="bbox 386 2259 1967 2330">
     <span class='ocr_line' id='line_1_25' title="bbox 386 2259 1967 2330; baseline -0.002 -14"><span class='ocrx_word' id='word_1_162' title='bbox 386 2264 506 2316; x_wconf 68' lang='grc' dir='ltr'>οὐδὲ</span> <span class='ocrx_word' id='word_1_163' title='bbox 528 2264 622 2317; x_wconf 86' lang='grc' dir='ltr'><strong>νῦν</strong></span> <span class='ocrx_word' id='word_1_164' title='bbox 638 2263 898 2316; x_wconf 87' lang='grc' dir='ltr'>δύνασθαι</span> <span class='ocrx_word' id='word_1_165' title='bbox 914 2264 1033 2322; x_wconf 73' lang='grc' dir='ltr'>κατ’</span> <span class='ocrx_word' id='word_1_166' title='bbox 1050 2261 1207 2326; x_wconf 79' lang='grc' dir='ltr'>ἀξίαν</span> <span class='ocrx_word' id='word_1_167' title='bbox 1229 2259 1459 2330; x_wconf 79' lang='grc' dir='ltr'>χάριτας</span> <span class='ocrx_word' id='word_1_168' title='bbox 1478 2261 1785 2330; x_wconf 85' lang='grc' dir='ltr'>ὁμολογεῖν,</span> <span class='ocrx_word' id='word_1_169' title='bbox 1809 2261 1890 2314; x_wconf 82' lang='grc' dir='ltr'>ὅτι</span> <span class='ocrx_word' id='word_1_170' title='bbox 1908 2261 1967 2313; x_wconf 81' lang='grc' dir='ltr'>ἐν</span> 
     </span>
    </p>
   </div>
   <div class='ocr_carea' id='block_1_26' title="bbox 385 2351 1968 2426">
    <p class='ocr_par' dir='ltr' id='par_1_26' title="bbox 385 2351 1968 2426">
     <span class='ocr_line' id='line_1_26' title="bbox 385 2351 1968 2426; baseline -0.001 -19"><span class='ocrx_word' id='word_1_171' title='bbox 385 2356 730 2426; x_wconf 75' lang='grc' dir='ltr'>αἰχμαλωσίᾳ</span> <span class='ocrx_word' id='word_1_172' title='bbox 758 2357 1044 2424; x_wconf 85' lang='grc' dir='ltr'>γενόμενοι</span> <span class='ocrx_word' id='word_1_173' title='bbox 1069 2354 1166 2423; x_wconf 86' lang='grc' dir='ltr'><strong>τῆς</strong></span> <span class='ocrx_word' id='word_1_174' title='bbox 1195 2351 1450 2408; x_wconf 72' lang='grc' dir='ltr'>ἐντεῦθεν</span> <span class='ocrx_word' id='word_1_175' title='bbox 1475 2356 1574 2406; x_wconf 86' lang='grc' dir='ltr'>οὐκ</span> <span class='ocrx_word' id='word_1_176' title='bbox 1597 2353 1968 2423; x_wconf 78' lang='grc' dir='ltr'>ἐπειράθησαν</span> 
     </span>
    </p>
   </div>
   <div class='ocr_carea' id='block_1_27' title="bbox 390 2445 1967 2518">
    <p class='ocr_par' dir='ltr' id='par_1_27' title="bbox 390 2445 1967 2518">
     <span class='ocr_line' id='line_1_27' title="bbox 390 2445 1967 2518; baseline -0.001 -19"><span class='ocrx_word' id='word_1_177' title='bbox 390 2448 623 2518; x_wconf 81' lang='grc' dir='ltr'>ῦϐρεως,</span> <span class='ocrx_word' id='word_1_178' title='bbox 677 2446 794 2499; x_wconf 82' lang='grc' dir='ltr'>ἀλλ’</span> <span class='ocrx_word' id='word_1_179' title='bbox 835 2445 979 2500; x_wconf 85' lang='grc' dir='ltr'>οῦτω</span> <span class='ocrx_word' id='word_1_180' title='bbox 1017 2445 1508 2514; x_wconf 85' lang='grc' dir='ltr'>μετεχειρίσθησαν</span> <span class='ocrx_word' id='word_1_181' title='bbox 1553 2445 1629 2506; x_wconf 85' lang='grc' dir='ltr'>ὡς</span> <span class='ocrx_word' id='word_1_182' title='bbox 1674 2446 1740 2515; x_wconf 78' lang='grc' dir='ltr'>τῇ</span> <span class='ocrx_word' id='word_1_183' title='bbox 1790 2445 1967 2516; x_wconf 80' lang='grc' dir='ltr'>οἰκείᾳ</span> 
     </span>
    </p>
   </div>
   <div class='ocr_carea' id='block_1_28' title="bbox 388 2531 1970 2604">
    <p class='ocr_par' dir='ltr' id='par_1_28' title="bbox 388 2531 1970 2604">
     <span class='ocr_line' id='line_1_28' title="bbox 388 2531 1970 2604; baseline 0.001 -18"><span class='ocrx_word' id='word_1_184' title='bbox 388 2534 638 2604; x_wconf 75' lang='grc' dir='ltr'>εὐγενείᾳ</span> <span class='ocrx_word' id='word_1_185' title='bbox 665 2535 787 2586; x_wconf 79' lang='grc' dir='ltr'>ὅσον</span> <span class='ocrx_word' id='word_1_186' title='bbox 812 2531 875 2585; x_wconf 78' lang='grc' dir='ltr'><strong>οῦ</strong></span> <span class='ocrx_word' id='word_1_187' title='bbox 888 2551 976 2584; x_wconf 86' lang='grc' dir='ltr'><strong>πω</strong></span> <span class='ocrx_word' id='word_1_188' title='bbox 1003 2531 1490 2602; x_wconf 83' lang='grc' dir='ltr'>ἀποδοθησόμενοι.</span> <span class='ocrx_word' id='word_1_189' title='bbox 1536 2533 1625 2590; x_wconf 84' lang='grc' dir='ltr'>Ἐν</span> <span class='ocrx_word' id='word_1_190' title='bbox 1656 2533 1865 2596; x_wconf 82' lang='grc' dir='ltr'>τούτοις</span> <span class='ocrx_word' id='word_1_191' title='bbox 1887 2535 1970 2599; x_wconf 83' lang='grc' dir='ltr'><strong>εἰς</strong></span> 
     </span>
    </p>
   </div>
   <div class='ocr_carea' id='block_1_29' title="bbox 390 2621 1968 2696">
    <p class='ocr_par' dir='ltr' id='par_1_29' title="bbox 390 2621 1968 2696">
     <span class='ocr_line' id='line_1_29' title="bbox 390 2621 1968 2696; baseline 0.001 -20"><span class='ocrx_word' id='word_1_192' title='bbox 390 2627 615 2695; x_wconf 79' lang='grc' dir='ltr'>μνήμην</span> <span class='ocrx_word' id='word_1_193' title='bbox 649 2621 753 2694; x_wconf 81' lang='grc' dir='ltr'>ἦγε</span> <span class='ocrx_word' id='word_1_194' title='bbox 807 2624 900 2678; x_wconf 75' lang='grc' dir='ltr'><strong>καὶ</strong></span> <span class='ocrx_word' id='word_1_195' title='bbox 945 2623 1006 2676; x_wconf 76' lang='grc' dir='ltr'><strong>τὸ</strong></span> <span class='ocrx_word' id='word_1_196' title='bbox 1054 2624 1162 2681; x_wconf 79' lang='grc' dir='ltr'><strong>τῶν</strong></span> <span class='ocrx_word' id='word_1_197' title='bbox 1205 2623 1564 2696; x_wconf 78' lang='grc' dir='ltr'>ἀνθρωπίνων</span> <span class='ocrx_word' id='word_1_198' title='bbox 1624 2626 1968 2695; x_wconf 85' lang='grc' dir='ltr'>πραγμάτων</span> 
     </span>
    </p>
   </div>
   <div class='ocr_carea' id='block_1_30' title="bbox 388 2717 1968 2790">
    <p class='ocr_par' dir='ltr' id='par_1_30' title="bbox 388 2717 1968 2790">
     <span class='ocr_line' id='line_1_30' title="bbox 388 2717 1968 2790; baseline 0 -20"><span class='ocrx_word' id='word_1_199' title='bbox 388 2717 792 2790; x_wconf 83' lang='grc' dir='ltr'>εὐμετάϐλητον</span> <span class='ocrx_word' id='word_1_200' title='bbox 821 2717 921 2788; x_wconf 84' lang='grc'>(6).</span> <span class='ocrx_word' id='word_1_201' title='bbox 959 2717 1017 2770; x_wconf 78' lang='grc' dir='ltr'>Ὀ</span> <span class='ocrx_word' id='word_1_202' title='bbox 1057 2718 1111 2770; x_wconf 84' lang='grc' dir='ltr'>δὲ</span> <span class='ocrx_word' id='word_1_203' title='bbox 1152 2717 1410 2788; x_wconf 84' lang='grc' dir='ltr'>Γαλέριος</span> <span class='ocrx_word' id='word_1_204' title='bbox 1443 2717 1579 2787; x_wconf 85' lang='grc' dir='ltr'>πρὸς</span> <span class='ocrx_word' id='word_1_205' title='bbox 1607 2717 1782 2771; x_wconf 82' lang='grc' dir='ltr'>ταῦτα</span> <span class='ocrx_word' id='word_1_206' title='bbox 1810 2717 1968 2782; x_wconf 79' lang='grc' dir='ltr'>δόξας</span> 
     </span>
    </p>
   </div>
   <div class='ocr_carea' id='block_1_31' title="bbox 389 2809 1970 2880">
    <p class='ocr_par' dir='ltr' id='par_1_31' title="bbox 389 2809 1970 2880">
     <span class='ocr_line' id='line_1_31' title="bbox 389 2809 1970 2880; baseline 0.003 -20"><span class='ocrx_word' id='word_1_207' title='bbox 389 2809 730 2880; x_wconf 81' lang='grc' dir='ltr'>ὀργίζεσθαι,</span> <span class='ocrx_word' id='word_1_208' title='bbox 761 2810 1101 2880; x_wconf 80' lang='grc' dir='ltr'>συγκινήσας</span> <span class='ocrx_word' id='word_1_209' title='bbox 1123 2809 1183 2861; x_wconf 76' lang='grc' dir='ltr'>τὸ</span> <span class='ocrx_word' id='word_1_210' title='bbox 1209 2809 1402 2862; x_wconf 77' lang='grc' dir='ltr'>ἑαυτοῦ</span> <span class='ocrx_word' id='word_1_211' title='bbox 1428 2809 1608 2880; x_wconf 79' lang='grc' dir='ltr'>σῶμα,</span> <span class='ocrx_word' id='word_1_212' title='bbox 1639 2811 1970 2879; x_wconf 86' lang='grc' dir='ltr'>ἀπεκρίνατο</span> 
     </span>
    </p>
   </div>
   <div class='ocr_carea' id='block_1_32' title="bbox 391 2899 1971 2973">
    <p class='ocr_par' dir='ltr' id='par_1_32' title="bbox 391 2899 1971 2973">
     <span class='ocr_line' id='line_1_32' title="bbox 391 2899 1971 2973; baseline 0 -19"><span class='ocrx_word' id='word_1_213' title='bbox 391 2901 588 2970; x_wconf 84' lang='grc' dir='ltr'>λέγων,</span> <span class='ocrx_word' id='word_1_214' title='bbox 613 2902 674 2953; x_wconf 84' lang='grc' dir='ltr'><strong>ού</strong></span> <span class='ocrx_word' id='word_1_215' title='bbox 700 2901 881 2964; x_wconf 84' lang='grc' dir='ltr'>καλῶς</span> <span class='ocrx_word' id='word_1_216' title='bbox 922 2902 1141 2973; x_wconf 79' lang='grc' dir='ltr'>Πέρσας</span> <span class='ocrx_word' id='word_1_217' title='bbox 1173 2899 1357 2966; x_wconf 80' lang='grc' dir='ltr'>ἀξιοῦν</span> <span class='ocrx_word' id='word_1_218' title='bbox 1395 2900 1497 2970; x_wconf 83' lang='grc' dir='ltr'><strong>τῆς</strong></span> <span class='ocrx_word' id='word_1_219' title='bbox 1533 2902 1837 2970; x_wconf 84' lang='grc' dir='ltr'>μεταϐολῆς</span> <span class='ocrx_word' id='word_1_220' title='bbox 1861 2902 1971 2956; x_wconf 83' lang='grc' dir='ltr'>τῶν</span> 
     </span>
    </p>
   </div>
   <div class='ocr_carea' id='block_1_33' title="bbox 393 2993 1970 3066">
    <p class='ocr_par' dir='ltr' id='par_1_33' title="bbox 393 2993 1970 3066">
     <span class='ocr_line' id='line_1_33' title="bbox 393 2993 1970 3066; baseline -0.001 -19"><span class='ocrx_word' id='word_1_221' title='bbox 393 2995 750 3064; x_wconf 84' lang='grc' dir='ltr'>ἀνθρωπίνων</span> <span class='ocrx_word' id='word_1_222' title='bbox 803 2994 1148 3066; x_wconf 83' lang='grc' dir='ltr'>πραγμάτων</span> <span class='ocrx_word' id='word_1_223' title='bbox 1181 2993 1397 3064; x_wconf 81' lang='grc' dir='ltr'>ἑτέρους</span> <span class='ocrx_word' id='word_1_224' title='bbox 1436 2993 1771 3064; x_wconf 87' lang='grc' dir='ltr'>μεμνῆσθαι,</span> <span class='ocrx_word' id='word_1_225' title='bbox 1807 2993 1970 3047; x_wconf 84' lang='grc' dir='ltr'>ὁπότε</span> 
     </span>
    </p>
   </div>
   <div class='ocr_carea' id='block_1_34' title="bbox 2047 527 3623 598">
    <p class='ocr_par' dir='ltr' id='par_1_34' title="bbox 2047 527 3623 598">
     <span class='ocr_line' id='line_1_34' title="bbox 2047 527 3623 598; baseline 0.003 -18"><span class='ocrx_word' id='word_1_226' title='bbox 2047 527 2276 581; x_wconf 91' lang='lat' dir='ltr'><strong>invicem</strong></span> <span class='ocrx_word' id='word_1_227' title='bbox 2307 528 2408 582; x_wconf 90' lang='lat' dir='ltr'><strong>sibi</strong></span> <span class='ocrx_word' id='word_1_228' title='bbox 2444 529 2700 586; x_wconf 86' lang='lat' dir='ltr'><strong>molestos</strong></span> <span class='ocrx_word' id='word_1_229' title='bbox 2727 537 2780 583; x_wconf 90' lang='lat' dir='ltr'><strong>et</strong></span> <span class='ocrx_word' id='word_1_230' title='bbox 2807 545 3002 598; x_wconf 88' lang='lat' dir='ltr'><strong>graves</strong></span> <span class='ocrx_word' id='word_1_231' title='bbox 3026 545 3168 588; x_wconf 82' lang='lat' dir='ltr'><strong>esse.</strong></span> <span class='ocrx_word' id='word_1_232' title='bbox 3207 531 3319 587; x_wconf 89' lang='lat' dir='ltr'><strong>lloc</strong></span> <span class='ocrx_word' id='word_1_233' title='bbox 3341 534 3487 588; x_wconf 86' lang='lat' dir='ltr'><strong>enim</strong></span> <span class='ocrx_word' id='word_1_234' title='bbox 3521 549 3623 587; x_wconf 84' lang='lat' dir='ltr'><strong>non</strong></span> 
     </span>
    </p>
   </div>
   <div class='ocr_carea' id='block_1_35' title="bbox 2047 618 3626 689">
    <p class='ocr_par' dir='ltr' id='par_1_35' title="bbox 2047 618 3626 689">
     <span class='ocr_line' id='line_1_35' title="bbox 2047 618 3626 689; baseline 0.009 -20"><span class='ocrx_word' id='word_1_235' title='bbox 2047 618 2240 683; x_wconf 75' lang='lat' dir='ltr'><strong>virtus,</strong></span> <span class='ocrx_word' id='word_1_236' title='bbox 2285 620 2379 673; x_wconf 86' lang='lat' dir='ltr'><strong>sed</strong></span> <span class='ocrx_word' id='word_1_237' title='bbox 2422 622 2594 689; x_wconf 83' lang='lat' dir='ltr'><strong>magis</strong></span> <span class='ocrx_word' id='word_1_238' title='bbox 2633 623 2826 678; x_wconf 88' lang='lat' dir='ltr'><strong>levitas</strong></span> <span class='ocrx_word' id='word_1_239' title='bbox 2866 634 2922 680; x_wconf 89' lang='lat' dir='ltr'><strong>et</strong></span> <span class='ocrx_word' id='word_1_240' title='bbox 2974 627 3238 682; x_wconf 79' lang='lat' dir='ltr'><strong>mollities</strong></span> <span class='ocrx_word' id='word_1_241' title='bbox 3284 637 3626 683; x_wconf 80' lang='lat' dir='ltr'><strong>censeretur.</strong></span> 
     </span>
    </p>
   </div>
   <div class='ocr_carea' id='block_1_36' title="bbox 2048 711 3628 789">
    <p class='ocr_par' dir='ltr' id='par_1_36' title="bbox 2048 711 3628 789">
     <span class='ocr_line' id='line_1_36' title="bbox 2048 711 3628 789; baseline 0.007 -23"><span class='ocrx_word' id='word_1_242' title='bbox 2048 711 2180 766; x_wconf 76' lang='lat' dir='ltr'><strong>Nam</strong></span> <span class='ocrx_word' id='word_1_243' title='bbox 2213 712 2302 780; x_wconf 87' lang='lat' dir='ltr'><strong>qui</strong></span> <span class='ocrx_word' id='word_1_244' title='bbox 2335 711 2626 769; x_wconf 82' lang='lat' dir='ltr'><strong>inferiores</strong></span> <span class='ocrx_word' id='word_1_245' title='bbox 2651 716 2789 768; x_wconf 84' lang='lat' dir='ltr'><strong>nihil</strong></span> <span class='ocrx_word' id='word_1_246' title='bbox 2816 717 2918 772; x_wconf 85' lang='lat' dir='ltr'><strong>sibi</strong></span> <span class='ocrx_word' id='word_1_247' title='bbox 2947 719 3204 785; x_wconf 82' lang='lat' dir='ltr'><strong>prodesse</strong></span> <span class='ocrx_word' id='word_1_248' title='bbox 3235 735 3393 789; x_wconf 79' lang='lat' dir='ltr'><strong>posse</strong></span> <span class='ocrx_word' id='word_1_249' title='bbox 3418 727 3628 787; x_wconf 76' lang='lat' dir='ltr'><strong>pulnttl.</strong></span> 
     </span>
    </p>
   </div>
   <div class='ocr_carea' id='block_1_37' title="bbox 2048 806 3631 876">
    <p class='ocr_par' dir='ltr' id='par_1_37' title="bbox 2048 806 3631 876">
     <span class='ocr_line' id='line_1_37' title="bbox 2048 806 3631 876; baseline 0.004 -19"><span class='ocrx_word' id='word_1_250' title='bbox 2048 815 2317 858; x_wconf 90' lang='lat' dir='ltr'><strong>conantur</strong></span> <span class='ocrx_word' id='word_1_251' title='bbox 2369 820 2497 868; x_wconf 79' lang='lat' dir='ltr'><strong>eos,</strong></span> <span class='ocrx_word' id='word_1_252' title='bbox 2559 806 2650 874; x_wconf 92' lang='lat' dir='ltr'><strong>qui</strong></span> <span class='ocrx_word' id='word_1_253' title='bbox 2709 807 2813 860; x_wconf 89' lang='lat' dir='ltr'><strong>sibi</strong></span> <span class='ocrx_word' id='word_1_254' title='bbox 2871 810 3269 876; x_wconf 85' lang='lat' dir='ltr'><strong>adversantur,</strong></span> <span class='ocrx_word' id='word_1_255' title='bbox 3334 811 3524 864; x_wconf 88' lang='lat' dir='ltr'><strong>tollere</strong></span> <span class='ocrx_word' id='word_1_256' title='bbox 3575 822 3631 864; x_wconf 90' lang='lat' dir='ltr'><strong>et</strong></span> 
     </span>
    </p>
   </div>
   <div class='ocr_carea' id='block_1_38' title="bbox 2048 896 3632 967">
    <p class='ocr_par' dir='ltr' id='par_1_38' title="bbox 2048 896 3632 967">
     <span class='ocr_line' id='line_1_38' title="bbox 2048 896 3632 967; baseline 0.001 -15"><span class='ocrx_word' id='word_1_257' title='bbox 2048 906 2316 954; x_wconf 79' lang='lat' dir='ltr'><strong>evertere.</strong></span> <span class='ocrx_word' id='word_1_258' title='bbox 2358 896 2474 951; x_wconf 88' lang='lat' dir='ltr'><strong>Non</strong></span> <span class='ocrx_word' id='word_1_259' title='bbox 2529 909 2783 967; x_wconf 79' lang='lat' dir='ltr'><strong>oportere</strong></span> <span class='ocrx_word' id='word_1_260' title='bbox 2835 909 3016 953; x_wconf 89' lang='lat' dir='ltr'><strong>autem</strong></span> <span class='ocrx_word' id='word_1_261' title='bbox 3058 900 3337 955; x_wconf 71' lang='lat' dir='ltr'><strong>Narszeum</strong></span> <span class='ocrx_word' id='word_1_262' title='bbox 3376 904 3632 955; x_wconf 88' lang='lat' dir='ltr'><strong>omnibus</strong></span> 
     </span>
    </p>
   </div>
   <div class='ocr_carea' id='block_1_39' title="bbox 2050 987 3635 1057">
    <p class='ocr_par' dir='ltr' id='par_1_39' title="bbox 2050 987 3635 1057">
     <span class='ocr_line' id='line_1_39' title="bbox 2050 987 3635 1057; baseline 0.002 -16"><span class='ocrx_word' id='word_1_263' title='bbox 2050 987 2170 1042; x_wconf 88' lang='lat' dir='ltr'><strong>aliis</strong></span> <span class='ocrx_word' id='word_1_264' title='bbox 2200 987 2417 1057; x_wconf 80' lang='lat' dir='ltr'><strong>regibus</strong></span> <span class='ocrx_word' id='word_1_265' title='bbox 2463 989 2878 1044; x_wconf 83' lang='lat' dir='ltr'><strong>imbecilliorem</strong></span> <span class='ocrx_word' id='word_1_266' title='bbox 2922 992 3274 1057; x_wconf 81' lang='lat' dir='ltr'><strong>existimare;</strong></span> <span class='ocrx_word' id='word_1_267' title='bbox 3327 994 3422 1047; x_wconf 89' lang='lat' dir='ltr'><strong>scd</strong></span> <span class='ocrx_word' id='word_1_268' title='bbox 3475 993 3635 1047; x_wconf 82' lang='lat' dir='ltr'><strong>Gale-</strong></span> 
     </span>
    </p>
   </div>
   <div class='ocr_carea' id='block_1_40' title="bbox 2051 1077 3634 1148">
    <p class='ocr_par' dir='ltr' id='par_1_40' title="bbox 2051 1077 3634 1148">
     <span class='ocr_line' id='line_1_40' title="bbox 2051 1077 3634 1148; baseline 0.001 -15"><span class='ocrx_word' id='word_1_269' title='bbox 2051 1079 2192 1133; x_wconf 87' lang='lat' dir='ltr'><strong>rium</strong></span> <span class='ocrx_word' id='word_1_270' title='bbox 2224 1086 2375 1132; x_wconf 86' lang='lat' dir='ltr'><strong>tanto</strong></span> <span class='ocrx_word' id='word_1_271' title='bbox 2411 1077 2636 1146; x_wconf 82' lang='lat' dir='ltr'><strong>reliquis</strong></span> <span class='ocrx_word' id='word_1_272' title='bbox 2671 1079 2891 1146; x_wconf 82' lang='lat' dir='ltr'><strong>regibus</strong></span> <span class='ocrx_word' id='word_1_273' title='bbox 2917 1082 3254 1148; x_wconf 85' lang='lat' dir='ltr'><strong>superiorem</strong></span> <span class='ocrx_word' id='word_1_274' title='bbox 3303 1096 3446 1145; x_wconf 87' lang='lat' dir='ltr'><strong>esse,</strong></span> <span class='ocrx_word' id='word_1_275' title='bbox 3477 1091 3534 1135; x_wconf 93' lang='lat' dir='ltr'><strong>ut</strong></span> <span class='ocrx_word' id='word_1_276' title='bbox 3564 1081 3634 1134; x_wconf 90' lang='lat' dir='ltr'><strong>ab</strong></span> 
     </span>
    </p>
   </div>
   <div class='ocr_carea' id='block_1_41' title="bbox 2053 1166 3635 1235">
    <p class='ocr_par' dir='ltr' id='par_1_41' title="bbox 2053 1166 3635 1235">
     <span class='ocr_line' id='line_1_41' title="bbox 2053 1166 3635 1235; baseline 0 -11"><span class='ocrx_word' id='word_1_277' title='bbox 2053 1183 2118 1228; x_wconf 88' lang='lat' dir='ltr'><strong>eo</strong></span> <span class='ocrx_word' id='word_1_278' title='bbox 2149 1169 2267 1228; x_wconf 85' lang='lat' dir='ltr'><strong>solo</strong></span> <span class='ocrx_word' id='word_1_279' title='bbox 2292 1169 2488 1224; x_wconf 88' lang='lat' dir='ltr'><strong>merito</strong></span> <span class='ocrx_word' id='word_1_280' title='bbox 2515 1166 2773 1224; x_wconf 63' lang='lat' dir='ltr'><strong>Narseus</strong></span> <span class='ocrx_word' id='word_1_281' title='bbox 2799 1169 2974 1224; x_wconf 85' lang='lat' dir='ltr'><strong>victus</strong></span> <span class='ocrx_word' id='word_1_282' title='bbox 3012 1170 3105 1235; x_wconf 90' lang='lat' dir='ltr'><strong>sit,</strong></span> <span class='ocrx_word' id='word_1_283' title='bbox 3153 1171 3367 1224; x_wconf 76' lang='lat' dir='ltr'><strong>tametsi</strong></span> <span class='ocrx_word' id='word_1_284' title='bbox 3403 1186 3471 1225; x_wconf 91' lang='lat' dir='ltr'><strong>ne</strong></span> <span class='ocrx_word' id='word_1_285' title='bbox 3497 1170 3635 1224; x_wconf 82' lang='lat' dir='ltr'><strong>Nar-</strong></span> 
     </span>
    </p>
   </div>
   <div class='ocr_carea' id='block_1_42' title="bbox 2055 1261 3633 1330">
    <p class='ocr_par' dir='ltr' id='par_1_42' title="bbox 2055 1261 3633 1330">
     <span class='ocr_line' id='line_1_42' title="bbox 2055 1261 3633 1330; baseline -0.001 -14"><span class='ocrx_word' id='word_1_286' title='bbox 2055 1276 2197 1318; x_wconf 68' lang='lat' dir='ltr'><strong>smus</strong></span> <span class='ocrx_word' id='word_1_287' title='bbox 2253 1261 2474 1330; x_wconf 80' lang='lat' dir='ltr'><strong>quidem</strong></span> <span class='ocrx_word' id='word_1_288' title='bbox 2533 1275 2562 1314; x_wconf 86' lang='lat' dir='ltr'><strong>a</strong></span> <span class='ocrx_word' id='word_1_289' title='bbox 2621 1276 2846 1316; x_wconf 86' lang='lat' dir='ltr'><strong>suorum</strong></span> <span class='ocrx_word' id='word_1_290' title='bbox 2899 1261 3167 1330; x_wconf 84' lang='lat' dir='ltr'><strong>majorum</strong></span> <span class='ocrx_word' id='word_1_291' title='bbox 3219 1262 3422 1315; x_wconf 83' lang='lat' dir='ltr'><strong>virtute</strong></span> <span class='ocrx_word' id='word_1_292' title='bbox 3469 1263 3633 1315; x_wconf 89' lang='lat' dir='ltr'><strong>absit.</strong></span> 
     </span>
    </p>
   </div>
   <div class='ocr_carea' id='block_1_43' title="bbox 2056 1351 3635 1421">
    <p class='ocr_par' dir='ltr' id='par_1_43' title="bbox 2056 1351 3635 1421">
     <span class='ocr_line' id='line_1_43' title="bbox 2056 1351 3635 1421; baseline 0 -17"><span class='ocrx_word' id='word_1_293' title='bbox 2056 1351 2325 1413; x_wconf 59' lang='lat' dir='ltr'><strong>Praeterea</strong></span> <span class='ocrx_word' id='word_1_294' title='bbox 2359 1353 2496 1409; x_wconf 81' lang='lat' dir='ltr'><strong>dixit</strong></span> <span class='ocrx_word' id='word_1_295' title='bbox 2535 1353 2869 1421; x_wconf 79' lang='lat' dir='ltr'><strong>Appharban</strong></span> <span class='ocrx_word' id='word_1_296' title='bbox 2914 1355 3230 1406; x_wconf 79' lang='lat' dir='ltr'><strong>mandatum</strong></span> <span class='ocrx_word' id='word_1_297' title='bbox 3263 1353 3365 1406; x_wconf 82' lang='lat' dir='ltr'><strong>sibi</strong></span> <span class='ocrx_word' id='word_1_298' title='bbox 3402 1352 3570 1405; x_wconf 82' lang='lat' dir='ltr'><strong>fuisse</strong></span> <span class='ocrx_word' id='word_1_299' title='bbox 3605 1366 3635 1404; x_wconf 91' lang='lat' dir='ltr'><strong>a</strong></span> 
     </span>
    </p>
   </div>
   <div class='ocr_carea' id='block_1_44' title="bbox 2059 1445 3642 1515">
    <p class='ocr_par' dir='ltr' id='par_1_44' title="bbox 2059 1445 3642 1515">
     <span class='ocr_line' id='line_1_44' title="bbox 2059 1445 3642 1515; baseline -0.004 -14"><span class='ocrx_word' id='word_1_300' title='bbox 2059 1445 2502 1510; x_wconf 79' lang='lat' dir='ltr'><strong>Narsaeo,omnia</strong></span> <span class='ocrx_word' id='word_1_301' title='bbox 2521 1447 2725 1515; x_wconf 84' lang='lat' dir='ltr'><strong>proprii</strong></span> <span class='ocrx_word' id='word_1_302' title='bbox 2753 1446 2904 1514; x_wconf 81' lang='lat' dir='ltr'><strong>regni</strong></span> <span class='ocrx_word' id='word_1_303' title='bbox 2922 1446 3436 1514; x_wconf 70' lang='lat' dir='ltr'><strong>juraiRomanoruut</strong></span> <span class='ocrx_word' id='word_1_304' title='bbox 3458 1445 3642 1496; x_wconf 83' lang='lat' dir='ltr'><strong>Imma-</strong></span> 
     </span>
    </p>
   </div>
   <div class='ocr_carea' id='block_1_45' title="bbox 2061 1536 3640 1605">
    <p class='ocr_par' dir='ltr' id='par_1_45' title="bbox 2061 1536 3640 1605">
     <span class='ocr_line' id='line_1_45' title="bbox 2061 1536 3640 1605; baseline -0.007 -9"><span class='ocrx_word' id='word_1_305' title='bbox 2061 1536 2216 1596; x_wconf 86' lang='lat' dir='ltr'><strong>nitati</strong></span> <span class='ocrx_word' id='word_1_306' title='bbox 2249 1536 2540 1601; x_wconf 85' lang='lat' dir='ltr'><strong>committi,</strong></span> <span class='ocrx_word' id='word_1_307' title='bbox 2581 1538 2756 1605; x_wconf 85' lang='lat' dir='ltr'><strong>ipsum</strong></span> <span class='ocrx_word' id='word_1_308' title='bbox 2789 1551 3004 1604; x_wconf 85' lang='lat' dir='ltr'><strong>aequum</strong></span> <span class='ocrx_word' id='word_1_309' title='bbox 3036 1551 3156 1591; x_wconf 88' lang='lat' dir='ltr'><strong>esse</strong></span> <span class='ocrx_word' id='word_1_310' title='bbox 3185 1537 3387 1590; x_wconf 88' lang='lat' dir='ltr'><strong>ducere</strong></span> <span class='ocrx_word' id='word_1_311' title='bbox 3425 1551 3438 1590; x_wconf 91' lang='lat'><strong>:</strong></span> <span class='ocrx_word' id='word_1_312' title='bbox 3467 1549 3640 1600; x_wconf 86' lang='lat' dir='ltr'><strong>neque</strong></span> 
     </span>
    </p>
   </div>
   <div class='ocr_carea' id='block_1_46' title="bbox 2062 1627 3639 1696">
    <p class='ocr_par' dir='ltr' id='par_1_46' title="bbox 2062 1627 3639 1696">
     <span class='ocr_line' id='line_1_46' title="bbox 2062 1627 3639 1696; baseline -0.003 -13"><span class='ocrx_word' id='word_1_313' title='bbox 2062 1628 2186 1684; x_wconf 90' lang='lat' dir='ltr'><strong>ideo</strong></span> <span class='ocrx_word' id='word_1_314' title='bbox 2214 1629 2575 1690; x_wconf 84' lang='lat' dir='ltr'><strong>conditiones,</strong></span> <span class='ocrx_word' id='word_1_315' title='bbox 2613 1629 2812 1695; x_wconf 83' lang='lat' dir='ltr'><strong>quibus</strong></span> <span class='ocrx_word' id='word_1_316' title='bbox 2853 1643 3043 1696; x_wconf 88' lang='lat' dir='ltr'><strong>pacem</strong></span> <span class='ocrx_word' id='word_1_317' title='bbox 3082 1628 3194 1681; x_wconf 82' lang='lat' dir='ltr'><strong>ﬁeri</strong></span> <span class='ocrx_word' id='word_1_318' title='bbox 3228 1627 3412 1691; x_wconf 81' lang='lat' dir='ltr'><strong>vellet,</strong></span> <span class='ocrx_word' id='word_1_319' title='bbox 3458 1628 3639 1696; x_wconf 71' lang='lat' dir='ltr'><strong>ipsum</strong></span> 
     </span>
    </p>
   </div>
   <div class='ocr_carea' id='block_1_47' title="bbox 2065 1718 3639 1787">
    <p class='ocr_par' dir='ltr' id='par_1_47' title="bbox 2065 1718 3639 1787">
     <span class='ocr_line' id='line_1_47' title="bbox 2065 1718 3639 1787; baseline -0.002 -14"><span class='ocrx_word' id='word_1_320' title='bbox 2065 1718 2232 1785; x_wconf 83' lang='lat' dir='ltr'><strong>ferre,</strong></span> <span class='ocrx_word' id='word_1_321' title='bbox 2264 1720 2360 1776; x_wconf 86' lang='lat' dir='ltr'><strong>sed</strong></span> <span class='ocrx_word' id='word_1_322' title='bbox 2387 1719 2440 1773; x_wconf 89' lang='lat' dir='ltr'><strong>id</strong></span> <span class='ocrx_word' id='word_1_323' title='bbox 2466 1733 2632 1774; x_wconf 86' lang='lat' dir='ltr'><strong>omne</strong></span> <span class='ocrx_word' id='word_1_324' title='bbox 2660 1719 3009 1787; x_wconf 84' lang='lat' dir='ltr'><strong>imperatoris</strong></span> <span class='ocrx_word' id='word_1_325' title='bbox 3034 1719 3263 1772; x_wconf 88' lang='lat' dir='ltr'><strong>arbitrio</strong></span> <span class='ocrx_word' id='word_1_326' title='bbox 3295 1719 3639 1786; x_wconf 75' lang='lat' dir='ltr'><strong>permittere.</strong></span> 
     </span>
    </p>
   </div>
   <div class='ocr_carea' id='block_1_48' title="bbox 2067 1807 3645 1880">
    <p class='ocr_par' dir='ltr' id='par_1_48' title="bbox 2067 1807 3645 1880">
     <span class='ocr_line' id='line_1_48' title="bbox 2067 1807 3645 1880; baseline -0.001 -16"><span class='ocrx_word' id='word_1_327' title='bbox 2067 1810 2178 1865; x_wconf 87' lang='lat' dir='ltr'><strong>Hoc</strong></span> <span class='ocrx_word' id='word_1_328' title='bbox 2218 1810 2394 1870; x_wconf 90' lang='lat' dir='ltr'><strong>solum</strong></span> <span class='ocrx_word' id='word_1_329' title='bbox 2425 1809 2603 1880; x_wconf 80' lang='lat' dir='ltr'><strong>ipsum</strong></span> <span class='ocrx_word' id='word_1_330' title='bbox 2637 1810 2870 1874; x_wconf 86' lang='lat' dir='ltr'><strong>hortari,</strong></span> <span class='ocrx_word' id='word_1_331' title='bbox 2914 1817 2971 1863; x_wconf 86' lang='lat' dir='ltr'><strong>ut</strong></span> <span class='ocrx_word' id='word_1_332' title='bbox 3005 1809 3106 1863; x_wconf 88' lang='lat' dir='ltr'><strong>sibi</strong></span> <span class='ocrx_word' id='word_1_333' title='bbox 3149 1823 3374 1863; x_wconf 85' lang='lat' dir='ltr'><strong>uxorem</strong></span> <span class='ocrx_word' id='word_1_334' title='bbox 3405 1815 3459 1862; x_wconf 91' lang='lat' dir='ltr'><strong>ct</strong></span> <span class='ocrx_word' id='word_1_335' title='bbox 3505 1807 3645 1862; x_wconf 87' lang='lat' dir='ltr'><strong>lilios</strong></span> 
     </span>
    </p>
   </div>
   <div class='ocr_carea' id='block_1_49' title="bbox 2064 1898 3647 1970">
    <p class='ocr_par' dir='ltr' id='par_1_49' title="bbox 2064 1898 3647 1970">
     <span class='ocr_line' id='line_1_49' title="bbox 2064 1898 3647 1970; baseline -0.003 -16"><span class='ocrx_word' id='word_1_336' title='bbox 2064 1901 2339 1966; x_wconf 76' lang='lat' dir='ltr'><strong>redderet,</strong></span> <span class='ocrx_word' id='word_1_337' title='bbox 2368 1915 2508 1970; x_wconf 91' lang='lat' dir='ltr'><strong>quos</strong></span> <span class='ocrx_word' id='word_1_338' title='bbox 2537 1899 2584 1954; x_wconf 96' lang='lat' dir='ltr'><strong>si</strong></span> <span class='ocrx_word' id='word_1_339' title='bbox 2614 1900 2904 1968; x_wconf 88' lang='lat' dir='ltr'><strong>reciperet,</strong></span> <span class='ocrx_word' id='word_1_340' title='bbox 2949 1899 3123 1954; x_wconf 90' lang='lat' dir='ltr'><strong>multo</strong></span> <span class='ocrx_word' id='word_1_341' title='bbox 3170 1898 3557 1952; x_wconf 85' lang='lat' dir='ltr'><strong>devinctiorem</strong></span> <span class='ocrx_word' id='word_1_342' title='bbox 3585 1910 3647 1950; x_wconf 86' lang='lat' dir='ltr'><strong>se</strong></span> 
     </span>
    </p>
   </div>
   <div class='ocr_carea' id='block_1_50' title="bbox 2067 1989 3644 2061">
    <p class='ocr_par' dir='ltr' id='par_1_50' title="bbox 2067 1989 3644 2061">
     <span class='ocr_line' id='line_1_50' title="bbox 2067 1989 3644 2061; baseline -0.005 -13"><span class='ocrx_word' id='word_1_343' title='bbox 2067 1993 2142 2049; x_wconf 91' lang='lat' dir='ltr'><strong>illi</strong></span> <span class='ocrx_word' id='word_1_344' title='bbox 2196 1994 2312 2048; x_wconf 80' lang='lat' dir='ltr'><strong>fore</strong></span> <span class='ocrx_word' id='word_1_345' title='bbox 2365 1992 2684 2058; x_wconf 81' lang='lat' dir='ltr'><strong>beneﬁciis,</strong></span> <span class='ocrx_word' id='word_1_346' title='bbox 2729 2006 2894 2061; x_wconf 88' lang='lat' dir='ltr'><strong>quam</strong></span> <span class='ocrx_word' id='word_1_347' title='bbox 2953 1992 2998 2045; x_wconf 89' lang='lat' dir='ltr'><strong>si</strong></span> <span class='ocrx_word' id='word_1_348' title='bbox 3056 1991 3222 2044; x_wconf 88' lang='lat' dir='ltr'><strong>armis</strong></span> <span class='ocrx_word' id='word_1_349' title='bbox 3268 1989 3517 2054; x_wconf 79' lang='lat' dir='ltr'><strong>vicisset;</strong></span> <span class='ocrx_word' id='word_1_350' title='bbox 3571 2003 3644 2040; x_wconf 81' lang='lat' dir='ltr'><strong>ne</strong></span> 
     </span>
    </p>
   </div>
   <div class='ocr_carea' id='block_1_51' title="bbox 2065 2083 3642 2154">
    <p class='ocr_par' dir='ltr' id='par_1_51' title="bbox 2065 2083 3642 2154">
     <span class='ocr_line' id='line_1_51' title="bbox 2065 2083 3642 2154; baseline -0.005 -14"><span class='ocrx_word' id='word_1_351' title='bbox 2065 2100 2212 2140; x_wconf 86' lang='lat' dir='ltr'><strong>nunc</strong></span> <span class='ocrx_word' id='word_1_352' title='bbox 2235 2084 2457 2154; x_wconf 88' lang='lat' dir='ltr'><strong>quidem</strong></span> <span class='ocrx_word' id='word_1_353' title='bbox 2484 2085 2619 2138; x_wconf 89' lang='lat' dir='ltr'><strong>satis</strong></span> <span class='ocrx_word' id='word_1_354' title='bbox 2657 2097 2760 2151; x_wconf 88' lang='lat' dir='ltr'><strong>pro</strong></span> <span class='ocrx_word' id='word_1_355' title='bbox 2791 2083 2988 2136; x_wconf 85' lang='lat' dir='ltr'><strong>merito</strong></span> <span class='ocrx_word' id='word_1_356' title='bbox 3013 2083 3218 2152; x_wconf 77' lang='lat' dir='ltr'><strong>gratias</strong></span> <span class='ocrx_word' id='word_1_357' title='bbox 3255 2095 3418 2149; x_wconf 76' lang='lat' dir='ltr'><strong>agere</strong></span> <span class='ocrx_word' id='word_1_358' title='bbox 3456 2093 3642 2145; x_wconf 85' lang='lat' dir='ltr'><strong>posse,</strong></span> 
     </span>
    </p>
   </div>
   <div class='ocr_carea' id='block_1_52' title="bbox 2066 2171 3648 2246">
    <p class='ocr_par' dir='ltr' id='par_1_52' title="bbox 2066 2171 3648 2246">
     <span class='ocr_line' id='line_1_52' title="bbox 2066 2171 3648 2246; baseline -0.006 -16"><span class='ocrx_word' id='word_1_359' title='bbox 2066 2178 2210 2246; x_wconf 91' lang='lat' dir='ltr'><strong>quod</strong></span> <span class='ocrx_word' id='word_1_360' title='bbox 2238 2175 2441 2245; x_wconf 85' lang='lat' dir='ltr'><strong>captivi</strong></span> <span class='ocrx_word' id='word_1_361' title='bbox 2477 2176 2620 2229; x_wconf 90' lang='lat' dir='ltr'><strong>baud</strong></span> <span class='ocrx_word' id='word_1_362' title='bbox 2657 2175 2915 2244; x_wconf 85' lang='lat' dir='ltr'><strong>quiquam</strong></span> <span class='ocrx_word' id='word_1_363' title='bbox 2947 2171 3300 2228; x_wconf 68' lang='lat' dir='ltr'><strong>contumelia:</strong></span> <span class='ocrx_word' id='word_1_364' title='bbox 3329 2172 3469 2240; x_wconf 86' lang='lat' dir='ltr'><strong>passi</strong></span> <span class='ocrx_word' id='word_1_365' title='bbox 3511 2171 3648 2233; x_wconf 90' lang='lat' dir='ltr'><strong>sint,</strong></span> 
     </span>
    </p>
   </div>
   <div class='ocr_carea' id='block_1_53' title="bbox 2067 2260 3655 2335">
    <p class='ocr_par' dir='ltr' id='par_1_53' title="bbox 2067 2260 3655 2335">
     <span class='ocr_line' id='line_1_53' title="bbox 2067 2260 3655 2335; baseline -0.008 -11"><span class='ocrx_word' id='word_1_366' title='bbox 2067 2269 2281 2324; x_wconf 76' lang='lat' dir='ltr'><strong>scdjta</strong></span> <span class='ocrx_word' id='word_1_367' title='bbox 2329 2267 2522 2331; x_wconf 81' lang='lat' dir='ltr'><strong>liablti,</strong></span> <span class='ocrx_word' id='word_1_368' title='bbox 2574 2275 2635 2321; x_wconf 91' lang='lat' dir='ltr'><strong>ut</strong></span> <span class='ocrx_word' id='word_1_369' title='bbox 2691 2265 2936 2335; x_wconf 72' lang='lat' dir='ltr'><strong>pristinae</strong></span> <span class='ocrx_word' id='word_1_370' title='bbox 2978 2280 3090 2319; x_wconf 76' lang='lat' dir='ltr'><strong>sua:</strong></span> <span class='ocrx_word' id='word_1_371' title='bbox 3149 2261 3418 2318; x_wconf 88' lang='lat' dir='ltr'><strong>nobilitati</strong></span> <span class='ocrx_word' id='word_1_372' title='bbox 3471 2260 3655 2329; x_wconf 87' lang='lat' dir='ltr'><strong>primo</strong></span> 
     </span>
    </p>
   </div>
   <div class='ocr_carea' id='block_1_54' title="bbox 2067 2349 3649 2429">
    <p class='ocr_par' dir='ltr' id='par_1_54' title="bbox 2067 2349 3649 2429">
     <span class='ocr_line' id='line_1_54' title="bbox 2067 2349 3649 2429; baseline -0.007 -16"><span class='ocrx_word' id='word_1_373' title='bbox 2067 2374 2284 2429; x_wconf 87' lang='lat' dir='ltr'><strong>quoque</strong></span> <span class='ocrx_word' id='word_1_374' title='bbox 2336 2369 2578 2427; x_wconf 86' lang='lat' dir='ltr'><strong>tempore</strong></span> <span class='ocrx_word' id='word_1_375' title='bbox 2627 2373 2686 2412; x_wconf 90' lang='lat' dir='ltr'><strong>sc</strong></span> <span class='ocrx_word' id='word_1_376' title='bbox 2721 2357 3038 2411; x_wconf 83' lang='lat' dir='ltr'><strong>restitutum</strong></span> <span class='ocrx_word' id='word_1_377' title='bbox 3086 2356 3150 2409; x_wconf 89' lang='lat' dir='ltr'><strong>iri</strong></span> <span class='ocrx_word' id='word_1_378' title='bbox 3192 2361 3497 2423; x_wconf 81' lang='lat' dir='ltr'><strong>sperarent.</strong></span> <span class='ocrx_word' id='word_1_379' title='bbox 3545 2349 3649 2403; x_wconf 81' lang='lat' dir='ltr'><strong>ilic</strong></span> 
     </span>
    </p>
   </div>
   <div class='ocr_carea' id='block_1_55' title="bbox 2069 2446 3656 2518">
    <p class='ocr_par' dir='ltr' id='par_1_55' title="bbox 2069 2446 3656 2518">
     <span class='ocr_line' id='line_1_55' title="bbox 2069 2446 3656 2518; baseline -0.008 -12"><span class='ocrx_word' id='word_1_380' title='bbox 2069 2453 2283 2518; x_wconf 82' lang='lat' dir='ltr'><strong>legatus</strong></span> <span class='ocrx_word' id='word_1_381' title='bbox 2327 2449 2621 2504; x_wconf 86' lang='lat' dir='ltr'><strong>Persarum</strong></span> <span class='ocrx_word' id='word_1_382' title='bbox 2675 2450 2726 2503; x_wconf 88' lang='lat' dir='ltr'><strong>in</strong></span> <span class='ocrx_word' id='word_1_383' title='bbox 2774 2448 3096 2504; x_wconf 87' lang='lat' dir='ltr'><strong>memoriam</strong></span> <span class='ocrx_word' id='word_1_384' title='bbox 3143 2446 3423 2501; x_wconf 87' lang='lat' dir='ltr'><strong>revocavit</strong></span> <span class='ocrx_word' id='word_1_385' title='bbox 3467 2458 3656 2496; x_wconf 17' lang='lat' dir='ltr'><strong>rerum.</strong></span> 
     </span>
    </p>
   </div>
   <div class='ocr_carea' id='block_1_56' title="bbox 2070 2534 3652 2609">
    <p class='ocr_par' dir='ltr' id='par_1_56' title="bbox 2070 2534 3652 2609">
     <span class='ocr_line' id='line_1_56' title="bbox 2070 2534 3652 2609; baseline -0.007 -12"><span class='ocrx_word' id='word_1_386' title='bbox 2070 2543 2438 2597; x_wconf 85' lang='lat' dir='ltr'><strong>humanarum</strong></span> <span class='ocrx_word' id='word_1_387' title='bbox 2464 2540 2913 2596; x_wconf 86' lang='lat' dir='ltr'><strong>inconstantiam.</strong></span> <span class='ocrx_word' id='word_1_388' title='bbox 2937 2540 3016 2594; x_wconf 81' lang='lat' dir='ltr'><strong>Ad</strong></span> <span class='ocrx_word' id='word_1_389' title='bbox 3044 2553 3164 2609; x_wconf 65' lang='lat' dir='ltr'><strong>quae</strong></span> <span class='ocrx_word' id='word_1_390' title='bbox 3208 2538 3356 2592; x_wconf 86' lang='lat' dir='ltr'><strong>visus</strong></span> <span class='ocrx_word' id='word_1_391' title='bbox 3386 2544 3470 2589; x_wconf 82' lang='lat' dir='ltr'><strong>est</strong></span> <span class='ocrx_word' id='word_1_392' title='bbox 3494 2534 3652 2588; x_wconf 86' lang='lat' dir='ltr'><strong>Gale-</strong></span> 
     </span>
    </p>
   </div>
   <div class='ocr_carea' id='block_1_57' title="bbox 2069 2631 3651 2699">
    <p class='ocr_par' dir='ltr' id='par_1_57' title="bbox 2069 2631 3651 2699">
     <span class='ocr_line' id='line_1_57' title="bbox 2069 2631 3651 2699; baseline -0.008 -12"><span class='ocrx_word' id='word_1_393' title='bbox 2069 2633 2186 2687; x_wconf 90' lang='lat' dir='ltr'><strong>rius</strong></span> <span class='ocrx_word' id='word_1_394' title='bbox 2234 2631 2528 2695; x_wconf 86' lang='lat' dir='ltr'><strong>subirasci,</strong></span> <span class='ocrx_word' id='word_1_395' title='bbox 2567 2641 2619 2684; x_wconf 91' lang='lat' dir='ltr'><strong>et</strong></span> <span class='ocrx_word' id='word_1_396' title='bbox 2662 2642 2772 2685; x_wconf 91' lang='lat' dir='ltr'><strong>toto</strong></span> <span class='ocrx_word' id='word_1_397' title='bbox 2810 2645 3042 2699; x_wconf 90' lang='lat' dir='ltr'><strong>corpore</strong></span> <span class='ocrx_word' id='word_1_398' title='bbox 3081 2637 3392 2681; x_wconf 89' lang='lat' dir='ltr'><strong>commotus</strong></span> <span class='ocrx_word' id='word_1_399' title='bbox 3418 2665 3433 2690; x_wconf 88' lang='lat'><strong>,</strong></span> <span class='ocrx_word' id='word_1_400' title='bbox 3479 2643 3497 2675; x_wconf 79' lang='grc' dir='ltr'><strong>ι</strong></span> <span class='ocrx_word' id='word_1_401' title='bbox 3540 2637 3651 2676; x_wconf 91' lang='lat' dir='ltr'><strong>non</strong></span> 
     </span>
    </p>
   </div>
   <div class='ocr_carea' id='block_1_58' title="bbox 2070 2715 3656 2791">
    <p class='ocr_par' dir='ltr' id='par_1_58' title="bbox 2070 2715 3656 2791">
     <span class='ocr_line' id='line_1_58' title="bbox 2070 2715 3656 2791; baseline -0.008 -13"><span class='ocrx_word' id='word_1_402' title='bbox 2070 2732 2220 2779; x_wconf 88' lang='lat' dir='ltr'><strong>recte</strong></span> <span class='ocrx_word' id='word_1_403' title='bbox 2267 2723 2466 2778; x_wconf 84' lang='lat' dir='ltr'><strong>Persas</strong></span> <span class='ocrx_word' id='word_1_404' title='bbox 2519 2723 2598 2777; x_wconf 85' lang='lat' dir='ltr'><strong>ait</strong></span> <span class='ocrx_word' id='word_1_405' title='bbox 2629 2733 2839 2791; x_wconf 80' lang='lat' dir='ltr'><strong>petere,</strong></span> <span class='ocrx_word' id='word_1_406' title='bbox 2864 2731 2919 2774; x_wconf 91' lang='lat' dir='ltr'><strong>nt</strong></span> <span class='ocrx_word' id='word_1_407' title='bbox 2942 2721 3030 2773; x_wconf 84' lang='lat' dir='ltr'><strong>alii</strong></span> <span class='ocrx_word' id='word_1_408' title='bbox 3067 2718 3353 2773; x_wconf 85' lang='lat' dir='ltr'><strong>varietatis</strong></span> <span class='ocrx_word' id='word_1_409' title='bbox 3379 2725 3434 2770; x_wconf 91' lang='lat' dir='ltr'><strong>et</strong></span> <span class='ocrx_word' id='word_1_410' title='bbox 3466 2715 3656 2768; x_wconf 88' lang='lat' dir='ltr'><strong>incon-</strong></span> 
     </span>
    </p>
   </div>
   <div class='ocr_carea' id='block_1_59' title="bbox 2071 2807 3656 2876">
    <p class='ocr_par' dir='ltr' id='par_1_59' title="bbox 2071 2807 3656 2876">
     <span class='ocr_line' id='line_1_59' title="bbox 2071 2807 3656 2876; baseline -0.006 -6"><span class='ocrx_word' id='word_1_411' title='bbox 2071 2815 2289 2870; x_wconf 61' lang='lat' dir='ltr'><strong>stantiae</strong></span> <span class='ocrx_word' id='word_1_412' title='bbox 2339 2829 2522 2869; x_wconf 88' lang='lat' dir='ltr'><strong>rerum</strong></span> <span class='ocrx_word' id='word_1_413' title='bbox 2577 2815 2939 2868; x_wconf 84' lang='lat' dir='ltr'><strong>humanarum</strong></span> <span class='ocrx_word' id='word_1_414' title='bbox 2982 2811 3400 2874; x_wconf 84' lang='lat' dir='ltr'><strong>meminissent,</strong></span> <span class='ocrx_word' id='word_1_415' title='bbox 3454 2807 3656 2876; x_wconf 78' lang='lat' dir='ltr'><strong>quippe</strong></span> 
     </span>
    </p>
   </div>
   <div class='ocr_carea' id='block_1_60' title="bbox 2071 2891 3656 2977">
    <p class='ocr_par' dir='ltr' id='par_1_60' title="bbox 2071 2891 3656 2977">
     <span class='ocr_line' id='line_1_60' title="bbox 2071 2891 3656 2977; baseline -0.007 -16"><span class='ocrx_word' id='word_1_416' title='bbox 2071 2909 2162 2976; x_wconf 89' lang='lat' dir='ltr'><strong>qui</strong></span> <span class='ocrx_word' id='word_1_417' title='bbox 2193 2891 2320 2977; x_wconf 60' lang='lat' dir='ltr'><strong>ipsi,</strong></span> <span class='ocrx_word' id='word_1_418' title='bbox 2349 2921 2476 2962; x_wconf 89' lang='lat' dir='ltr'><strong>cum</strong></span> <span class='ocrx_word' id='word_1_419' title='bbox 2512 2906 2765 2959; x_wconf 69' lang='lat' dir='ltr'><strong>secundae</strong></span> <span class='ocrx_word' id='word_1_420' title='bbox 2801 2919 2886 2958; x_wconf 87' lang='lat' dir='ltr'><strong>res</strong></span> <span class='ocrx_word' id='word_1_421' title='bbox 2921 2904 3030 2958; x_wconf 91' lang='lat' dir='ltr'><strong>illis</strong></span> <span class='ocrx_word' id='word_1_422' title='bbox 3075 2900 3426 2970; x_wconf 78' lang='lat' dir='ltr'><strong>contigerint,</strong></span> <span class='ocrx_word' id='word_1_423' title='bbox 3479 2896 3656 2953; x_wconf 88' lang='lat' dir='ltr'><strong>homi-</strong></span> 
     </span>
    </p>
   </div>
   <div class='ocr_carea' id='block_1_61' title="bbox 2071 2992 3650 3060">
    <p class='ocr_par' dir='ltr' id='par_1_61' title="bbox 2071 2992 3650 3060">
     <span class='ocr_line' id='line_1_61' title="bbox 2071 2992 3650 3060; baseline -0.005 -8"><span class='ocrx_word' id='word_1_424' title='bbox 2071 3013 2200 3052; x_wconf 88' lang='lat' dir='ltr'><strong>num</strong></span> <span class='ocrx_word' id='word_1_425' title='bbox 2234 2996 2642 3052; x_wconf 76' lang='lat' dir='ltr'><strong>Calamitatibus</strong></span> <span class='ocrx_word' id='word_1_426' title='bbox 2693 2995 2838 3048; x_wconf 91' lang='lat' dir='ltr'><strong>ultro</strong></span> <span class='ocrx_word' id='word_1_427' title='bbox 2881 2996 3089 3047; x_wconf 82' lang='lat' dir='ltr'><strong>instare</strong></span> <span class='ocrx_word' id='word_1_428' title='bbox 3155 3009 3260 3060; x_wconf 82' lang='lat' dir='ltr'><strong>non</strong></span> <span class='ocrx_word' id='word_1_429' title='bbox 3299 2992 3650 3046; x_wconf 73' lang='lat' dir='ltr'><strong>desisterent.</strong></span> 
     </span>
    </p>
   </div>
   <div class='ocr_carea' id='block_1_62' title="bbox 394 3082 1969 3166">
    <p class='ocr_par' dir='ltr' id='par_1_62' title="bbox 394 3085 1969 3157">
     <span class='ocr_line' id='line_1_62' title="bbox 394 3085 1969 3157; baseline -0.001 -17"><span class='ocrx_word' id='word_1_430' title='bbox 394 3088 548 3146; x_wconf 70' lang='grc' dir='ltr'>αὐτοὶ</span> <span class='ocrx_word' id='word_1_431' title='bbox 580 3085 774 3157; x_wconf 81' lang='grc' dir='ltr'>καιροῦ</span> <span class='ocrx_word' id='word_1_432' title='bbox 808 3085 1312 3154; x_wconf 84' lang='grc' dir='ltr'>ἐπιλαμϐανόμενοι</span> <span class='ocrx_word' id='word_1_433' title='bbox 1337 3085 1397 3137; x_wconf 81' lang='grc' dir='ltr'><strong>ού</strong></span> <span class='ocrx_word' id='word_1_434' title='bbox 1429 3088 1692 3139; x_wconf 78' lang='grc' dir='ltr'>παύονται</span> <span class='ocrx_word' id='word_1_435' title='bbox 1718 3088 1837 3149; x_wconf 85' lang='grc' dir='ltr'>ταῖς</span> <span class='ocrx_word' id='word_1_436' title='bbox 1863 3085 1969 3138; x_wconf 86' lang='grc' dir='ltr'>τῶν</span> 
     </span>
    </p>
   </div>
   <div class='ocr_carea' id='block_1_63' title="bbox 2072 3082 3652 3166">
    <p class='ocr_par' dir='ltr' id='par_1_63' title="bbox 2083 3082 3652 3144">
     <span class='ocr_line' id='line_1_63' title="bbox 2083 3082 3652 3144; baseline -0.004 -4"><span class='ocrx_word' id='word_1_437' title='bbox 2083 3088 2271 3144; x_wconf 64' lang='lat' dir='ltr'><strong>«Belle</strong></span> <span class='ocrx_word' id='word_1_438' title='bbox 2303 3088 2520 3142; x_wconf 84' lang='lat' dir='ltr'><strong>scilicet</strong></span> <span class='ocrx_word' id='word_1_439' title='bbox 2547 3089 2810 3142; x_wconf 75' lang='lat' dir='ltr'><strong>adversus</strong></span> <span class='ocrx_word' id='word_1_440' title='bbox 2845 3085 3190 3140; x_wconf 82' lang='lat' dir='ltr'><strong>Valerianum</strong></span> <span class='ocrx_word' id='word_1_441' title='bbox 3225 3082 3652 3138; x_wconf 84' lang='lat' dir='ltr'><strong>moderationem</strong></span> 
     </span>
    </p>
   </div>
   <div class='ocr_carea' id='block_1_64' title="bbox 395 3177 1974 3249">
    <p class='ocr_par' dir='ltr' id='par_1_64' title="bbox 395 3177 1974 3249">
     <span class='ocr_line' id='line_1_64' title="bbox 395 3177 1974 3249; baseline -0.001 -17"><span class='ocrx_word' id='word_1_442' title='bbox 395 3178 698 3249; x_wconf 74' lang='grc' dir='ltr'>ἀνθρώπων</span> <span class='ocrx_word' id='word_1_443' title='bbox 724 3181 1031 3248; x_wconf 82' lang='grc' dir='ltr'>συμφοραῖς</span> <span class='ocrx_word' id='word_1_444' title='bbox 1061 3177 1424 3246; x_wconf 76' lang='grc' dir='ltr'>ἐπικείμενοι.</span> <span class='ocrx_word' id='word_1_445' title='bbox 1468 3195 1486 3229; x_wconf 85' lang='grc' dir='ltr'><strong>ι</strong></span> <span class='ocrx_word' id='word_1_446' title='bbox 1524 3177 1720 3240; x_wconf 81' lang='grc' dir='ltr'>Καλῶς</span> <span class='ocrx_word' id='word_1_447' title='bbox 1751 3179 1856 3248; x_wconf 88' lang='grc' dir='ltr'><strong>γὰρ</strong></span> <span class='ocrx_word' id='word_1_448' title='bbox 1881 3177 1974 3230; x_wconf 74' lang='grc' dir='ltr'>καὶ</span> 
     </span>
    </p>
   </div>
   <div class='ocr_carea' id='block_1_65' title="bbox 402 3267 1972 3340">
    <p class='ocr_par' dir='ltr' id='par_1_65' title="bbox 402 3267 1972 3340">
     <span class='ocr_line' id='line_1_65' title="bbox 402 3267 1972 3340; baseline -0.001 -17"><span class='ocrx_word' id='word_1_449' title='bbox 402 3272 495 3324; x_wconf 71' lang='grc' dir='ltr'><strong>ἐπὶ</strong></span> <span class='ocrx_word' id='word_1_450' title='bbox 524 3268 852 3340; x_wconf 79' lang='grc' dir='ltr'>Βαλεριανοῦ</span> <span class='ocrx_word' id='word_1_451' title='bbox 887 3270 926 3300; x_wconf 90' lang='grc'><strong>¹⁵</strong></span> <span class='ocrx_word' id='word_1_452' title='bbox 960 3272 1022 3324; x_wconf 85' lang='grc' dir='ltr'>τὸ</span> <span class='ocrx_word' id='word_1_453' title='bbox 1067 3267 1266 3340; x_wconf 85' lang='grc' dir='ltr'>μέτρον</span> <span class='ocrx_word' id='word_1_454' title='bbox 1307 3271 1408 3338; x_wconf 84' lang='grc' dir='ltr'><strong>τῆς</strong></span> <span class='ocrx_word' id='word_1_455' title='bbox 1455 3268 1611 3338; x_wconf 84' lang='grc' dir='ltr'>νίκης</span> <span class='ocrx_word' id='word_1_456' title='bbox 1645 3268 1972 3336; x_wconf 76' lang='grc' dir='ltr'>ἐφυλάξατε,</span> 
     </span>
    </p>
   </div>
   <div class='ocr_carea' id='block_1_66' title="bbox 395 3358 1975 3430">
    <p class='ocr_par' dir='ltr' id='par_1_66' title="bbox 395 3358 1975 3430">
     <span class='ocr_line' id='line_1_66' title="bbox 395 3358 1975 3430; baseline -0.001 -17"><span class='ocrx_word' id='word_1_457' title='bbox 395 3364 592 3425; x_wconf 84' lang='grc' dir='ltr'>οἵτινες</span> <span class='ocrx_word' id='word_1_458' title='bbox 639 3361 812 3424; x_wconf 79' lang='grc' dir='ltr'>δόλοις</span> <span class='ocrx_word' id='word_1_459' title='bbox 866 3360 1027 3413; x_wconf 82' lang='grc' dir='ltr'>αὐτὸν</span> <span class='ocrx_word' id='word_1_460' title='bbox 1084 3360 1468 3430; x_wconf 82' lang='grc' dir='ltr'>ἀπατήσαντες</span> <span class='ocrx_word' id='word_1_461' title='bbox 1525 3359 1821 3430; x_wconf 86' lang='grc' dir='ltr'>κατέσχετε</span> <span class='ocrx_word' id='word_1_462' title='bbox 1879 3358 1975 3413; x_wconf 81' lang='grc' dir='ltr'>καὶ</span> 
     </span>
    </p>
   </div>
   <div class='ocr_carea' id='block_1_67' title="bbox 398 3451 1974 3526">
    <p class='ocr_par' dir='ltr' id='par_1_67' title="bbox 398 3451 1974 3526">
     <span class='ocr_line' id='line_1_67' title="bbox 398 3451 1974 3526; baseline -0.003 -18"><span class='ocrx_word' id='word_1_463' title='bbox 398 3456 564 3526; x_wconf 84' lang='grc' dir='ltr'>μέχρι</span> <span class='ocrx_word' id='word_1_464' title='bbox 587 3457 772 3526; x_wconf 83' lang='grc' dir='ltr'>γήρως</span> <span class='ocrx_word' id='word_1_465' title='bbox 797 3454 1029 3524; x_wconf 74' lang='grc' dir='ltr'>ἐσχάτου</span> <span class='ocrx_word' id='word_1_466' title='bbox 1054 3453 1147 3506; x_wconf 73' lang='grc' dir='ltr'>καὶ</span> <span class='ocrx_word' id='word_1_467' title='bbox 1187 3452 1444 3524; x_wconf 83' lang='grc' dir='ltr'>τελευτῆς</span> <span class='ocrx_word' id='word_1_468' title='bbox 1485 3451 1681 3522; x_wconf 87' lang='grc' dir='ltr'>ἀτίμου</span> <span class='ocrx_word' id='word_1_469' title='bbox 1718 3453 1819 3504; x_wconf 85' lang='grc' dir='ltr'><strong>ούκ</strong></span> <span class='ocrx_word' id='word_1_470' title='bbox 1861 3452 1974 3504; x_wconf 84' lang='grc' dir='ltr'>ἀπ-</span> 
     </span>
    </p>
   </div>
   <div class='ocr_carea' id='block_1_68' title="bbox 396 3542 1975 3616">
    <p class='ocr_par' dir='ltr' id='par_1_68' title="bbox 396 3542 1975 3616">
     <span class='ocr_line' id='line_1_68' title="bbox 396 3542 1975 3616; baseline -0.002 -17"><span class='ocrx_word' id='word_1_471' title='bbox 396 3549 644 3612; x_wconf 79' lang='grc' dir='ltr'>ελύσατε,</span> <span class='ocrx_word' id='word_1_472' title='bbox 682 3543 798 3600; x_wconf 75' lang='grc' dir='ltr'>εἶτα</span> <span class='ocrx_word' id='word_1_473' title='bbox 849 3546 988 3616; x_wconf 84' lang='grc' dir='ltr'><strong>μετά</strong></span> <span class='ocrx_word' id='word_1_474' title='bbox 1035 3545 1264 3600; x_wconf 82' lang='grc' dir='ltr'>θάνατον</span> <span class='ocrx_word' id='word_1_475' title='bbox 1303 3545 1522 3616; x_wconf 79' lang='grc' dir='ltr'>μυσαρᾷ</span> <span class='ocrx_word' id='word_1_476' title='bbox 1551 3559 1659 3596; x_wconf 87' lang='grc' dir='ltr'>τινι</span> <span class='ocrx_word' id='word_1_477' title='bbox 1699 3545 1863 3615; x_wconf 80' lang='grc' dir='ltr'>τέχνῃ</span> <span class='ocrx_word' id='word_1_478' title='bbox 1913 3542 1975 3598; x_wconf 78' lang='grc' dir='ltr'>τὸ</span> 
     </span>
    </p>
   </div>
   <div class='ocr_carea' id='block_1_69' title="bbox 394 3633 1975 3710">
    <p class='ocr_par' dir='ltr' id='par_1_69' title="bbox 394 3633 1975 3710">
     <span class='ocr_line' id='line_1_69' title="bbox 394 3633 1975 3710; baseline -0.004 -17"><span class='ocrx_word' id='word_1_479' title='bbox 394 3640 572 3710; x_wconf 84' lang='grc' dir='ltr'>δέρμα</span> <span class='ocrx_word' id='word_1_480' title='bbox 609 3636 774 3691; x_wconf 78' lang='grc' dir='ltr'>αὑτοῦ</span> <span class='ocrx_word' id='word_1_481' title='bbox 827 3635 1162 3702; x_wconf 81' lang='grc' dir='ltr'>φυλάξαντες</span> <span class='ocrx_word' id='word_1_482' title='bbox 1209 3635 1389 3706; x_wconf 81' lang='grc' dir='ltr'>θνητῷ</span> <span class='ocrx_word' id='word_1_483' title='bbox 1436 3633 1648 3704; x_wconf 82' lang='grc' dir='ltr'>σώματι</span> <span class='ocrx_word' id='word_1_484' title='bbox 1702 3634 1975 3688; x_wconf 87' lang='grc' dir='ltr'>ἀθάνατον</span> 
     </span>
    </p>
   </div>
   <div class='ocr_carea' id='block_1_70' title="bbox 398 3724 1978 3801">
    <p class='ocr_par' dir='ltr' id='par_1_70' title="bbox 398 3724 1978 3801">
     <span class='ocr_line' id='line_1_70' title="bbox 398 3724 1978 3801; baseline -0.004 -18"><span class='ocrx_word' id='word_1_485' title='bbox 398 3729 557 3801; x_wconf 79' lang='grc' dir='ltr'>ὓϐριν</span> <span class='ocrx_word' id='word_1_486' title='bbox 584 3731 917 3797; x_wconf 71' lang='grc' dir='ltr'>ἐπηγάγετε.</span> <span class='ocrx_word' id='word_1_487' title='bbox 949 3744 966 3775; x_wconf 77' lang='grc' dir='ltr'><strong>ι</strong></span> <span class='ocrx_word' id='word_1_488' title='bbox 1003 3726 1191 3779; x_wconf 83' lang='grc' dir='ltr'>Ταῦτα</span> <span class='ocrx_word' id='word_1_489' title='bbox 1220 3724 1506 3792; x_wconf 79' lang='grc' dir='ltr'>διεξελθὼν</span> <span class='ocrx_word' id='word_1_490' title='bbox 1531 3728 1558 3778; x_wconf 87' lang='grc' dir='ltr'>ὁ</span> <span class='ocrx_word' id='word_1_491' title='bbox 1592 3725 1864 3794; x_wconf 81' lang='grc' dir='ltr'>βασιλεὺς,</span> <span class='ocrx_word' id='word_1_492' title='bbox 1884 3724 1978 3777; x_wconf 73' lang='grc' dir='ltr'>καὶ</span> 
     </span>
    </p>
   </div>
   <div class='ocr_carea' id='block_1_71' title="bbox 400 3811 1978 3887">
    <p class='ocr_par' dir='ltr' id='par_1_71' title="bbox 400 3811 1978 3887">
     <span class='ocr_line' id='line_1_71' title="bbox 400 3811 1978 3887; baseline -0.005 -13"><span class='ocrx_word' id='word_1_493' title='bbox 400 3821 572 3874; x_wconf 87' lang='grc' dir='ltr'>εἰπὼν</span> <span class='ocrx_word' id='word_1_494' title='bbox 602 3820 797 3873; x_wconf 79' lang='grc' dir='ltr'>ἑαυτὸν</span> <span class='ocrx_word' id='word_1_495' title='bbox 828 3816 1241 3887; x_wconf 73' lang='grc' dir='ltr'>ὲπικαμφθῆναι</span> <span class='ocrx_word' id='word_1_496' title='bbox 1276 3817 1374 3886; x_wconf 78' lang='grc' dir='ltr'>οὐχ</span> <span class='ocrx_word' id='word_1_497' title='bbox 1400 3811 1481 3879; x_wconf 74' lang='grc' dir='ltr'>οἷς</span> <span class='ocrx_word' id='word_1_498' title='bbox 1521 3817 1729 3885; x_wconf 79' lang='grc' dir='ltr'>Πέρσαι</span> <span class='ocrx_word' id='word_1_499' title='bbox 1761 3815 1852 3867; x_wconf 79' lang='grc' dir='ltr'>διὰ.</span> <span class='ocrx_word' id='word_1_500' title='bbox 1879 3814 1978 3882; x_wconf 85' lang='grc' dir='ltr'><strong>τῆς</strong></span> 
     </span>
    </p>
   </div>
   <div class='ocr_carea' id='block_1_72' title="bbox 401 3903 1980 3979">
    <p class='ocr_par' dir='ltr' id='par_1_72' title="bbox 401 3903 1980 3979">
     <span class='ocr_line' id='line_1_72' title="bbox 401 3903 1980 3979; baseline -0.006 -16"><span class='ocrx_word' id='word_1_501' title='bbox 401 3908 700 3979; x_wconf 81' lang='grc' dir='ltr'>πρεσϐείας</span> <span class='ocrx_word' id='word_1_502' title='bbox 732 3906 1074 3976; x_wconf 79' lang='grc' dir='ltr'>ὑπέμνησαν,</span> <span class='ocrx_word' id='word_1_503' title='bbox 1097 3904 1171 3966; x_wconf 80' lang='grc' dir='ltr'>ὡς</span> <span class='ocrx_word' id='word_1_504' title='bbox 1202 3904 1316 3957; x_wconf 87' lang='grc' dir='ltr'>δέον</span> <span class='ocrx_word' id='word_1_505' title='bbox 1349 3905 1486 3973; x_wconf 66' lang='grc' dir='ltr'>προς</span> <span class='ocrx_word' id='word_1_506' title='bbox 1512 3903 1606 3968; x_wconf 71' lang='grc' dir='ltr'>τὰς</span> <span class='ocrx_word' id='word_1_507' title='bbox 1631 3903 1980 3971; x_wconf 76' lang='grc' dir='ltr'>ἀνθρωπίνας</span> 
     </span>
    </p>
   </div>
   <div class='ocr_carea' id='block_1_73' title="bbox 400 3993 1981 4072">
    <p class='ocr_par' dir='ltr' id='par_1_73' title="bbox 400 3993 1981 4072">
     <span class='ocr_line' id='line_1_73' title="bbox 400 3993 1981 4072; baseline -0.005 -18"><span class='ocrx_word' id='word_1_508' title='bbox 400 4003 613 4072; x_wconf 67' lang='grc' dir='ltr'>ἁφορᾷν</span> <span class='ocrx_word' id='word_1_509' title='bbox 642 3998 812 4068; x_wconf 83' lang='grc' dir='ltr'>τύχας</span> <span class='ocrx_word' id='word_1_510' title='bbox 843 3996 951 4069; x_wconf 74' lang='grc' dir='ltr'>(διὰ</span> <span class='ocrx_word' id='word_1_511' title='bbox 979 3996 1136 4050; x_wconf 88' lang='grc' dir='ltr'>τοῦτο</span> <span class='ocrx_word' id='word_1_512' title='bbox 1155 3996 1264 4068; x_wconf 75' lang='grc' dir='ltr'><strong>γὰρ</strong></span> <span class='ocrx_word' id='word_1_513' title='bbox 1289 3996 1490 4065; x_wconf 79' lang='grc' dir='ltr'>μᾶλλον</span> <span class='ocrx_word' id='word_1_514' title='bbox 1521 3996 1617 4049; x_wconf 67' lang='grc' dir='ltr'><strong>καλ⁸</strong></span> <span class='ocrx_word' id='word_1_515' title='bbox 1649 3994 1785 4064; x_wconf 81' lang='grc' dir='ltr'>πρὸς</span> <span class='ocrx_word' id='word_1_516' title='bbox 1812 3993 1981 4064; x_wconf 81' lang='grc' dir='ltr'>ὀργὴν</span> 
     </span>
    </p>
   </div>
   <div class='ocr_carea' id='block_1_74' title="bbox 403 4085 1983 4164">
    <p class='ocr_par' dir='ltr' id='par_1_74' title="bbox 403 4085 1983 4164">
     <span class='ocr_line' id='line_1_74' title="bbox 403 4085 1983 4164; baseline -0.006 -19"><span class='ocrx_word' id='word_1_517' title='bbox 403 4096 704 4164; x_wconf 79' lang='grc' dir='ltr'>προσήκειν</span> <span class='ocrx_word' id='word_1_518' title='bbox 738 4091 779 4121; x_wconf 71' lang='grc'><strong>’⁸</strong></span> <span class='ocrx_word' id='word_1_519' title='bbox 810 4088 1102 4152; x_wconf 86' lang='grc' dir='ltr'>κινεῖσθαι,</span> <span class='ocrx_word' id='word_1_520' title='bbox 1140 4087 1192 4140; x_wconf 83' lang='grc' dir='ltr'><strong>εί</strong></span> <span class='ocrx_word' id='word_1_521' title='bbox 1243 4104 1323 4154; x_wconf 86' lang='grc' dir='ltr'><strong>τις</strong></span> <span class='ocrx_word' id='word_1_522' title='bbox 1365 4086 1500 4156; x_wconf 73' lang='grc' dir='ltr'>πρὸς</span> <span class='ocrx_word' id='word_1_523' title='bbox 1547 4085 1584 4140; x_wconf 77' lang='grc' dir='ltr'><strong>ἀ</strong></span> <span class='ocrx_word' id='word_1_524' title='bbox 1617 4087 1824 4152; x_wconf 82' lang='grc' dir='ltr'>Πέρσαι</span> <span class='ocrx_word' id='word_1_525' title='bbox 1880 4100 1983 4136; x_wconf 84' lang='grc' dir='ltr'>πε-</span> 
     </span>
    </p>
   </div>
   <div class='ocr_carea' id='block_1_75' title="bbox 405 4177 1983 4255">
    <p class='ocr_par' dir='ltr' id='par_1_75' title="bbox 405 4177 1983 4255">
     <span class='ocr_line' id='line_1_75' title="bbox 405 4177 1983 4255; baseline -0.005 -18"><span class='ocrx_word' id='word_1_526' title='bbox 405 4185 683 4255; x_wconf 86' lang='grc' dir='ltr'>πράχασιν</span> <span class='ocrx_word' id='word_1_527' title='bbox 739 4179 1101 4248; x_wconf 69' lang='grc' dir='ltr'>ἀποϐλέψειεν</span> <span class='ocrx_word' id='word_1_528' title='bbox 1143 4179 1234 4248; x_wconf 74' lang='grc'><strong>⁸⁷),</strong></span> <span class='ocrx_word' id='word_1_529' title='bbox 1273 4178 1410 4230; x_wconf 83' lang='grc' dir='ltr'><strong>ἀλλά</strong></span> <span class='ocrx_word' id='word_1_530' title='bbox 1459 4180 1574 4242; x_wconf 79' lang='grc' dir='ltr'>τοῖς</span> <span class='ocrx_word' id='word_1_531' title='bbox 1614 4177 1723 4230; x_wconf 82' lang='grc' dir='ltr'><strong>τῶν</strong></span> <span class='ocrx_word' id='word_1_532' title='bbox 1763 4177 1983 4230; x_wconf 86' lang='grc' dir='ltr'>οἰκείων</span> 
     </span>
    </p>
   </div>
   <div class='ocr_carea' id='block_1_76' title="bbox 403 4265 1984 4348">
    <p class='ocr_par' dir='ltr' id='par_1_76' title="bbox 403 4265 1984 4348">
     <span class='ocr_line' id='line_1_76' title="bbox 403 4265 1984 4348; baseline -0.005 -18"><span class='ocrx_word' id='word_1_533' title='bbox 403 4275 685 4348; x_wconf 81' lang='grc' dir='ltr'>προγόνων</span> <span class='ocrx_word' id='word_1_534' title='bbox 716 4273 918 4342; x_wconf 82' lang='grc' dir='ltr'>ἴχνεσιν</span> <span class='ocrx_word' id='word_1_535' title='bbox 944 4271 1279 4332; x_wconf 83' lang='grc' dir='ltr'>ἀκολουθεῖν,</span> <span class='ocrx_word' id='word_1_536' title='bbox 1315 4265 1395 4334; x_wconf 80' lang='grc' dir='ltr'>οἷς</span> <span class='ocrx_word' id='word_1_537' title='bbox 1424 4269 1542 4334; x_wconf 73' lang='grc' dir='ltr'>ἔθος</span> <span class='ocrx_word' id='word_1_538' title='bbox 1579 4269 1853 4338; x_wconf 82' lang='grc' dir='ltr'>φείδεσθαι</span> <span class='ocrx_word' id='word_1_539' title='bbox 1885 4268 1984 4338; x_wconf 79' lang='grc' dir='ltr'>μὲν</span> 
     </span>
    </p>
   </div>
   <div class='ocr_carea' id='block_1_77' title="bbox 405 4361 1983 4434">
    <p class='ocr_par' dir='ltr' id='par_1_77' title="bbox 405 4361 1983 4434">
     <span class='ocr_line' id='line_1_77' title="bbox 405 4361 1983 4434; baseline -0.003 -16"><span class='ocrx_word' id='word_1_540' title='bbox 405 4367 512 4419; x_wconf 83' lang='grc' dir='ltr'>τῶν</span> <span class='ocrx_word' id='word_1_541' title='bbox 545 4365 826 4434; x_wconf 82' lang='grc' dir='ltr'>ὑπηκόων,</span> <span class='ocrx_word' id='word_1_542' title='bbox 881 4361 1352 4432; x_wconf 75' lang='grc' dir='ltr'>καταγωνίζεσθαι</span> <span class='ocrx_word' id='word_1_543' title='bbox 1414 4361 1471 4414; x_wconf 79' lang='grc' dir='ltr'>δὲ</span> <span class='ocrx_word' id='word_1_544' title='bbox 1511 4362 1620 4415; x_wconf 77' lang='grc' dir='ltr'>τῶν</span> <span class='ocrx_word' id='word_1_545' title='bbox 1666 4363 1983 4416; x_wconf 82' lang='grc' dir='ltr'>ἀντιταττο-</span> 
     </span>
    </p>
   </div>
   <div class='ocr_carea' id='block_1_78' title="bbox 2077 3173 3661 3241">
    <p class='ocr_par' dir='ltr' id='par_1_78' title="bbox 2077 3173 3661 3241">
     <span class='ocr_line' id='line_1_78' title="bbox 2077 3173 3661 3241; baseline -0.007 -5"><span class='ocrx_word' id='word_1_546' title='bbox 2077 3183 2131 3236; x_wconf 92' lang='lat' dir='ltr'><strong>in</strong></span> <span class='ocrx_word' id='word_1_547' title='bbox 2189 3180 2421 3235; x_wconf 86' lang='lat' dir='ltr'><strong>victoria</strong></span> <span class='ocrx_word' id='word_1_548' title='bbox 2453 3178 2731 3233; x_wconf 85' lang='lat' dir='ltr'><strong>tenuistls.</strong></span> <span class='ocrx_word' id='word_1_549' title='bbox 2779 3176 2916 3231; x_wconf 80' lang='lat' dir='ltr'><strong>Nam</strong></span> <span class='ocrx_word' id='word_1_550' title='bbox 2960 3176 3082 3228; x_wconf 87' lang='lat' dir='ltr'><strong>dolo</strong></span> <span class='ocrx_word' id='word_1_551' title='bbox 3129 3189 3251 3228; x_wconf 91' lang='lat' dir='ltr'><strong>eum</strong></span> <span class='ocrx_word' id='word_1_552' title='bbox 3307 3173 3549 3241; x_wconf 87' lang='lat' dir='ltr'><strong>cepistis,</strong></span> <span class='ocrx_word' id='word_1_553' title='bbox 3604 3181 3661 3226; x_wconf 91' lang='lat' dir='ltr'><strong>et</strong></span> 
     </span>
    </p>
   </div>
   <div class='ocr_carea' id='block_1_79' title="bbox 2076 3271 3654 3343">
    <p class='ocr_par' dir='ltr' id='par_1_79' title="bbox 2076 3271 3654 3343">
     <span class='ocr_line' id='line_1_79' title="bbox 2076 3271 3654 3343; baseline -0.008 -15"><span class='ocrx_word' id='word_1_554' title='bbox 2076 3287 2249 3343; x_wconf 87' lang='lat' dir='ltr'><strong>usque</strong></span> <span class='ocrx_word' id='word_1_555' title='bbox 2277 3271 2345 3325; x_wconf 89' lang='lat' dir='ltr'><strong>ad</strong></span> <span class='ocrx_word' id='word_1_556' title='bbox 2380 3281 2681 3326; x_wconf 79' lang='lat' dir='ltr'><strong>extremam</strong></span> <span class='ocrx_word' id='word_1_557' title='bbox 2718 3277 3057 3324; x_wconf 88' lang='lat' dir='ltr'><strong>senectutem</strong></span> <span class='ocrx_word' id='word_1_558' title='bbox 3086 3277 3140 3319; x_wconf 90' lang='lat' dir='ltr'><strong>et</strong></span> <span class='ocrx_word' id='word_1_559' title='bbox 3172 3275 3402 3318; x_wconf 88' lang='lat' dir='ltr'><strong>mortem</strong></span> <span class='ocrx_word' id='word_1_560' title='bbox 3443 3275 3654 3330; x_wconf 89' lang='lat' dir='ltr'><strong>turpem</strong></span> 
     </span>
    </p>
   </div>
   <div class='ocr_carea' id='block_1_80' title="bbox 2076 3355 3660 3426">
    <p class='ocr_par' dir='ltr' id='par_1_80' title="bbox 2076 3355 3660 3426">
     <span class='ocr_line' id='line_1_80' title="bbox 2076 3355 3660 3426; baseline -0.011 -3"><span class='ocrx_word' id='word_1_561' title='bbox 2076 3376 2128 3423; x_wconf 93' lang='lat' dir='ltr'><strong>et</strong></span> <span class='ocrx_word' id='word_1_562' title='bbox 2153 3364 2349 3421; x_wconf 66' lang='lat' dir='ltr'><strong>faniam</strong></span> <span class='ocrx_word' id='word_1_563' title='bbox 2384 3379 2489 3418; x_wconf 89' lang='lat' dir='ltr'><strong>non</strong></span> <span class='ocrx_word' id='word_1_564' title='bbox 2518 3361 2820 3417; x_wconf 88' lang='lat' dir='ltr'><strong>dimisistis.</strong></span> <span class='ocrx_word' id='word_1_565' title='bbox 2850 3359 3024 3413; x_wconf 86' lang='lat' dir='ltr'><strong>Etiam</strong></span> <span class='ocrx_word' id='word_1_566' title='bbox 3049 3366 3171 3426; x_wconf 87' lang='lat' dir='ltr'><strong>post</strong></span> <span class='ocrx_word' id='word_1_567' title='bbox 3196 3366 3426 3410; x_wconf 87' lang='lat' dir='ltr'><strong>mortem</strong></span> <span class='ocrx_word' id='word_1_568' title='bbox 3449 3355 3660 3408; x_wconf 76' lang='lat' dir='ltr'><strong>nefaria</strong></span> 
     </span>
    </p>
   </div>
   <div class='ocr_carea' id='block_1_81' title="bbox 2078 3446 3662 3525">
    <p class='ocr_par' dir='ltr' id='par_1_81' title="bbox 2078 3446 3662 3525">
     <span class='ocr_line' id='line_1_81' title="bbox 2078 3446 3662 3525; baseline -0.01 -12"><span class='ocrx_word' id='word_1_569' title='bbox 2078 3467 2196 3514; x_wconf 89' lang='lat' dir='ltr'><strong>arte</strong></span> <span class='ocrx_word' id='word_1_570' title='bbox 2225 3465 2404 3513; x_wconf 89' lang='lat' dir='ltr'><strong>cutem</strong></span> <span class='ocrx_word' id='word_1_571' title='bbox 2436 3456 2556 3525; x_wconf 84' lang='lat' dir='ltr'><strong>ejus</strong></span> <span class='ocrx_word' id='word_1_572' title='bbox 2603 3453 3001 3516; x_wconf 86' lang='lat' dir='ltr'><strong>custodientes,</strong></span> <span class='ocrx_word' id='word_1_573' title='bbox 3040 3448 3254 3503; x_wconf 83' lang='lat' dir='ltr'><strong>mortali</strong></span> <span class='ocrx_word' id='word_1_574' title='bbox 3287 3446 3505 3516; x_wconf 89' lang='lat' dir='ltr'><strong>corpori</strong></span> <span class='ocrx_word' id='word_1_575' title='bbox 3557 3447 3662 3498; x_wconf 81' lang='lat' dir='ltr'><strong>im-</strong></span> 
     </span>
    </p>
   </div>
   <div class='ocr_carea' id='block_1_82' title="bbox 2078 3539 3661 3620">
    <p class='ocr_par' dir='ltr' id='par_1_82' title="bbox 2078 3539 3661 3620">
     <span class='ocr_line' id='line_1_82' title="bbox 2078 3539 3661 3620; baseline -0.011 -12"><span class='ocrx_word' id='word_1_576' title='bbox 2078 3551 2364 3608; x_wconf 83' lang='lat' dir='ltr'><strong>mortalem</strong></span> <span class='ocrx_word' id='word_1_577' title='bbox 2386 3548 2736 3620; x_wconf 83' lang='lat' dir='ltr'><strong>ignominiam</strong></span> <span class='ocrx_word' id='word_1_578' title='bbox 2763 3543 3064 3601; x_wconf 80' lang='lat' dir='ltr'><strong>inussistis.</strong></span> <span class='ocrx_word' id='word_1_579' title='bbox 3100 3561 3118 3593; x_wconf 80' lang='grc' dir='ltr'><strong>ι</strong></span> <span class='ocrx_word' id='word_1_580' title='bbox 3151 3542 3206 3594; x_wconf 90' lang='grc' dir='ltr'>Ιιι</span> <span class='ocrx_word' id='word_1_581' title='bbox 3245 3541 3348 3593; x_wconf 81' lang='lat' dir='ltr'><strong>i-ta</strong></span> <span class='ocrx_word' id='word_1_582' title='bbox 3383 3539 3661 3607; x_wconf 82' lang='lat' dir='ltr'><strong>digressus</strong></span> 
     </span>
    </p>
   </div>
   <div class='ocr_carea' id='block_1_83' title="bbox 2076 3629 3660 3714">
    <p class='ocr_par' dir='ltr' id='par_1_83' title="bbox 2076 3629 3660 3714">
     <span class='ocr_line' id='line_1_83' title="bbox 2076 3629 3660 3714; baseline -0.013 -13"><span class='ocrx_word' id='word_1_583' title='bbox 2076 3656 2164 3702; x_wconf 85' lang='lat' dir='ltr'><strong>est</strong></span> <span class='ocrx_word' id='word_1_584' title='bbox 2196 3646 2515 3714; x_wconf 87' lang='lat' dir='ltr'><strong>imperator,</strong></span> <span class='ocrx_word' id='word_1_585' title='bbox 2561 3653 2616 3695; x_wconf 92' lang='lat' dir='ltr'><strong>et</strong></span> <span class='ocrx_word' id='word_1_586' title='bbox 2662 3640 2822 3702; x_wconf 77' lang='lat' dir='ltr'><strong>dixit,</strong></span> <span class='ocrx_word' id='word_1_587' title='bbox 2857 3655 2916 3693; x_wconf 89' lang='lat' dir='ltr'><strong>se</strong></span> <span class='ocrx_word' id='word_1_588' title='bbox 2963 3635 3182 3710; x_wconf 79' lang='lat' dir='ltr'><strong>quidem</strong></span> <span class='ocrx_word' id='word_1_589' title='bbox 3224 3632 3368 3686; x_wconf 82' lang='lat' dir='ltr'><strong>ﬂecti</strong></span> <span class='ocrx_word' id='word_1_590' title='bbox 3408 3645 3514 3684; x_wconf 87' lang='lat' dir='ltr'><strong>non</strong></span> <span class='ocrx_word' id='word_1_591' title='bbox 3553 3629 3660 3694; x_wconf 88' lang='lat' dir='ltr'><strong>bis,</strong></span> 
     </span>
    </p>
   </div>
   <div class='ocr_carea' id='block_1_84' title="bbox 2079 3723 3662 3805">
    <p class='ocr_par' dir='ltr' id='par_1_84' title="bbox 2079 3723 3662 3805">
     <span class='ocr_line' id='line_1_84' title="bbox 2079 3723 3662 3805; baseline -0.011 -16"><span class='ocrx_word' id='word_1_592' title='bbox 2079 3750 2311 3805; x_wconf 90' lang='lat' dir='ltr'><strong>quorum</strong></span> <span class='ocrx_word' id='word_1_593' title='bbox 2357 3733 2538 3787; x_wconf 71' lang='lat' dir='ltr'><strong>Persa:</strong></span> <span class='ocrx_word' id='word_1_594' title='bbox 2581 3733 2636 3786; x_wconf 90' lang='lat' dir='ltr'><strong>in</strong></span> <span class='ocrx_word' id='word_1_595' title='bbox 2688 3732 2961 3802; x_wconf 78' lang='lat' dir='ltr'><strong>legatione</strong></span> <span class='ocrx_word' id='word_1_596' title='bbox 2998 3729 3334 3783; x_wconf 88' lang='lat' dir='ltr'><strong>mentionem</strong></span> <span class='ocrx_word' id='word_1_597' title='bbox 3393 3723 3662 3786; x_wconf 83' lang='lat' dir='ltr'><strong>fecerant,</strong></span> 
     </span>
    </p>
   </div>
   <div class='ocr_carea' id='block_1_85' title="bbox 2081 3809 3662 3894">
    <p class='ocr_par' dir='ltr' id='par_1_85' title="bbox 2081 3809 3662 3894">
     <span class='ocr_line' id='line_1_85' title="bbox 2081 3809 3662 3894; baseline -0.011 -16"><span class='ocrx_word' id='word_1_598' title='bbox 2081 3830 2332 3894; x_wconf 83' lang='lat' dir='ltr'><strong>oportere</strong></span> <span class='ocrx_word' id='word_1_599' title='bbox 2358 3822 2411 3874; x_wconf 87' lang='lat' dir='ltr'><strong>in</strong></span> <span class='ocrx_word' id='word_1_600' title='bbox 2475 3835 2654 3873; x_wconf 88' lang='lat' dir='ltr'><strong>rerum</strong></span> <span class='ocrx_word' id='word_1_601' title='bbox 2691 3821 3052 3873; x_wconf 82' lang='lat' dir='ltr'><strong>humanarum</strong></span> <span class='ocrx_word' id='word_1_602' title='bbox 3095 3816 3417 3868; x_wconf 83' lang='lat' dir='ltr'><strong>varietatem</strong></span> <span class='ocrx_word' id='word_1_603' title='bbox 3461 3809 3662 3864; x_wconf 87' lang='lat' dir='ltr'><strong>intueri</strong></span> 
     </span>
    </p>
   </div>
   <div class='ocr_carea' id='block_1_86' title="bbox 2083 3901 3662 3980">
    <p class='ocr_par' dir='ltr' id='par_1_86' title="bbox 2083 3901 3662 3980">
     <span class='ocr_line' id='line_1_86' title="bbox 2083 3901 3662 3980; baseline -0.008 -13"><span class='ocrx_word' id='word_1_604' title='bbox 2083 3912 2178 3980; x_wconf 83' lang='lat' dir='ltr'><strong>(ob</strong></span> <span class='ocrx_word' id='word_1_605' title='bbox 2206 3913 2312 3965; x_wconf 85' lang='lat' dir='ltr'><strong>hoc</strong></span> <span class='ocrx_word' id='word_1_606' title='bbox 2337 3909 2484 3964; x_wconf 90' lang='lat' dir='ltr'><strong>enim</strong></span> <span class='ocrx_word' id='word_1_607' title='bbox 2512 3907 2557 3961; x_wconf 87' lang='lat' dir='ltr'><strong>si</strong></span> <span class='ocrx_word' id='word_1_608' title='bbox 2593 3909 2716 3976; x_wconf 89' lang='lat' dir='ltr'><strong>quis</strong></span> <span class='ocrx_word' id='word_1_609' title='bbox 2767 3909 2832 3959; x_wconf 89' lang='lat' dir='ltr'><strong>ad</strong></span> <span class='ocrx_word' id='word_1_610' title='bbox 2872 3922 2957 3971; x_wconf 90' lang='lat' dir='ltr'><strong>ea,</strong></span> <span class='ocrx_word' id='word_1_611' title='bbox 2999 3921 3118 3975; x_wconf 84' lang='lat' dir='ltr'><strong>quae</strong></span> <span class='ocrx_word' id='word_1_612' title='bbox 3156 3904 3338 3958; x_wconf 75' lang='lat' dir='ltr'><strong>Persa:</strong></span> <span class='ocrx_word' id='word_1_613' title='bbox 3369 3901 3662 3954; x_wconf 80' lang='lat' dir='ltr'><strong>commisc-</strong></span> 
     </span>
    </p>
   </div>
   <div class='ocr_carea' id='block_1_87' title="bbox 2086 3990 3662 4076">
    <p class='ocr_par' dir='ltr' id='par_1_87' title="bbox 2086 3990 3662 4076">
     <span class='ocr_line' id='line_1_87' title="bbox 2086 3990 3662 4076; baseline -0.01 -18"><span class='ocrx_word' id='word_1_614' title='bbox 2086 4004 2214 4067; x_wconf 91' lang='lat' dir='ltr'><strong>rint,</strong></span> <span class='ocrx_word' id='word_1_615' title='bbox 2248 4002 2354 4076; x_wconf 74' lang='lat'><strong>27</strong></span> <span class='ocrx_word' id='word_1_616' title='bbox 2380 4001 2649 4061; x_wconf 87' lang='lat' dir='ltr'><strong>advertat,</strong></span> <span class='ocrx_word' id='word_1_617' title='bbox 2681 4008 2935 4068; x_wconf 86' lang='lat' dir='ltr'><strong>oportere</strong></span> <span class='ocrx_word' id='word_1_618' title='bbox 2971 3997 3021 4050; x_wconf 90' lang='lat' dir='ltr'><strong>in</strong></span> <span class='ocrx_word' id='word_1_619' title='bbox 3052 3996 3187 4049; x_wconf 90' lang='lat' dir='ltr'><strong>iram</strong></span> <span class='ocrx_word' id='word_1_620' title='bbox 3232 3990 3425 4062; x_wconf 83' lang='lat' dir='ltr'><strong>ferri),</strong></span> <span class='ocrx_word' id='word_1_621' title='bbox 3474 3991 3568 4044; x_wconf 90' lang='lat' dir='ltr'><strong>sed</strong></span> <span class='ocrx_word' id='word_1_622' title='bbox 3602 4003 3662 4044; x_wconf 87' lang='lat' dir='ltr'><strong>se</strong></span> 
     </span>
    </p>
   </div>
   <div class='ocr_carea' id='block_1_88' title="bbox 2084 4084 3669 4162">
    <p class='ocr_par' dir='ltr' id='par_1_88' title="bbox 2084 4084 3669 4162">
     <span class='ocr_line' id='line_1_88' title="bbox 2084 4084 3669 4162; baseline -0.007 -15"><span class='ocrx_word' id='word_1_623' title='bbox 2084 4093 2330 4162; x_wconf 80' lang='lat' dir='ltr'><strong>vestigiis</strong></span> <span class='ocrx_word' id='word_1_624' title='bbox 2365 4090 2632 4160; x_wconf 82' lang='lat' dir='ltr'><strong>majorum</strong></span> <span class='ocrx_word' id='word_1_625' title='bbox 2671 4090 2949 4154; x_wconf 89' lang='lat' dir='ltr'><strong>insistere,</strong></span> <span class='ocrx_word' id='word_1_626' title='bbox 2978 4088 3177 4156; x_wconf 89' lang='lat' dir='ltr'><strong>quibus</strong></span> <span class='ocrx_word' id='word_1_627' title='bbox 3209 4101 3326 4139; x_wconf 90' lang='lat' dir='ltr'><strong>mos</strong></span> <span class='ocrx_word' id='word_1_628' title='bbox 3353 4084 3513 4137; x_wconf 83' lang='lat' dir='ltr'><strong>fuerit</strong></span> <span class='ocrx_word' id='word_1_629' title='bbox 3541 4097 3669 4151; x_wconf 58' lang='lat' dir='ltr'><strong>pare</strong></span> 
     </span>
    </p>
   </div>
   <div class='ocr_carea' id='block_1_89' title="bbox 2086 4174 3672 4249">
    <p class='ocr_par' dir='ltr' id='par_1_89' title="bbox 2086 4174 3672 4249">
     <span class='ocr_line' id='line_1_89' title="bbox 2086 4174 3672 4249; baseline -0.011 -7"><span class='ocrx_word' id='word_1_630' title='bbox 2086 4201 2212 4242; x_wconf 89' lang='lat' dir='ltr'><strong>cere</strong></span> <span class='ocrx_word' id='word_1_631' title='bbox 2256 4183 2522 4248; x_wconf 84' lang='lat' dir='ltr'><strong>subjectis</strong></span> <span class='ocrx_word' id='word_1_632' title='bbox 2552 4190 2606 4236; x_wconf 90' lang='lat' dir='ltr'><strong>et</strong></span> <span class='ocrx_word' id='word_1_633' title='bbox 2654 4179 2925 4236; x_wconf 86' lang='lat' dir='ltr'><strong>debellare</strong></span> <span class='ocrx_word' id='word_1_634' title='bbox 2972 4178 3257 4249; x_wconf 86' lang='lat' dir='ltr'><strong>superbos.</strong></span> <span class='ocrx_word' id='word_1_635' title='bbox 3290 4178 3478 4245; x_wconf 84' lang='lat' dir='ltr'><strong>Itaque</strong></span> <span class='ocrx_word' id='word_1_636' title='bbox 3505 4174 3672 4242; x_wconf 88' lang='lat' dir='ltr'><strong>jussit</strong></span> 
     </span>
    </p>
   </div>
   <div class='ocr_carea' id='block_1_90' title="bbox 2086 4270 3668 4347">
    <p class='ocr_par' dir='ltr' id='par_1_90' title="bbox 2086 4270 3668 4347">
     <span class='ocr_line' id='line_1_90' title="bbox 2086 4270 3668 4347; baseline -0.008 -13"><span class='ocrx_word' id='word_1_637' title='bbox 2086 4293 2234 4343; x_wconf 89' lang='lat' dir='ltr'><strong>eum,</strong></span> <span class='ocrx_word' id='word_1_638' title='bbox 2268 4277 2361 4347; x_wconf 91' lang='lat' dir='ltr'><strong>qui</strong></span> <span class='ocrx_word' id='word_1_639' title='bbox 2395 4276 2663 4346; x_wconf 86' lang='lat' dir='ltr'><strong>legatione</strong></span> <span class='ocrx_word' id='word_1_640' title='bbox 2708 4273 3062 4344; x_wconf 80' lang='lat' dir='ltr'><strong>fungebatur,</strong></span> <span class='ocrx_word' id='word_1_641' title='bbox 3111 4271 3223 4340; x_wconf 89' lang='lat' dir='ltr'><strong>regi</strong></span> <span class='ocrx_word' id='word_1_642' title='bbox 3257 4285 3356 4325; x_wconf 92' lang='lat' dir='ltr'><strong>suo</strong></span> <span class='ocrx_word' id='word_1_643' title='bbox 3393 4270 3668 4323; x_wconf 82' lang='lat' dir='ltr'><strong>Romano.-</strong></span> 
     </span>
    </p>
   </div>
   <div class='ocr_carea' id='block_1_91' title="bbox 2091 4361 3684 4432">
    <p class='ocr_par' dir='ltr' id='par_1_91' title="bbox 2091 4361 3684 4432">
     <span class='ocr_line' id='line_1_91' title="bbox 2091 4361 3684 4432; baseline -0.011 -4"><span class='ocrx_word' id='word_1_644' title='bbox 2091 4392 2208 4431; x_wconf 91' lang='lat' dir='ltr'><strong>rum</strong></span> <span class='ocrx_word' id='word_1_645' title='bbox 2247 4369 2723 4426; x_wconf 86' lang='lat' dir='ltr'><strong>mansuetudinem</strong></span> <span class='ocrx_word' id='word_1_646' title='bbox 2771 4376 2826 4421; x_wconf 89' lang='lat' dir='ltr'><strong>et</strong></span> <span class='ocrx_word' id='word_1_647' title='bbox 2861 4366 3232 4428; x_wconf 89' lang='lat' dir='ltr'><strong>clementiam,</strong></span> <span class='ocrx_word' id='word_1_648' title='bbox 3283 4377 3512 4432; x_wconf 86' lang='lat' dir='ltr'><strong>quorum</strong></span> <span class='ocrx_word' id='word_1_649' title='bbox 3562 4361 3684 4412; x_wconf 86' lang='lat' dir='ltr'><strong>vir-&#39;</strong></span> 
     </span>
    </p>
   </div>
   <div class='ocr_carea' id='block_1_92' title="bbox 408 4440 1969 4540">
    <p class='ocr_par' dir='ltr' id='par_1_92' title="bbox 408 4453 1969 4528">
     <span class='ocr_line' id='line_1_92' title="bbox 408 4453 1969 4528; baseline -0.002 -19"><span class='ocrx_word' id='word_1_650' title='bbox 408 4457 604 4528; x_wconf 86' lang='grc' dir='ltr'>μένων,</span> <span class='ocrx_word' id='word_1_651' title='bbox 626 4457 878 4511; x_wconf 77' lang='grc' dir='ltr'>ἐκέλευσε</span> <span class='ocrx_word' id='word_1_652' title='bbox 904 4455 983 4528; x_wconf 80' lang='grc' dir='ltr'>τῷ</span> <span class='ocrx_word' id='word_1_653' title='bbox 1005 4453 1426 4526; x_wconf 83' lang='grc' dir='ltr'>πρεσϐευομένῳ</span> <span class='ocrx_word' id='word_1_654' title='bbox 1477 4454 1556 4524; x_wconf 82' lang='grc' dir='ltr'>τῷ</span> <span class='ocrx_word' id='word_1_655' title='bbox 1605 4454 1720 4524; x_wconf 86' lang='grc' dir='ltr'>ἰδίῳ</span> <span class='ocrx_word' id='word_1_656' title='bbox 1768 4453 1969 4522; x_wconf 82' lang='grc' dir='ltr'>βασιλεῖ</span> 
     </span>
    </p>
   </div>
   <div class='ocr_carea' id='block_1_93' title="bbox 2072 4440 3664 4540">
    <p class='ocr_par' dir='ltr' id='par_1_93' title="bbox 2091 4451 3664 4536">
     <span class='ocr_line' id='line_1_93' title="bbox 2091 4451 3664 4536; baseline -0.014 -15"><span class='ocrx_word' id='word_1_657' title='bbox 2091 4468 2220 4522; x_wconf 84' lang='lat' dir='ltr'><strong>tutis</strong></span> <span class='ocrx_word' id='word_1_658' title='bbox 2246 4461 2540 4536; x_wconf 89' lang='lat' dir='ltr'><strong>periculum</strong></span> <span class='ocrx_word' id='word_1_659' title='bbox 2561 4457 2804 4522; x_wconf 80' lang='lat' dir='ltr'><strong>fecisset,</strong></span> <span class='ocrx_word' id='word_1_660' title='bbox 2829 4458 3164 4518; x_wconf 83' lang='lat' dir='ltr'><strong>renuntiare,</strong></span> <span class='ocrx_word' id='word_1_661' title='bbox 3194 4462 3248 4508; x_wconf 92' lang='lat' dir='ltr'><strong>et</strong></span> <span class='ocrx_word' id='word_1_662' title='bbox 3285 4469 3432 4524; x_wconf 80' lang='lat' dir='ltr'><strong>Spem</strong></span> <span class='ocrx_word' id='word_1_663' title='bbox 3466 4451 3664 4511; x_wconf 67' lang='lat' dir='ltr'><strong>facere,</strong></span> 
     </span>
    </p>
   </div>
   <div class='ocr_carea' id='block_1_94' title="bbox 406 4540 1979 4618">
    <p class='ocr_par' dir='ltr' id='par_1_94' title="bbox 406 4540 1979 4618">
     <span class='ocr_line' id='line_1_94' title="bbox 406 4540 1979 4618; baseline -0.002 -16"><span class='ocrx_word' id='word_1_664' title='bbox 406 4548 738 4617; x_wconf 88' lang='grc' dir='ltr'>ἀπαγγεῖλαι</span> <span class='ocrx_word' id='word_1_665' title='bbox 787 4547 886 4618; x_wconf 86' lang='grc' dir='ltr'>τὴν</span> <span class='ocrx_word' id='word_1_666' title='bbox 938 4547 1225 4617; x_wconf 87' lang='grc' dir='ltr'>Ῥωμαίων</span> <span class='ocrx_word' id='word_1_667' title='bbox 1287 4545 1713 4614; x_wconf 76' lang='grc' dir='ltr'>καλοκαγαθίαν,</span> <span class='ocrx_word' id='word_1_668' title='bbox 1756 4540 1832 4599; x_wconf 81' lang='grc' dir='ltr'><strong>ὧν</strong></span> <span class='ocrx_word' id='word_1_669' title='bbox 1880 4546 1979 4614; x_wconf 87' lang='grc' dir='ltr'><strong>τῆς</strong></span> 
     </span>
    </p>
   </div>
   <div class='ocr_carea' id='block_1_95' title="bbox 405 4640 1979 4713">
    <p class='ocr_par' dir='ltr' id='par_1_95' title="bbox 405 4640 1979 4713">
     <span class='ocr_line' id='line_1_95' title="bbox 405 4640 1979 4713; baseline -0.001 -19"><span class='ocrx_word' id='word_1_670' title='bbox 405 4641 608 4713; x_wconf 84' lang='grc' dir='ltr'>ἀρετῆς</span> <span class='ocrx_word' id='word_1_671' title='bbox 630 4641 918 4712; x_wconf 81' lang='grc' dir='ltr'>ἐπειράθη,</span> <span class='ocrx_word' id='word_1_672' title='bbox 945 4641 1038 4694; x_wconf 74' lang='grc' dir='ltr'><strong>καὶ</strong></span> <span class='ocrx_word' id='word_1_673' title='bbox 1060 4641 1118 4694; x_wconf 79' lang='grc' dir='ltr'><strong>ού</strong></span> <span class='ocrx_word' id='word_1_674' title='bbox 1151 4640 1332 4711; x_wconf 82' lang='grc' dir='ltr'>πολλῷ</span> <span class='ocrx_word' id='word_1_675' title='bbox 1347 4640 1573 4709; x_wconf 88' lang='grc' dir='ltr'>ῦστερον</span> <span class='ocrx_word' id='word_1_676' title='bbox 1593 4640 1979 4710; x_wconf 80' lang='grc' dir='ltr'>προσελπίζειν</span> 
     </span>
    </p>
   </div>
   <div class='ocr_carea' id='block_1_96' title="bbox 409 4730 1969 4803">
    <p class='ocr_par' dir='ltr' id='par_1_96' title="bbox 409 4730 1969 4803">
     <span class='ocr_line' id='line_1_96' title="bbox 409 4730 1969 4803; baseline 0.001 -19"><span class='ocrx_word' id='word_1_677' title='bbox 409 4733 540 4803; x_wconf 79' lang='grc' dir='ltr'>παρ’</span> <span class='ocrx_word' id='word_1_678' title='bbox 563 4734 726 4788; x_wconf 82' lang='grc' dir='ltr'>αὐτὸν</span> <span class='ocrx_word' id='word_1_679' title='bbox 745 4731 1106 4801; x_wconf 77' lang='grc' dir='ltr'>ἀφιξομένους</span> <span class='ocrx_word' id='word_1_680' title='bbox 1137 4733 1278 4788; x_wconf 76' lang='grc' dir='ltr'>κατὰ</span> <span class='ocrx_word' id='word_1_681' title='bbox 1301 4733 1526 4802; x_wconf 84' lang='grc' dir='ltr'>γνώμην</span> <span class='ocrx_word' id='word_1_682' title='bbox 1563 4730 1657 4783; x_wconf 90' lang='grc' dir='ltr'><strong>τοῦ</strong></span> <span class='ocrx_word' id='word_1_683' title='bbox 1685 4730 1969 4800; x_wconf 80' lang='grc' dir='ltr'>βασιλέως.</span> 
     </span>
    </p>
   </div>
   <div class='ocr_carea' id='block_1_97' title="bbox 482 4910 1984 4982">
    <p class='ocr_par' dir='ltr' id='par_1_97' title="bbox 482 4910 1984 4982">
     <span class='ocr_line' id='line_1_97' title="bbox 482 4910 1984 4982; baseline 0.001 -18"><span class='ocrx_word' id='word_1_684' title='bbox 482 4918 574 4980; x_wconf 89' lang='grc' dir='ltr'>ιγ’.</span> <span class='ocrx_word' id='word_1_685' title='bbox 610 4912 731 4965; x_wconf 79' lang='grc' dir='ltr'>Ὀτι</span> <span class='ocrx_word' id='word_1_686' title='bbox 760 4910 1029 4974; x_wconf 86' lang='grc' dir='ltr'>Λικίννιος</span> <span class='ocrx_word' id='word_1_687' title='bbox 1052 4910 1262 4978; x_wconf 87' lang='grc' dir='ltr'>πέμπει</span> <span class='ocrx_word' id='word_1_688' title='bbox 1284 4910 1627 4981; x_wconf 79' lang='grc' dir='ltr'>πρεσϐευτὴν</span> <span class='ocrx_word' id='word_1_689' title='bbox 1657 4912 1796 4982; x_wconf 79' lang='grc' dir='ltr'>πρὸς</span> <span class='ocrx_word' id='word_1_690' title='bbox 1825 4914 1984 4967; x_wconf 68' lang='grc' dir='ltr'>Κωνρ</span> 
     </span>
    </p>
   </div>
   <div class='ocr_carea' id='block_1_98' title="bbox 411 5001 1989 5074">
    <p class='ocr_par' dir='ltr' id='par_1_98' title="bbox 411 5001 1989 5074">
     <span class='ocr_line' id='line_1_98' title="bbox 411 5001 1989 5074; baseline 0.002 -19"><span class='ocrx_word' id='word_1_691' title='bbox 411 5005 689 5060; x_wconf 85' lang='grc' dir='ltr'>σταντῖνον</span> <span class='ocrx_word' id='word_1_692' title='bbox 719 5002 1062 5074; x_wconf 84' lang='grc' dir='ltr'>Μεστριανὸν</span> <span class='ocrx_word' id='word_1_693' title='bbox 1096 5002 1330 5073; x_wconf 89' lang='grc' dir='ltr'>κόμητα.</span> <span class='ocrx_word' id='word_1_694' title='bbox 1375 5001 1630 5060; x_wconf 82' lang='grc' dir='ltr'>Ἐλθόντα</span> <span class='ocrx_word' id='word_1_695' title='bbox 1656 5003 1712 5058; x_wconf 79' lang='grc' dir='ltr'>δὲ</span> <span class='ocrx_word' id='word_1_696' title='bbox 1748 5004 1839 5056; x_wconf 74' lang='grc' dir='ltr'>τὸν</span> <span class='ocrx_word' id='word_1_697' title='bbox 1875 5005 1989 5058; x_wconf 83' lang='grc' dir='ltr'><strong>Με-</strong></span> 
     </span>
    </p>
   </div>
   <div class='ocr_carea' id='block_1_99' title="bbox 407 5093 1991 5166">
    <p class='ocr_par' dir='ltr' id='par_1_99' title="bbox 407 5093 1991 5166">
     <span class='ocr_line' id='line_1_99' title="bbox 407 5093 1991 5166; baseline 0.003 -20"><span class='ocrx_word' id='word_1_698' title='bbox 407 5095 663 5165; x_wconf 78' lang='grc' dir='ltr'>στριανδν</span> <span class='ocrx_word' id='word_1_699' title='bbox 704 5098 732 5148; x_wconf 87' lang='grc' dir='ltr'><strong>ὁ</strong></span> <span class='ocrx_word' id='word_1_700' title='bbox 765 5093 1019 5166; x_wconf 80' lang='grc' dir='ltr'>βασιλεὺς</span> <span class='ocrx_word' id='word_1_701' title='bbox 1040 5094 1134 5149; x_wconf 80' lang='grc' dir='ltr'>ἐπί</span> <span class='ocrx_word' id='word_1_702' title='bbox 1177 5112 1298 5150; x_wconf 90' lang='grc' dir='ltr'>τινα</span> <span class='ocrx_word' id='word_1_703' title='bbox 1343 5095 1536 5165; x_wconf 82' lang='grc' dir='ltr'>χρόνον</span> <span class='ocrx_word' id='word_1_704' title='bbox 1564 5095 1802 5166; x_wconf 86' lang='grc' dir='ltr'>διέσυρε.</span> <span class='ocrx_word' id='word_1_705' title='bbox 1835 5098 1991 5150; x_wconf 82' lang='grc' dir='ltr'>Μετά</span> 
     </span>
    </p>
   </div>
   <div class='ocr_carea' id='block_1_100' title="bbox 404 5185 1986 5257">
    <p class='ocr_par' dir='ltr' id='par_1_100' title="bbox 404 5185 1986 5257">
     <span class='ocr_line' id='line_1_100' title="bbox 404 5185 1986 5257; baseline 0.001 -17"><span class='ocrx_word' id='word_1_706' title='bbox 404 5186 577 5240; x_wconf 84' lang='grc' dir='ltr'>ταῦτα</span> <span class='ocrx_word' id='word_1_707' title='bbox 600 5185 658 5239; x_wconf 82' lang='grc' dir='ltr'>δὲ</span> <span class='ocrx_word' id='word_1_708' title='bbox 686 5185 824 5257; x_wconf 87' lang='grc' dir='ltr'>πρός</span> <span class='ocrx_word' id='word_1_709' title='bbox 849 5203 909 5239; x_wconf 90' lang='grc' dir='ltr'><strong>τε</strong></span> <span class='ocrx_word' id='word_1_710' title='bbox 939 5186 998 5238; x_wconf 81' lang='grc' dir='ltr'>τὸ</span> <span class='ocrx_word' id='word_1_711' title='bbox 1019 5186 1214 5254; x_wconf 81' lang='grc' dir='ltr'>ἄδηλον</span> <span class='ocrx_word' id='word_1_712' title='bbox 1246 5186 1340 5243; x_wconf 76' lang='grc' dir='ltr'><strong>τοῦ</strong></span> <span class='ocrx_word' id='word_1_713' title='bbox 1377 5185 1614 5257; x_wconf 74' lang='grc' dir='ltr'>πολέμου</span> <span class='ocrx_word' id='word_1_714' title='bbox 1637 5187 1986 5252; x_wconf 76' lang='grc' dir='ltr'>ἀποϐλέπων,</span> 
     </span>
    </p>
   </div>
   <div class='ocr_carea' id='block_1_101' title="bbox 407 5274 1990 5349">
    <p class='ocr_par' dir='ltr' id='par_1_101' title="bbox 407 5274 1990 5349">
     <span class='ocr_line' id='line_1_101' title="bbox 407 5274 1990 5349; baseline -0.001 -19"><span class='ocrx_word' id='word_1_715' title='bbox 407 5277 526 5345; x_wconf 76' lang='grc' dir='ltr'>ἅμα</span> <span class='ocrx_word' id='word_1_716' title='bbox 573 5276 631 5329; x_wconf 81' lang='grc' dir='ltr'>δὲ</span> <span class='ocrx_word' id='word_1_717' title='bbox 662 5276 758 5328; x_wconf 76' lang='grc' dir='ltr'>καὶ</span> <span class='ocrx_word' id='word_1_718' title='bbox 783 5276 864 5329; x_wconf 82' lang='grc' dir='ltr'>ὅτι</span> <span class='ocrx_word' id='word_1_719' title='bbox 896 5276 945 5329; x_wconf 82' lang='lat' dir='ltr'><strong>oi</strong></span> <span class='ocrx_word' id='word_1_720' title='bbox 991 5274 1085 5328; x_wconf 89' lang='grc' dir='ltr'><strong>τοῦ</strong></span> <span class='ocrx_word' id='word_1_721' title='bbox 1129 5276 1406 5328; x_wconf 85' lang='grc' dir='ltr'>Λικιννίου</span> <span class='ocrx_word' id='word_1_722' title='bbox 1436 5277 1612 5347; x_wconf 79' lang='grc' dir='ltr'>ἐφόδῳ</span> <span class='ocrx_word' id='word_1_723' title='bbox 1650 5276 1990 5349; x_wconf 79' lang='grc' dir='ltr'>λανθανούσῃ</span> 
     </span>
    </p>
   </div>
   <div class='ocr_carea' id='block_1_102' title="bbox 406 5366 1988 5438">
    <p class='ocr_par' dir='ltr' id='par_1_102' title="bbox 406 5366 1988 5438">
     <span class='ocr_line' id='line_1_102' title="bbox 406 5366 1988 5438; baseline 0.001 -18"><span class='ocrx_word' id='word_1_724' title='bbox 406 5369 749 5438; x_wconf 80' lang='grc' dir='ltr'>χρησάμενοι</span> <span class='ocrx_word' id='word_1_725' title='bbox 780 5367 880 5438; x_wconf 80' lang='grc' dir='ltr'><strong>τὴν</strong></span> <span class='ocrx_word' id='word_1_726' title='bbox 909 5366 1188 5436; x_wconf 84' lang='grc' dir='ltr'>βαστάγην</span> <span class='ocrx_word' id='word_1_727' title='bbox 1211 5366 1378 5419; x_wconf 84' lang='grc' dir='ltr'>αὐτοῦ</span> <span class='ocrx_word' id='word_1_728' title='bbox 1415 5366 1551 5436; x_wconf 87' lang='grc' dir='ltr'><strong>μετά</strong></span> <span class='ocrx_word' id='word_1_729' title='bbox 1578 5368 1674 5436; x_wconf 84' lang='grc' dir='ltr'><strong>τῆς</strong></span> <span class='ocrx_word' id='word_1_730' title='bbox 1699 5367 1988 5438; x_wconf 84' lang='grc' dir='ltr'>βασιλικῆς</span> 
     </span>
    </p>
   </div>
   <div class='ocr_carea' id='block_1_103' title="bbox 409 5457 1989 5530">
    <p class='ocr_par' dir='ltr' id='par_1_103' title="bbox 409 5457 1989 5530">
     <span class='ocr_line' id='line_1_103' title="bbox 409 5457 1989 5530; baseline 0.002 -20"><span class='ocrx_word' id='word_1_731' title='bbox 409 5459 712 5530; x_wconf 84' lang='grc' dir='ltr'>ὑπηρεσίας</span> <span class='ocrx_word' id='word_1_732' title='bbox 739 5459 1026 5529; x_wconf 84' lang='grc' dir='ltr'>κατέσχον,</span> <span class='ocrx_word' id='word_1_733' title='bbox 1060 5457 1274 5527; x_wconf 85' lang='grc' dir='ltr'>δέχεται</span> <span class='ocrx_word' id='word_1_734' title='bbox 1303 5457 1491 5514; x_wconf 71' lang='grc' dir='ltr'>αὐτόν.</span> <span class='ocrx_word' id='word_1_735' title='bbox 1544 5457 1601 5510; x_wconf 86' lang='lat' dir='ltr'><strong>&#39;O</strong></span> <span class='ocrx_word' id='word_1_736' title='bbox 1635 5459 1691 5512; x_wconf 83' lang='grc' dir='ltr'>δὲ</span> <span class='ocrx_word' id='word_1_737' title='bbox 1729 5461 1840 5523; x_wconf 85' lang='grc' dir='ltr'>τοῖς</span> <span class='ocrx_word' id='word_1_738' title='bbox 1869 5460 1989 5515; x_wconf 68' lang='grc' dir='ltr'>δυσὶ</span> 
     </span>
    </p>
   </div>
   <div class='ocr_carea' id='block_1_104' title="bbox 2087 4546 3675 4623">
    <p class='ocr_par' dir='ltr' id='par_1_104' title="bbox 2087 4546 3675 4623">
     <span class='ocr_line' id='line_1_104' title="bbox 2087 4546 3675 4623; baseline -0.013 -8"><span class='ocrx_word' id='word_1_739' title='bbox 2087 4576 2192 4615; x_wconf 91' lang='lat' dir='ltr'><strong>non</strong></span> <span class='ocrx_word' id='word_1_740' title='bbox 2249 4555 2418 4610; x_wconf 90' lang='lat' dir='ltr'><strong>multo</strong></span> <span class='ocrx_word' id='word_1_741' title='bbox 2460 4561 2584 4623; x_wconf 91' lang='lat' dir='ltr'><strong>post</strong></span> <span class='ocrx_word' id='word_1_742' title='bbox 2621 4551 2760 4617; x_wconf 83' lang='lat' dir='ltr'><strong>fore,</strong></span> <span class='ocrx_word' id='word_1_743' title='bbox 2799 4559 2879 4616; x_wconf 92' lang='lat' dir='ltr'><strong>ut,</strong></span> <span class='ocrx_word' id='word_1_744' title='bbox 2915 4550 3204 4618; x_wconf 81' lang='lat' dir='ltr'><strong>impetrata</strong></span> <span class='ocrx_word' id='word_1_745' title='bbox 3237 4548 3303 4601; x_wconf 87' lang='lat' dir='ltr'><strong>ab</strong></span> <span class='ocrx_word' id='word_1_746' title='bbox 3340 4546 3675 4614; x_wconf 78' lang='lat' dir='ltr'><strong>imperatore</strong></span> 
     </span>
    </p>
   </div>
   <div class='ocr_carea' id='block_1_105' title="bbox 2087 4642 3102 4716">
    <p class='ocr_par' dir='ltr' id='par_1_105' title="bbox 2087 4642 3102 4716">
     <span class='ocr_line' id='line_1_105' title="bbox 2087 4642 3102 4716; baseline -0.005 -16"><span class='ocrx_word' id='word_1_747' title='bbox 2087 4649 2266 4714; x_wconf 80' lang='lat' dir='ltr'><strong>venia,</strong></span> <span class='ocrx_word' id='word_1_748' title='bbox 2293 4644 2498 4716; x_wconf 84' lang='lat' dir='ltr'><strong>captivi</strong></span> <span class='ocrx_word' id='word_1_749' title='bbox 2526 4643 2595 4700; x_wconf 84' lang='lat' dir='ltr'><strong>ad</strong></span> <span class='ocrx_word' id='word_1_750' title='bbox 2623 4643 2800 4712; x_wconf 90' lang='lat' dir='ltr'><strong>ipsum</strong></span> <span class='ocrx_word' id='word_1_751' title='bbox 2837 4642 3102 4698; x_wconf 80' lang='lat' dir='ltr'><strong>redirent.</strong></span> 
     </span>
    </p>
   </div>
   <div class='ocr_carea' id='block_1_106' title="bbox 2155 4901 3675 4982">
    <p class='ocr_par' dir='ltr' id='par_1_106' title="bbox 2155 4901 3675 4982">
     <span class='ocr_line' id='line_1_106' title="bbox 2155 4901 3675 4982; baseline -0.006 -19"><span class='ocrx_word' id='word_1_752' title='bbox 2155 4909 2338 4982; x_wconf 78' lang='lat' dir='ltr'><strong>l5.(A.</strong></span> <span class='ocrx_word' id='word_1_753' title='bbox 2354 4908 2418 4969; x_wconf 89' lang='lat' dir='ltr'><strong>C.</strong></span> <span class='ocrx_word' id='word_1_754' title='bbox 2437 4909 2560 4974; x_wconf 70' lang='lat' dir='ltr'><strong>3M,</strong></span> <span class='ocrx_word' id='word_1_755' title='bbox 2579 4907 2766 4963; x_wconf 88' lang='lat' dir='ltr'><strong>Const.</strong></span> <span class='ocrx_word' id='word_1_756' title='bbox 2789 4905 2870 4977; x_wconf 89' lang='lat'><strong>9.)</strong></span> <span class='ocrx_word' id='word_1_757' title='bbox 2893 4905 3175 4962; x_wconf 87' lang='lat' dir='ltr'><strong>Licinnius</strong></span> <span class='ocrx_word' id='word_1_758' title='bbox 3193 4905 3428 4979; x_wconf 84' lang='lat' dir='ltr'><strong>legatum</strong></span> <span class='ocrx_word' id='word_1_759' title='bbox 3451 4903 3515 4956; x_wconf 88' lang='lat' dir='ltr'><strong>ad</strong></span> <span class='ocrx_word' id='word_1_760' title='bbox 3533 4901 3675 4955; x_wconf 82' lang='lat' dir='ltr'><strong>Con-</strong></span> 
     </span>
    </p>
   </div>
   <div class='ocr_carea' id='block_1_107' title="bbox 2086 4991 3672 5064">
    <p class='ocr_par' dir='ltr' id='par_1_107' title="bbox 2086 4991 3672 5064">
     <span class='ocr_line' id='line_1_107' title="bbox 2086 4991 3672 5064; baseline -0.009 -7"><span class='ocrx_word' id='word_1_761' title='bbox 2086 5002 2386 5057; x_wconf 74' lang='lat' dir='ltr'><strong>Stantinum</strong></span> <span class='ocrx_word' id='word_1_762' title='bbox 2436 5000 2786 5055; x_wconf 86' lang='lat' dir='ltr'><strong>Mestrianum</strong></span> <span class='ocrx_word' id='word_1_763' title='bbox 2831 4999 3083 5054; x_wconf 79' lang='lat' dir='ltr'><strong>corr-item</strong></span> <span class='ocrx_word' id='word_1_764' title='bbox 3133 4998 3496 5064; x_wconf 88' lang='lat' dir='ltr'><strong>mittit,qoem</strong></span> <span class='ocrx_word' id='word_1_765' title='bbox 3525 4991 3672 5047; x_wconf 83' lang='lat' dir='ltr'><strong>Con-</strong></span> 
     </span>
    </p>
   </div>
   <div class='ocr_carea' id='block_1_108' title="bbox 2087 5084 3674 5160">
    <p class='ocr_par' dir='ltr' id='par_1_108' title="bbox 2087 5084 3674 5160">
     <span class='ocr_line' id='line_1_108' title="bbox 2087 5084 3674 5160; baseline -0.008 -11"><span class='ocrx_word' id='word_1_766' title='bbox 2087 5093 2384 5158; x_wconf 86' lang='lat' dir='ltr'><strong>stantinus,</strong></span> <span class='ocrx_word' id='word_1_767' title='bbox 2426 5107 2550 5147; x_wconf 91' lang='lat' dir='ltr'><strong>cum</strong></span> <span class='ocrx_word' id='word_1_768' title='bbox 2586 5094 2652 5146; x_wconf 88' lang='lat' dir='ltr'><strong>ad</strong></span> <span class='ocrx_word' id='word_1_769' title='bbox 2683 5106 2742 5146; x_wconf 86' lang='lat' dir='ltr'><strong>se</strong></span> <span class='ocrx_word' id='word_1_770' title='bbox 2773 5091 3036 5156; x_wconf 90' lang='lat' dir='ltr'><strong>venisset,</strong></span> <span class='ocrx_word' id='word_1_771' title='bbox 3068 5090 3226 5160; x_wconf 89' lang='lat' dir='ltr'><strong>longo</strong></span> <span class='ocrx_word' id='word_1_772' title='bbox 3254 5098 3503 5158; x_wconf 90' lang='lat' dir='ltr'><strong>tempore</strong></span> <span class='ocrx_word' id='word_1_773' title='bbox 3536 5084 3674 5139; x_wconf 88' lang='lat' dir='ltr'><strong>deti-</strong></span> 
     </span>
    </p>
   </div>
   <div class='ocr_carea' id='block_1_109' title="bbox 2095 5181 3674 5243">
    <p class='ocr_par' dir='ltr' id='par_1_109' title="bbox 2095 5181 3674 5243">
     <span class='ocr_line' id='line_1_109' title="bbox 2095 5181 3674 5243; baseline -0.005 -1"><span class='ocrx_word' id='word_1_774' title='bbox 2095 5187 2230 5243; x_wconf 89' lang='lat' dir='ltr'><strong>nuit.</strong></span> <span class='ocrx_word' id='word_1_775' title='bbox 2255 5185 2496 5242; x_wconf 85' lang='lat' dir='ltr'><strong>Tandem</strong></span> <span class='ocrx_word' id='word_1_776' title='bbox 2551 5201 2671 5241; x_wconf 91' lang='lat' dir='ltr'><strong>cum</strong></span> <span class='ocrx_word' id='word_1_777' title='bbox 2701 5185 2768 5240; x_wconf 84' lang='lat' dir='ltr'><strong>ad</strong></span> <span class='ocrx_word' id='word_1_778' title='bbox 2803 5185 3041 5241; x_wconf 91' lang='lat' dir='ltr'><strong>incertos</strong></span> <span class='ocrx_word' id='word_1_779' title='bbox 3066 5183 3191 5240; x_wconf 90' lang='lat' dir='ltr'><strong>belli</strong></span> <span class='ocrx_word' id='word_1_780' title='bbox 3245 5197 3405 5238; x_wconf 85' lang='lat' dir='ltr'><strong>casus</strong></span> <span class='ocrx_word' id='word_1_781' title='bbox 3429 5181 3674 5234; x_wconf 86' lang='lat' dir='ltr'><strong>animum</strong></span> 
     </span>
    </p>
   </div>
   <div class='ocr_carea' id='block_1_110' title="bbox 2095 5274 3671 5349">
    <p class='ocr_par' dir='ltr' id='par_1_110' title="bbox 2095 5274 3671 5349">
     <span class='ocr_line' id='line_1_110' title="bbox 2095 5274 3671 5349; baseline -0.006 -16"><span class='ocrx_word' id='word_1_782' title='bbox 2095 5279 2375 5348; x_wconf 83' lang='lat' dir='ltr'><strong>adjiceret,</strong></span> <span class='ocrx_word' id='word_1_783' title='bbox 2427 5279 2555 5349; x_wconf 79' lang='lat' dir='ltr'><strong>Quia</strong></span> <span class='ocrx_word' id='word_1_784' title='bbox 2615 5294 2806 5333; x_wconf 85' lang='lat' dir='ltr'><strong>manus</strong></span> <span class='ocrx_word' id='word_1_785' title='bbox 2864 5279 3095 5333; x_wconf 88' lang='lat' dir='ltr'><strong>militum</strong></span> <span class='ocrx_word' id='word_1_786' title='bbox 3167 5276 3360 5330; x_wconf 90' lang='lat' dir='ltr'><strong>Licinii</strong></span> <span class='ocrx_word' id='word_1_787' title='bbox 3407 5274 3671 5344; x_wconf 76' lang='lat' dir='ltr'><strong>jumenta</strong></span> 
     </span>
    </p>
   </div>
   <div class='ocr_carea' id='block_1_111' title="bbox 2091 5369 3674 5446">
    <p class='ocr_par' dir='ltr' id='par_1_111' title="bbox 2091 5369 3674 5446">
     <span class='ocr_line' id='line_1_111' title="bbox 2091 5369 3674 5446; baseline -0.008 -16"><span class='ocrx_word' id='word_1_788' title='bbox 2091 5375 2384 5430; x_wconf 81' lang='lat' dir='ltr'><strong>sarcinalia</strong></span> <span class='ocrx_word' id='word_1_789' title='bbox 2427 5391 2550 5430; x_wconf 90' lang='lat' dir='ltr'><strong>cum</strong></span> <span class='ocrx_word' id='word_1_790' title='bbox 2583 5377 2734 5446; x_wconf 84' lang='lat' dir='ltr'><strong>regia</strong></span> <span class='ocrx_word' id='word_1_791' title='bbox 2779 5373 3140 5445; x_wconf 86' lang='lat' dir='ltr'><strong>suppellectili</strong></span> <span class='ocrx_word' id='word_1_792' title='bbox 3169 5372 3235 5427; x_wconf 91' lang='lat' dir='ltr'><strong>ad</strong></span> <span class='ocrx_word' id='word_1_793' title='bbox 3267 5385 3328 5426; x_wconf 87' lang='lat' dir='ltr'><strong>se</strong></span> <span class='ocrx_word' id='word_1_794' title='bbox 3359 5369 3674 5424; x_wconf 89' lang='lat' dir='ltr'><strong>tendentem</strong></span> 
     </span>
    </p>
   </div>
   <div class='ocr_carea' id='block_1_112' title="bbox 2095 5455 3663 5534">
    <p class='ocr_par' dir='ltr' id='par_1_112' title="bbox 2095 5455 3663 5534">
     <span class='ocr_line' id='line_1_112' title="bbox 2095 5455 3663 5534; baseline -0.006 -15"><span class='ocrx_word' id='word_1_795' title='bbox 2095 5464 2432 5521; x_wconf 80' lang='lat' dir='ltr'><strong>clandestina</strong></span> <span class='ocrx_word' id='word_1_796' title='bbox 2463 5465 2780 5521; x_wconf 89' lang='lat' dir='ltr'><strong>incursione</strong></span> <span class='ocrx_word' id='word_1_797' title='bbox 2811 5466 3196 5534; x_wconf 87' lang='lat' dir='ltr'><strong>interceperat,</strong></span> <span class='ocrx_word' id='word_1_798' title='bbox 3221 5465 3458 5534; x_wconf 86' lang='lat' dir='ltr'><strong>legatum</strong></span> <span class='ocrx_word' id='word_1_799' title='bbox 3491 5455 3663 5513; x_wconf 80' lang='lat' dir='ltr'><strong>admi-</strong></span> 
     </span>
    </p>
   </div>
   <div class='ocr_carea' id='block_1_113' title="bbox 1688 5569 2361 5632">
    <p class='ocr_par' dir='ltr' id='par_1_113' title="bbox 1688 5569 2361 5632">
     <span class='ocr_line' id='line_1_113' title="bbox 1688 5569 2361 5632; baseline 0.012 -9"><span class='ocrx_word' id='word_1_800' title='bbox 1688 5569 1923 5630; x_wconf 59' lang='lat' dir='ltr'><strong>\‘ARUE</strong></span> <span class='ocrx_word' id='word_1_801' title='bbox 1954 5571 2361 5632; x_wconf 76' lang='lat' dir='ltr'><strong>LECTIONES.</strong></span> 
     </span>
    </p>
   </div>
   <div class='ocr_carea' id='block_1_114' title="bbox 502 5664 887 5735">
    <p class='ocr_par' dir='ltr' id='par_1_114' title="bbox 502 5664 887 5735">
     <span class='ocr_line' id='line_1_114' title="bbox 502 5664 887 5735; baseline -0.005 -18"><span class='ocrx_word' id='word_1_802' title='bbox 502 5666 545 5696; x_wconf 87' lang='grc'><strong>¹³</strong></span> <span class='ocrx_word' id='word_1_803' title='bbox 569 5665 784 5735; x_wconf 77' lang='grc' dir='ltr'>ἔχοντος</span> <span class='ocrx_word' id='word_1_804' title='bbox 822 5664 887 5735; x_wconf 27' lang='grc' dir='ltr'><strong>ΝΑ.</strong></span> 
     </span>
    </p>
   </div>
   <div class='ocr_carea' id='block_1_115' title="bbox 483 5659 1974 5788">
    <p class='ocr_par' dir='ltr' id='par_1_115' title="bbox 483 5659 1974 5788">
     <span class='ocr_line' id='line_1_115' title="bbox 502 5659 1974 5739; baseline 0.003 -22"><span class='ocrx_word' id='word_1_805' title='bbox 502 5666 545 5696; x_wconf 87' lang='grc'><strong>¹³</strong></span> <span class='ocrx_word' id='word_1_806' title='bbox 569 5665 784 5735; x_wconf 77' lang='grc' dir='ltr'>ἔχοντος</span> <span class='ocrx_word' id='word_1_807' title='bbox 822 5664 887 5716; x_wconf 86' lang='grc' dir='ltr'>Ν.</span> <span class='ocrx_word' id='word_1_808' title='bbox 969 5662 1011 5693; x_wconf 76' lang='lat'><strong>&quot;‘</strong></span> <span class='ocrx_word' id='word_1_809' title='bbox 1047 5663 1254 5732; x_wconf 87' lang='grc' dir='ltr'>περιὼν</span> <span class='ocrx_word' id='word_1_810' title='bbox 1279 5661 1548 5723; x_wconf 73' lang='lat' dir='ltr'><strong>Valesius,</strong></span> <span class='ocrx_word' id='word_1_811' title='bbox 1573 5665 1699 5732; x_wconf 74' lang='grc' dir='ltr'>περὶ</span> <span class='ocrx_word' id='word_1_812' title='bbox 1725 5659 1800 5720; x_wconf 85' lang='grc' dir='ltr'>ὧν</span> <span class='ocrx_word' id='word_1_813' title='bbox 1830 5667 1974 5739; x_wconf 79' lang='lat' dir='ltr'><strong>vulg.</strong></span> 
     </span>
     <span class='ocr_line' id='line_1_116' title="bbox 483 5731 1737 5788; baseline 0.001 0"><span class='ocrx_word' id='word_1_814' title='bbox 483 5735 555 5788; x_wconf 72' lang='lat' dir='ltr'><strong>lc.</strong></span> <span class='ocrx_word' id='word_1_815' title='bbox 666 5735 708 5768; x_wconf 85' lang='grc'><strong>¹⁷</strong></span> <span class='ocrx_word' id='word_1_816' title='bbox 741 5731 1097 5788; x_wconf 62' lang='grc' dir='ltr'>ἀποϐλέψειεν</span> <span class='ocrx_word' id='word_1_817' title='bbox 1124 5732 1214 5788; x_wconf 88' lang='grc' dir='ltr'>ΙΙ..</span> <span class='ocrx_word' id='word_1_818' title='bbox 1242 5733 1567 5788; x_wconf 60' lang='grc' dir='ltr'>ἀποϐλέψειν</span> <span class='ocrx_word' id='word_1_819' title='bbox 1594 5735 1737 5788; x_wconf 65' lang='lat' dir='ltr'><strong>vulg.</strong></span> 
     </span>
    </p>
   </div>
   <div class='ocr_carea' id='block_1_116' title="bbox 410 5753 555 5810">
    <p class='ocr_par' dir='ltr' id='par_1_116' title="bbox 410 5753 555 5810">
     <span class='ocr_line' id='line_1_117' title="bbox 410 5753 555 5810; baseline -0.014 -20"><span class='ocrx_word' id='word_1_820' title='bbox 410 5753 555 5810; x_wconf 62' lang='grc' dir='ltr'>κἰιις.</span> 
     </span>
    </p>
   </div>
   <div class='ocr_carea' id='block_1_117' title="bbox 666 5731 1737 5806">
    <p class='ocr_par' dir='ltr' id='par_1_117' title="bbox 666 5731 1737 5806">
     <span class='ocr_line' id='line_1_118' title="bbox 666 5731 1737 5806; baseline -0.001 -17"><span class='ocrx_word' id='word_1_821' title='bbox 666 5735 708 5768; x_wconf 85' lang='grc'><strong>¹⁷</strong></span> <span class='ocrx_word' id='word_1_822' title='bbox 741 5731 1097 5803; x_wconf 69' lang='grc' dir='ltr'>ἀποϐλέψειεν</span> <span class='ocrx_word' id='word_1_823' title='bbox 1124 5731 1214 5798; x_wconf 88' lang='grc' dir='ltr'>ΙΙ.,</span> <span class='ocrx_word' id='word_1_824' title='bbox 1242 5733 1567 5806; x_wconf 59' lang='grc' dir='ltr'>ἀποϐλέψειν</span> <span class='ocrx_word' id='word_1_825' title='bbox 1594 5731 1737 5806; x_wconf 70' lang='lat' dir='ltr'><strong>vulg.</strong></span> 
     </span>
    </p>
   </div>
   <div class='ocr_carea' id='block_1_118' title="bbox 2082 5668 3164 5741">
    <p class='ocr_par' dir='ltr' id='par_1_118' title="bbox 2082 5668 3164 5741">
     <span class='ocr_line' id='line_1_119' title="bbox 2082 5668 3164 5741; baseline 0.004 -20"><span class='ocrx_word' id='word_1_826' title='bbox 2082 5669 2124 5701; x_wconf 73' lang='grc'><strong>⁸⁸</strong></span> <span class='ocrx_word' id='word_1_827' title='bbox 2155 5669 2481 5741; x_wconf 78' lang='grc' dir='ltr'>Βαλεριανοῦ</span> <span class='ocrx_word' id='word_1_828' title='bbox 2514 5669 2598 5732; x_wconf 77' lang='grc' dir='ltr'><strong>Ν..</strong></span> <span class='ocrx_word' id='word_1_829' title='bbox 2632 5668 2956 5740; x_wconf 83' lang='grc' dir='ltr'>Γαλεριανοῦ</span> <span class='ocrx_word' id='word_1_830' title='bbox 3023 5670 3164 5741; x_wconf 79' lang='lat' dir='ltr'><strong>vulg.</strong></span> 
     </span>
    </p>
   </div>
   <div class='ocr_carea' id='block_1_119' title="bbox 3334 5669 3680 5738">
    <p class='ocr_par' dir='ltr' id='par_1_119' title="bbox 3334 5669 3680 5738">
     <span class='ocr_line' id='line_1_120' title="bbox 3334 5669 3680 5738; baseline 0 -16"><span class='ocrx_word' id='word_1_831' title='bbox 3334 5671 3374 5702; x_wconf 85' lang='grc'><strong>¹⁶</strong></span> <span class='ocrx_word' id='word_1_832' title='bbox 3408 5669 3680 5738; x_wconf 76' lang='grc' dir='ltr'>προσήκει</span> 
     </span>
    </p>
   </div>
  </div>
