4056 6210
403 315 504 384 οτι

1351 310 1746 372 EXCERPTA
1786 309 1888 370 EX
1925 307 2171 369 PETRO
2206 307 2563 369 PATRICIO
3539 303 3647 364 672

409 429 502 484 sil.
532 425 627 482 Ille
666 440 793 482 vero
822 425 886 479 de
916 436 1048 491 pace
1080 423 1219 476 inter
1251 429 1542 490 utrumque
1589 422 1966 491 imperatorem

2080 417 2356 486 βασιλεῦσι
2382 417 2481 487 τὴν
2510 415 2735 486 εἰρήνην
2781 413 3166 486 ὲπρεσϐεύετο,
3203 412 3277 484 μὴ
3319 414 3519 483 χρῆναι
3561 415 3646 465 λέ-

409 512 778 582 componenda
809 523 977 580 agens
1008 509 1247 575 diccbat,
1271 523 1376 562 non
1411 519 1662 577 eportere
1697 524 1839 576 cum,
1877 509 1969 577 qui
2001 517 2015 530 ‘

411 606 478 658 de
527 601 739 657 civibus
781 600 894 654 suis
937 598 1220 653 victoriam
1267 609 1622 667 reportasset,
1672 601 1736 653 iis
1785 599 1967 654 irasci.

410 691 679 760 Quidquid
705 690 848 744 enim
878 690 1134 754 intereat,
1155 690 1504 758 victoriynon
1541 692 1684 745 victo
1720 690 1968 756 interire,

407 791 461 836 et
501 781 545 834 si
572 795 714 835 nunc
744 780 839 834 uni
865 795 1051 850 pacem
1081 781 1451 850 denegaverit,
1479 781 1771 836 multorum
1812 781 1972 836 bello-

407 883 526 923 rum
547 867 789 928 civilium
811 883 1032 923 causam
1057 868 1170 923 fore
1196 880 1249 924 et
1270 879 1570 924 auctorem.
1589 871 1656 924 At
1680 871 1974 938 imperator

407 967 462 1012 et
494 957 646 1013 vultu
672 966 729 1012 et
765 967 914 1013 motu
949 959 1194 1028 corporis
1230 959 1582 1014 acerbitatem
1611 961 1705 1015 ira:
1734 976 1847 1016 sua:
1875 962 1974 1016 de-

409 1060 739 1115 monstrans,
791 1059 846 1104 et
893 1065 1034 1120 aegre
1075 1065 1262 1105 vocem
1301 1053 1556 1106 cmittens
1584 1052 1718 1106 dixit
1750 1069 1766 1106 :
1805 1070 1823 1104 ι
1855 1053 1972 1107 Νοιι

410 1143 482 1196 ita
517 1157 616 1196 nos
660 1142 727 1197 ad
753 1143 859 1198 hoc
885 1156 1056 1212 usque
1087 1151 1301 1212 tempus
1326 1143 1618 1212 gessimus,
1650 1157 1824 1213 neque
1851 1145 1974 1199 ideo

409 1235 478 1289 ab
505 1235 725 1289 Oceano
757 1235 864 1290 huc
899 1234 1099 1289 bellum
1128 1243 1379 1304 gerentes
1407 1243 1462 1289 et
1489 1235 1765 1289 vincentes
1786 1249 1975 1303 perve-

411 1326 612 1392 nimus,
636 1335 972 1396 ntgeuerum
1008 1337 1249 1380 nostrum
1282 1336 1500 1396 propter
1531 1325 1734 1381 nefaria
1773 1324 1972 1396 ﬂagitia

413 1429 442 1468 a
467 1416 724 1471 societate
749 1417 898 1486 regni
926 1415 1281 1471 excludamus
1305 1425 1360 1471 et
1387 1416 1701 1472 affinitatem
1727 1416 1844 1487 ejus
1865 1417 1976 1472 dis:

412 1506 710 1572 solvamus,
745 1517 798 1562 et
831 1509 936 1562 vile
959 1509 1287 1578 mancipium
1313 1524 1433 1564 cum
1466 1511 1580 1578 ipso
1607 1511 1660 1564 in
1689 1511 1972 1580 imperium

414 1598 846 1654 iutroducamus.
889 1617 908 1650 ι
942 1597 1115 1656 Jussit
1161 1601 1326 1669 igitur
1360 1599 1739 1667 Mcstrianum,
1770 1603 1872 1658 bac
1896 1602 1974 1657 le-

413 1691 646 1758 gationis
672 1699 828 1760 parte
855 1691 1073 1756 omissa,
1108 1691 1150 1746 si
1184 1691 1316 1760 quid
1346 1691 1492 1745 aliud
1517 1691 1675 1746 vellet
1700 1708 1968 1761 proruere.

418 1780 481 1834 Et
508 1782 679 1836 visum
709 1791 790 1838 est
824 1783 1102 1838 Valentem
1137 1783 1204 1837 ab
1236 1784 1464 1852 imperio
1498 1783 1750 1850 dejicere.

485 2043 575 2096 14.
605 2044 690 2111 (Α.
720 2043 781 2098 C.
813 2042 945 2107 550,
974 2043 1164 2097 Const.
1195 2041 1306 2112 14.)
1330 2041 1673 2112 Magnentius
1703 2053 1756 2098 et
1785 2044 1974 2098 Vetra-

415 2133 504 2188 nio
529 2135 751 2188 mittunt
789 2133 994 2204 legatos
1036 2133 1104 2188 ad
1136 2132 1532 2188 Constantium.
1569 2133 1855 2190 Mittuntur
1883 2151 1978 2189 au-

417 2235 524 2277 tem
547 2211 775 2278 Rufinus
801 2233 856 2278 et
876 2223 1246 2289 Marcellinus,
1269 2226 1355 2280 hic
1379 2224 1668 2294 praefectus
1693 2228 1975 2295 praetorio;

417 2316 505 2371 ille
538 2316 761 2371 alterius
808 2318 1042 2387 agminis
1071 2319 1283 2384 ductor,
1331 2327 1387 2372 ct
1421 2317 1728 2374 Nunecbius
1754 2328 1979 2374 senatus

415 2406 688 2476 princeps,
713 2417 768 2461 et
792 2406 1057 2462 Maximus
1089 2423 1214 2463 cum
1249 2409 1400 2479 ipsis,
1429 2409 1522 2478 qui
1553 2410 1979 2464 adhortarentur

413 2496 816 2563 Constantium,
864 2508 924 2552 ut
978 2500 1046 2553 ab
1096 2500 1264 2554 armis
1301 2499 1624 2564 abstineret,
1654 2508 1705 2552 et
1746 2500 1978 2569 primum

417 2586 636 2641 bonoris
665 2589 890 2656 gradqu
923 2590 974 2643 iu
1009 2590 1236 2658 imperio
1275 2589 1546 2644 obtineret
1575 2605 1590 2654 ;
1642 2587 1980 2660 Magnentius

415 2679 737 2734 Constantio
768 2680 932 2733 filiam
958 2679 1338 2748 desponderet,
1371 2689 1424 2732 et
1454 2679 1564 2748 ipse
1587 2693 1810 2733 uxorem
1837 2679 1982 2733 acci-

419 2779 568 2836 peret
591 2770 991 2835 Constantiam,
1027 2770 1332 2825 Constantii
1361 2784 1626 2824 sororem.
1663 2770 1847 2839 Itaque
1877 2772 1980 2825 im-

419 2867 636 2928 perator
657 2859 1016 2917 Constantius
1038 2862 1260 2918 admisit
1278 2862 1627 2918 Vetranionis
1650 2873 1705 2918 et
1729 2861 1984 2934 Magnen-

419 2955 482 3008 tii
523 2955 748 3023 legatos,
793 2972 1018 3026 quorum
1049 2972 1208 3022 unus,
1243 2955 1580 3023 Nunecbius,
1611 2956 1766 3011 initio
1801 2957 1980 3012 statim

2000 1737 2048 1795 B

2073 526 2185 578 γων
2234 509 2326 562 τὸν
2382 509 2507 570 τοὺς
2537 506 2844 577 ὁμοφύλους
2873 505 3196 576 νενικηκότα
3233 504 3352 556 κατ’
3395 504 3574 555 αὐτῶν
3609 506 3649 534 ’⁸

2073 601 2444 671 χαλεπαίνειν.
2471 600 2595 651 ’Ότι
2618 597 2725 668 γὰρ
2752 597 2819 650 ἂν
2848 597 3120 659 ἀπόλοιτο,
3155 595 3311 647 τούτο
3342 595 3526 647 λοιπὸν
3570 595 3652 664 τῷ

2073 693 2406 764 νενικηκότι,
2454 691 2571 745 ἀλλ’
2611 691 2728 759 οὐχὶ
2765 690 2879 752 τοῖς
2913 688 3250 759 ἡττωμένοις
3283 686 3648 738 ἀπόλλυσθαιο

2074 786 2170 840 καὶ
2195 787 2279 839 ὅτι
2307 787 2335 837 6
2354 785 2434 836 ὲνὶ
2471 782 2571 854 τὴν
2604 782 2829 852 εἰρήνην
2858 777 3195 849 ἀρνούμενος
3222 775 3434 854 πολλῷν
3469 779 3648 845 ἐμφυ-

2073 875 2204 929 λίων
2235 875 2486 944 πολέμων
2517 849 2727 942 γίνεται
2760 849 2952 932 αἴτιος.
2990 870 3050 922 Ὀ
3091 868 3146 922 δὲ
3180 849 3433 938 βασιλεύς
3474 867 3552 936 τῷ
3587 885 3650 919 τε

2075 964 2350 1038 προσώπῳ
2390 964 2486 1018 καὶ
2536 966 2603 1034 τῇ
2638 962 2732 1016 τοῦ
2782 959 3032 1030 σώματος
3086 961 3293 1029 κινήσει
3326 957 3388 1010 τὸ
3422 958 3654 1027 μέγεθος

2075 1058 2174 1128 τῆς
2202 1059 2244 1091 ¹⁹
2273 1058 2446 1127 ὀργῆς
2476 1054 2672 1126 δηλῶν,
2709 1053 2802 1106 καὶ
2836 1051 2990 1122 μόλις
3029 1049 3210 1119 φωνὴν
3242 1049 3421 1118 ἀφεὶς,
3454 1045 3612 1101 εἶπεν
3634 1065 3646 1077 ·

2083 1167 2102 1200 ι
2141 1149 2253 1218 Οὐχ
2279 1147 2421 1201 οὕτω
2453 1148 2612 1216 μέχρι
2637 1143 2732 1198 τοῦ
2765 1143 3030 1214 παρόντος
3055 1142 3412 1211 διεγενόμεθα
3434 1141 3502 1204 ⁸⁸,
3528 1141 3649 1192 οὐδὲ

2075 1239 2165 1292 διὰ
2184 1237 2346 1291 τοῦτο
2369 1239 2433 1290 ὲκ
2456 1236 2550 1290 τοῦ
2578 1233 2841 1288 Ὠκεανοῦ
2875 1233 3036 1304 μέχρι
3055 1233 3164 1284 τῶν
3201 1230 3435 1283 ἐνταῦθα
3485 1231 3648 1282 πολε-

2081 1328 2310 1399 μοῦντες
2343 1328 2438 1381 καὶ
2476 1326 2738 1388 νικῶντες
2788 1322 3118 1392 ἀφικόμεθα,
3149 1320 3292 1373 ὥστε
3337 1319 3411 1391 μὴ
3443 1319 3649 1372 ἐθέλειν

2076 1418 2168 1471 τὸν
2193 1419 2390 1472 οἰκεῖον
2422 1414 2674 1485 γαμϐρὸν
2709 1412 2788 1483 (7)
2831 1410 3090 1464 κοινωνὸν
3119 1407 3262 1479 ἔχειν
3289 1407 3377 1459 διὰ
3397 1404 3467 1458 τὰ
3501 1405 3646 1475 μύση

2077 1509 2244 1563 αὐτοῦ
2274 1508 2368 1562 καὶ
2416 1507 2516 1576 τὴν
2545 1503 2863 1575 ἀγχιστείαν
2905 1501 3289 1570 ἀπαγορεύειν,
3331 1496 3548 1558 εὐτελὲς
3591 1494 3650 1546 δὲ

2079 1599 2412 1672 ἀνδράποδον
2456 1600 2574 1668 μετ’
2633 1595 2797 1650 αὐτοῦ
2842 1596 2918 1656 είς
2955 1592 3023 1645 τά
3071 1589 3316 1660 βασίλεια
3354 1586 3653 1658 προσδέξα⁴

2084 1692 2225 1745 σθαι.
2261 1709 2281 1742 ι
2320 1690 2638 1743 Ἐκέλευσεν
2681 1684 2773 1740 οὖν
2801 1685 2891 1738 τὸν
2931 1681 3272 1752 Μεστριανδν
3321 1679 3512 1732 τούτου
3554 1677 3652 1729 τοῦ

2087 1784 2287 1854 μέρους
2327 1781 2424 1850 τῆς
2474 1777 2770 1852 πρεσϐείας
2819 1774 3144 1846 σχολάζοντα
3181 1772 3247 1833 ¹¹,
3287 1770 3340 1821 εί
3376 1787 3428 1822 τι
3463 1767 3654 1838 ἕτερον

2083 1875 2255 1928 αἰτεῖν
2282 1872 2541 1942 βούλοιτο,
2579 1869 2798 1937 λέγειν·
2831 1866 2928 1921 καὶ
2974 1863 3119 1929 ἔδοξε
3147 1862 3237 1916 τὸν
3275 1860 3514 1917 Βάλεντα
3555 1860 3653 1912 ὲκ-

2083 1965 2349 2037 ϐληθῆναι
2377 1963 2474 2033 τῆς
2499 1960 2798 2032 βασιλείας.

2156 2059 2238 2112 ιδ’.
2272 2057 2394 2110 Ὅτι
2445 2053 2783 2120 Μαγνέντιος
2815 2049 2908 2103 καὶ
2949 2046 3253 2117 Βετρανίων
3286 2046 3332 2076 ’³
3376 2043 3654 2112 πέμπουσι

2083 2149 2342 2222 πρέσϐεις
2369 2145 2505 2217 πρὸς
2526 2142 2927 2198 Κωνστάντιον.
2951 2139 3262 2209 Πέμπονται
3291 2135 3348 2189 δὲ
3374 2135 3656 2200 Ῥουφῖνος

2083 2242 2176 2296 καὶ
2213 2237 2606 2310 Μαρκελλῖνος,
2636 2237 2663 2288 6
2709 2234 2808 2304 μὲν
2839 2231 3083 2300 ὕπαρχος
3118 2227 3194 2282 ὢν
3251 2226 3359 2280 τῶν
3403 2240 3656 2296 πραιτω-

2086 2333 2239 2402 ρίων,
2269 2332 2296 2383 6
2327 2330 2386 2383 δὲ
2419 2328 2607 2398 ἕτερος
2653 2324 3052 2396 στρατηλάτης,
3080 2321 3175 2374 καὶ
3202 2319 3494 2388 Νουνέχιος
3521 2332 3657 2382 συγο

2083 2420 2340 2490 κλητικὺς
2373 2418 2638 2490 ὕπαρχος,
2671 2415 2777 2470 ’καῖ
2808 2414 3058 2485 Μάξιμος
3089 2412 3226 2483 πρὸς
3256 2410 3487 2472 τούτοις,
3521 2409 3657 2461 61:0-

2088 2513 2380 2582 μνήσοντες
2409 2511 2500 2564 τὸν
2549 2507 2928 2562 Κωνστάντιον
2975 2505 3158 2559 ὅπλων
3192 2501 3529 2571 ἀποσχέσθαι
3563 2499 3658 2552 καὶ

2084 2599 2308 2672 πρώτην
2337 2599 2484 2669 ἔχειν
2515 2600 2572 2652 ἐν
2600 2599 2664 2667 τῇ
2698 2594 2944 2666 βασιλείᾳ
2972 2594 3162 2664 τιμήν.
3211 2592 3271 2644 Ὀ
3301 2591 3356 2644 δὲ
3405 2587 3655 2656 Μαγνέν-

2083 2711 2196 2755 τιος
2242 2693 2310 2746 δι’
2339 2691 2517 2744 αὐτῶν
2548 2688 2649 2759 τὴν
2701 2687 2834 2741 ἰδίαν
2865 2683 3140 2754 θυγατέρα
3185 2681 3263 2751 τῷ
3297 2676 3662 2746 Κωνσταντίῳ
3707 2736 3714 2738 _

2086 2782 2398 2851 ὑπισχνεῖτο
2437 2778 2636 2832 διδόναι
2669 2774 2918 2847 γαμετὴν
2965 2774 3059 2826 ἐπὶ
3089 2772 3167 2842 τῷ
3201 2767 3300 2824 καῖ
3350 2769 3513 2831 αὐτὸς
3559 2767 3660 2836 τὴν

2086 2871 2473 2928 Κωνσταντίαν
2501 2870 2686 2923 λαϐεῖν
2735 2867 2835 2938 τὴν
2855 2863 3088 2934 ἀδελφὴν
3129 2861 3224 2915 τοῦ
3259 2857 3657 2914 Κωνσταντίου.

2099 2965 2348 3031 Ἐδέξατο
2385 2960 2477 3016 οὖν
2527 2963 2555 3015 6
2613 2959 2868 3032 βασιλεὺς
2915 2957 3041 3019 τοὺς
3075 2954 3440 3026 Βετρανίωνος
3473 2952 3518 2983 ¹³
3567 2950 3663 3003 καὶ

419 3047 786 3118 Magnentium
841 3064 1026 3118 pacem
1081 3060 1265 3119 petere
1307 3049 1560 3118 praefatus
1591 3059 1697 3117 est,
1749 3057 1806 3103 et
1839 3048 1980 3104 Con-

2084 3056 2426 3127 Μαγνεντίου
2473 3053 2755 3126 πρέσϐεις,
2805 3052 2863 3104 ἐν
2897 3043 2979 3112 οἷς
3011 3050 3040 3101 6
3088 3046 3377 3116 Νουνέχιος
3412 3044 3458 3074 ’⁸
3497 3043 3665 3104 εὐθὺς

421 3138 700 3205 Stantium,
728 3154 835 3208 quo
864 3139 914 3191 in
944 3147 1087 3193 statu
1123 3153 1209 3192 res
1235 3138 1288 3192 in
1316 3138 1598 3208 praesentia
1629 3148 1831 3205 esseut,
1868 3153 1984 3195 mo-

421 3228 536 3282 nuit
563 3229 774 3291 dicens,
801 3243 905 3283 non
929 3238 1181 3297 oportere
1207 3228 1380 3297 ipsqu
1407 3227 1830 3294 inconsiderate,
1852 3245 1986 3298 pras-

421 3321 612 3374 sertim
643 3336 766 3374 cum
817 3319 973 3374 bellis
1016 3318 1130 3387 jam
1182 3319 1465 3375 confectus
1491 3329 1654 3386 esset,
1686 3320 1823 3375 duos
1857 3336 1985 3376 con-

413 3421 504 3476 tra
533 3426 593 3466 se
622 3412 1006 3480 imperatores,
1041 3409 1119 3465 rei
1155 3411 1408 3466 militaris
1434 3410 1639 3479 peritos
1670 3421 1724 3466 et
1752 3412 1894 3466 inter
1929 3427 1988 3468 se

421 3504 723 3556 concordes
757 3510 811 3555 et
842 3502 1068 3572 integris
1096 3503 1326 3565 viribus,
1351 3502 1418 3556 ad
1439 3501 1639 3558 bellum
1665 3516 1986 3571 provocare.

423 3593 550 3659 Qui,
587 3592 688 3647 nisi
725 3607 868 3646 nunc
911 3593 982 3647 de
1019 3607 1150 3662 pace
1200 3594 1340 3649 inter
1389 3607 1486 3649 eos
1507 3597 1842 3661 conveniret,
1881 3596 1991 3666 28

424 3683 612 3752 quales
647 3682 944 3753 quantique
981 3685 1032 3738 iu
1075 3683 1216 3740 bello
1245 3685 1392 3740 civili
1438 3685 1604 3740 futuri
1632 3695 1835 3751 essent,
1877 3687 1990 3742 sive

426 3789 567 3829 unus
596 3774 770 3840 solus,
812 3775 932 3830 sive
961 3783 1192 3843 uterque
1233 3776 1418 3843 simul,
1466 3791 1574 3831 non
1623 3777 1840 3838 aliunde
1887 3776 1990 3847 ipsi

433 3865 820 3921 discedendum
852 3881 993 3932 esse,
1019 3881 1180 3936 quam
1228 3883 1296 3922 ex
1351 3867 1583 3938 egregiis
1639 3867 1989 3935 facinoribus,

425 3971 547 4022 qua:
591 3966 720 4011 ante
772 3957 1092 4022 edidissent,
1127 3959 1344 4028 quando
1379 3958 1480 4028 ipsi
1532 3966 1588 4012 et
1636 3958 1822 4028 generi
1875 3957 1994 4027 ejus

421 4063 684 4117 prospere
731 4048 896 4104 rebus
933 4050 1101 4119 gestis
1132 4050 1439 4119 triumphos
1472 4049 1834 4118 peperissent.
1856 4047 1990 4102 Cum

431 4139 570 4194 hanc
592 4139 918 4210 legationem
961 4141 1204 4206 audisset
1256 4139 1571 4210 imperator,
1619 4155 1868 4209 magnam
1917 4139 1992 4194 illi

427 4246 492 4286 ea
537 4247 627 4287 res
658 4247 846 4286 curam
896 4239 951 4285 et
985 4231 1406 4287 sollicitudinem
1455 4229 1654 4285 attulit.
1696 4230 1883 4300 Itaque
1927 4231 1993 4284 ad

427 4339 676 4379 somnum
715 4334 1036 4386 conversus,
1071 4322 1206 4376 vidit
1248 4322 1303 4376 in
1354 4321 1564 4376 somnis
1617 4331 1825 4390 patrem
1869 4331 1990 4376 tan-

2088 3151 2191 3220 ἔφη
2221 3148 2299 3218 τῷ
2344 3145 2617 3217 προοιμίῳ
2661 3143 2884 3213 εἰρήνην
2937 3141 3110 3194 αἰτεῖν
3165 3138 3256 3190 τὸν
3305 3135 3664 3202 Μαγνέντιον,

2089 3243 2184 3295 καὶ
2213 3240 2477 3301 πολλάκις
2511 3240 2614 3307 τῆς
2655 3232 2917 3304 περὶτῶν
2973 3231 3257 3301 παρόντων
3320 3228 3666 3297 πραγμάτων

2088 3332 2477 3392 καταστάσεως
2496 3329 2586 3381 τὸν
2606 3326 2898 3382 Κωνστάντ
2909 3341 2984 3379 ιον
3011 3323 3113 3376 ὑπε
3123 3321 3420 3391 μίμνησκε,
3435 3318 3666 3386 φάσκων

2092 3426 2168 3496 μὴ
2195 3424 2394 3495 χρῆναι
2422 3420 2585 3474 αὑτὸν
2628 3417 2955 3488 άπροόπτως
2985 3415 3081 3468 καλ⁹
3122 3415 3166 3446 ⁸⁸
3211 3411 3529 3480 κεκμηκότα
3561 3407 3668 3478 ἠδη

2090 3519 2206 3579 τοῖς
2238 3514 2501 3582 πολέμοις
2541 3510 2587 3542 ³⁸
2615 3509 2710 3563 δύο
2754 3507 2875 3562 κατ’
2906 3506 3070 3561 αὐτὸν
3111 3507 3156 3538 ⁸⁷
3202 3503 3458 3575 βασιὶεῖς,
3500 3517 3669 3568 στρα·

2091 3604 2354 3674 τιωτικῆς
2396 3620 2454 3656 τε
2485 3601 2801 3670 ἐπιστήμης
2841 3597 3140 3668 ἐμπείρους
3175 3596 3268 3649 καὶ
3309 3591 3670 3664 ὁμονοοῦντας

2092 3697 2342 3766 ἀλλήλοις
2365 3694 2459 3748 καὶ
2487 3693 2568 3746 ἔτι
2596 3691 2890 3762 ἀκεραίους
2920 3689 3102 3754 ὄντας,
3131 3687 3212 3750 είς
3255 3685 3491 3754 πόλεμον
3523 3699 3665 3753 προ-

2095 3786 2416 3843 καλεῖσθαι·
2441 3785 2661 3849 οἵτινες,
2692 3783 2740 3834 εί
2772 3780 2847 3851 μὴ
2883 3779 3014 3848 περὶ
3062 3779 3288 3849 εἰρήνης
3336 3774 3672 3839 συνδόξαιεν,

2093 3876 2194 3950 [ὡς
2217 3874 2285 3947 ⁸³]
2315 3876 2488 3928 ὁποῖοι
2508 3872 2600 3925 καὶ
2629 3870 2849 3942 πηλίκοι
2878 3869 3020 3923 κατὰ
3036 3871 3127 3923 τὸν
3154 3867 3413 3938 ἐμφύλιον
3433 3865 3673 3934 πόλεμον

2097 3967 2314 4021 ἔσονται
2347 3962 2843 4036 παραταττόμενοι,
2890 3960 3000 4012 εἴτε
3031 3952 3113 4023 εἷς
3162 3957 3344 4028 μόνος,
3389 3957 3501 4008 εἴτε
3530 3953 3672 4024 ὁμοῦ

2096 4061 2265 4130 ἄμφω
2295 4057 2711 4129 παραγένοιντο,
2749 4052 2825 4124 μὴ
2855 4051 3030 4105 θέλειν
3067 4049 3227 4103 αὑτὸν
3257 4047 3528 4118 ἑτέρωθεν
3561 4063 3671 4116 μα-

2097 4153 2209 4206 θεῖν
2258 4151 2292 4220 ἢ
2341 4153 2404 4202 ὲκ
2449 4146 2560 4200 τῶν
2591 4147 2691 4216 ἥδη
2724 4142 3132 4214 πεπραγμένων
3181 4141 3383 4204 αὐτοῖς,
3418 4141 3508 4193 ὅτε
3547 4140 3674 4199 ταῖς

2096 4244 2324 4296 ἐκείνων
2353 4238 2726 4310 παρατάξεσιν
2776 4235 2927 4305 αὕτῷ
2961 4252 3022 4288 τε
3065 4235 3160 4288 καὶ
3193 4232 3270 4304 τῷ
3311 4233 3463 4300 γένει
3503 4231 3672 4284 αὑτοῦ

2100 4333 2361 4405 θρίαμϐοι
2393 4329 2795 4401 κατωρθοῦντο.
2819 4328 3034 4396 Ταύτης
3063 4326 3163 4395 τῆς
3189 4325 3482 4396 πρεσϐείας
3510 4322 3675 4374 ἀκού-

429 4429 591 4482 quam
623 4428 687 4466 ex
715 4411 824 4466 alto
854 4411 1296 4467 descendentem.
1323 4410 1380 4465 In
1412 4425 1573 4463 manu
1603 4408 1820 4466 tenebat
1846 4410 1983 4466 Cous

2103 4441 2202 4488 σας
2229 4427 2256 4476 6
2285 4423 2540 4493 βασιλεὺς
2561 4423 2618 4474 ὲν
2643 4419 2888 4490 φροντίσι
2916 4417 3136 4478 πολλαῖς
3162 4412 3250 4486 ἦν.
3274 4414 3384 4468 Καὶ
3405 4419 3481 4478 είς
3505 4413 3675 4465 ὕπνον

426 4513 662 4559 stantem
691 4518 720 4556 a
751 4500 1065 4567 Magnentio
1100 4509 1461 4570 peremptum,
1490 4514 1648 4569 quem
1679 4499 1996 4558 Constantio

429 4596 726 4649 ostendens
776 4595 893 4649 haec
927 4593 1003 4648 illi
1035 4593 1218 4648 dicere
1255 4594 1402 4648 visus
1433 4603 1516 4648 est
1564 4613 1579 4648 :
1633 4611 1652 4645 ι
1689 4591 1995 4660 Constanti,

428 4701 558 4741 ecce
605 4685 897 4751 Constans,
951 4685 1246 4740 multorum
1279 4699 1465 4753 regum
1496 4684 1811 4754 progenies,
1837 4699 1995 4740 meus

432 4777 575 4831 filius
590 4785 644 4831 ct
669 4777 838 4832 frater
859 4787 981 4832 tuus
1003 4777 1208 4833 nefarie
1224 4787 1482 4844 necatus;
1507 4791 1680 4847 neque
1706 4777 1996 4846 imperium

431 4868 836 4936 labefactatum,
873 4885 1046 4940 neque
1089 4871 1480 4940 rempublicam
1543 4884 1788 4940 eversam
1823 4867 1994 4938 negli-

430 4975 548 5030 gas,
598 4977 775 5032 neque
807 4963 850 5018 si
904 4964 1027 5032 quis
1065 4963 1159 5016 tibi
1186 4964 1442 5028 minetur,
1478 4970 1689 5017 terrore
1718 4959 1992 5026 aﬂiciaris,

431 5051 524 5106 sed
551 5052 799 5119 gloriam,
829 5069 949 5121 quae
989 5055 1113 5108 inde
1146 5063 1196 5108 te
1235 5061 1436 5117 manet,
1466 5053 1770 5121 cuicunque
1817 5067 1998 5120 oppu-

433 5145 676 5214 gnationi
709 5160 1013 5216 prtepouas,
1051 5160 1225 5214 neque
1285 5145 1514 5200 inultum
1567 5143 1794 5199 fratrem
1844 5152 1996 5200 tuum

2100 4518 2334 4588 τραπεὶς
2366 4512 2504 4569 εἶδεν
2557 4513 2702 4583 ὄψιν,
2737 4513 2820 4565 ὅτι
2874 4513 2903 4564 6
2949 4510 3133 4581 πατὴρ
3177 4507 3340 4562 αὐτοῦ
3373 4507 3561 4575 ὥσπερ
3615 4505 3677 4569 ἐξ

2101 4607 2271 4677 ὕψους
2298 4604 2499 4658 κατιὼν
2528 4603 2625 4656 καὶ
2657 4604 2722 4672 τῇ
2754 4600 2898 4671 χειρὶ
2927 4599 3171 4669 κατέχων
3200 4598 3290 4650 τὸν
3316 4595 3673 4655 Κώνσταντα.

2099 4697 2158 4749 ὃν
2179 4695 2356 4748 ἀνεῖλε
2383 4692 2742 4760 Μαγνέντιος,
2763 4687 2950 4743 τοῦτον
2976 4686 3125 4757 αὐτῷ
3153 4687 3478 4760 προσφέρων
3500 4685 3676 4737 ταῦτα

2102 4785 2240 4856 πρὸς
2274 4783 2436 4836 αὐτὸν
2482 4782 2658 4834 ἐδόκει
2711 4783 2779 4832 τὰ
2811 4779 3030 4849 ῥήματα
3062 4775 3397 4845 φθέγγεσθαι
3417 4791 3433 4805 ·
3473 4792 3490 4824 ι
3523 4775 3665 4826 Κων-

2107 4875 2344 4937 στάντιε,
2383 4873 2492 4926 ἰδοὺ
2525 4871 2819 4931 Κώνστανς
2844 4871 2872 4922 6
2915 4868 3124 4922 πολλῶν
3169 4867 3434 4938 βασιλέων
3476 4865 3675 4931 άπόγο⁹

2105 4984 2214 5029 νος,
2242 4967 2272 5018 6
2300 4962 2431 5034 ἐμὸς
2463 4961 2577 5024 υἱὸς
2605 4961 2701 5014 καὶ
2737 4960 2828 5022 σὸς
2849 4957 3098 5027 ἀδελφὸς,
3131 4957 3474 5029 τυραννικῶς
3503 4955 3676 5009 ἀπολ-

2104 5058 2335 5126 λύμενος
2361 5055 2430 5108 ".
2465 5053 2620 5121 Μήτε
2652 5049 2746 5104 οὕν
2773 5050 2872 5119 τὴν
2905 5048 3182 5118 βασιλείαν
3217 5047 3674 5116 διακοπτομένην,

2109 5151 2248 5221 μήτε
2289 5146 2390 5218 τὴν
2424 5141 2702 5197 πολιτείαν
2747 5139 3201 5211 ἀνατρεπομένην
3229 5138 3494 5210 περιίδῃς,
3537 5138 3677 5208 μήτε

1687 5279 1924 5336 VARI/1‘3
1965 5282 2375 5376 LECT‘IONES.

509 5419 553 5450 ’⁸
590 5417 754 5472 αὐτὸν
777 5415 920 5482 vulg.
1002 5414 1041 5446 ¹⁹
1075 5413 1173 5482 τῆς
1198 5425 1309 5466 om.
1343 5409 1488 5482 vulg,
1560 5407 1983 5482 '°_6taysyavﬂpe

2085 5367 2232 5479 conj.
2264 5407 2324 5461 B.
2351 5421 2377 5482 ι⁸
2437 5405 2490 5482 ’_‘_
2524 5367 2879 5482 σχολάζοντος
2911 5400 3055 5482 vulg.
3165 5403 3210 5433 "
3243 5398 3558 5482 βετρανίων
3582 5395 3672 5482 .,

437 5489 777 5557 Βρεττανίων
807 5479 954 5557 vulg.
1029 5485 1078 5516 ’³
1110 5479 1507 5557 Βρεττανίωνος
1532 5479 1674 5557 vulg.

1778 5468 1823 5510 ’λ
1857 5481 1885 5532 6
1903 5468 1983 5533 ’Νι

2080 5468 2208 5548 ἱχιοξ
2230 5507 2301 5518 -—
2331 5477 2422 5529 τὸν
2447 5468 2954 5548 Μιγνέντιονικαη
2989 5468 3330 5548 ngc_verba,
3356 5468 3675 5548 vulgo

439 5539 736 5626 perperam
759 5539 1044 5624 infraupost
1077 5539 1198 5607 voc.
1226 5539 1604 5626 κατωρθοῧντο
1626 5539 1952 5626 legebantur
2005 5552 2059 5604 in
2093 5539 2460 5626 locitnrsuum
2521 5539 3166 5626 reduxit-Clu.[lifticulfl
3202 5541 3296 5626 Ἆαὶ
3418 5539 3583 5626 initio
3606 5539 3673 5626 in

444 5634 604 5678 linem
633 5626 977 5693 trans‘posita.

1080 5627 1124 5655 ’⁵
1150 5626 1241 5675 καὶ
1265 5620 1357 5683 Ν.,
1382 5619 1457 5689 μὴ
1481 5620 1624 5689 vulg.

441 5694 740 5750 inclusitB.
786 5692 794 5693 ί
843 5698 886 5726 ”
915 5694 1243 5750 ἀπολόμενος
1283 5692 1404 5750 (toni

843 5698 886 5726 ”
915 5694 1243 5758 ἀπολόμενος
1283 5692 1429 5759 (tottj.
1461 5691 1520 5744 Β.

1728 5619 1772 5651 ’⁸³
1807 5622 2061 5691 πολέμοις
2097 5619 2181 5684 IL,
2215 5618 2488 5686 πολεμίοις
2525 5612 2667 5682 vulg.
2743 5612 2785 5642 ’⁷
2828 5611 3171 5681 uersiculi}
3203 5609 3264 5663 Β.

3347 5610 3391 5640 ³⁸
3419 5609 3494 5672 ὡς
3522 5609 3676 5666 nucis
