4056 6210
422 258 540 322 673

1248 258 1347 318 DE
1389 258 1955 319 LEGATIONIBUS
1993 257 2348 320 GENTIUM
2389 259 2486 317 AD
2511 257 2889 322 ROMANOS.

3566 263 3671 328 674

421 354 1008 438 εὐλαϐηθῇςᾝπειλὰς,
1041 370 1177 424 ἀλλὰ
1212 373 1311 440 τὴν
1340 372 1590 426 ἐντεῦθεν
1612 373 1879 443 ἐσομένην
1912 391 1994 426 σοι
2028 382 2072 439 Α

2105 373 2399 442 relinquas.
2436 392 2454 426 ι
2494 373 2604 428 lloc
2626 383 2843 429 ostento
2876 374 3014 441 viso,
3057 383 3139 429 est
3170 377 3581 446 expergefactus
3610 393 3667 436 et

415 464 577 528 δόξαν
630 462 811 530 πάσης
848 461 1127 525 ἐκϐάσεως
1170 463 1553 534 προτίμησον,
1608 465 1702 517 καὶ
1748 465 1823 535 μὴ
1878 465 1993 534 ἴδῃς

2102 464 2309 533 legatos
2344 475 2542 535 praeter
2574 465 2843 520 Ruﬂinum
2882 466 2933 519 in
2962 465 3175 520 vincula
3203 467 3455 536 coniecit.

414 555 770 624 ἀνεκδίκητον
800 554 1049 622 ἀδελφόν.
1088 574 1106 606 ι
1151 557 1307 610 Μετὰ
1331 558 1535 630 ταύτην
1564 559 1664 627 τὴν
1693 559 1815 628 ὄψιν
1860 556 2217 626 ἀφυπνισθεῖς
2250 559 2278 611 ὁ
2354 560 2757 624 Κωνστάντιος,
2807 559 2918 614 τῶν
2951 558 3239 631 πρέσϐεων
3305 561 3444 631 πλὴν
3522 562 3671 617 Ῥου-

406 650 565 718 φίνου
603 634 819 716 ξρυλακῇ
849 647 1373 714 παραδοθέντων.....

480 740 565 794 ιε’.
599 741 722 791 Ὅτι
774 738 867 791 ἐπὶ
912 740 1323 794 Κωνσταντίνου
1348 740 1608 811 πρέσϐεις
1652 737 1817 814 ἦλθον
1852 745 1991 813 Περ-

412 831 544 885 σῶν.
585 829 644 882 Ὀ
676 828 734 881 δὲ
762 828 862 899 τῆς
882 827 1182 898 πρεσϐείας
1216 830 1439 900 ἡγεμὼν
1469 831 1697 903 Ναρσῆς
1723 833 1785 885 τὸ
1812 835 1988 905 τραχὺ

412 923 520 977 τῶν
554 919 900 990 γραμμάτων
933 912 1008 972 ὧν
1039 921 1341 991 ἐπεφέρετο
1371 923 1435 991 τῇ
1467 921 1576 975 τῶν
1614 922 1829 975 οἰκείων
1859 924 1991 993 ἡμε-

418 1013 607 1084 ρότητι
654 1008 874 1081 τρόπων
934 1009 1303 1085 συγκεράσας,
1341 1010 1511 1064 ἔδωκε
1557 1012 1695 1083 πρὸς
1746 1013 1992 1083 ἀνάγνω-

423 1122 528 1159 σιν.

486 1201 588 1259 ις’.
624 1193 820 1247 Ὀτιοὶ
847 1191 1123 1264 Βάρϐαροι
1156 1193 1251 1246 ἐπὶ
1293 1194 1580 1248 Ἰουλιανοῦ
1600 1196 1693 1250 τοῦ
1727 1196 1987 1265 Παραϐά-

3328 649 3355 693 ἰ

2176 738 2264 791 15.
2284 736 2371 804 (Α.
2390 734 2455 789 C.
2479 734 2605 801 558,
2621 735 2810 791 Const.
2830 737 2924 802 22,
2956 736 3064 791 Jul.
3087 737 3149 792 C.
3170 738 3249 807 4.)
3266 692 3387 793 ξίὼ
3408 739 3676 797 Constan-

2102 830 2176 883 tio
2211 828 2369 897 legati
2406 843 2435 881 a
2465 827 2646 881 Persis
2679 842 2899 891 venere,
2931 828 3084 897 cujus
3114 829 3395 900 legationis
3426 832 3675 903 princeps

2098 919 2298 974 Narses
2339 919 2688 988 asperitatem
2736 919 3066 985 litterarum,
3105 936 3238 991 quas
3272 921 3556 990 aﬂ'ercbat,
3594 926 3673 980 Ie—

2101 1016 2271 1068 nitate
2298 1029 2510 1069 morum
2546 1030 2770 1069 suorum
2814 1015 3159 1084 temperavit,
3192 1031 3389 1087 easque
3428 1020 3677 1090 legendas

2099 1105 2344 1158 tradidit.

2172 1196 2261 1251 16.
2283 1195 2503 1251 Barbari
2526 1196 2626 1251 sub
2649 1196 2863 1252 Juliano
2894 1200 3151 1266 Apostata
3178 1216 3360 1269 pacem
3384 1203 3671 1269 petierant,

412 1304 507 1341 του
532 1286 756 1355 εἰρήνην
781 1283 943 1354 ᾔτουν
964 1298 978 1313 ⁸
1010 1286 1038 1337 ὁ
1059 1285 1115 1338 δὲ
1138 1281 1301 1354 ἦλθεν
1322 1288 1401 1349 εἰς
1424 1287 1484 1339 τὸ
1516 1288 1843 1339 σπείσασθαι
1885 1288 1985 1339 αὐ-

2105 1286 2186 1340 ille
2214 1302 2343 1341 vero
2378 1287 2654 1356 profectus
2683 1300 2789 1355 est,
2837 1299 2893 1342 nt
2940 1305 3060 1344 cum
3107 1292 3211 1345 illis
3245 1293 3588 1360 transigeret,
3622 1304 3676 1347 et

412 1382 545 1440 τοῖς,
577 1376 670 1430 καὶ
690 1375 873 1446 ἐζήτει
888 1377 1131 1445 ὁμήρους
1160 1377 1365 1432 λαϐεῖν.
1387 1380 1451 1431 (li
1471 1379 1525 1431 δὲ
1543 1379 1815 1449 Βάρϐαροι
1849 1380 1989 1431 πάνυ

2105 1383 2315 1438 obsides
2340 1384 2441 1437 sibi
2474 1384 2586 1437 dari
2618 1385 2793 1453 petiit.
2826 1384 3045 1439 Barbari
3091 1384 3505 1455 responderunt,
3537 1386 3675 1437 mul-

416 1469 644 1529 πολλοὺς
702 1468 890 1533 ἔλεγον
946 1466 1091 1535 ἔχειν
1118 1468 1163 1499 ³ο
1187 1468 1427 1539 πολέμῳ,
1454 1469 1566 1521 ἀλλ’
1591 1469 1650 1520 οὐ
1690 1468 1821 1538 παρ’
1851 1470 1995 1521 ὲκεί-

2105 1481 2186 1525 tos
2232 1473 2343 1539 jam
2392 1474 2443 1525 in
2488 1472 2605 1539 ejus
2638 1481 2903 1542 potestate
2949 1488 3092 1527 esse.
3134 1472 3268 1525 Tum
3307 1473 3395 1525 ille
3426 1458 3521 1527 Iros
3553 1473 3674 1527 belli

417 1578 522 1613 νων
557 1558 907 1626 δεδομένουςο
943 1558 1037 1610 νῦν
1067 1559 1122 1611 δὲ
1180 1559 1361 1628 ζητεῖν
1412 1561 1635 1629 εἰρήνης
1665 1559 1916 1628 ἐνέχυρα,
1947 1558 1999 1611 εἴ
2026 1587 2070 1645 Β

2105 1563 2238 1630 iure,
2287 1579 2391 1616 non
2433 1564 2498 1617 ab
2538 1563 2667 1631 ipsis
2716 1564 2940 1617 traditos
2969 1564 3167 1617 habere
3212 1577 3272 1617 se
3313 1564 3485 1629 dixit;
3534 1578 3677 1615 nunc
3734 1572 3741 1575 '

416 1670 561 1714 τινες
596 1647 706 1704 εἶεν
735 1651 876 1721 πρὸς
910 1651 1069 1703 τοῦτο
1094 1651 1223 1720 παρ’
1254 1652 1435 1714 αὐτοῖς
1471 1653 1784 1721 ἐπιτήδειοι.
1827 1652 1997 1705 Ἐκεί-

2105 1670 2349 1723 qumrere
2376 1657 2527 1724 pacis
2545 1656 2802 1724 pignora:
2837 1655 3099 1718 viderent,
3126 1656 3169 1709 si
3200 1656 3287 1723 qui
3318 1666 3500 1708 essent
3537 1656 3675 1721 apud

418 1761 521 1795 νων
551 1743 605 1794 δὲ
636 1742 789 1794 οὐδὲν
843 1742 1294 1812 ἀπαρνουμένων,
1320 1741 1457 1795 ἀλλὰ
1506 1742 1701 1796 δώσειν
1747 1742 1995 1795 συντιθε-

2105 1746 2247 1815 ipsos
2273 1745 2400 1799 huic
2428 1745 2503 1798 rei
2540 1745 2648 1815 apti
2678 1754 2729 1799 et
2761 1745 2959 1799 idonei.
3009 1745 3143 1798 Cum
3176 1744 3307 1797 nihil
3353 1745 3674 1804 abnuerent,

414 1833 598 1903 μένων
627 1830 719 1894 οὓς
771 1831 836 1885 ἂν
880 1831 1041 1894 αὐτὸς
1080 1832 1403 1898 ὲπιλέξοιτο,
1451 1833 1542 1885 τὸν
1581 1833 1676 1886 τοῦ
1730 1832 1996 1903 βασιλέως

2105 1834 2192 1886 sed
2229 1835 2449 1887 daturos
2485 1848 2545 1887 se
2598 1834 2992 1902 promitterent.
3025 1848 3161 1901 quos
3207 1832 3479 1900 elegisset,
3534 1833 3679 1900 regis

417 1925 530 1976 υἱὸν
555 1925 710 1993 ἠξίου
742 1922 930 1975 λαϐεῖν
992 1922 1067 1985 ὡς
1116 1922 1236 1975 ἀντὶ
1268 1922 1480 1975 πολλῶν
1514 1923 1674 1993 μόνον
1698 1922 1995 1993 ἀρκοῦντα,

2105 1923 2260 1977 ﬁliuni
2288 1925 2480 1992 poscit,
2509 1938 2667 1992 quem
2694 1938 2858 1975 unum
2896 1937 2993 1991 pro
3024 1922 3203 1976 multis
3242 1923 3487 1977 obsidem
3534 1923 3676 1977 deti-

421 2017 480 2067 ὃν
516 2013 659 2085 εἶχεν
706 2015 1074 2085 αἰχμάλωτον.
1111 2015 1176 2068 Οἱ
1222 2014 1278 2067 δὲ
1315 2014 1591 2087 Βάρϐαροι
1618 2017 1719 2087 ἤδη
1746 2016 1999 2070 τεθνάναι

2105 2019 2278 2074 neret;
2334 2011 2379 2064 is
2414 2020 2592 2064 autem
2623 2011 2733 2077 jam
2787 2012 2929 2064 inter
2958 2012 3199 2079 captivos
3228 2026 3257 2065 a
3288 2011 3545 2065 Romanis
3574 2028 3674 2066 cu-

414 2108 582 2159 abtbv
632 2104 1128 2174 ὑπολαμϐάνοντες,
1195 2106 1334 2175 μετὰ
1380 2105 1474 2159 τοῦ
1536 2106 1688 2176 σφῶν
1732 2106 1998 2176 βασιλέως

2105 2100 2457 2154 stodiebatur.
2480 2100 2583 2155 Sed
2604 2100 2824 2155 Barbari
2846 2101 3016 2168 ipsum
3036 2101 3260 2169 periisse
3277 2101 3674 2163 existimantes,

421 2197 737 2266 ὀδυρόμενοί
770 2215 828 2249 τε
860 2197 958 2250 καὶ
994 2198 1293 2262 στένοντες,
1339 2197 1550 2251 ἐδέοντο
1591 2197 1685 2251 τοῦ
1718 2200 1995 2267 Καίσαρος

2105 2194 2171 2247 ad
2201 2193 2399 2246 luctum
2429 2204 2483 2246 et
2508 2208 2797 2247 Ittmrorem
2842 2209 2944 2247 una
2968 2208 3090 2247 cum
3124 2207 3248 2264 rege
3275 2193 3543 2257 conversi,
3576 2194 3675 2248 ob-

418 2289 657 2341 ἁδύνατα
686 2289 760 2359 μὴ
796 2288 997 2359 ζητεῖν,
1029 2288 1368 2342 ἀπαιτοῦντα
1400 2290 1523 2353 τοὺς
1557 2290 1658 2360 ἤδη
1690 2290 1996 2354 τεθνεῶτας

2105 2287 2287 2339 testati
2320 2294 2445 2340 sunt
2465 2285 2758 2351 Caesarem,
2792 2300 2857 2340 ne
2884 2301 2913 2339 a
2938 2300 2996 2340 se
3017 2299 3101 2350 ea,
3128 2300 3248 2355 quae
3276 2293 3529 2354 prmstare
3567 2300 3673 2339 non

419 2380 659 2448 ὁμήρους
685 2396 698 2409 ’
733 2378 890 2433 τοῦτο
924 2380 981 2434 δὲ
1020 2383 1317 2451 τεκμήριον
1350 2380 1487 2436 εἶναι
1516 2382 1610 2436 τοῦ
1643 2382 1874 2447 σπονδὰς
1902 2382 1999 2437 αὐ-

2107 2384 2346 2444 possent,
2376 2383 2585 2445 peteret
2626 2393 2642 2431 :
2678 2376 2823 2444 quod
2875 2376 3097 2443 faceret,
3142 2390 3265 2430 cum
3297 2390 3411 2443 eos,
3444 2377 3535 2445 qui
3563 2376 3674 2445 jam

423 2471 514 2523 τὸν
550 2470 627 2541 μὴ
661 2469 866 2524 ὲοὲλειν
904 2470 1258 2542 ποιήσασθαι.

2108 2464 2220 2518 fato
2245 2463 2412 2519 functi
2448 2476 2626 2530 erant,
2657 2467 2769 2521 sibi
2811 2468 2926 2520 dari
2960 2467 3277 2536 postularet,
3308 2481 3416 2536 quo
3451 2467 3585 2522 satis
3618 2480 3676 2519 se

2110 2557 2313 2611 hedera
2345 2556 2527 2613 facere
2556 2559 2695 2614 nolle
2719 2560 3002 2615 indicaret.

2903 2711 3101 2720 .—

434 2716 737 2730 ’.ιβ-..-
752 2708 3607 2725 .Μή-ψ
3626 2706 3671 2721 η

1732 2836 1824 2888 ΕΚ
1865 2834 2003 2888 ΤΩΝ
2043 2835 2366 2888 ΙΣΤΟΡΙΩΝ

1197 2999 1887 3132 ΠΕΤΡΟΥ
1972 2996 2917 3133 ΠΑΤΡΙΚΙΟΥ

1453 3224 1729 3336 ΚΑΙ
1785 3224 2086 3339 MAI
2090 3224 2654 3341 ‘IZTPOY

596 3435 1085 3526 ΕΚΛΟΓΑΙ
1158 3433 1417 3521 ΠΕΡΙ
1474 3431 2052 3520 ΠΡΕΣΒΕΩΝ
2127 3432 2517 3522 ΕΘΝΩΝ
2578 3434 2867 3521 ΠΡΟΣ
2942 3432 3531 3526 ΡΩΜΑΙΟΩΣ.

1773 3737 1882 3798 EX
1935 3738 2328 3802 HISTORIA

479 3914 1093 4066 PETRI
1206 3906 2123 4065 PATRICII
2249 3888 2506 4065 ET
2637 3911 3624 4068 MAGISTRI

1839 4157 2274 4221 EXCERPTA

717 4326 862 4413 DE
952 4321 1849 4415 LEGATIONIBUS
1923 4323 2477 4417 GENTIUM
2557 4326 2708 4414 AD
2783 4325 3388 4420 ROMANOS.

488 4596 841 4682 Anconemuu,
864 4618 1237 4682 —Valerianus
1276 4618 1451 4682 frustra
1485 4634 1510 4668 a
1547 4619 1732 4680 Sapore
1775 4632 1941 4682 pacem
1974 4615 2102 4679 petit
2133 4618 2225 4680 (l).
2256 4618 2469 4682 Sapores
2500 4617 2747 4682 Odenathi
2778 4616 2969 4682 legatos
3010 4624 3064 4671 et
3099 4618 3226 4668 dona
3250 4618 3465 4681 superbe
3512 4617 3666 4667 remit-

429 4684 485 4729 tit
530 4682 618 4743 t2).
654 4681 977 4730 Conditiones
1011 4683 1145 4743 pacis
1188 4678 1322 4730 inter
1355 4678 1717 4731 Diocletianum
1752 4678 1803 4730 et
1836 4678 2089 4729 Narsaeum
2129 4678 2414 4742 compositae
2456 4681 2554 4735 (5).

496 4930 566 4978 α’.
598 4922 721 4978 Ὀτι
775 4922 1104 4995 Βαλεριανὸς
1162 4924 1485 4996 εὐλαϐηθεὶς
1512 4928 1613 4996 τὴν
1670 4925 1859 4994 ἔφοδον
1895 4926 2003 4981 τῶν

426 5016 651 5086 Περσῶν
679 5016 931 5084 (ὲλίμωξε
964 5018 1072 5089 γὰρ
1100 5018 1161 5070 τδ
1183 5020 1500 5090 στράτευμα
1526 5019 1717 5083 αὑτοῦ,
1749 5020 1843 5072 καὶ
1873 5019 2004 5087 μᾶλο

422 5106 514 5159 λον
564 5108 614 5160 οῐ
662 5106 1021 5177 Μαυρούσιοι)
1055 5149 1070 5173 ,
1128 5110 1350 5180 χρυσίον
1412 5109 1618 5179 ἄφατον
1680 5108 2004 5178 συναγαγὼν

338 5226 357 5236 ι
426 5197 637 5268 ἔπεμψε
660 5198 921 5270 πρέσϐεις
978 5199 1114 5269 πρὸς
1168 5200 1461 5273 Σαπὼρην,
1493 5203 1587 5255 ἐπὶ
1620 5202 1885 5273 μεγάλαις
1913 5201 2004 5254 δό-

426 5306 544 5341 σεσι
594 5292 683 5344 τὸν
730 5290 964 5361 πόλεμον
1010 5292 1316 5347 καταλῦσαι
1361 5293 1702 5365 βουλόμενος.
1741 5294 1800 5347 '0
1838 5294 1894 5347 δὲ
1934 5294 2005 5347 τά

422 5395 483 5432 τε
523 5379 653 5449 περὶ
686 5379 780 5433 τοῦ
806 5380 967 5452 λιμοῦ
996 5382 1205 5452 μαθὼν,
1244 5386 1313 5454 τῇ
1360 5401 1420 5437 τε
1458 5384 1807 5454 παρακλήσει
1836 5382 2001 5435 Βαλε-

2185 4925 2295 4994 29
2336 4925 2385 4978 l.
2425 4924 2513 4995 (A.
2550 4923 2613 4979 C.
2654 4923 2779 4991 260,
2822 4925 3001 4980 Valer.
3040 4925 3119 4995 8.)
3154 4923 3492 4990 Valerianus,
3555 4937 3622 4977 ne
3655 4938 3682 4976 a

2108 5009 2293 5066 Persis
2334 5020 2737 5080 oppugnaretur
2790 5012 2984 5069 timens
3018 5013 3183 5084 (fame
3212 5013 3357 5066 enim
3389 5012 3510 5082 ejus
3537 5029 3688 5068 exer-

2108 5104 2249 5160 citus
2276 5102 2647 5171 laborabat,fet
2675 5104 2907 5160 maxime
2930 5106 3229 5175 Maurusii),
3260 5106 3531 5177 ingentem
3566 5109 3683 5162 auri

2107 5195 2212 5250 vim
2254 5194 2622 5259 accumulans,
2657 5196 2798 5250 misit
2828 5197 3033 5267 legatos
3075 5198 3140 5253 ad
3180 5198 3461 5267 Saporem,
3489 5208 3543 5254 et
3568 5215 3683 5253 ma-

2108 5288 2227 5358 gnis
2263 5287 2638 5357 largitionibus
2666 5288 2862 5343 bellum
2906 5290 3113 5345 solvere
3145 5291 3331 5346 voluit.
3370 5292 3475 5346 Sed
3511 5291 3685 5361 Sapo-

2110 5397 2197 5437 res
2239 5382 2432 5451 inepiaa
2476 5381 2839 5437 Romanorum
2893 5384 3034 5438 baud
3078 5383 3300 5452 ignarus
3336 5394 3392 5441 et
3433 5384 3682 5455 precibus

1718 5497 1947 5553 VARI/8
1987 5497 2397 5556 LECTIONES.

511 5592 555 5623 ³⁰
588 5592 752 5664 ἔχειν.
788 5592 1013 5665 πολέμῳ
1047 5592 1145 5665 μὲν
1172 5591 1297 5665 ἔφη,
1326 5590 1437 5665 en
1493 5589 1809 5665 ﬁeissonad.
1847 5591 2059 5663 Eunap.
2089 5609 2127 5659 ι,
2156 5608 2210 5663 p.
2240 5593 2367 5661 459,
2396 5624 2466 5634 —
2497 5593 2641 5665 ἔχειν
2701 5591 2863 5647 αὐτὸν
2891 5572 3293 5659 αι’χμαλώτους.
3326 5590 3421 5645 καὶ
3473 5589 3679 5654 ἐκεῖνος

427 5660 760 5735 ἀπεκρίνατο
788 5660 1010 5726 τούτους
1036 5660 1180 5733 ἔχειν
1212 5660 1451 5731 πολέμῳ,
1486 5660 1599 5715 ἀλλ’
1631 5660 1695 5715 Ν.
