4010 6210
373 218 482 281 ϐἷῦ

1356 212 1763 272 ΕΧΕΕΗΡΤΛ
1803 212 1904 272 EX
1935 211 2181 272 PETRO
2222 210 2583 272 PATRICIO

3534 201 3634 268 (3'26

379 327 655 383 Valeriani
690 337 887 392 matus,
918 326 1125 393 legatos
1151 321 1394 387 distinet,
1429 321 1623 375 deinde
1673 334 1733 376 re
1764 319 1958 374 infecta

2071 321 2250 391 ριανοῡ
2306 321 2467 374 πλέον
2509 320 2803 392 ἐπαρθεὶς,
2850 319 2973 381 τοὺς
3033 315 3295 387 τρέσϐεις
3362 316 3622 385 παρελκό-

381 423 627 487 dimitt‘it,
658 433 860 488 eosque
883 414 1250 483 subsequitur.

451 604 507 656 2.
536 600 622 672 (Α.
644 595 858 661 (2.261,
890 594 1030 650 Gali.
1063 593 1142 663 9.)
1170 591 1491 648 Odenatltus
1525 592 1804 660 Saporem,
1832 598 1961 645 tan-

381 708 540 765 quam
577 692 732 760 longe
761 688 1023 743 Romanis
1043 685 1496 756 praestantiorem,
1527 683 1757 737 multum
1792 682 1959 737 coluit

380 798 434 841 et
475 780 808 844 observavit,
840 788 894 834 et
927 780 1153 846 cupiens
1197 790 1320 830 eum
1353 775 1454 830 sibi
1483 773 1791 838 devincere,
1824 774 1961 826 dona

381 875 667 944 magniiica
692 870 916 927 camelis
958 869 1243 936 imponens
1273 879 1457 920 earum
1499 876 1703 930 rerum,
1733 877 1961 933 quarum

379 966 561 1021 Persis
610 980 713 1019 non
753 972 871 1017 erat
910 960 1086 1024 ferax,
1132 957 1202 1013 ad
1231 971 1353 1012 eum
1388 956 1555 1010 mittit
1587 968 1710 1008 cum
1744 953 1963 1018 litteris,

381 1059 578 1128 quibus
604 1070 726 1110 cum
762 1053 944 1107 multis
986 1052 1240 1121 precibus
1272 1063 1332 1103 se
1379 1046 1513 1101 nihil
1557 1059 1792 1114 unquam
1830 1058 1964 1098 con-

385 1150 612 1204 trarium
639 1146 926 1200 Persarum
958 1142 1257 1197 rationibus
1312 1139 1502 1194 fecisse
1540 1136 1859 1193 testabatur.
1894 1135 1966 1189 At

402 1240 493 1293 ille
512 1239 676 1305 jussit
706 1250 892 1290 servos
919 1247 1063 1297 suos,
1099 1241 1381 1301 postquam
1413 1228 1746 1298 recepissent
1772 1240 1964 1280 mune-

384 1345 469 1395 ra,
498 1345 560 1384 ea
595 1330 649 1383 in
676 1328 985 1398 proximum
1008 1325 1259 1379 liuentem
1287 1321 1575 1392 projicere,
1601 1332 1654 1375 et
1680 1319 1793 1387 ejus
1818 1318 1964 1372 litte-

384 1435 474 1475 ras
492 1420 756 1473 laceratas
784 1412 1010 1484 pedibus
1029 1411 1373 1468 conculcare.
1400 1410 1525 1465 Haec
1548 1422 1761 1478 quoque
1792 1406 1966 1477 palam

384 1510 613 1581 pratulit
643 1526 656 1563 :
688 1527 707 1559 ‹
748 1506 881 1573 Quis
903 1513 959 1560 et
989 1504 1128 1558 unde
1162 1502 1266 1555 iste
1304 1507 1406 1566 est,
1427 1499 1520 1568 qui
1547 1512 1613 1553 eo
1644 1496 1968 1551 temeritatis

385 1604 623 1664 devenit,
647 1611 704 1653 ut
722 1596 997 1652 audeatad
1029 1608 1188 1648 suum
1221 1591 1501 1647 dominum
1531 1588 1789 1645 scribere.
1815 1586 1967 1642 Nunc

2061 429 2160 475 σας
2183 411 2252 477 ³⁸,
2284 412 2602 483 ἀπράκτους
2656 411 2853 474 αὐτοὺς
2901 409 3201 473 ἀπολύσας,
3234 407 3393 470 εὐθὺς
3433 410 3627 479 ἐπηκοσ

2058 504 2341 574 λούθησεν.

2133 598 2198 665 β’.
2235 596 2360 647 Ὅτι
2400 592 2683 656 Ὁδέναθος
2712 593 2791 660 (8)
2809 592 2858 625 ⁸⁸
2880 593 2972 645 τὸν
2994 590 3264 661 Sami:an
3284 591 3417 645 πολῦ
3440 589 3638 661 ἑθερά-

2060 702 2228 739 πευεν
2256 678 2331 750 ὥς
2360 684 2779 755 ὑπερϐεϐηκότα
2809 684 2951 737 κατά
2989 683 3124 736 πολὺ
3146 683 3275 746 τοὺς
3310 683 3639 751 Ῥωμαίους.

2060 777 2393 847 Βουλόμενος
2437 775 2497 829 δὲ
2556 775 2716 828 αὐτὸν
2769 773 3178 843 ὑπαγαγέσθαι,
3240 773 3447 843 πέμπει
3488 772 3641 842 δῶρα

2066 868 2458 939 μεγαλοπρεπῆ
2504 867 2602 920 καὶ
2634 865 2772 921 ἀλλα
2812 864 3094 933 ἀγώγιμα,
3124 861 3200 917 ὧν
3241 864 3274 935 ὴ
3309 865 3511 934 Περσὶς
3539 864 3640 916 οὐκ

2059 953 2128 1030 ἦν
2157 957 2409 1027 εὔφορος,
2441 957 2708 1028 καμήλοις
2747 955 2974 1013 ἐπιθείς.
3016 955 3125 1007 Καὶ
3165 956 3470 1025 γράμματα
3501 955 3635 1022 πέμ⁶

2064 1068 2156 1103 πει
2185 1052 2422 1119 δεήσεως
2450 1048 2680 1118 δύναμιν
2731 1048 2946 1117 ἔχοντα,
2976 1047 3069 1100 καὶ
3104 1044 3184 1099 ὅτι
3222 1047 3377 1099 οὐδὲν
3400 1047 3640 1117 Πέρσαις

2064 1142 2389 1196 ὑπεναντίον
2444 1140 2606 1203 αὐτὸς
2653 1141 2971 1211 είργάσατο.
3041 1140 3102 1193 '0
3152 1139 3210 1192 δὲ
3255 1139 3381 1201 τοὺς
3420 1139 3640 1202 οίκέτας

2071 1235 2348 1289 ύπέτασσε
2380 1231 2709 1303 δεξαμένους
2732 1233 2801 1285 τὰ
2841 1231 2989 1302 δῶρα
3017 1230 3229 1301 ῥίπτειν
3249 1233 3328 1292 είς
3350 1229 3440 1283 τὸν
3469 1247 3639 1283 ποτα-

2066 1325 2194 1394 μὸν,
2235 1323 2332 1375 καὶ
2384 1323 2482 1384 τὰς
2533 1321 2822 1384 ἐπιστολὰς
2849 1320 3149 1393 διαρρήξας
3197 1320 3504 1388 συνέτριψε,
3543 1320 3640 1371 καὶ

2066 1414 2300 1485 ἐδήλωσε
2330 1430 2346 1446 ο
2384 1431 2401 1465 t
2437 1412 2534 1477 Τίς
2576 1411 2653 1466 ὢν
2702 1415 2799 1466 καί¹
2831 1413 2997 1466 πόθεν
3032 1410 3296 1480 ἐτόλμησε
3355 1410 3492 1479 πρὸς
3546 1410 3640 1462 τὸν

2064 1507 2263 1558 οἰκεῖον
2292 1504 2560 1569 δεσπότην
2585 1503 2796 1575 γράψαι
2821 1519 2837 1570 ;
2894 1503 2990 1555 καὶ
3035 1501 3130 1555 νῦν
3155 1503 3204 1554 εί
3236 1500 3482 1571 βούλεται
3512 1500 3639 1553 ἐλα-

2068 1597 2338 1666 φροτέρας
2369 1595 2646 1659 κολάσεως
2675 1597 2878 1665 τυχεῖν,
2907 1593 3092 1663 ὀπίσω¹
3129 1592 3228 1657 τὰς
3257 1594 3445 1662 χεῖρας
3472 1591 3642 1661 δήσας

384 1694 431 1749 si
450 1693 578 1747 velit
601 1690 785 1745 leviori
807 1700 964 1757 poena
994 1686 1153 1752 aﬂiei,
1182 1683 1430 1739 manibus
1453 1697 1484 1736 a
1509 1691 1661 1752 tergo
1682 1679 1961 1744 revinctis,

2071 1687 2444 1759 προσπεσέτω.
2495 1688 2560 1741 Ei
2616 1687 2673 1740 δὲ
2707 1686 2809 1758 μὴ,
2850 1688 2986 1740 ἴστω
3014 1683 3090 1749 ὡς
3118 1687 3210 1738 καὶ
3236 1685 3397 1737 αὐτὸν
3428 1685 3524 1737 καὶ
3579 1685 3641 1737 τὸ

382 1789 692 1854 prosternat
715 1790 773 1834 se
796 1786 921 1832 ante
948 1790 1052 1831 me.
1081 1775 1138 1830 Si
1164 1789 1269 1829 non
1320 1772 1507 1839 faciat,
1536 1773 1673 1827 sciat
1702 1786 1787 1826 me
1809 1770 1957 1825 illum

383 1882 439 1929 et
462 1887 622 1929 omne
669 1871 785 1941 ejus
815 1882 985 1938 genus
1011 1866 1345 1935 perditurum
1376 1873 1431 1918 et
1474 1862 1887 1918 exstincturum.
1935 1878 1955 1913 ι

453 1964 508 2019 5.
542 1962 629 2033 (Δ.
662 1961 724 2016 C.
756 1959 927 2015 Diocl.
958 1958 1073 2029 Η.)
1102 1956 1351 2012 Galerius
1386 1964 1442 2010 et
1473 1954 1834 2010 Diocletianus
1864 1953 1961 2008 Ni-

383 2057 487 2113 sibi
519 2062 909 2111 convcnerunt.
932 2052 1006 2106 lbi
1034 2050 1432 2105 communicato
1457 2048 1707 2113 consilio,
1741 2046 1962 2102 mittunt

382 2150 616 2219 legatum
644 2146 699 2201 in
741 2144 1013 2199 Persidem
1065 2140 1332 2196 Sicorium
1362 2140 1617 2205 Probum,
1648 2135 1961 2211 magistrum

384 2240 678 2295 memoriae.
735 2236 888 2293 Hune
934 2233 1206 2299 Narsaens,
1263 2233 1387 2304 quia
1433 2247 1500 2288 ex
1552 2232 1658 2297 bis,
1704 2246 1824 2301 qum
1861 2228 1962 2286 sibi

384 2333 629 2387 nuntiata
693 2329 933 2395 fuerant,
980 2343 1127 2398 spem
1178 2338 1238 2382 se
1297 2330 1482 2395 Optata
1547 2332 1961 2379 consecuturum

383 2428 730 2493 cenceperat,
783 2422 1011 2491 benigne
1048 2429 1103 2474 et
1147 2418 1376 2472 comiter
1404 2415 1635 2482 excepit.
1683 2413 1855 2466 Antea
1884 2420 1963 2465 ta-

386 2525 509 2565 men
541 2509 735 2566 callide
787 2524 964 2564 moras
1012 2505 1291 2561 nectebat.
1332 2503 1464 2558 Cum
1511 2500 1658 2555 enim
1693 2507 1961 2569 speraret,

383 2615 444 2655 se
484 2601 690 2670 legatos
718 2598 878 2670 longo
911 2599 1104 2652 itinere
1130 2595 1303 2650 fessos
1340 2590 1555 2646 facilius
1579 2590 1681 2645 sibi
1708 2589 1963 2645 concilia-

385 2703 566 2746 turum
593 2704 738 2755 esse,
783 2704 847 2743 eo
880 2701 1050 2756 usque
1092 2685 1385 2751 Sicorium,
1421 2683 1511 2752 qui
1545 2682 1756 2738 consilii
1798 2679 1964 2752 ipsius

385 2795 492 2834 non
533 2780 751 2851 ignarus
784 2785 921 2842 erat,
964 2776 1109 2831 circa
1145 2774 1473 2845 Asprudum,
1503 2772 1693 2828 Mediae
1718 2771 1962 2837 ﬂuvium,

386 2871 638 2937 detinuit,
671 2871 845 2925 donec
883 2869 1101 2935 milites,
1128 2869 1219 2938 qui
1258 2866 1345 2922 hic
1376 2866 1487 2921 iilic
1513 2881 1610 2937 per
1639 2866 1836 2922 bellum
1881 2865 1965 2919 di-

385 2962 558 3030 spersi
587 2960 884 3032 erant,3o
897 2960 1296 3015 convenissent.
1317 2957 1453 3013 Tum
1477 2959 1532 3013 in
1560 2957 1802 3013 interiori
1834 2970 1965 3012 eon-

2066 1778 2223 1849 γένος
2248 1780 2342 1832 καὶ
2370 1778 2468 1850 τὴν
2501 1776 2736 1850 πατρίδα
2765 1776 2969 1834 ἀπολῶ.
2999 1794 3021 1829 ι

2138 1956 2209 2027 γ’.
2237 1957 2362 2011 Ὅτι
2409 1955 2666 2028 Γαλέριος
2709 1957 2805 2010 καὶ
2863 1955 3250 2027 Διοκλητιανδς
3299 1956 3381 2020 είς
3423 1952 3643 2009 Νίσιϐιν

2070 2049 2352 2122 συνῆλθον,
2388 2050 2521 2105 ἔνθα
2551 2053 2702 2121 κοινῇ
2727 2050 3153 2121 βουλευσάμενοι
3205 2050 3514 2104 στέλλουσιν
3563 2053 3643 2115 εἰς

2070 2140 2306 2212 Περσίδα
2320 2140 2663 2211 πρεσϐευτὴν
2681 2140 2924 2211 Σικόριον
2949 2140 3158 2211 Πρόϐον
3181 2142 3521 2211 ἀντιγραφὼι
3544 2141 3646 2209 τῆς

2073 2236 2311 2306 μνήμης.
2340 2232 2541 2287 Τοῦτον
2587 2237 2615 2287 ὁ
2656 2234 2934 2305 Ναρσαίος
2958 2235 3025 2303 τῇ
3051 2233 3159 2286 τῶν
3195 2232 3643 2302 ἑπαγγελθέντων

2068 2326 2243 2379 ἐλπίδι
2267 2324 2605 2396 φιλοφρόνως
2658 2324 2898 2390 ἐδέξατο.
2933 2324 3145 2395 Χρῆται
3174 2324 3240 2394 δὲγ
3257 2326 3349 2378 καί
3373 2341 3480 2377 τινι
3507 2327 3642 2378 ἁνα-

2067 2417 2200 2486 ϐολῇ
2252 2418 2281 2469 ό
2337 2415 2633 2486 Ναρσαίος.
2673 2414 2766 2479 Ὠς
2816 2414 2927 2484 γὰρ
2966 2414 3291 2484 βουλόμενος
3328 2413 3486 2483 δῆθεν
3516 2416 3644 2477 τοὺς

2070 2510 2200 2579 περὶ
2224 2508 2473 2578 Σικόριον
2507 2506 2791 2577 πρέσϐεις,
2822 2502 2911 2560 οἶα
2937 2506 3002 2578 δὴ
3038 2507 3481 2577 κεκοπωμένους,
3513 2508 3645 2560 ἀνα-

2071 2599 2411 2669 κτήσασθαι,
2465 2598 2628 2669 μέχρι
2679 2596 2933 2652 τοσοῦτον
2993 2599 3124 2668 περὶ
3167 2598 3260 2652 τὸν
3322 2598 3642 2670 ’Δσπροῦδιν

2070 2689 2316 2759 ποταμὸν
2353 2688 2453 2757 τῆς
2503 2687 2756 2759 Μηδικῆς
2808 2687 2899 2742 τὸν
2960 2687 3209 2757 Σικόριον
3255 2685 3641 2756 παρείλκυσεν,

2071 2781 2174 2834 οὐκ
2223 2779 2522 2849 ἀγνοοῦντα
2553 2780 2599 2812 ³³
2628 2779 2813 2850 μέντοι
2847 2778 2908 2832 τὸ
2959 2778 3265 2850 γινόμενον.
3300 2778 3404 2841 ἕως
3438 2778 3489 2831 ei
3516 2777 3643 2849 τῇδε

2072 2872 2295 2925 κάκεῖσε
2333 2870 2423 2925 διὰ
2472 2869 2564 2924 τὸν
2611 2869 2849 2940 πόλεμον
2887 2868 3307 2941 σκορπισθὲντες
3348 2867 3642 2937 συνελέγη-

2079 2977 2199 3016 σαν.
2252 2959 2365 3014 Καὶ
2413 2957 2722 3032 τηνικαῦτα
2768 2961 2827 3012 ὲν
2881 2959 2997 3022 τοῖς
3046 2957 3311 3028 ἐνδοτέρω
3336 2957 3445 3011 τῶν
3488 2957 3645 3028 βασι-

384 3053 521 3108 clavi
565 3053 707 3122 regis
736 3055 1025 3116 admissus,
1061 3048 1285 3119 reliquis
1313 3050 1564 3107 omnibus
1599 3048 1750 3104 abire
1779 3049 1964 3120 jussis,

2080 3050 2239 3106 λείων
2272 3049 2318 3083 ⁸⁸
2346 3051 2556 3111 πάντας
2576 3050 2703 3114 τοὺς
2725 3049 2919 3113 ἄλλους
2953 3048 3215 3122 χωρίσας,
3241 3052 3336 3102 καὶ
3355 3049 3645 3119 ἀρκεσθεὶς

383 3153 669 3200 contentus
696 3143 984 3215 praesentia
1002 3141 1306 3214 Appbarbaa
1332 3151 1386 3196 et
1414 3140 1706 3211 Arcbapeti
1738 3149 1795 3196 et
1838 3140 1971 3194 Baro

384 3236 621 3300 saborsi,
659 3249 888 3306 quorum
908 3234 1045 3289 alter
1065 3244 1181 3289 erat
1213 3232 1500 3305 prrel'ectus
1523 3234 1800 3302 praetorio,
1827 3232 1969 3288 alter

386 3329 558 3384 Samii
600 3329 917 3400 dignitatem
949 3327 1248 3387 Obtinebat,
1277 3325 1440 3394 jussit
1482 3322 1661 3379 Probo
1695 3340 1847 3379 suam
1888 3325 1965 3381 ie-

382 3420 654 3489 gationem
679 3416 906 3472 referre.
933 3416 1101 3470 Erant
1120 3426 1297 3468 antem
1322 3414 1498 3484 capita
1515 3414 1803 3485 legationis
1829 3417 1964 3481 INBC,

385 3520 445 3565 ut
497 3507 725 3564 Rontani
766 3509 820 3562 in
849 3506 1072 3563 Oriente
1114 3506 1374 3562 baberent
1419 3505 1679 3562 lntilenen
1709 3522 1831 3562 cum
1868 3507 1968 3563 So-

383 3598 588 3668 phene,
633 3596 952 3652 Arzanenen
998 3610 1119 3650 eum
1153 3595 1434 3653 Carduene
1466 3606 1522 3653 et
1549 3596 1875 3661 Zabdicene,
1913 3607 1968 3651 et

385 3686 567 3759 Tigris
618 3685 812 3743 ﬂuvius
841 3689 1125 3757 utriusque
1174 3688 1388 3757 imperii
1441 3689 1599 3746 limes
1646 3700 1794 3745 esset
1836 3706 1851 3744 :
1907 3699 1967 3744 ut

384 3777 578 3834 Zintha
631 3777 932 3845 castellum,
962 3779 1015 3833 in
1044 3780 1294 3837 conﬁniis
1335 3779 1525 3837 Media:
1552 3782 1739 3847 situm,
1770 3782 1964 3837 Arme-

384 3871 531 3925 niam
578 3870 928 3939 terminaret,
990 3887 1084 3929 rex
1130 3873 1316 3945 lberia:
1359 3874 1510 3947 regni
1543 3875 1625 3931 sui
1671 3876 1897 3947 insignia
1934 3890 1964 3930 a

384 3960 644 4017 Romanis
695 3973 917 4033 accepta
949 3964 1280 4035 susciperet;
1323 3967 1769 4022 commerciorum
1813 3966 1966 4020 locus

383 4054 583 4109 Nisibis
625 4066 791 4121 esset,
840 4057 908 4110 ad
939 4055 1143 4126 Tigrim
1177 4072 1394 4111 amnem
1425 4059 1549 4114 sita.
1576 4058 1708 4125 Quae
1742 4057 1833 4112 ubi
1868 4073 1965 4111 au-

382 4142 517 4198 divit
545 4142 817 4211 Narseus,
844 4148 1302 4217 quandoquidem,
1335 4163 1454 4216 quae
1485 4157 1605 4202 erat
1651 4150 1768 4217 ejus
1791 4147 1965 4203 fortu-

384 4253 475 4300 na.
522 4239 658 4293 nihil
719 4240 1019 4309 quidquam
1071 4254 1259 4294 eorum
1312 4240 1511 4295 licebat
1559 4240 1632 4295 illi
1673 4241 1962 4312 denegare,

2067 3146 2137 3214 τῇ
2172 3144 2445 3216 παρουσίᾳ
2486 3142 2778 3214 ’Δφφάρϐα
2798 3142 2893 3196 καὶ
2935 3142 3273 3213 ’Δρχαπέτον
3300 3141 3396 3195 καὶ
3428 3140 3644 3212 Βαρσα-

2069 3235 2305 3310 ϐώρσου,
2328 3230 2404 3291 ὧν
2434 3237 2463 3289 ό
2505 3237 2604 3307 μὲν
2631 3235 2818 3304 ἕτερος
2872 3233 3120 3306 ὕπαρχος
3161 3229 3232 3305 ἦν
3261 3233 3641 3306 πραιτωρίων,

2067 3327 2097 3379 ό
2141 3328 2198 3380 δὲ
2255 3328 2444 3398 ἕτερος
2495 3326 2594 3398 τὴν
2623 3326 2717 3379 τοῦ
2739 3324 2945 3396 Συμίου
2974 3320 3121 3397 εἶχεν
3147 3325 3342 3397 ἀρχὴν,
3374 3324 3643 3397 ἐπέτρεψε

2067 3417 2146 3489 τῷ
2172 3417 2369 3488 Πρόϐῳ
2393 3416 2492 3488 τὴν
2524 3415 2820 3488 πρεσϐείαν
2844 3415 3123 3481 διεξιέναι.
3157 3411 3265 3470 Ἦν
3298 3416 3356 3471 δὲ
3383 3416 3451 3470 τὰ
3474 3418 3647 3485 κεφά-

2066 3509 2193 3562 λαια
2225 3512 2326 3580 τῆς
2355 3508 2653 3580 πρεσϐείας
2676 3507 2873 3576 ταῦτα,
2903 3507 3042 3562 ὥστε
3071 3509 3212 3562 κατά
3237 3508 3299 3562 τὸ
3325 3509 3646 3562 ἀνατολικὸν

2068 3599 2240 3670 κλίμα
2277 3599 2377 3671 τὴν
2433 3599 2742 3671 ἰντηληνὴν
2779 3598 2920 3670 μετά
2958 3597 3207 3670 Σοφηνῆς
3242 3601 3336 3654 καὶ
3374 3598 3643 3670 Ἀρζανη·

2066 3692 2165 3763 νὴν
2194 3690 2238 3725 ³⁸
2266 3692 2407 3762 μετά
2433 3691 2799 3762 Καρδουηνῶν
2827 3693 2921 3745 καὶ
2947 3691 3288 3761 Ζαϐδικηνῆς
3340 3690 3645 3761 Ῥωμαίους

2067 3781 2232 3853 ἔχειν,
2275 3783 2373 3837 καὶ
2409 3782 2500 3836 τὸν
2548 3780 2743 3853 Τίγριν
2777 3781 3023 3853 ποταμὸν
3062 3783 3328 3853 ἑκατέρας
3367 3784 3646 3846 πολιτείας

2066 3873 2342 3945 ὁροθέσιον
2375 3864 2539 3939 εἶναι,
2604 3873 2898 3944 Ἀρμενίαν
2925 3868 2983 3927 ϐξ
3013 3856 3181 3928 Ζίνθα
3224 3872 3284 3927 τὸ
3320 3871 3555 3945 κάστρον
3586 3876 3645 3927 ὲν

2069 3961 2308 4034 μεθορίῳ
2344 3964 2446 4035 τῆς
2478 3962 2733 4035 Μηδικῆς
2752 3966 3003 4036 κείμενον
3033 3965 3258 4038 ὁρίζειν,
3287 3966 3380 4019 τὸν
3401 3966 3459 4019 δὲ
3504 3966 3646 4036 16n-

2068 4054 2189 4125 ρίας
2247 4054 2476 4125 βασιλέα
2537 4055 2636 4125 τῆς
2684 4056 2896 4119 οἰκείας
2956 4056 3235 4124 βασιλείας
3277 4058 3348 4111 τά
3380 4057 3647 4129 ,σύμϐολα

2079 4143 2371 4215 Ῥωμαίοις
2395 4146 2654 4217 ὀφείλειν,
2680 4142 2821 4199 εἶναι
2850 4147 2906 4200 δὲ
2943 4148 3106 4202 τόπον
3131 4148 3238 4202 τῶν
3271 4148 3648 4219 συναλλαγμά-

2065 4251 2176 4289 των
2219 4236 2438 4290 Νίσιϐιν
2492 4236 2591 4310 τὴν
2628 4237 2783 4292 πόλιν
2829 4242 3244 4311 παρακειμένην
3288 4240 3366 4310 τῷ
3411 4240 3646 4311 Τίγριδι.

384 4331 660 4387 consensit
698 4338 753 4386 et
782 4331 1119 4402 approbavit,
1162 4340 1520 4402 prmtcrquam
1553 4333 1718 4402 quod,
1755 4348 1825 4388 ne
1858 4334 1963 4388 ista

2071 4322 2288 4381 Τούτων
2335 4329 2365 4381 ό
2414 4328 2693 4399 Ναρσαῖος
2732 4330 2998 4397 ἀκούσας,
3052 4332 3242 4403 ἐπειδὴ
3300 4333 3438 4402 πρὸς
3482 4332 3651 4402 μηδὲν

383 4421 565 4475 omnia
591 4420 869 4476 videretur
907 4422 1232 4477 necessitate
1263 4433 1485 4477 coactus
1530 4419 1729 4488 facere,
1766 4423 1969 4480 solum-

387 4513 545 4567 modo
592 4513 804 4579 abnuit,
843 4513 1295 4570 commerciorum
1332 4513 1513 4571 locum
1555 4529 1678 4571 esse
1720 4515 1966 4572 Nisibim.

322 4642 339 4651 μ
385 4604 492 4659 Sed
539 4604 781 4659 Sicorius
811 4605 914 4660 hoc
941 4620 1157 4676 quoque
1202 4606 1270 4661 ab
1306 4606 1398 4662 illo
1424 4606 1827 4664 concedendum
1849 4622 1972 4664 esse

384 4695 570 4760 dixit;
624 4709 799 4764 neque
848 4696 992 4751 enim
1043 4697 1250 4766 legatos
1297 4697 1471 4753 libera
1521 4700 1843 4754 auctoritate
1887 4700 1971 4753 in-

384 4797 619 4843 structos
653 4802 794 4851 esse,
822 4803 997 4859 neque
1025 4789 1382 4859 imperatores
1414 4790 1707 4862 quidquam
1768 4794 1834 4846 de
1868 4793 1977 4847 liae

385 4891 445 4933 re
493 4877 835 4949 praecepisse.
896 4877 993 4936 His
1040 4880 1203 4950 igitur
1257 4880 1657 4939 conditionibus
1705 4885 1966 4955 acceptis,

384 4966 604 5024 Νετεωο
630 4970 891 5025 restituta:
933 4979 1061 5027 sunt
1088 4972 1208 5040 ejus
1250 4980 1446 5027 uxores
1471 4982 1526 5026 et
1566 4971 1745 5039 liberi,
1784 4973 1964 5028 debita

383 5074 509 5131 erga
532 5061 651 5117 illas
684 5062 1042 5133 temperantia
1060 5078 1181 5120 cum
1204 5078 1413 5120 summa
1446 5066 1832 5135 imperatorum
1864 5062 1965 5117 title

383 5155 694 5212 observata.

2071 4420 2277 4476 τούτων
2305 4423 2338 4493 ἡ
2365 4422 2616 4493 παροῦσα
2643 4423 2782 4496 τύχη
2812 4425 3095 4496 ἀρνεῖσθαι
3138 4424 3303 4479 αὐτὸν
3331 4423 3647 4494 συνεχώρει,

2073 4513 2326 4566 συνέθετο
2365 4514 2576 4578 τούτοις
2629 4516 2801 4570 ἅπασι
2823 4535 2836 4547 ·
2863 4516 3002 4588 πλὴν
3029 4516 3116 4569 ἴνα
3168 4518 3244 4586 μὴ
3279 4514 3405 4585 δόξῃ
3435 4517 3652 4585 ἀνάγκη

2072 4605 2255 4661 πάντα
2302 4610 2500 4672 ποιεῖν,
2559 4607 2889 4679 διηρνήσατο
2935 4610 3096 4678 μόνον
3144 4608 3207 4661 τὸ
3292 4606 3458 4660 τόπον
3512 4603 3651 4659 εἶναι

2073 4695 2183 4754 τῶν
2231 4696 2694 4768 συναλλαγμάτων
2738 4697 2835 4768 τὴν
2866 4697 3101 4752 Νίσιϐιν.
3153 4696 3212 4751 Ὀ
3255 4697 3314 4749 δὲ
3363 4696 3648 4766 Σικόριοςο

2082 4811 2099 4842 ι
2139 4791 2527 4846 Ἐνδεδωκέναι
2582 4791 2688 4864 χρὴ
2725 4791 2861 4863 πρὸς
2922 4790 3101 4846 τοῦτο.
3155 4789 3294 4846 Οὔτε
3324 4791 3432 4861 γάρ
3479 4790 3643 4843 αύτο-

2076 4884 2301 4955 κράτωρ
2322 4884 2355 4954 ἡ
2376 4880 2421 4917 ³⁸
2438 4883 2725 4949 πρεσϐεία,
2755 4883 2849 4937 καὶ
2874 4884 3002 4954 περὶ
3038 4883 3234 4936 τούτου
3264 4885 3329 4936 ὲκ
3346 4880 3457 4934 τῶν
3491 4880 3655 4933 αύτο-

2075 4975 2360 5046 κρατόρων
2420 4973 2572 5029 οὐδὲν
2622 4974 3014 5045 ἐπετέτραπτο.
3054 4992 3073 5027 ι
3112 4972 3332 5027 Τούτων
3381 4966 3474 5027 οὖν
3526 4986 3649 5023 συνο

2073 5067 2360 5132 τεθέντων,
2406 5066 2747 5138 ἀπεδόθησαν
2798 5066 2876 5138 τῷ
2926 5066 3190 5140 Ναρσαίῳ
3220 5067 3281 5120 αἴ
3306 5081 3365 5120 τε
3417 5062 3657 5135 γαμεταὶ

2075 5159 2170 5214 καλ
2205 5160 2254 5212 οἱ
2312 5158 2522 5227 παῖδες,
2581 5160 2723 5231 μετά
2756 5159 3069 5231 φιλοτιμίας
3111 5158 3220 5214 τῶν
3256 5156 3522 5231 βασιλέων
3556 5155 3656 5224 τῆς

2080 5253 2438 5325 σωφροσύνης
2472 5253 2666 5317 αὑταῖς
2697 5253 2947 5326 καθαρᾶς
2974 5255 3018 5290 ³⁷
3056 5252 3446 5326 φυλαχθείσης.

1656 5352 1888 5413 VARUE
1930 5356 2334 5416 LECTIONES.

607 5547 653 5618 9⁵
679 5549 790 5618 τῶν
823 5547 1115 5618 βασιλείων

389 5549 532 5603 ulla.

432 5567 532 5617 mg.
607 5567 653 5581 ’ν
679 5567 790 5601 των
823 5567 1115 5618 μασιλειων
1138 5567 1228 5610 ιτ..
1262 5567 1340 5617 τῳ
1370 5567 1577 5616 Ρασυεξι
1606 5567 1748 5615 vutg.
1831 5567 1865 5577 -τ

432 5619 495 5671 1w
532 5617 674 5685 vulg.
758 5617 802 5651 ³⁸
836 5619 955 5671 οὔτε
988 5622 1095 5689 γὰρ
1126 5618 1490 5687 αὐτοκράτωρ
1543 5616 1573 5669 ἡ
1604 5614 1688 5668 Β..
1750 5616 1865 5667 trite

385 5619 495 5672 νῶν
532 5617 674 5685 vulg.

464 5480 506 5513 "
547 5475 899 5579 παρελκύσας
926 5476 1020 5541 Η..
1053 5475 1405 5579 παρξκύλσας
1434 5474 1583 5545 vulg.
1663 5474 1707 5505 ³³
1745 5474 2021 5538 Ὀδέναθος
2063 5473 2205 5538 γει..
2228 5477 2256 5529 ὁ
2305 5475 2534 5540 Δένατος
2560 5476 2705 5548 vulg.
2734 5476 2780 5508 ⁸³
2817 5476 3117 5546 ἀγνοοῦντα
3145 5477 3250 5544 CL,
3293 5480 3432 5549 ἔγνω
3459 5478 3553 5535 οὖν
3584 5478 3655 5534 τά

464 5549 512 5579 ι..
607 5550 629 5579 ι
679 5549 790 5579 -2...
823 5547 1115 5579 manu.-.“
1262 5546 1340 5579 -.τι
1370 5545 1579 5579 Amer”:
1605 5540 1728 5579 νηὶ..
1828 5546 1874 5577 u
1923 5544 2264 5579 ‘Anrnunsu‘nu
2294 5554 2343 5579 nl
2382 5545 2748 5579 καλλικρυειυ
2785 5542 2827 5579 Ν
2915 5547 3259 5579 Ἆρ’-..-ηιμ
3293 5561 3341 5579 Α.
3372 5548 3618 5579 νηυτλ..-

1137 5494 1405 5601 glaucoma;
1434 5494 1583 5545 vurg.
1663 5494 1707 5505 υ
1760 5494 2021 5538 υοεναυος
2073 5494 2205 5538 van.
2228 5494 2256 5529 ο
2305 5494 2534 5540 Δενατος
2560 5494 2705 5548 vmg.
2734 5494 2780 5508 "
2817 5494 3117 5546 αγνοουντα
3145 5494 3250 5544 LL,
3293 5494 3432 5549 εγνω
3459 5494 3553 5535 ουν
3584 5494 3655 5534 τα

1190 5587 1228 5610 .,
1262 5546 1340 5617 τῷ
1370 5545 1579 5616 βασιλεῖ
1605 5540 1748 5615 vulg.
1828 5546 1874 5577 "
1923 5544 2264 5617 ’Λρζανηνὴν
2294 5554 2349 5598 et
2381 5545 2748 5617 Καρδουηνῶν
2785 5542 2876 5606 Ν..
2915 5547 3259 5619 ’Δρζακηνὴν
3292 5561 3346 5606 ct
3372 5548 3656 5622 Καρδονη-

1137 5618 1490 5667 ιῦτοκοάτωο
1543 5616 1573 5667 ἡ
1604 5614 1688 5667 Β..
1750 5616 1865 5667 τότ·τ
1916 5615 2022 5667 vim
2078 5616 2442 5667 αὑτοκοάτοοι
2478 5616 2619 5667 vulg.
2729 5618 2772 5648 ³⁷
2798 5617 3063 5667 καθαραῖς
3095 5619 3238 5667 vnlg.

1916 5632 1946 5652 ν
1961 5631 2022 5683 πρ
2078 5632 2442 5686 αυτοκρατορι
2478 5631 2619 5685 vulg.

2729 5618 2772 5648 ³⁷
2798 5617 3063 5687 καθαραῖς
3095 5617 3238 5689 vnlg}
