4056 6210
419 223 540 309 τις

1395 232 1798 292 ‘EXCERPTA
1835 231 1941 290 'EX
1975 228 2250 290 PRISCO
2289 229 2650 290 RHETORE

3573 231 3684 306 (ηεξ)

433 356 646 414 dextris
690 365 746 410 et
773 354 931 410 dictis
969 348 1315 422 jurejurando
1347 345 1602 414 utrinque
1634 342 1877 413 prmstito
1921 344 2007 396 tir-

2111 341 2269 412 ἔργον
2295 341 2610 410 ὑπόσχεσιν.
2636 339 2838 404 Δεξιῶν
2864 355 2919 392 τε
2946 339 3040 391 καὶ
3065 339 3242 407 ὅρκων
3271 339 3362 392 ἐπὶ
3390 343 3500 403 τοῖς
3529 343 3686 412 εἰρη-

438 447 618 507 uiatis,
647 444 735 498 ille
769 458 888 497 cum
931 453 1120 506 magna
1169 435 1529 489 barbarorum
1564 433 1908 487 multitudine
1951 432 2005 485 in

434 539 570 593 fines
598 536 958 589 Romanorum
1002 539 1081 583 est
1127 541 1400 581 reversus.
1439 525 1571 579 Eam
1609 524 2005 579 multitudinem

433 605 555 681 cum
598 640 664 677 ex
702 624 926 677 adverso
961 620 1086 688 ripm
1119 618 1172 671 in
1213 617 1424 672 insidiis
1470 617 1811 680 collocasset,
1849 624 2008 670 nocte

430 717 560 770 dato
598 713 752 780 signo
777 709 999 772 exsiliit,
1025 718 1078 762 et
1108 708 1296 762 urbem
1330 708 1381 761 in
1415 723 1604 762 manus
1630 707 1864 761 hostium
1894 715 2004 759 trao

429 805 604 860 duxit.
649 802 717 858 Et
756 803 824 855 ab
870 815 936 855 eo
966 807 1208 868 tempore
1253 799 1610 853 Barbarorunr
1647 813 1734 854 res
1764 799 1815 851 iu
1861 797 2004 851 diem

432 893 706 946 auctiores
737 889 1092 956 melioresque
1123 887 1359 941 fuerunt.

497 982 552 1036 2.
595 981 704 1036 Sub
735 979 1040 1034 Theodosio
1088 978 1311 1032 Juuiore
1367 980 1717 1046 imperatore.
1787 978 2002 1041 Attilas,

431 1073 748 1126 lluunorum
780 1086 899 1136 rex,
936 1071 1206 1124 delectum
1241 1086 1303 1122 cx
1341 1070 1456 1122 suis
1487 1069 1764 1134 habuit,et
1798 1069 2004 1123 litteras

431 1169 496 1217 ad
523 1165 898 1232 imperatorem
928 1161 1145 1228 scripsit
1170 1161 1235 1214 de
1257 1159 1550 1228 transfugis
1577 1167 1632 1213 et
1653 1160 1720 1213 de
1756 1159 2000 1223 tributis,

437 1267 519 1322 ut,
553 1268 894 1325 quaecunque
946 1253 1240 1306 occasione
1272 1251 1434 1319 hujus
1467 1249 1590 1303 belli
1636 1249 1849 1303 reddita
1897 1265 2003 1304 non

439 1356 642 1410 rssent,
671 1359 834 1413 quam
872 1341 1134 1395 citissime
1163 1340 1229 1394 ad
1259 1354 1319 1393 se
1369 1340 1734 1403 mitterentur,
1787 1339 1853 1394 de
1909 1341 2006 1394 tri-

436 1437 579 1488 butis
609 1445 786 1489 autem
825 1433 877 1487 in
930 1441 1203 1501 posterqu
1255 1430 1551 1499 pendendis
1604 1429 1764 1498 legati
1815 1445 1997 1485 secum

435 1529 610 1580 acturi
638 1528 706 1580 ad
741 1540 798 1580 se
855 1525 1146 1578 venirent:
1205 1537 1328 1575 nam
1373 1522 1418 1576 si
1474 1531 1858 1576 cunctarentur
1913 1531 2005 1576 aut

440 1616 645 1672 bellum
679 1626 950 1686 pararent,
989 1629 1054 1668 ne
1075 1629 1133 1667 se
1179 1613 1352 1681 ipsum
1403 1611 1618 1680 quidem
1679 1613 2001 1684 Scytharum

2115 431 2298 500 μένοις
2323 430 2605 496 δοθέντων,
2658 430 2796 500 μετὰ
2849 429 3189 500 βαρϐαρικῆς
3228 430 3598 500 πολυπληθίας
3628 435 3688 495 ἐς

2109 524 2208 591 τὴν
2259 522 2574 594 Ῥωμαϊκὴν
2597 523 2843 576 ἐπάνεισι
2885 522 2929 554 ⁸⁸
2958 525 3082 593 γῆν,
3121 522 3217 576 καὶ
3247 521 3453 592 ταύτην
3485 523 3685 592 προλο-

2110 614 2266 683 χίσας
2286 613 2516 683 ἀντικρὺ
2559 613 2654 683 τῆς
2700 612 2866 684 ὄχθης
2891 613 3080 674 νυκτδς
3109 613 3446 684 διανίστησιν
3475 615 3538 667 ἐκ
3568 631 3690 668 συν-

2109 704 2376 774 θήματος,
2409 705 2502 758 καὶ
2533 705 2636 757 ὑπὸ
2694 709 2807 767 τοῖς
2847 705 3164 768 ἀντιπάλοις
3196 703 3293 775 τὴν
3339 704 3495 760 πόλιν
3520 708 3685 758 ποιεῖ.

2107 795 2421 867 Δῃωθείσης
2471 795 2528 848 δὲ
2573 796 2674 865 τῆς
2721 795 2952 866 Μάργου
3000 797 3093 848 τὸν
3112 796 3312 866 τρόπον
3355 797 3564 863 τοῦτον,
3593 799 3688 852 ἐπὶ

2112 885 2300 957 μεῖζον
2321 886 2532 956 ηὐξήθη
2556 887 2624 939 τὰ
2650 886 2760 940 τῶν
2787 885 3090 958 Βαρϐάρων
3122 887 3446 958 πράγματα.

2181 977 2248 1048 β’.
2282 978 2404 1030 Ὀτι
2443 978 2537 1030 ἐπὶ
2570 977 2852 1031 Θεοδοσίου
2887 976 2982 1030 τοῦ
3022 977 3236 1047 Μικροῦ
3273 977 3536 1047 βασιλέως
3564 980 3686 1033 Ἀτ-

2107 1069 2277 1139 τήλας
2302 1070 2330 1121 ὀ
2358 1069 2466 1121 τῶν
2507 1067 2725 1121 Οῦννων
2759 1068 3018 1138 βασιλεὺς
3060 1067 3152 1121 τὸν
3207 1071 3406 1124 οἰκεῖον
3454 1071 3687 1139 στρατδν

2106 1158 2332 1227 ἀγείρας
2354 1159 2660 1229 γράμματα
2689 1160 2899 1228 πέμπει
2941 1159 3096 1230 παρὰ
3116 1159 3209 1213 τὸν
3241 1159 3467 1230 βασιλέα
3493 1163 3598 1215 τῶν
3623 1182 3687 1217 τε

2109 1249 2361 1317 φυγάδων
2393 1250 2494 1303 καὶ
2521 1251 2630 1304 τῶν
2665 1251 2848 1320 φόρων
2887 1251 3036 1321 πέρι,
3072 1252 3186 1304 ὅσοι
3220 1253 3494 1323 προφάσει
3526 1254 3683 1308 τοῦδε

2107 1339 2197 1394 τοῦ
2234 1341 2469 1411 πολέμου
2530 1341 2632 1395 οὐκ
2672 1341 2933 1407 ἐδέδοντο,
2963 1341 3062 1412 τὴν
3099 1343 3360 1414 ταχίστην
3399 1346 3447 1397 οῖ
3472 1345 3687 1414 ἐκπέμ-

2109 1428 2307 1482 πεσθαι
2339 1430 2846 1501 παρακελευόμενος
2868 1444 2883 1458 ⁸
2932 1430 3234 1496 συντάξεως
3263 1433 3327 1504 δὴ
3365 1434 3528 1488 ἕνεκα
3557 1436 3690 1505 μέλ-

2105 1520 2291 1584 λοντος
2324 1521 2490 1593 φόρου
2548 1522 2683 1593 παρ’
2712 1521 2874 1576 αὐτὸν
2916 1523 3178 1592 πρέσϐεις
3209 1525 3334 1588 τοὺς
3365 1525 3686 1597 διαλεξομέ-

2105 1627 2228 1674 νους
2258 1611 2301 1644 ³⁸
2340 1612 2717 1680 ἀφικνεῖσθαι,
2773 1612 2870 1680 ὼς,
2934 1615 2983 1667 εί
3016 1614 3346 1684 μελλήσειαν
3379 1615 3423 1648 ⁸ο
3466 1617 3498 1688 ἢ
3547 1618 3690 1689 πρὸς

441 1709 835 1772 multitudinem
856 1706 1059 1761 diutius
1085 1711 1484 1760 contenturum.
1519 1703 1614 1760 llis
1635 1706 1829 1760 litteris
1851 1705 2005 1760 lectis

2111 1701 2346 1771 πόλεμον
2384 1704 2706 1775 ὁρμήσειαν,
2732 1705 2851 1758 οὐδὲ
2889 1706 3052 1760 αὑτὸν
3085 1706 3165 1761 ἑτι
3187 1707 3439 1763 ἐθέλοντα
3470 1709 3528 1764 τὸ
3550 1711 3691 1764 Σκυ-

441 1802 728 1866 imperator
765 1810 1102 1865 nequaquam
1155 1793 1414 1865 Scythas,
1459 1795 1553 1864 qui
1596 1795 1662 1849 ad
1703 1810 1761 1850 se
1813 1795 2005 1851 confu-

437 1891 666 1957 gissent,
699 1889 1024 1941 traditurum
1059 1887 1220 1951 dixit,
1250 1888 1345 1940 sed
1378 1900 1481 1938 una
1513 1900 1632 1940 cum
1659 1885 1767 1940 illis
1809 1886 1861 1940 iu
1892 1887 2007 1939 ani-

437 1996 527 2034 mo
551 1979 655 2035 sibi
676 1993 815 2044 esse,
846 1980 967 2034 belli
989 1986 1239 2034 eventum
1271 1985 1611 2044 exspectare.
1641 1976 1914 2031 Caeterum
1947 1991 2007 2032 se

409 2072 644 2140 .lrgalos
707 2071 1019 2136 missurum,
1065 2068 1157 2138 qni
1210 2068 1611 2124 controversias
1667 2069 2002 2125 dirimerent.

438 2161 512 2216 Ea
545 2160 705 2217 sicuti
741 2161 965 2215 Romani
1011 2163 1381 2223 decreverant,
1415 2159 1506 2214 ubi
1553 2158 1748 2214 Attilas
1786 2159 2008 2216 rescivit

439 2254 520 2306 ira
547 2263 851 2309 commotus
879 2250 1244 2307 Romanorum
1271 2250 1403 2305 fines
1431 2251 1690 2318 vastavit,
1719 2260 1775 2306 et
1808 2249 2005 2305 castel-

435 2344 504 2396 iis
535 2342 857 2411 quibusdam
884 2342 1098 2407 dirutis,
1119 2341 1171 2395 in
1209 2342 1506 2396 Ratiariam
1533 2343 1726 2397 urbem
1755 2357 2004 2412 magnam

434 2443 490 2485 et
513 2433 692 2503 pepuli
716 2432 1059 2488 multitudine
1082 2433 1446 2488 abundantem
1471 2432 1824 2502 irruptionem
1855 2432 2002 2488 fecit.

523 2606 579 2661 5.
607 2608 693 2676 (Α.
737 2607 797 2662 C.
819 2607 946 2672 457,
974 2607 1084 2662 ind.
1111 2606 1198 2673 15,
1233 2601 1440 2660 Theod.
1485 2605 1602 2675 40.)
1622 2606 1749 2660 Post
1771 2621 1993 2677 pugnam

447 2699 497 2752 iu
528 2697 866 2754 Chersoneso
895 2697 1501 2760 commissammomaui
1531 2712 1652 2752 cum
1677 2695 1884 2752 llunnis
1907 2713 2002 2766 pa-

440 2801 556 2839 rem
597 2801 690 2854 per
710 2788 1022 2841 Anatolium
1059 2785 1289 2855 legatum
1320 2785 1582 2850 fecerunt,
1613 2787 1734 2856 etjn
1758 2786 1855 2840 has
1875 2801 2006 2841 con-

438 2878 671 2932 ditioues
702 2887 1070 2932 convenerunt
1104 2895 1118 2930 :
1147 2876 1402 2947 profugos
1438 2875 1648 2932 llunnis
1677 2877 1848 2942 reddi,
1908 2893 1998 2932 sex

444 2969 615 3025 millia
648 2969 766 3024 auri
793 2969 1046 3024 librarum
1081 2985 1176 3040 pro
1197 2970 1490 3039 praateritis
1519 2970 1802 3039 stipendiis
1834 2969 2001 3034 solvi;

439 3063 545 3114 duo
573 3059 736 3115 millia
763 3069 817 3114 et
844 3069 1057 3115 centum
1086 3059 1139 3113 in
1166 3071 1448 3130 posterum
1475 3060 1698 3130 singulis
1723 3062 1880 3115 annis
1910 3061 2009 3115 tri-

439 3152 550 3205 huti
584 3152 800 3207 nomine
835 3153 1015 3221 pendi.
1066 3151 1170 3207 Pro
1202 3167 1528 3223 unoquoque
1563 3151 1774 3222 captivo
1814 3152 2009 3208 Roma-

441 3257 531 3310 no,
570 3243 750 3312 quiin
800 3243 1163 3298 Romanorum
1220 3244 1382 3309 fines,
1421 3259 1526 3298 non
1569 3247 1749 3300 so'uto
1795 3246 2010 3300 redem-

439 3337 637 3404 ptionis
681 3337 873 3405 pretio,
905 3335 1192 3402 evasisset,
1219 3338 1499 3393 duodecim
1527 3352 1820 3393 aureorum
1871 3339 2008 3392 mulo

439 3440 579 3482 ctam
607 3427 814 3482 inferri.
848 3427 978 3492 Qua:
1015 3427 1061 3482 si
1097 3443 1202 3481 non
1237 3427 1563 3494 solveretur,
1614 3431 1706 3498 qui
1737 3429 2009 3496 captivum

443 3519 762 3586 recepisset,
783 3517 1074 3571 restituere
1111 3522 1302 3572 teneri.
1338 3516 1613 3573 Romanos
1648 3519 1916 3574 neminem
1943 3535 2009 3574 ex

443 3607 696 3662 Barbaris
719 3609 785 3662 ad
802 3622 861 3662 se
882 3605 1278 3679 conlugieutem
1309 3611 1703 3676 admittere._lu
1742 3611 1840 3668 bas
1889 3614 2008 3682 qui-

440 3701 562 3755 dem
638 3698 906 3754 fuedcrum
964 3699 1108 3769 leges
1155 3701 1385 3756 Romani
1419 3714 1625 3772 ,sponte
1672 3704 2011 3760 consensisse

439 3791 608 3845 videri
642 3789 930 3846 volebant:
978 3791 1073 3846 sed
1107 3794 1442 3848 necessitate
1479 3793 1676 3856 coacti,
1721 3803 2011 3864 superante

443 3890 611 3942 metu,
648 3880 741 3949 qui
769 3878 1134 3935 Romanorum
1175 3882 1372 3943 ducum
1412 3893 1618 3937 mentes
1649 3892 2010 3952 occupaverat

418 3972 792 4040 ,quantumvis
821 3974 988 4028 duras
1013 3973 1301 4044 etiniqnas
1327 3974 1663 4030 conditiones
1687 3974 1789 4029 sibi
1837 3975 2008 4044 impo-

442 4060 575 4114 sitas
605 4075 814 4116 summo
840 4061 991 4130 pacis
1034 4061 1430 4131 consequenda:
1458 4063 1638 4117 studio
1667 4063 1811 4118 ducti
1839 4061 2011 4119 liben-

446 4150 589 4206 tibus
621 4152 817 4206 animis
862 4164 1238 4222 susceperunt,
1262 4163 1316 4208 et
1335 4155 1710 4222 gravissimum
1751 4155 2008 4210 tributum

442 4243 673 4311 pendere
717 4259 823 4298 non
859 4245 1200 4310 recusabant,
1245 4260 1554 4313 quanquam
1611 4260 1743 4314 opes
1794 4246 2008 4316 imperii

2109 1792 2258 1846 θικὸν
2287 1793 2498 1862 ἐφέξειν
2530 1794 2753 1866 πλῆθος.
2781 1797 2968 1851 Ταῦτα
3017 1798 3343 1866 ἀναγνόντες
3367 1802 3414 1853 οί
3447 1801 3592 1872 ἀμφὶ
3615 1803 3690 1857 τὰ

2111 1881 2356 1952 βασίλεια
2413 1884 2664 1956 ούδαμῶς
2710 1886 2836 1950 τοὺς
2883 1889 3035 1958 παρὰ
3081 1891 3222 1959 σφᾶς
3270 1893 3689 1961 καταφυγόντας

2108 1975 2366 2029 ἐκδώσειν
2425 1976 2672 2047 ἐφασανν
2721 1979 2859 2033 ἀλλά
2913 1981 3013 2034 σὺν
3060 1982 3290 2046 ἐκείνοις
3323 1983 3414 2038 τὸν
3450 1985 3692 2056 πόλεμον

2108 2066 2534 2137 ὑποστήσεσθαι,
2576 2067 2812 2138 πέμψειν
2840 2069 2897 2122 δέ
2923 2071 3328 2141 πρέσϐειςεοὺς
3360 2072 3429 2127 τὰ
3453 2074 3692 2146 διάφορα

2107 2157 2388 2222 λύσοντας.
2437 2159 2526 2222 Ὠς
2581 2158 2638 2212 δέ
2687 2159 2765 2230 τῷ
2801 2160 3031 2232 ’Δττήλᾳ
3075 2163 3142 2216 τά
3190 2163 3489 2234 δεδογμένα
3545 2165 3688 2220 Ῥω-

2112 2248 2294 2319 μαίοις
2317 2249 2632 2320 ἠγγέλλετο,
2693 2252 2753 2304 ἐν
2803 2251 2942 2324 ὀργῇ
2983 2254 3043 2307 τδ
3081 2255 3316 2326 πρᾶγμα
3362 2255 3690 2327 ποιούμενος

2106 2343 2206 2414 τὴν
2247 2343 2561 2416 Ῥωμαϊκὴν
2591 2342 2748 2414 ἐδῄου
2770 2345 2894 2415 γῆν,
2912 2347 3006 2399 καὶ
3042 2346 3276 2420 φρούριά
3296 2364 3417 2402 τινα
3438 2348 3689 2402 καθελὼν

2105 2437 2172 2506 τῇ
2249 2435 2536 2507 Ῥατιαρίᾳ
2588 2436 2923 2506 προσέϐαλλε
2999 2440 3232 2512 μεγίστῃ
3307 2441 3403 2495 καὶ
3447 2441 3690 2497 πολυανο

2108 2525 2136 2578 θ
2143 2524 2332 2595 ρώπῳ.

2177 2615 2247 2686 γ’.
2283 2617 2408 2671 ’Ότι
2439 2619 2576 2688 μετὰ
2606 2620 2703 2690 τὴν
2733 2621 2792 2674 ἐν
2821 2621 3153 2692 Χερρονήσῳ
3179 2621 3358 2692 μάχην
3391 2622 3684 2694 Ῥωμαίων

2106 2709 2244 2782 πρὸς
2278 2709 2511 2774 Οῦννους
2535 2711 2780 2780 ἐγίνοντο
2807 2714 2900 2765 καὶ
2934 2713 2988 2766 αῖ
3019 2712 3342 2780 συμϐάσεις,
3381 2714 3689 2769 Ἀνατολίου

2106 2801 2616 2872 πρεσϐευσαμένου.
2662 2803 2774 2857 Καὶ
2822 2802 2914 2856 ἐπὶ
2970 2804 3145 2858 τοῖσδε
3174 2803 3509 2870 ἐσπένδοντο,
3539 2807 3692 2870 ὅπως

2104 2891 2378 2944 ἐκδοθεῖεν
2413 2891 2513 2963 μὲν
2544 2892 2610 2946 ἂν
2638 2894 2752 2957 τοῖς
2806 2893 3034 2957 Οῦννοις
3077 2896 3126 2948 oi
3177 2893 3436 2964 φυγάδες,
3495 2897 3589 2950 καὶ
3626 2897 3691 2964 ἓξ

2109 2983 2346 3054 χιλιάδες
2377 2984 2606 3055 χρυσίου
2635 2985 2834 3055 λιτρῶν
2873 2985 3013 3057 ὑπὲρ
3047 2985 3156 3041 τῶν
3179 2988 3345 3043 πάλαι
3379 2989 3691 3054 συντάξεων

2108 3073 2309 3127 δοθεῖεν
2336 3075 2540 3137 αὐτοῖς.
2573 3073 2741 3147 Φόρον
2768 3075 2824 3130 δὲ
2853 3075 3009 3141 ἔτους
3046 3079 3277 3133 ἑκάστου
3303 3081 3572 3150 δισχιλίας
3594 3083 3693 3135 καὶ

2111 3163 2307 3218 ἑκατὸν
2329 3165 2519 3235 λίτρας
2544 3166 2750 3236 χρυσοῦ
2776 3182 2929 3235 σφισι
2971 3170 3308 3239 τεταγμένον
3324 3165 3484 3227 εἶναι.
3515 3173 3692 3243 ’Υπὲρ

2109 3256 2166 3309 δὲ
2191 3256 2542 3326 αἰχμαλώτου
2586 3256 2860 3328 Ῥωμαίου
2891 3260 3186 3330 φεύγοντος
3220 3263 3312 3317 καὶ¹
3335 3267 3392 3328 ἐς
3423 3264 3522 3335 τὴν
3555 3283 3694 3334 σφε·
3791 3325 3796 3328 ,

2110 3347 2273 3418 τέραν
2301 3349 2406 3416 γῆν
2437 3349 2562 3402 ἄνευ
2591 3349 2803 3420 λύτρων
2825 3351 3193 3420 διαϐαίνοντος
3219 3355 3425 3410 δώδεκα
3451 3357 3695 3428 χρυσοῦς

2111 3435 2249 3492 εῖναι
2281 3439 2616 3510 ἀποτίμησιν
2639 3457 2653 3472 ο
2688 3441 2764 3513 μὴ
2804 3443 3243 3510 καταϐάλλοντας
3285 3448 3340 3500 δὲ
3397 3451 3522 3512 τοὺς
3551 3451 3692 3503 ὑποο

2109 3529 2433 3600 δεχομένους
2455 3531 2723 3587 ἐκδιδόναι
2757 3534 2849 3588 τὸν
2887 3535 3180 3606 φεύγοντα.
3211 3540 3436 3610 Μηδένα
3459 3541 3514 3594 δέ
3545 3541 3696 3612 Βάρ-

2111 3621 2279 3692 ϐαρον
2318 3623 2624 3694 Ῥωμαίους
2670 3626 2817 3680 κατὰ
2859 3631 2999 3698 σφᾶς
3022 3630 3065 3662 ⁸⁸
3100 3633 3368 3702 φεύγοντα
3409 3633 3695 3705 δέχεσθαι.

2110 3713 2326 3776 Ταύτας
2355 3715 2786 3785 προσεποιοῦντο
2819 3719 2918 3790 μὲν
2948 3721 3228 3777 ἐθελονταὶ
3271 3723 3533 3794 Ῥωμαῖοι
3584 3726 3694 3791 τὰς

2113 3806 2390 3874 συνθήκας
2421 3807 2668 3861 τίθεσθαι
2713 3808 2822 3880 (9)’
2875 3811 3092 3886 ἀνάγκῃ
3119 3814 3176 3868 δὲ
3226 3815 3620 3888 ὑπερϐάλλοντι
3642 3821 3694 3851 ⁴¹

2110 3897 2237 3962 δέει,
2271 3899 2410 3968 ὅπερ
2456 3903 2677 3971 κατεῖχε
2729 3903 2855 3968 τοὺς
2901 3904 3052 3974 σφῶν
3104 3906 3390 3978 ἄρχοντας,
3425 3911 3534 3964 πᾶν
3565 3911 3694 3964 ἐπίε-

2115 4005 2302 4058 ταγμα
2360 3990 2564 4062 καίπερ
2623 3990 2682 4044 δν
2746 3993 3005 4062 χαλεπὸν,
3057 4001 3243 4067 τυχεῖν
3294 3999 3395 4068 τῆς
3463 4001 3694 4072 εῖρήνης

2098 4075 2522 4140 ἐσπουδακότες,
2557 4077 2874 4148 ἠσμένιζον,
2909 4081 3005 4134 καὶ
3032 4082 3131 4152 τὴν
3156 4083 3264 4138 τῶν
3288 4084 3473 4156 φόρων
3494 4087 3694 4142 σύντα-

2113 4166 2192 4230 ξιν
2231 4166 2545 4237 βαρυτάτην
2571 4163 2741 4222 οὖσαν
2783 4172 3093 4242 προσίεντο,
3121 4173 3232 4228 τῶν
3269 4177 3568 4246 χρημάτων
3595 4179 3696 4235 a6-

2109 4259 2221 4318 τοῖς
2251 4259 2472 4311 καὶτῶν
2494 4258 2791 4328 βασιλικῶν
2819 4261 3110 4336 θησαυρῶν
3137 4267 3237 4321 οὐκ
3261 4271 3342 4332 είς
3379 4269 3497 4324 δέον
3540 4271 3697 4325 ἐκδε-

440 4343 496 4388 et
533 4334 667 4405 regii
701 4333 937 4389 thesauri
968 4349 1080 4390 non
1107 4336 1174 4389 ad
1206 4336 1543 4392 necessarios
1564 4350 1719 4402 usus,
1751 4336 1846 4392 sed
1901 4336 2007 4406 35

2115 4350 2534 4421 δαπανημένων,
2569 4351 2704 4407 ἀλλὰ
2732 4355 2862 4425 περὶ
2898 4333 3030 4420 θέας
3068 4349 3302 4423 ἀτόπους
3338 4361 3432 4414 καὶ
3487 4363 3696 4431 φιλοτι-

443 4423 496 4477 in
526 4421 763 4478 absurda
793 4423 1126 4494 spectacula,
1158 4425 1210 4480 in
1248 4439 1416 4480 vanos
1458 4425 1721 4481 bonorum
1749 4428 2008 4494 ambitus,

443 4516 496 4569 in
531 4516 850 4572 immodicas
881 4518 1178 4587 voluptates
1207 4527 1262 4572 et
1289 4517 1603 4587 largitiones
1678 4533 2013 4591 consumptae

442 4605 680 4674 fuerant,
709 4608 897 4675 quales
924 4623 1086 4664 nemo
1141 4624 1291 4665 sanae
1336 4611 1531 4666 mentis
1556 4609 1637 4665 vel
1689 4613 1742 4667 iu
1779 4615 2014 4670 maxime

441 4695 792 4752 affluentibus
851 4699 1160 4754 divitiarum
1231 4701 1402 4772 copiis
1449 4704 1762 4771 sustineret,
1814 4705 2009 4761 nedum

446 4789 672 4842 Romani
702 4789 811 4855 isti,
831 4792 920 4860 qui
952 4792 1028 4847 rei
1063 4791 1311 4848 militaris
1338 4793 1573 4849 studium
1601 4796 1738 4852 adeo
1760 4799 2011 4868 neglexe-

447 4892 588 4947 rant,
617 4891 672 4936 ut
732 4899 837 4937 non
887 4885 1060 4940 solum
1096 4884 1308 4958 Scytgis
1330 4927 1346 4953 ,
1381 4888 1473 4943 scd
1529 4896 1584 4944 et
1623 4890 1846 4960 reliquis
1879 4893 2011 4945 Bar-

445 4967 612 5035 baris.
639 4975 728 5045 qui
756 4978 1032 5046 proximas
1068 4977 1274 5048 imperii
1312 4979 1536 5035 Romani
1579 4985 1829 5052 regiones
1863 4984 2010 5040 inco-

449 5068 650 5132 lchant,
680 5069 970 5139 vectigales
994 5069 1119 5123 facti
1160 5078 1363 5125 essent.
1404 5069 1588 5142 Itaque
1620 5075 1820 5129 tributa
1843 5084 1896 5129 ct
1920 5091 2012 5145 pe-

449 5159 659 5223 cunias,
681 5174 818 5228 quas
837 5161 904 5216 ad
929 5159 1153 5216 lluuuos
1175 5160 1377 5216 deferri
1398 5166 1703 5233 oportebat,
1722 5167 2015 5234 imperator

449 5266 638 5307 ouines
662 5253 907 5308 conferre
933 5254 1112 5321 coegit
1149 5271 1162 5308 :
1212 5252 1356 5309 nulla
1394 5255 1554 5309 etiam
1589 5269 1772 5310 eorum
1817 5258 2016 5311 immu-

2123 4443 2254 4510 μίας
2286 4442 2386 4496 ούκ
2419 4443 2674 4512 εὐλόγους
2704 4449 2799 4500 καὶ
2845 4447 3039 4517 ἡδονὰς
3067 4449 3161 4503 καὶ
3190 4451 3434 4516 δαπάνας
3461 4455 3693 4524 ἀνειμέ-

2119 4551 2237 4598 νας,
2265 4534 2333 4598 ἃς
2356 4535 2532 4598 οὐδεὶς
2561 4537 2668 4592 τῶν
2687 4537 2746 4592 εὖ
2771 4541 3111 4609 φρονούντων
3133 4543 3254 4596 οὐδὲ
3280 4545 3337 4596 ὲν
3365 4547 3696 4618 εὐπραγίαις

2120 4623 2410 4697 ὑποσταίη,
2441 4626 2517 4697 μή
2542 4627 2594 4681 τί
2625 4644 2689 4696 γε
2717 4630 2780 4700 δὴ
2814 4630 2864 4683 oi
2894 4630 3002 4684 τῶν
3022 4631 3203 4686 ὃπλων
3221 4633 3685 4706 ὀλιγωρήσαντες,

2121 4715 2261 4769 ὥστε
2295 4716 2370 4786 μὴ
2403 4717 2568 4787 μόνον
2605 4719 2866 4788 Σκύθαις,
2896 4720 3034 4775 ἀλλὰ
3064 4722 3172 4794 γὰρ
3203 4724 3298 4777 καὶ
3337 4727 3453 4788 τοῖς
3487 4725 3694 4790 λοιποῖς

2119 4805 2424 4876 Βαρϐάροις
2479 4810 2592 4871 τοῖς
2675 4808 3027 4880 παροικοῦσιν
3073 4811 3171 4880 τὴν
3242 4813 3532 4883 Ῥωμαίων
3581 4817 3686 4867 ὑπ-

2117 4895 2337 4950 ακούειν
2367 4899 2447 4961 είς
2474 4897 2640 4969 φόρου
2665 4901 2984 4972 ἀπαγωγήν.
3009 4901 3224 4955 Τούτων
3250 4904 3356 4958 τῶν
3386 4905 3694 4970 συντάξεων

2120 4990 2216 5042 xui.
2256 4991 2364 5044 τῶν
2399 4993 2698 5062 χρημάτων
2746 4994 2896 5063 πέρι,
2958 4994 3104 5066 ἆπερ
3147 4995 3253 5050 ἔδει
3303 4999 3417 5062 τοῖς
3474 4998 3694 5063 Οῦννοις

2117 5081 2524 5150 ἐκπέμπεσθαι,
2606 5085 2991 5157 συνεισφέρειν
3061 5088 3268 5153 πάντας
3327 5091 3691 5159 ὴνάγκασε³³,

2121 5173 2328 5242 δασμὸν
2362 5175 2860 5247 εἰσπραττομένους
2887 5179 2983 5233 καὶ
3009 5179 3135 5244 τοὺς
3173 5181 3318 5235 κατὰ
3358 5183 3551 5254 χρόνον
3575 5184 3696 5237 τινὰ

2124 5264 2222 5334 τὴν
2257 5263 2567 5339 βαρυτάτην
2628 5269 3022 5338 κουφισθέντας
3057 5271 3156 5343 τῆς
3196 5273 3302 5344 γῆς
3359 5275 3694 5348 ἀποτίμησιν

1777 5409 2006 5466 VARIAE
2041 5412 2446 5474 LECTIONES.

528 5543 578 5617 ’.ξ
601 5547 853 5617 ἐπανίησι
887 5548 1031 5617 vulg.

1110 5550 1152 5622 ἓν
1178 5549 1592 5620 διαλεξαμένους
1617 5551 1762 5622 vulg.

454 5611 496 5640 "’
537 5612 592 5665 δέ
625 5617 716 5670 καὶ
746 5611 940 5688 ὑπερϐ.
973 5611 1038 5687 Ν,
1116 5621 1158 5654 ⁴³
1191 5611 1508 5688 ἠνάγκασαν
1535 5611 1678 5688 conj.
1711 5611 1763 5676 Ν

1116 5621 1158 5654 η
1191 5622 1508 5691 ἠνάγκασαν
1535 5622 1678 5691 conj.
1722 5621 1784 5678 N.

1881 5554 1926 5585 ³⁰
1951 5555 2322 5629 μελλήσειανῆ
2355 5559 2434 5624 Β,
2464 5562 2779 5635 μελλήσειεν
2798 5567 2940 5636 vulg.
3017 5561 3060 5594 ⁸¹
3100 5562 3246 5634 παρὰ
3275 5567 3415 5632 σφᾶς
3441 5570 3586 5642 conj.
