2028 3105
154 174 167 191 ο

109 202 161 236 081

112 260 168 286 εἶτα
192 255 330 284 δικαστῶν
354 255 453 291 κρίσει,

114 303 315 337 Συνεισέφερον
329 301 357 328 δὲ
370 301 392 317 ⁵⁸
409 301 490 337 ῥητὸν
507 302 618 336 χρυσίον
643 302 689 328 καὶ
711 302 735 327 οἱ
751 302 779 328 ὲν
805 302 838 336 τῇ
857 310 904 335 γε-

115 348 213 383 ρουσίᾳ
229 346 503 382 ἀναγεγραμμένοιδδ
522 346 592 381 ὑπὲρ
611 346 686 381 σφῶν
701 346 790 372 αὐτῶν
815 346 905 378 ἀξίας.

117 395 169 420 Καὶ
182 394 213 428 ἧν
232 393 340 423 πολλοῖς
356 393 371 426 ἡ
388 392 500 427 λαμπρὰ
515 392 583 427 τύχη
609 392 664 426 βίον
680 393 814 427 μεταϐολή
835 401 840 407 ”
858 394 903 418 ἐσ-

122 441 288 474 επράττοντο
315 439 369 472 γὰρ
391 439 460 471 μετά
476 438 613 472 αἰκισμῶν
637 438 708 473 ἅπερ
724 438 837 464 ἕκαστον
856 439 907 465 ἀτι-

118 485 271 520 εγραψαντο
284 484 309 509 οἱ
334 483 409 517 παρὰ
427 483 558 516 βασιλέως
578 482 657 508 τοῦτο
679 484 766 510 ποιεῖν
782 484 906 509 ἑπιτετομ

121 531 225 563 γμένοι,
241 530 308 555 ὥστε
325 529 372 554 τὸν
389 529 491 562 κόσμον
506 529 560 554 τῶν
577 528 715 561 γυναικῶν
733 530 778 555 καὶ
799 530 831 555 τὰ
847 530 907 555 ἐπι-

124 576 176 601 πλα
186 576 248 606 τοὺς
275 574 358 600 πάλαι
388 574 549 608 εὐδαίμονας
577 575 733 609 προτιθέναι
757 575 785 600 ἐν
812 575 906 610 ἀγορᾷ.

125 621 207 647 Τοῦτο
222 620 270 654 μὲν
297 620 368 654 μετὰ
396 620 441 645 τὸν
471 620 589 655 πόλεμον
611 621 640 646 τὸ
656 621 739 647 κακὸν
759 621 909 655 Ῥωμαίους

126 665 240 697 ἐδέξατο,
255 665 325 691 ὥστε
344 665 460 695 πολλοὺς
478 665 494 700 ἢ
513 666 793 701 ἀποκαρτερήσαντας
815 668 830 702 ἢ
849 667 909 702 βρό-

126 720 168 746 χον
181 711 338 745 ἁψαμένους
352 711 397 736 τὸν
413 710 469 745 βίον
486 711 642 738 ἀπολιπεῖν.
661 712 727 738 Τότε
745 713 776 747 δὴ
803 713 834 739 ἐκ
862 712 909 739 τοῦ

126 757 291 791 παραχρῆμα
317 756 369 782 τῶν
394 756 539 790 θησαυρῶν
565 757 792 792 ὲξαντληθέντων,
821 758 852 784 τό
879 767 909 785 τε

124 802 232 836 χρυσίον
248 802 296 827 καὶ
314 802 337 827 οἱ
352 801 469 835 φυγάδες
484 802 650 836 ἐπέμποντο,
664 803 766 829 Σκόττα
783 804 828 829 ἐπὶ
844 804 909 830 ταύ-

124 856 172 881 την
187 847 236 882 τὴν
248 847 270 861 ⁸⁸
283 846 383 881 πρᾶξιν
395 847 558 881 ἀφιγμένου·
573 844 610 873 ὧν
623 848 764 880 πλείστους
781 849 909 884 Ῥωμαῖοι

124 892 288 918 ἀπέκτειναν
306 892 484 923 ἀπειθοῦντας
502 892 568 927 πρὸς
594 892 644 927 τὴν
665 893 779 920 ἔκδοσιν.
804 894 848 921 Ἐν
869 891 909 926 οἷς

124 939 171 963 καὶ
183 938 237 963 τῶν
254 937 402 971 βασιλικῶν
423 937 546 972 ὑπῆρχον
556 937 578 952 ’⁸⁷
600 938 721 970 Σκυθῶν,
740 939 764 964 οἳ
786 938 837 965 ὑπὸ
856 940 912 966 Ἀτ-

124 985 193 1018 τήλᾳ
207 982 352 1009 τάττεσθαι
364 983 530 1017 ἁνηνάμενοι
544 984 620 1018 παρὰ
638 984 790 1018 Ῥωμαίους
803 984 912 1017 ἀφίκον-

124 1038 164 1056 το.
182 1030 245 1060 Τοῖς
257 1029 285 1054 δὲ
300 1028 382 1054 αὐτοῦ
398 1029 412 1054 ό
431 1029 561 1063 Ἀττήλας
583 1029 738 1063 προστιθεὶς
760 1029 912 1064 ἐπιτάγμα-

127 1083 164 1105 σι,
199 1075 244 1100 καὶ
264 1074 476 1109 Ἀσημουντίους
509 1074 651 1100 ἐκέλευσεν
679 1075 810 1101 ἐκδιδόναι
834 1075 911 1106 ὅσους

128 1120 318 1154 αἰχμαλώτους
335 1120 457 1154 ὑπῆρχον
473 1120 591 1154 ἔχοντες,
605 1120 659 1146 εἴτε
680 1120 841 1155 Ῥωμαίους,
858 1121 912 1147 εἴτε

127 1165 294 1200 Βαρϐάρους.
317 1164 452 1199 ’Λσημοῦς
465 1165 492 1191 δέ
507 1166 565 1191 ἐστι
584 1165 713 1201 φρούριον
725 1166 869 1201 καρτερὸν,
882 1167 912 1192 οὐ

130 1211 195 1237 πολὺ
210 1211 260 1245 μὲν
271 1211 371 1245 ἀπέχον
384 1211 432 1245 τῆς
449 1211 601 1245 Ἰλλυρίδος,
613 1211 651 1245 τῷ
664 1211 692 1237 δὲ
704 1211 813 1247 Θρᾳκίῳ
830 1221 913 1247 προσ-

127 1257 253 1291 κείμενον
274 1257 373 1291 μέρειι
388 1256 456 1289 ὅπερ
471 1257 495 1282 οἱ
517 1256 685 1287 ἐνοικοῦντες
708 1257 803 1291 ἄνδρες
829 1257 914 1283 πολλὰ

126 1301 201 1327 δεινὰ
215 1301 277 1332 τοὺς
291 1301 403 1336 ἐχθροὺς
420 1301 595 1335 εἰργάσαντο,
605 1301 654 1327 οὐκ
668 1301 721 1327 ἀπὸ
738 1302 833 1336 τειχῶν
844 1302 915 1335 ἀμυ-

127 1347 248 1380 νόμενοι,
273 1347 330 1372 ἀλλ’
357 1346 409 1378 ἔξω
422 1347 470 1380 τῆς
493 1346 596 1381 τάφρου
629 1346 716 1380 μάχας
738 1346 915 1381 ὑφιστάμενοι

129 1391 199 1425 πρὸς
214 1399 243 1417 τε
262 1392 376 1426 ἄπειρον
392 1391 495 1425 πλῆθος
524 1392 570 1418 καὶ
597 1392 766 1426 στρατηγοὺς
787 1392 915 1426 μέγιστον

129 1436 206 1471 παρὰ
221 1435 339 1467 Σκύθαις
355 1437 466 1471 ἔχοντας
475 1437 496 1452 ’⁸³
512 1437 600 1468 κλέος,
621 1437 691 1464 ὤςτε
707 1438 769 1468 τοὺς
783 1438 831 1472 μὲν
846 1437 915 1465 Οὕν-

129 1491 193 1513 νους
215 1483 436 1518 ἀπορήσανταςδθ
458 1483 506 1509 τοῦ
532 1483 662 1518 φρουρίου
689 1483 914 1519 ὑπαναχωρῆσαι,

130 1528 196 1559 τοὺς
212 1528 240 1554 δὲ
255 1529 470 1564 ἑπεκτρέχοντας
488 1529 533 1554 καὶ
556 1529 710 1563 περαιτέρω
735 1529 789 1555 τῶν
810 1530 916 1557 οἰκείων

523 201 572 231 DE
593 199 873 231 LEGATIONIBUS
891 198 1070 231 GENTIUM
1088 201 1137 231 AD
1157 199 1348 232 ROMANOS.

481 255 535 281 εἴτε
560 256 692 290 βασιλέων
720 256 926 291 eamme:th

970 257 1048 284 uitatis
1062 257 1151 284 habita
1165 258 1281 289 ratione,
1302 256 1348 291 qui
1375 260 1455 284 terrze
1480 262 1575 289 onere,
1608 259 1738 291 tanquam

1685 197 1739 229 682

960 301 1040 329 nimis
1053 302 1126 337 gravi
1141 301 1174 328 ad
1194 306 1309 336 tempus,
1330 302 1389 329 sive
1404 301 1596 336 imperatorum
1615 300 1739 336 benigni-

959 350 1026 377 tate,
1040 353 1087 373 sett
1103 346 1223 380 iudicum
1244 347 1387 377 sententia,
1403 346 1483 373 levati
1507 349 1595 373 erant.
1610 345 1740 373 Confert--

958 392 1023 418 bant
1035 392 1117 418 etiam
1125 398 1219 418 aurum
1235 390 1364 418 indictum
1376 391 1421 426 qui
1439 392 1464 418 in
1486 391 1615 419 Senatum
1630 392 1739 426 ascripti

958 440 1046 468 erant,
1072 437 1142 462 ultra
1178 442 1258 470 quam
1285 436 1427 464 facultates
1456 435 1527 464 terre
1550 441 1687 471 poterant,
1713 441 1742 463 et

959 481 1050 509 multis
1062 481 1201 517 splendida
1215 485 1242 509 et
1267 481 1378 509 illustris
1409 481 1515 509 fortuna
1539 482 1600 510 vitae
1621 489 1744 510 commu-

959 528 1088 556 tationem
1116 527 1214 555 attulit.
1246 527 1465 555 Conﬁciebantur
1501 527 1572 554 enim
1608 529 1741 562 pecuniae.

959 581 1018 609 qua:
1041 573 1188 609 unicuique
1208 573 1348 608 imperatae
1369 577 1457 604 erant.
1475 580 1536 600 cum
1552 573 1700 601 acerbitate
1716 580 1744 601 et

958 619 1121 648 contumelia
1135 619 1170 647 ab
1189 619 1232 651 iis,
1252 618 1350 653 quibus
1374 617 1454 653 hujus
1473 618 1512 646 rei
1530 625 1593 646 cura
1604 618 1638 646 ab
1658 619 1743 653 impc-

960 669 1051 692 ratore
1074 668 1134 691 erat
1157 663 1328 691 demandata.
1350 662 1388 690 Ex
1414 670 1478 698 quo,
1502 662 1576 698 quia
1597 663 1744 698 majoribus

959 713 1085 744 acceptas
1112 709 1223 736 divitias
1244 709 1429 743 possidebant,
1449 713 1608 737 ornamenta
1627 717 1742 737 ux0rum

960 758 988 781 et
996 754 1143 789 pretiosam
1158 761 1233 781 suam
1249 753 1443 789 supellectilem
1461 754 1489 782 in
1507 754 1567 782 loro
1582 762 1679 783 venum
1693 762 1743 783 ex-

961 799 1105 834 ponebant.
1116 798 1156 826 Ab
1168 799 1222 826 hoc
1237 799 1307 827 bello
1321 804 1373 826 tam
1388 804 1464 827 atrox
1478 804 1505 827 et
1519 800 1615 828 acerba
1631 801 1744 828 calami-

962 849 1003 873 tas
1015 844 1151 873 Romanos
1168 846 1285 880 excepit,
1298 850 1328 872 ut
1342 846 1417 873 multi
1437 850 1483 873 aut
1501 846 1662 874 abstinentia
1679 847 1744 879 cibi,

962 895 1007 917 aut
1021 894 1112 926 aptato
1121 889 1191 918 collo
1207 890 1303 926 laqueo
1317 891 1397 918 vitam
1413 891 1542 919 tlnierint.
1558 891 1634 919 Tunc
1652 892 1743 927 igitur,

963 944 1045 972 parvo
1065 937 1194 972 temporis
1214 942 1350 963 momento
1367 937 1507 965 exhaustis
1526 937 1677 971 thesauris,
1698 945 1746 965 au~

964 988 1021 1008 rum
1034 985 1060 1008 et
1074 980 1180 1009 exsules
1197 980 1270 1016 (nam
1286 980 1388 1014 Scotta,
1403 981 1448 1016 qui
1459 982 1617 1016 susciperet,
1631 983 1746 1011 advene-

964 1027 1027 1062 rat),
1047 1027 1081 1054 ad
1095 1026 1210 1062 Scythas
1221 1027 1295 1055 missi
1309 1032 1381 1055 sunt.
1396 1027 1511 1055 Romani
1527 1035 1591 1056 vero
1604 1029 1702 1057 multos
1713 1037 1747 1057 ex

964 1072 1095 1107 profugis,
1110 1072 1156 1107 qui
1168 1073 1228 1100 dedi
1246 1072 1459 1106 reluctabantur,
1480 1074 1660 1108 trucidarunt,
1677 1074 1749 1103 inter

965 1127 1032 1154 quos
1060 1119 1141 1154 aliqui
1160 1118 1270 1147 fuerunt
1290 1125 1305 1146 c
1323 1119 1404 1154 regiis
1419 1119 1540 1155 Scythis,
1563 1120 1609 1155 qui
1632 1121 1749 1149 militare

966 1165 1015 1192 sub
1036 1164 1117 1191 Attila
1141 1168 1287 1192 renuerant
1305 1169 1331 1191 et
1351 1163 1482 1192 Romanis
1504 1172 1534 1193 se
1558 1166 1748 1201 adiunxerant.

967 1209 1067 1237 Praeter
1095 1210 1143 1237 has
1170 1210 1244 1244 pacis
1271 1210 1439 1238 conditiones
1471 1210 1569 1239 Attilas
1591 1211 1750 1240 Asimuntiis

965 1262 1072 1289 quoque
1091 1255 1242 1289 imperavit,
1255 1259 1285 1283 ut
1298 1255 1428 1291 captivos,
1442 1263 1508 1291 quos
1525 1264 1607 1292 penes
1623 1264 1652 1285 se
1667 1258 1751 1285 habe-

967 1299 1040 1330 hant,
1061 1299 1118 1327 sive
1134 1299 1279 1331 Romanos,
1294 1301 1351 1327 sive
1366 1300 1506 1334 barbaros,
1528 1301 1681 1329 redderent.
1703 1302 1752 1329 Est

966 1349 1055 1372 autem
1069 1344 1178 1373 Asimus
1191 1345 1318 1380 oppidum
1335 1345 1463 1378 validum,
1475 1353 1528 1374 non
1540 1346 1654 1375 multum
1665 1347 1698 1375 ab
1720 1348 1752 1374 ll-

967 1391 1050 1426 lyrico
1073 1391 1187 1428 distans,
1207 1391 1279 1426 quod
1302 1392 1372 1426 parti
1395 1390 1517 1419 Thracia
1536 1392 1651 1427 adiacet,
1676 1392 1752 1428 cujus

968 1424 1061 1466 incolte
1082 1424 1335 1472 gravibus—damnis
1355 1439 1446 1466 hostes
1464 1424 1621 1466 affecerunt.
1635 1424 1752 1467 Nonilli

967 1483 1074 1518 quidem
1095 1490 1125 1510 se
1146 1482 1274 1510 moenium
1299 1483 1402 1510 ambitu
1425 1483 1579 1517 tuebantur,
1603 1485 1649 1512 sed
1676 1490 1754 1512 extra

968 1529 1168 1564 propugnacula
1188 1528 1335 1556 certamina
1362 1529 1531 1557 sustinebant
1548 1535 1644 1558 contra
1662 1531 1753 1559 inlini-

132 1574 304 1608 γινομένους,
319 1574 399 1609 ἡνίκα
417 1574 589 1608 ἀπήγγελλον
605 1574 696 1604 αὐτοῖς
711 1575 733 1600 οἱ
751 1575 845 1601 σκοποὶ
861 1575 924 1602 διιέ-

977 1580 1031 1602 tam
1047 1569 1209 1609 Scyiharum
1225 1574 1424 1602 multitudinem
1437 1579 1464 1602 et
1479 1575 1563 1603 duces
1578 1576 1667 1610 magni
1683 1577 1753 1611 apud

133 1629 180 1646 ναι
205 1620 267 1650 τοὺς
295 1619 438 1653 πολεμίους
465 1619 539 1645 λείαν
570 1619 728 1654 Ῥωμαϊκὴν
751 1620 919 1653 ἀπάγοντας,

134 1666 278 1701 ἀδοκήτοις
306 1674 334 1692 τε
365 1665 512 1700 ἐμπίπτειν
536 1666 581 1691 καὶ
609 1665 730 1700 σφέτερα
756 1666 789 1692 τὰ
812 1667 922 1693 ἐκείνων

135 1711 271 1738 ποιεῖσθαι
287 1711 405 1747 λάφυρα,
422 1711 520 1746 πλήθει
539 1711 590 1745 μὲν
604 1711 784 1745 λειπομένους
805 1712 859 1739 τῶν
874 1714 922 1740 ἀν-

136 1757 367 1792 τιπολεμούντων,
395 1758 478 1791 ἀρετῇ
497 1756 526 1782 δὲ
553 1757 598 1782 καὶ
622 1756 702 1792 ῥώμῃ
730 1757 921 1792 διαφέροντας.

138 1803 284 1833 Πλείστους
304 1802 394 1828 τοίνυν
415 1803 439 1827 οἱ
463 1801 654 1835 ’Λσημούντιοι
671 1803 698 1828 έν
711 1802 779 1836 τῷδε
793 1802 831 1837 τῷ
846 1803 923 1830 πολέ-

137 1858 181 1883 μῳ
195 1848 302 1879 Σκύθας
324 1848 373 1883 μὲν
399 1848 574 1879 ἀπέκτειναν,
598 1848 751 1882 Ῥωμαίους
770 1849 798 1875 δὲ
812 1849 923 1883 ἠλευθέ-

137 1902 239 1929 ρωσαν,
268 1894 330 1925 τοὺς
353 1893 381 1920 δὲ
408 1894 455 1920 καὶ
482 1893 685 1927 ἀποδράσαντες
714 1894 768 1920 τῶν
796 1895 924 1922 ἐναντίων

138 1941 263 1974 ἐδέξαντο
275 1947 280 1954 ·
293 1940 343 1965 οὐκ
352 1939 468 1973 ἁπάγειν
480 1938 525 1965 οὖν
537 1939 589 1974 ἔφη
601 1941 615 1966 ὀ
628 1940 756 1974 Ἀττήλας
768 1940 881 1975 στρατὸν
891 1941 923 1973 ⁵ο,

138 1986 197 2013 οὐδὲ
211 1985 360 2020 ἐπικυροῦν
371 1986 420 2017 τὰς
430 1985 480 2019 τῆς
495 1986 609 2020 εἰρήνης
622 1985 768 2020 συνθήκας,
785 1986 809 2011 εί
827 1985 864 2020 μὴ
879 1986 926 2011 ὲκ-

138 2032 271 2059 δοθεῖεν¹¹
292 2033 316 2058 οἱ
335 2032 400 2067 παρ’
414 2032 536 2063 ἐκείνους
557 2032 761 2066 καταφυγόντες
787 2031 925 2066 Ῥωμαῖοι,

141 2079 185 2104 καὶ
196 2078 219 2093 ⁵¹
239 2077 308 2112 ὑπὲρ
329 2077 419 2104 αὐτῶν
435 2077 535 2103 δοθεῖεν
547 2077 741 2111 ἁποτιμήσεις,
762 2077 927 2111 ἀφεθείησαν

140 2125 166 2150 δὲ
178 2125 226 2150 καὶ
240 2125 264 2150 οἱ
277 2124 351 2158 παρὰ
376 2123 581 2157 Ἀσημουντίων
597 2122 766 2157 ἀπαχθέντες
784 2123 927 2158 αἰχμάλω-

141 2178 179 2197 τοι
198 2170 346 2205 Βάρδαροι.
363 2169 527 2202 ’Δντιλέγειν
537 2168 565 2195 δὲ
578 2168 650 2202 αὐτῷ
668 2168 705 2198 ὡς
725 2168 772 2203 οὐχ
783 2165 838 2199 οἷός
851 2177 881 2194 τε
896 2165 929 2203 ἦν

140 2216 201 2242 οὒτε
223 2216 376 2247 Ἀνατόλιος
404 2214 634 2250 πρεσϐευόμενος,
665 2214 725 2240 οὔτε
745 2214 889 2245 Θεόδουλος
913 2215 927 2240 ὁ

141 2261 195 2287 τῶν
226 2260 461 2296 στρατιωτικῶν⁸³
488 2260 558 2286 κατὰ
586 2260 616 2286 τὸ
638 2259 755 2295 Θρᾴκιον
781 2260 929 2295 ταγμάτων

141 2306 295 2341 ἡγούμενος
322 2305 393 2340 (οὒτε
411 2304 465 2340 γὰρ
480 2304 598 2336 ἔπειθον,
621 2304 682 2330 οὔτε
701 2304 734 2330 τὰ
751 2304 849 2337 εῠλογα
863 2313 930 2340 προσ

141 2353 288 2383 τείνοντες,
304 2352 350 2378 τοῦ
369 2352 418 2387 μὲν
444 2350 510 2386 [γὰρ
521 2349 555 2385 ⁵⁸]
569 2349 706 2385 βαρῦάρου
731 2350 931 2385 τεθαρρηκότος

142 2398 192 2423 καὶ⁸
213 2398 366 2433 προχείρως
386 2398 414 2428 ὲς
426 2398 460 2423 τὰ
476 2396 546 2423 ὅπλα
561 2395 712 2430 ὁρμῶντος,
738 2395 829 2422 αὐτῶν
841 2395 869 2421 δὲ
882 2404 932 2422 κα-

142 2443 319 2477 τεπτηχότων
334 2443 378 2469 διὰ
388 2443 423 2469 τὰ
437 2441 673 2477 προῦπάρξαντα),
690 2442 840 2476 γράμματα
856 2440 932 2476 παρὰ

142 2490 207 2520 τοὺς
228 2488 438 2524 ’Λσημουντίους
463 2487 586 2514 ἔστελλον
602 2488 618 2522 ἢ
636 2487 768 2513 ἐκδιδόναι
783 2487 846 2517 τοὺς
868 2485 934 2521 παρ’

142 2535 244 2566 αὐτοὺς
272 2534 481 2569 καταφυγόντας
507 2533 698 2569 αἰχμαλώτους
724 2532 887 2567 Ῥωμαίους,
916 2531 933 2566 ἧ

144 2580 216 2614 ὑπὲρ
233 2580 351 2606 ἑκάστου
371 2579 474 2606 δώδεκα
493 2579 597 2606 τιθέναι
625 2579 744 2614 χρυσοῦς
754 2579 788 2611 ⁸⁵,
808 2577 936 2611 διαφεθῆ-

142 2635 187 2652 ναι
204 2625 234 2652 δὲ
251 2626 298 2652 καὶ
316 2627 381 2658 τοὺς
401 2625 593 2661 αἰχμαλώτους
608 2625 734 2656 Οῠννους.
747 2625 780 2651 Ol
791 2625 819 2651 δὲ
841 2624 873 2650 τὰ
887 2623 936 2649 αὺ-

141 2675 200 2704 τοῖς
216 2673 407 2708 ἐπεσταλμένα
421 2673 597 2706 ἀναγνόντες,
611 2671 714 2703 ἔφασαν
732 2672 795 2703 τοὺς
810 2672 858 2706 μὲν
872 2669 937 2704 παρ’

973 1628 1020 1648 eos
1033 1620 1151 1647 nominis
1163 1624 1190 1647 et
1203 1620 1422 1648 existimationis.
1438 1619 1531 1656 Itaque
1548 1620 1638 1649 Hunni
1654 1623 1755 1651 omissa

974 1673 1022 1700 spe
1043 1665 1077 1693 ab
1094 1665 1273 1700 oppugnando
1296 1665 1395 1700 oppido
1415 1666 1586 1693 destiterunt.
1603 1666 1644 1694 llli
1665 1671 1756 1695 autem

974 1715 1101 1745 vagantes
1120 1716 1147 1737 et
1171 1718 1185 1737 a
1212 1711 1268 1738 suis
1296 1711 1401 1745 longius
1423 1710 1592 1743 aberrantes,
1611 1711 1634 1739 si
1648 1712 1757 1747 quando

975 1758 1066 1784 hostes
1080 1756 1171 1783 exisse
1186 1760 1213 1783 et
1228 1755 1332 1791 praedas
1351 1763 1383 1783 ex
1404 1755 1536 1784 Romanis
1549 1757 1647 1792 egisse,
1662 1758 1758 1793 explo-

976 1804 1079 1828 ratores
1089 1800 1470 1835 deuuntiahant,inopinantes
1490 1801 1610 1836 aggressi
1629 1806 1704 1836 parta
1722 1803 1757 1830 ab

976 1846 1015 1873 eis
1023 1845 1108 1881 spolia
1117 1846 1168 1872 sibi
1178 1845 1361 1878 vindicabant,
1374 1853 1487 1873 numero
1498 1846 1605 1880 quidem
1615 1846 1758 1874 inferiores

976 1890 1148 1922 adversariis,
1167 1889 1223 1924 36
1245 1889 1292 1917 sed
1309 1888 1405 1917 rob0re
1419 1894 1447 1917 et
1466 1890 1565 1917 virtute
1588 1894 1758 1925 praestantes.

977 1938 1070 1972 Itaque
1089 1935 1233 1964 Asimuntii
1256 1935 1386 1969 plurimos
1403 1942 1436 1962 ex
1451 1934 1560 1970 Scythis
1574 1935 1601 1962 in
1622 1935 1672 1963 hoc
1688 1935 1759 1963 bello

977 1985 1151 2014 necaverunt,
1167 1985 1195 2009 et
1211 1980 1308 2009 multos
1323 1980 1505 2008 Romanorum
1517 1980 1544 2008 in
1556 1981 1705 2009 libertatem
1716 1989 1761 2009 as~

977 2031 1130 2061 seruerunt,
1140 2031 1166 2054 et
1174 2027 1291 2054 hostium
1308 2025 1459 2062 transfugas
1475 2029 1644 2062 receperunt.
1658 2026 1760 2060 Quam-

979 2074 1071 2102 obrem
1097 2073 1205 2105 Attilae,
1235 2080 1263 2100 se
1284 2071 1433 2100 exercitum
1457 2079 1510 2099 non
1529 2077 1592 2100 ante
1612 2077 1758 2106 moturum,

980 2124 1027 2147 aut
1044 2118 1155 2147 foederis
1171 2117 1341 2145 conditiones
1359 2122 1433 2146 ratas
1448 2117 1604 2145 habiturum
1622 2117 1760 2153 professus

981 2169 1031 2199 est,
1049 2171 1129 2200 quam
1144 2162 1270 2195 Romani,
1280 2162 1326 2198 qui
1340 2162 1373 2190 ad
1385 2162 1550 2190 Asimuntios
1565 2162 1762 2197 pervenissent.

982 2211 1168 2242 redderentur,
1183 2213 1229 2236 aut
1239 2216 1289 2244 pro
1303 2208 1346 2236 his
1359 2208 1442 2235 multa
1457 2213 1589 2236 conventa
1602 2207 1764 2241 solveretur,

982 2262 1009 2285 et
1020 2257 1198 2285 liberarentur
1217 2255 1323 2282 abducti
1338 2254 1365 2281 in
1381 2254 1537 2282 servitutem
1553 2253 1672 2281 barbari.
1683 2253 1764 2288 Cum,

983 2308 1044 2335 quae
1068 2304 1161 2328 contra
1180 2306 1211 2326 ea
1233 2299 1390 2332 dissereret,
1414 2306 1467 2326 non
1491 2298 1603 2327 haberet
1623 2298 1766 2327 Anatolius

984 2347 1098 2381 legatus,
1114 2353 1201 2381 neque
1217 2345 1380 2379 Theodulus,
1396 2345 1622 2380 przesidiariorum
1643 2344 1767 2373 Thraciae

985 2392 1099 2419 militum
1116 2391 1168 2418 dux
1189 2391 1267 2427 (nihil
1281 2390 1353 2419 enim
1377 2389 1528 2418 rationibus
1542 2390 1599 2418 suis
1618 2390 1766 2418 Barbarum

987 2438 1139 2470 movebant,
1159 2437 1205 2471 qui
1228 2436 1328 2464 recenti
1345 2436 1458 2464 victoria
1477 2435 1574 2468 elatus,
1595 2439 1722 2470 prompte
1733 2435 1767 2461 ad

985 2491 1059 2511 arma
1072 2482 1218 2513 ferebatur,
1229 2481 1280 2516 ipsi
1289 2484 1382 2508 contra
1393 2484 1502 2516 propter
1516 2487 1611 2508 recens
1627 2484 1765 2514 acceptam

986 2528 1088 2557 cladem
1111 2525 1209 2554 animis
1221 2524 1398 2561 ceciderant),
1413 2524 1576 2553 Asimuntiis
1596 2532 1644 2560 per
1664 2524 1769 2552 litteras

986 2575 1182 2610 signiﬁcarunt,
1202 2577 1230 2600 ut
1249 2571 1389 2599 Romanos
1403 2571 1535 2606 captlvos,
1555 2571 1600 2606 qui
1613 2571 1647 2598 ad
1658 2577 1688 2597 se
1706 2576 1769 2604 per-

988 2621 1129 2656 fugissent,
1153 2618 1339 2650 restituerent,
1358 2620 1405 2644 aut
1423 2623 1473 2652 pro
1487 2622 1650 2651 unoquoque
1662 2615 1770 2649 captivo

989 2666 1127 2695 duodecim
1142 2671 1239 2692 aureos
1258 2661 1416 2698 penderent,
1428 2667 1456 2690 et
1472 2661 1584 2689 Hunnos
1603 2661 1724 2697 captivos
1737 2660 1770 2687 Ii-

788 2729 905 2757 VARl/E
925 2726 1127 2755 LECTIONES.

177 2793 202 2809 “
217 2792 246 2820 δὲ
261 2791 305 2824 8.,
317 2791 366 2819 καὶ
390 2792 462 2843 vulg.
500 2792 524 2808 "
537 2790 775 2851 ἀναγεγραμῄμένοι
788 2788 867 2831 Val,’
876 2787 932 2814 ἄνω
943 2783 1129 2820 γεγραμμένοι
1141 2783 1214 2818 vulg.

179 2827 291 2851 ἔνοντεε
311 2827 384 2851 vuln.
452 2827 666 2851 'dmonoavea:
709 2845 729 2851 ..
749 2824 973 2851 ἁπορὸευσαντας
991 2821 1063 2851 vulg.
1116 2818 1139 2834 "
1152 2818 1198 2844 τὸν

452 2828 462 2844 ⁹
473 2821 666 2861 ἀπορήσαντοὶς
679 2821 729 2855 Ν..
749 2823 973 2859 ἁπορῤεύσαντας
991 2821 1063 2855 vulg.
1103 2821 1198 2859 _"_‘rov
1218 2825 1277 2858 στρ.
1299 2821 1331 2844 Ν.
1386 2821 1407 2859 ’ς
1421 2821 1555 2842 εκοουειεν
1572 2821 1615 2845 ιι..
1628 2821 1768 2853 εκτεοοειεν

463 2869 512 2884 nm
525 2862 582 2884 mal.
615 2860 638 2876 ιι
653 2859 827 2884 στρατιωτῶν
839 2858 911 2884 vulg.
946 2856 968 2872 "
980 2856 1033 2881 νὰο
1048 2861 1126 2883 uncts
1147 2853 1317 2881 tnclusrmus.
1352 2851 1375 2868 "
1389 2858 1426 2882 ως
1437 2849 1454 2884 ἢ
1468 2850 1525 2877 ικδ.
1540 2862 1574 2869 -
1587 2856 1703 2884 χρυσους
1717 2848 1768 2882 δοῖ,

145 2827 167 2844 ⁸⁸
179 2823 388 2863 έχοντεςίνιιιε.
420 2823 462 2863 δ’
473 2823 666 2863 ἀπορήσαντάς
679 2823 729 2855 Ν..
749 2823 939 2863 ἀπορρεύοαντ

146 2858 221 2898 vulg.
257 2863 280 2879 "
294 2862 311 2898 ἢ
330 2858 403 2898 cpiti.
419 2861 448 2889 Β,
463 2869 512 2897 pro
525 2858 582 2888 καὶ.
615 2860 638 2876 "
653 2858 827 2895 στρατιωτῶν
839 2858 911 2893 vulg.

144 2896 225 2931 ἀφεθ.
244 2896 317 2932 conj}
333 2896 354 2923 Ν
358 2916 365 2923 .

331 2943 466 2974 ΡΑτιιοι..
489 2943 547 2973 Gn.
566 2941 676 2972 CXlll.

1270 2781 1357 2818 “391v
1368 2781 1430 2818 add.
1443 2780 1474 2818 ιξ.
1486 2814 1497 2818 _
1514 2779 1551 2818 _"
1566 2777 1688 2818 ἴηταρχον
1699 2777 1768 2818 far.

1116 2818 1139 2834 "
1152 2812 1203 2844 τδσ
1218 2825 1277 2853 στρ.
1299 2812 1342 2844 Ν.’
1353 2851 1374 2853 __
1386 2816 1407 2853 '_‘
1421 2814 1555 2853 ἐκδοθεῖεν
1572 2812 1615 2845 11..
1624 2812 1770 2853 Itin-cesi?

1575 2929 1616 2959 2'2

1977 298 1992 741 ι

1997 911 2008 1245 \

2010 1341 2013 1402 ί

2016 1499 2018 1551 l
