4010 6210
520 354 626 418 683

1527 351 1919 412 EXCERPTA
1958 350 2059 409 EX
2097 349 2367 410 PRISCO
2391 350 2763 413 RHETORE

3670 357 3778 421 684

516 466 792 525 berar‘ent.
823 464 1023 531 Quibus
1056 460 1246 516 litteris
1277 460 1453 526 lectis,
1495 462 1787 528 Romanos,
1818 461 1908 532 qui
1940 460 2004 515 ad
2034 474 2088 516 se

2195 461 2391 525 αὐτοὺς
2414 462 2457 494 ⁸⁸
2486 461 2902 530 καταφυγόντας
2941 459 3243 530 Ῥωμαίους
3272 462 3491 532 ἀφεῖναι
3517 466 3603 521 ἐπ’
3627 468 3781 523 esse-

516 557 908 627 confugissent,
943 554 1141 608 liberos
1164 568 1223 608 se
1257 552 1409 608 abire
1434 553 1649 617 sivisse,
1676 554 1909 624 Scythas
1941 567 2088 619 vero,

515 655 778 717 quotquot
825 645 876 698 in
917 659 1044 701 suas
1078 659 1269 699 manus
1307 645 1611 709 venissent,
1653 646 1953 701 trucidasse
2008 660 2093 700 re-

516 736 869 808 sponderunt.
917 738 1061 791 Duos
1112 744 1292 791 autem
1349 737 1595 806 captivos
1651 738 1909 801 retinere,
1964 749 2091 805 pro-

516 837 701 897 pterea
749 828 889 896 quod
936 829 1141 893 hostes,
1184 828 1467 883 obsidione
1509 829 1731 895 omissa,
1780 829 1833 883 in
1878 828 2093 884 insidiis

517 918 789 982 collocati,
845 917 1133 973 nonnullos
1185 932 1400 985 pueros,
1444 919 1536 988 qui
1579 926 1707 973 ante
1768 917 2095 974 munitiones

520 1025 713 1081 greges
745 1012 1059 1079 pascebant,
1093 1011 1425 1080 rapuissent,
1463 1024 1599 1080 quos
1629 1011 1731 1067 nisi
1763 1010 2092 1079 reciperent,

518 1102 763 1170 captivos
806 1100 927 1171 jure
956 1100 1077 1154 belli
1125 1101 1228 1157 sibi
1264 1101 1581 1171 acquisitos,
1613 1100 1838 1157 minime
1870 1102 2092 1156 restitu-

518 1201 687 1247 turos.
731 1190 853 1246 Haec
896 1192 1279 1259 renuntiarunt
1312 1193 1402 1262 qui
1452 1193 1521 1247 ad
1556 1192 1897 1251 Asimuntios
1942 1192 2093 1248 missi

520 1284 754 1339 fuerant.
782 1285 990 1350 Quibus
1015 1286 1233 1353 auditis,
1266 1286 1595 1357 Scytharum
1623 1287 1733 1355 regi
1756 1295 1809 1341 et
1830 1284 2095 1343 Romanis

516 1374 851 1443 principibus
882 1374 1083 1445 placuit
1133 1376 1342 1444 exquiri
1379 1391 1599 1445 pueros,
1636 1391 1772 1447 quos
1802 1373 2091 1431 Asimuntii

523 1476 842 1536 raptosesse
869 1468 1257 1537 querebantur.
1288 1467 1395 1523 Sed
1433 1469 1651 1524 nemine
1682 1474 1919 1536 reperto,
1956 1466 2091 1520 Bar-

502 1558 633 1629 bari
675 1558 743 1611 ab
778 1557 1092 1613 Asimuutiis
1120 1559 1262 1627 capti
1310 1565 1437 1613 sunt
1466 1557 1697 1619 dimissi,
1729 1556 1880 1626 prius
1912 1564 2091 1610 tamen

522 1650 623 1703 ﬁde
656 1663 683 1699 a
719 1646 932 1717 Scythis
972 1656 1214 1717 accepta,
1239 1663 1345 1703 non
1370 1662 1491 1705 esse
1524 1648 1671 1717 apud
1705 1649 1847 1716 ipsos
1877 1660 2090 1717 pueros.

515 1738 839 1793 Juraverunt
862 1738 1025 1793 etiam
1055 1739 1369 1803 Asimuntii,
1402 1752 1460 1792 se
1486 1737 1778 1803 Romanos,
1815 1738 1906 1806 qui
1937 1738 2001 1792 ad
2030 1752 2090 1792 se

504 1818 849 1899 ‘ell'ugissent,
874 1828 1128 1885 libertate
1167 1829 1420 1893 donasse,
1453 1829 1703 1897 quamvis
1746 1829 1920 1883 adhuc
1951 1829 2089 1883 mul-

517 1931 600 1977 tos
631 1922 685 1975 in
721 1936 818 1977 sua
845 1929 1114 1991 potestate
1157 1913 1436 1975 haberent.
1482 1919 1594 1974 Nec
1623 1921 1766 1976 enim
1807 1921 1909 1976 sibi
1951 1921 2092 1991 peie-

518 2028 666 2069 rasse
688 2011 1031 2078 videbantur,
1057 2012 1219 2066 modo
1239 2025 1365 2066 suos
1388 2026 1415 2065 a
1437 2010 1799 2066 Barbarorum
1828 2013 2090 2069 servitute

516 2105 695 2159 salvos
718 2110 771 2159 et
800 2102 1097 2158 incolumes
1121 2111 1463 2172 praestarent.

504 2262 505 2265 η
585 2199 640 2255 4.
682 2199 819 2255 Pace
849 2197 1013 2266 facta,
1044 2197 1239 2255 Attilas
1266 2213 1458 2253 rursus
1480 2198 1685 2269 legatos
1712 2199 1779 2256 ad
1812 2198 2088 2257 Romanos

514 2291 807 2371 orientales
840 2291 1025 2357 mittit,
1066 2291 1155 2360 qui
1197 2291 1507 2362 transfugas
1535 2302 1864 2362 repeterent.
1905 2296 1973 2349 At
2008 2293 2084 2348 illi

521 2386 726 2455 legatos
751 2383 999 2454 plurimis
1031 2383 1187 2441 donis
1209 2394 1452 2449 ornatos,
1476 2398 1598 2439 cum
1624 2384 1799 2439 nullos
1834 2384 2088 2455 perfugas

515 2478 654 2546 apud
703 2491 764 2533 se
802 2490 923 2533 esse
966 2484 1397 2540 asseverassent,
1446 2475 1789 2529 dimiserunt.
1844 2475 1989 2533 Misit
2030 2487 2087 2533 et

516 2571 710 2625 iterum
737 2568 931 2623 Attilas
958 2565 1116 2631 alios,
1146 2566 1343 2635 quibus
1369 2579 1473 2619 non
1510 2564 1689 2619 minus
1728 2566 1925 2637 amplis
1966 2583 2088 2623 mu-

517 2657 734 2712 neribus
794 2655 999 2720 ditatis,
1040 2655 1195 2708 tertia
1241 2654 1309 2708 ab
1365 2668 1452 2717 eo,
1506 2663 1629 2723 post
1685 2654 1832 2711 illam
1899 2656 2084 2714 itidem

515 2759 707 2815 quarta
747 2746 938 2814 legatio
971 2745 1208 2801 advenit.
1253 2743 1347 2799 Ille
1374 2746 1518 2800 enim
1558 2745 1925 2804 Romanorum
1954 2750 2087 2807 libe-

518 2836 809 2901 ralitatem,
856 2836 1313 2909 qua'utcbantur,
1353 2836 1533 2902 veriti,
1591 2851 1660 2893 ne
1714 2853 1744 2894 a
1791 2838 2088 2897 {ruderibus

516 2926 1115 3001 Barbaridiscedereut,
1144 2926 1250 2996 37
1275 2927 1506 2985 ludibrio
1530 2928 1753 2997 habens,
1778 2945 1945 2987 novas
1966 2934 2087 2988 sub-

516 3020 642 3075 inde
713 3032 908 3075 causas
957 3018 1210 3089 tingcbat,
1267 3027 1322 3074 et
1356 3034 1521 3077 vanas
1582 3022 1898 3078 occasiones
1943 3023 2087 3094 lega-

2196 554 2370 625 θερίᾳ,
2404 554 2616 617 Σκύθας
2647 554 2702 606 δέ
2733 554 2892 617 ὅσους
2924 554 3306 623 αἰχμαλώτους
3335 556 3525 611 ἔλαϐον
3566 560 3778 633 ἀνῃρη-

2196 645 2373 706 κέναι,
2408 644 2501 696 δύο
2537 645 2592 697 δὲ
2631 643 2996 707 συλλαϐόντας
3020 644 3166 714 ἔχειν
3198 644 3287 698 διά
3304 648 3365 698 τδ
3394 647 3489 700 καὶ
3519 650 3643 712 τοὺς
3677 667 3786 703 πε-

2193 735 2414 806 λεμίους
2451 737 2589 807 μετᾶ
2641 736 2740 808 τὴν
2766 736 3068 807 γενομένην
3104 736 3197 791 ἐπὶ
3231 739 3424 807 χράνον
3455 740 3785 810 πολιορκίαν

2186 826 2256 892 ἐξ
2276 828 2497 897 ἐνέδρας
2525 826 2882 893 ἐπιθεμένους
2908 826 3015 880 τῶν
3036 827 3142 898 πρὸ
3167 829 3262 882 τοῦ
3289 831 3550 901 φρουρίου
3580 835 3780 901 νεμόν-

2194 935 2302 972 των
2347 918 2552 971 παίδων
2596 918 2843 988 ἁρπάσαι
2891 918 3064 984 τινὰς,
3098 917 3198 981 οὓς
3224 920 3272 972 εί
3308 921 3382 990 μὴ
3422 922 3774 988 ἀπολάϐοιεν,

2194 1009 2317 1063 οὐδὲ
2376 1010 2502 1070 τοὺς
2552 1007 2703 1079 νόμῳ
2759 1008 2998 1079 πολέμου
3061 1008 3361 1079 κτηθέντας
3447 1012 3773 1073 ἀποδώσειν.

2190 1097 2383 1152 Ταῦτα
2426 1098 2878 1165 ἀπαγγειλάντων
2930 1098 3040 1151 τῶν
3095 1101 3247 1169 παρά
3304 1101 3432 1164 τοὺς
3474 1101 3777 1174 Ἀσημουν-

2194 1190 2343 1254 τίους
2396 1191 2735 1260 ἀφιγμένων,
2771 1188 2850 1261 τῷ
2900 1207 2960 1242 τε
3015 1190 3241 1244 Σκυθῶν
3292 1192 3504 1263 βασιλεί
3534 1197 3628 1247 καὶ
3659 1201 3776 1260 τοῖς

2199 1280 2502 1352 Ῥωμαίοις
2539 1280 2800 1351 ἄρχουσιν
2822 1280 2999 1332 ἐδόκει
3047 1280 3145 1349 μὲν
3175 1279 3568 1350 ἀναζητεϊσθαι
3597 1282 3692 1347 οὓς
3725 1287 3774 1336 οἱ

2207 1371 2590 1441 Ἀσημούντιοι
2636 1370 2845 1440 ἔφασαν
2878 1370 3160 1441 ἡρπάσθαι
3189 1371 3410 1435 παῖδας,
3456 1373 3669 1436 οὐδενὸς
3716 1375 3773 1427 δὲ

2196 1464 2480 1531 φανέντος,
2510 1464 2558 1516 oi
2588 1463 2740 1534 παρά
2763 1464 2875 1525 τοῖς
2910 1463 3317 1533 Ἀσημουντίοις
3370 1463 3641 1536 Βάρϐαροι
3671 1468 3781 1519 ἀπ-

2196 1553 2475 1624 εδόθησαν,
2508 1553 2720 1617 πίστεις
2751 1553 2861 1607 τῶν
2894 1553 3117 1607 Σκυθῶν
3146 1553 3344 1607 δόντων
3377 1554 3453 1618 ὡς
3502 1558 3631 1627 παρ’
3672 1559 3771 1610 αύ-

2196 1646 2307 1708 τοῖς
2326 1645 2376 1697 οἱ
2407 1644 2592 1707 παῖδες
2614 1645 2713 1697 οὐκ
2743 1645 2933 1714 εἴησαν
2953 1644 3021 1698 ⁸⁷.
3064 1644 3415 1715 Ἐπώμνυντο
3437 1646 3481 1678 ⁸⁸
3509 1647 3567 1699 δὲ
3600 1650 3696 1701 καὶ
3722 1651 3770 1701 οἱ

2208 1736 2609 1806 Ἀσημούντιοι,
2640 1736 2717 1799 ὡς
2754 1736 2806 1789 oi
2838 1736 2986 1807 παρά
3013 1738 3154 1805 σφᾶς
3183 1738 3595 1806 καταφυγόντες
3640 1740 3771 1793 Ῥω-

2196 1830 2344 1897 μαῖοι
2385 1828 2473 1881 ἐπ’
2519 1826 2802 1898 ἐλευθερίᾳ
2830 1827 3151 1898 ἀφείθησαν.
3194 1829 3431 1899 Ὄμνυον
3462 1829 3537 1895 δέ,
3566 1832 3775 1901 καίπερ

2191 1918 2343 1991 παρά
2402 1918 2587 1986 σφίσιν
2632 1918 2800 1972 ὄντων
2857 1918 3183 1989 Ῥωμαίων·
3227 1919 3287 1972 ού
3348 1921 3457 1991 γάρ
3512 1922 3771 1992 ἐπίορκον

2189 2013 2359 2082 ᾤοντο
2399 2012 2561 2082 ὅρκον
2608 2010 2839 2082 ὀμνύναι
2879 2011 2975 2064 ἐπὶ
3012 2013 3079 2081 τῇ
3128 2012 3373 2083 σωτηρίᾳ
3411 2012 3519 2067 τῶν
3555 2014 3621 2067 ἐκ
3667 2017 3767 2068 τοῦ

2192 2107 2462 2177 σφετέρου
2491 2106 2687 2174 γένους
2713 2105 2944 2175 ἀνδρῶν.

2257 2197 2323 2252 δ’.
2355 2198 2479 2251 Ὀτι
2507 2195 2814 2267 γενομένων
2849 2196 2958 2249 τῶν
3005 2196 3272 2263 σπονδῶν,
3308 2196 3575 2268 Ἀττήλας
3607 2194 3769 2263 αὖθις

2188 2288 2343 2361 παρά
2380 2290 2507 2352 τοὺς
2536 2288 2705 2358 ἐῴους
2734 2287 2948 2358 έπεμψε
2984 2270 3268 2359 πρέσϐείς,
3306 2290 3551 2359 φυγάδας
3578 2293 3767 2347 αίτῶν.

2190 2380 2254 2433 Οἱ
2282 2379 2338 2433 δέ
2374 2380 2501 2443 τοὺς
2532 2378 3010 2450 πρεσϐευομένους
3054 2379 3336 2449 δεξάμενοι
3367 2381 3460 2434 καὶ
3494 2381 3767 2448 πλείστοις

2185 2467 2381 2538 δώροις
2427 2467 2864 2538 θεραπεύσαντες
2941 2468 3302 2539 ἀπέπεμψαν,
3384 2472 3637 2540 φυγάδας
3694 2476 3767 2543 μὴ

2187 2558 2330 2629 ἔχειν
2361 2559 2652 2631 φήσαντες.
2686 2558 2857 2615 Πάλιν
2895 2561 3115 2631 ἑτέρους
3143 2561 3377 2632 ἔπεμψε,
3428 2581 3769 2634 χρηματισα-

2190 2650 2367 2722 μένων
2395 2650 2451 2704 δὲ
2484 2651 2575 2704 καὶ
2601 2651 2802 2717 αὐτῶν,
2831 2651 2984 2723 τρίτη
3012 2653 3342 2723 παρεγένετο
3366 2656 3650 2724 πρεσϐεία,
3675 2658 3765 2709 καὶ

2185 2740 2420 2810 τετάρτη
2455 2740 2575 2810 μετ’
2610 2740 2800 2810 αὐτήν.
2844 2740 2902 2793 '0
2930 2739 3040 2810 γὰρ
3081 2743 3139 2805 ἐς
3187 2741 3285 2812 τὴν
3322 2741 3609 2813 Ῥωμαίων
3656 2745 3763 2809 ἀφ-

2185 2834 2327 2904 ορῶν
2364 2832 2696 2903 φιλοτιμίαν,
2728 2833 2796 2904 ἢν
2826 2833 3107 2888 ἐποιοῦντο
3139 2835 3397 2908 εὐλαϐείᾳ
3415 2838 3508 2891 τοῦ
3539 2840 3615 2909 μὴ
3656 2857 3758 2891 πα-

2188 2925 2501 2994 ραϐαθῆναι
2546 2925 2648 2987 τὰς
2706 2923 2959 2991 σπονδὰς,
3004 2926 3165 2989 ὅσους
3195 2926 3304 2980 τῶν
3335 2928 3660 2999 ἐπιτηδείων
3701 2926 3758 2983 εὖ

2184 3019 2368 3071 ποιεῖν
2403 3016 2684 3082 ἐϐούλετο,
2713 3016 2927 3088 ἔπεμπε
2950 3018 3080 3088 παρ’
3110 3018 3329 3083 αὐτοὺς,
3354 3019 3534 3084 αἰτίας
3553 3039 3612 3074 τε
3631 3024 3762 3076 ἀνα-

519 3122 694 3166 torum
728 3108 1111 3166 mittendorum
1137 3111 1501 3182 excogitabat,
1530 3120 1582 3167 et
1607 3112 1674 3166 ad
1699 3127 1827 3170 suos
1847 3127 2088 3169 necessa-

2196 3107 2448 3162 πλάττων
2499 3108 2593 3162 καὶ⁸
2650 3109 2951 3179 προφάσεις
3009 3110 3355 3181 ἐφευρίσκων
3404 3113 3587 3176 κενάς.
3615 3115 3675 3167 Oi
3707 3115 3761 3167 δὲ

516 3205 649 3269 rios,
669 3218 806 3274 quos
828 3202 1154 3259 liberalitate
1179 3217 1376 3259 ornare
1395 3204 1630 3272 volebat,
1657 3219 1748 3261 eas
1789 3206 2085 3274 legationes

518 3296 814 3353 deferebat.
860 3294 1091 3349 Romani
1134 3309 1263 3349 vero
1302 3295 1355 3349 in
1404 3296 1656 3351 omnibus
1696 3297 1856 3352 rebus
1907 3296 2086 3352 Attilae

517 3390 661 3444 dicto
695 3384 978 3442 audientes
1014 3394 1189 3449 erant,
1232 3392 1287 3438 et
1324 3399 1444 3454 qum
1483 3386 1851 3454 praecipiebat,
1881 3387 2083 3443 domini

513 3476 663 3546 iussa
688 3476 976 3530 ducebant.
1010 3472 1127 3528 Non
1151 3474 1325 3528 solum
1361 3474 1503 3529 enim
1536 3489 1565 3528 a
1589 3474 1729 3531 bello
1752 3486 1937 3530 contra
1962 3491 2083 3531 eum

517 3565 861 3637 suscipiendo
903 3579 1092 3621 eorum
1152 3565 1389 3621 rationes
1444 3566 1825 3631 abhorrebant,
1879 3570 1973 3623 sed
2031 3575 2085 3622 et

519 3660 767 3725 Parthos,
798 3659 887 3729 qui
925 3657 1123 3713 bellum
1177 3661 1530 3728 apparabant,
1571 3667 1628 3715 et
1661 3659 1947 3725 Vandalus,
1992 3660 2083 3729 qui

520 3751 819 3809 maritimas
850 3763 975 3805 oras
1007 3749 1297 3813 vexabant,
1329 3759 1383 3805 et
1408 3749 1639 3816 lsauros,
1684 3750 1775 3821 qui
1806 3752 1999 3821 praedis
2031 3762 2086 3807 et

514 3843 720 3913 rapinis
746 3843 1153 3910 grassabantur,
1186 3849 1241 3895 et
1277 3840 1600 3909 Saracenos,
1626 3844 1718 3914 qui
1749 3844 1994 3915 regiones
2015 3846 2081 3901 ad

514 3932 791 3989 Orientem
859 3933 1268 3991 excursionibus
1336 3926 1653 3998 vastabant,
1741 3938 2077 3992 mutuebant.

517 4025 780 4082 Praeterea
813 4034 1000 4096 gentes
1036 4024 1353 4095 Ethiopum
1380 4026 1434 4082 in
1471 4028 1641 4083 armis
1670 4037 1845 4084 erant;
1895 4027 2083 4099 Itaque

2189 3202 2352 3257 παντὶ
2382 3202 2716 3273 ύπήκουον³¹⁹
2739 3200 3098 3271 ἐπιτάγματι,
3129 3203 3221 3256 καὶ
3250 3202 3511 3257 δεσπότου
3536 3205 3766 3275 ἡγοῦντο

2186 3292 2247 3345 τὸ
2279 3292 2628 3363 πρόσταγμα,
2660 3291 2797 3362 ὅπερ
2827 3290 2894 3344 ἂν
2917 3292 3123 3355 ἐκεῖνος
3137 3291 3184 3323 ⁸ο
3207 3309 3281 3345 πα
3290 3293 3675 3363 ρακελεύσαιτο
3696 3298 3759 3349 ⁸³.

2187 3382 2262 3436 Ού
2294 3382 2403 3452 γὰρ
2427 3381 2588 3451 μόνὸν
2614 3379 2706 3434 τὸν
2746 3381 2884 3451 πρὸς
2914 3380 3075 3435 αὐτὸν
3101 3382 3385 3437 ἀνελέσθαι
3416 3384 3652 3456 πόλεμον
3676 3388 3765 3439 εῦ-

2186 3471 2437 3537 λαϐοῦτο,
2472 3471 2608 3525 ἀλλά
2642 3473 2738 3525 καὶ
2768 3471 3117 3541 Παρθυαίους
3164 3475 3224 3526 ἐν
3266 3480 3589 3546 παρασκευῇ
3626 3495 3763 3546 τυγο

2186 3562 2452 3633 χάνοντας
2481 3562 2768 3627 ἐδεδίεσαν,
2800 3562 2895 3616 καὶ
2926 3564 3227 3635 Βανδήλους
3276 3565 3345 3619 τὰ
3388 3569 3527 3621 κατᾶ
3559 3569 3757 3623 θάλατ-

2184 3668 2284 3706 ταν
2326 3652 2716 3724 ταράττοντας,
2778 3655 3182 3726 καὶιἹσαύρους
3207 3655 3343 3727 πρὸς
3384 3658 3482 3727 τὴν
3506 3658 3763 3728 λῃστείαν

2182 3734 2648 3819 διανισταμένους,
2676 3751 2769 3805 καὶ
2796 3752 3149 3823 Σαρακηνοὺς
3175 3752 3273 3823 τῆς
3302 3754 3481 3808 αὐτῶν
3513 3756 3755 3827 ἐπικρα-

2182 3839 2338 3903 τείας
2368 3841 2468 3911 τὴν
2497 3840 2571 3895 ἐω
2601 3843 3057 3915 κατατρέχοντας,
3090 3846 3184 3898 καὶ
3209 3846 3275 3898 τὰ
3308 3845 3603 3900 Αίθιοπικά
3626 3850 3756 3920 ἔθνη

2185 3931 2573 4004 συνιστάμενα.
2601 3934 2692 3988 Διὸ
2723 3933 2787 4004 δὴ
2814 3936 3274 4006 τεταπεινωμένοι
3308 3937 3400 3991 τὸν
3442 3938 3759 4011 μένἊττὴ-

2183 4021 2281 4076 λαν
2312 4022 2663 4092 ἐθεράπευον,
2691 4025 2828 4096 πρὸς
2880 4026 2938 4079 δέ
2969 4025 3038 4080 τά
3086 4026 3251 4080 λοιπὰ
3292 4024 3421 4096 ἔθνη
3461 4029 3762 4099 ἐπειρῶντο

517 4113 745 4169 Romani
775 4115 969 4169 animis
1004 4114 1161 4170 fracti
1192 4113 1415 4170 Attilam
1445 4116 1714 4183 colebant,
1753 4119 1845 4173 sed
1873 4119 2081 4175 caeteris

2192 4115 2642 4186 παρατάττεσθαι,
2664 4117 2919 4189 δυνάμεις
2947 4135 3009 4173 τε
3063 4117 3408 4190 ἀθροίζοντες
3442 4119 3536 4173 καὶ
3588 4138 3757 4192 στρα-

510 4205 765 4274 gentibus
797 4205 1050 4261 resistere
1084 4205 1443 4272 conabantur,
1473 4207 1597 4262 dum
1641 4211 1911 4265 exercitus
1933 4224 2079 4266 com-

2192 4207 2381 4275 πηγοὺς
2400 4208 2846 4279 χειροτονοῦντες.

514 4298 802 4367 parabant,
834 4306 886 4350 et
930 4297 1093 4355 duces
1117 4298 1500 4354 sortiebantur.

516 4460 517 4463 γ
548 4446 551 4449 _
586 4390 640 4442 5.
667 4386 831 4459 (A.C.
856 4387 1115 4452 448,1ιι(1.
1140 4389 1191 4452 ι,
1218 4376 1427 4443 Theod.
1457 4387 1823 4460 41.)Ει1οεοη,
1847 4392 1929 4446 vir
1947 4390 2078 4464 Scy-

2252 4393 2313 4441 ε’.
2355 4388 2480 4441 Ὅτι
2515 4388 2609 4441 καὶ
2647 4388 2805 4456 αὖθις
2851 4391 3092 4463 Έδήκων
3115 4397 3160 4428 ⁵⁸
3188 4392 3293 4468 ἧκε
3327 4399 3593 4471 πρέσϐυς,
3616 4402 3759 4475 ἀνὴρ

516 4481 628 4549 tba,
660 4480 749 4550 qui
778 4480 1042 4534 maximas
1072 4479 1230 4535 resin
1250 4477 1391 4534 bello
1417 4489 1678 4548 gesserat,
1711 4482 1856 4535 venit
1886 4482 2079 4539 iterum

2192 4477 2421 4550 Σκύθης,
2464 4480 2695 4550 μέγιστα
2751 4483 2894 4538 κατὰ
2951 4484 3186 4558 πόλεμον
3218 4488 3354 4563 ἔργα
3389 4493 3761 4565 διαπραξάμεο

514 4571 721 4640 legatus
751 4584 873 4624 cum
903 4567 1118 4625 Oreste.
1151 4566 1251 4624 Hic
1278 4582 1476 4639 genere
1506 4566 1784 4626 Romanus
1812 4570 2078 4628 Paeoniam

2192 4588 2293 4637 νος,
2353 4572 2450 4625 σὺν
2496 4572 2745 4646 Ὀρέστῃ,
2800 4574 2860 4638 ὃς
2906 4576 3001 4629 τοῦ
3068 4577 3379 4651 Ῥωμαϊκοῦ
3439 4585 3629 4652 γένους
3679 4585 3758 4637 ῶν

513 4660 810 4729 regionem,
839 4661 906 4714 ad
928 4658 1093 4714 Saum
1126 4658 1325 4716 ﬂumen
1354 4660 1536 4725 sitam,
1556 4660 1844 4725 incolebat,
1875 4679 1996 4733 quae
2015 4678 2081 4720 ex

2192 4663 2317 4733 ῷκει
2345 4663 2444 4735 τὴν
2474 4665 2607 4735 πρὸς
2634 4665 2713 4735 τῷ
2748 4666 2869 4738 Σάῳ
2899 4670 3133 4741 ποταμῷ
3162 4672 3406 4726 Παιόνων
3444 4674 3645 4745 χώραν,
3679 4676 3757 4747 τῷ

514 4751 716 4807 foedere
739 4751 873 4807 inito
909 4766 1031 4809 cum
1058 4752 1236 4817 Aetio,
1267 4753 1633 4810 Romanorum
1667 4756 2080 4812 occidentalium

2192 4754 2448 4827 βαρϐάρῳ
2468 4756 2611 4810 κατά
2638 4759 2736 4821 τὰς
2769 4758 2977 4815 Ἀετίου
3011 4762 3325 4833 στρατηγοῦ
3350 4762 3460 4817 τῶν
3485 4765 3755 4835 ἐσπερίων

517 4843 674 4909 duce,
725 4843 957 4903 barbaro
981 4843 1224 4915 parebat.
1268 4845 1455 4914 Itaque
1486 4845 1699 4902 Edecon
1736 4847 1788 4902 in
1822 4846 2080 4915 palatium

2195 4845 2483 4919 Ῥωμαίων
2513 4850 2789 4921 συνθήκας
2819 4852 3223 4907 ὑπακούουσαν.
3256 4847 3425 4918 Οὗτος
3450 4856 3478 4908 ὁ
3518 4856 3759 4926 Ἐδὴκων

513 4934 805 5001 admissus,
843 4934 1153 5003 imperatori
1186 4936 1394 4991 litteras
1413 4935 1594 4991 Attila
1616 4937 1854 5003 tradidit,
1883 4938 1935 4992 in
1957 4938 2080 5008 qui-

2192 4940 2243 5003 ἐς
2267 4943 2335 4995 τὰ
2366 4940 2614 5011 βασίλεια
2642 4943 2930 5014 παρελθὼν
2957 4943 3211 4998 ἀπεδίδου
3236 4945 3306 4998 τὰ
3329 4946 3481 5017 παρά
3524 4947 3758 5017 ’Δττήλα

513 5024 611 5081 bus
635 5025 701 5081 de
731 5023 1023 5096 transfugis
1058 5041 1164 5082 non
1208 5028 1433 5084 redditis
1457 5029 1804 5098 querebatur,
1844 5030 1935 5100 qui
1974 5030 2076 5086 nisi

2192 5034 2514 5105 γράμματα,
2548 5036 2607 5088 ἐν
2640 5029 2718 5099 οἷς
2754 5037 2991 5090 ἐποιεῖτο
3020 5038 3148 5100 τοὺς
3184 5036 3489 5108 Ῥωμαίους
3522 5040 3580 5091 ἐν
3606 5041 3761 5112 atri;

514 5116 885 5182 redderentur,
911 5126 966 5171 et
1000 5116 1230 5173 Romani
1252 5133 1279 5171 a
1307 5118 1526 5174 colenda
1555 5131 1697 5175 terra
1718 5119 2076 5187 abstinerent,

2192 5125 2292 5177 τῶν
2338 5125 2590 5194 φυγάδων
2641 5126 2800 5196 πέρι·
2832 5127 2949 5181 ἀνθ’
2977 5120 3051 5183 ὧν
3091 5128 3307 5199 ἠπείλει
3358 5130 3452 5182 ἐπὶ
3501 5129 3569 5183 τά
3616 5131 3760 5184 ὅπλα

513 5222 672 5279 quam
705 5207 845 5263 bello
888 5216 1097 5277 captam
1130 5222 1241 5264 sure
1265 5207 1472 5277 Lditioni
1502 5209 1796 5279 adjecerat,
1828 5211 1895 5265 ad
1924 5225 2076 5267 arma

2192 5219 2398 5288 χωρεῖν,
2429 5218 2477 5270 εί
2513 5217 2588 5290 μὴ
2640 5218 2948 5274 ἀπώοθεῖεν
2994 5219 3142 5291 αύτῷ
3171 5221 3264 5275 καὶ
3295 5220 3585 5290 ἀφέξονται
3631 5223 3767 5275 Ῥω-

512 5316 572 5358 se
596 5300 794 5357 iturum
836 5300 1163 5356 minabatur.
1205 5300 1278 5355 Ea
1313 5315 1440 5355 vero
1488 5302 1783 5357 secundum
1818 5301 2012 5358 Istrum
2042 5318 2075 5360 a

2192 5311 2334 5379 μαῖοι
2367 5308 2464 5378 τὴν
2483 5308 2823 5381 δορυάλωτον
2841 5312 3125 5383 ἀροῦντες.
3163 5310 3316 5366 Εἶναι
3355 5313 3412 5367 δέ
3452 5313 3627 5384 μῆκος
3660 5316 3764 5385 μὲν

510 5392 793 5449 Paeonibus
816 5394 880 5445 ad
908 5392 1084 5451 Novas
1115 5407 1292 5463 usque
1316 5393 1367 5446 in
1408 5391 1637 5446 Thracia
1672 5394 1805 5448 sitas
1830 5394 1881 5449 in
1906 5395 2074 5467 longi-

2192 5405 2352 5474 αὐτῆς
2386 5406 2524 5460 κατὰ
2548 5406 2608 5459 τὸ
2638 5405 2815 5477 ῥεῦμα
2857 5406 2950 5461 τοῦ
2984 5409 3199 5478 Ἴστρου
3237 5409 3346 5463 ἀπὸ
3372 5410 3470 5480 τῆς
3513 5410 3765 5462 Παιόνων

512 5485 750 5540 tudinem
772 5483 1185 5564 extendebatur.
1218 5483 1466 5539 Latitudo
1491 5496 1667 5539 autem
1694 5496 1808 5540 erat
1842 5489 2078 5557 quinque

2192 5495 2309 5566 ἄχρι
2332 5494 2521 5549 Νοϐῶν
2547 5496 2657 5549 τῶν
2684 5495 2958 5568 Θρᾳκίων,
2988 5498 3048 5553 τὸ
3071 5498 3127 5553 δέ
3153 5499 3317 5570 βάθος
3338 5500 3505 5556 πέντε
3532 5500 3763 5573 ἡμερῶν

1775 5605 2012 5662 VARle
2052 5607 2454 5664 LECTIONES.

658 5691 1010 5775 gutois'vnlg.
1033 5763 1055 5775 -
1088 5697 1133 5730 ³⁷
1172 5693 1556 5775 είξιιτιτσιν.)τυιε.⁹
1601 5695 1738 5775 eight
1765 5697 2016 5775 coniugii.
2098 5698 2143 5730 ⁵⁸
2177 5698 2530 5775 ἐπωμνύοντο
2558 5698 2706 5775 vulg.
2739 5697 3130 5775 u”_t?_1r_'l}xouoy
3152 5698 3299 5775 ναξ,
3320 5702 3580 5775 Δὑπήκοον
3604 5701 3760 5775 vulg.

508 5760 554 5791 ⁸ο
585 5761 788 5820 ἐκεῖνος
814 5759 910 5827 H.,
939 5759 1116 5818 ἐκεῖνο
1138 5765 1283 5831 vulg.
1358 5762 1399 5793 “
1433 5759 1901 5836 πᾶρακελεύσαιτο
1926 5767 2009 5835 B.,
2033 5759 2477 5839 παρεκελεύσατο
2513 5759 2684 5841 ηιιεῖ
2734 5769 2780 5805 ⁶¹
2809 5759 3181 5825 alibi-rectius
3217 5759 3450 5828 Ἐδέκωύ
