4010 6210
344 267 452 336 685

1143 280 1240 341 DE
1280 279 1845 345 LEGATIONIBUS
1883 283 2238 346 GENTIUM
2285 287 2386 348 AD
2426 286 2805 354 ROMANOS.

3496 303 3604 365 686

343 390 487 445 ὁδόν.
530 392 643 446 Καὶ
672 392 771 464 τὴν
796 394 1010 466 ἀγορὰν
1052 396 1150 466 τὴν
1180 399 1239 451 ἐν
1283 399 1561 469 Ἰλλυριοῖς
1594 400 1667 472 μὴ
1697 402 1832 472 πρὸς
1865 404 1929 472 τῇ

2035 402 2240 456 dierum
2296 403 2507 459 itinere.
2554 404 2739 477 Neque
2790 421 2917 464 vero
2971 408 3143 466 forum
3208 412 3495 481 celebrari,
3544 432 3603 473 ut

344 482 481 553 ὄχθῃ
509 482 602 535 τοῦ
634 485 851 552 Ἴστρου
891 489 1141 557 ποταμοῦ
1174 489 1443 555 γίνεσθαι,
1475 490 1665 560 ὥσπερ
1696 493 1790 545 καὶ
1821 495 1928 547 πᾶ-

347 572 461 636 λαι,
492 573 608 627 ἀλλ’
648 576 705 627 ἐν
752 577 999 647 Ναῑσσῷ,
1031 581 1097 648 ἥν
1142 579 1309 649 δριον,
1372 581 1449 643 ὡς
1479 582 1567 635 ἐπ’
1592 582 1759 635 αὑτοῦ
1796 583 1930 655 δῃωο

348 662 557 727 θεῖσαν,
610 666 712 735 τῆς
766 668 988 721 Σκυθῶν
1038 670 1133 723 καλ⁵
1185 671 1475 741 Ῥωμαίων
1529 672 1740 727 ἐτίθετο
1800 676 1925 745 γῆς,

351 752 514 808 πέντε
541 756 765 826 ἡμερῶν
794 758 913 812 ὁδὸν
952 759 1175 830 εὐζώνῳ
1206 762 1363 833 ἀνδρὶ
1408 762 1503 816 τοῦ
1539 765 1756 836 Ἴστρου
1818 767 1927 820 ὰπ-

352 844 585 915 ἐχουσαν
616 852 881 920 ποταμοῦ.
917 852 1185 923 Πρέσϐεις
1223 854 1282 906 δὲ
1323 856 1574 910 ἐκέλευσε
1604 856 1741 927 πρὸς
1766 858 1927 913 αὑτὸν

352 939 699 1006 ἀφικνεῖσθαι
731 943 858 1006 τοὺς
899 945 1029 1015 περὶ
1093 945 1201 999 τῶν
1249 948 1570 1017 ἀμφιϐόλων
1607 949 1923 1022 διαλεξομέ-

352 1045 499 1093 νους,
524 1029 587 1082 οὑ
623 1031 735 1084 τῶν
775 1031 1164 1104 ἐπιτυχόντων,
1205 1036 1342 1091 ἀλλὰ
1373 1038 1482 1092 τῶν
1524 1039 1805 1094 ὑπατικῶν
1833 1042 1927 1096 ἁν-

347 1114 493 1185 δρῶν
522 1118 647 1182 τοὺς
672 1121 993 1189 μεγίστους·
1020 1123 1113 1189 οὓς
1140 1127 1187 1178 εί
1218 1126 1527 1198 ἐκπέμπειν
1546 1128 1919 1200 εὑλαόηθεϊεν,

348 1207 513 1259 αὑτὸν
561 1208 851 1281 δεξάμενον
877 1215 922 1245 ⁸³
947 1217 1089 1283 σφᾶς
1118 1217 1177 1277 ἐς
1212 1218 1311 1289 τὴν
1337 1218 1609 1291 Σαρδικὴν
1634 1222 1921 1293 διαϐήσεσ-

346 1296 456 1350 θαι.
484 1296 701 1355 Τούτων
734 1304 1192 1371 ἀναγνωσθέντων
1232 1308 1445 1378 βασιλεῖ
1495 1313 1603 1365 τῶν
1653 1314 1918 1384 γραμμά-

345 1399 473 1451 των,
502 1389 580 1454 ὡς
609 1392 912 1463 ὑπεξῆλθεν
932 1398 959 1445 ὀ
998 1397 1236 1467 Ἐδήκων
1269 1402 1365 1454 σὺν
1392 1401 1469 1471 τῷ
1499 1402 1690 1474 Βιγίλᾳ
1741 1404 1920 1474 ἑρμη-

340 1479 599 1533 νεύσαντι
630 1486 843 1554 ὅσαπερ
868 1487 896 1538 ὁ
935 1485 1214 1560 βάρϐαρος
1256 1491 1364 1544 ἀπὸ
1410 1493 1677 1563 στόματος
1710 1495 1918 1565 ἔφρασε

343 1569 452 1620 τῶν
490 1571 718 1643 Ἀττήλᾳ
736 1572 1092 1646 δεδογμένων,
1117 1581 1211 1632 καὶ
1231 1581 1289 1644 ἐς
1321 1581 1539 1651 ἐτέρους
1567 1582 1750 1647 οἴκους
1780 1600 1917 1655 παρ-

344 1661 562 1727 εγένετο
602 1662 741 1717 ὥστε
774 1666 935 1721 αὑτὸν
981 1669 1285 1743 Χρυσαφίῳ
1332 1673 1427 1726 τοῦ
1480 1674 1741 1744 βασιλέως
1776 1677 1917 1731 ὑπαο

2036 492 2184 555 olim,
2227 493 2293 546 ad
2331 494 2499 563 ripam
2538 495 2659 550 lstri
2708 497 2940 565 volebat,
2970 502 3062 556 sed
3101 502 3151 557 in
3193 504 3401 571 Naisso,
3440 524 3601 576 quam

2035 584 2223 638 urbem
2252 599 2282 638 a
2312 599 2372 639 se
2398 598 2610 656 captam
2646 599 2700 644 et
2730 589 2968 647 dirutam
2997 593 3237 664 quinque
3271 598 3479 654 dierum
3513 602 3605 655 iti-

2032 688 2160 729 nere
2202 677 2457 745 expedito
2498 679 2703 735 homini
2743 681 2811 737 ab
2839 684 2981 740 Istro
3016 686 3328 757 distantem,
3368 689 3604 764 Scytha-

2032 779 2148 818 rum
2192 776 2247 821 et
2292 767 2662 825 Romanorum
2701 773 2921 831 ditionis
2951 777 3176 834 limitem
3215 783 3599 843 constituebat.

2030 852 2262 924 Legatos
2301 873 2518 930 quoque
2578 861 2644 916 ad
2698 876 2757 918 se
2803 866 2989 922 venire
3029 868 3195 937 jussit
3249 883 3602 933 controversa

2028 947 2451 1017 disceptaturas,
2481 966 2586 1008 non
2626 969 2693 1009 ex
2734 956 2972 1025 quolibet
3011 959 3289 1017 hominum
3320 979 3517 1035 genere
3548 978 3605 1023 et.

2022 1038 2238 1105 ordine,
2258 1040 2351 1095 sed
2374 1054 2441 1095 ex
2475 1042 2849 1101 consularibus
2871 1046 3219 1118 illustriores,
3247 1055 3450 1123 quossi
3479 1058 3604 1111 mit-

2027 1138 2141 1184 tere
2169 1129 2591 1197 intermiserint,
2628 1149 2687 1189 se
2717 1135 2891 1204 ipsum
2927 1139 2993 1193 ad
3030 1152 3123 1196 eos
3163 1147 3517 1203 arcessendos
3546 1148 3601 1201 in

2025 1217 2303 1272 Sardicam
2324 1220 2728 1277 descensurum.
2752 1222 2845 1279 His
2865 1224 3247 1297 litterislectis,
3269 1232 3515 1302 digresso
3533 1238 3601 1290 ab

2023 1308 2344 1377 imperatore
2364 1310 2630 1379 Edecone,
2655 1328 2776 1369 cum
2809 1313 2998 1385 Bigila,
3026 1318 3117 1388 qui
3142 1334 3225 1385 ea,
3258 1337 3378 1391 qua;
3404 1324 3600 1381 Attilas

2020 1402 2201 1456 verbis
2220 1404 2513 1473 imperator
2530 1405 2833 1463 denuntiari
2851 1408 3036 1476 voluit,
3059 1409 3443 1481 interpretatus
3462 1427 3599 1485 erat,

2024 1504 2147 1546 cum
2176 1492 2413 1562 reliquas
2437 1510 2649 1566 quoque
2673 1502 2861 1554 domos
2876 1500 3067 1569 obiret,
3096 1513 3155 1557 ut
3180 1504 3231 1557 in
3256 1516 3599 1577 conspectum

2017 1579 2343 1653 Cbrysaphii
2372 1587 2639 1667 spatharii
2673 1588 3018 1657 imperatoris
3042 1594 3273 1660 veniret,
3312 1597 3400 1667 qui
3432 1600 3595 1667 pluri-

2019 1685 2168 1726 mum
2198 1662 2614 1730 auctoritate'et
2639 1676 2812 1745 gratia
2848 1678 2988 1747 apud
3033 1662 3599 1752 imperatorem-vale-

347 1757 568 1824 σπιστῇ,
596 1752 684 1808 οἷα
714 1757 778 1828 δὴ
795 1756 864 1812 τὰ
893 1737 1129 1830 μέγιστα
1150 1737 1460 1836 δυναμένῳ,
1480 1737 1547 1830 ’ἐς
1575 1766 1698 1837 ὄψιν
1720 1737 1913 1834 ἐλθεῖν,

2021 1764 2143 1829 bat,
2208 1760 2584 1822 admirabatur
2640 1737 2923 1826 'Barbaru's
2992 1737 3263 1841 regiarum
3342 1778 3601 1835 domuum

342 1842 702 1913 ἀπεθαύμασε
746 1846 847 1918 τὴν
872 1849 978 1903 τῶν
1024 1851 1312 1922 βασιλείων
1336 1855 1506 1909 οίκων
1536 1858 1913 1928 περιφάνειαν.

339 1932 563 2002 Βιγίλας
589 1935 667 2001 δὲ,
699 1936 777 2002 ὡς
800 1940 880 2011 τῷ
900 1942 1209 2015 Χρυσαφίῳ
1241 1946 1300 2010 ἐς
1327 1945 1519 2015 λόγους
1544 1943 1708 2019 ἦλθεν
1736 1949 1918 2021 όΒάρ-

337 2024 530 2093 δαρος,
566 2027 752 2097 ἔλεγεν
798 2032 1138 2103 ἑρμηνεύων,
1186 2035 1261 2099 ὡς
1325 2038 1626 2108 ὲπαινοίηδ
1676 2039 1916 2111 Ἐδήκων

342 2115 410 2166 τὰ
434 2115 678 2183 βασίλεια
704 2123 797 2174 καὶ
817 2124 910 2177 τὸν
934 2126 1085 2197 παρὰ
1116 2128 1305 2196 σφίσιν
1336 2130 1631 2201 μακαρίζοι
1665 2132 1913 2188 πλοῦτον.

360 2205 416 2258 Ὀ
445 2207 501 2260 δὲ
532 2210 848 2281 Χρυσάφιος
872 2215 1113 2284 ἔφασκεν
1152 2218 1371 2274 ἔσεσθαι
1415 2221 1509 2275 καὶ
1555 2224 1719 2277 αὑτὸν
1746 2226 1915 2279 οἴκων

342 2314 400 2349 τε
432 2304 817 2371 χρυσοστέγων
856 2308 951 2359 καὶ
1000 2304 1231 2364 πλούτου
1266 2312 1475 2384 κύριον,
1511 2314 1650 2383 εἴγε
1684 2318 1915 2388 περιίδοι

341 2389 443 2456 μὲν
479 2392 546 2445 τὰ
575 2395 727 2463 παρὰ
770 2397 1028 2463 Σκύθαις,
1066 2401 1244 2454 ἕλοιτο
1279 2402 1335 2455 δὲ
1366 2405 1435 2458 τὰ
1471 2405 1780 2475 Ῥωμαίων.
1807 2407 1914 2462 Τοῦ

337 2477 396 2530 δὲ
436 2480 897 2554 ἀποκριναμένου,
934 2489 1013 2553 ὡς
1043 2492 1139 2543 τὸν
1190 2492 1379 2561 ἐτέρου
1438 2495 1701 2551 δεσπότου
1750 2497 1913 2569 θερά-

339 2582 512 2623 ποντα
540 2572 669 2625 ἄνευ
700 2575 793 2628 τοῦ
818 2577 1010 2646 κυρίου
1046 2580 1108 2633 οὑ
1140 2579 1302 2651 θέμις
1326 2582 1486 2637 τοῦτο
1523 2589 1721 2651 ποιεῖν,
1748 2589 1913 2642 ἐπυν-

337 2657 576 2716 θάνετοὸ
605 2665 878 2737 εὐνοῦχος,
909 2669 965 2721 εῐ
982 2687 1047 2738 γε
1074 2671 1356 2739 ἀκώλυτος
1385 2676 1533 2748 αὑτῷ
1566 2679 1601 2749 ἡ
1637 2680 1786 2750 παρὰ
1819 2681 1911 2736 τὸν

352 2752 617 2825 Ἀττήλαν
670 2759 754 2829 εἴη
791 2761 1017 2828 εἴσοδος,
1066 2765 1161 2819 καὶ
1206 2765 1436 2839 δύναμιν
1479 2770 1635 2842 παρὰ
1676 2772 1913 2838 Σκύθαις

340 2844 513 2913 ἔχοιω
544 2848 684 2903 τινά.
716 2850 824 2903 Τοῦ
853 2852 911 2905 δὲ
941 2854 1406 2928 ἀποκριναμένου,
1451 2861 1530 2926 ὡς
1584 2863 1679 2917 καὶ
1717 2865 1912 2937 ἐπιτή-

334 2935 480 2999 δειος
506 2938 592 3006 εῐη
624 2940 703 3011 τῷ
739 2941 972 3015 ’Δττήλᾳ
1034 2948 1129 3000 καὶ
1172 2949 1274 3018 τὴν
1310 2950 1474 3005 αὑτοῦ
1532 2954 1649 3024 ἅμα
1674 2958 1785 3020 τοῖς
1833 2935 1915 3022 είς

2021 1856 2503 1927 magniﬁcentiam.
2526 1857 2727 1930 Bigilas
2752 1870 2957 1930 autem,
2982 1862 3307 1936 simulatque
3330 1865 3601 1925 Barbarus

2020 1948 2072 2002 in
2104 1948 2434 2022 colloquium
2470 1951 2618 2007 venit
2665 1966 2788 2008 cum
2831 1951 3193 2025 Cbrysapltio,
3236 1957 3600 2028 interpretans

2018 2040 2222 2107 retulit,
2249 2051 2585 2114 quantopere
2622 2042 2902 2101 laudasset
2930 2045 3311 2117 imperatorias
3348 2053 3510 2119 aedes,
3542 2064 3599 2107 et

2017 2126 2295 2187 Romanos
2323 2132 2515 2189 beatos
2556 2134 2778 2189 duceret
2808 2145 3031 2207 propter
3068 2136 3348 2196 allluentes
3384 2140 3598 2197 divitia-

2018 2236 2138 2278 rmn
2181 2225 2387 2296 copias.
2428 2224 2566 2280 Tum
2597 2225 2831 2282 Edeconi
2875 2226 3248 2300 Cbrysapbius
3278 2231 3442 2297 dixit,
3484 2233 3599 2288 fore

2017 2330 2142 2370 eum
2181 2317 2491 2388 ltujusntodi
2515 2318 2793 2387 domuum,
2823 2335 2943 2391 qua}
2981 2324 3161 2379 aureis
3196 2326 3349 2380 tectis
3376 2327 3597 2396 praeful-

2017 2417 2227 2479 gerent,
2258 2420 2558 2481 compotem
2591 2418 2647 2466 et
2678 2411 2871 2482 Opibus
2929 2413 3350 2481 abundaturum,
3382 2418 3493 2488 38
3527 2422 3597 2483 si,

2018 2498 2204 2553 relicta
2251 2500 2500 2571 Scythia,
2542 2501 2611 2557 ad
2652 2502 2930 2560 Romanos
2977 2518 3037 2561 se
3084 2506 3379 2563 conferret.
3422 2528 3441 2561 ι
3492 2509 3597 2565 Sed

2016 2588 2241 2644 alterius
2276 2591 2479 2646 domini
2521 2607 2758 2660 servum,
2808 2593 3023 2651 Edecon
3079 2598 3175 2664 ait,
3222 2599 3372 2654 nefas
3407 2610 3489 2655 cst
3533 2615 3600 2655 cn

2016 2680 2184 2755 invite
2217 2691 2425 2737 tantum
2452 2679 2665 2740 facinus
2694 2684 2748 2739 in
2774 2699 2832 2741 se
2860 2688 3167 2745 admittere.
3202 2710 3221 2743 ι
3243 2690 3500 2758 Quaesivit
3529 2712 3595 2749 cx

2015 2785 2081 2826 co
2110 2773 2421 2841 eunuchus,
2467 2788 2535 2829 an
2573 2774 2749 2832 facilis
2779 2775 2854 2832 illi
2880 2779 2946 2833 ad
2983 2778 3203 2834 Attilam
3238 2791 3448 2851 pateret
3475 2784 3595 2838 adi-

2016 2870 2125 2929 tus,
2156 2874 2210 2918 et
2252 2881 2376 2919 num
2404 2880 2511 2935 qua
2552 2876 2819 2937 potestate
2851 2871 2992 2941 apud
3046 2871 3279 2944 Scythas
3310 2886 3474 2932 esset.
3503 2877 3597 2933 llle

2016 2955 2117 3010 sibi
2149 2957 2601 3014 necessitudinem
2632 2960 2970 3018 intercedere
2993 2978 3118 3019 cum
3147 2965 3341 3033 Attila,
3372 2984 3595 3039 respou-

337 3028 505 3082 τοῦτο
533 3032 990 3105 ἀποκεκριμένοις
1040 3039 1266 3107 λογάσιν
1312 3044 1700 3112 ὲμπιστεύεται
1734 3049 1906 3117 φυλα-

2016 3043 2113 3111 dit,
2159 3055 2215 3099 et
2255 3046 2526 3102 decretam
2571 3048 2673 3103 sibi
2720 3063 2844 3104 eum
2880 3052 3156 3110 nonnullis
3199 3028 3595 3131 aliis'Srylliiae

338 3118 444 3189 κὴν
479 3118 564 3189 (ἐκ
613 3121 864 3194 διαδοχῆς
899 3125 1009 3197 γὰρ
1059 3129 1202 3182 κατά
1228 3131 1403 3202 ῥητὰς
1432 3134 1642 3206 ἡμέρας
1680 3136 1911 3193 ἕκαστον

2016 3135 2344 3205 primoribus
2389 3137 2504 3205 ejus
2541 3140 2881 3196 custodiam:
2919 3158 3046 3198 nam
3083 3161 3181 3216 per
3213 3148 3360 3206 vices
3383 3168 3581 3206 unum-

336 3210 518 3264 αὐτῶν
550 3212 702 3283 ἔλεγε
752 3216 873 3286 μεθ’
902 3217 1086 3274 ὅπλων
1117 3220 1410 3290 φυλάττειν
1454 3226 1548 3279 τὸν
1597 3227 1907 3302 Ἀττήλαν),

337 3300 576 3369 ἔφασκεν
604 3305 924 3378 όεὺνοῦχος,
974 3311 1135 3382 ειπερ
1174 3312 1386 3378 πίστεις
1421 3316 1648 3384 δέξοιτο,
1674 3300 1910 3390 μέγιστα

334 3393 488 3464 αὑτῷ
523 3396 669 3465 ἐρεῖν
717 3399 927 3467 ἀγαθά·
955 3402 1164 3458 δεῖσθαι
1216 3405 1274 3459 δέ
1306 3405 1505 3479 σχολῆς
1550 3423 1564 3438 ’
1601 3409 1805 3481 ταύτην
1852 3410 1911 3465 δέ

332 3486 484 3557 αὐτῷ
524 3489 810 3561 ὑπάρχειν,
849 3494 963 3563 εῑγε
1000 3496 1131 3567 παρ’
1161 3498 1323 3553 αὑτὸν
1369 3499 1463 3554 ἐπὶ
1509 3499 1725 3558 δεῖπνον
1762 3503 1907 3559 ἔλθοι

335 3580 505 3649 χωρὶς
565 3582 817 3651 Ὀρέστου
875 3587 971 3639 καὶ
1018 3588 1130 3641 τῶν
1196 3590 1373 3647 ἄλλων
1422 3596 1905 3667 συμπρεσϐευτῶν.

348 3667 751 3742 ’Υποσχόμενος
778 3674 835 3727 δέ
854 3675 1014 3730 τοῦτο
1044 3682 1238 3747 ποιεῖν,
1264 3684 1355 3737 ἐπὶ
1383 3684 1483 3756 τὴν
1506 3686 1743 3742 ἑστίασιν
1773 3688 1909 3759 πρὸς

328 3764 426 3816 τὸν
457 3765 709 3836 εὐνοῦχον
742 3771 1187 3843 παραγενόμενος
1213 3777 1305 3829 καὶ
1343 3778 1447 3831 ὑπὸ
1475 3778 1554 3849 τῷ
1602 3781 1795 3853 Βιγίλᾳ
1820 3783 1910 3853 ἐρ-

338 3859 500 3925 μηνεῖ
524 3856 705 3922 δεξιὰς
735 3862 830 3913 καὶ
873 3862 1071 3933 ὅρκους
1098 3863 1309 3928 ἔδοσαν,
1345 3871 1373 3920 ό
1402 3869 1502 3938 μὲν
1529 3871 1805 3941 εὐνοῦχος,
1833 3874 1907 3937 ῶς

329 3945 435 3998 οὑκ
464 3946 557 3999 ἐπὶ
586 3947 741 4019 κακῷ
769 3949 849 4020 τῷ
888 3951 1173 4023 Ἐδὴκωνι,
1205 3955 1322 4008 ἀλλ’
1351 3957 1444 4010 ἐπὶ
1474 3959 1750 4027 μεγίστοις
1774 3963 1911 4030 ἀγα-

336 4037 450 4101 θοῖς
494 4041 622 4103 τοὺς
657 4040 851 4109 λόγους
881 4045 1180 4117 ποιήσοιτο,
1207 4048 1235 4100 ό
1254 4047 1332 4115 δέ,
1360 4049 1438 4113 ὡς
1467 4051 1567 4103 οὑκ
1612 4048 1817 4116 ἐξείποι
1842 4054 1911 4108 τὰ

330 4130 482 4200 αὑτῷ
513 4133 887 4204 ῥηθησόμενα,
911 4138 958 4190 εί
983 4138 1077 4192 καὶ
1115 4138 1189 4210 μὴ
1219 4140 1457 4213 πέρατος
1480 4145 1735 4214 κυρήσοι.
1772 4144 1908 4199 Τότε

327 4222 396 4291 δὴ
436 4223 467 4275 ὁ
510 4223 765 4296 εὐνοῦχος
802 4226 956 4294 ἔλεγε
994 4227 1069 4300 τῷ
1104 4231 1388 4303 Ἐδήκωνι,
1421 4235 1469 4286 εἰ
1506 4234 1697 4299 διαὸὰς
1720 4238 1778 4301 ἐς
1802 4236 1901 4308 τὴν

330 4314 603 4387 Σκυθικὴν
633 4317 812 4370 ἀνέλοι
842 4318 935 4371 τὸν
979 4321 1241 4393 Ἀττήλαν
1279 4324 1375 4377 καὶ
1406 4324 1557 4394 παρὰ
1597 4326 1906 4396 Ῥωμαίους

327 4406 472 4476 ⁴ἡξει,
511 4408 730 4463 ἔσεσθαι
754 4411 904 4482 αὑτῷ
939 4412 1055 4482 βίον
1082 4390 1374 4487 εὑδαίμονα
1404 4390 1501 4471 καί
1546 4390 1774 4473 πλοῦτον
1802 4418 1903 4490 μέ·
1931 4390 1983 4452 D

330 4513 537 4564 γιστον.
576 4499 681 4553 Τοῦ
735 4502 793 4555 δὲ
832 4502 1204 4577 ὑποσχομένου
1239 4509 1333 4560 καὶ
1373 4510 1647 4579 φήσαντος
1699 4511 1793 4564 ἐπὶ
1831 4513 1900 4583 τῇ

328 4591 529 4660 πράξει
572 4590 779 4647 δεῖσθαι
827 4597 1153 4666 χρημάτων,
1214 4598 1278 4652 οὐ
1330 4600 1541 4655 πολλῶν
1560 4600 1609 4635 ⁸⁵
1630 4602 1709 4667 δέ,
1763 4602 1902 4659 ἀλλὰ

330 4683 671 4753 πεντήκοντα
699 4683 901 4757 λιτρῶν
940 4688 1189 4757 χρυσίου,
1241 4690 1617 4762 δοθησομένων
1672 4694 1751 4766 τῷ
1809 4694 1903 4749 ὑπ’

330 4772 495 4825 αὑτὸν
536 4772 751 4854 πλήθει,
787 4776 928 4830 ὥστε
961 4778 1111 4849 αὑτῷ
1143 4780 1365 4846 τελείως
1405 4785 1735 4856 συνεργῆσαι
1766 4788 1905 4861 πρὸς

328 4866 427 4935 τὴν
456 4864 722 4933 ἐπίθεσιν,
756 4868 860 4922 καὶ
889 4869 985 4922 τοῦ
1021 4868 1281 4943 εὐνούχου
1343 4875 1404 4927 τὸ
1444 4876 1667 4947 χρυσίον
1719 4897 1903 4953 παρα-

328 4961 518 5029 χρῆμα
543 4959 741 5017 δώσειν
768 4963 1171 5035 ὑποσχομένου,
1195 4966 1381 5035 ἔλεγεν
1409 4970 1438 5022 ὁ
1464 4969 1749 5043 Βάρὸαρος
1767 4972 1905 5026 ἀπο-

329 5053 645 5121 πέμπεσθαι
677 5055 776 5127 μὲν
835 5056 1005 5113 αὑτὸν
1046 5058 1467 5128 ἀπαγγελοῦντα
1522 5061 1602 5132 τῷ
1668 5064 1903 5139 Ἀττήλᾳ

327 5147 457 5215 περὶ
484 5147 584 5219 τῆς
621 5147 937 5219 πρεσϐείας,
971 5150 1401 5222 συμπέμπεσθαι
1433 5153 1478 5206 δ’
1502 5154 1653 5227 αὑτῷ
1680 5158 1904 5228 Βιγίλαν

325 5240 426 5309 την
461 5241 614 5312 παρά
641 5240 739 5295 τοῦ
775 5241 1009 5313 Ἀττήλα
1036 5244 1129 5297 ἐπὶ
1157 5246 1272 5308 τοῖς
1323 5245 1560 5314 φυγάσιν
1608 5248 1905 5321 ἀπόκρισιν

326 5330 623 5403 δεξάμενον
646 5334 717 5392 ⁸⁸.
749 5335 828 5388 Δι’
861 5336 1027 5389 αὑτοῦ
1054 5336 1160 5407 γὰρ
1191 5337 1318 5401 περὶ
1350 5337 1443 5391 τοῦ
1474 5339 1639 5393 αὑτοῦ
1675 5344 1903 5413 χρυσίου

328 5422 618 5495 μηνύσειν,
673 5427 771 5481 καὶ
823 5426 885 5480 ὃν
927 5427 1129 5497 τρόπον
1206 5429 1366 5483 τοῦτο
1431 5432 1901 5505 ἐκπεμφθήσεται.

2013 3241 2283 3298 quemque
2307 3242 2491 3284 eorum
2522 3231 2853 3302 praescriptis
2886 3232 3076 3290 diebus
3107 3251 3228 3291 cum
3254 3241 3417 3295 armis
3446 3243 3591 3298 circa

2011 3314 2232 3370 Attilam
2268 3315 2529 3372 excubias
2560 3332 2739 3386 agere.
2769 3316 2906 3375 Tum
2944 3324 3251 3392 eunuchus,
3289 3327 3335 3381 si
3372 3329 3474 3383 [ide
3509 3330 3592 3383 iu-

2013 3408 2271 3479 terposita
2298 3424 2357 3465 se
2386 3410 2765 3481 obstringeret,
2796 3411 2987 3483 inquit,
3015 3429 3073 3472 se
3103 3417 3461 3474 maximorum
3494 3421 3591 3475 bo-

2012 3515 2203 3556 norum
2256 3501 2331 3557 illi
2389 3512 2663 3559 auctorem
2715 3503 2977 3560 futurum.
3032 3506 3131 3563 Cui
3171 3509 3249 3565 rei
3300 3511 3592 3568 tractandae

2012 3592 2122 3647 otio
2158 3606 2294 3663 opus
2323 3607 2462 3649 esse.
2497 3592 2611 3649 lloc
2637 3607 2765 3650 vero
2790 3595 2892 3651 sibi
2924 3594 3059 3662 fore,
3095 3599 3141 3654 si
3166 3596 3233 3653 ad
3265 3614 3473 3657 caenam
3502 3618 3594 3677 re-

2010 3683 2154 3738 diret
2192 3684 2311 3739 sine
2347 3684 2539 3740 Oreste
2582 3686 2900 3756 et‘reliquis
2947 3687 3237 3759 legationis
3273 3694 3587 3751 comitibus.

2010 3772 2302 3829 Facturum
2344 3790 2405 3830 se
2442 3776 2715 3844 pollicitus
2740 3776 3012 3834 Barbarus
3050 3794 3220 3836 coenae
3248 3790 3491 3855 tempore
3515 3790 3583 3840 ad

2010 3865 2315 3919 eunuchum
2359 3866 2558 3936 pergit.
2616 3865 2757 3921 Tum
2801 3880 2898 3936 per
2951 3867 3179 3939 Bigilam
3233 3874 3584 3944 interpretem

2009 3953 2151 4009 datis
2180 3954 2387 4010 dextris
2443 3964 2500 4010 et
2527 3953 2878 4024 jurejurando
2910 3960 3166 4029 utrinque
3215 3965 3478 4031 praestita,
3519 3967 3589 4024 ab

2010 4045 2277 4111 eunucho,
2312 4058 2370 4100 se
2400 4045 2465 4099 de
2492 4045 2672 4108 rebus,
2711 4060 2830 4115 quze
2858 4046 3093 4105 Edeconi
3126 4052 3345 4109 minime
3367 4054 3589 4124 damno,

2010 4135 2104 4192 sed
2134 4134 2333 4191 fructui
2361 4145 2415 4191 et
2441 4136 2724 4192 commodo
2757 4147 2959 4204 essent,
2998 4140 3164 4198 verba
3195 4142 3484 4213 facturum,
3516 4148 3586 4201 ab

2009 4226 2284 4291 Edecone,
2312 4243 2391 4293 se,
2421 4243 2540 4297 qua:
2578 4226 2681 4284 sibi
2720 4230 3093 4298 crederentur,
3130 4249 3240 4289 non
3271 4238 3585 4292 enuntiatu-

2010 4334 2154 4383 rum,
2195 4319 2411 4375 etiamsi
2453 4320 2676 4390 exsequi
2717 4320 2904 4379 nollet.
2934 4321 3086 4380 Tunc
3119 4328 3405 4383 eunuchus
3447 4329 3587 4384 Ede-

2010 4410 2131 4465 coni
2156 4410 2311 4474 dixit.
2331 4410 2377 4465 si
2398 4409 2453 4465 in
2478 4409 2759 4483 Scythiam
2792 4413 3008 4469 rediens
3038 4415 3260 4472 Attilam
3284 4420 3584 4485 sustulerit,

2012 4509 2068 4556 et
2093 4500 2460 4557 Romanorum
2494 4502 2739 4572 partibus
2759 4506 3073 4572 accesserit,
3105 4506 3269 4563 vitam
3291 4508 3344 4564 in
3378 4514 3587 4583 magnis

2011 4590 2202 4660 opibus
2243 4590 2403 4646 beate
2454 4591 2853 4649 traducturum.
2909 4594 3172 4655 Eunucho
3226 4599 3443 4657 Edecon
3498 4620 3588 4660 as-

2012 4695 2207 4738 sensus
2263 4690 2369 4739 est.
2420 4684 2501 4740 Ad
2543 4684 2682 4743 hanc
2732 4700 2848 4744 rem
2884 4691 3250 4760 peragendam
3290 4708 3427 4764 opus
3462 4712 3586 4752 esse

2013 4774 2277 4842 pecuniis,
2306 4789 2413 4831 non
2439 4776 2657 4845 quidem
2688 4778 2893 4847 multis,
2916 4780 3011 4836 sed
3045 4784 3435 4857 quinquaginta
3466 4789 3585 4844 auri

2014 4862 2186 4929 libris,
2219 4878 2355 4932 quas
2388 4865 2672 4935 militibus,
2700 4870 2897 4939 quibus
2933 4882 3212 4941 praeesset,
3252 4876 3345 4945 qui
3375 4878 3475 4932 sibi
3518 4880 3584 4932 ad

2016 4968 2129 5009 rem
2161 4955 2387 5025 impigre
2416 4959 2818 5027 exsequendam
2858 4960 3173 5031 adiumento
3205 4975 3411 5031 essent,
3441 4966 3585 5021 divi-

2012 5048 2187 5103 deret.
2219 5047 2352 5103 Cum
2389 5048 2693 5117 eunuchus,
2727 5050 2870 5106 nulla
2901 5068 3053 5110 mora
3088 5054 3427 5125 interposita,
3455 5058 3586 5112 dare

2014 5140 2195 5206 vellet,
2240 5140 2376 5195 dixit
2420 5140 2712 5209 Barbarus,
2756 5157 2817 5199 se
2861 5144 3010 5215 prius
3050 5147 3118 5202 ad
3165 5148 3583 5204 renuntiandam

2011 5231 2333 5303 legationem
2368 5232 2568 5288 dimitti
2601 5244 2869 5305 oportere,
2899 5246 2953 5294 et
2981 5250 3088 5293 una
3115 5253 3296 5295 meum
3327 5239 3577 5308 Bigilam,

2009 5325 2102 5395 qui
2130 5324 2312 5381 Attila:
2340 5324 2408 5381 de
2450 5326 2745 5398 transfugis
2789 5343 3108 5399 responsum
3142 5332 3447 5401 acciperet;
3489 5347 3585 5401 per

2008 5430 2134 5472 eum
2165 5416 2309 5472 enim
2338 5430 2397 5474 se
2436 5416 2534 5486 illi,
2565 5433 2670 5490 qua
2710 5421 2921 5477 ratione
2956 5436 3149 5478 aurum
3190 5423 3293 5480 sibi
3322 5424 3580 5491 mitteret,

1608 5575 1840 5633 unus;
1881 5560 2284 5635 LECTIONBS.

405 5690 456 5722 ⁸³
490 5690 779 5762 δεξόμενον
807 5693 954 5764 conj.
977 5690 1040 5746 Β.
1115 5692 1159 5726 ⁸⁸
1183 5692 1329 5763 ἔχειν
1360 5695 1505 5765 vulg.
1582 5697 1625 5732 ³⁵
1651 5694 1858 5749 πολλῶν
1898 5695 1930 5749 Η

2023 5697 2204 5769 πολλῷ
2243 5700 2385 5769 vulg.
2464 5701 2508 5732 "
2543 5698 2831 5773 δεξόμενον
2879 5704 3027 5776 conj.
3058 5704 3119 5761 Β.
