4010 6210
303 334 409 412 639

1083 347 1182 408 DE
1220 345 1791 412 LEGATIONIBUS
1827 350 2182 415 GENTIUM
2222 356 2322 417 AD
2369 356 2747 421 ROMANOS.

3459 362 3566 427 690

304 461 433 523 τοὺς
471 459 883 532 διαλεξομένους
915 460 960 492 ⁷⁸
1006 461 1173 531 μηδὲν
1226 463 1490 535 Ὀνωρίαν
1539 465 1878 537 πλημμελεῖ-

2004 471 2261 540 ndignum
2308 474 2617 543 admisisse,
2657 491 2819 545 quam
2871 474 3216 531 matrimonio
3256 492 3355 533 suo
3398 478 3564 533 desti-

307 552 453 619 σθαι,
486 553 553 623 ἢν
587 552 764 625 ἐαυτῷ
790 552 925 623 πρὸς
954 552 1131 623 γάμον
1158 555 1562 626 κατενεγγύησε
1589 574 1603 589 ο
1634 560 1883 630 τιμωρὴ-

310 661 423 697 σειν
459 644 567 714 γὰρ
598 646 760 716 αὐτῇ,
790 647 838 698 εί
870 645 946 716 μὴ
978 645 1073 700 καὶ
1103 646 1170 699 τὰ
1195 647 1293 717 τῆς
1326 646 1887 723 βασιλείας,ἀπολά6ῃ

306 738 586 806 σκῆπτρα.
620 739 876 809 Ἔπεμπε
915 736 971 790 δὲ
1002 738 1095 791 καὶ
1126 739 1261 807 πρὸς
1292 740 1418 802 τοὺς
1442 739 1609 809 ἐῴους
1649 741 1886 813 Ῥωμαί-

307 845 405 890 ους
454 828 566 881 τῶν
602 830 911 899 ταχθέντων
943 828 1126 900 φόρων
1173 829 1358 884 ἕνεκα.
1403 831 1724 902 Ἀπρὰκτων
1749 834 1806 887 δὲ
1827 834 1885 902 ἐξ

306 918 633 989 ἀμφοτέρων
682 919 790 971 τῶν
840 919 1005 974 αὐτοῦ
1056 920 1462 974 ἐπανελθόντων
1493 923 1886 991 πρέσϐεων·-

308 1012 358 1060 oi
417 1011 514 1078 μὲν
561 1010 667 1080 γὰρ
694 1013 792 1080 τῆς
837 1009 1137 1081 Ἑσπερίας
1183 1012 1571 1082 ἀπεκρίναντο,
1626 1013 1887 1088 Ὅνωρίαν

310 1100 459 1170 αὐτῷ
501 1102 555 1163 ἐς
610 1101 787 1170 γάμον
825 1100 1000 1155 ἐλθεῖν
1034 1104 1171 1172 μήτε
1210 1102 1489 1166 δύνασθαι,
1532 1105 1887 1177 ἐκδεδομένην

308 1191 478 1261 ἀνδρί·
538 1194 819 1261 σκῆπτρον
871 1192 928 1245 δὲ
977 1192 1114 1263 αὐτῇ
1169 1193 1243 1263 μὴ
1290 1194 1622 1263 ὀφείλεσθαι·
1669 1196 1728 1248 οὐ
1776 1197 1884 1268 γὰρ

308 1282 559 1349 θηλειῶν,
595 1283 710 1335 ἀλλ’
743 1283 993 1355 ἀρρένων
1032 1286 1065 1353 ἠ
1107 1284 1207 1354 τῆς
1252 1285 1565 1355 Ῥωμαῖκῆς
1607 1287 1885 1356 βασιλείας

308 1376 481 1444 ἀρχὴν
526 1375 575 1426 οἱ
625 1374 684 1427 δὲ
729 1374 829 1445 τῆς
875 1376 951 1429 ἕω
985 1375 1193 1444 ἔφασαν
1234 1376 1334 1445 οὐχ
1360 1376 1758 1446 ὑποστήσεσθαι
1785 1378 1885 1448 τὴν

308 1465 402 1517 τοῦ
440 1466 605 1536 φόρου
641 1466 965 1535 ἀπαγωγὴν,
1020 1468 1087 1534 ἢν
1136 1468 1164 1519 ὁ
1217 1466 1497 1530 Θεοδόσιος
1543 1466 1736 1531 ἔταξεο
1792 1470 1886 1522 καὶ

310 1556 639 1624 ἡσυχάζοντι
671 1557 771 1627 μὲν
802 1557 951 1627 δῶρα
978 1556 1192 1620 δώσειν,
1230 1558 1464 1627 πόλεμον
1492 1556 1549 1610 δὲ
1572 1558 1885 1611 ἀπειλοῦντι

310 1646 448 1699 ὅπλα
475 1648 566 1699 καὶ
594 1648 793 1717 ἄνδρας
832 1650 1054 1713 ἐπάξειν
1079 1649 1179 1719 τῆς
1208 1650 1373 1704 αὐτοῦ
1409 1653 1483 1721 μὴ
1527 1652 1886 1723 λειπομένους

310 1739 587 1808 δυνάμεως
612 1755 625 1771 ’
654 1740 937 1811 ἐμερίζετο
966 1741 1057 1795 οὖν
1109 1743 1208 1813 τὴν
1238 1741 1484 1812 γνώμην,
1510 1744 1603 1795 καὶ
1634 1743 1881 1814 διηπόρει

313 1830 486 1894 ποίοις
525 1834 787 1900 πρότερον
810 1832 1151 1903 ἐπιθήσεται,
1196 1834 1291 1887 καὶ
1344 1833 1489 1904 ἔχειν
1520 1834 1669 1904 αὐτῷ
1709 1834 1888 1888 ἐδόκει

315 1925 495 1987 καλῶς
522 1926 658 1990 τέως
706 1928 798 1979 ἐπὶ
834 1929 926 1981 τὸν
954 1928 1175 1997 μείζονα
1210 1928 1505 1998 τρέπεσθαι
1542 1929 1773 1998 πόλεμον
1798 1930 1892 1983 καὶ

314 2018 372 2077 ἐς
424 2015 522 2086 τὴν
560 2017 799 2088 ἑσπέραν
833 2018 1248 2088 στρατεύεσθαι,
1277 2019 1377 2087 τῆς
1410 2018 1590 2087 μάχης
1629 2020 1778 2090 αὑτῷ
1815 2021 1890 2089 μὴ

318 2106 477 2174 μόνον
513 2107 650 2178 πρὸς
690 2108 1021 2171 Ἰταλιώτας,
1056 2108 1192 2161 ἀλλὰ
1230 2109 1323 2161 καί
1362 2109 1499 2178 πρὸς
1527 2110 1754 2173 Γότθους
1799 2112 1892 2163 καὶ

311 2198 596 2265 ψράγγους
632 2200 896 2269 ἐσομένης
919 2217 932 2231 ·
956 2200 1094 2270 πρὸς
1125 2200 1224 2269 μὲν
1269 2199 1581 2264 Ἰταλιώτας
1619 2201 1759 2255 ὥστε
1793 2203 1892 2272 τὴν

328 2288 595 2358 Ὀνωρίαν
658 2290 797 2359 μετὰ
856 2291 961 2343 τῶν
1013 2291 1312 2361 χρημάτων
1363 2293 1544 2345 λαϐεῖν
1574 2333 1588 2357 ,
1647 2293 1782 2364 πρὸς
1836 2293 1893 2348 δὲ

316 2381 542 2443 Γότθους
565 2382 725 2450 χάριν
757 2382 1030 2453 Γεζερίχῳ
1065 2383 1513 2453 κατατιθέμενον.

383 2478 451 2541 η’.
493 2473 615 2523 ’Ότι
652 2470 730 2541 τῷ
766 2472 1000 2542 ’Ᾱττήλᾳ
1026 2468 1093 2542 ἦν
1133 2472 1227 2525 τοῦ
1264 2474 1400 2543 πρὸς
1425 2476 1709 2544 Φράγγους
1737 2475 1893 2528 πολέ-

319 2582 422 2633 μου
468 2564 738 2635 πρόφασις
785 2566 819 2635 ἠ
871 2564 965 2617 τοῦ
998 2582 1153 2635 σφων
1183 2565 1448 2635 βασιλέως
1475 2568 1699 2639 τελευτὴ
1731 2570 1823 2622 καὶ
1859 2570 1891 2637 ἡ

316 2658 415 2727 τῆς
466 2657 642 2727 ἀρχῆς
699 2657 806 2711 τῶν
840 2656 1052 2711 ἐκείνου
1086 2658 1291 2711 παίδων
1354 2659 1607 2731 διαφορὰ,
1637 2661 1729 2713 τοῦ
1762 2677 1894 2732 πρε-

324 2750 591 2820 σϐυτέρου
618 2750 717 2820 μὲν
746 2751 1029 2821 Ἀττήλαν,
1053 2752 1147 2805 τοῦ
1182 2752 1237 2805 δὲ
1267 2754 1530 2823 νεωτέρου
1568 2755 1777 2808 ’Λέτιον
1800 2748 1893 2808 ἐπὶ

316 2839 606 2910 συμμαχίᾳ
635 2840 937 2908 ἐπάγεσθαι
984 2842 1287 2907 ἐγνωκότος
1306 2858 1321 2870 ·
1350 2842 1407 2894 ὃν
1444 2844 1583 2896 κατὰ
1613 2845 1711 2916 τὴν
1755 2845 1891 2897 Ῥώ-

319 2947 427 2999 μην
469 2930 685 3000 είδομεν
728 2926 1171 3001 πρεσὸἔιόμενον
1201 2934 1271 2997 ⁷³,
1326 2933 1493 3003 μήπω
1524 2934 1700 2987 ίοὺλου
1729 2936 1891 3007 ἀρχό-

319 3037 519 3091 μενον,
581 3020 772 3085 ξανθὸν
817 3021 915 3091 τὴν
975 3023 1153 3091 κόμην
1212 3024 1326 3085 τοῖς
1373 3023 1538 3075 αὑτοῦ
1594 3041 1891 3095 περικεχυο

1991 570 2211 628 nasset;
2262 574 2430 630 seque
2472 563 2545 616 illi
2594 564 2853 620 auxilium
2908 565 3165 631 laturum,
3212 566 3315 619 nisi
3349 582 3557 621 summa

1989 665 2206 721 quoque
2250 653 2459 721 imperii
2496 654 2544 708 ei
2578 655 2897 711 deferretur.
2930 657 3074 713 Misit
3101 665 3153 711 et
3196 659 3261 712 ad
3289 658 3565 713 Romanos

1990 741 2294 797 Orientales
2325 742 2650 798 tributorum
2690 746 3102 801 constitutorum
3130 749 3323 816 gratia.
3367 746 3473 800 Sed
3506 763 3564 800 re

1989 831 2185 888 infecta
2224 833 2385 904 legati
2414 835 2665 905 utrinque
2688 846 2814 891 sunt
2841 838 3065 892 reversi.
3098 837 3306 892 Etenim
3339 838 3427 906 qui
3458 837 3565 892 Oc-

1987 923 2212 978 cidentis
2249 924 2475 993 imperio
2517 937 2768 996 praeerat,
2840 929 3119 998 respondit
3155 927 3449 984 Honoriam
3485 929 3561 983 illi

1986 1015 2192 1068 nubere
2230 1029 2334 1069 non
2377 1030 2558 1085 posse,
2595 1018 2735 1086 quod
2771 1017 2885 1087 jam
2932 1017 3022 1072 alii
3062 1019 3353 1088 nupsisset.
3378 1015 3563 1088 Neque

1989 1104 2557 1175 imperium'llonorite
2590 1107 2796 1164 deberi.
2829 1107 3083 1163 Virorum
3113 1110 3281 1176 enim,
3312 1124 3416 1163 non
3444 1125 3564 1162 mu-

1988 1199 2206 1262 lierum,
2255 1197 2557 1254 Romanum
2612 1199 2897 1270 imperium
2936 1213 3074 1255 esse.
3111 1200 3210 1265 Qui
3245 1200 3297 1253 in
3340 1198 3562 1254 Oriente

1988 1290 2309 1359 imperabat,
2342 1306 2403 1346 se
2438 1290 2661 1346 minime
2699 1299 2868 1345 ratam
2910 1291 3109 1346 habere
3144 1290 3330 1345 tributi
3360 1291 3560 1344 illatio-

1988 1396 2141 1446 nem,
2187 1396 2348 1449 quam
2388 1381 2726 1438 Theodosius
2783 1383 3150 1438 consensisset
3195 1400 3209 1438 :
3260 1381 3559 1451 quiescenti

1990 1487 2211 1526 numera
2256 1473 2607 1541 largiturum;
2652 1474 2851 1528 bellum
2898 1474 3128 1529 minanti
3155 1473 3301 1528 viros
3339 1483 3392 1527 et
3415 1488 3564 1526 arma

1987 1562 2323 1629 objecturum
2366 1562 2537 1631 ipsius
2569 1563 2763 1632 apibus
2798 1577 2904 1617 non
2939 1562 3215 1617 inferiora.
3251 1562 3435 1631 Itaque
3465 1565 3563 1616 At—

1991 1656 2111 1711 tilas
2142 1657 2197 1711 in
2240 1656 2419 1711 varias
2467 1656 2880 1711 distrahebatur
2912 1656 3232 1721 sententias,
3263 1655 3375 1726 5.0
3411 1664 3465 1709 et
3490 1654 3565 1708 illi

1992 1746 2046 1801 in
2092 1748 2256 1801 dubio
2298 1747 2536 1802 haerebat
2580 1747 2818 1811 animus,
2858 1759 2996 1815 quos
3032 1745 3265 1813 primum
3305 1745 3567 1813 aggrede-
3604 1782 3605 1785 η

1995 1850 2163 1894 retur.
2220 1838 2460 1894 Tandem
2516 1838 2709 1894 melius
2756 1840 2931 1893 visum
2979 1847 3065 1893 est
3102 1838 3168 1890 ad
3213 1835 3567 1904 periculosius

1994 1931 2188 1987 bellmn
2245 1932 2394 2002 prius
2454 1945 2575 1988 sese
2624 1937 2963 1993 convertere,
3009 1936 3062 1984 et
3124 1928 3176 1982 in
3221 1926 3565 1983 Occidentem

1992 2024 2292 2078 exercitum
2318 2025 2569 2079 educere.
2604 2022 2720 2077 lllic
2745 2023 2888 2078 enim
2924 2020 3029 2076 sibi
3060 2035 3173 2075 rem
3197 2018 3313 2073 fore
3342 2033 3447 2072 non
3474 2032 3566 2071 so-

1994 2117 2100 2169 lum
2140 2131 2260 2171 cum
2291 2116 2461 2183 Italis,
2494 2116 2587 2171 sed
2618 2116 2781 2170 etiam
2821 2130 2944 2170 cum
2990 2113 3183 2169 Gothis
3210 2121 3266 2167 et
3296 2109 3520 2165 Francis
3553 2126 3566 2161 :

1995 2222 2117 2261 cum
2152 2206 2317 2269 Italis,
2348 2214 2406 2261 ut
2436 2205 2731 2262 llonoriam
2764 2220 2885 2261 cum
2917 2205 3227 2274 ingentibus
3255 2200 3457 2257 divitiis
3485 2214 3571 2253 sc-

1994 2312 2115 2353 cum
2148 2297 2441 2354 abduceret
2474 2314 2488 2351 :
2516 2312 2638 2354 cuto
2672 2297 2886 2363 Gothis,
2916 2306 2971 2351 ut
2995 2293 3308 2352 Geuserichi
3344 2292 3569 2363 gratiam

1994 2399 2419 2459 promereretur.

2062 2480 2116 2535 8.
2160 2480 2247 2549 (A.
2285 2479 2347 2536 C.
2392 2482 2521 2545 451,
2562 2482 2679 2537 Iud.
2721 2482 2778 2546 4,
2808 2479 3064 2537 Marciani.
3111 2479 3192 2548 ‘2.)
3232 2478 3298 2533 Et
3330 2476 3567 2533 Francos

1992 2571 2207 2640 quidem
2247 2570 2387 2627 bello
2413 2571 2714 2627 lacessendi
2753 2572 2828 2627 illi
2860 2586 3024 2627 causa
3065 2569 3166 2624 fuit
3196 2583 3381 2637 regum
3424 2568 3570 2636 ipso-

1996 2674 2112 2714 rum
2157 2658 2338 2715 obitus
2366 2659 2517 2714 etde
2555 2672 2724 2728 regno
2761 2658 2903 2712 inter
2944 2658 3144 2712 liberos
3175 2654 3569 2713 controversia.

1994 2766 2115 2807 cum
2157 2751 2326 2819 major
2372 2757 2501 2804 natu
2539 2750 2762 2804 Attilam
2796 2747 2997 2803 auxilio
3042 2755 3309 2811 vocasset,
3354 2745 3570 2799 Aetium

1995 2841 2191 2903 minor,
2225 2853 2384 2909 quem
2423 2838 2609 2895 Romae
2635 2838 2871 2894 vidimus
2904 2837 3223 2908 legationem
3260 2835 3571 2897 obeuntem,

1996 2932 2232 2987 nonduin
2266 2930 2518 3001 lanugine
2534 2928 2925 2994 eiﬂorescente,
2953 2929 3088 2983 ﬂava
3113 2942 3288 2995 coma,
3320 2937 3374 2981 ct
3402 2924 3569 2992 capil-

1996 3022 2060 3077 lis
2076 3031 2293 3091 propter
2303 3021 2624 3077 densitatem
2640 3030 2696 3076 et
2711 3020 3131 3091 magnitudinem
3146 3032 3308 3089 super
3320 3017 3572 3071 humeros

322 3113 489 3183 μένην
519 3115 563 3147 ⁸ο
592 3114 681 3168 διὰ
727 3114 959 3184 μέγεθος
991 3114 1183 3184 ὤμοις.
1233 3114 1397 3168 Θετὸν
1426 3115 1483 3168 δὲ
1519 3117 1681 3170 αὑτὸν
1705 3118 1733 3169 ὁ
1776 3119 1894 3173 Ἀέ·

1998 3111 2203 3169 effusis.
2248 3110 2404 3166 llunc
2449 3111 2615 3166 etiam
2676 3109 2863 3165 Aetius
2894 3109 2990 3164 lilii
3039 3109 3155 3163 loco
3200 3107 3573 3177 adeptaverat,

318 3222 432 3267 τιος
472 3205 837 3275 ποιησάμενος
871 3205 1037 3260 παῖδα
1065 3206 1157 3259 καὶ
1188 3205 1414 3259 πλεῖστα
1438 3206 1589 3277 δῶρα
1625 3208 1747 3271 δοὺς
1780 3209 1896 3279 ἅμα

320 3298 397 3368 τῷ
468 3297 801 3368 βασιλεύοντι
849 3298 943 3351 ἐπὶ
999 3298 1149 3370 φιλίᾳ
1193 3316 1253 3352 τε
1305 3300 1398 3352 καὶ⁵
1455 3300 1727 3371 όμαιχμίᾳ
1788 3303 1895 3354 ἀπ-

320 3392 561 3461 έπεμψε.
604 3390 825 3445 Τούτων
852 3391 1015 3445 ἕνεκα
1041 3393 1068 3445 ὁ
1112 3391 1376 3462 ’Λττήλας
1412 3392 1511 3463 τὴν
1539 3392 1896 3462 ἐκστράτειαν

327 3482 670 3552 ποιούμενος,
726 3478 881 3546 αὖθις
927 3482 1034 3536 τῶν
1076 3483 1214 3554 ἀμφ’
1249 3484 1410 3538 αὑτὸν
1461 3483 1660 3553 ἄνδρας
1709 3484 1766 3546 ἐς
1795 3484 1895 3555 τὴν

334 3573 565 3626 Ἰταλίαν
614 3571 885 3642 ἔπεμπεν,
946 3571 1086 3625 ὥστε
1145 3573 1244 3641 τὴν
1290 3572 1552 3641 Ὀνωρίαν
1607 3571 1892 3625 ἐκδιδόναιι

322 3662 591 3737 εἶναιγὰρ
623 3664 772 3735 αὑτῷ
800 3665 1153 3736 ἡρμοσμένην
1189 3666 1323 3734 πρὸς
1360 3666 1558 3733 γάμον,
1596 3665 1896 3734 τεκμήριον

324 3760 649 3826 ποιούμενος
703 3758 790 3810 τὸν
838 3757 967 3826 παρ’
998 3756 1170 3825 αὐτῆς
1214 3757 1539 3826 πεμφθέντα
1588 3756 1895 3818 δακτύλιον,

322 3851 384 3903 ὃν
431 3850 517 3901 καὶ
551 3846 1066 3916 ἐπιδειχθησόμενον
1104 3846 1394 3909 ἐστάλκει,
1447 3848 1799 3915 παραχωρεῖν
1840 3842 1899 3895 δὲ

325 3942 428 3995 αὐτ
444 3941 475 4009 ἶ)
508 3939 600 3992 τὸν
636 3937 1045 3992 Βαλεντινιανδν
1078 3936 1172 3988 καὶ
1202 3936 1295 3988 τοῦ
1336 3935 1582 4005 ἡμίσεως
1622 3935 1719 4001 τῆς
1752 3934 1902 4004 βασι·

325 4032 474 4093 λείας
530 4031 751 4101 μέρους,
804 4029 882 4093 ὡς
931 4029 1024 4081 καὶ
1072 4028 1171 4098 τῆς
1220 4026 1481 4097 Ὁνωρίας
1511 4025 1901 4097 διαδεξαμένης

328 4125 428 4192 μὲν
479 4124 628 4192 παρᾶ
676 4121 883 4193 πατρὸς
930 4121 1028 4191 τὴν
1085 4119 1307 4191 ἀρχὴν,’
1339 4118 1544 4189 ταύτης
1590 4119 1646 4172 δὲ
1694 4121 1759 4191 τῇ
1806 4118 1901 4172 τοῦ

324 4211 555 4280 ἀδελφοῦ
586 4211 977 4281 ἀφαιρεθεῖσαν
1008 4208 1310 4280 πλεονεξίᾳ.
1362 4209 1447 4272 Ὡς
1478 4209 1536 4262 δὲ
1580 4209 1629 4262 οί
1658 4211 1903 4282 ἑσπέριοι

337 4302 597 4374 Ῥωμαῖοι
622 4303 722 4373 τῆς
756 4300 1027 4373 προτέρας
1056 4300 1302 4372 ἐχόμενοι
1337 4299 1560 4370 γνώμης
1585 4301 1720 4372 πρὸς
1750 4300 1905 4355 οὐδὲν

327 4396 437 4449 τῶν
468 4394 615 4465 αὐτῷ
644 4394 983 4463 δεδογμένων
1009 4394 1307 4459 ὑπήκουον,
1353 4392 1530 4462 εἴχετο
1575 4392 1775 4463 μᾶλλον
1806 4393 1904 4463 τῆς

329 4487 423 4540 τοῦ
477 4485 716 4555 πολέμου
770 4484 1162 4556 παρασκευῆς,
1204 4485 1310 4537 πᾶν
1364 4470 1426 4537 τὸ
1483 4484 1593 4537 τῶν
1645 4484 1902 4556 μαχίμων
1934 4465 1982 4526 D

330 4579 568 4649 ἀγείρων
602 4578 803 4649 πλῆθος
836 4579 971 4649 (15).

404 4672 471 4723 θ’.
515 4671 639 4723 Ὅτι
695 4671 725 4722 ὁ
792 4670 1055 4740 Ἀττήλας
1104 4671 1220 4738 (Η)
1261 4669 1403 4740 μετὰ
1442 4669 1500 4723 τὸ
1534 4669 1632 4740 τὴν
1680 4670 1911 4724 Ἰταλίαν

1995 3215 2049 3259 et
2081 3202 2329 3274 plurimis
2367 3202 2525 3258 donis
2550 3209 2800 3257 ornatum
2822 3200 2890 3255 ad
2916 3199 3317 3268 imperatorem,
3354 3206 3412 3250 ut
3434 3197 3573 3250 ami-

1996 3294 2177 3347 citiam
2212 3302 2265 3347 et
2285 3292 2735 3347 societatemcum
2767 3302 2833 3345 eo
2855 3286 3078 3353 laceret,
3109 3286 3349 3341 miserat.
3369 3284 3574 3351 Quam-

1996 3386 2180 3441 obrem
2226 3384 2422 3440 Attilas
2459 3392 2744 3452 antequam
2782 3379 2835 3435 in
2894 3392 3013 3434 eam
3058 3377 3454 3447 expeditionem
3489 3376 3573 3429 in-

1996 3477 2333 3546 grederetur,
2379 3488 2568 3529 rursus
2619 3472 2827 3542 legatos
2877 3470 2928 3524 in
2989 3467 3201 3523 Italiam
3260 3467 3429 3529 misit,
3485 3466 3573 3533 qui

1998 3566 2288 3623 Ilonoriam
2332 3572 2657 3636 poscerent;
2708 3576 2825 3617 eam
2866 3561 3010 3617 enim
3068 3574 3252 3616 secum
3298 3559 3577 3612 matrimo-

2000 3660 2146 3712 nium
2198 3658 2468 3726 pepigisse
2498 3673 2510 3708 :
2550 3654 2706 3722 cujus
2741 3653 2818 3708 rei
2852 3661 2909 3706 ut
2956 3652 3116 3714 [idem
3161 3651 3377 3713 laceret,
3407 3663 3578 3702 annu-

2000 3747 2110 3800 lum
2158 3749 2225 3800 ab
2257 3760 2319 3800 ea
2366 3746 2432 3800 ad
2464 3760 2523 3800 sc
2552 3746 2773 3798 missum
2807 3758 2900 3811 per
2932 3743 3161 3810 legatos,
3192 3742 3387 3810 quibus
3414 3740 3577 3793 tradi.

2002 3840 2174 3900 derat,
2202 3836 2445 3890 exhiberi
2490 3834 2784 3888 mandavit.
2824 3834 3000 3885 Etiam
3043 3832 3325 3885 dimidiam
3369 3829 3581 3897 imperii

2003 3938 2209 3999 partem
2246 3927 2349 3981 sibi
2400 3924 2829 3979 Valentinianqu
2864 3922 3081 3985 debere,
3122 3935 3248 3975 cum
3295 3920 3360 3974 ad
3403 3919 3581 3975 llono-

2004 4020 2139 4074 riam
2172 4017 2296 4088 jure
2320 4023 2603 4086 paternum
2638 4025 2861 4080 regnum
2891 4010 3201 4081 pertineret,
3238 4023 3348 4079 quo
3381 4007 3581 4077 iujusta

2005 4110 2189 4165 fratris
2230 4106 2526 4177 cupiditate
2562 4106 2771 4176 privata
2806 4112 2976 4161 esset.
3021 4100 3129 4157 Sed
3174 4116 3298 4156 cum
3348 4101 3579 4155 Romani

2005 4200 2381 4258 Occidentales
2410 4199 2463 4254 in
2488 4198 2663 4268 prima
2687 4197 2953 4253 sententia
2984 4196 3337 4267 persisterent
3359 4202 3414 4248 et
3446 4193 3585 4247 Atti-

2005 4295 2071 4351 lae
2100 4294 2348 4349 mandata
2376 4291 2681 4361 rejicerent,
2702 4290 2837 4359 ipse,
2854 4298 2965 4346 toto
3002 4287 3242 4344 exercitu
3265 4293 3585 4351 convocato,

2007 4386 2211 4458 majore
2234 4385 2287 4442 vi
2317 4383 2514 4442 bellum
2547 4382 2779 4454 paravit.

2083 4660 2138 4714 9.
2163 4659 2254 4729 (A.
2276 4657 2335 4714 Ο.
2360 4657 2486 4721 452,
2514 4656 2627 4711 Ind.
2658 4656 2712 4719 5,
2737 4653 2994 4708 Marcian.
3019 4652 3098 4720 5.)
3129 4650 3344 4714 Attilas,
3381 4656 3587 4703 vastata

232 5514 235 5515 ν
338 5498 466 5567 περὶ
506 5496 731 5565 εἰρήνης
757 5492 1163 5562 διαλεγόμενον.

333 4759 825 4829 ἀνδραποδίσασθαι
855 4761 945 4813 ἐπὶ⁵
978 4759 1046 4812 τὰ
1079 4758 1315 4827 σφέτερα
1353 4758 1652 4822 ἀναζεύξας
1678 4759 1747 4822 ⁸⁸,
1798 4761 1894 4821 τοῖς

2015 4750 2190 4813 Italia,
2227 4750 2293 4804 ad
2334 4764 2430 4805 sua
2466 4763 2526 4804 se
2567 4747 2771 4811 retulit,
2805 4754 2862 4799 et
2889 4742 3259 4798 Romanorum
3295 4742 3591 4810 imperato-

337 4850 632 4922 κρατοῦσιν
654 4852 763 4905 τῶν
804 4852 984 4922 Ἑῴων
1015 4851 1302 4920 Ῥωμαίων
1329 4850 1563 4919 πόλεμον
1592 4850 1683 4902 καὶ
1715 4850 1894 4920 ἀνδρα·

2018 4843 2167 4897 ribus
2204 4841 2257 4894 in
2302 4840 2524 4895 Oriente
2550 4839 2746 4893 bellum
2773 4848 2828 4893 et
2868 4836 3265 4907 p0pulationem
3302 4832 3590 4887 denuntia-

338 4941 600 5010 ποδισμδν
649 4942 749 5011 τῆς
804 4940 986 5012 χώρας
1038 4938 1431 5009 κατήγγελλεν,
1476 4939 1553 5000 ὡς
1588 4938 1662 5008 μὴ
1702 4940 1894 5008 ἐκπεμ-

2019 4935 2115 4998 vit,
2143 4943 2428 5002 propterea
2453 4932 2595 5001 quod
2628 4931 2891 4985 tribututu
2918 4928 3020 4985 sibi
3044 4944 3073 4981 a
3115 4924 3422 4981 Theodosio
3459 4938 3592 4977 con-

335 5033 564 5101 φθέντος
596 5031 688 5086 τοῦ
725 5032 877 5103 παρὰ
905 5031 1181 5084 Θεοδοσίου
1206 5029 1543 5100 τεταγμένου
1578 5029 1767 5098 φόρου.

2016 5027 2264 5081 stitutum
2288 5037 2395 5078 non
2433 5020 2750 5077 solveretur.

406 5132 459 5178 ι’.
506 5126 629 5178 Ὅτι
667 5122 1052 5194 ’Λρδαὸούριος
1080 5125 1108 5175 ὁ
1134 5120 1230 5175 τοῦ
1258 5122 1541 5191 ’Λσπαρος
1572 5120 1894 5189 Σαρακηνοῖς

2092 5116 2175 5170 l0.
2199 5115 2282 5187 (P.
2311 5116 2374 5170 Δ.
2400 5112 2461 5169 C.
2487 5114 2615 5177 455,
2643 5111 2903 5166 Marciani.
2937 5112 3016 5179 l.)
3045 5109 3398 5172 Ardaburius,
3424 5108 3586 5176 Aspa-

340 5216 601 5286 ὲπολέμει
630 5216 771 5269 κατὰ
807 5216 905 5285 τὴν
931 5214 1242 5285 Δαμασκόν’
1276 5214 1369 5267 καὶ
1404 5215 1584 5266 ἐκεῖσε
1608 5228 1884 5283 παραγενο

2022 5214 2096 5269 ris
2133 5211 2295 5273 lilius,
2339 5208 2405 5262 ad
2447 5206 2766 5261 Damascqu
2809 5204 3111 5259 Saracenos
3165 5200 3471 5258 debellavit.
3519 5198 3596 5252 Eo

342 5308 503 5379 μένου
537 5308 847 5378 Μαξιμίνου
894 5308 990 5360 τοῦ
1052 5306 1358 5377 στρατηγοῦ
1414 5306 1507 5358 καὶ
1555 5304 1794 5376 Πρίσκου
1823 5303 1894 5356 τοί

2023 5302 2317 5358 Maximino
2345 5299 2500 5361 duce,
2537 5306 2593 5350 et
2616 5296 2826 5360 Prisco,
2851 5295 3011 5365 hujus
3045 5292 3286 5348 historia:
3309 5290 3591 5357 scriptore,

338 5401 725 5472 συγγραφέως,
760 5394 918 5467 εὗρον
946 5399 1107 5451 αὐτὸν
1134 5400 1245 5461 τοῖς
1277 5397 1612 5467 Σαρακηνῶν
1658 5395 1894 5466 πρέσὸεσ

2023 5391 2454 5455 advenientibus,
2487 5386 2823 5444 oﬂ‘enderunt
2862 5384 3241 5439 Ardahurium
3267 5396 3391 5438 eum
3432 5380 3595 5435 Sara-

2026 5501 2281 5543 cenorum
2306 5483 2500 5554 legatis
2530 5483 2595 5537 de
2621 5495 2754 5551 pace
2781 5486 3123 5533 tractantem.

1652 5607 1885 5662 VARle
1930 5603 2335 5662 LECTIONES.

398 5708 443 5741 τε
484 5706 901 5776 ὀιαλεξαμέ-,ους
944 5703 1086 5776 vulg.
1183 5703 1223 5733 7’
1262 5702 1687 5771 πρεσϐευομένου.
1740 5703 1885 5772 conj.

2086 5700 2132 5731 ⁸⁰
2163 5689 2594 5769 περικεχυμένον
2634 5689 2778 5762 conj.
2808 5687 2867 5745 Β.
2942 5688 2981 5721 ⁸³
3017 5681 3317 5751 ἀναζεύξας
3352 5682 3445 5750 IL,
3470 5682 3597 5736 ἁνα-

346 5779 531 5847 ἰιεῐιξαι
565 5779 709 5849 vulg.
