4010 6210
403 258 508 319 6127

1210 260 1304 318 DE
1342 260 1904 322 LEGATIONIBUS
1942 265 2296 327 GENTIUM
2337 270 2436 328 AD
2485 269 2867 332 ROMANOS.

3557 274 3663 336 698

402 386 548 437 ματα
591 368 761 421 αίτετν
814 369 943 438 παρ’
1004 370 1202 423 αὑτῶν.
1270 370 1706 441 Ἐπρεσϐεύσατο
1736 374 1791 426 δὲ
1825 376 1972 444 παρὰ

2081 378 2197 434 urbi
2227 378 2419 447 fuerat,
2444 390 2497 436 et
2528 384 2594 437 ad
2624 384 2940 439 consulatus
2962 382 3382 454 patriciatusque
3403 385 3659 442 honorem

403 458 502 524 μὲν
536 456 837 525 Βανδήλους
864 459 885 489 ⁹
916 457 1055 526 ὑπὲρ
1090 459 1309 511 Ἰταλῶν
1362 461 1625 525 Τατιανὸς
1663 464 1721 515 ἐν
1759 467 1825 534 τῇ
1877 465 1984 517 τῶν
2090 478 2329 524 evectus.

402 548 710 617 πατρικίων
753 548 880 618 ἀξία
926 549 1375 620 καταλεγόμενος,
1447 555 1598 622 παρὰ
1655 554 1712 606 δὲ
1777 556 1993 625 Πέρσας
2062 559 2435 625 Κωνστάντιος
2477 562 2538 626 ν’,
2587 563 2765 632 τρίτον
2836 564 2935 635 μὲν
2996 565 3096 637 τὴν
3163 564 3406 635 ὑπαρχον
3480 564 3661 635 λαχὼν

400 639 597 709 ἀρχὴν,
640 638 775 708 πρὸς
810 640 866 693 δὲ
899 643 964 710 τῇ
1005 642 1243 711 ὑπατικῇ
1292 641 1418 712 ἀξίᾳ
1471 644 1566 695 καὶ
1627 645 1723 715 τῆς
1778 647 2194 718 πατρικιότητος
2226 651 2425 720 τυχών.

473 734 570 792 ις’.
608 729 731 783 ’Ὀτι
766 729 901 799 μετὰ
928 730 1019 783 τὸν
1047 732 1376 801 ἐμπρησμὸν
1404 731 1503 802 τῆς
1531 733 1737 797 πόλεως
1762 736 1854 787 τὸν
1882 737 1973 789 ἐπὶ

403 822 628 883 Λέοντος
661 817 797 892 ἧκεν
828 824 855 873 ὁ
890 821 1148 891 Γωϐάζης
1177 824 1273 875 σὺν
1304 826 1565 896 Διονυσίῳ
1599 827 1654 889 ἐς
1686 828 1785 896 τὴν
1818 830 1974 883 Κων-

407 913 706 977 σταντίνου,
757 915 1029 984 Περσικὴν
1072 914 1209 984 ἔχων
1257 916 1449 987 στολὴν
1495 918 1589 970 καὶ
1627 920 1705 989 τῷ
1748 922 1975 992 Μηδικῷ

406 1000 867 1072 δορυφορούμενος
896 1006 1101 1075 τρόπῳ.
1131 1008 1225 1059 Ὃν
1255 1009 1303 1059 οί
1334 1008 1475 1077 ἀμφὶ
1502 1009 1569 1062 τά
1602 1009 1850 1078 βασίλεια
1883 1013 1972 1066 δε-

410 1091 625 1159 ξάμενοι
674 1093 936 1164 πρότερον
985 1096 1083 1160 μὲν
1131 1096 1225 1149 τοῦ
1274 1100 1643 1169 νεωτερισμοῦ
1694 1103 1977 1173 κατεμέμ-

362 1200 371 1201 ί
406 1180 593 1247 φάντο,
618 1182 809 1237 ἔπειτα
834 1185 888 1237 δὲ
918 1186 1446 1257 φιλοφρονησάμενοι
1473 1190 1822 1261 ἀπέπεμψαν.
1853 1189 1977 1247 Εἷλε

318 1310 337 1329 χ
405 1272 512 1341 γὰρ
552 1274 747 1337 αὐτοὺς
784 1279 850 1346 τῇ
894 1294 948 1329 τε
991 1278 1202 1350 θωπείᾳ
1240 1279 1351 1332 τῶν
1392 1280 1589 1349 λόγων,
1628 1285 1722 1336 καὶ
1762 1285 1829 1338 τὰ
1872 1286 1978 1339 τῶν

405 1366 746 1433 Χριστιανῶν
780 1369 1175 1439 ἐπιφερόμενος
1205 1371 1469 1441 σύμϐολα.

477 1538 563 1601 ιζ’.
609 1541 729 1595 Ὅτι
767 1542 952 1613 Σκίροι
978 1544 1018 1575 ⁸⁸
1056 1545 1147 1597 καὶ
1185 1546 1372 1600 Γότθοι
1406 1550 1485 1612 εἰς
1519 1550 1753 1622 πόλεμον
1788 1555 1971 1607 συνελ-

406 1628 589 1692 θόντες
625 1631 720 1684 καὶ
757 1632 1211 1702 διαχωρισθέντες
1247 1638 1547 1708 ἀμφότεροι
1584 1642 1720 1711 πρὸς
1756 1646 1973 1714 συμμά-

404 1737 513 1789 χων
550 1721 879 1792 μετάκλησιν
914 1728 1407 1795 παρεσκευάζοντο.
1446 1731 1534 1785 Ἐν
1581 1725 1662 1795 οἷς
1696 1734 1789 1787 καὶ
1824 1737 1975 1807 παρὰ

401 1811 526 1873 τοὺς
557 1811 755 1881 Ἐᾠους
772 1809 953 1885 ἦλθον.
974 1818 1084 1870 Καὶ
1109 1820 1330 1890 ¹’Ἀσπαρ
1353 1822 1393 1852 ¹²
1416 1823 1513 1892 μὲν
1538 1825 1721 1894 ἡγεῖτο
1750 1827 1975 1897 μηδετέ-

403 1919 517 1968 ροις
564 1908 901 1975 συμμαχεῖν,
945 1910 973 1960 ὁ
1020 1910 1074 1963 δὲ
1123 1912 1483 1985 αὐτοκράτωρ
1528 1916 1679 1969 Λέων
1726 1919 1974 1974 ἐϐούλετο

402 1994 615 2063 Σκίροις
650 1999 979 2069 ἐπικουρεῖν.
1011 2003 1125 2054 ’Καὶ
1166 2004 1229 2074 δὴ
1268 2006 1572 2075 γράμματα
1614 2011 1750 2079 πρὸς
1786 2012 1875 2063 τὸν
1917 2014 1973 2067 ἐν

414 2083 692 2156 Ἰλλυριοῖς
730 2092 1034 2159 στρατηγὸν
1070 2092 1340 2162 ἔπεμπεν,
1376 2097 1758 2168 ἐντελλόμενός
1794 2119 1976 2171 σφισιν

404 2174 546 2226 κατὰ
580 2176 688 2229 τῶν
730 2178 940 2233 Γότθων
982 2180 1233 2252 βοήθειαν
1275 2184 1373 2256 τὴν
1414 2189 1797 2259 προσήκουσαν
1836 2194 1976 2263 πέμ-

404 2281 547 2319 πειν.

475 2355 565 2426 ιη’.
603 2358 723 2411 Ὀτι
765 2356 867 2431 ἧκε
911 2364 1051 2417 κατὰ
1089 2364 1278 2419 τοῦτον
1316 2368 1408 2421 τὸν
1447 2372 1634 2441 χρόνον
1676 2376 1825 2445 παρᾶ
1866 2377 1975 2431 τῶν

412 2445 644 2516 ’Λττήλα
688 2449 894 2502 παίδων
933 2451 1008 2515 ὡς
1048 2453 1140 2506 τὸν
1179 2454 1403 2523 βασιλέα
1440 2460 1643 2514 Λέοντα
1686 2461 1972 2533 πρεσϐεία,

403 2536 500 2599 τὰς
538 2538 715 2600 αἰτίας
754 2539 1043 2595 διαλύουσα
1081 2543 1180 2612 τῆς
1223 2548 1652 2621 προὺπαρξάσης
1688 2551 1973 2623 διαφορᾶς,

402 2630 497 2683 καὶ
526 2629 600 2693 ὡς
631 2631 735 2702 χρὴ
771 2633 968 2696 αὑτοὺς
999 2635 1092 2687 ἐπὶ
1124 2637 1310 2709 εἰρήνῃ
1346 2640 1689 2705 σπένδεσθαι,
1714 2645 1803 2697 καὶ
1835 2646 1976 2698 κατὰ

2151 737 2236 792 l6.
2265 740 2350 808 (Α.
2377 738 2440 795 C.
2466 740 2593 800 465.
2627 739 2741 794 lml.
2765 740 2820 805 5,
2853 739 3021 796 Leon.
3047 740 3124 813 9.)
3172 738 3302 798 Post
3346 742 3657 796 incendium

2077 829 2328 890 civitatis,
2371 831 2515 899 quod
2550 832 2749 886 accidit
2806 833 2907 886 sub
2965 831 3167 899 Leone,
3207 832 3451 888 Gobazes
3517 838 3663 888 venit

2078 918 2598 988 Constantinopolim
2682 937 2803 975 cum
2874 922 3151 990 Dionysio,
3224 924 3361 978 stola
3435 923 3650 979 Persica

2079 1008 2318 1074 indutus,
2350 1021 2402 1065 et
2418 1011 2692 1066 Medorum
2730 1013 2781 1066 in
2812 1027 3016 1068 morem
3051 1014 3377 1070 satellitibus
3411 1016 3658 1084 stipatus.

2084 1096 2238 1153 llunc
2301 1100 2588 1167 imperator
2651 1102 2885 1170 excepit,
2943 1110 2997 1157 et
3040 1104 3273 1172 primum
3325 1105 3539 1174 quidem
3590 1108 3659 1160 ob

2084 1204 2343 1243 novarum
2395 1206 2575 1245 rerum
2621 1191 2859 1246 studium
2916 1193 3263 1262 vituperavit,
3308 1195 3418 1267 44
3467 1198 3659 1251 deinde

2084 1280 2313 1333 comiter
2376 1294 2496 1334 eum
2579 1282 2859 1349 amplexus
2933 1283 3163 1338 dimisit.
3206 1285 3452 1340 Gobazes
3516 1288 3658 1341 enim

2086 1369 2514 1426 Christianorum
2556 1374 2794 1442 symbola
2841 1383 3146 1442 ostentans,
3191 1376 3386 1431 blanda
3411 1380 3661 1434 oratione

2011 1447 2053 1504 Β
2082 1475 2201 1514 cum
2234 1462 2395 1531 cepit.

2148 1552 2234 1605 l7.
2281 1554 2352 1622 (ε.
2386 1556 2448 1607 Α.
2504 1554 2564 1607 C.
2603 1554 2728 1608 467.
2775 1555 2888 1610 Ind.
2932 1557 2986 1622 5,
3039 1555 3209 1611 Leon.
3253 1559 3340 1629 ιι.)
3409 1559 3551 1615 Sciri
3607 1574 3661 1616 et
3736 1551 3745 1560 ’

2077 1641 2235 1696 Gothi
2272 1643 2386 1697 acie
2434 1644 2797 1707 decertantes,
2844 1653 2953 1698 eta
2993 1661 3167 1715 pugna
3227 1649 3441 1717 utrique
3504 1667 3657 1706 rece-

2078 1732 2287 1798 dentes,
2322 1734 2387 1787 ad
2420 1736 2739 1789 accersenda
2783 1736 2979 1788 auxilia
3014 1736 3253 1789 animum
3311 1740 3646 1805 adjecerunt.

2079 1823 2192 1889 Qua
2250 1824 2316 1879 de
2347 1841 2403 1878 re
2464 1824 2737 1880 Romanos
2786 1824 3087 1881 Orientales
3159 1827 3429 1883 adierunt.
3488 1830 3659 1900 Aspu-

2077 1916 2292 1985 quidem
2360 1918 2572 1972 censuit
2647 1918 2855 1971 neutris
2922 1918 3302 1986 opitulandum
3361 1935 3501 1975 esse.
3553 1923 3656 1977 Sed

2084 2010 2374 2079 imperator
2406 2009 2515 2065 Leo
2581 2012 2770 2065 statuit
2838 2011 3007 2065 Sciris
3064 2027 3219 2080 Opem
3264 2014 3427 2066 ferr-.
3479 2016 3659 2084 Itaque

2081 2102 2287 2157 litteras
2316 2103 2380 2156 ad
2412 2103 2721 2173 praefectum
2750 2101 2948 2173 Illyrici
2984 2103 3147 2168 misit,
3168 2104 3437 2176 iussitque
3483 2109 3657 2175 quoa-l

2087 2206 2307 2247 necesse
2359 2203 2522 2259 esset,
2573 2194 2865 2249 auxiliares
2909 2194 3094 2262 copias
3154 2194 3334 2250 Scins
3394 2197 3658 2252 adversm

2085 2282 2290 2338 Gothos
2319 2286 2576 2354 prmhcre.

2156 2373 2240 2429 18.
2302 2374 2374 2445 (c.
2432 2373 2585 2430 A.C.
2631 2374 2757 2439 468,
2792 2373 2907 2429 lnd.
2958 2373 3011 2442 6,
3063 2375 3232 2431 Leon.
3290 2376 3401 2447 l2.)
3458 2376 3655 2432 Eodem

2085 2474 2327 2535 tempore
2365 2465 2506 2519 venit
2548 2474 2604 2519 et
2650 2467 2715 2519 ad
2749 2464 2983 2521 Leonem
3028 2467 3408 2535 imperatorem
3465 2467 3660 2537 legatio

2081 2572 2111 2609 a
2142 2558 2264 2612 ﬁliis
2317 2558 2514 2623 Attilae,
2570 2568 2627 2612 ut
2672 2557 2920 2612 omnibus
2979 2559 3201 2613 omnino
3254 2560 3655 2628 praeteritorum

2082 2647 2429 2703 dissidiorum
2498 2648 2677 2703 causis
2733 2650 3014 2715 resecatis,
3092 2664 3279 2719 pacem
3327 2650 3545 2715 inirent,
3605 2661 3661 2706 et

401 2721 463 2771 τὸ
503 2719 728 2774 παλαιὸν
764 2720 883 2783 ἔθος
924 2723 1077 2793 παρὰ
1110 2723 1200 2778 τδν
1224 2728 1434 2796 Ἵστρον
1469 2730 1527 2793 ὲς
1564 2732 1760 2784 ταὺτδν
1800 2734 1977 2799 ἰόντας

412 2806 699 2832 00--.--3--‘
734 2812 951 2832 _--__n!
997 2831 1004 2832 κ
1031 2831 1037 2832 ,
1085 2814 1098 2832 9
1226 2818 1235 2832 ι
1401 2818 1413 2832 ο
1464 2822 1477 2832 ι
1579 2819 1595 2832 ι
1697 2820 1755 2832 Δ.
1910 2818 1937 2832 η

2082 2739 2222 2795 inter
2243 2755 2321 2803 se,
2359 2749 2416 2793 ut
2440 2739 2567 2793 olim
2597 2749 2714 2795 erat
2747 2741 2798 2794 in
2830 2755 2978 2794 more
3023 2743 3281 2809 positum,
3343 2741 3410 2796 ad
3458 2740 3655 2797 Istrqu

296 2826 307 2843 ι
412 2806 699 2877 Ῥωμαίοις
731 2812 1042 2879 προτιθέναι
1074 2814 1298 2885 ἀγορὰν,
1329 2818 1423 2871 καὶ
1456 2819 1876 2891 ἀντιλαμϐάνειν
1902 2818 1976 2877 ὧν

402 2898 469 2951 ἂν
503 2899 747 2970 δεόμενοι
781 2902 1015 2972 τύχοιεν.
1054 2906 1165 2959 Καὶ
1202 2908 1234 2977 ἡ
1273 2908 1371 2978 μὲν
1408 2910 1558 2978 σφῶν
1594 2913 1775 2966 αὑτῶν
1811 2933 1978 2983 πρεσ-

403 2989 523 3043 ϐεία
550 2992 609 3043 ἐν
630 2995 742 3055 τοῖς
761 2993 816 3045 δε
839 2990 972 3047 οὖσα
999 2996 1278 3068 ἄπρακτος
1310 3002 1558 3073 ἐπανῄειο
1585 3006 1645 3057 οὑ
1672 3006 1776 3077 γάρ
1802 3008 1976 3061 ἐδόκει

400 3080 478 3151 τῷ
510 3082 844 3151 βασιλεύοντι
877 3085 1114 3152 Οὑννους
1141 3089 1250 3143 τῶν
1280 3092 1603 3163 Ῥωμαϊκῶν
1634 3098 1976 3165 συμϐολαίων

405 3176 651 3243 μετέχειν
691 3176 859 3230 πολλὰ
900 3179 1000 3249 τὴν
1041 3180 1204 3233 αὑτοῦ
1250 3184 1607 3249 κακώσαντας
1648 3189 1769 3257 γῆν.
1812 3191 1874 3243 Ol
1921 3192 1977 3244 δὲ

400 3265 491 3317 τοῦ
524 3266 751 3339 Ἀττήλα
790 3271 976 3334 παῖδες
1012 3272 1110 3340 τὴν
1152 3273 1242 3325 ἐπὶ
1278 3277 1345 3345 τῇ
1387 3277 1976 3352 πρεσϐείᾳ’ὰκόκρισιν

398 3355 681 3424 δεξάμεναι
714 3359 847 3429 πρὸς
876 3362 1015 3428 σφᾶς
1062 3363 1389 3435 διεφέροντο.
1430 3370 1487 3421 '0
1520 3369 1617 3439 μὲν
1644 3373 1751 3442 γὰρ
1779 3375 1973 3441 Δεγγι-

399 3448 514 3517 ζἸχ,
551 3450 848 3520 ἀπράκτως
883 3455 1283 3510 ἐπανελθόντων
1317 3459 1425 3511 τῶν
1463 3461 1779 3531 πρέσϐεων,
1818 3463 1973 3517 πόλε-

402 3558 501 3610 μον
532 3540 824 3612 Ῥωμαίοις
857 3545 1083 3615 ἐπάγειν
1113 3548 1393 3616 ἐϐούλετο,
1430 3552 1459 3605 ό
1498 3554 1555 3606 δὲ
1593 3554 1797 3626 Ἦρνὰχ
1834 3557 1972 3628 πρὸς

397 3633 601 3702 ταύτην
641 3634 952 3705 ἀπηγόρευε
994 3639 1094 3721 τὴν
1142 3644 1517 3714 παρασκευὴν,
1562 3642 1635 3707 ὡς
1679 3646 1788 3698 τῶν
1832 3648 1973 3701 κατὰ

399 3723 581 3793 χώραν
608 3726 931 3794 ἀπαγόντων
957 3729 1119 3781 αὑτὸν
1150 3730 1400 3800 πολέμων
1420 3734 1482 3787 ⁸³.

470 3812 556 3866 ιθ’.
588 3814 711 3867 Ὅτι
744 3815 1082 3885 Σαράγουροι
1111 3820 1454 3890 Ἀκαττίροις
1486 3825 1578 3876 καὶ
1613 3825 1790 3889 ἄλλοις
1825 3828 1974 3880 ἔθνε-

401 3920 485 3957 σιν
523 3905 833 3974 ἐπιθέμενοι
870 3907 960 3958 ἐπὶ
998 3907 1215 3978 Πέρσας
1250 3911 1594 3980 ἐστράτευον.
1634 3915 1742 3967 Καὶ
1777 3918 1974 3985 πρότε-

401 4012 493 4065 ρον
523 3994 623 4065 μὲν
650 3996 740 4049 ἐπὶ
769 3997 1024 4061 Κασπίας
1052 3999 1414 4069 παρεγένοντο
1442 4000 1616 4065 πύλας
1638 4019 1652 4035 ο
1684 4004 1777 4058 καὶ
1808 4024 1976 4075 φρου-

2081 2832 2484 2896 convenientes,
2538 2842 2834 2887 mercatum
2888 2833 3253 2898 celebrarent,
3294 2850 3358 2889 ex
3411 2849 3518 2903 quo
3567 2834 3651 2887 in-

2082 2924 2250 2978 vicem
2285 2938 2367 2986 ea,
2396 2938 2516 2991 qua:
2541 2922 2644 2978 sibi
2675 2938 2809 2993 opus
2840 2933 3048 2989 essent,
3104 2925 3469 2981 desumerent.
3512 2923 3573 2978 Et
3594 2938 3656 2977 ea

2080 3013 2295 3084 quidem
2360 3012 2577 3083 legatio,
2648 3028 2769 3084 qua:
2832 3013 2977 3069 circa
3053 3014 3166 3069 haec
3226 3015 3567 3079 versabatur,
3600 3028 3658 3068 re

2081 3105 2276 3159 infecta
2337 3104 2511 3159 rediit.
2560 3102 2670 3159 Nec
2715 3103 2859 3159 enim
2913 3104 3213 3173 imperator
3269 3103 3657 3158 commercium

2081 3197 2448 3251 Romanorum
2530 3211 2652 3250 cum
2725 3193 2958 3261 llunnls,
3026 3195 3117 3264 qui
3185 3211 3279 3249 eos
3320 3204 3396 3249 tot
3445 3196 3657 3250 damnis

2049 3297 2132 3345 .ct
2164 3287 2404 3343 cladibus
2474 3286 2786 3351 affecerant,
2841 3285 3245 3340 concedendum
3298 3300 3421 3340 esse
3471 3286 3647 3340 duxit.

2078 3378 2147 3433 At
2205 3394 2333 3433 vero
2381 3378 2562 3433 Attilze
2608 3378 2727 3442 lilii,
2781 3378 3089 3432 renuntiata
3171 3377 3462 3447 legatione,
3508 3378 3649 3433 inter

2077 3485 2136 3524 se
2170 3469 2559 3523 dissenserunt.
2603 3467 2815 3523 Etenim
2844 3466 3156 3538 Dengisiclr,
3192 3467 3379 3537 legatis
3415 3468 3560 3522 nulla
3593 3482 3653 3523 re

2079 3561 2358 3629 impetrata
2379 3559 2629 3624 reversis,
2658 3557 2857 3614 bellum
2886 3557 3145 3613 Romanis
3177 3558 3378 3613 inferre
3412 3558 3647 3614 volebat.

2074 3651 2174 3707 Cui
2203 3652 2429 3708 consilio
2470 3650 2661 3705 lrnach
2698 3650 3055 3722 repugnabat,
3084 3653 3226 3721 quod
3254 3652 3307 3707 iu
3365 3650 3655 3723 praesentia

2077 3742 2240 3796 multa
2269 3759 2298 3794 a
2321 3740 2459 3795 bello
2491 3749 2804 3797 avocarent.

2146 3831 2233 3885 l9.
2277 3830 2431 3899 (Eod.
2455 3830 2571 3885 fere
2594 3830 2985 3901 an.)Saraguri
3017 3847 3140 3887 cum
3175 3833 3449 3888 Acathiris
3500 3833 3655 3887 aliis-

2076 3936 2182 3990 que
2213 3920 2465 3989 gentibus
2524 3919 2799 3988 conjuncti
2828 3920 2879 3972 in
2914 3919 3110 3975 Persas
3143 3921 3441 3977 exercitum
3484 3923 3656 3976 duxe-

2046 4030 2049 4031 '
2082 4021 2224 4065 runt.
2251 4011 2488 4065 Primum
2507 4009 2724 4079 quidem
2749 4011 2816 4064 ad
2842 4020 3023 4082 portas
3044 4009 3268 4080 Caspias
3290 4022 3657 4078 accesserunt,

400 4086 502 4154 ραν
559 4086 830 4158 Περσικὴν
883 4091 941 4142 ἐν
998 4089 1190 4153 αὑταῖς
1245 4091 1665 4160 ἐγκαθεστῶσαν
1725 4098 1979 4167 εὑρόντες

2088 4102 2176 4158 ubi
2206 4117 2328 4157 cum
2360 4102 2666 4171 prasidium
2692 4102 2969 4159 Persicum
2998 4102 3370 4170 oll‘endissent,
3396 4106 3461 4159 ad
3494 4106 3655 4159 aliam

397 4177 593 4248 ἑτέραν
626 4178 744 4232 ὁδὸν
776 4178 1108 4250 ἐτράποντο,
1141 4182 1209 4235 δι’
1228 4178 1296 4256 ἧς
1336 4183 1429 4236 ἐπὶ
1470 4186 1593 4249 τοὺς
1622 4187 1850 4258 Ἴϐηρας
1887 4190 1975 4244 ἐλ-

398 4270 581 4333 θόντες
607 4272 707 4341 τήν
735 4288 793 4324 τε
829 4271 1011 4326 αὑτῶν
1042 4274 1228 4345 ἐδῄουν
1255 4278 1349 4329 κα)⁵
1377 4276 1446 4330 τὰ
1465 4278 1770 4348 ’Δρμενίων
1800 4284 1974 4353 χωρία

397 4364 743 4434 κατέτρεχον,
766 4363 906 4418 ὥστε
938 4366 1153 4437 Πέρσας
1183 4368 1318 4439 πρὸς
1343 4368 1423 4439 τῷ
1440 4369 1658 4440 πολέμῳ
1680 4372 1785 4425 τῶν
1808 4375 1975 4428 Κιδαη

402 4455 563 4524 ριτῶν
596 4455 676 4526 τῷ
714 4456 881 4510 πάλαι
923 4459 1105 4521 αὑτοῖς
1145 4461 1398 4514 συστάντι
1439 4463 1532 4516 καὶ
1568 4461 1773 4536 ταύτην
1813 4467 1974 4521 εὑλα-

398 4545 922 4616 ϐουμὲνουςέφοδον
968 4547 1120 4618 παρὰ
1156 4548 1465 4619 Ῥωμαίους
1506 4552 1971 4623 πρεσϐεύσασθαι,

397 4638 491 4690 καὶ
519 4637 690 4691 αἰτεῖν
720 4639 978 4709 χρήματα
1013 4638 1199 4708 σφίσιν
1228 4640 1414 4703 αὐτοῖς
1442 4640 1681 4696 δίδοσθαι
1710 4643 1743 4713 ἢ
1774 4645 1973 4717 ἄνδρας

397 4729 534 4799 πρὸς
564 4728 808 4800 φυλακὴν
837 4729 931 4782 τοῦ
949 4728 1321 4801 Ἰουροειπαὰχ
1352 4733 1635 4803 φρουρίου,
1667 4734 1761 4787 καὶ
1794 4734 1973 4804 λέγειν

397 4820 542 4891 ἅπερ
571 4821 756 4883 αὑτοῖς
785 4820 1047 4885 πολλάκις
1074 4822 1264 4893 εἴρητο
1290 4824 1773 4896 πρεσϐευομένοις,
1804 4828 1887 4882 ὅτι
1906 4828 1971 4893 ⁸⁸,

396 4909 577 4963 αὑτῶν
610 4910 992 4983 ὑφισταμένων
1024 4912 1125 4976 τὰς
1161 4911 1342 4984 μάχας
1375 4918 1471 4969 καὶ
1510 4915 1584 4987 μὴ
1621 4918 1971 4987 συγχωρούν-

393 5018 502 5055 των
530 5002 598 5056 τὰ
630 5003 852 5057 ἐπιόντα
882 5003 1007 5074 ἔθνη
1040 5003 1295 5075 βάρϐαρα
1329 5006 1562 5077 πάροδον
1593 5007 1757 5076 ἒχειν,
1795 5010 1828 5079 ἠ
1862 5009 1973 5062 τῶν

404 5094 695 5165 Ῥωμαίων
727 5096 965 5167 ἀδῄωτος
1005 5096 1250 5169 διαμένει
1282 5097 1453 5170 χώρα.
1490 5099 1610 5153 Τῶν
1643 5100 1700 5153 δὲ
1735 5102 1970 5173 ἀποκρι-

392 5180 661 5248 ναμένων,
699 5180 775 5245 ὡς
810 5182 1040 5236 ἕκαστον
1078 5185 1292 5257 ἀνάγκη
1332 5187 1433 5257 τῆς
1473 5188 1681 5253 οἰκείας
1718 5191 1970 5262 ὑπερμα-

391 5269 590 5337 χοῦντα
637 5270 742 5339 γῆς
788 5272 887 5343 τῆς
940 5274 1207 5345 σφετέρας
1261 5278 1504 5348 φρουρᾶς
1553 5278 1970 5349 ἐπιμελεῖσθαι,

394 5358 556 5413 πάλιν
585 5361 855 5433 ἄπρακτοι
884 5362 1273 5431 ὲπανέζευξαν.

2078 4198 2221 4250 viam
2249 4193 2603 4261 deﬂexerunt,
2632 4210 2736 4264 qua
2767 4196 2831 4249 ad
2871 4195 3053 4251 Iberos
3078 4196 3352 4262 conversi,
3384 4197 3655 4266 regionem

2082 4295 2385 4353 vastarunt,
2436 4294 2492 4341 et
2530 4286 2881 4342 excursiones
2932 4287 2985 4342 in
3032 4288 3226 4358 oppida
3274 4289 3653 4344 Armeniorum

2078 4377 2344 4433 fecerunt.
2378 4380 2448 4431 At
2486 4376 2687 4443 Persm,
2733 4379 2822 4448 qui
2864 4378 2975 4448 jam
3020 4378 3299 4448 superiore
3344 4378 3484 4433 bello
3532 4394 3653 4433 cum

2079 4466 2335 4523 Cidaritis
2380 4467 2522 4522 hunc
2567 4467 2772 4521 aditum
2824 4468 3273 4533 communierant,
3332 4468 3537 4534 legatos
3589 4471 3654 4520 al

2079 4557 2354 4613 Romanos
2386 4559 2676 4622 miserunt,
2700 4558 2791 4628 qui
2831 4558 3030 4613 abillis
3064 4545 3317 4629 pecunias
3344 4567 3436 4611 aut
3461 4558 3657 4612 milites

2077 4652 2144 4707 ad
2174 4651 2475 4707 custodiam
2507 4651 2653 4706 arcis
2684 4651 2844 4705 leron
2859 4652 2957 4706 ach
2996 4660 3263 4721 peterent,
3288 4661 3341 4705 et
3378 4652 3519 4720 quod
3543 4650 3653 4720 jam

2028 4814 2033 4817 _
2076 4757 2218 4811 saepe
2255 4757 2351 4812 per
2393 4743 2595 4813 legatos
2637 4742 2898 4813 egissent,
2934 4741 3214 4805 docerent,
3253 4742 3296 4796 si
3334 4742 3432 4811 ipsi
3475 4752 3653 4796 certa-

2076 4837 2222 4891 mina
2249 4836 2576 4892 sustinerent
2605 4846 2658 4891 et
2697 4837 2956 4892 barbaros
2998 4838 3377 4907 aggredicntes
3410 4838 3475 4891 ab
3504 4838 3650 4891 aditu

2079 4927 2452 4997 prohiberent,
2492 4936 2637 4983 tutos
2666 4927 2783 4983 fore
2817 4929 3181 4984 Romanorum
3221 4930 3372 4981 tincs.
3403 4927 3496 4981 llis
3530 4942 3656 4981 vero

2076 5018 2553 5088 respondentibus,
2601 5019 2798 5073 rationi
2830 5026 3255 5074 consentaneum
3285 5033 3427 5084 esse,
3461 5034 3651 5071 unum.

2075 5120 2351 5177 quemque
2381 5121 2478 5162 sua
2516 5108 2653 5163 tueri
2687 5116 2742 5163 et
2775 5106 3082 5174 defendere,
3112 5116 3164 5163 et
3199 5107 3264 5161 de
3294 5106 3409 5163 suis
3438 5108 3651 5163 arcibus

2079 5197 2369 5253 sollicitum
2410 5214 2551 5265 esse,
2596 5214 2784 5256 rursus
2833 5214 2890 5255 re
2935 5215 3037 5255 non
3088 5200 3327 5266 obtenta,
3380 5197 3539 5269 legati
3581 5197 3649 5253 ad

2081 5303 2209 5346 SUOS
2244 5301 2535 5347 revertere.

1700 5462 1935 5519 VARI/E
1968 5465 2375 5524 LECTIONES.

460 5546 483 5578 ’
520 5544 617 5602 llic
642 5555 885 5631 et.supra

460 5632 802 5671 υνσταντινος
832 5634 905 5671 vu
927 5635 959 5671 ε

392 5617 802 5688 Κωνσταντίνος
832 5617 979 5688 vulg.

1051 5619 1091 5650 “
1126 5621 1314 5700 Σκίροι
1342 5619 1526 5700 Cant.:,
1562 5619 1765 5700 Σκύθαι
1796 5630 1941 5700 vulg.

394 5703 496 5771 μον
524 5686 669 5761 vulg.

1124 5560 1179 5631 et
1198 5549 1317 5631 58.
1347 5552 1666 5631 gaqulgae
1680 5572 1779 5631 pro
1803 5559 2089 5631 Βανδίλους
2123 5562 2335 5631 scripsi,
2362 5563 2686 5619 constantia:
2702 5578 2887 5618 causa.
2907 5562 2975 5619 Ν.
3043 5564 3085 5595 ¹⁰
3109 5563 3481 5625 Κωνστάντιος
3507 5564 3643 5619 ναι..

761 5633 802 5718 ξς
832 5631 995 5718 ξιιιῇ
1030 5631 1326 5718 ’ᾅιῆικιροιὶ
1342 5631 1526 5718 (λιιιιι.ἶ
1562 5631 1765 5718 Σκὺθαι
1796 5631 1941 5708 vulg.
2022 5631 2071 5718 “1
2103 5633 2540 5718 ’ξᾼσπαρᾯιιιιιη
2574 5632 2721 5718 ἅπερ
2758 5634 2907 5718 .vulg.

838 5688 1156 5746 ὅτιοιιηοι
1193 5688 1268 5762 μὴ
1296 5695 1577 5767 om.vulg.
1642 5688 1994 5770 Negatioii'em
2056 5701 2160 5772 (ιι-ἴς)
2222 5688 2340 5758 addi
2390 5688 2617 5773 jubebat
2678 5688 2790 5759 l’al.

2990 5633 3031 5666 ⁸³
3058 5635 3310 5706 πολέμων
3346 5632 3456 5690 Val.
3486 5634 3643 5689 πόλε-
