4010 6210
395 230 501 295 (93

1417 230 1809 290 EXCERPTA
1848 228 1948 286 EX
1985 225 2254 285 PRISCO
2292 224 2654 285 RHETORE

3539 224 3648 287 760

468 340 560 395 eo.
618 340 706 413 (Α.
755 341 817 398 c.
867 341 994 405 469,
1038 297 1152 401 Ind.
1196 341 1247 403 7,
1299 339 1466 393 [που.
1514 336 1626 408 ιδ.)
1681 332 1962 403 Dengisicb

2137 329 2207 385 κ’.
2252 332 2375 384 Ὅτι
2401 330 2659 401 Δεγγιζὶχ
2684 331 2919 400 πόλεμον
2958 331 3053 384 ἐπὶ
3083 331 3385 402 Ῥωμαίους
3425 334 3649 401 ὲπενεγυ

402 433 600 488 bellum
624 434 879 488 Romanis
911 432 1109 497 intulit,
1140 439 1193 483 ct
1216 430 1351 484 lstro
1377 431 1535 499 potiri
1570 430 1786 484 institit.
1812 428 1964 495 Quod

403 525 491 577 ubi
525 522 811 593 Ornigiscli
852 516 993 576 tilias
1033 522 1292 590 comperit
1323 521 1395 591 (is
1425 522 1481 575 in
1512 537 1572 577 ea
1602 526 1763 590 parte
1790 520 1969 576 Thra-

401 616 521 677 ciae,
568 627 686 681 quae
735 612 801 665 ad
857 610 1053 667 lstrum
1102 621 1204 678 est,
1254 614 1510 670 custodiae
1558 614 1686 683 ripae
1733 614 1970 668 ﬂuminis

402 703 687 771 praefectus
718 688 879 772 erat),
913 717 1012 772 per
1043 714 1169 758 suos
1218 721 1283 760 ex
1329 720 1395 761 eo
1426 708 1695 775 quaesivit,
1744 722 1812 761 an
1852 706 1969 763 acie

404 794 681 848 decertare
706 793 886 849 vellet.
908 794 1015 867 45
1039 795 1143 851 Sed
1175 796 1457 868 Dengisich
1478 799 1805 868 Anagastum
1835 784 1968 856 con?-

405 895 674 950 temnens,
716 884 782 939 ab
814 900 881 940 eo
924 889 1119 943 missos
1166 904 1228 944 re
1278 889 1472 944 infecta
1516 891 1738 952 dimisit,
1781 900 1836 946 et
1878 904 1972 962 per

404 974 613 1042 legatos
643 975 960 1045 imperatori
985 979 1337 1043 denuntiavit,
1363 994 1422 1035 se
1443 978 1638 1035 bellum
1672 981 1968 1049 illaturum,

406 1064 509 1119 nisi
542 1065 643 1120 sibi
675 1068 897 1137 suisque
923 1057 1123 1123 terram
1154 1079 1208 1125 et
1231 1071 1484 1140 pecunias
1509 1070 1968 1128 Subministraret.

403 1156 621 1228 Legatis
645 1158 697 1212 in
733 1159 936 1230 regiam
971 1159 1293 1217 introductis
1324 1172 1378 1217 et
1408 1163 1657 1219 mandata
1694 1179 1970 1236 exponen-

404 1248 552 1304 tibns
584 1249 878 1318 imperator
920 1252 1217 1321 respondit,
1258 1268 1319 1307 se
1356 1255 1538 1310 omnia
1574 1240 1972 1325 paratumresse

404 1334 607 1403 facere,
650 1339 694 1394 si
741 1353 840 1394 suo
882 1339 1108 1410 imperio
1155 1343 1374 1412 obsequi
1418 1344 1634 1400 vellent.
1675 1345 1789 1400 Sibi
1827 1348 1968 1402 enim

325 1486 339 1500 ο
404 1435 718 1497 pergratum
757 1440 811 1484 et
835 1430 1132 1500 jucundum
1173 1447 1313 1500 esse,
1347 1434 1391 1489 si
1431 1436 1641 1505 quando
1680 1437 1882 1492 inimici
1916 1436 1969 1492 in

407 1518 583 1574 fcedus
613 1506 1037 1592 societatemque
1072 1524 1379 1579 transirent.

470 1780 560 1836 21.
608 1782 696 1855 (A.
741 1785 804 1841 C.
850 1785 978 1855 470,
1021 1787 1135 1849 Ind.
1184 1788 1238 1858 8,
1274 1791 1439 1848 Leon.
1486 1790 1602 1866 14.)
1639 1797 1969 1867 Anagastus,

404 1871 694 1931 Basiliscus
721 1886 777 1932 et
806 1878 995 1952 Ostrys
1021 1889 1075 1936 et
1098 1881 1187 1935 alii
1219 1884 1432 1951 quidam
1465 1885 1628 1941 duces
1656 1886 1882 1943 Romani
1916 1890 1969 1945 in

399 1963 577 2019 locum
611 1967 900 2037 abruptum
942 1980 999 2025 et
1029 1986 1322 2026 concavum
1356 1972 1560 2033 Gothos
1596 1978 1833 2036 inclusos
1868 1982 1970 2039 ob-

392 2056 675 2127 sederunt.
727 2056 802 2112 ibi
857 2056 1069 2131 Scytha:
1119 2064 1356 2120 victuum
1414 2067 1589 2138 inopia
1634 2068 1967 2137 laborantes,

404 2144 679 2201 Romanos
713 2148 895 2204 missis
923 2150 1109 2220 legatis
1139 2156 1400 2212 certiores
1423 2157 1686 2224 fecerunt,
1713 2175 1794 2229 se,
1830 2161 1968 2218 facta

401 2236 699 2305 deditione,
720 2239 992 2309 omnibus,
1015 2258 1133 2312 quae
1152 2249 1460 2312 statuerint,
1495 2251 1787 2318 parituros,
1810 2254 1970 2309 modo

399 2325 503 2381 sibi
558 2336 757 2385 terram
807 2331 873 2386 at]
930 2334 1336 2393 inhabitandam
1388 2343 1708 2399 concedant.
1738 2344 1967 2401 Romani

399 2423 797 2489 responderunt
858 2440 919 2482 se
950 2427 1017 2482 ad
1048 2429 1429 2496 imperatorem
1468 2448 1654 2490 eorum
1698 2436 1966 2506 postulata

399 2512 692 2570 delaturos.
727 2517 795 2572 At
829 2515 1043 2589 Scythae
1070 2531 1292 2592 prepter
1316 2522 1536 2591 famem,
1572 2541 1691 2595 quae
1725 2542 1819 2583 eos
1844 2544 1969 2598 pre-

398 2604 601 2670 mebat,
639 2608 942 2677 transigere
984 2611 1119 2665 velle
1163 2614 1435 2678 dixerunt,
1480 2628 1654 2683 neque
1697 2617 1967 2688 longiores

399 2707 582 2749 moras
615 2696 757 2752 ferre
782 2713 960 2767 posse.
989 2699 1126 2755 Tum
1163 2701 1420 2759 Romanis
1451 2706 1726 2763 ordinibus
1755 2724 1966 2779 praepo-

399 2784 515 2855 siti,
549 2783 734 2840 habito
756 2788 1005 2855 consilio,
1034 2792 1299 2862 tantisper
1331 2794 1455 2850 dum
1494 2797 1789 2867 imperator
1810 2801 1968 2856 aliter

398 2883 683 2943 statueret,
719 2879 974 2936 alimenta
999 2897 1058 2939 se
1093 2885 1415 2954 praebituros
1461 2887 1678 2955 polliciti
1728 2900 1873 2958 sunt,
1918 2892 1963 2949 si

2071 422 2258 486 κόντος
2283 422 2378 476 καὶ
2400 425 2466 494 τῇ
2487 424 2580 478 τοῦ
2599 424 2815 495 Ἴστρου
2844 421 3384 493 προσκαρτεροῦντος
3407 424 3468 489 ⁸⁸,
3493 424 3649 476 τοῦτο

2074 511 2261 581 μαθὼν
2283 515 2313 566 ὁ
2336 511 2709 590 Ὀρνιγίσκλου
2735 514 2868 585 (25)
2899 514 3094 585 (αὐτὸς
3118 514 3228 585 γὰρ
3250 509 3363 585 εἶχε
3390 515 3487 587 τὴν
3516 515 3650 585 πρὸς

2069 601 2147 672 τῷ
2183 601 2407 674 Θρᾳκίῳ
2454 605 2612 674 μέρει
2653 604 2751 658 τοῦ
2797 605 3045 675 ποταμοῦ
3092 605 3402 677 φυλακὴν),
3443 608 3508 658 ὲκ
3543 606 3650 658 τῶν

2070 694 2209 763 ἀμφ’
2239 694 2403 749 αὑτὸν
2443 696 2736 767 ἐκπέμψας
2787 697 3119 754 ἐπυνθάνετο
3164 699 3194 752 ὅ
3232 715 3286 752 τι
3334 697 3650 768 βουλόμενοι

2071 787 2208 856 πρὸς
2251 787 2433 858 μάχην
2475 790 3010 859 παρασκευάζονται.
3042 784 3107 844 Ὅ
3159 788 3216 843 δὲ
3258 788 3518 859 Δεγγιζὶχ
3554 787 3650 842 τοῦ

2084 877 2415 945 Ἀναγάστου
2477 880 2925 952 κατολιγωρήσας
2976 881 3108 944 τοὺς
3163 880 3255 934 ὑπ’
3286 879 3453 934 αὐτοῦ
3509 897 3652 950 πεμ-

2071 970 2306 1040 φθέντας
2331 974 2653 1044 ἀπράκτους
2678 974 2830 1044 ἠφίει
2853 1013 2869 1039 ,
2894 990 2970 1027 πα
2980 972 3133 1045 past
3158 973 3248 1026 τὸν
3274 972 3498 1043 βασιλέα
3523 972 3651 1032 τοὺς
3704 965 3717 972 ’
3732 968 3749 984 ί

2070 1061 2478 1134 διαλεξομένους
2511 1062 2779 1129 ἔστελλεν,
2809 1064 2907 1129 ὣς,
2939 1065 2989 1117 εί
3024 1064 3098 1135 μὴ
3129 1063 3236 1134 γῆν
3265 1063 3359 1116 καί
3392 1064 3649 1132 χρήματι

2068 1153 2219 1225 αὐτῷ
2253 1154 2348 1208 καὶ¹
2377 1153 2517 1225 τῷιι
2550 1156 2802 1226 ἑπομένῳ
2834 1154 2943 1226 δῴη
2982 1153 3230 1226 στρατῷ,
3264 1147 3499 1224 πόλεμοῆ
3547 1153 3649 1204 £1:-

2069 1241 2207 1306 άξει.
2246 1243 2369 1299 Τῶν
2404 1244 2461 1298 δὲ
2486 1245 2617 1314 παρ’
2639 1246 2846 1299 ἐκείνου
2892 1243 3176 1315 πρέσϐεων
3216 1245 3274 1306 ἐς
3300 1244 3370 1297 τὰ
3397 1242 3646 1314 βασίλεια

2070 1333 2418 1402 ἀφικομένων
2436 1335 2527 1389 καὶ
2545 1335 2611 1387 τὰ
2628 1335 2809 1398 αὐτοῖς
2827 1335 3154 1390 ὲνταλθέντα
3172 1334 3645 1404 ἀπαγγειλάντων,

2069 1422 2409 1494 ἀπεκρίνατο
2453 1425 2708 1494 βασιλεὺς
2754 1426 2989 1496 ἑτοίμως
3037 1424 3181 1496 ἔχειν
3224 1425 3403 1479 πάντα
3448 1425 3641 1488 ποιεῖν,

2069 1512 2185 1581 εἴγε
2232 1514 2664 1585 ὑπακουσόμενοι
2716 1516 2867 1588 αὑτῷ
2915 1510 3330 1585 παραγένωνται
3354 1531 3368 1544 ·
3427 1516 3644 1585 χαίρειν

2072 1601 2180 1671 γὰρ
2210 1602 2322 1665 τοῖς
2350 1602 2459 1655 ἀπὺ
2484 1602 2594 1661 τῶν
2625 1602 2836 1674 ἐχθρῶν
2863 1603 2959 1660 ἐπὶ
2989 1604 3280 1674 συμμαχίᾳ
3307 1602 3646 1672 ἀφικνουμέ-

2070 1707 2203 1755 νοις.

2141 1786 2248 1837 κα’.
2277 1781 2399 1836 Ὅτι
2411 1780 2744 1851 ’Δναγάστου
2765 1782 2859 1836 καὶ
2876 1782 3201 1836 Βασιλίσκου
3217 1782 3310 1835 καὶ
3323 1781 3587 1852 Ὀστρύου
3601 1785 3641 1814 ⁸³

2071 1872 2167 1931 καὶ
2196 1871 2372 1927 ἄλλων
2394 1873 2557 1927 τινῶν
2584 1874 2908 1945 στρατηγῶν
2939 1873 3230 1943 Ῥωμαίων
3253 1874 3380 1937 τοὺς
3409 1872 3645 1938 Γότθους

2072 1962 2129 2028 ές
2154 1981 2275 2019 τινα
2305 1965 2485 2018 κοῖλον
2510 1964 2687 2035 χῶρον
2712 1964 3149 2034 συγκλεισάντων
3177 1965 3272 2019 καὶ
3301 1963 3649 2035 πολιορκούνο

2070 2069 2199 2120 των,
2235 2054 2380 2128 λιμῷ
2415 2071 2477 2109 τε
2519 2054 2854 2125 πιεζομένων
2888 2056 2998 2110 τῶν
3039 2056 3264 2110 Σκυθῶν
3302 2056 3495 2111 σπάνει
3532 2055 3647 2110 τῶν

2070 2145 2426 2215 ἐπιτηδείων,
2463 2147 2762 2217 πρεσϐείαν
2799 2146 2952 2219 παρα
2989 2146 3116 2212 τοὺς
3145 2148 3452 2217 Ῥωμαίους
3490 2151 3647 2218 ποιή-

2074 2235 2303 2300 σασθαι,
2331 2236 2471 2289 ὥστε
2503 2238 2701 2300 αὐτοὺς
2729 2237 2993 2291 ὲνδιδόασι
3019 2237 3352 2308 νεμομένους
3378 2238 3484 2307 γῆν
3510 2238 3647 2291 ύπαο

2071 2327 2254 2382 κούειν
2280 2327 2459 2381 αὐτῶν
2490 2330 2549 2393 ἐς
2580 2328 2609 2382 ὅ
2631 2344 2684 2382 τι
2718 2327 2786 2382 ἂν
2814 2327 3036 2403 θέλοιεν.
3051 2328 3171 2382 Τῶν
3203 2328 3260 2382 δὲ
3293 2331 3384 2383 ἐπὶ
3417 2328 3644 2400 βασιλέα

2069 2417 2168 2489 τὴν
2202 2418 2429 2472 ἐκείνων
2467 2419 2656 2490 φέρειν
2695 2420 3148 2493 ἀποκριναμένων
3188 2420 3507 2492 πρεσϐείαν,
3548 2425 3647 2477 καὶ

2069 2507 2179 2562 τῶν
2209 2508 2506 2581 Βαρϐάρων
2537 2509 2632 2564 τοῦ
2672 2509 2833 2582 λιμοῦ
2873 2510 3003 2584 πέρι
3040 2513 3181 2581 σφᾶς
3217 2511 3405 2566 θέσθαι
3437 2511 3646 2566 ἐθέλειν

2067 2599 2166 2662 τὰς
2202 2600 2497 2671 συμόάσεις
2532 2601 2822 2673 φαμένων,
2855 2604 2949 2656 καὶ
2985 2603 3059 2674 μὴ
3090 2603 3233 2668 οἴους
3265 2619 3326 2656 τε
3360 2598 3500 2657 εἶναι
3538 2621 3643 2673 μαι

2069 2689 2209 2760 κρὰς
2235 2691 2508 2745 ποιεῖσθαι
2536 2693 2852 2764 ἀνακωχὰς,
2885 2692 3265 2764 βουλευόμενοι
3295 2694 3347 2747 oi.
3371 2694 3471 2757 τὰς
3507 2693 3642 2748 Ῥω-

2073 2781 2276 2849 μαῖκᾶς
2308 2782 2488 2848 τάξεις
2519 2783 2827 2850 διέποντες,
2859 2787 3065 2857 τροφὰς
3098 2787 3431 2857 χορηγήσειν
3456 2786 3641 2850 αὐτοῖς

2070 2872 2368 2944 ὑπέσχοντο
2399 2876 2527 2946 ἄχρι
2557 2877 2654 2948 τῆς
2691 2878 2950 2948 βασιλέως
2983 2879 3307 2951 ἐπιτροπῆς,
3327 2879 3382 2933 εί
3400 2896 3464 2949 γε
3500 2882 3644 2950 σφᾶς

398 2967 617 3037 Scythae
658 2969 1022 3028 Romanorum
1074 2989 1224 3033 more
1269 2979 1543 3036 exercitus
1584 2980 1638 3035 in
1683 2992 1860 3052 partes
1905 2998 1966 3042 se

2069 2964 2265 3029 αὐτοὺς
2293 2966 2518 3022 διέλοιεν
2541 2968 2729 3038 ὥσπερ
2758 2970 2853 3025 καὶ
2882 2970 2942 3024 τὸ
2969 2970 3276 3041 Ῥωμαῑκδν
3298 2971 3643 3043 διακέκριται

396 3058 544 3127 ipsos
576 3060 900 3118 dividerent.
931 3063 1023 3120 Sic
1052 3068 1195 3122 enim
1229 3068 1439 3125 facilius
1468 3085 1586 3137 eos,
1616 3087 1736 3128 cum
1768 3074 1964 3146 singuli

2068 3059 2301 3130 πλῆθος·
2350 3060 2570 3116 ἔσεσθαι
2619 3061 2728 3134 γὰρ
2773 3061 2952 3115 αὐτῶν
2995 3062 3191 3135 ῥᾳδίως
3232 3060 3406 3126 οὕτως
3446 3060 3643 3132 ἐπιμέ-

391 3150 636 3216 ordines,
685 3167 795 3208 non
843 3155 1080 3222 universi
1125 3157 1284 3214 simul
1321 3161 1643 3230 respiciendi
1688 3174 1889 3230 essent,
1933 3180 1964 3220 a

397 3241 625 3300 ducibus
653 3245 831 3301 curari
864 3260 1046 3318 posse,
1085 3250 1286 3319 quippe
1312 3250 1405 3320 qui
1437 3266 1567 3307 cura
1595 3259 1649 3308 et
1688 3253 1965 3324 diligentia

393 3332 536 3389 inter
567 3347 628 3391 se
661 3335 772 3391 sint
809 3338 1091 3394 certaturi.
1132 3338 1320 3409 Itaqate
1349 3340 1564 3412 Scytha
1592 3344 1698 3409 his,
1732 3360 1853 3415 quae
1891 3345 1967 3400 le-

393 3425 505 3492 gati
550 3427 953 3501 renuntiarunt,
996 3439 1311 3496 paruerunt,
1342 3444 1508 3501 seque
1537 3432 1592 3487 in
1625 3434 1846 3491 tetidem
1877 3450 1967 3490 or-

394 3517 548 3569 dines
566 3496 984 3584 distribuerunt,
1008 3518 1061 3573 in
1085 3533 1222 3589 quos
1245 3496 1473 3578 Romani
1492 3533 1646 3581 erant
1668 3525 1962 3584 distributi.

393 3606 513 3672 Quo
537 3606 679 3663 facto
704 3607 985 3675 Chelchal,
1021 3625 1219 3683 genere
1260 3610 1510 3681 Hunnus,
1546 3617 1637 3688 qui
1670 3619 1962 3675 secundum

394 3700 464 3755 ab
497 3698 705 3770 Aspare
737 3701 945 3773 imperii
977 3704 1203 3777 gradum
1231 3707 1285 3761 in
1313 3720 1427 3773 eos,
1460 3709 1553 3779 qui
1584 3709 1685 3766 sub
1712 3725 1778 3768 eo
1813 3713 1963 3768 ordi-

394 3808 491 3848 nes
523 3792 816 3862 ducebant,
836 3786 1082 3863 tenebat,
1109 3796 1497 3869 Barbarorum,
1521 3816 1643 3872 quae
1671 3803 1781 3860 suis
1812 3807 1961 3861 ordi-

393 3885 552 3941 nibus
590 3896 920 3956 accesserat,
969 3890 1250 3947 cohortem
1298 3894 1512 3961 obiens,
1556 3896 1612 3951 in
1655 3909 1762 3968 qua
1807 3906 1963 3953 erant

392 3976 576 4047 plures
617 3993 843 4036 numero
881 3979 1061 4047 Gothi,
1096 3997 1257 4054 quam
1295 3976 1509 4056 reliqui,
1539 3987 1728 4043 accitis
1759 3988 1960 4058 primo-

391 4070 542 4126 ribus
580 4071 884 4142 huiusmodi
933 4078 1230 4130 cntionem
1269 4076 1467 4132 habere
1504 4079 1668 4150 cmpit
1694 4095 1707 4131 :
1735 4077 1958 4134 Terram

394 4161 613 4233 quidem
652 4163 1060 4235 ’imperatorem
1109 4167 1176 4222 ad
1225 4168 1634 4224 inhabitantium
1684 4170 1957 4238 daturum,

2065 3146 2247 3217 λειαν,
2293 3151 2352 3213 ἐς
2394 3151 2522 3215 τοὺς
2565 3149 2968 3222 κληρουμένους
3016 3153 3111 3205 καὶ
3155 3151 3254 3205 οὐκ
3298 3153 3380 3215 είς
3430 3152 3639 3215 πάντας

2020 3274 2033 3287 ο
2063 3241 2481 3299 ἀποσλεπόντων
2515 3242 2621 3295 τῶν
2657 3242 3011 3313 στρατηγῶν,
3044 3243 3204 3314 οἵπερ
3237 3244 3296 3307 ἐς
3330 3243 3641 3313 φιλοτιμίαν

2065 3332 2299 3402 ὁρῶντες
2339 3333 2476 3402 πρὸς
2507 3332 2605 3404 τὴν
2639 3333 2819 3388 αὐτῶν
2853 3334 3070 3397 πάντως
3109 3333 3571 3405 ἁμιλληθήσονται
3596 3335 3640 3367 ³⁸

2066 3422 2313 3496 κομιδήν.
2354 3424 2474 3478 Τῶν
2517 3424 2575 3479 δὲ
2621 3424 2845 3479 Σκυθῶν
2888 3425 3013 3490 τοὺς
3059 3425 3507 3495 ἅπαγγελθέντας
3550 3426 3641 3481 διὰ

2063 3515 2173 3572 τῶν
2204 3518 2486 3589 πρέσϐεων
2516 3518 2967 3591 προσδεξαμένων
2995 3520 3188 3589 λόγους
3222 3520 3314 3576 καὶ
3351 3522 3410 3585 ἐς
3438 3520 3640 3574 τοσαύ-

2063 3626 2161 3676 τας
2191 3613 2333 3682 σφᾶς
2360 3611 2556 3677 αὐτοὺς
2582 3611 2858 3679 ταξάντων
2883 3612 3101 3682 μοίρας,
3130 3613 3189 3678 ἐς
3215 3612 3459 3683 ὅσασπερ
3476 3612 3520 3646 ¹⁹
3545 3612 3640 3665 καὶ

2066 3703 2117 3757 oi
2143 3703 2404 3774 Ῥωμαῖοι
2434 3703 3051 3775 διεκέκριντο,Χελχαλ,
3080 3703 3175 3759 τοῦ
3204 3702 3641 3774 Οὔννωνγένους

2065 3792 2206 3864 ἀνὴρ
2241 3793 2335 3847 καὶ
2369 3794 2782 3863 ὑποστράτηγος
2807 3794 2918 3848 τῶν
2943 3794 3236 3849 διεπόντων
3264 3796 3334 3848 τά
3357 3797 3638 3865 ’Δσπαρος

2060 3885 2319 3957 τάγματα
2338 3925 2354 3950 ,
2387 3886 2538 3955 παρὰ
2564 3886 2664 3957 τὴν
2692 3885 3056 3958 ἑπιλαχοῦσαν
3085 3887 3268 3951 αὐτοῖς
3295 3886 3639 3958 βαρϐαρικὴν

2064 3979 2262 4049 μοῖραν
2283 3976 2474 4044 ἐλθὼν,
2496 3977 2592 4032 καὶ
2614 3976 2723 4031 τῶν
2738 3978 2784 4010 ’⁸
2809 3977 3023 4031 Γότθων
3047 3977 3321 4046 (πλείονες
3343 3978 3400 4032 δὲ
3419 3978 3527 4031 τῶν
3549 3979 3637 4032 ἄλο

2062 4070 2170 4124 λων
2193 4070 2470 4142 ὑπῆρχον)
2494 4070 2989 4142 μεταπεμψάμενος
3010 4071 3137 4136 τοὺς
3159 4070 3393 4140 λογάδας
3414 4071 3632 4125 τοιῶνδε

2061 4162 2356 4233 ἐποιήσατο
2385 4162 2557 4230 λόγων
2589 4162 2785 4233 ἀρχὴν,
2817 4161 2892 4226 ὡς
2926 4162 3087 4217 δώσει
3122 4162 3221 4233 μὲν
3253 4162 3439 4226 αὐτοῖς
3473 4163 3575 4233 γῆν
3606 4166 3635 4217 ό

389 4267 513 4323 quae
537 4267 645 4309 non
679 4252 787 4311 illis
819 4252 1013 4311 fructui
1048 4264 1104 4310 et
1135 4260 1418 4315 commodo
1455 4257 1637 4313 futura
1667 4268 1829 4327 esset,
1863 4262 1959 4317 sed

2067 4252 2336 4322 βασιλεὺς,
2374 4240 2473 4307 ούκ
2511 4254 2593 4316 τίς
2635 4254 2904 4325 σφετέραν
2938 4253 2997 4308 δὲ
3037 4254 3217 4310 αὐτῶν
3253 4253 3461 4323 όνησιν,
3499 4254 3636 4309 ἀλλὰ

388 4345 546 4416 cuius
593 4344 799 4402 utilitas
846 4348 915 4400 ad
968 4346 1112 4404 solos
1169 4347 1393 4405 Hunnus
1440 4350 1785 4407 redundaret.
1848 4351 1957 4409 llos

2067 4348 2171 4409 τοῖς
2194 4346 2254 4399 έν
2278 4344 2459 4415 σφίσιν
2482 4343 2724 4410 Ούννοις.
2751 4344 2987 4410 Τούτους
3010 4345 3123 4415 γὰρ
3146 4346 3479 4417 ι¹›>.ιγιῖιρι‹›ς¹ι
3507 4363 3637 4416 γεη-

388 4440 534 4494 enim
561 4448 721 4497 terra:
746 4439 946 4499 cultum
975 4441 1266 4511 negligere,
1292 4442 1613 4515 etluporum
1641 4460 1795 4502 more
1816 4447 1954 4504 bona

2067 4438 2255 4503 πονίας
2277 4438 2495 4510 ἔχοντας
2517 4439 2673 4510 δίκην
2690 4438 2870 4496 λύκων
2890 4440 2988 4505 τὰς
3008 4441 3189 4498 αὐτῶν
3209 4440 3462 4504 ἐπιόντας
3483 4441 3636 4512 διαρ-

395 4530 696 4596 Gothorum
728 4532 1044 4589 invadentes
1088 4533 1344 4604 diripere,
1394 4536 1485 4607 qui
1528 4536 1630 4608 ipsi
1673 4553 1953 4596 servorum

2067 4530 2329 4597 πάςεσθαι
2355 4533 2582 4604 τροφὰς,
2606 4531 2749 4587 ὥστε
2777 4532 3123 4604 θεραπόντων
3146 4533 3299 4599 τάξιν
3327 4533 3625 4602 ἐπέχοντας

389 4619 699 4675 conditione
732 4620 904 4677 habiti
940 4621 1008 4676 ad
1043 4621 1241 4678 victum
1275 4624 1380 4679 illis
1413 4628 1837 4698 comparandum
1873 4631 1954 4687 la-

2067 4626 2159 4696 τῆς
2195 4622 2421 4681 ἐκείνων
2453 4623 2614 4678 ἕνεκα
2643 4624 3106 4696 ταλαιπωρεῖσθαι
3143 4625 3383 4696 τροφῆς,
3421 4624 3623 4694 καίπερ

386 4713 582 4771 borare
613 4712 785 4768 coacti
815 4721 996 4769 essent
1027 4733 1041 4771 :
1076 4717 1321 4785 quamvis
1346 4717 1556 4774 mullum
1589 4734 1822 4791 unquam
1854 4723 1949 4781 fm-

2067 4717 2116 4781 ές
2150 4715 2235 4770 ἀεί
2268 4732 2398 4770 ποτε
2433 4719 2559 4781 τοῖς.
2581 4717 2807 4781 Οὖννοις
2836 4717 2930 4772 τοῦ
2964 4718 3176 4772 Γότοων
3207 4717 3397 4786 γένους
3430 4716 3629 4772 ἀσπόν-

387 4803 490 4858 dus
513 4804 652 4860 inter
676 4814 960 4877 utramque
983 4816 1194 4878 gentem
1221 4811 1487 4866 sancitum
1513 4813 1608 4880 sit,
1634 4787 1695 4870 et
1724 4787 1955 4885 majores

2067 4807 2150 4861 5ου
2180 4806 2602 4879 διαμείναντοςν
2623 4809 2719 4864 καὶ
2750 4811 2817 4864 εκ
2852 4808 3133 4880 προγόνων
3160 4808 3258 4880 τὴν
3288 4808 3467 4863 αὐτῶν
3496 4810 3632 4863 ἀπο-

379 4893 737 4966 jurejurando
759 4909 855 4952 eos
887 4896 1299 4965 obstrinxerim,
1339 4909 1399 4957 ut
1431 4899 1745 4961 Hunnorum
1774 4906 1950 4963 socie-

2067 4901 2257 4970 φυγεῖν
2280 4899 2586 4970 ὁμαιχμίαν
2609 4900 2986 4972 όμοσαμένων,
3018 4901 3103 4970 ἐφ’
3122 4893 3168 4969 ᾧ
3194 4901 3290 4957 καὶ
3317 4901 3499 4972 ὅρκων
3530 4915 3632 4954 πα-

387 4995 550 5041 tatem
578 4985 850 5060 fugerent.
881 4987 1057 5056 Quare
1083 5006 1189 5047 non
1224 5000 1432 5050 tantum
1465 4996 1579 5052 suis
1610 4993 1704 5053 eos
1725 4997 1947 5068 privari,

2067 4992 2220 5063 πρίων
2260 4990 2397 5064 πρὸς
2434 4995 2500 5064 τῇ
2540 4993 2653 5048 τῶν
2690 4994 2907 5049 οἰκείων
2948 4994 3201 5066 στερήσει
3246 4994 3623 5065 καταφρονεῖν.

384 5077 480 5131 sed
523 5077 685 5133 etiam
731 5079 904 5150 patris
942 5092 1278 5139 sacramenta
1308 5085 1595 5157 negligere.
1632 5087 1703 5144 Se
1729 5088 1946 5158 quidem

2067 5084 2226 5138 Αὐτὸν
2247 5084 2327 5148 δὲ,
2358 5086 2408 5139 si
2436 5085 2532 5140 καὶ
2558 5086 2620 5140 τὸ
2647 5084 2862 5140 Οὕννων
2888 5087 3047 5156 αὐχεῖ
3075 5085 3253 5155 γένος,
3281 5085 3625 5156 δικαιοσύνης

384 5166 497 5241 ω
535 5185 731 5241 genere
770 5170 1042 5241 Hunnum,
1091 5190 1203 5246 quo
1254 5178 1490 5233 maxime
1529 5177 1808 5248 glorietur,
1854 5178 1949 5235 sed

2067 5177 2208 5247 πόθῳ
2235 5175 2364 5231 τάδε
2398 5177 2536 5249 πρὸς
2567 5177 2764 5241 αὐτοὺς
2795 5177 3019 5233 εἰπόντα
3050 5178 3347 5233 δεδοικέναι
3376 5177 3508 5249 περὶ
3530 5175 3626 5231 τοῦ

382 5260 639 5329 aequitate
681 5271 885 5318 motum
929 5263 1043 5319 hate
1071 5264 1175 5321 illis
1203 5265 1405 5334 dicere,
1441 5278 1520 5334 ut,
1550 5284 1669 5338 qua:
1706 5269 1949 5325 facienda

2067 5266 2335 5342 πρακτέου
2374 5267 2591 5339 βουλήν.
2630 5269 2752 5330 Ἐπὶ
2794 5269 3006 5334 τούτοις
3046 5272 3113 5324 οἱ·
3138 5270 3325 5325 Γότθοι
3361 5270 3624 5340 διαταρα-

383 5360 585 5421 cssent,
618 5351 882 5411 viderent.
923 5353 1020 5412 Bis
1043 5355 1203 5412 dictis
1233 5354 1396 5413 Gothi
1433 5359 1712 5424 commoti,
1752 5368 1805 5414 et
1832 5359 1948 5416 haec

2067 5358 2300 5430 χθέντες,
2326 5362 2419 5414 καὶ
2443 5360 2627 5433 εὐνοίᾳ
2644 5362 2709 5432 τῇ
2729 5358 2866 5432 πρὸς
2887 5361 3086 5427 αὐτοὺς
3106 5360 3280 5416 ταῦτα
3296 5360 3390 5415 τὸν
3410 5359 3623 5431 Χελχὰλ

1691 5472 1928 5530 ὙᾹΒΙᾸΞ
1965 5472 2367 5532 LECTIONES.

464 5563 512 5640 ’ξ
528 5562 657 5640 Pgst
685 5579 885 5635 προσκ.
915 5562 1180 5640 excidi“.
1212 5563 1349 5640 ὄχθῃ
1378 5564 1526 5640 βία-⁸⁸
1550 5566 1640 5640 καὶ
1659 5567 1736 5639 τῷ
1767 5569 1891 5626 add.
1921 5570 1988 5626 N.
2069 5570 2112 5603 "
2146 5567 2407 5640 Ὀστρύου
2442 5567 2530 5634 N.,
2575 5565 2992 5640 ‘Qa‘rpoi'zivulg.
3017 5639 3023 5640 ί
3072 5567 3119 5640 FF
3135 5565 3617 5640 ἁμιλληθήσονται]

387 5630 825 5704 ἀμεληθήσονται
876 5633 1020 5706 conj.
1060 5630 1348 5695 Cantoél."
1377 5638 1419 5672 ”
1450 5637 1578 5702 ὅσας
1602 5630 1779 5713 ἇσπερ
1811 5642 1957 5715 vulg.
2030 5642 2073 5675 ³⁸
2106 5640 2211 5695 τῶν
2245 5630 2302 5693 Γ.
2356 5638 2439 5707 Β.,
2469 5630 2647 5731 αὑτῶν
2672 5630 2728 5693 Γ.
2763 5636 2915 5710 vulg.
2944 5630 3028 5673 ⁷³³
3059 5630 3356 5710 dimidiam;
3386 5630 3529 5710 vuig.
