4010 6210
350 283 455 345 705

1115 280 1210 340 DE
1253 278 1816 338 LEGATIONIBUS
1863 277 2359 337 IlOMANOllUM
2402 279 2498 337 AD
2538 268 2833 337 GENTES

3507 278 3613 342 706

350 393 682 464 γενομένης,
718 391 884 462 ἄμφω
922 390 1013 443 ἐπὶ
1067 392 1165 459 τὴν
1218 388 1515 460 πρεσϐείαν
1566 386 1921 459 ἐξώρμησαν,

2038 388 2129 443 sibi
2177 389 2465 443 asciscere.
2519 388 2633 455 Qua
2700 389 2766 441 de
2842 402 2899 441 re
2947 388 3056 442 lato
3096 402 3310 457 quoque
3354 387 3610 459 sull‘ragio

352 488 445 541 καὶ
487 484 877 554 παραγίνονται
920 484 976 543 ἐς
1028 482 1273 550 Μὰργον.
1316 479 1379 531 ἸΙ
1424 480 1481 531 δὲ
1530 480 1680 542 πόλις
1728 480 1838 531 τῶν
1868 481 1925 531 ὲν

366 575 599 643 Ἰλλυρία
633 573 835 626 Μυσῶν
867 572 911 602 ³⁸
940 572 1073 642 πρὸς
1100 571 1175 640 τῷ
1214 570 1408 640 Ἴστρῳ
1440 571 1664 639 κειμένη
1698 569 1926 640 ποταμῷ

352 665 581 735 ἀντικρὺ
643 663 1025 725 Κωνσταντίας
1074 663 1337 732 φρουρίου
1385 661 1527 713 κατὰ
1570 662 1668 730 τὴν
1732 662 1925 731 ἑτέραν

350 758 517 827 ὄχθην
539 756 908 823 διακειμένου,
930 756 1007 817 είς
1032 756 1097 824 ἣν
1121 756 1211 806 καὶ
1234 755 1281 805 ei
1314 753 1574 822 βασίλειοι
1596 752 1860 823 συνῄεσαν
1878 753 1926 783 ³⁸

352 849 555 901 Σκύθαι
582 848 643 899 ³⁷.
672 848 779 899 Καὶ
810 845 907 917 τὴν
934 845 1152 897 σύνοδον
1173 844 1278 910 ἔξω
1308 847 1400 915 τῆς
1431 844 1638 905 πόλεως
1671 842 1922 895 ἑποιοῦνο

349 956 429 1001 το,
463 939 854 1007 ἐπιϐεϐηκότες
889 938 1092 989 ἵππων*
1128 935 1187 988 ού
1222 936 1327 1005 γὰρ
1359 935 1533 987 ἐδόκει
1563 936 1673 996 τοῖς
1712 934 1926 1006 Βαρϐά-

354 1048 464 1097 ροις
501 1029 738 1083 ἀποϐᾶσι
785 1027 1208 1097 λογοποιεῖσθαι,
1265 1025 1405 1078 ὥστε
1466 1025 1565 1077 καῖ
1610 1024 1735 1087 τοὺς
1786 1025 1924 1075 Ῥω-

353 1125 530 1192 μαίων
576 1122 619 1151 ³⁸
652 1120 909 1191 πρέσϐεις
944 1119 1043 1186 τῆς
1078 1118 1225 1187 σφῶν
1262 1117 1443 1169 αὐτῶν
1477 1116 1629 1180 ἀξίας
1666 1132 1925 1187 προνοου-

354 1214 546 1278 μένους
598 1211 704 1262 ἀπδ
736 1211 831 1279 τῆς
868 1210 1037 1278 αὐτῆς
1092 1206 1468 1278 προαιρέσεως
1499 1209 1555 1268 ἐς
1589 1206 1779 1258 ταύτὸν
1813 1209 1924 1267 τοῖς

354 1303 584 1365 Σκύθαις
633 1302 827 1364 ἑλθεῖν,
869 1300 1002 1371 πρδς
1037 1301 1097 1352 τὸ
1154 1301 1227 1369 μὴ
1257 1300 1384 1361 τοὺς
1439 1298 1537 1368 μὲν
1570 1299 1663 1366 ἀφ’
1720 1300 1922 1363 ἵππων,

351 1393 473 1451 τοὺς
506 1393 561 1445 δὲ
600 1390 795 1455 πεζοὺς
836 1390 1177 1456 διαλέγεσθαι
1209 1390 1324 1442 ⁸⁹...
1364 1389 1491 1450 τοὺς
1523 1389 1631 1441 ἀπὸ
1658 1388 1759 1457 τῆς
1790 1390 1927 1441 Σκυ-

353 1483 515 1551 ίςικῆς
550 1483 1019 1549 καταφεύγοντας,
1070 1480 1203 1532 ἀλλά
1235 1480 1330 1532 καὶ
1355 1481 1480 1543 τοὺς
1510 1480 1609 1549 ἤδη
1654 1480 1928 1547 πεφευγό-

352 1591 470 1637 τας,
508 1575 600 1626 σὺν
638 1573 733 1626 καὶ
768 1575 877 1635 τοῖς
912 1571 1283 1642 αἰχμαλώτοις
1322 1571 1611 1641 Ῥωμαίοις
1657 1575 1766 1634 τοῖς
1798 1572 1926 1624 ἄνευ

353 1666 563 1734 λύτρων
592 1665 650 1725 ἑς
680 1664 748 1716 τὰ
781 1664 1019 1734 σφέτερα
1048 1663 1369 1732 ἀφιγμένοις
1414 1662 1740 1729 ἐκδίδοσθαι,
1774 1664 1821 1714 εἰ
1850 1663 1923 1732 μή

2034 481 2192 534 ambo
2223 480 2277 533 in
2306 494 2425 534 eam
2450 479 2770 548 legationem
2804 478 3026 547 profecti
3070 487 3215 542 sunt,
3261 488 3316 532 et
3362 479 3603 548 Margum

2033 579 2418 639 pervenerunt.
2475 569 2572 621 Est
2620 578 2797 622 autem
2848 567 3064 637 Margns
3110 572 3239 622 urbs
3291 569 3343 622 in
3396 568 3609 639 Illyrico

2034 658 2304 728 Mysorum
2355 660 2420 710 ad
2464 656 2658 709 Istrum
2709 657 2836 720 sita,
2871 671 2938 711 ex
3000 657 3229 711 adverso
3280 655 3609 711 Constantia:

2033 754 2197 817 arcis,
2240 750 2305 803 ad
2354 750 2579 804 alteram
2612 749 2849 803 ﬂuminis
2878 750 3047 819 ripam
3082 748 3377 815 collocatae,
3412 763 3518 817 quo
3557 757 3611 802 ct

2036 844 2167 912 regii
2222 842 2437 911 Scytha:
2481 850 2864 896 convenerant.
2916 840 3075 895 Extra
3130 841 3407 895 civitatem
3456 840 3610 909 equis

2035 933 2331 989 insidentes
2361 933 2574 1003 utrique
2600 933 2875 1003 congressi
2905 942 3052 987 sunt.
3091 932 3201 988 Nec
3240 933 3385 988 enim
3410 934 3609 988 barba-

2034 1025 2111 1079 ris
2137 1028 2203 1079 de
2240 1025 2398 1092 plano
2428 1024 2591 1078 verba
2622 1024 2800 1079 facere
2836 1023 3057 1092 placuit,
3098 1033 3151 1079 et
3192 1025 3346 1094 legati
3378 1024 3606 1080 Romani

2033 1133 2143 1173 sua:
2176 1118 2452 1187 dignitatis
2487 1131 2755 1172 memores
2785 1118 2974 1171 eodem
3016 1128 3517 1188 quoque-apparatu
3554 1119 3607 1173 in

2036 1207 2359 1277 Scytharum
2398 1217 2746 1276 conspectum
2793 1208 2979 1262 venire
3032 1217 3359 1274 statuerunt,
3405 1225 3473 1264 ne
3509 1212 3610 1265 sibi

2034 1298 2304 1365 peditibus
2332 1313 2456 1352 cum
2493 1299 2765 1368 equitibus
2797 1299 3175 1354 disserendum
3218 1298 3377 1353 foret.
3422 1299 3614 1371 Itaque

2033 1389 2258 1455 placuit,
2284 1388 2540 1458 profugos
2589 1406 2800 1455 omnes,
2830 1391 2993 1444 etiam
3031 1390 3121 1459 qui
3156 1390 3324 1444 multo
3345 1389 3457 1461 48
3488 1402 3614 1446 ante

2036 1476 2409 1547 profugerant,
2460 1496 2565 1535 una
2608 1496 2732 1534 cum
2777 1482 3007 1551 captivis
3049 1482 3328 1546 Romanis,
3375 1484 3464 1551 qui
3508 1498 3613 1537 non

2036 1568 2215 1624 soluto
2249 1568 2635 1639 redemptionis
2669 1572 2842 1640 pretio
2878 1573 2943 1625 ad
2985 1587 3083 1625 sua
3124 1574 3420 1637 redierant,
3447 1574 3566 1629 dedi
3596 1593 3610 1627 :

2036 1669 2131 1713 aut
2172 1676 2269 1731 pro
2308 1676 2630 1730 unoquoque
2663 1662 2875 1729 captivo
2918 1662 3163 1716 Romano
3212 1664 3317 1725 bis,
3361 1666 3449 1731 qui
3489 1680 3610 1718 eum

352 1772 415 1822 γε
452 1756 594 1825 ὑπὲρ
643 1756 872 1808 ἑκάστου
934 1754 1265 1821 πεφευγότος
1324 1754 1438 1815 τοῖς
1494 1753 1635 1806 κατά
1693 1752 1929 1823 πόλεμον

2038 1750 2174 1803 bello
2206 1761 2484 1820 ceperant,
2520 1760 2643 1806 octo
2670 1765 2863 1805 aureos
2892 1752 3029 1815 dari,
3065 1751 3334 1807 Romanos
3363 1754 3487 1807 belli
3521 1770 3611 1808 so-

352 1846 720 1917 κτησαμένοις
773 1845 917 1898 ὀκτὼ
975 1844 1178 1898 δοθεῖεν
1234 1847 1443 1914 χρυσοῖ.
1486 1842 1749 1897 "eomas
1779 1846 1926 1915 Bap-

353 1938 504 2006 ϐάρῳ
540 1936 613 2007 μὴ
650 1937 959 2004 συμμαχεῖν
994 1932 1300 2003 Ῥωμαίους
1335 1934 1470 2005 πρὶς
1513 1933 1745 1999 υῦννους
1781 1937 1930 2006 αἱρο-

358 2029 553 2097 μὲθους
594 2030 639 2057 ’θ
688 2027 922 2096 πόλεμον
955 2027 1089 2097 (‘25).
1128 2022 1277 2079 Εἶναι
1310 2027 1366 2079 δὲ
1402 2028 1497 2080 καὶ
1547 2027 1642 2093 τὰς
1686 2026 1932 2097 πανηγύο

358 2137 471 2187 pst;
530 2118 812 2187 ἰσονόμους
868 2118 963 2169 καὶ
1020 2117 1334 2181 ἀκινδύνους
1390 2116 1682 2186 Ῥωμαίοις
1734 2134 1790 2168 τε
1840 2117 1933 2169 καὶ

356 2208 594 2269 Ούννοις.
620 2208 987 2262 Φυλάττεσθαι
1013 2208 1069 2260 δὲ
1104 2210 1196 2261 καὶ
1230 2209 1506 2278 διαμένειν
1529 2208 1627 2272 τὰς
1657 2208 1931 2278 συνθήκας

356 2300 698 2351 ἑπτακοσίων
729 2298 930 2369 λιτρῶν
972 2299 1194 2367 χρυσίου
1226 2298 1379 2362 ἔτους
1406 2299 1637 2351 ἑκάστου
1672 2298 1932 2367 τελουμέ-

356 2408 461 2442 νων
488 2390 640 2460 παρὰ
694 2390 985 2458 Ῥωμαίων
1026 2391 1137 2451 τοῖς
1174 2389 1465 2459 βασιλείοις
1502 2388 1761 2453 Σκύθαις.
1793 2391 1932 2463 Πρό-

354 2499 510 2552 τερον
541 2482 596 2533 δὲ
632 2482 974 2551 πεντήκοντα
1006 2484 1101 2536 καὶ
1149 2484 1463 2551 τριακόσιαι
1503 2485 1561 2537 αἱ
1610 2484 1706 2536 τοῦ
1744 2484 1931 2547 τέλους

356 2573 650 2643 ἐτύγχανον
677 2573 855 2628 οὖσαι.
896 2574 1018 2626 Ἐπὶ
1062 2575 1274 2638 τούτοις
1306 2575 1626 2629 ἐσπένδοντο
1668 2576 1931 2646 Ῥωμαῖοί

355 2680 412 2715 τε
444 2667 537 2716 καὶ
568 2664 777 2730 Οὖννοι,
830 2666 925 2718 καὶ
971 2665 1198 2734 πάτριον
1245 2667 1409 2736 ὅρκον
1440 2650 1741 2731 ὀμόσαντες
1780 2668 1835 2730 ἑς
1862 2666 1930 2720 τά

356 2756 642 2824 ἀμφότερα
667 2758 708 2789 δ’
749 2757 1075 2827 ἐπανῄεσαν.
1104 2758 1168 2810 Oi.
1195 2757 1250 2810 δὲ
1290 2758 1443 2828 παρά
1483 2758 1787 2826 Ῥωμαίους
1833 2775 1931 2811 κα-

354 2846 691 2913 ταφυγόντες
721 2846 1044 2917 ἐξεδόθησαν
1076 2846 1406 2919 Βαρϐἀροις,
1432 2850 1489 2901 ἐν
1510 2844 1590 2912 οἷς
1620 2850 1712 2901 καὶ
1742 2850 1930 2911 παῖδες

356 2939 528 3005 Mign
571 2940 664 2990 καὶ
710 2940 959 3009 Ἀτακάμ
992 2940 1085 2992 τοῦ
1138 2940 1409 3009 βασιλείου
1457 2942 1670 3008 γένους,
1724 2940 1816 3003 οὓς
1872 2944 1930 2994 ὲν

357 3030 562 3099 Καρσῷ
594 3031 836 3101 φρουρίῳ
869 3031 1095 3103 Θρᾳκίῳ
1144 3034 1193 3085 οἱ
1222 3034 1617 3104 παρειληφότες
1650 3034 1927 3104 ἐσταύρω-

358 3092 477 3183 σαν,
722 3092 1318 3197 αὐτοὺς-πραττόμενά
1514 3092 1715 3199 φυγῆς.
1763 3092 1833 3180 Οἱ.
1875 3129 1930 3184 δὲ
1957 3092 2000 3149 c

356 3218 485 3284 περὶ
522 3215 781 3284 ’Δττήλαν
810 3216 903 3269 καὶ
946 3216 1153 3287 Βλήδαν
1192 3216 1292 3288 τὴν
1324 3219 1547 3291 εἰρήνην
1598 3220 1735 3291 πρὸς
1798 3222 1932 3274 Ῥω-

361 3307 555 3375 μαίους
603 3306 819 3377 θέμενοι
852 3307 1136 3380 διεξῄεσαν
1183 3311 1251 3364 τά
1306 3312 1364 3364 ἑν
1411 3315 1476 3383 τῇ
1509 3312 1746 3384 Σκυθικῇ
1804 3314 1930 3385 ἔθνη

359 3398 724 3469 χειρούμενοι,
758 3402 853 3454 καὶ
891 3401 1132 3472 πόλεμον
1161 3402 1297 3473 πρὸς
1337 3403 1638 3473 Σορόσγους
1666 3406 1932 3475 συνεστή-

361 3508 543 3546 σαντο.

402 3590 405 3591 ⁷
432 3584 497 3653 β’.
531 3584 656 3637 Ὅτι
687 3584 965 3649 Θεοδόσιος
997 3585 1213 3655 ἔπεμπε
1272 3588 1574 3658 Σηνάτορα,
1625 3590 1792 3661 ἄνδρα
1827 3590 1931 3644 ὑπ-

358 3674 546 3745 ατικὸν
574 3676 725 3745 παρά
745 3675 834 3729 τὸν
872 3676 1135 3747 ’Δττήλαν
1159 3680 1647 3751 πρεσϐευσάμενον.
1688 3685 1783 3745 Ὃς
1811 3684 1933 3736 οὐδὲ

357 3764 418 3815 τὸ
441 3764 535 3816 τοῦ
568 3765 907 3834 πρεσϐευτοῦ
932 3765 1070 3835 ἔχων
1091 3768 1261 3837 ὄνομα
1289 3770 1560 3841 ἐθάρρησε
1581 3771 1744 3834 πεζὸς
1781 3773 1933 3841 παρὰ

359 3856 481 3917 τοὺς
519 3854 755 3918 Οὖννους
799 3857 1126 3923 ἀφικέσθαι,
1157 3860 1271 3912 ἀλλ’
1318 3862 1410 3913 ἐπὶ
1456 3862 1550 3915 τὸν
1588 3863 1789 3915 Πόντον
1840 3866 1935 3917 καὶ

359 3951 459 4019 τὴν
501 3951 846 4021 Ὀδησσηνῶν
873 3950 919 3983 ⁴²
946 3950 1175 4005 ἔπλευσε
1214 3951 1389 4017 πόλιν,
1420 3954 1478 4005 ἑν
1584 3953 1680 4007 καὶ
1710 3954 1935 4006 θεόδουο

359 4041 450 4107 λος
484 4044 788 4114 στρατηγὸς
826 4042 1165 4113 ἐκπεμφθεὶς
1191 4043 1481 4113 διέτριϐεν.

426 4319 496 4380 γ’.
529 4312 653 4365 Ὅτι
702 4311 796 4365 τοῦ
855 4312 1173 4382 Χρυσαφίου
1223 4311 1316 4365 τοῦ
1370 4313 1625 4384 εὐνούχου
1673 4312 1935 4388 παραινέ-

2035 1841 2290 1896 cietatem
2323 1855 2443 1895 cum
2474 1842 2701 1895 barbara
2731 1850 2911 1911 gente,
2938 1856 3059 1910 qua:
3086 1842 3281 1897 bellum
3313 1857 3434 1897 cum
3460 1843 3612 1897 llnn-

2034 1934 2117 1985 nis
2139 1941 2312 2001 gerat,
2354 1947 2459 1985 non
2492 1930 2692 1986 facere.
2726 1933 3035 1988 Conventus
3065 1932 3131 1985 ad
3169 1943 3438 1987 mercatus
3470 1936 3614 2002 pari-

2033 2022 2136 2075 bus
2167 2022 2377 2092 Iegibus
2406 2022 2695 2088 celebrari,
2728 2032 2780 2075 et
2827 2022 2881 2076 in
2919 2031 3034 2077 tuto
3069 2020 3343 2079 Romanos
3376 2034 3429 2079 et
3457 2024 3610 2079 Hun-

2033 2129 2132 2168 nos
2182 2129 2322 2170 esse.
2376 2114 2604 2170 Ftedera
2666 2124 2780 2169 rata
2837 2130 3055 2169 manere
3107 2126 3163 2170 et
3211 2116 3514 2181 observari,
3564 2118 3609 2172 si

2032 2220 2250 2274 quoque
2285 2222 2428 2261 anno
2458 2205 2809 2276 scplingentae
2840 2209 2955 2261 auri
2988 2207 3139 2263 libra:
3174 2208 3358 2263 tributi
3394 2212 3611 2263 nomine

2016 2299 2449 2369 .Scytltisregiis
2481 2315 2507 2351 a
2552 2299 2811 2353 Romanis
2856 2299 3240 2368 penderentur,
3287 2315 3409 2355 cum
3452 2311 3610 2354 antea

2035 2391 2294 2446 tributum
2320 2406 2556 2466 annupm
2585 2407 2691 2445 non
2717 2392 2905 2447 fuisset
2928 2393 3030 2447 nisi
3060 2401 3420 2448 trecentarum
3450 2394 3609 2461 quin-

2036 2482 2297 2549 quaginta
2321 2481 2605 2535 librarutn.
2628 2480 2719 2535 llis
2741 2482 3141 2537 conditionibus
3166 2497 3351 2551 pacem
3380 2480 3605 2536 Romani

2032 2580 2087 2625 et
2131 2571 2305 2626 Hunni
2348 2575 2690 2642 pepigerunt,
2732 2589 2836 2642 qna
2876 2574 3228 2644 jurejurando
3280 2575 3455 2643 patrio
3505 2576 3609 2627 rittt

2034 2664 2286 2733 utrinque
2332 2665 2571 2734 praestita
2620 2666 2831 2719 ﬁrmata
2861 2703 2876 2728 ,
2918 2667 3137 2734 utrique
3181 2667 3248 2720 ad
3295 2681 3391 2720 sua
3432 2667 3608 2719 redie-

2034 2764 2176 2808 runt.
2203 2754 2385 2824 Itaque
2410 2756 2500 2824 qni
2526 2771 2587 2810 ea
2617 2756 2870 2811 Barbaris
2893 2760 2956 2811 ad
2985 2754 3259 2810 Romanos
3282 2757 3609 2809 transierant

2036 2845 2229 2901 redditi
2254 2856 2399 2911 sunt,
2427 2847 2491 2901 de
2517 2863 2747 2914 quorum
2782 2862 3006 2901 numero
3031 2856 3187 2900 erant
3224 2846 3315 2900 lilii
3356 2844 3524 2899 Matma
3556 2857 3609 2900 et

2032 2937 2280 2991 Attacam
2314 2954 2377 2992 ex
2417 2940 2561 3008 regio
2592 2953 2810 3008 genere,
2845 2955 2983 3009 quos
3022 2940 3238 3009 Scythae
3279 2950 3521 3007 receptos
3556 2941 3607 2991 iu

2034 3028 2223 3095 Carso,
2254 3029 2496 3085 Thracia:
2520 3031 2762 3097 castello,
2785 3034 2965 3087 crucis
2997 3032 3259 3100 supplicio
3289 3030 3605 3094 affecerunt,

2033 3129 2087 3177 et
2112 3121 2248 3179 bane
2288 3123 2356 3177 ab
2399 3122 2483 3177 bis
2515 3122 2653 3195 luga:
2684 3137 2898 3194 pmnem
2942 3134 3256 3191 exegerunt.
3302 3121 3440 3178 Pace
3485 3140 3605 3177 cum

2034 3214 2296 3270 Romanis
2351 3216 2516 3280 facta,
2580 3216 2774 3270 Attilas
2827 3226 2880 3270 et
2948 3215 3108 3269 Bleda
3170 3217 3237 3268 ad
3284 3218 3542 3285 subigend
3582 3232 3608 3269 s

2032 3314 2217 3373 gentes
2252 3303 2534 3376 Scythicas
2576 3305 2800 3375 profecti
2841 3316 2986 3373 sunt,
3022 3314 3076 3361 et
3107 3315 3297 3361 contra
3348 3306 3610 3377 Sorosgns

2033 3396 2227 3451 bellum
2267 3407 2569 3453 moverunt.

2102 3579 2157 3634 2.
2198 3580 2286 3648 (Α.
2319 3578 2383 3635 G.
2426 3579 2551 3645 441,
2608 3576 2723 3639 luti.
2774 3579 2806 3633 9
2837 3578 3043 3636 Tlteod.
3110 3580 3226 3651 54.)
3271 3579 3609 3636 Theodosius

2035 3670 2181 3723 misit
2224 3670 2566 3734 Senatorem,
2619 3670 2791 3724 virum
2842 3672 3225 3737 consularem,
3290 3674 3357 3728 ad
3384 3673 3604 3726 Attilam

2035 3761 2357 3830 legationem
2382 3762 2683 3815 obiturum.
2707 3762 2773 3814 Et
2802 3762 2890 3815 ille
2925 3765 3141 3829 quidem
3184 3766 3428 3832 quamvis
3465 3766 3608 3830 lega-

2036 3852 2074 3906 ti
2114 3865 2310 3905 nomen
2353 3851 2577 3919 adeptus
2607 3860 2776 3916 esset,
2819 3852 3044 3907 minime
3093 3862 3267 3907 tamen
3311 3863 3394 3907 est
3444 3869 3608 3906 ausus

2038 3939 2280 3995 terrestri
2341 3938 2536 3994 itinere
2570 3937 2794 3995 Hunnus
2824 3941 2977 3995 adire
3010 3959 3024 3995 :
3059 3944 3153 3998 sed
3186 3944 3292 3997 iter
3324 3960 3419 4013 per
3472 3944 3607 3999 Pon-

2038 4040 2150 4085 tum
2208 4031 2472 4087 Euxinum
2523 4031 2775 4098 instituit,
2835 4041 2892 4087 et
2931 4033 2986 4087 in
3035 4033 3435 4093 Odessenorutn
3482 4040 3610 4094 civi-

2035 4134 2201 4180 tatem
2238 4125 2529 4194 navigavit,
2562 4125 2615 4180 in
2658 4139 2766 4195 qua
2816 4122 3125 4183 Tbeodulus
3157 4128 3265 4183 dux
3296 4144 3605 4186 commora-

2035 4217 2217 4272 batur.

2105 4310 2158 4363 5.
2200 4309 2288 4379 (Α.
2313 4307 2377 4363 C.
2410 4309 2535 4376 448,
2570 4309 2685 4366 Ind.
2738 4313 2788 4366 1.
2833 4311 3039 4367 'l‘lteod.
3071 4313 3189 4383 41.)
3240 4313 3609 4385 Chrysaphins

360 4419 553 4465 σαντος
605 4401 856 4455 Ἐδέκωνι
890 4402 936 4433 ’⁵³
969 4402 1179 4456 ἀνελεῖν
1203 4404 1295 4457 τὸν
1333 4405 1612 4475 Ἀττήλαν,
1651 4406 1825 4459 ἐδόκει
1857 4404 1931 4475 τῷ

2038 4401 2319 4456 eunuchus
2344 4401 2515 4455 suasit
2542 4400 2779 4456 Edeconi
2816 4401 3036 4457 Attilam
3085 4403 3154 4459 de
3184 4404 3361 4459 medio
3396 4405 3605 4462 tollere.

362 4493 569 4563 βασιλεῖ
599 4492 863 4565 Θεοδοσίῳ
892 4495 986 4549 καὶ
1013 4494 1091 4565 τῷ
1144 4494 1434 4568 μαγίστρῳ
1461 4497 1785 4569 Μαρτιαλίῳ
1815 4498 1931 4567 βου-

361 4584 670 4653 λευομένοις
692 4585 800 4638 τῶν
827 4587 1205 4656 προκειμένων
1231 4588 1358 4659 πέρι
1385 4589 1459 4658 μὴ
1501 4590 1662 4658 μόνον
1682 4589 1929 4658 Βιγίλαν,

360 4676 495 4728 ἀλλὰ
516 4676 819 4749 Μαξιμῖνον
848 4679 1157 4747 ἐκπέμπειν
1189 4680 1627 4750 πρεσϐευόμενον
1654 4684 1805 4753 παρά
1838 4681 1931 4737 τὸν

372 4767 654 4836 Ἀττήλαν,
687 4769 781 4821 καὶ
817 4768 1037 4838 Βιγίλαν
1065 4772 1163 4840 μὲν
1196 4769 1273 4840 τῷ
1329 4772 1642 4841 φαινομένῳ
1686 4774 1784 4843 τὴν
1834 4771 1930 4825 τοῦ

360 4857 643 4927 ἑρμηνέως
675 4859 939 4929 ἐπέχοντα
958 4859 1111 4926 τάξιν
1140 4862 1401 4931 πράττειν
1428 4862 1571 4932 ἅπερ
1615 4862 1865 4915 Ἑδέκωνι
1888 4861 1935 4893 ⁸⁸

358 4949 528 5010 δοκεῖ,
565 4948 655 5003 τδν
685 4949 741 5002 δὲ
776 4950 1080 5023 Μαξιμῖνον
1137 4951 1305 5021 μηδὲν
1343 4952 1453 5005 τῶν
1497 4954 1682 5015 αὐτοῖς
1716 4952 1938 5021 βουλευ-

361 5038 567 5093 θέντων
597 5042 962 5111 ἑπιστάμενον
995 5042 1067 5095 τά
1098 5042 1364 5112 βασιλέως
1407 5044 1717 5097 ἀποδιδόναι
1757 5044 1938 5114 γράμο

360 5147 528 5199 ματα.
568 5133 970 5207 Ἐνεγέγραπτο
1010 5134 1053 5167 “
1099 5136 1156 5189 δὲ
1203 5134 1312 5188 τῶν
1340 5134 1795 5205 πρεσϐευομένων
1839 5136 1937 5188 ἀν-

358 5222 503 5293 δρῶν
542 5223 729 5295 ἕνεκα,
759 5226 833 5291 ὡς
865 5228 893 5280 ὁ
932 5227 1031 5297 μὲν
1060 5226 1281 5291 Βιγίλας
1310 5228 1604 5297 ἑρμηνεὺς,
1633 5228 1662 5279 ὁ
1690 5226 1745 5279 δὲ
1776 5226 1943 5291 Mati:-

2040 4494 2214 4563 Supcr
2242 4508 2304 4549 ea
2341 4508 2417 4560 re,
2452 4494 2634 4549 babito
2672 4492 2742 4548 ab
2773 4494 3104 4563 imperatore
3147 4493 3452 4551 Theodosio
3483 4513 3605 4551 cum

2038 4584 2306 4643 Martialio
2335 4588 2598 4658 magistro
2628 4586 2878 4651 consilio,
2910 4588 3263 4643 decreverunt
3299 4603 3406 4643 non
3434 4590 3606 4644 solum

2039 4678 2285 4747 Bigilam,
2336 4679 2431 4734 sed
2476 4689 2531 4733 et
2569 4677 2923 4733 Maximinum
2984 4678 3220 4747 legatum
3255 4679 3321 4733 ad
3382 4679 3606 4734 Attilam

2040 4770 2138 4835 ire,
2173 4780 2226 4825 et
2258 4768 2485 4847 Bigilam
2521 4769 2738 4838 quidem
2764 4768 2946 4837 specie
2973 4768 3309 4839 interpretis,
3349 4786 3459 4842 quo
3496 4788 3611 4825 mu-

2040 4875 2169 4917 nere
2221 4859 2565 4929 l'ungebatur,
2617 4876 2738 4931 qua:
2782 4862 3022 4919 Edeconi
3071 4864 3407 4929 viderentur,
3454 4878 3611 4918 exse-

2041 4962 2291 5008 cuturum
2323 4970 2338 5019 ;
2371 4952 2720 5009 Maximinum
2770 4970 2935 5023 vero,
2985 4959 3076 5029 qui
3117 4958 3340 5012 minime
3400 4970 3609 5021 eorum,

2041 5059 2161 5114 quae
2189 5043 2242 5098 in
2274 5044 2500 5100 consilio
2545 5046 2887 5115 imperatoris
2912 5051 3111 5119 agitata
3133 5061 3308 5119 erant,
3360 5054 3612 5107 conscius

2043 5142 2208 5201 esset,
2240 5134 2445 5193 litteras
2476 5137 2544 5193 ab
2592 5152 2658 5194 eo
2689 5139 2869 5195 Attilae
2896 5142 3253 5199 redditurum.
3304 5142 3613 5212 Scripserat

2051 5228 2195 5282 enim
2225 5229 2519 5299 imperator
2541 5230 2840 5300 legatorum
2880 5250 3069 5303 causa,
3095 5234 3321 5306 Bigilam
3346 5237 3615 5308 interpre-

1621 5365 1855 5421 VARUE
1906 5366 2307 5424 LECTlONES.

433 5481 478 5555 ’f
519 5481 875 5555 ﬂuat‘bvvulg.
967 5482 1012 5514 ⁸⁸
1034 5484 1301 5555 συνῄεσαν
1338 5484 1425 5545 Ν..
1468 5484 1705 5555 συνῆσαν
1734 5485 1878 5555 vulg.

1984 5486 2029 5518 ³¹¹
2052 5488 2286 5560 Σκύθαις
2326 5490 2471 5560 vulg.

2580 5492 2624 5523 ³⁸
2665 5492 2951 5566 Ῥωμαίων
3125 5493 3431 5566 ’Βωμαίους
3465 5496 3608 5566 vulg.

366 5550 415 5643 1:
439 5550 574 5643 Quae
613 5550 945 5643 eritcider'untI
986 5550 1181 5643 parti't'u
1241 5555 1312 5643 ita
1361 5550 1713 5643 su'ppl.“N....
1750 5550 2063 5643 :Pmpgioug
2096 5557 2155 5610 ού
2193 5550 2355 5643 μόνον
2381 5550 2461 5643 εἷς
2506 5562 2568 5615 τὸ
2614 5550 2818 5643 ⁸μέλλὸν
2872 5563 2947 5633 μὴ
2998 5550 3325 5643 δέχεσθαίιτ.
3353 5550 3439 5643 ,αἱ
3466 5583 3515 5618 τ.
3550 5550 3609 5621 ἒξ

368 5620 1361 5711 fisieueéwt’s.JRFSELsimiae
1394 5620 1483 5679 ΝΥ
1536 5626 1577 5656 ⁸³
1605 5620 2565 5711 ,ἀμφίῖερέει,σφέτερενεικσέιῖέέερα
2602 5620 2901 5711 esteem}
2932 5620 3089 5711 "copi?
3121 5632 3181 5711 8.:

3257 5634 3304 5667 “
3353 5635 3609 5701 Ὀδυσση-

372 5688 478 5745 νῶν
511 5688 662 5763 vu'g.
738 5692 786 5725 “
820 5688 1073 5746 Ἐδέκωνι
1107 5688 1196 5760 Η.,
1217 5688 1507 5749 ’Ὲδέκωνα
1531 5688 1678 5766 vulg.
1710 5688 1721 5695 ’
1754 5696 1799 5727 ⁸⁸
1832 5688 2095 5749 ’Ἐδέκιυνι
2127 5688 2226 5763 ἸΙ.,
2280 5688 2511 5754 Ἑδέκωῦ
2551 5688 2709 5771 vulg.’
2769 5688 2828 5734 η’
2857 5688 3103 5775 ἑνεγέίρ.
3150 5704 3232 5772 Β.,
3267 5688 3425 5776 ἀναγ.
3469 5688 3609 5778 mg.
