4010 6210
429 275 534 342 7οἹ

1417 268 1811 329 EXCERPTA
1849 265 1951 328 EX
1987 266 2260 328 PRISCO
2297 266 2659 329 RHETORE

3578 269 3679 329 703

421 394 495 445 tis
526 402 724 444 munus
757 388 1054 451 obiturum,
1088 391 1140 436 et
1169 380 1521 435 Maximinum
1570 379 1804 450 legatum
1837 378 1998 443 mitti,

2109 381 2255 448 μῖνος
2294 379 2557 447 μείζονος,
2597 379 2743 448 ἥπερ
2766 377 2810 410 ⁵⁸
2842 377 2869 429 ὁ
2907 377 3149 446 Βιγίλας,
3181 375 3357 446 άξῗας,
3394 381 3586 448 γένους
3621 403 3681 441 τε

421 483 515 552 qui
555 483 768 552 quidem
802 477 1023 545 Bigilam
1048 475 1315 545 dignitate
1345 482 1651 543 superaret,
1708 482 1762 525 et
1804 486 2001 542 genere

424 573 646 627 illustris
678 578 732 621 et
761 568 862 621 sibi
898 563 1053 618 valde
1098 562 1383 617 familiaris
1426 572 1607 628 esset;
1643 564 1709 616 ad
1752 563 1867 615 haec
1902 562 2003 615 mi-

424 664 571 716 nime
620 660 815 712 decere
847 656 1071 709 Attilam
1110 652 1317 710 foedera
1364 652 1857 723 transgredientem
1893 649 2003 707 Ro-

425 764 703 805 manorum
736 748 1011 819 regionem
1054 747 1316 802 invadere
1344 764 1361 813 ;
1392 754 1447 801 et
1480 755 1637 800 antes
1667 746 1884 816 quidem
1935 746 2001 800 ad

420 858 542 898 eum
570 840 768 910 plures,
800 854 945 893 nunc
974 854 1104 894 vero
1135 840 1322 894 decem
1352 848 1409 897 el
1438 848 1645 905 septem
1687 836 2003 907 transfugas

420 933 637 985 mittere
664 948 676 983 :
711 945 813 985 nec
836 931 979 984 enim
1014 930 1199 998 plures
1224 928 1367 997 apud
1389 943 1446 982 se
1478 941 1616 983 esse.
1656 926 1722 981 Et
1752 927 1864 980 haec
1885 927 2005 995 qui-

420 1023 541 1076 dem
578 1021 776 1077 litteris
818 1021 1263 1076 continebantur.
1286 1018 1482 1075 Coram
1526 1029 1709 1089 autem
1752 1018 2003 1073 Maximi-

380 1106 395 1115 ”
419 1128 546 1166 num
570 1112 687 1167 suis
720 1112 900 1168 verbis
931 1112 1171 1181 iusserat
1219 1110 1399 1166 Attilae
1421 1111 1623 1176 dicere,
1659 1125 1727 1165 ne
1764 1109 2003 1177 postula-

420 1212 507 1257 ret
552 1203 779 1273 majoris
813 1203 1096 1273 dignitatis
1124 1203 1269 1257 viros
1302 1203 1367 1257 ad
1394 1216 1453 1256 se
1494 1201 1696 1271 legatos
1745 1200 2000 1255 transire.

420 1294 535 1350 Hoc
562 1295 706 1349 enim
766 1307 941 1360 neque
970 1292 1141 1360 ipsius
1174 1290 1469 1359 majoribus
1496 1293 1679 1345 datum
1708 1303 1850 1353 esse,
1908 1303 2002 1343 ne-

420 1400 528 1454 que
559 1384 776 1439 steteris
803 1382 1042 1453 Scythia:
1067 1384 1303 1451 regibus,
1329 1385 1425 1437 sed
1450 1381 1746 1450 quemlibet
1779 1379 2000 1433 militem

425 1477 538 1548 49
595 1487 689 1530 aut
735 1475 896 1528 alium
929 1476 1175 1529 nuntium
1207 1472 1495 1542 legationis
1532 1487 1724 1526 munus
1780 1469 1999 1526 obiisse.

438 1570 706 1623 Caeterum
728 1566 797 1620 ab
831 1580 914 1630 ea,
950 1580 1068 1634 quae
1094 1566 1236 1619 inter
1265 1566 1411 1633 ipsos
1436 1564 1488 1618 in
1521 1563 1800 1616 dubietate
1818 1576 2006 1615 versa-

420 1658 636 1720 bantur,
697 1656 1041 1722 dijudicauda
1085 1655 1191 1710 sibi
1258 1653 1454 1718 videri,
1497 1650 1823 1722 Onegesium
1862 1648 1999 1702 mitti

410 1749 639 1804 debere.
675 1747 778 1813 Qui
813 1748 958 1801 enim
990 1748 1105 1802 lieri
1153 1756 1357 1817 posset,
1380 1755 1436 1800 ut
1468 1746 1519 1799 in
1550 1745 1850 1807 Serdicam,
1879 1755 1997 1809 qua:
2034 1726 2076 1780 Β

420 1841 595 1895 diruta
628 1848 796 1904 esset,
827 1841 1019 1893 Attilas
1049 1855 1173 1893 cum
1197 1838 1313 1893 viro
1341 1837 1616 1893 consulari
1643 1833 1997 1891 conveniret?

418 1928 477 1985 In
509 1930 610 1985 bac
634 1930 905 1999 legatione
948 1927 1275 1982 Maximinus
1312 1926 1561 1996 precibus
1597 1925 1727 1979 mihi
1774 1938 2002 1993 persua-

414 2025 514 2088 sit,
541 2034 601 2078 ut
624 2025 698 2078 illi
731 2036 919 2077 comes
939 2034 1136 2075 essem.
1163 2019 1342 2088 Atque
1371 2019 1444 2072 ita
1464 2031 1588 2072 cum
1619 2016 1873 2070 Barbaris
1900 2016 2004 2069 iter

418 2116 599 2170 Iacere
640 2113 924 2183 ccepimus,
952 2121 1006 2166 et
1035 2110 1087 2164 in
1118 2109 1396 2165 Serdicam
1435 2110 1781 2179 pervenimus
1836 2109 2000 2163 trium

416 2215 475 2261 et
512 2206 697 2259 decem
742 2203 956 2257 dierum
1005 2203 1198 2256 itinere
1259 2200 1510 2271 expedito
1539 2200 1744 2255 homini
1792 2216 1820 2253 a
1860 2198 2001 2254 Con-

420 2295 766 2363 stantinopoli
799 2295 1114 2348 distantem.
1163 2293 1240 2348 lbi
1284 2303 1684 2348 commorantes
1717 2294 1783 2346 ad
1818 2293 1999 2347 cibum

420 2386 704 2441 nobiscum
736 2386 1055 2441 sumendum
1087 2386 1335 2441 Edecona
1365 2394 1421 2441 et
1471 2394 1698 2441 cancros
1731 2385 2002 2438 Barbaros

420 2477 726 2533 invitandos
780 2477 1058 2532 duximus.
1106 2477 1285 2532 Bobus
1314 2476 1475 2547 igitur
1518 2486 1574 2530 et
1594 2476 1810 2540 ovibus,
1867 2490 2003 2543 quas

420 2571 609 2626 incolae
639 2570 796 2626 nobis
838 2571 1347 2641 suppeditaverant,
1405 2568 1689 2638 jugulatis,
1734 2567 2003 2622 instructo

420 2663 669 2717 convivio
727 2665 926 2733 epulati
964 2675 1175 2716 sumus.
1207 2659 1351 2713 Inter
1371 2657 1556 2726 epulas
1598 2657 1822 2711 Barbari
1872 2658 2004 2711 Atti-

424 2754 551 2816 lam,
584 2769 684 2807 nos
730 2755 1118 2823 imperatorem
1164 2751 1425 2805 admirari
1487 2758 1542 2804 et.
1585 2750 1869 2807 extollere.
1921 2753 2003 2806 Ad

423 2859 544 2914 quae
591 2845 789 2914 Bigilas
817 2846 972 2906 dixit,
1011 2845 1232 2899 minime
1259 2843 1469 2912 justum
1506 2858 1649 2909 esse,
1684 2844 1849 2898 Deum
1881 2860 2002 2899 cum

425 2936 645 2990 nomine
672 2950 1020 3006 comparare,
1049 2937 1319 2990 hominem
1352 2935 1597 3002 Attilam,
1630 2936 1788 2989 deum
1823 2935 2003 2991 Theo-

422 3024 634 3080 dosium
665 3039 889 3080 vocans.
915 3024 970 3079 ιιι
998 3040 1141 3095 aegre
1183 3026 1417 3080 tulerunt
1467 3023 1667 3093 Hunni,
1717 3035 1772 3081 et
1802 3028 2002 3081 sensim

423 3116 504 3169 ira
531 3117 747 3171 accensi
801 3118 1285 3186 exasperabantur.
1309 3116 1420 3173 Nos
1462 3132 1593 3173 vero
1654 3118 1760 3173 alio
1795 3133 2004 3173 seruio-

424 3224 546 3262 nem
587 3209 932 3279 detorquere,
967 3219 1222 3265 eteorum
1248 3209 1383 3265 iram
1417 3210 1630 3265 blandis
1660 3210 1839 3265 verbis
1871 3210 2008 3265 leni-

424 3312 505 3354 re.
530 3297 575 3350 A
625 3312 780 3353 creua
813 3308 873 3353 ut
904 3300 1264 3362 surreximus,
1315 3296 1643 3354 Maximinus
1699 3298 2004 3354 Faleconem

423 3398 479 3444 et
508 3388 754 3444 Orestem
808 3389 964 3443 donis
998 3389 1415 3453 co‘nciliaturus,
1447 3389 1638 3442 sericis
1678 3388 1922 3442 vestibus
1954 3399 2009 3442 et

423 3479 651 3544 gemmis
674 3477 871 3530 Indicis
904 3477 1144 3529 donavit.
1168 3476 1392 3531 Orestes
1424 3477 1620 3531 deinde
1656 3476 2005 3546 praestolatus

426 3568 695 3621 Edeconis
718 3568 1017 3621 discessum
1074 3568 1239 3621 verba
1276 3565 1484 3621 faciens
1515 3581 1638 3620 cum
1684 3566 2007 3634 Maximino,

424 3656 528 3711 sibi
560 3656 800 3725 quidem,
827 3655 926 3721 ait,
962 3655 1108 3710 illum
1138 3656 1363 3725 probum
1390 3664 1444 3710 et
1469 3655 1791 3725 prudentem
1811 3656 2005 3721 videri,

423 3747 515 3819 qui
556 3763 664 3803 non
717 3757 774 3802 ut
821 3747 911 3801 alii
955 3748 1194 3803 ministri
1251 3749 1386 3817 regii
1434 3756 1731 3818 peccasset.
1791 3747 2006 3803 Etenim

424 3840 689 3908 nonnulli,
721 3850 906 3911 spreto
924 3840 1136 3909 Oreste,
1168 3839 1477 3898 Edeconem
1511 3841 1578 3897 ad
1608 3856 1819 3898 orenam
1870 3842 2009 3897 invi-

429 3946 676 3993 taveraut
721 3947 778 3993 et
835 3937 993 3994 donis
1053 3939 1353 3995 coluerant.
1408 3937 1517 3995 Nos
1574 3948 1755 3996 autem
1810 3940 2005 3995 harum

420 4030 665 4085 omnium
691 4044 870 4084 rerum
903 4031 1097 4099 ignari,
1119 4046 1226 4100 quo
1259 4032 1595 4101 pertinerent
1635 4031 1844 4089 Orestis
1874 4048 2009 4090 ver-

424 4124 520 4189 ba,
564 4140 671 4181 non
713 4126 847 4181 satis
900 4127 1256 4196 percipientes
1283 4166 1301 4192 ,
1355 4142 1479 4183 cum
1529 4141 1595 4182 ex
1641 4142 1707 4183 eo
1753 4127 2005 4184 sciscita-

422 4228 629 4280 remur,
657 4217 930 4285 quomodo
953 4224 1006 4268 et
1039 4230 1145 4284 qua
1187 4216 1238 4269 iu
1281 4230 1339 4270 re
1371 4216 1646 4284 despectui
1677 4227 1821 4270 esset
1846 4215 2004 4272 habi-

422 4314 511 4359 tus
536 4314 589 4359 et
618 4306 834 4360 Edocon
872 4305 1077 4361 honore
1119 4305 1363 4372 allectus,
1418 4307 1552 4360 nihil
1590 4308 1889 4376 respondit,
1950 4315 2006 4363 et

2104 476 2461 545 περιφανοῦς,
2490 476 2584 528 καὶ
2626 476 2930 545 ἐπιτήδειος
2982 478 3038 540 ἐς
3065 477 3132 531 τά
3172 479 3408 548 μάλιστα
3445 479 3677 549 βασιλεῖ·

2102 566 2293 619 ἔπειτα
2323 567 2397 631 ὡς
2429 567 2490 621 ού
2529 569 2612 621 δεῖ
2668 568 3115 638 παρασαλεύοντα
3172 570 3273 634 τάς
3333 572 3568 635 σπονδὰς
3616 578 3686 647 τῇ

2114 657 2396 728 Ῥωμαίων
2454 658 2775 729 ἐμϐατεύειν
2829 664 2924 730 γῇ.
2977 661 3226 730 Φυγάδας
3277 663 3333 716 δὲ
3389 666 3529 735 μετὰ
3564 668 3690 731 τοὶς

2102 752 2203 821 ἥδη
2234 751 2556 815 ἐκδοθέντας
2606 752 2982 805 ἑπτακαίδεκα
3016 754 3344 809 ἀπέσταλκά
3393 756 3437 787 ⁸⁷
3476 775 3579 821 σοι,
3612 760 3693 823 ὡς

2102 844 2305 913 ἐτέρων
2341 844 2442 896 οὐκ
2470 843 2661 897 ὄντων.
2699 842 2810 896 Καὶ
2833 842 3005 897 ταῦτα
3040 846 3137 915 μὲν
3158 840 3226 916 ἧν
3273 848 3331 899 ὲν
3357 848 3470 910 τοῖς
3499 849 3691 920 γράμο

2106 952 2263 1005 μασι,
2300 934 2529 1007 φράζειν
2570 936 2625 988 δὲ
2681 936 2775 989 τὸν
2816 937 3120 1008 Μαξιμῖνον
3167 938 3276 992 ἀπὸ
3304 941 3579 1011 στόματος
3610 942 3693 1011 τῷ

2116 1032 2371 1103 Ἀττήλα,
2405 1032 2480 1103 μὴ
2509 1033 2705 1102 χρῆναι
2740 1033 2911 1087 αἰτεῖν
2943 1032 3205 1102 πρέσϐεις
3231 1034 3497 1104 μεγίστης
3530 1035 3693 1098 ἀξίας

2104 1122 2235 1192 παρ’
2275 1122 2439 1177 αὑτὸν
2468 1122 2742 1191 διαϐῆναι·
2772 1124 2935 1178 τοῦτο
2962 1124 3072 1195 γάρ
3102 1124 3227 1178 οὐδὲ
3259 1124 3482 1178 ἐπὶτῶν
3518 1126 3691 1179 αύτοῦ

2105 1215 2405 1282 προγόνων,
2441 1215 2563 1267 οὒδὲ
2593 1215 2686 1267 ἐπὶ
2710 1215 2915 1287 ἐτέρων
2958 1215 3071 1269 τῶν
3101 1213 3387 1287 ἀρξάντων
3418 1217 3515 1286 τῆς
3549 1219 3692 1269 Σκυ-

2105 1303 2264 1372 θικῆς
2301 1304 2579 1372 γενέσθαι,
2625 1305 2761 1359 ἀλλὰ
2796 1306 3243 1376 πρεσϐεύσασθαι
3286 1308 3378 1361 τόν
3410 1326 3469 1361 τε
3504 1310 3695 1363 ἐπιτυ-

2104 1395 2267 1463 χόντα
2300 1395 2645 1466 στρατιώτην
2681 1400 2775 1449 καὶ
2807 1398 3226 1468 ἀγγελιαφόρον.
3259 1398 3351 1462 Εἰς
3380 1399 3437 1452 δὲ
3464 1400 3525 1453 τὸ
3544 1402 3691 1454 oneu-

2110 1490 2371 1557 κρινῆσαι
2412 1486 2479 1539 τὰ
2520 1486 2973 1557 ἀμφιϐαλλόμενα
3021 1490 3197 1543 ἐδόκει
3236 1489 3478 1560 πέμπειν
3527 1492 3688 1561 Ὀνη-

2104 1586 2295 1651 γήσιον
2324 1582 2474 1651 παρᾶ
2521 1581 2867 1650 Ῥωμαίουςε.
2882 1582 2956 1654 μὴ
2981 1578 3092 1635 οἷόν
3121 1600 3178 1635 τε
3204 1582 3311 1652 γὰρ
3345 1583 3527 1649 αὐτὸν,
3560 1585 3693 1655 2:9-

2105 1674 2259 1741 δικῆς
2301 1673 2640 1745 δῃωθείσης,
2712 1673 2809 1725 σὺν
2875 1675 3129 1746 ὑπατικῷ
3192 1674 3347 1744 ἀνδρὶ
3403 1676 3460 1738 ἐς
3519 1676 3691 1747 αὐτὴν

2112 1766 2380 1835 προϊέναι.
2424 1765 2551 1819 Ἐπὶ
2589 1766 2796 1837 ταύτην
2841 1767 2939 1834 τὴν
2974 1766 3268 1837 πρεσϐείαν
3317 1768 3692 1837 ἐκλιπαρήσῖς

2111 1852 2286 1905 πείθει
2339 1873 2406 1923 με
2456 1856 2760 1926 Μαξιμῖνος
2790 1857 2939 1927 αὐτῷ
2969 1860 3282 1925 συναπᾶραι
3318 1859 3386 1912 ⁸⁸.
3415 1861 3523 1913 Καὶ
3552 1859 3694 1927 δῆτα

2111 1946 2226 2014 ἅμα
2265 1950 2375 2011 τοῖς
2446 1948 2756 2019 Βαρϐάροις
2786 1949 3034 2021 ἐχόμενοι
3078 1950 3177 2020 τῆς
3201 1949 3322 2002 ὀδοῦ
3350 1951 3403 2013 ἐς
3431 1951 3693 2021 Σερδικὴν

2110 2038 2487 2109 ἀφικνούμεθα
2521 2082 2535 2107 ,
2578 2043 2934 2111 τρισκαίδεκα
2969 2042 3087 2096 ὁδὸν
3124 2043 3282 2113 ἀνδρὶ
3318 2041 3537 2111 εὐζώνῳ
3584 2043 3683 2111 τῆς

2113 2130 2527 2189 Κωνσταντίνου
2562 2134 2893 2203 ἀπέχουσαν.
2944 2128 3093 2209 Ἒνῇ
3147 2135 3553 2198 καταλύσαντες
3591 2152 3694 2187 κα-

2109 2221 2215 2283 λῶς
2246 2224 2389 2292 ἔχειν
2421 2226 2750 2297 ἡγησάμεθα
2784 2225 2879 2279 ἐπὶ
2915 2227 3100 2281 ἑστίαν
3145 2227 3415 2282 Ἐδέκωνα
3439 2230 3535 2281 καὶ
3566 2228 3695 2286 τοὺς

2114 2314 2231 2381 μετ’
2271 2316 2436 2371 αὑτοῦ
2484 2316 2802 2387 Βαρϐάρους
2867 2318 3075 2372 καλεῖν.
3135 2319 3388 2388 Πρόϐατα
3435 2316 3528 2373 οὖν
3599 2322 3693 2372 καὶ

2112 2400 2240 2470 βόας
2296 2404 2643 2475 ἀποδομένων
2682 2406 2793 2461 τῶν
2847 2408 3162 2477 ἐπιχωρίων
3206 2410 3360 2480 ἡμῖν,
3409 2412 3694 2477 κατασφά-

2114 2492 2303 2557 ξαντες
2349 2495 2871 2569 ἀριστοποιούμεθα.
2932 2498 3043 2552 Καὶ
3076 2498 3227 2571 παρὰ
3272 2500 3365 2554 τδν
3410 2501 3503 2554 τοῦ
3552 2519 3693 2572 συμ-

2114 2583 2298 2637 ποσίου
2339 2586 2527 2649 καιρὸν
2573 2587 2684 2639 τῶν
2738 2589 2836 2657 μὲν
2887 2588 3196 2661 Βαρϐάρων
3256 2591 3348 2645 τὸν
3408 2592 3691 2662 Ἀττήλαν,

2111 2677 2267 2747 ἡμῶν
2294 2677 2349 2731 δὲ
2391 2677 2481 2730 τὸν
2522 2676 2746 2747 βασιλέα
2795 2679 3209 2750 θαυμαζόντων,
3242 2682 3270 2734 ὁ
3302 2683 3523 2751 Βιγίλας
3559 2684 3690 2756 ἔφη,

2111 2768 2185 2829 ὡς
2215 2768 2318 2821 ούκ
2350 2767 2435 2838 εἴη
2477 2768 2609 2823 Θεὸν
2659 2770 2754 2823 καὶ
2794 2770 3081 2842 ἄνθρωπον
3131 2773 3315 2826 δίκαια
3356 2775 3691 2845 συγκρίνειν,

2111 2860 2395 2930 ἄνθρωπον
2434 2862 2533 2929 μὲν
2567 2862 2658 2914 τὸν
2701 2862 2984 2934 Ἀττήλαν,
3025 2863 3159 2917 Θεὸν
3187 2864 3243 2917 δὲ
3272 2865 3363 2918 τὸν
3410 2866 3693 2920 Θεοδόσιον

2111 2950 2312 3019 λέγων.
2351 2952 2660 3021 Ἦσχαλλον
2710 2948 2803 3007 οὖν
2834 2956 2881 3008 οἱ
2931 2954 3143 3018 Ούννοι,
3181 2957 3273 3008 καὶ
3316 2956 3456 3010 κατὰ
3499 2958 3694 3027 μικρὶν

2113 3042 2641 3114 ύποθερμαινόμενοι
2671 3045 3048 3114 ἐχαλέπαινον.
3099 3044 3285 3117 ῚΙμῶν
3337 3047 3393 3101 δὲ
3424 3050 3480 3111 ές
3529 3050 3692 3119 ἕτερα

2108 3132 2424 3201 τρεψάντων
2481 3133 2573 3187 τὸν
2629 3134 2786 3201 λόγον
2837 3135 2931 3188 καὶ
2981 3135 3348 3209 φιλοφροσύνῃ
3394 3137 3488 3191 τὸν
3540 3141 3692 3209 σφῶν

2109 3223 2287 3276 αύτῶν
2312 3227 2816 3296 καταπραϋνόντων
2856 3226 3048 3297 θυμὶν,
3088 3228 3224 3297 μετὰ
3266 3229 3328 3281 τὸ
3370 3229 3587 3284 δεῖπνον
3617 3233 3691 3295 ὡς

2109 3314 2520 3384 διανέστημεν,
2575 3316 2772 3388 δώροις
2831 3319 2859 3369 ὁ
2911 3318 3213 3389 Μαξιμῖνος
3274 3321 3540 3376 Ἐδέκωνα
3598 3323 3696 3378 καὶ

2124 3403 2388 3475 Ὀρέστην
2419 3406 2780 3476 ἐθεράπευσε,
2814 3414 3059 3481 σηρικαῖς
3089 3412 3361 3483 ἐσθήμασι
3403 3415 3496 3468 καὶ
3525 3416 3695 3479 λίθοις

2123 3492 2382 3557 Ἰνδικοῖς.
2428 3496 2756 3565 ’Δναμείνας
2806 3498 2863 3551 δὲ
2920 3500 3019 3571 τὴν
3083 3501 3375 3566 Ἐδέκωνος
3429 3504 3694 3574 Ὀρέστης

2109 3584 2652 3657 ἀναχώρησιν,,πρὺς
2700 3588 2792 3641 τὸν
2824 3590 3132 3660 Μαξιμῑνον
3172 3594 3388 3663 φράζει,
3424 3594 3499 3658 ὡς
3529 3596 3694 3664 σοφός

2108 3691 2166 3728 τε
2198 3675 2283 3746 εῐη
2318 3676 2418 3730 καὶ
2445 3676 2687 3748 ἄριστος,
2742 3680 2816 3751 μὴ
2846 3682 3008 3752 ὃμοια
3055 3682 3151 3736 σὺν
3183 3686 3294 3746 τοῖς
3324 3684 3467 3754 ἀμφὶ
3505 3684 3575 3738 τὰ
3599 3685 3695 3755 βα-

2114 3764 2290 3819 σίλεια
2326 3765 2754 3838 πλημμελήσαςο
2781 3770 2952 3841 χωρὶς
2997 3771 3105 3841 γὰρ
3139 3770 3306 3824 αὐτοῦ
3354 3774 3446 3825 ἐπὶ
3472 3773 3693 3826 δεῖπνον

2106 3859 2199 3911 τὸν
2238 3857 2508 3913 Ἐδέκωνα
2537 3859 2839 3924 καλοῦντες
2874 3860 3069 3930 δώροις
3104 3861 3325 3933 ἐτίμων.
3368 3863 3601 3935 Ἀπόρου
3630 3865 3691 3921 δὲ

2107 3952 2201 4004 τοῦ
2249 3952 2411 4021 λόγου
2472 3952 2548 4016 ὡς
2602 3954 2771 4025 μηδὲν
2821 3957 3207 4026 ἐπισταμένοις
3258 3956 3537 4027 φανέντος,
3594 3960 3694 4014 καὶ

2108 4044 2525 4115 άνερωτήσασιν
2577 4047 2729 4111 ὅπως
2774 4048 2871 4102 καὶ
2925 4050 3069 4101 κατὰ
3122 4052 3275 4103 ποῖον
3336 4051 3529 4123 καιρὸν
3586 4070 3690 4107 πεο-

2110 4136 2351 4209 ριῶπται
2384 4137 2483 4207 μὲν
2509 4137 2693 4205 αὐτὸς,
2730 4140 3021 4211 τετίμηται
3070 4141 3128 4194 δὲ
3178 4143 3206 4195 ὁ
3248 4141 3496 4209 Ἐδέκων,
3532 4144 3687 4198 οὐδὲν

2107 4226 2545 4297 ἀποκρινάμενος
2594 4225 2808 4295 ἐξῆλθε.
2844 4228 2925 4297 Τῇ
2950 4228 3006 4281 δὲ
3044 4227 3310 4299 ὑστεραίᾳ
3341 4228 3415 4292 ὠς
3442 4228 3688 4294 ἐϐαδίζο-

2111 4334 2232 4386 μεν,
2270 4317 2510 4387 φέρομεν
2558 4319 2652 4369 ὲπὶ
2701 4316 2921 4385 Βιγίλαν
2974 4318 3117 4390 ἅπερ
3147 4320 3279 4390 ἡμῖν
3323 4320 3585 4393 Ὀρέστης
3610 4325 3688 4375 εί·

423 4396 694 4450 discessit.
718 4393 986 4451 Postridie
1022 4411 1145 4452 cum
1170 4396 1273 4451 iter
1296 4396 1621 4462 faceremus,
1649 4395 1851 4467 Bigilze,
1881 4412 2001 4469 quae

2109 4406 2286 4477 ρήκει.
2320 4407 2414 4468 Ὃς
2444 4406 2522 4471 δὲ,
2559 4407 2767 4458 ἐκεῖνον
2803 4406 2877 4477 μὴ
2911 4406 3021 4460 δεῖν
3064 4406 3412 4478 χαλεπαίνειν
3454 4411 3530 4474 ὡς
3577 4411 3688 4465 τῶν

422 4485 645 4541 Orestes
688 4488 923 4550 dixerat,
956 4487 1267 4542 retulimus.
1316 4486 1408 4541 Ille
1439 4501 1569 4543 vero
1602 4487 1680 4541 ait
1716 4507 1730 4543 :
1758 4486 2006 4543 Orestem

423 4591 527 4630 non
573 4576 774 4632 debere
836 4577 1022 4647 iniquo
1073 4576 1256 4631 animo
1304 4576 1489 4641 ferre,
1546 4577 1594 4631 si
1653 4578 1841 4632 eadem
1889 4592 2009 4645 quae

422 4667 665 4733 Edecon,
692 4667 916 4722 minime
939 4676 1085 4724 esset
1109 4654 1452 4724 consecutus.
1476 4665 1726 4725 Orestem
1754 4669 1897 4725 enim
1923 4684 2008 4725 co-

422 4776 607 4831 mitem
646 4784 700 4831 et
723 4777 961 4833 scribam
985 4778 1187 4845 Anile;
1218 4779 1522 4836 Edeconem
1562 4794 1691 4835 vero
1726 4780 1870 4836 bello
1897 4783 2007 4836 cla-

423 4868 732 4934 rissimum,
786 4878 845 4925 ut
878 4870 931 4925 in
959 4880 1120 4943 gente
1148 4870 1488 4940 Hunnorum,
1523 4871 1677 4943 longe
1735 4872 1885 4928 illum
1922 4871 2005 4928 di-

422 4960 627 5027 gnitate
690 4962 1037 5018 antecellere.
1088 4961 1219 5029 Qua:
1257 4977 1378 5018 cum
1434 4963 1769 5033 loqueretur,
1829 4966 2005 5034 patrio

421 5064 673 5106 sermone
717 5051 1021 5107 Edeconem
1059 5053 1277 5118 aﬂatus,
1333 5067 1440 5108 non
1492 5053 1661 5108 multo
1684 5064 1807 5125 post
1847 5054 2005 5110 nobis

422 5141 785 5211 conﬁrmavit,
845 5159 941 5200 seu
981 5158 1109 5200 vera
1165 5144 1454 5215 proferret,
1498 5160 1592 5203 seu
1647 5146 1894 5217 ﬁngeret,
1943 5160 2004 5202 se

423 5234 657 5289 Edeconi
691 5249 777 5302 ea,
836 5250 956 5307 quae
978 5237 1129 5308 prius
1163 5237 1241 5293 illi
1277 5237 1610 5302 dixeramus,
1667 5238 2002 5308 exposuisse,

419 5336 473 5380 et
502 5343 645 5399 aegre
676 5328 809 5383 iram
842 5329 960 5399 ejus
983 5330 1054 5385 ob
1088 5330 1231 5386 dicta
1265 5328 1472 5385 Orestis
1524 5330 1796 5386 lenivisse.
1843 5332 2004 5386 Veni-

421 5432 541 5474 mus
567 5416 839 5488 Naissum,
866 5435 986 5492 qua:
1018 5423 1087 5477 ab
1112 5420 1567 5497 bostibusl’uerat
1593 5434 1784 5476 eversa
1814 5431 1870 5476 et
1890 5424 2007 5477 solo

2111 4499 2292 4552 αὐτῶν
2330 4498 2585 4551 Ἑδέκωνι
2622 4499 2667 4530 δ’
2705 4498 2781 4569 μὴ
2832 4499 3196 4569 τυγχάνοντα·
3253 4501 3417 4556 αὐτὸν
3449 4503 3548 4574 μὲν
3577 4504 3691 4575 γὰρ

2109 4592 2317 4645 ὀπάονά
2347 4608 2408 4644 τε
2449 4592 2543 4645 καὶ
2573 4591 2899 4663 ὑπογραφέα
2934 4588 3074 4646 εἶναι
3113 4595 3368 4664 Ἀττήλα,
3419 4594 3692 4651 Ἐδέκωνα

2109 4684 2165 4737 δὲ
2190 4684 2259 4736 τὰ
2284 4683 2427 4735 κατὰ
2454 4683 2692 4753 πόλεμον
2728 4682 2971 4753 ἄριστον,
3009 4684 3086 4747 ὡς
3113 4684 3206 4738 τοῦ
3240 4684 3443 4740 Οὖννου
3474 4687 3692 4756 γένους.

2110 4775 2513 4846 ἀναϐεϐηκέναι
2559 4774 2652 4829 τὸν
2700 4776 2963 4845 Ὀρέστην
3009 4776 3167 4830 πολύ.
3207 4776 3394 4832 Ταῦτα
3439 4780 3611 4832 εἰπὼν
3648 4782 3694 4812 ⁸ο

2109 4870 2202 4922 acati.
2248 4867 2326 4938 τῷ
2396 4866 2649 4937 Ἐδέκωνι
2687 4868 3162 4939 ιδιολογησάμενος
3190 4868 3428 4939 ἔφασκεν
3459 4870 3690 4944 ὕστερον

2103 4959 2243 5028 πρὸς
2276 4961 2446 5030 ἡμᾶς,
2487 4944 2598 5012 εἴτε
2634 4959 3045 5031 ἀληθιζόμενος,
3084 4961 3195 5015 εἴτε
3223 4963 3684 5035 ὑποκρινόμενος,

2102 5052 2178 5116 ὡς
2218 5053 2364 5105 εἴποι
2397 5053 2439 5083 ⁵¹
2474 5053 2575 5123 μὲν
2626 5051 2778 5121 αὐτῷ
2822 5052 2893 5105 τά
2921 5053 3211 5125 εἰρημένα,
3246 5055 3405 5125 μόγις
3438 5055 3497 5109 δὲ
3524 5058 3691 5109 αὑτὸν

2102 5144 2494 5216 καταπραῧναι
2528 5145 2808 5215 τραπέντα
2838 5145 2929 5198 ἐπὶ
2956 5148 3066 5210 τοῖς
3087 5146 3356 5217 λεχθεῖσιν
3394 5149 3474 5212 εἰς
3497 5149 3689 5219 ὀργήν.

2116 5238 2463 5307 Ἀφικόμενοι
2518 5237 2577 5291 δὲ
2632 5239 2689 5302 ές
2736 5237 2982 5291 ’Ναῖσσδν
3032 5237 3238 5310 ἔρημον
3294 5240 3393 5311 μὲν
3454 5242 3694 5312 εὕρομεν

2105 5328 2409 5400 ἀνθρώπων
2433 5328 2531 5399 τὴν
2560 5330 2736 5395 πόλιν,
2766 5330 2841 5395 ὡς
2875 5332 2980 5385 ὑπὸ
3004 5333 3112 5386 τῶν
3150 5332 3428 5404 πολεμίων
3452 5334 3694 5403 ἀνατρα-

2110 5426 2330 5477 πεῖσαν·
2362 5423 2420 5475 ὲν
2449 5421 2507 5476 δὲ
2534 5424 2646 5488 τοῖς
2677 5424 2843 5494 ἱεροῖς
2875 5424 3226 5497 καταλύμασι
3252 5426 3363 5482 τῶν
3389 5426 3497 5480 ὑπὸ
3517 5425 3693 5482 νόσων

1681 5537 1913 5594 νΑῐιιλΕ
1964 5540 2373 5599 LEC'I‘IONES.

485 5625 712 5737 :‘le'rtfop
743 5630 891 5737 vulg.
925 5632 1009 5737 "‘7
1046 5631 1363 5737 ἀμέσταλκέ
1386 5631 1558 5737 νιιιξὲ,
1594 5632 1943 5737 ξιπέστῗλκὲν
1988 5640 2035 5692 οἱ
2068 5636 2185 5737 Yal.
2225 5634 2310 5737 r“
2352 5636 2668 5737 cuvand'pat
2700 5635 2790 5706 N.,
2824 5638 3128 5709 συνεπᾶραι
3163 5639 3307 5713 vulg.
3375 5640 3422 5675 ι’
3458 5639 3689 5697 Ἑδὲκων

558 5735 567 5737 -
722 5716 743 5737 ε
774 5717 891 5737 anan
1050 5718 1073 5737 ε
1104 5706 1228 5737 ne?“
1264 5720 1330 5737 ιηι
1358 5719 1390 5737 η
1564 5721 1585 5737 ρ
1618 5720 1704 5737 που
1742 5722 1773 5737 η
1813 5724 1840 5737 η
1922 5718 2081 5737 σιν-ιλιι
2193 5724 2216 5737 .-
2247 5723 2443 5737 .υς-..ρει
2485 5722 2551 5737 ’νη
2578 5722 2610 5737 η

422 5695 570 5767 vulg.
648 5695 694 5729 ⁵⁵
721 5695 891 5755 ειπὸῖν
925 5700 1019 5769 Η..
1050 5703 1228 5758 εἰπεῖν
1264 5704 1409 5775 vulg.

1563 5701 1707 5756 εἴποι
1742 5704 1840 5774 μὲν
1878 5706 2148 5773 Cantocl.,
2192 5705 2443 5777 εἴποιμεν
2485 5701 2628 5778 vulg.
