4010 6210
440 325 545 387 70)

1212 326 1308 384 DE
1346 324 1909 387 LEGATIONIBUS
1950 326 2443 387 ROMANORUM
2485 326 2583 384 AD
2622 324 2937 385 GENTES.

3580 322 3685 380 ἨΟ

440 432 816 502 κατεχομένων
853 433 991 495 τινὲς
1017 432 1314 501 ἐτύγχανον
1359 434 1529 495 ὄντες.
1561 434 1772 504 Μικρὸν
1803 434 1858 487 δὲ
1898 435 2009 488 ἄνω

2115 444 2360 505 mquata:
2410 434 2607 502 itaque,
2634 448 2752 488 cant
2796 434 3061 486 desertam
3098 431 3405 489 hominibus
3458 431 3685 487 offendi-

439 526 531 576 τοῦ
562 524 808 591 ποταμοῦ
834 526 891 577 ὲν
933 524 1158 594 καθαρῷ
1189 526 1235 553 ⁸³
1267 523 1667 587 καταλύσαντες
1705 526 2015 595 (σύμπαντα

443 616 546 682 γὰρ
580 615 645 666 τὰ
678 615 768 667 ἐπὶ
812 614 910 684 τὴν
951 614 1117 683 ὄχθην
1148 613 1348 666 ὀστέων
1395 610 1462 684 ἦν
1496 615 1634 667 πλέα
1671 616 1780 667 τῶν
1821 620 1878 669 ἐν
1919 634 2015 670 που

442 706 588 774 λέμῳ
641 704 1079 773 ἀναιρεθέντων),
1128 708 1193 774 τῇ
1242 706 1507 774 ἐπαύριον
1556 708 1693 774 πρὶς
1740 708 2015 773 Ἀγίνθεον

441 795 610 847 τῶν⁸³
636 796 690 846 ὲν
733 795 1009 865 Ἰλλυριοῖς
1031 796 1327 864 ταγμάτων
1356 797 1659 865 ἡγούμενον
1685 798 2011 867 ἀφικόμεθα,

441 886 502 938 οὐ
542 888 730 956 πόρρω
763 885 892 938 ὄντα
934 885 1033 953 τῆς
1062 885 1324 952 Ναῖσσοῦ,
1366 888 1452 955 ἐφ’
1488 881 1531 953 ᾧ
1570 887 1638 938 τά
1668 887 1820 957 παρὰ
1859 888 2014 957 βασι-

441 978 577 1040 λέως
625 977 875 1045 ἀγγεῖλαι
904 978 997 1032 καὶ
1030 979 1157 1041 τοὺς
1210 978 1458 1047 φυγάδας
1504 978 1862 1049 παραλαϐεῖψ
1892 981 2015 1043 τοὺς

442 1070 549 1138 γὰρ
579 1066 613 1121 ε’
650 1069 761 1122 τῶν
808 1067 894 1134 ιζ’,
938 1070 1065 1138 περὶ
1090 1061 1165 1122 ὧν
1211 1071 1449 1141 Ἀττήλᾳ
1492 1071 1821 1141 ἐγέγραπτο,
1854 1072 2015 1125 αὐτὸν

442 1158 548 1211 ἔδει
580 1158 953 1229 παραδιδόναι.
991 1158 1263 1229 Ἦλθομεν
1309 1159 1400 1212 οὖν
1434 1162 1488 1222 ἐς
1520 1160 1729 1228 λόγους,
1775 1162 2016 1224 καὶτοὺς

441 1254 479 1297 ε’
516 1247 761 1317 φυγάδας
809 1246 1148 1317 παραδοῦναι
1223 1248 1385 1303 αύτδν
1443 1252 1554 1311 τοῖς
1606 1248 1825 1313 Ούννοις
1875 1268 2015 1319 παρ-

444 1338 820 1406 εσκευάσαμεν
854 1354 866 1367 ’
895 1337 990 1399 οὓς
1037 1338 1573 1408 φιλοφρονησάμενος
1616 1340 1711 1391 σὺν
1742 1342 1870 1408 ἡμῖν
1912 1344 2017 1394 ἀπ-

445 1429 680 1498 έπεμψε.
708 1430 1271 1498 Διανυκτερεύσαντες
1308 1430 1363 1482 δὲ
1422 1432 1517 1483 καὶ
1565 1431 1671 1483 ἀπὸ
1706 1431 1813 1483 τῶν
1856 1434 2017 1501 ὁρίων

451 1519 549 1587 τῆς
608 1520 849 1573 Ναῖσσοῦ
921 1524 1017 1589 τὴν
1074 1522 1300 1593 πορείαν
1363 1522 1720 1592 ποιησάμενοι
1787 1525 1881 1577 ἐπὶ
1927 1526 2017 1577 τὸν

448 1611 665 1680 Ἵστρον
704 1611 969 1680 ποταμὸν,
1012 1611 1068 1674 ἐς
1108 1629 1160 1664 τι
1193 1612 1392 1682 χωρίον
1422 1614 1757 1684 ὲσϐάλλομεν
1792 1632 2017 1684 συνηρε-

442 1699 562 1767 φὲς,
602 1702 827 1769 καμπὰς
855 1702 910 1754 δὲ
942 1701 1034 1755 καὶ
1063 1702 1321 1772 ἑλιγμοὺς
1351 1703 1444 1756 καὶ
1492 1706 1845 1775 περιαγωγὰς
1888 1707 2017 1759 πολ-

2118 542 2240 581 mus
2275 565 2290 590 ,
2354 536 2709 594 przcterquam
2765 524 2905 593 quod
2965 524 3017 576 in
3072 524 3358 579 ruderibus
3406 537 3684 578 sacrarum

2117 622 2309 675 mdium
2339 628 2495 673 erant
2520 618 2740 686 quidam
2768 618 2976 687 εει-οιί.
3010 615 3173 672 Paulo
3200 618 3410 687 longius
3445 632 3475 670 a
3509 619 3685 671 lluttvi~

2119 728 2185 770 ne
2214 714 2281 766 ad
2331 724 2498 765 vacua
2556 711 2674 763 loca
2719 709 3047 764 divertentes
3091 710 3297 779 (omnia
3342 709 3486 764 enim
3540 711 3685 764 circa

2120 806 2288 874 ripam
2328 814 2483 858 erant
2506 801 2661 867 plena
2686 801 2903 855 ossibus
2925 800 3032 871 50
3060 816 3268 865 eorum,
3302 800 3395 871 qui
3432 800 3574 855 bello
3607 816 3687 855 ce-

2117 896 2404 963 ciderant),
2461 893 2719 962 postridie
2773 893 2838 947 ad
2899 894 3251 961 Agintheum,
3301 892 3577 961 copiarum
3633 891 3686 945 in

2118 987 2325 1057 Illyrico
2372 987 2583 1048 ducem,
2632 985 2724 1052 qui
2757 999 2861 1038 non
2909 984 3066 1053 longe
3092 1000 3121 1037 a
3153 983 3346 1039 Naisso
3388 982 3687 1046 habitabat,

2117 1074 2566 1138 accessimus,ut,
2629 1073 2844 1127 traditis
2886 1074 3233 1142 imperatoris
3282 1074 3573 1137 mandatis,
3606 1088 3690 1127 re—

2116 1161 2421 1228 cipercmus
2466 1162 2533 1215 ab
2570 1175 2635 1215 eo
2660 1160 2902 1229 quinque
2963 1161 3285 1231 transfugas,
3328 1163 3419 1231 qui
3459 1171 3691 1231 septem-

2116 1252 2289 1306 decim
2327 1266 2632 1315 numerum,
2668 1251 2734 1306 de
2766 1232 2966 1321 quibus
3011 1252 3078 1306 ad
3124 1252 3346 1306 Attilam
3377 1255 3688 1322 scripserat,

2119 1344 2418 1411 explerent.
2453 1342 2738 1398 Hominem
2771 1343 2935 1413 igitur
2961 1344 3340 1409 convenimus,
3370 1353 3424 1398 et
3452 1347 3691 1415 quinque

2118 1434 2373 1502 profugos
2416 1433 2637 1489 lluunos
2668 1435 2883 1489 tradere
2932 1435 3306 1505 praecepimus,
3340 1450 3479 1504 quos
3516 1438 3690 1489 verbis

2118 1526 2429 1578 consolatus
2459 1564 2475 1586 .
2525 1526 2805 1580 nobiscum
2833 1526 3060 1579 dimisit.
3092 1524 3261 1580 Nocte
3300 1534 3573 1580 transacta
3608 1566 3624 1592 ,
3659 1542 3688 1578 a

2120 1617 2396 1669 montibus
2425 1615 2599 1670 Naissi
2636 1617 2827 1670 Istrum
2858 1630 3049 1670 versus
3093 1626 3399 1686 pergentes,
3424 1616 3478 1670 in
3524 1632 3691 1685 angu-

2119 1716 2257 1761 stam
2323 1707 2617 1761 convallem
2652 1722 2748 1775 per
2794 1706 3046 1774 obliquos
3078 1707 3306 1761 inﬂexus
3331 1717 3386 1760 et
3433 1708 3690 1761 circuitus

442 1792 535 1853 λάς
580 1792 722 1861 ἔχον.
786 1793 874 1845 Ἐν
923 1786 1075 1863 ᾧπερ
1128 1795 1228 1863 τῆς
1268 1795 1479 1866 ἡμέρας
1523 1797 1911 1866 διαφαινούσης
1945 1798 2010 1861 ⁸³⁸,

2124 1796 2318 1851 multos
2369 1796 2685 1851 deferimur.
2721 1793 2821 1850 Hic
2874 1810 2997 1850 cum
3031 1796 3084 1849 in
3124 1809 3187 1850 ea
3244 1796 3501 1864 opinione
3551 1808 3690 1850 esse-

440 1884 706 1951 οίομένοις
745 1885 838 1936 ἐπὶ
867 1886 1075 1956 δυσμὰς
1103 1886 1434 1958 πορεύεσθαι
1474 1887 1568 1940 τοῦ
1603 1888 1755 1955 ἡλίου
1784 1889 2016 1960 ἀνατολὴ

441 1976 788 2028 κατεναντίον
821 1976 1002 2046 ὤφθη,
1036 1976 1178 2031 ὥστε
1229 1983 1352 2041 τοὺς
1383 1979 1629 2047 ἀπείρως
1668 1978 1891 2049 ἔχοντας
1920 1981 2017 2049 τῆς

440 2068 533 2119 τοῦ
564 2068 764 2137 χωρίου
796 2068 997 2132 θέσεως
1030 2070 1353 2139 ἀναϐοῆσαι,
1384 2067 1471 2123 οία
1518 2072 1582 2141 δὴ
1612 2072 1703 2124 τοῦ
1730 2073 1880 2143 ἡλίου
1919 2075 2016 2139 τὴν

442 2158 688 2211 ἐναντίαν
728 2162 1053 2229 ποιουμένου
1104 2162 1149 2193 ⁵⁵
1184 2163 1411 2232 πορείαν
1452 2164 1544 2216 καὶ
1593 2164 1759 2234 ἕτερα
1788 2166 1938 2235 παρά
1971 2168 2017 2198 ⁸⁸

441 2248 509 2300 τὰ
544 2248 859 2305 καθεστῶτα
904 2251 1279 2321 σημαίνοντος.
1325 2253 1461 2307 Ὑπὸ
1488 2255 1543 2306 δὲ
1571 2255 1670 2325 τῆς
1719 2255 1813 2309 τοῦ
1847 2257 2015 2310 τόπου

440 2340 756 2409 ἀνωμαλίας
808 2340 901 2394 ἐπὶ
958 2344 1224 2406 ἀνατολὰς
1273 2346 1451 2398 ἐκεῖνο
1494 2346 1556 2398 τὸ
1598 2347 1766 2417 μέρος
1819 2347 2014 2401 ἐϐλεπε

442 2432 541 2496 τῆς
590 2431 733 2484 ὁδοῦ.
783 2432 939 2487 Μετὰ
990 2435 1046 2487 δὲ
1102 2436 1200 2504 τὴν
1236 2436 1544 2507 δυσχωρίαν
1607 2440 1664 2491 ὲν
1719 2439 1884 2509 πεδίῳ
1919 2441 2013 2494 καὶ

441 2524 592 2593 αύτῷ
641 2525 831 2580 ὐλιὶιδει
888 2528 1327 2599 παραγινόμεθα.
1400 2528 1679 2583 Ἐντεῦθεν
1751 2530 2014 2603 βάρϐαροι

442 2617 706 2685 πορθμεῖς
736 2620 794 2671 ὲν
828 2619 1061 2687 σκάφεσι
1099 2620 1431 2689 μονοξύλοις,
1466 2621 1609 2692 ἅπερ
1642 2622 1795 2675 αὐτοὶ
1818 2624 2012 2695 δένδρα

443 2708 796 2777 ὲκτέμνοντες
872 2711 966 2764 καὶ
1025 2712 1417 2781 διαγλύφοντες
1474 2715 2011 2781 κατασκευάζουσιν,

445 2798 685 2869 ἐδέχοντο
716 2802 861 2870 ἡμᾶς
902 2805 995 2857 καὶ
1029 2803 1423 2874 διεπόρθμευον
1473 2805 1565 2858 τὸν
1618 2806 1884 2875 ποταμὸν,
1916 2808 2016 2879 οὐχ

444 2892 598 2960 ἡμῶν
633 2892 795 2946 ἕνεκα
846 2896 1432 2967 παρασκευασάμενοι,
1464 2897 1598 2951 ἀλλά
1644 2898 2015 2971 διαπορθμεύ-

2119 1902 2261 1949 mus,
2310 1895 2369 1939 ut
2432 1885 2484 1939 in
2529 1900 2783 1939 occasum
2819 1886 2924 1939 iter
2967 1886 3188 1939 tendere
3228 1885 3685 1946 existimaremus,

2117 1976 2467 2043 simulatque
2521 1974 2715 2038 illuxit,
2767 1974 2848 2029 sol
2900 1976 3155 2030 exoriens
3194 1990 3316 2029 sese
3360 1990 3426 2029 ex
3460 1975 3688 2030 adverso

2117 2068 2290 2122 oculis
2321 2068 2518 2122 nostris
2542 2067 2759 2135 objecit.
2794 2066 2980 2137 Itaque
3024 2067 3114 2135 qui
3150 2066 3251 2121 loci
3276 2066 3437 2120 situm
3470 2068 3686 2137 ignora-

2120 2160 2270 2225 bant,
2319 2158 2645 2223 exclamare,
2698 2165 2953 2228 tanquam
3017 2158 3097 2213 sol
3137 2160 3467 2213 contrarium
3527 2159 3688 2212 solito

2119 2266 2336 2306 cursum
2369 2250 2679 2311 conﬁceret.
2724 2259 2777 2305 et
2816 2250 3168 2305 abhorrentia
3196 2266 3225 2304 a
3254 2249 3548 2304 constituto
3596 2265 3686 2303 rc—

2121 2356 2238 2395 rum
2270 2343 2457 2395 ordine
2485 2341 2792 2410 designaret
2826 2361 2838 2395 :
2906 2341 2999 2395 sed
3029 2349 3246 2412 propter
3285 2341 3387 2396 loci
3450 2341 3689 2410 inaequa-

2122 2433 2327 2487 litatem
2374 2432 2457 2485 via
2486 2448 2549 2486 ea
2581 2443 2730 2501 parte
2788 2433 2855 2486 ad
2898 2429 3173 2487 Orientem
3218 2442 3444 2501 spectat.
3478 2432 3556 2486 Ex
3598 2432 3687 2486 illo

2118 2522 2318 2578 diﬂicili
2347 2534 2399 2579 et
2426 2524 2596 2578 arduo
2644 2525 2762 2579 loco
2792 2528 2857 2578 ad
2883 2525 3040 2594 plana
3075 2532 3129 2579 et
3180 2525 3444 2593 uliginosa
3474 2524 3691 2578 deveni.

2118 2632 2255 2671 mus.
2290 2615 2388 2670 llic
2415 2631 2510 2670 nos
2528 2616 2754 2670 Barbari
2779 2618 3069 2685 portitores
3107 2616 3161 2669 in
3194 2615 3412 2684 scaphis
3436 2614 3594 2668 unico
3615 2616 3682 2667 li-

2116 2723 2221 2778 gno
2247 2708 2640 2771 constantibus,
2684 2722 2819 2775 quas
2853 2707 3141 2762 arboribus
3172 2708 3336 2762 sectis
3368 2717 3425 2760 et
3480 2705 3687 2764 cavatis

2119 2803 2403 2863 adornant,
2440 2807 2788 2868 exceperunt,
2817 2807 2871 2852 et
2907 2797 3103 2852 ﬂumen
3129 2798 3563 2852 transmiserunt.
3620 2797 3688 2848 Et

2116 2896 2278 2950 lembi
2312 2896 2527 2965 quidem
2560 2895 2780 2948 minime
2818 2897 2882 2947 ad
2913 2908 3011 2947 nos
3044 2892 3422 2955 traducendos,
3459 2888 3553 2945 sed
3620 2890 3687 2943 ait

444 3000 637 3046 σαντες
663 2984 865 3055 πλῆθος
896 2985 1246 3058 βαρϐαρικὸν,
1281 2988 1418 3057 ὅπερ
1441 2989 1572 3057 ἡμῖν
1602 2994 1744 3041 κατά
1766 2990 1866 3059 τὴν
1897 2991 2011 3044 ὁδὸν

2119 2987 2522 3041 multitudinem
2552 2986 2912 3040 Barbarorum
2940 2984 3311 3054 trajiciendatu
3350 2990 3506 3038 erant
3538 2996 3688 3051 prae

442 3076 769 3146 ἀπηντήκει,
821 3073 909 3131 οἷα
960 3077 1024 3148 δὴ
1080 3078 1407 3148 βουλομένου
1468 3080 1511 3111 ⁸⁷
1551 3080 1627 3144 ὠς
1678 3082 1772 3135 ἐπὶ
1837 3082 2011 3154 Θήραν

2120 3078 2312 3149 parati,
2368 3094 2486 3147 qua:
2514 3078 2672 3133 nobis
2743 3079 2792 3132 iu
2823 3082 2907 3132 via
2961 3085 3290 3141 occurreret,
3331 3075 3455 3145 quia
3493 3074 3687 3128 Attilas

454 3165 685 3237 Ἀττήλα
718 3167 1023 3222 διαϐαίνειν
1065 3171 1123 3233 ές
1165 3170 1266 3240 τὴν
1328 3169 1617 3241 Ῥωμαίων
1658 3173 1786 3242 γῆν.
1838 3174 2011 3228 Τοῦτο

2115 3172 2181 3225 ad
2212 3171 2548 3224 venationem
2579 3169 2631 3222 in
2654 3167 3017 3223 Romanorum
3045 3167 3176 3221 lines
3211 3166 3511 3234 transgredi
3537 3165 3686 3219 vole-

440 3256 495 3308 δὲ
545 3252 611 3327 ἦν
669 3258 908 3329 πολέμου
966 3260 1323 3331 παρασκευὴν
1386 3264 1693 3333 ποιουμένῳ
1731 3266 1777 3297 ⁸³
1805 3266 1885 3336 τῷ
1916 3266 2011 3336 βα-

442 3350 623 3418 σιλείῳ
656 3350 858 3424 Σκύθῃ,
903 3353 1174 3422 προφάσει
1205 3353 1299 3407 τοῦ
1332 3356 1407 3425 μὴ
1455 3356 1665 3419 πάντας
1696 3357 1845 3427 αὐτῷ
1887 3360 2011 3421 τοὺς

442 3442 682 3509 φυγάδας
711 3442 974 3497 δεδόσθαι.
1024 3445 1432 3516 Περαιωθέντες
1461 3446 1519 3499 δὲ
1552 3447 1643 3500 τὸν
1674 3448 1887 3520 Ἴστρον
1917 3450 2009 3503 καὶ

442 3533 537 3587 σὺν
569 3536 681 3597 τοῖς
730 3535 1035 3606 Βαρϐἀροις
1067 3537 1143 3601 ὡς
1180 3544 1221 3590 ο¹
1257 3538 1617 3609 πορευθέντες
1649 3542 1917 3606 σταδίους,
1951 3544 2009 3595 ἐν

439 3626 606 3695 πεδίῳ
634 3627 741 3678 τινὶ
765 3629 1043 3697 ἐπιμένειν
1068 3631 1521 3702 ἠναγκάσθημεν,
1547 3633 1687 3687 ὥστε
1717 3636 1842 3697 τοὺς
1864 3635 2009 3703 ἀμφὶ

438 3715 529 3766 τὸν
580 3715 849 3769 Ἐδέκωνα
887 3717 964 3786 τῷ
1006 3719 1236 3790 Ἀττήλα
1274 3721 1529 3787 γενέσθαι
1578 3723 1677 3789 τῆς
1734 3724 2010 3792 ἡμετέρας

441 3805 677 3873 ἀφίξεως
722 3807 984 3874 μηνυτὰς.
1036 3809 1497 3878 Καταμεινάντων
1526 3810 1583 3863 δὲ
1615 3813 1712 3863 σὺν
1758 3812 1890 3878 ἡμῖν
1918 3812 2010 3863 καὶ

440 3895 547 3947 τῶν
580 3896 992 3967 ξεναγησάντων
1018 3898 1164 3967 ἡμᾶς
1196 3900 1242 3931 ⁸ο
1274 3899 1574 3970 Βαρϐάρων
1598 3939 1612 3963 ,
1656 3900 1802 3968 ἀμφὶ
1829 3899 2011 3983 δείλην

440 3987 596 4056 ὀψίαν
625 3987 842 4040 δεῖπνον
877 3987 1035 4057 ἡμῶν
1078 3987 1440 4058 αἱρουμένων,
1478 3987 1673 4059 κρότος
1712 3989 1893 4042 ἵππων
1935 3990 2011 4052 ὡς

438 4080 585 4147 ἡμᾶς
611 4078 923 4149 ἐρχομένων
948 4077 1199 4146 ἠκούετο.
1233 4079 1343 4134 Καὶ
1368 4080 1431 4147 δὴ
1458 4078 1651 4149 ἄνδρες
1682 4078 1775 4133 δύο
1808 4079 2010 4132 Σκύθαι

440 4171 796 4241 παρεγίνοντο
838 4171 914 4234 ὡς
942 4171 1033 4224 τὸν
1078 4171 1342 4242 ’Λττήλαν
1371 4173 1403 4241 ὴ
1416 4173 1521 4242 μᾶς
1572 4172 1793 4225 ἀπιέναι
1826 4188 2008 4240 παρα·

2115 3264 2229 3319 bat.
2258 3262 2465 3317 Revera
2521 3270 2699 3316 autem
2732 3260 2930 3315 bellum
2961 3268 3151 3313 contra
3204 3258 3478 3312 Romanos
3521 3272 3687 3326 para-

2112 3354 2210 3421 vit,
2237 3354 2391 3423 cujus
2422 3354 2638 3423 gerendi
2666 3351 3006 3408 occasionem
3035 3350 3305 3415 sumebat,
3327 3349 3470 3417 quod
3506 3356 3687 3401 trans-

2111 3447 2249 3515 fuga:
2292 3460 2396 3498 non
2463 3445 2838 3499 redderentur.
2872 3440 3214 3495 Transmisso
3241 3439 3402 3505 lstro,
3464 3447 3685 3507 septua-

2111 3539 2258 3609 ginta
2308 3536 2423 3591 fere
2452 3536 2751 3591 stadiorum
2799 3535 2900 3589 iter
2926 3550 3049 3589 cum
3091 3530 3347 3587 Barbaris
3369 3531 3575 3586 emensi
3630 3531 3683 3583 in

2111 3643 2302 3698 campo
2331 3628 2564 3698 quodam
2607 3626 2903 3682 subsistere
2930 3624 3104 3679 coacti
3152 3639 3366 3689 sumus,
3420 3622 3685 3691 tantisper

2111 3720 2237 3773 dum
2267 3717 2483 3772 Edecou
2519 3718 2741 3771 Attilam
2772 3717 2941 3771 nostri
2992 3717 3255 3770 adventus
3287 3715 3573 3769 certiorem
3604 3713 3683 3766 fa-

2112 3818 2256 3863 ceret
2294 3848 2309 3873 ,
2346 3810 2692 3863 manentibus
2730 3811 2935 3861 interea
2970 3808 3253 3862 nobiscum
3301 3822 3366 3860 ex
3404 3806 3677 3867 Barbaris,

2111 3899 2201 3967 qui
2229 3913 2326 3951 nos
2359 3907 2512 3953 erant
2530 3898 2835 3952 deducturi.
2866 3897 3023 3951 Circa
3052 3910 3336 3965 vesperam
3377 3896 3536 3951 nobis
3568 3908 3680 3948 coe-

2112 3988 2391 4053 nantibus,
2446 3989 2662 4043 auditus
2705 3994 2791 4042 est
2851 3988 3109 4055 strepitus
3171 4000 3433 4055 equorum
3460 3986 3526 4040 ad
3586 4001 3682 4040 nos

2114 4080 2460 4135 venientium.
2513 4079 2579 4132 Et
2627 4080 2733 4133 duo
2780 4077 2882 4131 viri
2911 4078 3127 4148 Scytha
3171 4078 3548 4142 advenerunt,
3588 4078 3677 4145 qui

2110 4186 2209 4226 nos
2247 4170 2317 4225 ad
2343 4170 2564 4225 Attilam
2599 4170 2795 4225 venire
2808 4169 3108 4239 jusserunt.
3148 4168 3320 4223 Nobis
3365 4182 3495 4222 vero
3531 4169 3681 4237 prius

435 4264 801 4334 κελευόμενοι.
845 4264 1032 4335 Ἦμῶν
1084 4265 1141 4319 δὲ
1209 4266 1477 4343 πρότερον
1534 4267 1629 4320 ἐπὶ
1684 4268 1746 4320 τὸ
1793 4254 2008 4321 δεῖπνον

2115 4279 2203 4320 eos
2235 4264 2302 4319 ad
2349 4278 2560 4318 etenam
2590 4263 2847 4318 accedere
2878 4261 3212 4329 rogantibus,
3241 4259 3309 4314 de
3358 4261 3515 4327 equis
3580 4259 3678 4311 de-

438 4356 637 4419 αὑτοὺς
681 4356 856 4409 ἐλθεῖν
905 4356 1266 4425 αἰτησάντων,
1316 4356 1631 4423 ἀποϐάντες
1686 4358 1794 4411 τῶν
1826 4359 2008 4411 ἵππων

2115 4357 2431 4416 scendentes
2458 4371 2562 4410 una
2585 4355 2891 4410 convivium
2911 4355 3238 4417 inierunt,et
3254 4350 3513 4421 postridie
3535 4351 3676 4403 viam

438 4445 818 4517 εὐωχήθησαν,
872 4448 966 4501 καὶ
1001 4449 1133 4518 ἡμῖν
1176 4447 1275 4517 τῆς
1303 4448 1424 4501 ὁδοῦ
1469 4451 1535 4519 τῇ
1568 4448 1829 4521 ὑστεραία
1866 4450 2007 4519 ἡγή-

2115 4457 2416 4519 ρτωευιιιεε
2442 4447 2899 4501 demonstrarunt.
2950 4444 3067 4509 Qua
3108 4444 3195 4497 die
3243 4442 3377 4497 hora
3398 4442 3511 4495 fere
3537 4456 3674 4495 noua

438 4554 619 4590 σαντο.
658 4538 1125 4608 Παραγενομένων
1154 4538 1211 4591 δὲ
1243 4540 1301 4602 ἐς
1323 4539 1420 4603 τὰς
1456 4540 1502 4571 ⁶⁰
1543 4540 1777 4609 Ἀττήλα
1802 4541 2006 4610 σκηνὰς

434 4629 578 4699 ἀμφὶ
616 4627 659 4680 θ’
690 4631 788 4700 τῆς
818 4629 1030 4699 ἡμέρας
1060 4629 1178 4699 ὥρᾳ
1237 4629 1452 4700 (πολλαὶ
1489 4630 1545 4683 δὲ
1590 4630 1739 4701 αὐτῷ
1770 4634 1810 4663 ⁶¹
1850 4632 2009 4697 ὲτύγυ

436 4738 597 4787 χανον
636 4718 871 4787 οὖσαι),
940 4721 1031 4773 ὲπί
1085 4738 1143 4774 τε
1200 4721 1364 4790 λόφου
1421 4722 1564 4785 τινὸς
1613 4726 2007 4794 σκηνοποιῆσαι

437 4810 832 4881 βουληθέντων,
869 4813 919 4864 οἱ
959 4812 1309 4881 ἐπιτυχόντες
1341 4813 1675 4866 διεκώλυσαν
1709 4814 2005 4884 Βάρϐαροι,

432 4899 506 4962 ὡς
540 4901 638 4970 τῆς
689 4901 919 4973 Ἀττήλα
954 4903 1011 4957 ὲν
1049 4902 1316 4974 χθαμαλῷ
1371 4903 1724 4975 ὑπαρχούσης
1776 4904 2004 4974 σκηνῆς.

433 4992 867 5047 Καταλυσάντων
909 4994 967 5048 δὲ
1016 4995 1147 5048 ὅπου
1182 4998 1293 5057 τοῖς
1330 4995 1563 5058 Σκύθαις
1603 4994 1799 5059 ἐδόκει,
1859 4994 2000 5046 Ἐδέο

433 5099 543 5135 κων
592 5082 687 5137 καὶ
728 5084 989 5154 Ὀρέστης
1035 5084 1127 5139 καὶ
1177 5085 1415 5147 Σκόττας
1456 5086 1549 5138 καὶ
1589 5084 1767 5153 ἕτεροι
1808 5084 1916 5137 τῶν
1944 5086 2003 5138 έν

2110 4541 2176 4596 ad
2214 4540 2394 4594 Attila:
2425 4538 2652 4593 tentoria
2690 4534 3074 4605 pervenimus:
3119 4547 3246 4586 nam
3270 4540 3430 4587 erant
3454 4533 3504 4586 ei
3560 4532 3677 4601 plu-

2110 4632 2266 4685 rima.
2292 4630 2359 4684 Et
2387 4644 2508 4685 cum
2537 4629 2589 4682 in
2615 4626 2749 4682 colle
2786 4626 3015 4693 quodam
3052 4624 3283 4679 tentoria
3314 4624 3478 4692 ﬁgere
3512 4622 3677 4676 velle-

2110 4734 2253 4783 mus,
2300 4716 2443 4773 obvii
2478 4715 2699 4770 Barbari
2732 4714 3145 4782 prohibuerunt,
3190 4713 3447 4782 quoniam
3496 4712 3677 4766 Attila:

2113 4807 2405 4863 tentorium
2432 4815 2577 4861 esset
2611 4805 2664 4860 in
2690 4805 2913 4871 planitie
2934 4804 3190 4874 positum.
3224 4802 3586 4869 Quamobrem
3609 4803 3677 4853 ad

2114 4898 2477 4952 Barbarorum
2528 4898 2814 4951 arbitrium
2874 4896 3052 4951 locum
3100 4895 3318 4950 tentorii
3379 4894 3674 4949 collocandi

2106 4988 2365 5057 cepimus.
2416 4987 2531 5041 lluc
2573 4986 2808 5053 Edecon,
2843 4988 3086 5053 Orestes,
3149 4985 3333 5039 Scotta
3361 4992 3417 5038 et
3462 4983 3552 5037 alii
3608 5000 3674 5037 ex

2108 5080 2322 5150 Scythis
2373 5080 2639 5149 primores
2691 5095 2813 5134 mox
2872 5080 3239 5141 advenerunt,
3304 5084 3361 5130 et
3402 5089 3470 5131 ex
3517 5075 3676 5127 nobis

431 5175 615 5239 αὐτοῖς
655 5175 895 5245 λογάδων
942 5171 1075 5247 ἧκον
1123 5178 1500 5249 ἀνερωτῶντες
1543 5178 1586 5208 ⁶²
1633 5178 1792 5230 τίνων
1822 5178 2004 5246 τυχεῖν

2115 5173 2454 5241 quaesierunt,
2481 5186 2710 5241 quarum
2742 5184 2921 5225 rerum
2968 5167 3467 5238 consequendarunt
3500 5168 3671 5234 gratia

433 5266 824 5332 ἐσπουδακότες
868 5271 964 5341 τὴν
1008 5269 1301 5339 πρέσϐειαν
1358 5269 1681 5340 ποιούμεθα.
1722 5270 1911 5338 Ἢμῶν
1940 5268 1998 5321 δὲ

2108 5267 2247 5320 lianc
2273 5265 2592 5334 legationem
2636 5265 3088 5333 suscepissemus.
3122 5259 3232 5317 Nos
3258 5274 3385 5316 vero
3437 5258 3671 5312 invicem

1732 5402 1963 5458 VARle
2006 5401 2409 5461 LEC’l‘IONES.

499 5512 546 5545 ³²
584 5510 812 5582 καθαρῷ
850 5511 1118 5575 Cantocl.,
1150 5528 1382 5582 καπαρῳ
1415 5528 1560 5582 vutg.

430 5586 675 5634 εναντιον
698 5581 853 5656 (ligat-i1;
887 5592 1011 5656 post
1032 5581 1362 5656 ποιουμένου
1385 5581 1543 5656 iterat
1578 5584 1721 5656 vnlg.

432 5666 568 5721 μενη
602 5652 747 5774 cionj.
790 5650 851 5704 Β,
924 5653 970 5684 ⁵⁹
991 5651 1133 5719 ὑμᾶς
1164 5652 1308 5722 vulg.
1386 5654 1430 5684 ⁸⁵
1463 5655 1559 5717 τὰς
1590 5653 1628 5705 Β
1658 5650 1696 5718 ,⁷
1710 5654 1803 5708 τοῦ
1828 5650 1974 5725 vulg.

430 5740 518 5787 τες
544 5738 609 5777 vu
636 5738 687 5792 g.

1664 5516 1709 5548 ⁸³
1746 5517 1851 5588 τῶν
1888 5516 1971 5577 Βη
1996 5534 2024 5569 ν
2054 5519 2201 5588 vulg.

1797 5585 1844 5617 ”
1875 5585 2316 5642 παραγενξνυια.

1957 5604 2142 5656 ραγεν.
2173 5604 2316 5657 VUIg.
2394 5604 2435 5618 "
2468 5604 2789 5657 ρουλομενον
2808 5604 2951 5654 vutg.
3056 5604 3101 5619 *ν
3138 5604 3458 5654 παρασκευη
3488 5604 3670 5640 ποιου-

1960 5696 1974 5710 .
2052 5659 2090 5689 ⁶¹
2126 5659 2275 5729 αὐτῷ
2309 5658 2391 5724 8.,
2426 5657 2601 5712 αὐτῶν
2632 5658 2776 5726 vulg.
2829 5656 2874 5687 ⁶²
2904 5653 3281 5723 ἀνερωτῶντες
3302 5654 3407 5721 (31.,
3432 5659 3670 5728 ἀνερῶν-

2305 5520 2352 5550 ⁵⁸
2377 5517 2592 5584 διαφαν.
2624 5515 2770 5583 vulg.
2812 5515 2845 5585 ἡ
2874 5512 2966 5567 τοῦ
2995 5512 3259 5585 ήληοοηί.
3297 5510 3358 5564 Β.
3434 5512 3509 5585 7³⁸
3538 5531 3667 5566 κατ.

2394 5588 2439 5618 ⁸⁷
2468 5587 2789 5657 βουλόμενον
2808 5584 2951 5657 vulg.
3056 5584 3101 5619 ⁸⁸
3126 5584 3461 5657 ,παρασκευὴ
3488 5604 3671 5640 ποιου-
