4056 6210
253 267 360 335 711

1241 233 1634 320 EXCERPTA
1677 257 1779 317 Ex
1818 253 2088 316 PRISCO
2125 251 2486 314 RHETORE

3411 249 3516 314 712

254 377 417 442 tueri,
467 381 522 429 et
553 383 658 431 tam
712 374 944 444 ineptam
987 368 1490 439 percunctationem
1543 365 1824 421 admirari.

1940 366 2037 435 τὴν
2068 363 2263 431 ἄλογον
2302 359 2801 431 ἀποθαυμαζόντων
2826 358 3094 432 ἐρώτησιν
3131 358 3224 414 καὶ
3258 362 3313 426 ἐς
3350 363 3515 434 ἀλλή-

253 465 334 523 llli
366 465 710 521 nihilominus
760 474 1130 532 perseverare,
1175 468 1232 515 et
1264 459 1442 525 nobis,
1488 468 1547 514 ut
1600 471 1827 527 respon-

257 557 536 615 Oeremus,
591 551 886 606 instabant.
928 551 1000 604 At
1042 564 1167 604 cum
1195 549 1294 604 soli
1343 549 1543 613 Attilae,
1579 563 1684 604 non
1713 547 1833 602 aliis

258 651 634 717 imperatorem
677 642 933 696 mandata
961 654 1236 711 exponere
1265 641 1500 710 jussisse
1521 639 1832 709 respondis-

255 749 453 797 semus,
485 731 668 786 Scotta
692 728 951 794 oll‘ensus,
977 730 1081 785 hoc
1128 729 1231 784 sibi
1259 744 1407 788 asuo
1455 730 1590 784 duce
1630 743 1832 798 prmec«

253 835 400 894 ptum
428 836 548 878 esse
577 820 732 888 dixit,
764 834 937 888 neque
957 834 1054 875 sua
1093 828 1282 889 sponte
1303 833 1360 874 se
1379 819 1445 874 ad
1471 835 1567 876 nos
1595 821 1828 874 venisse.

251 917 355 987 51
413 913 524 969 Nos
559 929 687 970 vero
717 914 1001 978 obtestari,
1042 896 1311 981 nusquam
1369 913 1509 966 hanc
1544 911 1713 982 legem
1756 911 1832 966 le-

251 1007 390 1076 gatis
421 1006 748 1073 impositam,
794 1012 852 1056 ut
882 1017 978 1070 per
1012 1000 1149 1056 alios
1188 1000 1438 1056 mandata
1467 1003 1632 1054 edant
1653 1009 1706 1054 et
1733 1014 1832 1069 pa-

254 1101 358 1152 lam
421 1098 639 1160 faciant,
691 1102 982 1161 antequam
1011 1105 1130 1157 eos,
1168 1091 1234 1145 ad
1293 1103 1429 1158 quos
1498 1087 1650 1143 missi
1701 1089 1830 1154 sint,

254 1189 505 1251 adierint,
535 1197 590 1242 et
637 1188 690 1241 in
732 1193 1076 1252 conspectum
1101 1197 1289 1238 eorum
1330 1181 1620 1258 venerint;
1652 1194 1832 1249 neque

254 1280 356 1334 hoc
397 1279 624 1350 Scythas
675 1278 886 1333 nescire
913 1317 929 1341 ,
966 1275 1056 1345 qui
1090 1286 1462 1343 saepenumero
1512 1271 1715 1342 legatos
1767 1273 1831 1324 ad

256 1370 642 1439 imperatorem
687 1369 939 1424 miserint
971 1384 984 1420 :
1013 1366 1152 1421 idem
1198 1371 1252 1418 et
1314 1363 1471 1417 nobis
1513 1363 1830 1428 contingere

254 1476 352 1530 par
401 1476 538 1526 esse,
571 1475 746 1530 neque
777 1460 934 1514 aliter
959 1472 1058 1513 nos
1097 1455 1350 1511 mandata
1372 1469 1498 1510 esse
1555 1455 1824 1509 dicturos.

255 1551 458 1617 Quibus
509 1551 707 1605 auditis
741 1550 806 1604 ad
833 1549 1054 1604 Attilam
1101 1555 1476 1616 perrexerunt,
1521 1544 1666 1599 unde
1719 1558 1826 1597 non

1936 455 2060 518 λους
2088 454 2362 524 ὁρώντων,
2397 453 2670 506 διετέλουν
2693 453 2827 522 πρὸς
2852 452 3012 522 ὄχλου
3042 453 3140 523 τῆς
3165 455 3511 524 ἀποκρίσεως

1934 547 2096 600 ἕνεκα
2138 546 2412 615 γινόμενοι
2448 545 2513 597 ⁸³.
2549 543 2821 596 Είπὸντων
2867 543 2925 596 δὲ
2950 582 2965 607 ,
3011 543 3382 614 Ἀττήλᾳ,’καὶ
3414 548 3511 614 οὐχ

1933 638 2140 708 ἑτέροις
2165 637 2347 705 λέγειν
2377 636 2599 706 βασιλέα
2629 633 3163 704 παρακελεύσασθαι,
3199 635 3511 705 χαλεπήνας

1931 732 1960 784 ὁ
1995 730 2231 790 Σκόττας
2266 728 2603 797 ἁπεκρίνατο
2649 725 2743 780 -ιοῦ
2788 726 2936 795 σφῶν
2985 726 3164 780 αὐτῶν
3205 729 3511 798 ἡγουμένευ

1933 820 2214 889 ἐπίταγμα
2265 814 2425 873 εἶναι’
2473 821 2534 872 οὺ
2570 818 2679 888 γὰρ
2711 817 2778 872 ἂν
2827 818 3331 891 πολυπραγμοσύνῃ
3388 837 3516 888 σφε.

1930 912 2066 983 τέρᾳ
2093 911 2223 982 παρ’
2250 912 2395 982 ἡμᾶς
2419 909 2758 979 ἐληλυθέναι.
2804 909 3097 979 Φησάντων
3125 910 3182 963 δὲ
3215 912 3292 981 μὴ
3323 911 3513 964 τοῦτον

1933 1003 2025 1056 ἐπὶ
2073 1005 2186 1067 τοῖς
2217 1002 2478 1072 πρέσϐεσι
2529 1003 2740 1054 κεῖσθαι
2772 1001 2862 1054 τὸν
2908 1001 3090 1071 νόμον,
3138 1000 3280 1054 ὥστε
3313 1001 3388 1072 μὴ
3423 1003 3513 1054 ἐν-

1932 1092 2321 1162 τυγχάνοντας,
2387 1093 2522 1163 μηδὲ
2567 1094 2625 1156 ἐς
2684 1091 2806 1161 ὄψιν
2863 1092 3194 1162 ἐρχομένους
3247 1093 3378 1164 παρ’
3416 1093 3512 1157 οὓς

1933 1183 2261 1253 ἐστάλησαν,
2293 1183 2361 1236 δι’
2397 1184 2600 1255 ἐτέρων
2640 1183 3030 1256 ἀνακρίνεσθαι
3061 1178 3137 1239 ὧν
3180 1178 3341 1238 ἕνεκα
3373 1199 3508 1256 πρε-

1936 1273 2232 1338 σϐεύοιντο,
2271 1274 2362 1327 καὶ
2416 1275 2575 1327 τοῦτο
2627 1275 2761 1344 μηδέ
2809 1275 3006 1338 αὐτοὺς
3053 1277 3266 1342 ἀγνοεῖν
3293 1276 3510 1338 Σκύθας

1935 1361 2142 1431 θαμινὰ
2195 1363 2346 1434 παρὰ
2400 1362 2627 1433 βασιλέα
2683 1363 3178 1434 πρεσϐευομένους·
3205 1365 3399 1435 χρῆναι
3451 1366 3507 1417 δέ

1935 1451 2044 1506 τῶν
2073 1453 2204 1505 ἰσων
2236 1455 2447 1523 κυρεῖν,
2483 1454 2559 1524 μὴ
2590 1454 2697 1526 γὰρ
2745 1455 2920 1518 ἄλλως
2967 1457 3034 1510 τὰ
3086 1460 3184 1526 τῆς
3215 1457 3511 1527 πρεσϐείας

1937 1543 2106 1612 ἐρεῖν·
2140 1543 2216 1605 ὡς
2245 1544 2338 1596 τὸν
2381 1543 2646 1613 Ἀττὴλαν
2685 1541 3004 1609 ἀνέζευξαν,
3035 1546 3130 1598 καὶ
3157 1541 3313 1608 αὖθις
3343 1547 3512 1599 ἐπαν-

251 1642 421 1697 multo
450 1653 570 1712 post
601 1641 718 1695 sine
748 1639 993 1694 Edecone
1021 1637 1251 1704 reversi,
1291 1637 1498 1699 omnia,
1544 1649 1664 1704 qua:
1705 1650 1827 1689 cum

1939 1632 2070 1702 ἧκον
2115 1633 2404 1696 Ἐδέκωνος
2437 1634 2627 1706 χωρὶς,
2661 1635 2753 1687 καὶ
2783 1634 3024 1699 ἅπαντα,
3079 1635 3207 1705 περὶ
3237 1631 3311 1694 ὧν
3344 1639 3511 1707 ἐπρε-

251 1731 358 1787 illis
401 1747 561 1801 agere
589 1732 642 1800 in
675 1731 946 1785 mandatis
987 1728 1344 1791 habebamus,
1379 1727 1652 1792 dixerunt,
1699 1741 1827 1780 eon-

249 1818 560 1891 iestimque,
584 1821 685 1876 nisi
708 1820 834 1890 quid
865 1819 1009 1874 aliud
1068 1819 1222 1872 nobis
1251 1832 1376 1873 cum
1410 1817 1517 1870 illis
1551 1817 1626 1870 rei
1657 1825 1825 1880 esset,

253 1911 531 1966 discedere
585 1910 892 1980 jusserunt.
948 1907 1078 1973 Quae
1108 1907 1200 1961 ubi
1255 1905 1579 1973 audivimus,
1635 1905 1830 1960 animis

251 2003 398 2057 dubii
439 2003 796 2072 suspensique
828 2000 1104 2056 haesimus.
1139 1997 1250 2054 Nec
1288 1999 1430 2052 enim
1465 2000 1598 2053 satis
1628 1986 1830 2052 intelli-

251 2109 380 2162 gere
425 2104 758 2162 poteramus,
823 2106 929 2160 qua
983 2091 1192 2146 ratione
1220 2091 1430 2146 occulta
1485 2091 1829 2158 imperatoris

253 2183 480 2236 consilia
543 2181 806 2252 patefacta
836 2191 1037 2237 essent.
1073 2181 1434 2248 Quamobrem
1470 2181 1650 2249 potius
1711 2195 1832 2236 esse

251 2273 528 2340 duximus,
552 2273 683 2327 nihil
722 2273 1014 2344 quidquam
1047 2273 1113 2326 de
1145 2271 1414 2327 mandatis
1435 2272 1638 2327 nostris
1669 2270 1829 2327 effer-

256 2378 332 2427 re,
357 2365 672 2433 priusquam
704 2365 859 2420 nobis
874 2363 1094 2417 Attilam
1117 2363 1348 2418 adeundi
1371 2370 1609 2430 potestas
1637 2361 1826 2418 lieret:

254 2459 437 2528 itaque
493 2458 907 2527 respondimus:
971 2457 1097 2512 Sive
1124 2471 1212 2520 ea,
1251 2470 1371 2525 quae
1419 2453 1632 2523 Scythze
1670 2456 1830 2509 modo

254 2548 614 2617 protulerunt,
645 2547 762 2604 sive
800 2546 902 2602 alia
936 2545 1236 2600 nuntiaturi
1294 2542 1627 2608 venerimus,
1659 2542 1831 2596 nemi-

256 2653 378 2693 nem
427 2639 528 2694 nisi
564 2641 756 2694 ducem
787 2645 1026 2692 vestrum
1063 2648 1308 2704 quaerere
1339 2633 1516 2698 decet,
1545 2647 1722 2703 neque
1764 2637 1833 2689 de

256 2729 340 2782 his
401 2744 522 2782 cum
576 2727 700 2782 aliis
738 2728 846 2781 ullo
896 2734 1056 2795 pacto
1109 2724 1380 2780 disserere
1427 2725 1829 2780 constituimus.

256 2826 334 2879 Illi
364 2841 490 2879 vero
527 2840 624 2880 nos
660 2839 820 2895 quam
873 2822 1110 2892 primum
1171 2821 1320 2876 abire
1341 2820 1638 2890 jusserunt.
1695 2820 1830 2875 Dum

255 2917 486 2970 reditum
536 2917 880 2985 parabamus,
936 2913 1134 2981 Bigilas
1196 2925 1294 2966 nos
1347 2921 1565 2981 propter
1608 2925 1833 2980 respon-

1939 1724 2266 1794 σϐευόμεθα,
2321 1726 2545 1793 ἔλεγον,
2603 1727 3036 1797 προστάττοντες
3091 1729 3190 1799 τὴν
3243 1731 3511 1798 ταχίστην

1936 1817 2175 1878 ἀπιέναι.
2214 1819 2263 1870 εί
2299 1818 2374 1888 μὴ
2409 1818 2571 1886 ἕτερα
2606 1818 2833 1887 φράζειν
2868 1819 3105 1890 ἔχοιμεν.
3158 1820 3282 1873 Ἐπὶ
3315 1819 3371 1873 δέ
3397 1823 3512 1884 τοῖς

1935 1908 2171 1978 λεχθεῖσι
2205 1909 2365 1963 πλέον
2388 1910 2466 1962 ἔτι
2499 1908 2832 1980 ἀποροῦντες
2861 1911 2906 1944 ⁸⁸
2936 1913 3019 1981 (οὐ
3053 1912 3161 1983 γὰρ
3186 1908 3254 1982 ἦν
3284 1914 3505 1982 ἐφικτὸν

1936 2000 2222 2070 γινώσκειν
2274 2003 2422 2065 ὅπως
2473 2002 2673 2073 ἔκδηλα
2700 2004 2944 2072 ἐγεγόνει
2973 2007 3042 2058 τὰ
3077 2005 3215 2058 θεῶν
3251 2005 3509 2075 παράϐυ-

1939 2111 2041 2148 στα
2071 2096 2116 2127 ⁸⁸
2143 2095 2437 2165 δεδογμένα
2463 2095 2713 2166 βασιλεῖ),
2759 2096 3062 2167 συμφέρειν
3091 2098 3370 2170 ἡγούμεθα
3403 2117 3508 2170 μη-

1937 2185 2027 2238 δὲν
2063 2185 2190 2254 περὶ
2240 2184 2342 2253 τῆς
2386 2184 2683 2255 πρεσϐείας
2712 2185 3136 2257 ἀποκρίνεσθαι,
3194 2189 3243 2240 εί
3301 2187 3374 2259 μὴ
3411 2189 3512 2258 τῆς

1941 2275 2091 2344 παρὰ
2120 2273 2210 2327 τὸν
2261 2274 2526 2345 Ἀττηλαν
2577 2275 2784 2328 εἰσόδου
2818 2273 3096 2346 τύχοιμεν.
3157 2280 3248 2330 Διὸ
3277 2279 3506 2347 ὲφάσκοο

1949 2381 2067 2433 μεν,
2101 2365 2212 2417 εἴτε
2241 2364 2309 2416 τὰ
2341 2365 2608 2435 εἰρημένα
2634 2367 2748 2428 τοῖς
2775 2365 3031 2430 Σκύθαις,
3079 2367 3190 2420 εἴτε
3223 2368 3316 2422 καὶ
3346 2368 3510 2435 ἕτερα

1937 2455 2146 2526 ἥκομεν
2176 2455 2621 2526 πρεσϐευόμενοι,
2663 2458 2758 2511 τοῦ
2795 2460 2947 2528 σφῶν
2968 2459 3148 2512 αὐτῶν
3202 2460 3510 2531 ἡγουμένου

1938 2545 2037 2615 τὴν
2065 2546 2257 2599 πεῦσιν
2289 2542 2449 2613 εἶναι,
2491 2550 2584 2601 καὶ
2622 2549 2887 2619 μηδαμῶς
2918 2549 3096 2613 ἄλλοις
3126 2549 3320 2603 τούτου
3347 2549 3510 2619 χάριν

1939 2636 2403 2708 διαλεχθήσεσθαι.
2437 2639 2499 2691 Οἱ
2531 2639 2589 2691 δὲ
2633 2641 2778 2710 ἡμᾶς
2821 2641 3163 2712 παραχρῆμα
3212 2644 3511 2712 ἀναχωρεῖν

1942 2729 2324 2796 προσέταττον.
2363 2731 2450 2783 Ἐν
2480 2735 2802 2802 παρασκευῇ
2829 2732 2886 2786 δέ
2915 2735 3013 2804 τῆς
3030 2733 3150 2786 ὁδοῦ
3188 2734 3511 2803 γενομένους

1940 2821 2038 2888 τῆς
2077 2820 2422 2889 ἀποκρίσεως
2464 2821 2610 2891 ἡμᾶς
2651 2823 2680 2874 ὁ
2713 2822 2936 2890 Βιγίλας
2975 2824 3375 2895 κατεμέμφετο,
3419 2826 3512 2877 ἐπὶ

1939 2910 2124 2981 ψεύδει
2152 2913 2198 2944 ⁶⁶
2250 2911 2452 2965 ἁλῶναι
2507 2913 2726 2982 ἄμεινον
2766 2913 2938 2981 λέγων
2971 2914 3002 2985 ἢ
3032 2915 3342 2985 ἀπράκτους
3377 2915 3510 2968 ἀνα-

255 3011 466 3066 sionem
500 3009 720 3080 Scythis
757 3009 952 3063 factam
985 3007 1286 3077 increpavit
1317 3024 1332 3060 :
1362 3007 1520 3077 longe
1549 3004 1694 3060 enim
1738 3019 1831 3076 po-

1941 3005 2160 3074 χωρεῖν.
2197 3023 2215 3056 t
2243 3004 2306 3056 Ei
2338 3004 2448 3074 γὰρ
2478 3004 2533 3066 ἐς
2562 3003 2750 3071 λόγους
2776 3003 2856 3074 τῷ
2899 3004 3127 3076 ’Δττήλᾳ
3156 3005 3365 3073 ἔτυχον,
3407 3022 3513 3073 φη-

255 3101 362 3154 tius
413 3099 578 3154 fuisse
607 3098 661 3152 in
704 3097 988 3154 mendacio
1049 3096 1400 3168 deprehendi,
1437 3111 1600 3166 quam
1627 3109 1686 3150 re
1748 3095 1829 3149 in-

254 3190 393 3245 fecta
431 3190 649 3245 domum
682 3190 899 3246 reverti.
940 3207 960 3240 ι
992 3189 1048 3244 Si
1083 3189 1246 3254 enim,
1282 3189 1476 3260 inquit,
1503 3203 1626 3244 cum
1664 3188 1830 3244 Attila

255 3279 548 3337 collocutus
596 3278 844 3348 fuissem,
901 3279 1061 3335 facile
1113 3280 1189 3334 illi
1229 3294 1260 3333 a
1313 3280 1663 3334 contentione
1706 3294 1830 3334 cum

258 3373 512 3427 Romanis
559 3373 845 3427 discedere
882 3370 1297 3440 persuasissem,
1329 3371 1528 3439 quippe
1555 3373 1647 3439 qui
1673 3378 1829 3425 antea

259 3464 677 3517 familiaritatem
705 3477 830 3517 cum
879 3462 970 3516 illo
1011 3463 1063 3515 in
1107 3460 1376 3529 legatione
1413 3474 1535 3516 cum
1581 3460 1833 3516 Anatolio

257 3563 505 3623 suscepta
542 3553 806 3608 contraxi.
844 3569 866 3605 ι
898 3553 1076 3622 Atque
1125 3552 1248 3607 inde
1275 3552 1576 3607 Edeconem
1618 3566 1833 3622 quoque

259 3647 395 3699 bene
425 3643 528 3698 sibi
575 3643 710 3698 velle
761 3643 919 3708 dixit,
957 3643 1184 3711 ideoque
1220 3641 1402 3712 specie
1441 3642 1724 3711 legationis
1779 3651 1832 3696 et

258 3748 470 3799 eorum,
501 3748 621 3803 quae
650 3749 776 3788 vere
799 3741 893 3788 aut
922 3730 1062 3788 falso
1097 3732 1294 3788 dicturi
1321 3741 1526 3795 essent,
1561 3747 1663 3802 ope
1691 3732 1830 3786 viam

259 3840 317 3879 se
347 3827 810 3880 inventuros‘cssc
839 3826 1098 3896 speravit,
1133 3839 1240 3894 qua
1259 3823 1588 3894 compositas
1608 3823 1662 3877 in
1688 3823 1831 3877 Atti-

260 3915 364 3968 lam
394 3916 619 3972 insidias
645 3927 1095 3986 cxsequerentur,
1133 3925 1187 3972 et
1217 3931 1432 3982 aurum,
1477 3931 1586 3984 quo
1614 3915 1830 3970 Edecon

259 4006 358 4060 sibi
379 4005 445 4060 ad
471 4021 591 4062 eam
647 4022 759 4062 rem
785 4023 920 4079 opus
948 4022 1068 4064 esse
1115 4007 1363 4064 eunucho
1389 4008 1620 4070 dixerat,
1671 4006 1834 4061 alier-

261 4102 429 4162 retur,
471 4097 615 4166 quod
649 4099 814 4154 certis
853 4099 1164 4154 hominibus
1194 4098 1549 4154 divideretur.
1603 4097 1708 4153 Sed
1741 4097 1834 4151 Bi-

260 4186 422 4254 gilam
467 4187 687 4251 latebat,
731 4204 790 4245 se
837 4190 1107 4257 proditqu
1153 4205 1168 4241 :
1229 4189 1441 4243 Edecon
1489 4188 1657 4250 enim,
1717 4187 1834 4242 sive

259 4279 510 4336 simulate
550 4295 674 4336 cum
721 4283 969 4336 eunucho
1029 4290 1239 4350 pactus,
1285 4280 1400 4334 sive
1447 4279 1600 4333 utah
1640 4275 1834 4333 Oreste

1941 3093 2047 3157 σὶν,
2075 3092 2364 3160 ἐληλυθὼς,
2398 3093 2712 3146 ἐπεπείκειν
2746 3094 2943 3164 ῥᾳδίως
2974 3096 3040 3148 ἂν
3064 3094 3227 3149 αὑτὸν
3252 3095 3352 3157 τῆς
3378 3095 3512 3165 πρὸς

1949 3179 2246 3251 Ῥωμαίους
2286 3183 2586 3250 ἀποστῆναι
2633 3182 2919 3254 διαφορᾶς,
2967 3179 3056 3236 οἷα
3092 3183 3157 3254 δὴ
3203 3183 3514 3254 ἐπιτήδειος

1939 3272 2087 3342 αύτῷ
2115 3274 2172 3326 ἐν
2209 3276 2274 3344 τῇ
2322 3275 2465 3327 κατὰ
2505 3274 2808 3328 Ἀνατόλιον
2849 3273 3116 3346 πρεσϐείᾳ
3145 3275 3454 3343 γενόμενος.
3488 3293 3507 3324 ι

1940 3364 2124 3418 Ταῦτα
2174 3367 2216 3397 ⁶⁷
2286 3365 2479 3418 εὔνουν
2537 3366 2688 3436 αὐτῷ
2739 3368 2833 3420 τὸν
2887 3368 3152 3420 Ἐδέκωνα
3210 3368 3511 3438 ὑπάρχειν’

1939 3451 2081 3505 ὥστε
2135 3454 2280 3524 λόγῳ
2326 3454 2427 3523 τῆς
2470 3455 2766 3524 πρεσϐείας
2805 3457 2898 3508 καὶ
2943 3456 3052 3510 τῶν
3081 3455 3353 3520 ὁπωσοῦν,
3402 3458 3513 3509 εἴτε

1940 3544 2181 3615 ἀληθῶς,
2231 3547 2342 3598 εἴτε
2372 3546 2601 3611 ψευδῶς,
2636 3547 3026 3620 ῥηθησομένων
3068 3548 3391 3618 προφάσεως
3418 3565 3514 3600 τυ-

1941 3641 2055 3708 χεῖν
2090 3639 2182 3690 ἐπὶ
2237 3638 2315 3707 τῷ
2367 3639 2762 3710 βουλεύσασθαι
2817 3641 2945 3711 περὶ
2986 3643 3095 3694 τὼν
3153 3642 3335 3704 αὐτοῖς
3391 3641 3518 3693 κατ’

1953 3729 2185 3800 Ἀττήλα
2231 3730 2588 3800 δεδογμένων,
2624 3732 2720 3784 καὶ
2764 3733 2912 3794 ὅπως
2948 3731 3010 3786 τὸ
3049 3731 3294 3802 χρυσίον,
3341 3725 3516 3802 οὗπερ

1941 3820 2148 3892 ἔφασκε
2175 3822 2385 3876 δεῖσθαι
2415 3825 2442 3876 ὁ
2481 3824 2734 3887 Ἑδέκων,
2767 3825 2991 3894 κομίσαι
3013 3824 3074 3877 τὸ
3101 3824 3146 3856 ⁸⁸
3181 3823 3517 3893 διανεμηθη-
3593 3863 3604 3884 ,

1941 3914 2168 3984 σόμενον
2219 3916 2566 3986 ταττομένοις
2631 3915 2880 3987 ἀνδράσι.
2932 3915 3329 3986 Προδεδομένος
3363 3915 3406 3946 ⁸⁸
3457 3915 3513 3967 δὲ

1939 4003 2182 4074 ἐλελήθει
2204 4003 2270 4057 ⁷ο.
2319 4004 2376 4056 Ὀ
2406 4004 2512 4074 γὰρ
2546 4004 2800 4070 ’Βδέκων,
2827 4007 2935 4059 εἴτε
2959 4006 3093 4077 δόλῳ
3122 4004 3512 4075 ὑποσχόμενος,

1941 4093 2052 4145 εἴτε
2085 4096 2178 4147 καὶ
2207 4095 2297 4147 τὸν
2330 4094 2592 4164 Ὀρέστην
2624 4094 2970 4165 εὐλαϐηθεὶς,
3002 4098 3077 4166 μὴ
3106 4099 3164 4160 ές
3204 4097 3296 4150 τὸν
3322 4097 3517 4166 ’Λττή-

1941 4186 2040 4238 λαν
2090 4187 2288 4255 ἀγάγοι
2342 4187 2486 4253 ειπερ
2533 4188 2666 4258 ἡμῖν
2708 4188 2768 4242 ἐν
2818 4191 2886 4260 τῇ
2942 4189 3167 4261 Σερδικῇ
3235 4191 3374 4260 μετὰ
3419 4189 3519 4260 τὴν

1941 4275 2183 4330 ἐστίασιν
2230 4276 2464 4346 εἰρήκει,
2507 4277 2566 4329 ἐν
2619 4279 2766 4350 αἰτίᾳ
2797 4281 2838 4311 ⁷⁸
2890 4281 3210 4351 ποιούμενος
3250 4284 3312 4335 τὸ
3347 4283 3518 4353 χωρὶς

259 4371 361 4427 sibi
389 4381 630 4438 caveret,
688 4389 756 4429 nc
788 4373 859 4428 ob
890 4387 1010 4428 eam
1078 4387 1296 4428 causam
1317 4413 1332 4436 ,
1359 4385 1480 4440 quae
1527 4372 1580 4426 in
1613 4372 1831 4428 Serdica

1943 4365 2108 4420 αὐτοῦ
2145 4366 2354 4438 βασιλεῖ
2387 4369 2482 4422 καὶ
2518 4368 2596 4440 τῷ
2622 4349 2862 4442 εὐνούχῳ
2891 4373 2948 4436 ἐς
2976 4349 3168 4442 λόγους
3195 4349 3515 4445 αὐτὸν-ἐλη-

259 4464 405 4520 inter
442 4466 767 4520 cmnandum
805 4466 961 4521 nobis
1009 4464 1363 4531 indicaverat,
1397 4465 1567 4519 iratus
1597 4465 1664 4519 ad
1691 4464 1838 4518 Atti-

260 4556 364 4609 lam
388 4555 651 4623 del‘erret,
681 4559 822 4628 quod
869 4558 987 4614 sine
1013 4571 1073 4612 se
1120 4564 1364 4612 secretos
1397 4570 1679 4612 sermones
1713 4573 1838 4612 cum

260 4647 592 4715 imperatore
610 4656 664 4701 et
684 4649 928 4703 eunucho
955 4648 1248 4715 habuisset,
1270 4647 1448 4703 Attila:
1469 4657 1840 4718 comparatam

261 4737 313 4790 in
347 4737 523 4806 ipsum
552 4737 983 4808 coniurationem
1031 4740 1264 4810 aperuit,
1304 4747 1360 4795 et
1399 4741 1517 4794 auri
1549 4756 1843 4815 summam,

258 4843 422 4897 quam
455 4828 508 4884 in
535 4843 654 4885 eam
691 4845 805 4886 rem
856 4832 992 4887 mitti
1028 4841 1379 4901 convenerat,
1436 4832 1595 4888 simul
1643 4843 1699 4889 et
1749 4848 1836 4900 ea,

262 4932 382 4988 quae
408 4933 504 4988 per
523 4934 622 4976 nos
646 4921 700 4976 in
742 4921 842 4976 ista
873 4920 979 4992 52
1029 4921 1295 4990 legatione
1344 4923 1624 4977 tractanda
1657 4932 1836 4986 erant,

261 5010 581 5066 enuntiavit.
626 5008 897 5066 iumentis
941 5012 1055 5081 jam
1092 5011 1370 5067 adornatis
1423 5021 1479 5067 et
1513 5012 1838 5068 necessitate

261 5100 329 5150 ad
359 5098 721 5169 itcrtempore
745 5101 920 5156 noctis
957 5101 1291 5171 carpendum
1324 5081 1525 5167 adacti,
1546 5115 1836 5158 occurrere

262 5205 328 5245 ex
362 5191 640 5258 Barbaris,
675 5191 766 5262 qui
797 5191 1063 5258 dicerent,
1090 5191 1314 5248 Attilam
1342 5193 1531 5260 jubere
1562 5207 1664 5248 nos
1713 5206 1839 5262 pro.

1917 4459 2180 4535 Δλυθέναι,
2232 4460 2572 4532 καταμηνύει
2617 4463 2718 4532 τὴν
2770 4464 3158 4534 μελετηθεῖσαν
3207 4467 3358 4538 αύτῷ
3404 4469 3519 4520 ἐπι-

1941 4550 2138 4621 ϐουλὴν
2163 4552 2336 4605 καὶτὸ
2372 4552 2536 4607 ποσὸν
2577 4553 2670 4607 τοῦ
2707 4555 3238 4628 ἐκπεμφθησομένου
3269 4557 3516 4630 χρυσίου,

1944 4644 2158 4713 ἐκλέγει
2185 4645 2243 4697 δέ
2287 4645 2381 4697 καὶ
2425 4647 2512 4713 ἐφ’
2561 4639 2644 4709 οἷς
2692 4646 2789 4717 τὴν
2821 4648 3120 4717 πρεσϐείαν
3163 4650 3517 4720 ἐποιούμεθα.

1949 4735 2072 4788 Τῶν
2100 4734 2158 4788 δὲ
2193 4735 2429 4806 φορτίων
2467 4734 2570 4805 ἤδη
2617 4738 2732 4800 τοῖς
2781 4737 3098 4806 ὑποζυγίοις
3139 4740 3520 4804 ἐπιτεθέντων,

1945 4826 2040 4880 καὶ
2088 4825 2302 4897 ἀνάγκη
2340 4825 2437 4897 τὴν
2474 4826 2698 4897 πορείαν
2725 4828 2866 4881 κατὰ
2892 4829 2981 4882 τὸν
3009 4831 3106 4898 τῆς
3152 4832 3344 4894 νυκτὸς
3398 4817 3522 4884 καί-

1947 4917 2041 4988 ρὸν
2075 4917 2347 4970 ποιεῖσθαι
2392 4918 2745 4988 πειρώμενοι,
2782 4919 3130 4990 μετεξέτεροι
3163 4921 3271 4975 τῶν
3300 4922 3521 4989 Βαρϐά-

1949 5023 2056 5080 ρων
2083 5010 2514 5079 παραγενόμενοι
2559 5011 2836 5080 ἐπιμεῖναι
2867 5012 3017 5081 ἡμᾶς
3052 5010 3146 5065 τοῦ
3189 5012 3384 5082 καιροῦ
3424 5013 3521 5082 χά-

1945 5117 2030 5170 ριν
2051 5099 2568 5170 παρακελεύσασθαι
2591 5099 2681 5152 τὸν
2710 5100 2974 5168 ’Δττήλαν
3013 5103 3221 5173 ἔλεγον.
3255 5104 3344 5157 Ἐν
3368 5103 3520 5174 αὐτῷ

1943 5192 2037 5247 οῦν
2065 5194 2143 5266 τῷ
2197 5192 2404 5263 χωρίῳ,
2458 5191 2580 5246 ὅθεν
2627 5194 2720 5246 καὶ
2770 5193 3150 5267 διανέστημεν,
3202 5190 3338 5268 ἧκον
3386 5198 3519 5268 ἡμῖν

1544 5349 1776 5406 VARUE
1842 5351 2248 5410 LECTIONES.

347 5468 394 5546 ξ’
427 5470 710 5546 γενόμενοι
733 5470 880 5546 vulg.
900 5540 912 5546 Α
960 5471 1013 5546 “_
1028 5470 1112 5546 ξτι
1140 5470 1469 5546 ᾁποροῦντες
1499 5471 1592 5546 B.,_
1624 5466 2202 5546 ἐπαποροῦντεςνιιιε.
2276 5473 2320 5505 ⁸⁸
2349 5472 2420 5546 τὰ
2444 5475 2502 5546 ἐν
2541 5473 2880 5546 παραϐύστῳ
2917 5473 3140 5546 N.,_pro
3160 5472 3229 5546 τὰ
3253 5471 3394 5546 Oeva
3419 5489 3518 5526 πα-

265 5537 389 5612 ράσ.
441 5537 699 5612 ’ξέψεύδε
736 5537 854 5612 (21.;
885 5540 1055 5612 ψευδῆ
1079 5542 1224 5612 vulg.

1305 5542 1352 5616 "'_
1379 5543 1468 5616 δια
1490 5542 1678 5616 ,ταῦτα
1707 5542 2003 5616 ΙΙ.,’ταῦτα
2035 5545 2100 5616 [δ’
2129 5542 2602 5616 ἐλεγενμέλπίξων]
2627 5542 2826 5616 εύνουν
2847 5542 2998 5615 conj.
3097 5612 3112 5616 _
3156 5542 3522 5616 “mopioattn

264 5605 403 5684 διανε
441 5605 620 5684 yales.
646 5605 1058 5684 μειερδιανεμζ
1090 5605 1226 5684 [τοῖς
1263 5613 1354 5666 ὑπ’
1384 5611 1570 5684 αὐτὸν]
1596 5629 1748 5684 ταττ.
1778 5605 1925 5682 conj.
1965 5613 2023 5667 Β.

2131 5613 2176 5643 θ’
2205 5612 2602 5684 προδεδόμενος
2640 5613 2844 5684 Vales.,
2888 5612 3315 5684 προσδεδομένοέ
3371 5614 3516 5683 Will-

265 5675 314 5706 "
356 5675 601 5743 ἐλελήθει
646 5679 730 5746 Β.,
766 5675 1011 5734 ἐλελύθεί
1044 5675 1186 5753 vulg.
1264 5685 1307 5714 '“
1340 5685 1396 5735 ὲν
1434 5675 1581 5754 αξτξξι
1611 5675 2116 5750 (ἰαιιιοριηέναντία
2143 5675 2287 5753 γυιέ.
