2028 3105
187 137 242 170 ’113

572 135 621 165 DE
641 133 921 165 LEGATIONIBUS
941 133 1185 165 ROMANORUM
1205 135 1255 164 AD
1276 133 1434 166 GENTES.

1756 130 1809 162 7ll

189 194 251 229 βοῦν
266 191 380 227 ἄγοντές
394 200 466 223 τινες
486 191 532 218 καὶ
550 191 700 226 ποταμίους
726 191 819 226 ἰχθύας
835 191 909 227 παρὰ
924 191 970 218 τοῦ

1034 196 1083 218 iter
1093 196 1198 225 tempus
1206 192 1292 219 noctis
1302 190 1518 226 intempestivum
1532 196 1682 217 remanere.
1695 188 1723 215 In
1735 196 1812 216 eum-

189 237 308 274 Ἀττήλα
321 233 551 272 διαπεμφθέντας.
572 237 770 272 Δειπνήσαντες
786 236 833 264 οὖν
850 237 878 268 ις
893 237 976 264 ὕπνον

189 285 361 320 ἑτράπημεν.
381 282 503 317 Ἡμέρας
516 282 544 309 δὲ
557 282 704 317 γενομένης
720 281 829 317 ᾠόμεθα
845 283 895 317 μὲν
905 283 976 317 ἦμε-

191 331 236 366 ρόν
250 338 274 356 τι
288 329 337 356 καὶ
349 329 437 363 πρᾶον
450 328 525 362 παρὰ
540 328 586 354 τοῦ
599 328 744 363 Βαρϐἀρου
760 328 976 363 μηνυθὴσεσθαι·

189 377 203 403 ὁ
228 376 256 403 δὶ
269 375 349 402 πάλιν
364 375 426 404 τοὺς
454 374 552 406 αὐτοὺς
577 374 695 408 ἔπεμπε,
721 374 977 410 παρακελευόμενος

191 422 311 453 ἀπιέναι,
337 419 422 455 εῑιμὴ
445 420 555 454 ἔχοιμεν
584 428 610 446 τι
628 420 703 454 παρὶ
721 420 755 446 τὰ
776 421 867 452 αὐτοῖς
890 421 976 454 ὲγνω-

193 468 282 502 σμένα
306 467 404 500 λέγειν.
425 466 508 492 Οὐδὲν
526 466 572 492 οὖν
599 466 812 501 ἀποκρινάμενοι
839 467 905 501 πρὸς
929 466 978 501 τὴν

194 516 253 541 ὁδὸν
268 512 543 548 παρασκευαζόμεθα,
565 512 664 547 καίπερ
680 512 726 539 τοῦ
749 511 844 545 Βιγίλα
859 512 979 546 διαφιλο-

194 561 345 591 νεικοῦντος
360 560 450 593 λέγειν
462 557 532 585 εἶναι
552 559 599 585 καὶ
615 559 695 592 ἕτερα
711 559 775 593 ἡμῖν
793 558 976 593 ῥηθησόμενα.

201 607 244 633 Ἐν
259 607 342 641 πολλῇ
366 606 395 632 δὲ
411 605 548 640 κατηφείᾳ
569 605 614 631 τὸν
637 605 787 639 Μαξιμῖνον
804 604 875 637 ἰδὼν,
891 614 978 638 παρα-

194 651 282 678 λαϐὼν
299 651 465 678 Ῥουατίκιον
478 650 688 684 ἐξεπιστάμενον
701 650 750 685 τὴν
760 650 908 685 Βαρϐάρων
922 659 978 685 φω-

194 697 252 731 νὴν,
267 691 296 726 ὃς
319 696 366 722 σὺν
385 696 448 729 ἡμῖν
469 695 514 720 ἐπὶ
532 694 580 729 τὴν
606 694 741 729 Σκυθικὴν
764 694 888 729 ἐληλύθει
900 710 933 714 -
948 695 978 721 οὑ

193 742 242 775 τῆς
258 740 405 775 πρεσϐείας
427 739 506 766 ἕνεκα
526 739 592 766 ἀλλά
611 740 680 766 κατὰ
706 740 804 773 πρᾶξίν
832 749 892 766 τινα
912 740 979 774 πρὸς

195 787 395 816 Κωνστάντιον.
417 785 446 811 ὃν
468 785 623 819 Ἰταλιώτην
647 785 711 810 ὄντα
737 785 901 819 ὑπο-γραφέα
921 785 980 810 ’Δις-

194 833 262 866 τήλα
278 831 444 858 ἀπεστάλκει
464 830 566 861 ’Δέτιος
585 831 597 856 ὸ
615 830 668 855 τῶν
682 829 815 863 ἐσπερίων
837 829 979 863 Ῥωμαίων

196 877 399 912 στρατηγὸς,-
417 877 491 910 παρά
516 876 561 902 τὸν
583 876 700 901 Σκὸτταν
726 875 923 909 ἀφικνούμενος
939 875 979 908 (οὐ

196 923 250 957 γὰρ
266 922 426 957 Ὀνηγήσιος
440 920 590 955 τηνικαῦτα
607 920 718 954 παρῆν),
739 920 784 946 καῖ
800 919 880 945 αὑτὸν
897 927 981 953 προσ-

197 968 280 995 ειπὼν
310 968 356 1001 ὑφ’
393 968 506 1002 ἑρμηνεῖ
535 966 572 1000 τῷ
604 966 761 1000 Ῥουστικίῳ
786 965 878 998 ἔλεγον
908 965 982 1000 δῶρα

198 1015 309 1041 πλεῖστα
321 1014 396 1049 παρὰ
410 1013 456 1039 τοῦ
473 1012 625 1047 Μαξιμίνου
649 1011 791 1046 λήψεσθαι,
808 1012 887 1047 εἴπερ
902 1012 982 1038 αὑτὸν

201 1058 249 1095 τῆς
279 1060 350 1092 παρὰ
378 1059 423 1085 τον
445 1058 575 1092 Ἀττήλαν
597 1058 618 1073 ⁷²
644 1057 748 1084 εἰσόδου
776 1058 982 1092 παρασκευάσω

199 1107 298 1140 τυχεῖν.
322 1106 377 1139 Την
401 1104 455 1139 γὰρ
477 1104 558 1130 αὑτοῦ
580 1103 727 1138 πρεσϐείαν
753 1104 782 1129 οὐ
809 1104 888 1138 μόνον
916 1104 982 1130 Ῥω-

199 1151 289 1185 μαίοις
303 1151 349 1176 καὶ
365 1149 475 1180 Οὔννοις
495 1149 636 1181 ξυνοίσειν,
661 1149 728 1175 ἀλλὰ
752 1149 798 1174 καὶ
820 1149 982 1183 ὐνηγησὶῳ,

197 1197 226 1222 ὃν
242 1197 305 1231 παρ’
323 1195 404 1223 αὐτὸν
430 1195 543 1230 βασιλέα
558 1195 580 1210 ’¹³
598 1195 665 1221 ἰέναι
681 1194 802 1229 βούλεται
821 1195 867 1221 καὶ
883 1195 915 1221 τὰ
928 1197 983 1226 τοῖς

198 1242 285 1268 ἔθνεσι
309 1240 495 1276 διευκρινῆσαι
512 1240 650 1274 ἀμφίϐολα
663 1249 670 1256 ⁸
699 1240 863 1274 ἀφικόμενον
892 1240 919 1278 δὲ
937 1249 984 1275 με-

198 1289 298 1321 γίςιτων
312 1287 454 1321 τεύξεσθαι
468 1287 586 1322 δωρεῶν.
608 1287 714 1321 Χρῆναι
728 1284 774 1312 οὖν
798 1285 834 1320 μὴ
852 1287 983 1322 παρόντος

205 1333 363 1368 ὀνηγησίου
379 1334 456 1368 ἡμῖν,
479 1332 580 1368 μᾶλλον
597 1332 624 1358 δὲ
639 1331 762 1367 τάδελφῷ
777 1332 822 1358 ἐπὶ
838 1333 870 1367 τῇ
894 1333 982 1367 ἀγαθῇ

199 1379 429 1413 συναγωνίζεσθαι
454 1379 563 1413 πράξει.
582 1378 728 1404 Πείθεσϐαι
747 1378 774 1404 δὲ
792 1378 839 1404 καὶ
853 1378 925 1412 αὐτῷ
939 1378 983 1404 τὸν

213 1425 336 1460 Δττήλαν
351 1424 539 1459 μεμαθηκέναι
553 1424 643 1457 ἔλεγον
654 1432 660 1438 ”
678 1423 728 1449 οὐκ
749 1423 777 1448 ὲν
797 1423 864 1457 ἀκοῇ
881 1423 908 1448 δὲ
923 1422 983 1448 ἐσε-

201 1471 262 1497 σθαι
282 1470 398 1505 βεϐαίως
423 1470 457 1497 τὰ
472 1469 532 1496 κατ’
555 1469 647 1500 αὑτὸν,
666 1470 689 1495 εἰ
712 1469 748 1503 μή
774 1477 805 1501 γε
827 1468 908 1503 πείρᾳ
935 1468 983 1503 τὴν

200 1516 282 1543 αὑτοῦ
299 1516 375 1551 γνοίη
386 1517 410 1532 ⁷⁸
430 1515 555 1550 δύναμιν.
577 1515 605 1541 Ὁ
619 1514 646 1540 δὲ
659 1514 801 1541 ὑπολαϐὼν
818 1515 916 1549 μηκέτι
932 1515 983 1548 ἀμ·
997 1529 1018 1558 C

143 1558 147 1563 ’
200 1563 326 1598 φιϐόλους
351 1559 422 1589 εἶναι
448 1561 499 1595 ἔφη
523 1561 568 1588 τοῦ
594 1561 744 1597 καὶαὺτὸν
770 1560 815 1587 [σα
829 1559 866 1594 τῷ
879 1560 984 1594 ἀδελῳῷ

201 1609 275 1644 παρὰ
295 1608 410 1644 Ἀττηλα
423 1608 446 1623 ⁷⁸
470 1607 558 1641 λέγειν
582 1615 612 1632 τε
632 1607 679 1633 καὶ
701 1607 840 1641 πράττειν.
867 1606 920 1632 Καὶ
935 1615 983 1632 πα-

202 1654 329 1689 ραχρῆμα
343 1654 388 1680 τὸν
404 1654 486 1680 ἵππον
495 1652 598 1684 ἀναϐὰς
615 1652 662 1678 ἐπὶ
678 1651 727 1686 τὴν
748 1652 863 1686 ’Λττήλα
875 1652 984 1686 διήλασε

202 1702 312 1736 σκηνήν.
339 1700 410 1736 Πρὸς
427 1699 455 1726 δὲ
470 1700 519 1726 τὸν
532 1699 684 1733 Μαξιμῖνον
703 1698 856 1724 ἐπανελθὼν
870 1697 984 1724 ἀλύοντα

201 1747 259 1782 ἅμα
276 1746 316 1782 τῷ
339 1746 437 1780 Βιγὶλα
465 1746 513 1772 καὶ
537 1743 750 1780 διαπορούμενον
773 1745 820 1770 ἐπὶ
838 1745 892 1775 τοῖς
919 1743 985 1770 καθ-

201 1790 314 1818 εστῶσιν
327 1790 419 1824 ελεγον
434 1790 453 1817 ἆ
463 1799 492 1816 τε
507 1790 544 1824 τῷ
565 1789 668 1825 Σκόττᾳ
683 1789 833 1824 διείλεγμαι
852 1789 899 1816 καὶ
913 1789 985 1824 ἀπερ

202 1836 266 1872 παρ’
278 1836 359 1863 αὑτοῦ
372 1836 511 1870 ὴκηκόειν,
530 1835 577 1862 καὶ
591 1835 628 1867 ὡς
642 1835 682 1862 δεῖ
694 1835 727 1861 τὰ
743 1835 782 1870 τῷ
796 1835 924 1870 βαρϐάρῳ
941 1836 985 1860 δο-

202 1881 338 1917 θησόμενα
358 1881 578 1917 παρασκευάζειν
600 1880 675 1916 δῶρα
704 1881 751 1908 καὶ
770 1881 805 1906 τὰ
828 1880 902 1915 αὐτῷ
919 1881 984 1915 παρ’

201 1927 281 1963 ἡμῶν
313 1928 487 1964 ῥηθησόμενα
512 1927 728 1960 ἀναλογίζεσθαι.
759 1926 920 1962 Ἀμφότεροι
940 1924 985 1952 οὖν

201 1973 424 2008 ἀναπηδήσαντες
447 1973 503 2007 (ἐπὶ
522 1973 576 2007 γὰρ
598 1971 644 1998 τοῦ
661 1971 775 2005 ἐδάφους
791 1972 838 1998 καὶ
853 1972 902 2006 τῆς
917 1971 986 2002 πόας

202 2018 306 2045 κεῖσθαι
321 2019 390 2053 σφᾶς
411 2017 591 2053 συνέϐαινεν),
610 2017 745 2052 ἐπῄνεσάν
762 2025 791 2043 τε
804 2017 851 2052 τὴν
876 2016 984 2052 πρᾶξιν,

202 2064 249 2090 καὶ
274 2064 336 2095 τοὺς
363 2063 414 2100 ήδη
444 2064 511 2098 μετὰ
533 2063 586 2089 τῶν
608 2062 761 2095 ὑποζυγίων
781 2061 985 2097 ἐξορμήσαντας

202 2109 360 2142 ἀνεκάλουν,
388 2108 434 2136 καὶ
459 2108 637 2143 διεσκέψαντο
665 2108 738 2139 ὅπως
760 2116 789 2134 τε
815 2108 986 2143 προσείποιεν

202 2155 248 2180 τὸν
267 2155 408 2190 Ἀττὴλαν,
423 2155 469 2181 καὶ
486 2155 559 2185 ὅπως
581 2153 655 2188 αὖτῷ
670 2155 704 2181 τά
722 2163 751 2180 τε
765 2153 897 2188 βασιλέως
912 2154 986 2190 δῶρα

1029 238 1089 266 dem
1120 238 1202 273 igitur
1223 238 1322 270 locum,
1357 237 1426 264 unde
1448 236 1698 271 proﬁciscebantur,
1714 240 1812 269 praesto

1028 283 1114 315 luere,
1126 283 1171 317 qui
1190 283 1285 310 bovem
1303 282 1418 317 agebant
1435 286 1464 309 et
1477 281 1566 316 pisces
1579 280 1723 308 ﬂuviatiles
1736 280 1813 307 nobis

1029 329 1062 356 ab
1080 329 1161 356 Attila
1181 329 1276 356 missos
1302 327 1459 355 aﬁ'erebant.
1477 326 1582 354 (Σωτιαιὶ
1598 333 1648 353 nos
1666 326 1812 353 dormitum

1030 373 1201 399 contulimus.
1219 372 1290 399 Luce
1308 377 1367 398 orta
1384 371 1410 398 in
1423 378 1496 405 spem
1513 371 1725 402 adducebamur,
1741 370 1812 396 Atti-

1029 419 1081 445 Iam
1093 425 1122 445 se
1135 419 1168 445 ad
1188 419 1326 445 lenitatem
1349 418 1484 449 datttrum,
1501 421 1528 444 et
1544 417 1649 450 aliquod
1675 416 1740 443 mite
1767 423 1812 442 re-

1030 471 1158 498 sponsum
1183 463 1215 489 ad
1245 471 1294 490 nos
1322 463 1356 490 ab
1372 462 1429 497 ipso
1451 467 1650 489 emanaturum.
1677 461 1722 488 Ille
1748 467 1812 487 vero

1030 510 1117 535 denuo
1129 509 1234 535 eosdem
1258 508 1342 542 misit,
1357 508 1491 542 iussitque
1508 507 1594 540 abire,
1610 507 1631 533 si
1651 507 1716 533 nihil
1739 506 1812 533 aliud

1031 553 1129 587 negotii
1146 572 1153 584 ,
1174 553 1225 579 uisi
1248 554 1319 586 quod
1338 553 1394 587 jam
1425 552 1552 578 omnibus
1577 551 1712 586 cognitum
1733 555 1791 578 erat
1804 571 1812 583 ,

1031 598 1107 624 nobis
1133 604 1193 624 cum
1222 597 1267 624 illo
1285 597 1478 624 intercederet.
1505 595 1582 622 Nullo
1608 596 1669 622 dato
1685 602 1813 629 responso

1031 644 1063 670 ad
1079 643 1130 670 iter
1147 650 1196 670 nos
1210 643 1388 675 accinximus,
1407 641 1457 669 etsi
1477 641 1578 675 Bigilas
1591 641 1663 668 omni
1678 648 1728 673 ope
1748 647 1813 667 con—

1033 689 1163 720 teuderet,
1191 693 1220 714 ut
1235 690 1459 722 responderemus
1489 694 1538 713 nos
1557 685 1608 713 alia
1636 685 1748 712 dicenda
1764 685 1815 711 Ita-

1031 734 1104 760 bcre.
1127 732 1182 766 Ego
1202 740 1265 760 vero
1291 741 1351 759 cum
1373 732 1547 759 Maximinum
1573 739 1688 760 IINBI'OI‘C
1716 730 1815 758 confici

1031 780 1160 811 viderent,
1174 784 1313 813 assumpto
1323 778 1456 811 Rusticio,
1469 779 1513 813 qui
1525 779 1703 805 Barbarorum
1719 777 1816 812 linguae

1033 825 1134 859 peritus
1150 829 1219 856 erat,
1234 830 1261 852 et
1277 824 1415 851 uobiscum
1429 823 1455 850 in
1472 824 1614 858 Scythiam
1627 828 1748 855 venerat,
1762 830 1815 850 non

1034 871 1182 906 legationis,
1213 871 1259 898 sed
1281 871 1390 904 privata:
1412 870 1449 897 rei
1464 877 1556 900 causa,
1574 869 1607 896 ad
1626 868 1814 896 Constantium

1033 911 1064 944 ex'
1078 917 1152 943 Italia
1169 917 1325 946 oriundum,
1350 923 1428 949 quem
1441 915 1473 941 ad
1485 914 1596 942 Attilam
1615 914 1720 945 Aetius.
1737 914 1816 942 Occi-

1032 964 1178 991 dentalium
1198 963 1380 989 Romanorum
1398 963 1462 994 dux,
1479 967 1507 988 ut
1520 961 1556 988 illi
1575 961 1609 988 ab
1621 961 1743 995 epistolis
1770 969 1814 988 es—

1033 1015 1082 1042 set,
1099 1011 1220 1041 miserat,
1239 1008 1359 1036 Scottam
1378 1007 1430 1035 adii
1459 1007 1520 1043 (nec
1543 1007 1614 1034 enim
1636 1008 1729 1033 aderat
1742 1006 1814 1033 One-

1033 1056 1142 1089 gcsius),
1171 1059 1198 1082 et
1227 1061 1287 1081 eum
1316 1054 1360 1081 illo
1384 1061 1431 1088 per
1459 1053 1610 1081 Rusticium
1638 1053 1814 1087 interpretem

1033 1102 1192 1132 collocutus,
1205 1108 1265 1128 eum
1282 1100 1394 1134 plurima
1410 1099 1478 1125 dona
1497 1106 1511 1125 a
1526 1098 1672 1125 Maximino
1696 1098 1815 1125 laturum

1033 1147 1097 1178 dixi,
1125 1147 1148 1173 si
1170 1146 1206 1173 illi
1221 1146 1309 1173 aditus
1325 1146 1357 1171 ad
1375 1144 1484 1171 Attilam
1503 1144 1606 1178 copiam
1631 1143 1734 1171 faceret
1750 1152 1756 1170 :
1776 1144 1815 1170 Ie-

1033 1197 1122 1227 gatum
1140 1193 1211 1219 enim
1226 1191 1316 1218 venire
1330 1191 1361 1218 de
1373 1191 1464 1222 rebus,
1477 1197 1537 1224 qua:
1552 1197 1603 1216 non
1618 1190 1704 1216 solum
1718 1189 1816 1216 Iioma-

1034 1239 1074 1264 uis
1089 1243 1115 1264 ot
1130 1237 1234 1264 llunnis
1251 1238 1394 1263 maximam
1415 1241 1506 1263 essent
1521 1236 1661 1262 utilitatem
1683 1235 1814 1267 allatum,

1033 1285 1079 1311 sed
1095 1284 1175 1311 etiam
1188 1283 1237 1317 ipsi
1254 1282 1397 1318 Onegesio.
1408 1281 1598 1316 Imperatorem
1612 1281 1683 1308 enim
1693 1288 1815 1315 poscere,
1844 1312 1850 1318 κ

1034 1331 1107 1358 illum
1124 1331 1156 1357 ad
1172 1338 1201 1357 se
1216 1330 1330 1364 legatum
1342 1329 1375 1355 ab
1392 1327 1476 1355 Attila
1494 1327 1574 1360 mitti,
1592 1327 1636 1362 qui
1657 1328 1816 1362 dijudicaret

1034 1377 1232 1403 controversias
1247 1375 1318 1402 inter
1334 1379 1477 1409 utramque
1490 1378 1608 1409 gentem,
1626 1374 1697 1400 unde
1709 1374 1815 1401 nonnisi

1034 1422 1187 1457 ingentibus
1198 1422 1275 1448 donis
1288 1421 1438 1448 cumulatus
1449 1425 1522 1448 esset
1533 1420 1677 1448 rediturus.
1686 1419 1816 1455 Oportere

1035 1467 1116 1501 igitur
1144 1466 1228 1497 illum,
1247 1474 1306 1493 cum
1338 1465 1487 1501 Onegesius
1512 1473 1566 1494 non
1594 1466 1675 1498 adsit,
1703 1466 1729 1493 in
1762 1471 1816 1492 tam

1035 1511 1161 1546 prazclara
1177 1511 1281 1538 actione
1294 1518 1342 1537 nos
1365 1514 1411 1537 aut
1423 1507 1638 1545 potius'fratrcm
1657 1510 1742 1544 ipsum
1767 1511 1816 1537 ad-

1033 1557 1139 1591 juvare.
1163 1556 1194 1583 Et
1213 1557 1262 1591 ipsi
1293 1563 1400 1590 quoque
1427 1555 1538 1582 Attilam
1568 1555 1712 1590 plurimum
1734 1556 1818 1584 ﬂdere

1035 1603 1090 1630 dixi
1106 1610 1148 1629 me
1162 1603 1319 1637 accepisse;
1335 1601 1381 1629 sed
1395 1608 1448 1629 non
1467 1602 1533 1628 satis
1550 1601 1625 1628 [Irma
1639 1609 1699 1629 esse
1714 1602 1816 1635 audita,

1036 1649 1087 1676 nisi
1101 1656 1129 1676 re
1140 1649 1195 1683 ipsa
1209 1653 1302 1675 notum
1317 1647 1419 1675 faceret
1431 1651 1563 1682 quantum
1577 1647 1700 1674 iIIiAttiIa
1716 1647 1815 1674 tribue-

1036 1699 1086 1722 [ιιι.
1104 1694 1191 1729 Atque
1215 1693 1260 1720 ille
1275 1703 1282 1720 :
1298 1702 1308 1718 ι
1327 1692 1366 1719 Ne
1391 1692 1517 1727 amplius,
1541 1692 1639 1727 inquit,
1657 1692 1729 1720 dubii
1747 1693 1816 1720 sitis.

1035 1739 1123 1774 Eque
1140 1747 1171 1766 ac
1187 1739 1270 1765 frater
1285 1738 1356 1773 apud
1369 1738 1478 1765 Attilam
1499 1737 1577 1764 valeo
1589 1738 1759 1770 auctoritate,
1770 1745 1817 1765 seu

1036 1785 1138 1817 verbis,
1167 1793 1213 1812 seu
1233 1785 1304 1812 facto
1322 1791 1390 1818 opus
1405 1789 1455 1812 est.
1477 1793 1486 1810 ι
1503 1783 1535 1811 Et
1552 1791 1665 1812 ascenso
1685 1792 1765 1820 equo,
1785 1785 1817 1811 ad

1035 1830 1124 1857 Attilze
1143 1830 1288 1856 tentorium
1296 1830 1445 1857 contendit.
1459 1829 1513 1864 Ego
1523 1836 1588 1856 vero
1601 1830 1632 1856 ad
1643 1829 1817 1857 Maximinum

1037 1876 1155 1907 rediens,
1175 1875 1220 1910 qui
1233 1883 1284 1901 una
1302 1882 1362 1902 cum
1379 1874 1463 1909 Bigila
1490 1875 1638 1909 angebatur
1665 1876 1765 1906 auritum,
1791 1882 1818 1901 et

1036 1922 1156 1948 incertus
1181 1925 1240 1946 erat
1278 1919 1342 1953 quid
1359 1919 1576 1945 constituendum
1598 1923 1688 1951 esset,
1711 1921 1817 1946 narravi

1037 1973 1185 1998 sermones,
1200 1973 1267 2000 quos
1284 1965 1430 1992 habueram
1451 1971 1512 1990 cum
1530 1963 1634 1996 Scotta,
1662 1970 1689 1991 et
1705 1972 1764 1999 qua:
1785 1967 1818 1991 ab

1037 2012 1096 2047 ipso
1111 2011 1259 2038 audieram.
1269 2011 1356 2044 Atqtte
1365 2008 1431 2036 adeo
1444 2008 1516 2035 illum
1531 2009 1644 2036 excitavi
1661 2011 1694 2037 ad
1713 2017 1818 2045 praapa-

1039 2057 1121 2084 rauda
1139 2063 1266 2087 munera,
1290 2055 1388 2090 quibus
1403 2055 1522 2082 Scoltatn
1541 2060 1770 2086 remuneraretur.
1792 2061 1820 2084 et

1038 2102 1291 2138 prmmeditaudum.
1313 2101 1412 2136 quibus
1427 2100 1516 2128 verbis
1541 2100 1652 2128 Attilam
1679 2101 1819 2129 atl‘aretur.

1040 2149 1223 2176 Surrcxerunt
1247 2147 1329 2182 igitur
1340 2146 1516 2180 (oil‘cuderam
1545 2147 1616 2174 enim
1634 2146 1695 2175 illos
1711 2147 1737 2174 in
1761 2147 1818 2175 solo

203 2200 271 2226 δοῖεν
283 2201 329 2229 καὶ
346 2202 417 2235 ᾇπερ
430 2199 503 2235 αὐτῷ
516 2200 529 2226 ὁ
546 2199 698 2233 Μαξιμῖνος
711 2199 848 2233 ἐκόμιζεν.
862 2200 945 2234 Ἀμφὶ
958 2199 983 2226 δὲ

1040 2194 1153 2223 herbido
1165 2193 1346 2228 jaceutes),et
1362 2199 1470 2227 operam
1486 2200 1500 2218 a
1516 2199 1558 2220 me
1575 2194 1680 2228 egregie
1695 2197 1819 2220 navatam

203 2246 288 2273 ταῦτα
303 2245 484 2280 πονουμένους
503 2245 548 2272 διὰ
560 2245 606 2272 τοῦ
620 2245 721 2271 Σκόττα
733 2246 748 2271 ὁ
768 2244 898 2280 Ἀττήλας
922 2253 987 2280 μετ-

204 2289 345 2324 επέμψατο
357 2291 391 2324 ⁷⁸,
419 2290 465 2317 καὶ
491 2290 558 2325 δῆτα
581 2291 609 2321 ἐς
635 2290 683 2325 τὴν
709 2290 813 2316 ἐκείνου
840 2290 988 2324 παραγινό-

207 2336 275 2370 μιθα
295 2336 330 2367 ⁷⁷,
347 2336 399 2363 ὐπὸ
425 2335 593 2371 βαρϐαρικοῦ
615 2335 707 2371 κύκλῳ
717 2336 739 2351 ⁷⁵
759 2336 988 2371 πεφρουρημένην

206 2381 333 2416 πλήθους.
356 2382 400 2413 '0;
419 2382 448 2408 δὲ
464 2381 567 2408 εἰσόδου
587 2381 731 2416 ἐτύχομεν,
747 2381 863 2416 εὕρομεν
881 2382 926 2407 ἐπὶ
941 2381 987 2414 ξυ-

207 2427 278 2454 λίνου
303 2427 399 2462 δέφρου
423 2427 468 2454 τὸν
488 2427 619 2462 ’Δττήλαν
642 2427 805 2461 καθήμενον.
824 2427 948 2452 Στάντων
959 2427 988 2454 δὲ

205 2474 282 2509 ἡμῶν
306 2474 404 2510 μικρὸν
430 2474 565 2509 ἀπωτέρω
590 2473 636 2500 τοῦ
663 2473 768 2509 θρόνου,
799 2472 954 2507 προσελθὼν
975 2474 989 2499 ὁ

204 2519 355 2555 Μαξιμῖνος
370 2520 515 2554 ἠσπάσατο
528 2519 573 2545 τὸν
587 2519 738 2554 Βάρϐαρον,
753 2518 788 2545 τά
804 2527 833 2544 τε
849 2518 923 2552 παρὰ
942 2517 990 2552 βα-

205 2565 299 2597 σιλέως
314 2566 464 2602 γράμματα
485 2565 547 2597 δοὺς
568 2565 671 2599 ἔλεγεν,
689 2565 726 2597 ὡς
750 2564 804 2591 σῶν
823 2561 893 2591 εἶναι
908 2564 988 2590 αὑτὸν

205 2610 252 2636 καὶ
277 2611 340 2642 τοὺς
366 2611 433 2645 ἀμφ’
461 2610 542 2638 αὑτὸν
568 2610 677 2644 εὔχεται
704 2609 829 2645 βασιλεύς
843 2609 876 2636 ⁷³.
904 2610 932 2636 '0
959 2609 987 2636 δὲ

205 2656 382 2691 ἀπεκρίνατο,
415 2656 524 2683 ἔσεσθαι
550 2657 695 2691 Ῥωμαίοις
726 2656 798 2692 ειπερ
823 2655 897 2691 αὐτῷ
924 2655 987 2691 βού-

1037 2240 1192 2271 Iaudaruut,
1212 2244 1238 2266 et
1263 2246 1320 2271 eos,
1336 2239 1380 2273 qui
1393 2246 1422 2266 se
1444 2238 1498 2272 jaut
1511 2245 1572 2265 cum
1587 2238 1717 2272 iumentis
1731 2239 1820 2266 itineri

1038 2287 1222 2316 acclnxeraut,
1246 2284 1298 2320 53
1317 2289 1490 2312 revocarunt.
1507 2283 1574 2311 Tum
1591 2285 1672 2312 etiam
1687 2292 1739 2320 qua
1758 2292 1821 2313 ora-

1039 2334 1110 2359 tione
1120 2332 1229 2360 Attilam
1247 2333 1466 2367 aggrederentur,
1482 2336 1509 2359 et
1521 2339 1575 2366 quo
1594 2332 1675 2359 modo
1688 2335 1755 2360 dona
1773 2333 1822 2359 itu-

1039 2379 1183 2413 peratoris,
1209 2383 1311 2412 etquae
1334 2377 1496 2405 Maximinus
1514 2378 1571 2412 ipse
1599 2378 1739 2412 afferebat,
1766 2382 1822 2405 tra-

1040 2424 1147 2457 derent,
1175 2424 1244 2450 inter
1271 2431 1301 2452 se
1317 2424 1462 2458 agitarunt.
1492 2424 1558 2451 Dum
1573 2425 1599 2450 in
1617 2426 1710 2451 harum
1731 2432 1820 2451 rerum

1041 2477 1104 2498 cura
1124 2469 1310 2500 versabamur,
1325 2469 1422 2496 Attilas
1441 2477 1490 2497 nos
1505 2477 1552 2504 per
1571 2468 1691 2496 Scottam
1706 2471 1822 2496 arcessi-

1041 2515 1080 2541 vit
1094 2524 1101 2541 :
1119 2514 1208 2548 itaque
1219 2513 1252 2541 ad
1265 2515 1323 2548 ejus
1339 2515 1483 2541 tentorium
1507 2514 1558 2542 iter
1573 2514 1732 2545 direximus,
1751 2515 1822 2549 quod

1043 2561 1221 2588 Barbarorum
1246 2560 1427 2593 multitudine,
1453 2561 1498 2595 qui
1521 2561 1546 2587 iu
1575 2561 1667 2587 orbem
1696 2560 1824 2587 excubias

1042 2608 1168 2643 agebant,
1192 2611 1252 2634 erat
1265 2607 1471 2634 circumdatum.
1491 2606 1758 2634 lutroductiAttilam
1779 2613 1824 2633 se-

1043 2655 1148 2681 dentem
1168 2654 1194 2681 in
1217 2653 1281 2681 sella
1305 2652 1391 2687 lignea
1415 2653 1576 2681 invenimus.
1601 2652 1729 2681 Stetimus
1746 2653 1825 2688 patilo

841 2734 958 2761 νΑιιιιλΕ
971 2733 1174 2762 LECTIONES.

241 2803 265 2818 "
278 2803 325 2829 τοῦ
342 2803 467 2839 νἈττήλα
475 2804 549 2838 vulg.
575 2838 580 2839 γ
606 2803 629 2818 ⁷³
648 2803 773 2839 βασιλεύς
788 2803 821 2831 Ν.
843 2804 897 2830 Aut

208 2838 231 2854 ⁷⁸
247 2838 441 2873 μετεπέμψατο
455 2838 496 2870 Β.,
517 2838 676 2874 μετέπεμψέ
691 2847 721 2866 τε
738 2839 809 2873 vuig.

309 2883 446 2914 ΡΑτιιοι..
464 2884 524 2915 (is.
540 2884 647 2915 CXIII.

922 2801 1067 2838 βούλεσθαι
1089 2802 1124 2839 Β.
1159 2803 1182 2839 ¹¹ξ
1204 2804 1335 2838 γνοίημεν
1362 2805 1435 2839 conj.
1470 2803 1510 2832 Cl.

855 2840 878 2855 ⁷⁷
900 2846 1033 2873 παραγεν.
1051 2838 1122 2873 vulg.

1560 2806 1583 2841 ξ’
1603 2804 1733 2841 ’Δττῄλαν
1750 2805 1826 2841 vulg.

1162 2838 1184 2854 ⁷⁸
1200 2839 1299 2865 κύκλου
1316 2839 1386 2876 vulg.
1414 2838 1448 2856 7"
1464 2839 1617 2875 βασιλεῦσιν
1632 2838 1704 2875 vuig.

1663 2885 1701 2916 23
