4056 6210
362 354 367 357 ’
431 326 542 391 715

1401 317 1794 378 EXCERPTA
1832 315 1936 375 EX
1971 313 2240 373 PRISCO
2279 312 2639 374 RHETORE
3563 304 3674 368 716

437 442 696 502 remotius
727 438 793 492 ab
820 438 937 506 cjus
959 432 1093 487 solio
1124 449 1136 485 :
1170 444 1288 484 mox
1319 431 1581 498 processit
1612 428 1935 483 Maximinus
1952 434 2005 480 et

2117 426 2300 478 lowto.
2345 425 2453 476 Καὶ
2479 424 2571 475 ἐπὶ
2592 422 2682 474 τὸν
2714 421 2935 490 Βιγίλαν
2966 420 3128 483 εὐθὺς
3157 418 3349 489 τρέπει
3373 419 3464 473 τὸν
3491 419 3671 488 λόγον.

441 534 695 593 salutavit
728 527 1045 582 Barbarum.
1081 520 1145 574 Et
1178 520 1522 589 imperatoris
1557 519 1762 574 litteras
1786 516 2006 571 tradens

2117 516 2297 585 θηρίον
2345 515 2557 578 ἀναιδὲς
2605 513 2916 579 ἀποκαλῶν,
2952 514 3075 568 ὅτου
3122 514 3284 584 χάριν
3329 514 3460 584 παρ’
3508 514 3675 565 αὐτὸν

436 630 590 692 dixit,
621 623 822 679 salvum
848 626 897 671 et
926 615 1243 669 incolumem
1264 612 1410 665 illum
1426 625 1655 680 suosque
1672 608 1877 679 precari
1903 607 2006 661 im-

439 706 767 791 peratorem.
805 709 870 762 Et
896 708 1188 770 Barbarus,
1219 721 1239 756 ι
1276 703 1358 758 Sit
1382 715 1436 756 et
1468 702 1725 756 Romanis
1749 698 2003 769 quemad-

439 788 654 866 modum
682 813 736 859 et
764 801 894 857 mihi
933 799 1174 868 cupiunt,
1219 815 1238 848 ι
1279 792 1474 864 inquit.
1502 792 1803 861 Statimque
1830 792 1895 843 ad
1919 788 2021 842 Βίω

438 904 599 974 gilam
641 895 909 953 convertit
945 892 1268 954 orationem,
1305 887 1474 941 feram
1504 886 1869 955 impudentem
1914 897 2006 936 vo-

437 1002 1080 1064 cans,quterensque,qua
1105 999 1162 1038 re
1180 981 1441 1051 impulsus
1471 980 1535 1034 ad
1558 980 1732 1049 ipsum
1751 975 2007 1038 venisset,

442 1104 563 1145 cum
594 1084 695 1140 sibi
726 1096 935 1143 eorum,
982 1092 1099 1147 quae
1126 1086 1180 1131 et
1214 1075 1327 1144 ipse
1370 1082 1425 1127 et
1453 1071 1737 1126 Anatolius
1777 1071 1841 1124 de
1876 1082 2007 1139 pace

439 1179 757 1241 sensissent,
788 1171 1036 1228 conscius
1071 1177 1215 1224 esset
1254 1185 1267 1221 :
1310 1181 1413 1221 non
1462 1164 1604 1221 enim
1637 1163 1785 1233 prius
1827 1161 1892 1215 ad
1950 1172 2008 1212 se

443 1273 648 1343 legatos
700 1266 960 1321 accedere
998 1259 1248 1314 debuisse
1276 1299 1291 1321 ,
1332 1271 1493 1325 quam
1547 1268 1735 1309 omnes
1773 1250 2006 1323 profugi,

439 1342 531 1435 qui
569 1360 706 1433 apud
738 1358 1012 1412 Romanos
1040 1357 1338 1415 exstarent,
1374 1347 1567 1402 redditi
1602 1354 1805 1399 essent.
1836 1342 2005 1412 Bigila

439 1470 569 1512 vero
596 1450 952 1522 respondente
975 1444 1178 1500 nullum
1207 1441 1435 1513 amplius
1463 1439 1598 1509 apud
1628 1438 1895 1493 Romanos
1924 1450 2008 1491 re-

436 1549 604 1620 periri
662 1539 989 1611 transfugam
1026 1535 1264 1605 Scythici
1322 1531 1567 1603 generis;
1619 1543 1804 1582 omnes
1863 1527 2007 1581 enim

444 1639 683 1697 redditos
715 1648 870 1697 esse;
928 1628 1098 1697 magis
1134 1633 1487 1693 eanperatus
1538 1621 1751 1685 Attilas,
1786 1620 1836 1674 in
1883 1633 2007 1686 eum

447 1752 477 1785 ιι
502 1731 611 1784 ulta
644 1723 842 1795 probra
872 1728 926 1775 et
952 1715 1190 1773 convicia
1233 1713 1483 1783 ingessit.
1523 1711 1589 1766 Et
1628 1726 1747 1765 cum
1776 1710 2009 1763 clamore

444 1825 598 1885 dixit,
618 1834 676 1875 se
701 1804 846 1872 illum
877 1813 929 1867 in
962 1824 1174 1866 crucem
1220 1817 1465 1862 acturum
1488 1812 1540 1857 et
1572 1804 1806 1872 prazdam
1843 1801 2011 1855 vultu-

444 1917 592 1971 ribus
623 1909 968 1982 praebiturum
1008 1903 1195 1963 fuisse,
1251 1899 1352 1953 nisi
1401 1898 1546 1967 leges
1598 1894 1881 1965 legationis
1912 1894 2013 1949 hac

446 2004 774 2077 impudentis
811 2001 927 2069 ejus
955 1994 1217 2050 orationis
1280 2002 1335 2046 et
1384 1989 1701 2045 temeritatis
1730 2002 1884 2058 poena
1932 1984 2012 2041 of-

447 2099 664 2154 frndere
710 2101 1005 2147 vereretur.
1052 2085 1265 2141 Etenim
1305 2091 1508 2137 restare
1538 2082 1709 2135 adhuc
1732 2080 1869 2150 apud
1905 2077 2012 2133 Ro-

446 2204 637 2246 manos
668 2186 851 2257 plures
884 2178 1218 2248 transfugas,
1253 2191 1479 2246 quorum
1516 2174 2013 2237 nomina,'uterant
2038 2220 2068 2243 ο

450 2286 504 2338 in
534 2281 719 2337 charta
754 2275 1047 2344 descripta,
1078 2271 1236 2339 jussit
1269 2270 1477 2324 scribas
1513 2267 1761 2322 recitare.
1816 2265 1880 2319 Hi
1920 2265 2010 2320 ubi

450 2370 916 2442 outnia‘legeraut,
965 2364 1161 2420 Attilas
1207 2361 1429 2434 Bigilam
1461 2374 1563 2414 una
1587 2373 1708 2413 cum
1737 2357 1857 2413 Esla
1896 2356 2015 2412 sine

453 2481 604 2523 ntora
634 2459 899 2534 proficisci
926 2458 1092 2527 jussit
1116 2454 1376 2509 Romanis
1399 2453 1790 2513 denuntiatum,
1815 2457 1874 2503 ut
1897 2463 2011 2503 om-

453 2576 546 2615 nes
583 2556 886 2625 transfugas
923 2550 1191 2622 Scythicae
1245 2545 1480 2601 nationis
1504 2585 1517 2610 ,
1550 2551 1808 2610 quotquot
1838 2541 1889 2594 in
1920 2553 2012 2594 e0-

453 2669 571 2707 ruut
601 2659 866 2721 potestate
904 2650 1106 2704 essent,
1139 2639 1439 2699 redderent,
1478 2649 1505 2687 a
1543 2643 1779 2702 tempore
1810 2632 2015 2701 Carpil-

453 2739 633 2803 lionis,
661 2737 751 2791 lilii
779 2734 953 2797 Aetii,
986 2729 1348 2783 Romanorum
1382 2723 1808 2779 Occidentalium
1840 2721 2014 2787 ducis,

453 2833 546 2903 qui
589 2830 751 2883 obses
783 2823 923 2894 apud
976 2836 1097 2876 emn
1129 2818 1322 2873 fuerat.
1368 2816 1482 2871 Non
1514 2816 1657 2870 enim
1711 2829 1771 2870 se
1829 2828 2017 2870 servos

452 2937 585 2979 8008
608 2933 791 2977 secum
824 2928 1014 2970 manus
1045 2925 1331 2967 conserere
1350 2926 1629 2980 passurum
1663 2923 1805 2973 esse,
1847 2923 2015 2978 quan-

451 3026 711 3085 quamne
745 3010 810 3064 iis
853 3006 1091 3076 quidem,
1118 3005 1229 3074 (qui
1290 3018 1400 3058 suae
1454 3001 1670 3057 ditionis
1716 3000 2013 3056 custodiam

2108 608 2281 662 ἐλθεῖν
2313 607 2576 677 ἠθέλησεν
2617 606 2979 675 ἐπιστάμενος
3003 607 3073 661 τά
3109 623 3168 659 τε
3207 605 3356 675 αὐτῷ
3394 605 3487 658 καὶ
3514 605 3677 659 Ἀνα-

2107 700 2268 770 τολίῳ
2301 699 2395 752 ἐπὶ
2422 702 2489 770 τῇ
2530 699 2720 770 εἰρήνῃ
2767 698 3014 765 δόξαντα,
3047 698 3124 761 ὠς
3155 698 3342 767 εἴρητο
3369 696 3444 767 μὴ
3476 697 3676 767 πρότε-

2112 809 2205 863 ρον
2239 778 2496 862 πρέσϐεις
2553 790 2684 860 παρ’
2711 790 2872 843 αὐτὸν
2914 789 3111 852 ἐλθεῖν,
3158 789 3287 857 πρὶν
3334 787 3369 859 ἢ
3402 790 3600 850 πάντες
3623 787 3677 841 οι

2110 883 2343 954 φυγάδες
2380 883 2650 936 ἐκδοθεϊεν
2683 883 3009 952 Βαρϐἀροις.
3040 881 3146 934 Τοῦ
3175 880 3233 933 δέ
3273 880 3566 948 φήσαντος,
3596 878 3677 941 ὡς

2107 977 2172 1028 ἐκ
2209 972 2474 1028 Σκυθικοῦ
2513 972 2701 1041 γένους
2728 972 2877 1043 παρά
2918 971 3209 1040 Ῥωμαίοις
3231 969 3279 1003 ⁸⁸
3325 971 3425 1024 οὐκ
3456 970 3542 1040 εῐη
3575 987 3679 1037 φυ-

2107 1066 2211 1135 γὰς
2269 1066 2415 1139 (τοὺς
2460 1066 2567 1137 γὰρ
2604 1065 2761 1128 ὄντας
2800 1061 3156 1133 ἐκδεδόσθαι),
3194 1061 3507 1133 χαλεπήνας
3538 1060 3677 1132 μᾶλ-

2107 1161 2197 1214 λον
2253 1161 2347 1213 καὶ
2391 1159 2542 1230 αὐτῷ
2584 1159 2811 1212 πλεῖστα
2857 1158 3308 1229 λοιδορησάμενος
3364 1157 3502 1226 μετά
3541 1156 3677 1225 βοῆς

2109 1250 2314 1319 ἔλεγεν,
2345 1252 2424 1315 ὡς
2468 1250 2628 1305 αὑτὸν
2649 1249 3081 1311 ἀνασκολοπίσας
3102 1249 3237 1319 πρὸς
3268 1247 3432 1319 βορὰν
3456 1247 3503 1279 ⁸¹
3545 1250 3674 1301 οἰω-

2108 1345 2220 1405 νοῖς
2249 1341 2498 1396 ἐδεδώκει
2538 1341 2624 1403 ἂν,
2669 1341 2833 1411 εί’μή
2865 1356 2928 1408 γε
2977 1338 3054 1408 τῷ
3092 1341 3191 1409 τῆς
3237 1338 3531 1409 πρεσϐείας
3577 1338 3671 1390 θε-

2111 1434 2233 1506 σμῷ
2261 1434 2307 1466 ⁸³
2347 1432 2701 1504 λυμαίνεσθαι
2734 1432 2905 1485 ἐδόκει
2938 1432 3032 1485 καὶ
3060 1431 3107 1463 ⁸⁸
3153 1429 3356 1500 ταύτην
3392 1431 3539 1499 αὐτῷ
3576 1429 3674 1482 ἐπὶ

2108 1533 2173 1601 τῇ
2207 1526 2450 1599 ἀναιδείᾳ
2487 1529 2579 1580 καὶ
2615 1529 2680 1596 τῇ
2728 1526 2834 1578 τῶν
2867 1524 3040 1593 λόγων
3085 1524 3365 1594 ίταμότητι
3409 1522 3674 1575 ἐπιθεῖναι

2109 1621 2265 1692 δίκην
2290 1636 2302 1649 ·
2336 1618 2578 1689 φυγάδας
2603 1618 2711 1687 γὰρ
2739 1616 2830 1669 τοῦ
2856 1616 3117 1685 σφετέρου
3141 1614 3328 1677 ἔθνους
3356 1615 3505 1684 παρά
3539 1614 3676 1667 Ῥω-

2116 1713 2294 1783 μαίοις
2325 1709 2464 1766 εἶναι
2499 1700 2746 1775 πολλὼς,
2782 1702 2857 1765 ὧν
2887 1707 3107 1762 ἐκέλευε
3138 1705 3209 1762 εά
3247 1707 3486 1778 ὀνόματα
3511 1707 3674 1775 ἐγγε-

2111 1804 2402 1873 γραμμένα
2451 1803 2626 1873 χάρτῃ
2683 1806 2807 1866 τοὺς
2865 1799 3214 1870 ὑπογραφέας
3258 1797 3672 1865 ἀναγινώσκειν.

2122 1897 2209 1959 Ὠς
2237 1895 2293 1949 δέ
2324 1893 2603 1964 διεξῆλθον
2632 1894 2873 1955 ἅπαντας
2901 1893 2970 1955 ⁸⁵,
3003 1892 3331 1963 προσέταττε
3358 1889 3523 1960 μηδὲν
3544 1887 3681 1957 μελ-

2109 1989 2349 2058 λήσαντα
2392 1988 2649 2041 ἀπιέναι·
2701 1986 3050 2056 συμπέμψειν
3079 1984 3137 2038 δὲ
3164 1982 3312 2051 αύτῷ
3342 1981 3434 2035 καὶ
3467 1979 3678 2043 Ἠσλαν

2124 2076 2414 2146 Ῥωμαίοις
2461 2076 2683 2143 λέξοντα
2708 2076 2774 2141 ⁸⁸,
2813 2076 3020 2137 πάντας
3059 2074 3186 2136 τοὺς
3211 2073 3361 2143 παρά
3390 2071 3539 2139 σφίσι
3574 2086 3680 2124 κα-

2112 2169 2451 2237 ταφυγόντας
2485 2167 2803 2239 Βαρϐάρους
2848 2167 2955 2220 ἀπὸ
2997 2166 3105 2220 τῶν
3155 2163 3522 2235 Καρπιλεόνος
3547 2161 3682 2233 χρό-

2113 2280 2239 2329 νων,
2269 2261 2329 2325 ὃς
2365 2262 2655 2334 ὡμήρευσε
2699 2260 2827 2331 παρ’
2872 2258 3020 2330 αὐτῷ
3050 2261 3175 2319 παῖς
3214 2258 3289 2310 ὢν
3330 2257 3533 2310 ’Δετίου
3579 2254 3679 2309 τοῦ

2114 2356 2170 2407 ἐν
2190 2358 2257 2425 τῇ
2290 2354 2529 2423 Ἐσπέρᾳ
2570 2354 2857 2423 Ῥωμαίων
2885 2348 3213 2421 στρατηγοῦ,
3235 2348 3514 2418 ἐκπέμψαι
3548 2348 3678 2420 παρ’

2115 2447 2294 2501 αὐτόν.
2333 2447 2444 2500 Kal.
2489 2445 2597 2515 γὰρ
2622 2446 2683 2498 οὐ
2713 2446 2759 2479 ⁸⁸
2803 2444 3181 2515 συγχωρήσειν
3212 2442 3337 2505 τοὺς
3388 2441 3681 2509 σφετέρους

2116 2540 2449 2611 θεράποντας
2502 2539 2681 2593 ἀντίον
2723 2538 2887 2592 αὐτοῦ
2934 2539 2991 2601 ἐς
3044 2536 3220 2607 μάχην
3262 2536 3417 2598 ίέναι,
3475 2532 3680 2601 καίπερ

2121 2633 2194 2703 μὴ
2246 2631 2578 2702 δυναμένους
2616 2630 2846 2698 ὠφελεῖν
2893 2629 3019 2691 τοὺς
3060 2628 3159 2695 τὴν
3210 2623 3454 2695 φυλακὴν
3496 2624 3680 2684 αὐτοῖς

2117 2727 2217 2795 τῆς
2272 2710 2480 2788 οἷκείας
2520 2723 2920 2794 ἐπιτρέψαντας
2958 2721 3096 2791 γῆς.
3141 2719 3273 2772 Τίνα
3321 2718 3428 2787 γὰρ
3463 2716 3616 2768 πόλιν
3641 2715 3678 2785 ἢ

2118 2819 2267 2870 ποῖον
2289 2813 2549 2886 φρούριον
2591 2812 2880 2871 σεσῶσθαι.
2916 2811 3122 2877 ἔλεγεν,
3168 2807 3259 2861 ὑπ’
3297 2806 3542 2868 ἐκείνων,
3590 2798 3684 2856 οὗ·

2118 2926 2222 2979 περ
2252 2907 2409 2970 αὐτὸς
2443 2905 2665 2976 ποιῆσαι
2695 2904 2791 2975 τὴν
2819 2904 3029 2975 αἵρεσιν
3052 2901 3341 2972 ὥρμησεν;
3384 2893 3684 2963 ’.ἐπαγγεί-

2117 3004 2309 3065 λαντας
2330 3000 2377 3031 ⁸⁷
2404 2998 2459 3052 δὲ
2492 2997 2561 3052 τά
2589 2996 2738 3067 αὐτῷ
2780 3013 2845 3048 πε
2856 2995 2909 3066 pi.
2934 2992 3040 3047 τῶν
3079 2991 3333 3063 φυγάδων
3361 2984 3682 3055 δεδογμένα,

453 3106 561 3162 illis
593 3099 982 3163 commiserint,
1017 3097 1268 3166 prodesse
1286 3096 1513 3164 possint.
1537 3092 1664 3160 Quae
1694 3092 1835 3147 enim
1866 3092 2013 3155 urbs,

2119 3094 2274 3153 αὖθις
2308 3092 2604 3162 ἐπανήκειν
2645 3087 2949 3159 μηνύοντας
2980 3086 3206 3154 πότερον
3242 3082 3440 3144 αὐτοὺς
3474 3077 3684 3133 ἐκδιδόο

451 3197 593 3269 quod
625 3191 904 3250 castellum
932 3191 998 3245 ab
1028 3189 1132 3244 illis
1162 3184 1579 3256 possitdefeudi,
1607 3184 1748 3255 quod
1772 3191 2013 3237 evertere

453 3299 548 3343 aut
577 3287 788 3340 diruere
811 3279 949 3351 apud
978 3294 1035 3334 se
1056 3278 1403 3343 constitutum
1424 3273 1708 3330 habuerit?
1724 3271 2012 3342 Postquam

450 3377 801 3450 exposuerint
826 3390 853 3426 a
887 3387 943 3427 se
967 3371 1032 3425 de
1062 3367 1354 3437 transfugis
1392 3368 1606 3422 decreta
1634 3405 1650 3431 ,
1698 3366 1875 3419 redire
1922 3378 2015 3418 eos

453 3468 853 3541 quamprimum
883 3462 1045 3532 jussit
1094 3459 1477 3522 renuntiatum,
1502 3465 1679 3510 utrum
1717 3456 2017 3522 transfugas

377 3600 386 3609 .
457 3560 702 3619 reddere,
750 3569 819 3607 an
855 3550 1053 3606 bellum
1104 3563 1169 3602 eo
1211 3548 1426 3601 nomine
1482 3545 1673 3600 malint
1716 3546 2016 3615 suscipere.

455 3649 573 3703 Non
636 3645 803 3700 multo
843 3649 969 3696 ante
1028 3639 1379 3695 Maximinum
1418 3637 1636 3708 paulum
1705 3646 2019 3706 exspectare

453 3744 733 3814 iusserat,
772 3738 899 3793 dum
958 3737 1023 3790 ad
1097 3751 1159 3790 ea
1190 3775 1204 3799 ,
1252 3750 1371 3804 quae
1446 3734 1738 3802 imperator
1787 3735 2021 3804 scripse-

457 3845 560 3899 rat,
595 3848 691 3905 per
718 3846 777 3887 se
825 3843 1138 3901 responsum
1168 3828 1356 3894 daret;
1416 3839 1639 3879 munera
1683 3826 1854 3897 petiit.
1891 3825 2020 3893 Quae

457 3935 743 3997 postquam
766 3922 1032 3984 dedimus,
1058 3922 1109 3974 in
1134 3920 1423 3973 tentorium
1462 3928 1703 3973 nostrum
1733 3934 1833 3974 nos
1873 3933 2023 3974 rece-

457 4018 659 4088 timus,
682 4025 737 4069 et
768 4014 832 4068 de
875 4012 1125 4083 singulis,
1171 4009 1277 4082 54
1309 4026 1425 4078 quae
1459 4010 1599 4064 dicta
1617 4008 1850 4071 fuerant,
1884 4011 2022 4064 inter

457 4121 558 4160 nos
589 4104 967 4161 disseruimus.
1016 4101 1156 4156 Cum
1187 4109 1365 4154 autem
1396 4099 1593 4170 Bigilas
1639 4100 2018 4166 admiraretur,

457 4198 547 4269 qui
572 4198 744 4260 ﬁeret,
773 4194 1071 4260 utAttilas,
1103 4194 1192 4264 qui
1219 4193 1320 4247 sibi
1359 4191 1704 4261 jampridem,
1729 4206 1852 4246 cum
1878 4190 2022 4261 lega-

460 4301 545 4345 tus
592 4289 657 4342 ad
693 4288 839 4343 illum
873 4286 1100 4350 veniret,
1146 4284 1315 4337 comis
1357 4292 1411 4337 et
1461 4283 1823 4350 perhumanus
1872 4283 2021 4337 visus

458 4390 635 4447 esset,
672 4392 799 4435 tunc
831 4392 891 4432 se
937 4376 1149 4430 acerbis
1185 4374 1521 4430 contumeliis
1566 4375 1858 4440 affecisset,
1884 4375 2018 4441 dixi,

2116 3205 2202 3241 ναι
2240 3184 2520 3257 βούλονται
2548 3181 2581 3252 ἥ
2614 3181 2706 3236 τὸν
2737 3179 2878 3249 ὑπὲρ
2919 3177 3098 3231 αὐτῶν
3133 3173 3485 3243 ἀναδέχονται
3518 3169 3687 3222 πόλεο

2120 3295 2239 3349 μον.
2266 3271 2826 3349 Παρακελευσάμενος
2868 3270 2924 3322 δέ
2958 3269 3219 3338 πρότερον
3251 3264 3345 3319 καὶ
3390 3262 3482 3316 τὸν
3505 3259 3686 3326 Maii-

2121 3374 2270 3443 μῖνον
2292 3368 2592 3438 ἐπιμένειν,
2618 3365 2693 3427 ὡς
2718 3363 2784 3417 δι’
2801 3360 2964 3416 αὑτοῦ
2994 3356 3251 3429 περὶτῶν
3281 3353 3690 3425 γεγραμμένων

2117 3458 2582 3530 ἀποκρινούμενος
2612 3455 2843 3527 βασιλεῖ,
2890 3452 3163 3521 ἐπέτρεπε
3192 3449 3261 3502 τά
3293 3446 3462 3517 δῶρα.
3490 3442 3689 3506 Δόντες

2116 3551 2294 3605 τοίνυν
2330 3548 2423 3601 καὶ
2460 3545 2773 3608 ἐπανιόντες
2812 3544 2870 3607 ἐς
2898 3542 2994 3614 τὴν
3040 3539 3265 3610 σκηνήν,
3299 3537 3531 3591 ἐκάστου
3571 3533 3689 3587 τῶν

2117 3640 2409 3711 λεχθέντων
2440 3638 2565 3708 πέρι
2617 3633 3037 3704 ιδιολογούμεθα.
3073 3629 3184 3684 Καὶ
3229 3627 3422 3696 Βιγίλα
3470 3624 3688 3693 θαυμά-

2119 3731 2301 3796 ζοντος
2351 3731 2499 3793 ὅπως
2541 3728 2708 3782 πάλαι
2748 3724 2897 3796 αὐτῷ
2946 3720 3368 3795 πρεσϐευομένῳ
3412 3716 3573 3789 ἤπιός
3621 3732 3687 3769 τε

2119 3825 2217 3879 καλ.
2260 3825 2435 3895 πρᾶος
2481 3819 2760 3890 νομισθεὶς
2810 3821 2931 3870 τότε
2980 3814 3229 3885 χαλεπῶς
3287 3809 3685 3880 ἐλοιδορήσατο,

2120 3918 2325 3985 ελεγον,
2367 3915 2441 3985 μή
2476 3915 2607 3967 ποτέ
2651 3927 2795 3973 τινες
2842 3909 2950 3962 τῶν
2983 3905 3288 3978 Βαρϐάρων
3316 3901 3426 3956 τῶν
3464 3902 3524 3953 ἐν
3555 3899 3690 3967 Σερ-

2121 4009 2244 4078 δικῇ
2300 4003 2657 4059 ἑστιαθέντων
2686 4001 2732 4033 ⁸⁸
2771 4000 2866 4054 σὺν
2917 3998 3051 4068 ἡμῖν
3106 3994 3347 4065 δυσμενῆ
3401 3989 3550 4059 αὕτῷ
3594 3988 3691 4041 τὶν

2133 4099 2392 4168 ’Λττήλαν
2435 4092 2892 4166 παρεσκεύασαν,
2935 4086 3405 4157 ἀπαγγείλαντες,
3448 4083 3524 4144 ὡς
3563 4080 3688 4134 θεὸν

2125 4189 2222 4259 μὲν
2250 4188 2341 4240 τὸν
2392 4185 2676 4255 Ῥωμαίων
2719 4181 2903 4236 ἐκάλει
2935 4178 3178 4251 βασιλέα,
3205 4176 3491 4247 ἄνθρωπον
3511 4172 3567 4226 δὲ
3596 4171 3689 4224 τὸν

2135 4279 2416 4349 Ἀττήλαν.
2449 4277 2648 4331 Τοῦτον
2688 4275 2781 4329 τὸν
2811 4274 2969 4343 λόγον
3014 4274 3043 4326 ὀ
3072 4271 3376 4339 Μαξιμϊνος
3414 4268 3490 4330 ὡς
3526 4264 3692 4318 πιθα-

2124 4372 2213 4425 νὸν
2244 4369 2475 4440 ἐδέχετο,
2504 4363 2591 4421 οἷα
2628 4367 2692 4435 δὴ
2723 4366 2991 4436 ἀμέτοχος
3011 4363 3057 4395 ⁸⁸
3103 4361 3177 4415 ὣν
3208 4361 3310 4430 τῆς
3350 4354 3693 4426 συνωμοσίας

459 4473 632 4529 vereri
652 4487 757 4537 me,
793 4485 859 4526 ue
891 4470 978 4539 qui
998 4484 1062 4523 ex
1093 4466 1369 4531 Barbaris,
1387 4465 1477 4536 qui
1508 4467 1560 4521 in
1593 4464 1812 4521 Serdica
1836 4465 2016 4521 nobis-

2126 4464 2192 4533 ἢν
2222 4435 2365 4515 κατά
2393 4459 2485 4512 τοῦ
2512 4455 2802 4528 Βαρϐάρου
2828 4457 2855 4509 δ
2884 4454 3133 4523 εὐνοῦχος
3187 4450 3497 4520 ἐποιήσατο.
3538 4445 3597 4498 '0
3634 4443 3696 4497 δὲ

461 4579 585 4619 cum
618 4561 817 4633 epulati
854 4567 1033 4622 erant,
1068 4557 1289 4610 Attilam
1338 4556 1609 4610 infensum
1638 4554 1796 4610 nobis
1843 4554 2021 4610 reddi-

458 4655 686 4716 dissent,
717 4661 770 4705 et
793 4648 1019 4718 Bigilam
1039 4647 1402 4701 Romanorum
1432 4647 1808 4715 imperatorem
1839 4647 2019 4712 deum,

459 4744 683 4800 Attilam
738 4757 867 4797 vero
943 4742 1213 4796 hominem
1281 4739 1629 4809 appellasse,
1691 4741 2019 4796 retulissent.

460 4833 629 4903 Quam
665 4832 963 4888 orationem
989 4831 1314 4886 Maximinus
1341 4839 1400 4883 ut
1428 4830 1770 4885 verisimilem
1796 4842 1878 4885 est
1904 4846 2023 4885 am-

461 4925 652 4995 plexus
678 4962 694 4989 ,
731 4924 856 4986 quia
909 4922 1294 4991 coniurationis
1330 4922 1383 4975 iu
1426 4921 1648 4975 Attilam
1693 4922 1759 4976 ab
1778 4922 2028 4977 eunucho

463 5017 608 5070 inita:
666 5015 931 5084 particeps
961 5030 1065 5067 non
1109 5013 1304 5067 fuerat.
1359 5013 1464 5067 Sed
1499 5013 1695 5084 Bigilas
1745 5015 2029 5083 ambiguus

463 5107 628 5162 animi
650 5116 784 5169 erat,
814 5120 987 5173 neque
1005 5120 1223 5157 causam
1248 5105 1513 5173 suspicari
1541 5120 1694 5174 posse
1721 5104 2027 5171 videbatur,

462 5213 630 5268 quare
659 5198 853 5251 Attilas
908 5212 1026 5251 eum
1054 5207 1158 5249 tam
1198 5196 1409 5251 acerbis
1440 5196 1699 5251 conviciis
1736 5196 2031 5252 insectatus

465 5302 630 5347 esset.
662 5290 770 5344 Nec
795 5289 937 5345 enim
968 5291 1020 5343 in
1055 5289 1293 5343 animum
1326 5303 1481 5342 suum
1514 5289 1769 5343 inducere
1794 5300 2029 5357 peternt,

2126 4554 2346 4622 Βιγίλας
2408 4548 2706 4621 ἀμφίϐολός
2734 4564 2794 4600 τε
2825 4541 2917 4616 ἦν,
2970 4546 3063 4597 καὶ
3103 4544 3226 4612 ἐμοὶ
3274 4540 3444 4594 ἐδόκει
3478 4534 3696 4607 προφά-

2126 4660 2262 4706 σεως
2288 4642 2531 4710 ἀπορεῖν,
2563 4637 2629 4691 δι’
2662 4638 2726 4706 ἢν
2756 4633 2905 4703 αὐτῷ
2924 4635 2953 4686 ὁ
2988 4632 3245 4701 Ἀττήλας
3273 4627 3653 4697 ἐλοιδορήσατο
3672 4635 3689 4650 ⁸

2125 4733 2249 4788 οὔτε
2277 4731 2384 4802 γὰρ
2412 4730 2482 4783 τὰ
2510 4731 2567 4782 ἐν
2593 4727 2846 4798 Σερδικῇ,
2882 4725 2958 4786 ὡς
3002 4723 3225 4791 ὓστερον
3254 4721 3385 4790 ήμῖν
3428 4717 3690 4787 διηγεῖτο,

2128 4825 2251 4881 οὔτε
2284 4825 2351 4877 τὰ
2388 4822 2485 4893 τῆς
2517 4819 2806 4887 ἐπιϐουλῆς
2848 4814 3098 4887 εἰρῆσθαι
3127 4813 3206 4883 τῷ
3244 4810 3474 4881 ’Δττήλᾳ
3504 4806 3695 4876 ἐνόμι-

2127 4919 2237 4984 ζεν,
2274 4915 2505 4986 μηδενὸς
2547 4911 2646 4983 μέν
2694 4909 2883 4981 ἐτέρου
2938 4907 3048 4960 τῶν
3076 4907 3141 4959 ἐκ
3201 4902 3296 4958 τοῦ
3328 4901 3567 4972 πλήθους
3602 4897 3696 4952 διά

2125 5015 2216 5068 τὸν
2279 5007 2679 5079 ἐπικρατοῦντα
2728 5002 2866 5057 κατά
2913 5002 3130 5055 πάντων
3186 4996 3351 5067 φόϐον
3395 4997 3453 5059 ἐς
3500 4993 3698 5061 λόγους

2125 5102 2274 5173 αὐτῷ
2300 5102 2346 5134 ⁸⁸
2376 5096 2705 5171 θαρροῦντος
2736 5092 2929 5157 ἐλθεῖν,
2986 5089 3276 5151 Ἐδέκωνος
3303 5087 3347 5120 ⁸⁸
3376 5084 3433 5138 δέ
3474 5082 3698 5147 πάντως

2126 5194 2552 5266 ἐχεμυθήσοντος
2588 5187 2677 5241 διά
2721 5202 2781 5238 τε
2829 5184 2954 5246 τοὺς
2992 5183 3188 5252 ὅρκους
3216 5178 3310 5232 καὶ
3344 5177 3443 5247 τὴν
3470 5173 3704 5245 ἀδηλίαν

2127 5287 2220 5341 τοῦ
2278 5283 2624 5355 πράγματος,
2678 5279 2750 5349 μή
2790 5291 2918 5329 ποτε
2966 5273 3062 5326 καὶ
3097 5272 3278 5335 αὐτὸς,
3310 5269 3387 5332 ὡς
3437 5266 3705 5320 τοιούτων

1758 5403 1990 5463 VARle
2033 5397 2439 5463 LECTIONES.

533 5522 578 5553 ⁸ο
621 5519 928 5588 Ῥωμαίους
954 5520 1097 5589 vulg.
1157 5519 1202 5551 ⁸¹
1238 5516 1404 5588 βορὰν
1435 5516 1578 5589 Vah

468 5591 511 5620 3‘
543 5586 799 5664 irritata;
828 5589 921 5664 N.,
949 5586 1406 5664 dné'vmg‘vulg.“
1434 5587 1481 5664 εξ
1520 5586 1931 5664 λέξαντα-νιιις.

467 5677 574 5709 των
611 5659 717 5729 (11η
751 5659 1102 5713 αἰτιαθέντων
1140 5659 1285 5729 vulg.

470 5745 581 5780 κων
606 5727 747 5795 vulg.
1095 5749 1109 5764 ›

1637 5517 1838 5590 βορρἄ
1868 5522 2013 5593 vulg.
2089 5520 2137 5553 ⁸⁸
2160 5519 2301 5639 θεσὲ

1637 5606 1750 5639 ιντα
1788 5592 1931 5639 vnlg-
2031 5593 2078 5624 ⁸⁸
2105 5591 2167 5639 οὐ
2223 5605 2250 5639 a
2294 5602 2301 5635 ι

2031 5593 2078 5624 ⁸⁸
2105 5591 2167 5643 οὐ
2223 5585 2348 5639 add.

1362 5657 1409 5690 ⁵³
1448 5657 1717 5728 ἀμέτοχος
1740 5656 1907 5726 νεὼς
1926 5662 2149 5731 μέτοχος
2179 5656 2323 5724 vulg.

2303 5513 2347 5581 ᾧ
2376 5507 2521 5581 Yah,
2542 5502 2746 5581 θερμῷ
2778 5502 2922 5581 vulg.
3001 5499 3048 5532 ⁸³
3076 5497 3155 5568 τῷ
3182 5512 3281 5581 pro
3314 5491 3697 5581 argimonia

2400 5562 2583 5631 Nn."
2620 5562 3071 5639 data-yyeikvav-re;
3106 5562 3250 5635 vuig.
3329 5565 3384 5639 _‘_‘
3412 5562 3702 5639 ἐστιαρέν-

2403 5630 2463 5681 δοῖ
2490 5644 2652 5700 αὐτοῦ
2688 5630 2831 5713 vulg.
2906 5643 2947 5673 ⁹¹
2998 5630 3291 5699 Ἐδέκωνος
3329 5633 3476 5701 νει,
3543 5630 3701 5683 *Εδέο
