4056 6210
377 426 479 487 ἿῙἸ

1127 418 1224 475 DE
1270 412 1830 475 LEGATIONIBUS
1873 406 2363 467 ROMANORUM
2402 406 2498 463 AD
2538 405 2857 464 GENTES.

3500 398 3602 463 718

372 538 602 605 μέτοχος
647 529 846 593 λόγων,
892 526 1191 596 ἐπιτήδειος
1238 524 1543 593 νομισθεὶς,
1582 522 1807 573 θάνατον
1839 520 1939 585 ὕφη

2063 528 2100 567 ιι
2124 517 2276 568 ΙΙιιΙιῘ5
2296 525 2477 580 postea
2514 512 2713 575 retulit,
2745 510 3019 565 enuntiata
3050 509 3235 572 fuisse,
3261 512 3447 578 quaain
3484 525 3611 564 con-

368 628 478 693 ἑξει
510 625 732 693 ζημίαν.
779 620 871 672 Ἐν
893 620 1114 689 τοιαύτῃ
1145 618 1236 670 οῦν
1262 617 1558 686 ἀμφιϐολίᾳ
1577 617 1935 685 τυγχάνουσιν

368 718 595 779 ἐπιστάς
633 714 886 778 Ἐδέκων,
935 713 1027 763 καὶ
1066 711 1157 762 τὸν
1192 710 1411 777 Βιγίλαν
1460 708 1563 772 ἔξω
1591 709 1688 779 τῆς
1736 708 1935 777 ἡμετέ-

371 826 468 879 ρας
506 803 812 874 ἀπαγαγὼν
852 801 1095 863 συνόδου,
1126 799 1559 869 ύποκρινάμενός
1595 816 1653 850 τε
1688 796 1937 867 ἀληθίζε-

373 900 495 952 σθαι
530 898 639 951 τῶν
686 898 864 957 αὐτοῖς
907 892 1341 962 βεϐουλευμένων
1367 892 1549 953 ἓνεκα,
1584 890 1677 942 καὶ⁴
1706 890 1763 941 τὸ
1808 906 1937 957 χρυ-

376 990 490 1041 σίον
539 984 860 1055 κομισθῆναι
904 980 1450 1052 παρακελευσάμενος
1478 977 1538 1029 τὸ
1578 975 1937 1042 δοθησόμενον

377 1080 487 1139 τοῖς
523 1075 636 1144 ἅμα
669 1071 819 1142 αὐτῷ
848 1072 975 1141 περὶ
1018 1070 1114 1141 τὴν
1146 1070 1344 1139 πρᾶξιν
1394 1066 1787 1133 ἐλευσομένοις,
1843 1066 1939 1115 άν-

378 1168 589 1239 εχώρει.
620 1162 1183 1234 Πολυπραγμονοῦντα
1207 1161 1261 1211 δὲ
1284 1160 1427 1221 τίνες
1458 1158 1503 1210 οἱ
1529 1155 1621 1209 τοῦ
1646 1155 1941 1213 Ἐδέκωνος

378 1261 509 1330 πρὸς
533 1258 694 1310 αὑτὸν
712 1256 881 1323 λόγοι,
901 1255 1116 1323 ἁπατᾷν
1148 1252 1433 1313 ἔσπευδεν,
1466 1247 1814 1317 ὴπατημένος
1842 1245 1941 1297 αύ-

376 1352 486 1412 τδς,
517 1351 611 1401 καὶ
669 1350 766 1414 τὴν
810 1345 982 1413 ἀληθῆ
1033 1344 1209 1395 αἰτίαν
1247 1340 1703 1409 ἀποκρυψάμενος
1736 1337 1939 1403 ἔφασκε

378 1443 509 1513 παρ’
565 1442 730 1495 αὐτοῦ
781 1439 1074 1499 Ἐδέκωνος
1120 1435 1392 1505 εἰρῆσθαι,
1453 1432 1527 1495 ὡς
1579 1432 1673 1483 καὶ
1722 1427 1871 1497 αὺτῷ
1916 1431 1943 1481 ὁ

375 1534 639 1603 Ἀττὴλας
665 1533 792 1601 περὶ
821 1530 929 1582 τῶν
959 1528 1209 1597 φυγάδων
1245 1524 1595 1595 χαλεπαίνοι·
1630 1522 1738 1573 ἔδει
1771 1520 1880 1588 γὲρ
1910 1517 1943 1588 ἢ

377 1625 582 1687 πάντας
604 1620 916 1684 ἀπολαϐεῖν,
944 1620 975 1689 ἢ
1010 1617 1268 1687 πρέσϐεις
1292 1619 1353 1668 ἐκ
1382 1616 1479 1683 τῆς
1506 1613 1769 1683 μεγίστης
1794 1609 1943 1673 ἐξου-

378 1718 499 1779 σίας
525 1713 816 1782 ἀφικέσθαι
846 1711 978 1783 πρὸς
998 1711 1177 1763 αὐτόν.
1200 1707 1383 1761 Ταῦτα
1410 1705 1812 1774 διαλεγομένοις
1842 1717 1946 1753 πα-

380 1807 730 1881 ραγενόμενοί
757 1822 899 1867 τινες
928 1804 1034 1855 τῶν
1059 1806 1102 1835 ⁹²
1152 1802 1382 1868 Ἀττήλα
1420 1800 1625 1865 ἔλεγον,
1672 1798 1806 1867 μήτε
1854 1794 1944 1845 Βι-

377 1902 553 1971 γίλαν,
597 1902 733 1970 μήτε
775 1899 919 1968 ἡμᾶς
962 1898 1229 1965 Ῥωμαῖον
1284 1892 1624 1963 αἰχμάλωτον
1670 1891 1702 1960 ἢ
1738 1888 1941 1959 βάρϐα-

380 2012 473 2064 ρον
502 1990 888 2062 ἀνδράποδονῆ
927 1988 1125 2051 ἵππους
1154 1987 1186 2056 ἢ
1224 1986 1408 2055 ἕτερόν
1450 2002 1501 2035 τι
1536 1983 1674 2053 πλὴν
1708 1982 1815 2034 τῶν
1863 1983 1942 2044 είς

379 2083 582 2154 τροφὴν
617 2080 892 2144 ὠνεῖσθαι,
924 2081 1085 2147 ἄχρις
1133 2078 1255 2129 ὅτου
1300 2075 1368 2127 τά
1415 2072 1615 2143 μεταξὺ
1661 2072 1944 2141 Ῥωμαίων

384 2174 479 2227 καὶ
505 2172 716 2226 Οῦννων
748 2170 1025 2241 ἀμφίϐολα
1072 2166 1399 2238 διακριθείη.
1437 2163 1851 2232 Σεσοφισμένως
1890 2162 1946 2213 δὲ

383 2265 554 2317 ταῦτα
594 2266 686 2317 καὶ
724 2264 863 2315 κατά
887 2262 1083 2331 τέχνην
1116 2259 1334 2326 ἐγένετο
1378 2256 1454 2325 τῷ
1490 2253 1777 2325 Βαρϐάρῳ,
1808 2252 1948 2305 ὥστε

379 2358 471 2409 τὸν
508 2355 601 2425 μὲν
641 2352 860 2421 Βιγίλαν
896 2351 1095 2422 ῥᾳδίως
1142 2350 1232 2402 ἐπὶ
1259 2352 1323 2419 τῇ
1376 2348 1495 2400 κατ’
1528 2345 1692 2401 αὑτοῦ
1745 2344 1948 2398 ἁλῶναι

380 2447 576 2518 πράξει
598 2444 910 2516 ἀποροῦντα
940 2443 1139 2505 αἰτίας,
1163 2442 1247 2509 ἐφ’
1273 2436 1417 2515 ᾗπερ
1452 2439 1511 2491 τὸ
1542 2438 1761 2507 χρυσίον
1792 2437 1949 2506 κομί-

382 2540 484 2604 ζοι,
522 2538 669 2607 ἡμᾶς
697 2536 752 2589 δὲ
786 2535 1055 2605 προφάσει
1085 2532 1430 2603 ἀποκρίσεως
1457 2532 1549 2583 ἐπὶ
1580 2533 1643 2600 τῇ
1682 2528 1949 2599 πρεσϐείᾳ

382 2628 747 2698 δοθησομένης
780 2628 1100 2697 Ὀνηγήσιον
1136 2622 1557 2688 ἀπεκδέξασθαι,
1590 2621 1657 2675 τὰ
1684 2620 1830 2692 δῶρα
1864 2638 1953 2673 κο-

388 2720 678 2790 μιούμενον
730 2719 874 2788 ἆπερ
923 2719 1085 2788 ἡμεῖς
1134 2733 1192 2769 τε
1237 2715 1434 2769 διδόναι
1484 2712 1816 2782 ἐϐουλόμεθα
1862 2712 1951 2764 καὶ

384 2809 641 2882 βασιλεὺς
683 2808 1037 2863 ἀπεστάλκει.
1079 2805 1372 2859 Συνέϐαινε
1408 2801 1515 2873 γάρ
1555 2804 1716 2856 αὑτὸν
1750 2803 1845 2855 σὺν
1877 2800 1953 2871 τῷ

384 2899 1125 2974 πρεσϐυτέρῳτῶνἋττήλα
1180 2898 1385 2950 παίδων
1429 2901 1486 2960 ἐς
1523 2897 1583 2949 τὸ
1632 2896 1738 2948 τῶν
1787 2895 1949 2949 Ἀκα-

382 2995 583 3068 τζίρων
604 2994 649 3027 ⁸³
676 2992 826 3055 ἔθνος
844 2992 1120 3053 ἐστάλθαι,
1148 2993 1175 3045 ὅ
1198 2992 1313 3043 ἐστι
1338 2988 1599 3042 Σκυθικὸν
1617 2988 1787 3054 ἐθνος,
1815 3006 1956 3060 παρ-

386 3086 514 3157 έστη
543 3084 601 3141 δὲ
623 3084 698 3157 τῷ
738 3085 972 3156 Ἀττήλᾳ
1002 3084 1059 3151 ἐξ
1089 3084 1264 3146 αἰτίας
1292 3082 1527 3135 τοιᾶσδε’
1569 3082 1784 3135 Πολλῶν
1814 3082 1953 3136 κατὰ

2045 609 2186 659 vivio
2236 607 2286 657 in
2318 605 2536 657 Serdica
2564 605 2703 655 dicta
2749 603 2981 666 fuerant,
3030 616 3127 655 nec
3179 600 3610 669 conjurationem

2043 700 2093 750 in
2134 696 2349 752 Attilam
2385 696 2691 758 detectam,
2736 708 2853 746 cum
2888 706 3043 745 nemo
3082 706 3145 745 ex
3181 692 3327 745 omni
3369 692 3613 746 multitu-

2043 789 2187 851 dine,
2224 801 2341 855 quae
2368 785 2589 838 Attilam
2624 786 3029 847 circumstabat,
3072 793 3296 850 excepto
3341 782 3613 849 Edecone,

2044 897 2151 949 pne
2186 891 2351 942 metu,
2404 878 2493 946 qui
2556 876 2795 929 omnium
2850 882 3056 927 mentes
3100 884 3433 942 pervaserat,
3489 892 3610 929 cum

2042 971 2203 1023 Atzila
2240 983 2543 1023 sermonem
2580 968 2861 1020 instituere
2895 966 3139 1031 auderet,
3174 966 3474 1021 Edeconem
3516 982 3617 1019 au-

2046 1073 2149 1115 tem
2185 1060 2427 1115 studiose
2468 1074 2686 1127 operam
2714 1058 2965 1111 daturum
2996 1071 3257 1123 censeret,
3295 1061 3477 1114 omnia
3536 1061 3616 1115 si-

2045 1153 2209 1205 lentio
2262 1152 2581 1217 transigere.
2619 1160 2728 1203 tum
2786 1162 3005 1219 promer
3035 1150 3436 1219 jusjurandum,
3502 1164 3611 1207 tum

2045 1254 2265 1313 propter
2304 1243 2499 1312 negotii
2552 1242 2871 1308 gravitatem
2908 1258 2921 1297 :
2958 1256 3043 1301 ne,
3087 1242 3210 1310 quia
3264 1243 3617 1300 clandestinis

2047 1337 2098 1388 in
2160 1334 2381 1387 Allilattt
2434 1333 2688 1399 consiliis;
2721 1331 3060 1396 interfuerat,
3120 1348 3242 1387 reus
3310 1336 3618 1403 judicatus,

2047 1442 2205 1496 poena
2240 1427 2424 1479 mortis
2463 1425 2787 1478 adiceretur.
2838 1424 2960 1478 llrec
2993 1440 3114 1479 cum
3156 1425 3402 1493 ambigua
3440 1437 3621 1480 mente

2050 1517 2403 1577 volveremus,
2443 1514 2654 1568 Edecon
2679 1517 3012 1584 supervenit,
3044 1524 3095 1568 et
3129 1516 3359 1571 abducto
3388 1532 3417 1569 a
3438 1528 3626 1572 nostro

2050 1619 2191 1663 coetu
2221 1607 2387 1676 Bigila
2430 1609 2689 1677 (tingebat
2737 1610 2880 1661 enim
2928 1608 3063 1661 velle
3111 1622 3237 1661 vere
3282 1619 3336 1662 et
3378 1613 3525 1665 serio
3559 1610 3625 1666 de

2051 1702 2434 1769 ργιιτιιιθιιίιιιιῑε
2489 1702 2631 1754 inter
2675 1715 2769 1755 eos
2811 1701 3021 1753 insidiis
3053 1701 3255 1769 agere),
3311 1704 3397 1756 ubi
3430 1718 3622 1758 aurum

2051 1791 2229 1847 allen-ri
2266 1793 2554 1862 praecepit,
2598 1794 2738 1861 quod
2769 1793 2851 1845 his
2889 1794 3126 1857 daretur,
3159 1794 3247 1861 qui
3276 1797 3622 1865 exsequendo

1975 1868 2015 1921 Β
2044 1883 2271 1938 facinori
2305 1899 2523 1952 operam
2560 1884 2801 1936 navatnri
2842 1894 3040 1946 essent,
3070 1885 3337 1940 discessit.
3367 1888 3475 1955 Ego
3499 1904 3627 1943 vero

2048 1992 2168 2030 cum
2204 1974 2429 2043 Bigilam
2462 1975 2727 2027 Curiosius
2775 1974 3127 2041 inquirerem,
3161 1991 3296 2044 quos
3344 1993 3625 2032 sermones

2049 2082 2230 2121 secum
2267 2065 2475 2119 Edecon
2513 2064 2812 2127 habuisset,
2858 2065 3107 2130 decipere
3148 2076 3374 2120 conatus
3392 2077 3497 2132 est,
3531 2069 3627 2122 de-

2050 2170 2237 2227 ceptus
2283 2168 2334 2211 et
2370 2160 2503 2225 ipse,
2565 2165 2619 2209 et
2653 2170 2837 2209 veram
2872 2171 3091 2208 causam
3141 2157 3425 2210 occultans
3469 2172 3627 2213 com-

2054 2259 2264 2304 mentus
2330 2258 2415 2303 est
2470 2249 2569 2302 sibi
2630 2247 2933 2301 Edeconem
3010 2246 3236 2312 dixisse,
3281 2250 3501 2303 Attilam
3553 2250 3629 2306 illi

2053 2356 2265 2411 quoque
2285 2348 2501 2409 propter
2532 2339 2841 2406 transfugas
2884 2340 3281 2394 succensuisse.
3307 2338 3630 2410 Oportuisse

2052 2435 2195 2488 enim
2226 2442 2319 2486 aut
2354 2446 2542 2485 Omnes
2585 2431 2816 2493 restitui,
2846 2440 2937 2482 aut
2964 2430 3169 2498 legatos
3203 2446 3415 2485 summa
3438 2442 3628 2486 aucto-

2056 2525 2211 2575 ritate
2236 2521 2487 2591 przeditos
2518 2521 2579 2571 ad
2620 2520 2767 2572 illum
2802 2520 3009 2590 venire.
3053 2518 3179 2575 Haec
3207 2522 3331 2575 dum
3366 2521 3627 2590 loqueba-

2058 2630 2196 2675 mur,
2228 2612 2497 2665 advenere
2530 2611 2595 2663 ab
2620 2608 2807 2676 Attila,
2840 2610 2929 2678 qui
2971 2609 3194 2679 Bigilam
3228 2621 3282 2664 et
3326 2627 3425 2666 nos
3448 2613 3633 2680 prohi-

2058 2707 2267 2767 berent,
2295 2702 2562 2770 captivum
2598 2701 2929 2766 ltomannm,
2970 2712 3061 2754 aut
3098 2702 3384 2756 barbarum
3426 2704 3639 2758 manci-

2060 2797 2225 2864 pium,
2260 2803 2350 2847 aut
2379 2808 2569 2862 equos,
2595 2802 2687 2846 aut
2715 2794 3021 2861 quidquam
3052 2794 3197 2847 aliud
3238 2808 3443 2860 emere,
3495 2812 3667 2865 prae--

2063 2897 2308 2954 terquam
2347 2899 2467 2953 quae
2494 2884 2560 2936 ad
2617 2883 2817 2937 victum
2860 2886 3167 2939 necessaria
3232 2896 3409 2953 erant,
3464 2888 3639 2941 donec

2057 2977 2198 3029 inter
2221 2974 2497 3029 Romanos
2519 2982 2571 3026 et
2589 2972 2808 3026 llunnos
2841 2974 2906 3027 de
2928 2976 3086 3029 rebus
3110 2977 3478 3031 controversis
3505 2993 3637 3032 con-

2059 3069 2313 3122 venisset.
2348 3064 2475 3120 Haec
2503 3064 2695 3119 callide
2733 3073 2786 3118 et
2817 3067 3192 3134 praemeditato
3236 3068 3465 3123 consilio
3508 3070 3639 3123 Bar-

390 3156 532 3245 φῦλα
570 3156 677 3230 και
706 3177 839 3245 γένη
872 3175 1147 3246 ἀρχόντων
1191 3174 1284 3226 τοῦ
1334 3173 1538 3237 ἔθνους,
1594 3173 1874 3234 Θεοδόσιος
1927 3174 1955 3225 ὁ

2064 3168 2225 3218 barus
2258 3160 2511 3225 faciebat,
2550 3173 2653 3227 quo
2686 3156 2895 3212 facilius
2916 3158 3141 3228 Bigilam
3172 3160 3222 3213 in
3255 3162 3480 3217 consilio
3510 3179 3639 3218 con-

390 3266 641 3336 βασιλεὺς
694 3267 967 3336 ἐκπέμπει
1021 3267 1191 3335 δῶρα,
1245 3265 1385 3318 ὥστε
1445 3264 1668 3335 ὁμονοίᾳ
1723 3265 1958 3336 σφετέρᾳ

388 3356 763 3429 ἀπαγορεῦσαι
804 3357 904 3424 μὲν
936 3360 1001 3428 τῇ
1024 3357 1118 3410 τοῦ
1166 3357 1400 3427 Ἀττήλα
1432 3356 1739 3427 συμμαχίᾳ,
1774 3356 1871 3427 τὴν
1901 3357 1957 3409 δὲ

390 3451 526 3521 πρὸς
574 3448 878 3519 Ῥωμαίους
921 3448 1261 3522 [συμμαχίαν
1287 3448 1354 3517 9¹’]
1410 3448 1769 3512 ἀσπάζεσθαι.
1822 3448 1879 3500 '0
1904 3448 1960 3501 δέ

389 3541 457 3595 τά
490 3539 641 3610 δῶρα
679 3540 1028 3610 ἀποκομίζων
1079 3542 1140 3592 ού
1188 3541 1328 3593 κατά
1351 3540 1514 3605 ’τάξιν
1540 3541 1755 3612 ἑκάστῳ
1787 3542 1832 3573 ⁸⁸
1855 3541 1962 3594 τῶν

394 3618 659 3699 βασιλέων
695 3630 791 3683 τοῦ
828 3630 1015 3694 ἐθνους
1054 3630 1290 3696 δίδωσιν,
1323 3630 1463 3684 ὥστε
1508 3632 1599 3684 τὸν
1630 3630 1964 3702 Κουρίδαχον

393 3720 757 3792 πρεσϐύτερον
794 3722 923 3775 ὄντα
952 3725 1017 3793 τῇ
1048 3723 1209 3792 ἀρχῇ,
1236 3723 1305 3775 τὰ
1342 3721 1491 3793 δῶρα
1521 3722 1813 3793 δεξάμενον
1844 3720 1965 3774 δεύ-

391 3830 569 3885 τερον,
603 3808 692 3870 οία
721 3814 785 3886 δὴ
824 3814 1189 3886 περιοφθέντα
1216 3802 1309 3869 καὶ
1367 3815 1475 3868 τῶν
1525 3815 1801 3884 σφετέρων
1843 3830 1965 3866 στε-

396 3904 630 3976 ρηθέντα
678 3906 880 3976 γερῶν,
930 3906 1359 3959 ἐπικαλέσασθαι
1396 3906 1486 3958 τὸν
1530 3904 1794 3974 ’Δττήλαν
1828 3904 1969 3957 κατά

391 3995 501 4051 τῶν
558 3996 1086 4068 συμϐασιλευόντων,
1119 3999 1210 4052 τὸν
1248 3999 1305 4051 δέ
1338 3999 1414 4069 μὴ
1463 3997 1805 4069 μελλήσαντα
1838 3996 1969 4048 πολ-

394 4084 492 4158 λὴν
519 4088 801 4160 ἐκπέμψαι
829 4088 1080 4160 δύναμιν,
1115 4092 1208 4143 καὶ
1238 4092 1363 4153 τοὺς
1405 4090 1505 4159 μὲν
1542 4088 1820 4153 ἀνελόντα,
1848 4087 1973 4150 τοὺς

396 4176 452 4228 δὲ
480 4164 975 4251 παραστησάμενον
1015 4179 1200 4233 καλεῖν
1240 4179 1331 4232 τὸν
1382 4178 1717 4249 Κουρίδαχον
1743 4177 1850 4229 τῶν
1893 4192 1975 4228 νι-

396 4270 677 4353 κητηρίων
729 4270 1043 4339 μεθέξοντα.
1102 4271 1206 4324 Τὸν
1256 4271 1311 4323 δέ
1365 4269 1657 4341 ἐπιϐουλὴν
1709 4269 1979 4339 ὑποτοπή-

400 4374 565 4411 σαντα
598 4360 794 4425 εἰπεῖν,
840 4359 916 4423 ὡς
950 4360 1187 4430 χαλεπὸν
1215 4360 1492 4432 ἀνθρώπῳ
1537 4360 1710 4414 ἐλθεῖν
1755 4363 1813 4424 ἐς
1857 4360 1977 4430 ὄψιν

396 4449 570 4504 Θεοῦ’
622 4454 672 4506 sl
721 4454 830 4523 γὰρ
884 4455 1006 4507 οὐδὲ
1060 4456 1151 4508 τὸν
1195 4455 1290 4508 τοῦ
1342 4456 1494 4526 ἡλίου
1544 4455 1726 4508 δίσκον
1777 4455 1980 4516 ἀτενῶς

2064 3266 2143 3309 tra
2175 3268 2233 3307 se
2268 3248 2613 3318 exsequendo
2646 3248 3096 3313 deprehenderet,
3131 3263 3250 3303 cum
3282 3251 3482 3305 nullam
3508 3254 3642 3307 satis

2064 3348 2311 3402 idoneam
2346 3358 2564 3398 causam
2584 3341 2921 3396 comminisci
2951 3352 3153 3409 posset,
3188 3357 3286 3395 cur
3331 3358 3523 3397 aurum
3561 3345 3646 3399 af-

2062 3438 2249 3493 ferret.
2296 3434 2405 3490 Nos
2432 3449 2649 3504 quoque
2678 3442 2936 3501 praetenta
2962 3448 3130 3487 causa
3178 3436 3446 3505 responsi,
3498 3437 3646 3507 quod

2066 3530 2131 3582 ad
2181 3530 2511 3599 legationem
2565 3528 2809 3580 editurus
2838 3535 2990 3589 erat,
3034 3524 3360 3595 Onegesium
3402 3529 3638 3597 opperiri

2067 3621 2265 3691 coegit,
2290 3629 2347 3674 ut
2379 3633 2622 3683 munera,
2646 3634 2763 3688 qua:
2805 3619 2869 3671 ad
2898 3633 3020 3672 eum
3072 3619 3367 3687 imperator
3398 3620 3645 3688 miserat,

2068 3725 2119 3768 et
2154 3716 2369 3768 tradere
2409 3711 2740 3776 volebamus,
2784 3711 3072 3780 acciperet.
3106 3711 3315 3764 Etenim
3359 3721 3469 3765 tum
3507 3712 3648 3767 forte

2071 3804 2365 3874 Onegesius
2423 3818 2524 3855 una
2565 3818 2687 3856 cum
2748 3802 2963 3856 seniore
3006 3817 3072 3854 ex
3105 3802 3288 3857 Attilae
3340 3804 3526 3858 liberis
3579 3805 3647 3858 ad

2070 3896 2350 3950 Acatziros
2380 3895 2574 3947 missus
2616 3893 2721 3963 55
2759 3894 2953 3947 fuerat.
3004 3893 3076 3947 Ea
3102 3908 3233 3961 gens
3261 3904 3345 3949 est
3367 3892 3649 3965 Scythica,

2076 4002 2197 4056 qua:
2248 3988 2298 4038 in
2350 3994 2667 4054 potestatem
2698 3983 2880 4037 Attila:
2916 3986 3016 4037 hac
3056 3986 3120 4039 de
3153 4000 3315 4040 causa
3366 3987 3532 4042 venit.
3588 3986 3651 4042 In

2078 4097 2197 4136 eam
2250 4090 2461 4149 gentem
2526 4078 2707 4146 plures
2735 4079 3032 4132 secundum
3081 4079 3307 4148 pepulos
3361 4089 3416 4134 et
3460 4093 3652 4152 gentes

2081 4174 2367 4241 imperium
2403 4173 2746 4235 exercebant,
2782 4185 2916 4239 quos
2962 4171 3255 4242 imperator
3295 4172 3654 4238 Theodosius,

2084 4264 2292 4318 ﬁrmata
2324 4264 2464 4318 inter
2490 4278 2581 4318 eos
2612 4262 2922 4327 concordia,
2972 4262 3037 4317 ab
3067 4263 3246 4317 Attila:
3285 4264 3545 4319 societate
3587 4266 3657 4320 ad

2082 4360 2366 4414 colendam
2389 4372 2508 4409 cum
2537 4353 2799 4409 Romanis
2828 4370 3012 4423 pacem
3044 4365 3097 4409 et
3129 4355 3443 4410 societatem
3470 4372 3659 4410 mune-

2086 4450 2257 4518 ribus,
2285 4449 2568 4501 traducere
2605 4456 2829 4501 conatus
2858 4458 2958 4501 est.
2989 4445 3089 4513 Qui
3118 4461 3181 4502 ea
3204 4463 3427 4502 munera
3458 4448 3659 4504 attule-

400 4540 549 4597 ἐστιν
591 4543 743 4610 ἰδεῖν,
811 4545 925 4610 πῶς
973 4547 1062 4601 τὸν
1106 4548 1367 4617 μέγιστον
1421 4548 1529 4601 τῶν
1566 4547 1705 4601 θεῶν
1756 4546 1952 4600 ἀπαθῶ

2094 4553 2176 4595 rat
2207 4558 2309 4595 non
2343 4557 2438 4611 pro
2463 4540 2724 4609 cujusque
2758 4541 2933 4610 gentis
2972 4541 3116 4609 regis
3146 4543 3342 4595 merito
3392 4550 3446 4595 et
3490 4542 3661 4611 gradu

398 4653 482 4701 τις
519 4638 740 4715 ὅψοιτος
779 4640 967 4706 Οὕτως
982 4644 1029 4675 ⁸⁸
1066 4642 1164 4713 μέν
1195 4644 1223 4695 ὁ
1261 4644 1593 4715 Κουρίδαχος
1644 4644 1855 4713 ἔμεινεν
1883 4644 1975 4695 ἐπὶ

399 4728 512 4791 τοῖς
552 4729 836 4801 σφετέροις
889 4733 983 4785 καί
1014 4732 1303 4802 διεφύλαξε
1355 4735 1453 4805 τὴν
1493 4734 1691 4804 ἀρχὴν,
1743 4734 1834 4787 τοῦ
1870 4734 1979 4787 λοι-

405 4814 509 4868 ποῦ
541 4817 739 4882 παντὸς
768 4818 863 4872 τοῦ
899 4820 1235 4891 Ἀκατζίρων
1277 4823 1458 4885 ἐθνους
1496 4824 1573 4893 τῷ
1600 4825 1832 4895 Ἀττήλᾳ
1872 4842 1976 4878 πα-

407 4906 734 4975 ραστάντοςο
769 4905 944 4983 οὗπερ
978 4911 1168 4976 ἐθνους
1224 4914 1448 4983 βασιλέα
1474 4914 1563 4967 τὸν
1606 4916 1975 4987 πρεσϐύτερον

404 4995 514 5050 τῶν
553 4999 761 5053 παίδων
788 5004 1132 5073 καταστῆσαι
1170 5003 1495 5075 βουλόμενος
1538 5007 1857 5077 Ὀνηγήσιον
1885 5008 1975 5060 ἐπὶ

403 5086 609 5156 ταύτην
641 5091 918 5158 ἐκπέμπει
959 5092 1058 5163 τὴν
1089 5094 1308 5164 πρᾶξιν.
1351 5095 1443 5147 Διὸ
1478 5093 1542 5164 δὴ
1581 5095 1674 5147 καὶ
1704 5095 1872 5165 ἡμᾶς,
1902 5093 1978 5156 ὡς

405 5176 646 5245 εἴρηται,
686 5181 966 5251 ἐπιμεῖναι
1008 5184 1583 5255 παρακελευσάμενος,
1613 5183 1704 5236 τὸν
1755 5184 1978 5251 Βιγίλαν

406 5265 675 5337 διαφῆκεν
715 5269 831 5339 ἅμα
865 5271 1043 5343 Ἤσλᾳ
1080 5273 1348 5343 προφάσει
1376 5274 1472 5342 μὲν
1496 5272 1605 5325 τῶν
1634 5270 1890 5339 φυγάδων
1926 5270 1983 5333 ἐς

407 5356 508 5426 τὴν
571 5358 863 5430 Ῥωμαίων
913 5363 1338 5434 διαϐησόμενον,
1392 5367 1457 5435 τῇ
1510 5363 1566 5416 δὲ
1618 5363 1846 5435 ἀληθείᾳ
1909 5360 1987 5432 τῷ

410 5445 668 5502 Ἐδέι.ωνι
690 5451 750 5503 τὸ
780 5454 1003 5521 χρυσίον
1036 5453 1351 5522 κομιοῦντα.

2078 4649 2139 4687 ea
2168 4633 2541 4685 distribuerat.
2580 4630 2916 4685 Caridachus
2959 4632 3099 4685 enim
3136 4634 3372 4688 secundo
3400 4631 3518 4689 loco
3560 4639 3652 4689 a‘c-

2081 4734 2318 4791 ceperat,
2356 4725 2443 4790 qui
2474 4738 2659 4791 regum
2695 4723 2990 4791 antiquior,
3030 4724 3236 4793 primus
3279 4726 3528 4795 accipere
3554 4726 3650 4779 de-

2080 4816 2290 4869 buerat.
2342 4812 2456 4876 Ille,
2520 4825 2770 4882 tanquam
2820 4826 3160 4884 contemptus
3208 4825 3263 4870 et
3314 4818 3416 4872 sibi
3458 4818 3659 4872 debitis

2080 4906 2318 4977 praemiis
2363 4905 2686 4972 frustratus,
2722 4906 2942 4959 Attilam
2989 4918 3176 4961 contra
3222 4918 3447 4963 cmteros
3503 4923 3664 4979 reges

2084 4997 2284 5051 auxilio
2318 5007 2622 5050 vocaverat.
2656 4997 2705 5051 ls
2742 4998 2875 5052 nihil
2915 5008 3222 5065 cunctatus,
3269 5014 3465 5069 magno
3491 5014 3655 5054 exer-

2085 5090 2194 5144 citu
2226 5088 2426 5143 emisso
2448 5104 2634 5142 eorum
2669 5090 2803 5144 alios
2822 5092 3056 5155 sustulit,
3084 5092 3220 5145 alios
3234 5093 3298 5145 ad
3324 5092 3653 5147 deditionem

2087 5180 2364 5249 compulit.
2402 5179 2603 5233 Deinde
2631 5179 2987 5234 Caridacltum
3016 5182 3081 5234 ad
3111 5196 3168 5235 se
3198 5190 3374 5243 vocat,
3404 5191 3657 5249 tanquam

2090 5273 2165 5326 illi
2194 5274 2495 5338 victoriam,
2529 5285 2582 5326 et
2610 5288 2729 5342 qua:
2758 5288 2821 5325 ex
2849 5275 3075 5328 victoria
3122 5283 3448 5328 consecutus
3480 5274 3659 5327 fuerat

2096 5366 2492 5433 inipertiturus.
2516 5364 2619 5419 Sed
2650 5366 2751 5419 iste
2782 5364 2962 5419 dolum
2992 5375 3047 5418 et
3080 5366 3303 5419 insidias
3332 5364 3663 5431 suspicatus,

2106 5456 2319 5509 dillicile
2344 5466 2398 5509 et
2433 5472 2595 5525 grave
2631 5471 2751 5510 esse
2782 5456 2983 5510 homini
3011 5455 3308 5524 respondit,
3331 5455 3384 5508 in
3410 5454 3491 5508 dei
3519 5467 3673 5509 cons-

416 5549 643 5605 peetnm
715 5545 919 5599 venire.
982 5546 1039 5600 Si
1091 5546 1234 5599 enim
1278 5547 1513 5601 innnmis
1550 5544 1721 5601 oculis
1754 5544 1885 5599 snlis
1937 5542 2123 5598 orbem
2171 5545 2367 5599 intueri
2430 5562 2588 5601 nemo
2625 5556 2819 5615 potest,
2852 5545 3120 5613 quomodo
3166 5544 3289 5614 quis
3333 5544 3453 5601 sine
3510 5559 3674 5601 sensu

1692 5661 1927 5716 VARI/IS
1984 5661 2391 5719 LECTIONES.

3331 5716 3339 5741 I

520 5755 564 5783 "
596 5753 706 5832 τῷν
754 5755 847 5832 BZ,
893 5755 986 5832 ἶοῦ
1013 5756 1157 5832 vulg.
1224 5756 1814 5832 “"AKQ'CCipM‘AVui”
1841 5756 2177 5825 άκατιζίρων
2210 5756 2351 5826 vulg.
2429 5759 2475 5789 ’⁵
2502 5756 2843 5829 συμμαχίαν]
2896 5758 3120 5829 εἰρήνην
3175 5758 3239 5815 Il.
3282 5776 3389 5832 mg.
3467 5758 3514 5793 ”
3548 5756 3680 5811 ἐκά-

423 5838 547 5873 στου
585 5826 726 5893 vulg.
804 5827 848 5857 9°
879 5825 1051 5888 οὕτως
1080 5822 1352 5890 CantocL,
1397 5822 1551 5888 οὗτος
1578 5828 1719 5896 vnlg.
