2028 3105
202 134 252 166 721

594 139 642 169 DE
662 140 942 172 LEGATIONIBUS
963 143 1208 177 ROMANORUM
1228 149 1278 179 AD
1295 149 1455 182 GENTES.

1774 155 1826 186 722

201 188 396 227 χωρίῳρῦπερ
403 193 431 219 ἐν
437 194 469 228 τῇ
478 195 627 230 προτεραίᾳ
634 196 838 228 καταλύσαντες
846 197 987 233 ἐτύχομεν,

1043 202 1136 234 partim
1163 203 1188 230 in
1218 204 1273 238 ripa
1303 206 1426 239 paludis,
1457 208 1554 242 partim
1583 207 1609 235 in
1644 208 1699 243 ipsa
1733 210 1828 243 palude

201 238 234 262 τὰ
244 237 272 262 δὲ
288 236 336 263 καὶ
349 237 418 272 πρὸς
436 239 470 273 τῇ
480 238 547 274 ὄχθῃ
561 239 609 273 τῆς
618 239 726 274 λίμνης,
735 241 804 267 τὰδὲ
816 243 861 268 καὶ
877 243 905 269 ὲν
917 242 991 278 αὑτῷ

201 282 240 317 τῷ
252 282 341 313 ὕδατι,
353 282 532 317 ἁνελάὸομεν.
548 285 602 311 Καὶ
613 285 722 320 ἐκείνην
732 286 782 321 τὴν
793 287 899 322 ἡμέραν
916 288 946 314 ὲν
957 289 990 322 τῇ

203 328 286 363 κώμῃ
299 328 486 363 ίδιετρίψαμεν
503 329 612 357 ἅπαντα
638 330 890 366 διατερσαίνοντες·
917 333 931 359 ὃ
962 341 991 359 τε

203 374 259 409 γὰρ
278 374 382 409 χειμὼν
394 375 535 402 ἐπέπαυτο
548 376 595 402 καὶ
611 376 738 413 λαμπρὸς
758 378 832 413 ἥλιος
847 377 890 414 ἦν.
915 380 990 406 Ἐπιι·

206 420 368 454 μεληθέντες
384 420 412 446 δὲ
428 421 474 447 καὶ
486 423 540 447 τῶν
554 422 645 449 ἵππων
663 424 708 449 καὶ
721 424 774 450 τῶν
802 424 903 451 λοιπῶν
921 426 989 452 ὑπο-

206 465 307 499 ζυγίων
332 466 406 501 παρὰ
424 467 473 501 τὴν
504 467 624 502 βασιλίδα
648 470 811 504 ἀφικόμεθα,
841 472 887 497 καλ
908 472 991 507 αὐτὴν

207 512 396 547 ἀσπασάμενοι
424 514 470 540 καὶ
496 514 590 548 δώροις
621 516 828 551 ἀμειψάμενοι,
858 518 933 552 τρισί
962 527 990 545 τε

207 559 341 593 ἀργυραῖς
366 559 476 593 φιάλαις
503 561 550 586 καὶ
573 561 699 596 ὲρυθροῖς
725 563 842 598 δέρμασι
879 565 926 590 κα)⁸
952 565 990 598 τῷ

207 603 236 634 ἐξ
271 603 365 635 Ἰνδίας
397 605 510 640 πεπέρει
540 608 587 632 καὶ
612 607 650 641 τῷ
683 608 780 643 κιρπῷ
820 609 874 636 τῶν
910 611 992 643 φοινί-

206 657 262 674 κων
277 649 324 675 καὶ
347 650 450 684 ἑτέροις
471 652 629 686 τραγήμασι
645 654 654 668 ³
667 653 709 680 διὰ
732 655 761 680 τὸ
782 655 818 689 μὴ
844 656 992 690 ἐπιχωριά-

210 695 267 727 ζειν
282 697 337 727 τοῖς
350 697 500 732 Βαρὸἀροις
517 698 578 724 οὖσι
589 699 700 733 τιμίοις,
717 701 858 735 ὑπὲξιμεν,
874 702 991 736 εὐξάμε-

205 749 245 767 νοι
275 742 343 776 αὐτῇ
361 742 450 776 ἀγαθὰ
462 743 512 777 τῆς
527 744 616 776 ξενίας
629 745 702 779 πέρι.
722 745 846 781 Ἦμερῶν
859 748 886 773 δὲ
899 747 920 779 ζ’
934 749 991 775 ὁδὸν

206 786 356 819 ἀνύσαντες
366 788 395 813 ὲν
410 787 491 824 κώμῃ
501 790 554 814 τινὶ
569 790 763 825 ἐπεμείναμεν,
778 793 832 818 τῶν
849 793 991 827 ξεναγούν-

205 839 260 857 των
277 832 563 867 παρακελευσαμένων
581 834 705 864 Σκυθῶν.
723 833 766 862 οἷα
779 836 810 871 δὴ
833 837 880 863 τοῦ
902 838 991 872 Ἀττή-

206 878 239 904 λα
254 879 282 908 ές
297 878 381 912 αὐτὴν
394 878 575 913 ὲμόαλοῠντος
587 880 635 915 τὴν
651 881 708 907 ὁδὸν
724 882 770 908 καὶ
784 883 861 917 ἡμῶν
873 884 989 910 κατόπιν

206 923 289 949 αὑτοῦ
303 923 466 959 πορεύεσθαι
480 926 651 960 ὀφειλόντων.
666 927 750 954 Ἔνθα
765 928 796 965 δὴ
811 929 989 965 ἐνετυγχάνο-

209 978 259 1004 μεν
274 970 284 984 ⁸
306 970 419 1005 ἀνδράσι
434 970 488 997 τῶν
515 972 652 1008 ἑσπερίων
672 973 815 1009 Ῥωμαίων
829 976 877 1002 καὶ
900 977 990 1008 αὐτοῖς

207 1014 282 1048 παρα
296 1013 341 1040 τὸν
370 1015 499 1049 Ἀττήλαν
534 1016 764 1051 πρεσϐευομένοις
776 1026 785 1035 ·
797 1015 834 1045 ὧν
853 1020 991 1055 Ῥωμύλος

209 1057 338 1095 ἦν,ἁνὴρ
367 1062 400 1095 τῇ
427 1060 476 1087 τοῦ
507 1062 626 1097 κόμητος
651 1063 713 1099 ἀξίᾳ
728 1065 920 1099 τετιμημένος,
944 1067 991 1092 καὶ

210 1104 360 1139 Πριμοῦτος
374 1106 385 1121 ⁸
395 1107 444 1141 τῆς
456 1106 588 1141 Νωρίκων
598 1107 688 1143 ἄρχων
705 1108 806 1144 χώρας,
816 1110 863 1137 καὶ
883 1110 991 1145 Ῥωμα-

209 1150 253 1181 Vb;
269 1151 464 1184 στρατιωτικοῦ
480 1153 619 1187 τάγματος
632 1155 751 1189 ἡγεμών.
764 1155 850 1190 Συνῆν
863 1156 890 1182 δὲ
901 1157 991 1188 αὐτοῖς

209 1196 408 1228 Κωνστάντιος,
423 1197 452 1223 ὃν
470 1199 638 1225 ἀπεστάλκει
662 1200 762 1231 Ἀέτιος
783 1201 858 1236 παρὰ
873 1203 917 1228 τὶν
932 1203 992 1228 Ἀτ-

207 1242 290 1276 τήλαν
303 1242 484 1277 ὑπογραφὲως
508 1245 598 1279 χάριν,
619 1246 665 1271 xui.
682 1246 840 1278 Τατοῦλοςό
860 1248 990 1283 Ὀρέστου

207 1287 298 1321 πατὴρ
313 1287 359 1314 τοῦ
373 1290 440 1323 μετὰ
460 1289 618 1325 Ἐδέκῳνος,
630 1292 659 1317 οὐ
672 1293 719 1327 τῆς
738 1294 887 1327 πρεσόείας
899 1295 989 1327 ἕνεκα,

207 1331 274 1359 ἀλλὰ
286 1333 452 1368 οίκειότητος
469 1334 550 1370 χάριν
568 1336 626 1370 ἅμα
649 1337 740 1371 σ’ρίσιν
756 1339 848 1370 αὐτοῖς
867 1340 916 1374 τὴν
942 1349 991 1366 πο-

210 1377 285 1411 ρείαν
302 1378 468 1414 ποιούμενοι,
483 1381 669 1414 Κωνστὰντιος
684 1383 734 1418 μὲν
743 1385 786 1410 διὰ
802 1386 850 1419 τὴν
862 1386 872 1401 ⁵
887 1387 915 1412 ἐν
930 1387 991 1417 ταῖς

215 1423 342 1455 Ίταλίαις
359 1426 575 1461 προϋπάρξασαν
588 1428 654 1462 πρὸς
678 1430 740 1461 τοὺς
760 1431 857 1466 ἄνδρας
881 1433 990 1465 γνῶσιν,

208 1469 342 1501 Τατοῦλος
352 1470 379 1496 δὲ
392 1471 435 1497 διὰ
449 1473 617 1506 συγγένειαν.
636 1475 664 1501 '0
678 1476 732 1511 γὰρ
743 1477 824 1503 αὐτοῦ
837 1479 900 1509 παῖς
915 1479 992 1513 Ὀρέ-

208 1523 273 1566 ora;
290 1515 429 1566 Ῥωμύλου
445 1517 580 1554 θυγατέρα
604 1522 790 1556 ἐγεγαμήκει,
807 1523 860 1549 ἀπὸ
889 1525 993 1551 Παντα-
1006 1538 1027 1566 C

207 1561 304 1592 δίωνος
331 1562 380 1597 τῆς
397 1563 426 1590 ὲν
442 1563 561 1599 Νωρίκῳ
590 1565 703 1596 πόλεως,
716 1587 722 1593 .
735 1587 741 1593 .
752 1588 757 1593 .
768 1587 774 1592 .
794 1568 989 1603 ἐπρεσϐεύοντο

207 1607 440 1643 ἑκμειλιττόμενοι
477 1609 550 1635 ’τὸν
579 1610 721 1646 Ἀττήλαν,
746 1613 888 1647 ἐκδοθῆναι
917 1615 991 1650 αὐτῷ

208 1651 367 1686 βουλόμενον
382 1653 392 1668 ⁷
417 1653 557 1686 Σιλῦανδν,
592 1656 704 1691 Ἀρμίου
720 1658 731 1673 ⁸
750 1659 890 1694 τραπέζης
919 1661 990 1687 κατᾶ

186 1697 257 1732 λιτὴν
281 1697 390 1734 Ῥώμην
406 1701 576 1734 προεστῶτα,
599 1702 636 1733 ὡς
665 1704 761 1737 φιάλας
789 1707 890 1740 χρυσᾶς
917 1708 991 1742 παρὰ

206 1742 397 1771 Κωνσταντίου
408 1745 565 1780 δεξάμενον,
580 1747 608 1779 ὃς
633 1749 664 1775 ὲκ
686 1749 812 1777 Γαλατῶν
827 1752 877 1786 μὲν
888 1752 942 1778 τῶν
962 1754 991 1779 ἐν

206 1790 255 1834 τῇζ
266 1788 386 1826 Ἑππέρᾳ
404 1791 527 1826 ὡρμᾶτο,
542 1794 694 1821 ἀπέσταλτο
705 1795 732 1822 δὲ
751 1798 797 1823 καὶ
811 1798 892 1830 αὐτὸς
916 1799 991 1834 παρὰ

214 1832 343 1871 ’Δττήλαν
354 1845 383 1863 τε
399 1838 445 1864 καὶ
463 1838 578 1873 Βλήδαν,
597 1839 691 1875 ὥσπερ
706 1842 719 1867 ό
742 1843 799 1876 μετ’
815 1843 895 1870 αὑτὸν
913 1832 991 1870 Κών-

208 1881 340 1914 στάντιος,
351 1883 532 1919 ὑπογραφέως
541 1887 630 1922 χάριν.
646 1888 720 1913 Kurd
733 1888 761 1914 δὲ
769 1889 814 1915 τὸν
827 1890 921 1924 χρόνον
931 1891 959 1916 ὲν
970 1887 991 1924 ᾧ

207 1926 260 1953 ὑπὸ
275 1929 385 1955 Σκυθῶν
395 1931 424 1955 ὲν
434 1932 466 1966 τῇ
475 1931 485 1944 '
498 1932 618 1958 Παιόνων
630 1933 815 1967 ἐπολιορκεῖτο
826 1935 855 1960 τὸ
869 1935 990 1969 Σίρμιον,

206 1973 256 2004 τὰς
271 1974 370 2008 φιάλας
384 1977 459 2010 παρὰ
472 1977 519 2003 τοῦ
534 1977 585 2012 τῆς
604 1978 707 2009 πόλεως
720 1980 869 2006 ἐπισκόπου
885 1981 993 2013 ἐδέξατο

207 2018 250 2052 ἐφ’
261 2015 373 2052 ᾧαύτὸν
392 2020 535 2052 λύσασθαι,
552 2022 577 2048 εἴ
593 2030 623 2056 γε
642 2024 782 2057 περιόντος
796 2025 818 2039 ¹⁰
828 2025 910 2051 αὑτοῦ
926 2025 993 2052 ὰλῶ-

207 2071 251 2091 ναι
269 2065 320 2100 τὴν
340 2065 418 2092 πόλιν
443 2067 574 2102 ωμὸαίη,
596 2068 612 2102 ἢ
630 2068 819 2104 ἀναιρεθέντος
835 2070 992 2105 ὠνήσασθαι

206 2109 271 2140 τοὺς
289 2110 479 2145 αἰχμαλώτους
501 2113 690 2147 ἀπαγομένους
708 2114 762 2140 τῶν
787 2115 887 2142 ἀστῶν.
920 2116 948 2142 '0
965 2117 993 2143 δὲ

206 2154 399 2188 Κωνστάντιος
422 2157 491 2191 μετὰ
507 2158 553 2184 τον
576 2159 626 2193 τῆς
650 2160 754 2191 πόλεως
777 2161 993 2198 ἀνδραποδισμὸν

1041 248 1200 281 recepimus.
1231 249 1258 276 lu
1292 250 1333 278 his
1362 251 1532 280 desiccandis
1571 258 1654 281 totum
1693 254 1763 281 diem
1799 255 1825 281 in

1042 292 1087 319 illo
1117 294 1176 321 vico
1207 294 1374 330 (tempestas
1408 298 1479 325 enim
1512 299 1649 331 desierat,
1679 305 1707 326 et
1738 300 1827 327 clarus

1042 339 1080 365 sol
1107 340 1271 375 apparebat)
1298 343 1484 371 contrivimus.
1513 344 1613 371 Deinde
1634 345 1734 372 curatis
1750 346 1827 379 equis

1041 388 1068 410 et
1088 384 1198 419 reliquis
1219 385 1368 420 jumentis,
1394 388 1514 423 reginam
1540 389 1686 418 salutatum
1716 391 1824 417 ivimus.

1043 428 1116 456 lianc
1132 431 1251 457 vicissim
1265 432 1340 458 donis
1352 434 1616 462 remnneratisumns
1630 435 1714 463 tribus
1727 437 1827 470 pateris

1042 475 1185 508 argenteis,
1204 476 1347 504 velleribus
1366 478 1464 509 rubris,
1480 479 1572 513 pipere
1584 479 1685 512 Indico,
1700 481 1827 515 palmulis

1042 524 1068 545 et
1084 520 1165 546 variis
1178 521 1307 554 cupediis,
1325 530 1383 557 qua:
1399 524 1488 549 omnia
1504 531 1517 549 a
1531 523 1669 557 Barbaris,
1683 531 1712 552 ut
1724 525 1824 560 ignota.

1043 566 1130 598 magni
1146 567 1326 593 restimantnr.
1342 567 1396 594 Nec
1410 569 1491 595 multo
1506 575 1565 603 post
1577 571 1667 597 omnia
1685 571 1771 598 fausta
1787 571 1826 598 fe-

1043 610 1156 644 licithtle
1181 612 1216 637 illi
1233 613 1423 646 hospitalitatis
1435 621 1498 648 ergo
1514 616 1626 648 precati,
1638 616 1827 643 disces~imus.

1044 655 1149 689 Septem
1165 657 1269 683 dierum
1285 658 1381 685 itinere
1393 666 1514 691 emenso,
1528 660 1645 694 Scytha.
1661 662 1703 694 qui
1719 669 1766 687 nos
1779 662 1827 688 du-

1043 703 1149 735 cebant,
1174 703 1199 729 in
1227 705 1343 737 quodam
1366 705 1426 731 vico
1443 712 1491 731 nos
1513 707 1660 733 consistere
1677 706 1826 739 jusserunt,

1043 748 1104 781 quia
1121 753 1179 781 post
1198 750 1318 781 Attilam,
1335 751 1380 784 qui
1401 751 1449 777 hac
1473 751 1513 778 via
1531 752 1759 786 proﬁcisceretur,
1776 752 1826 778 iter

1044 793 1119 820 nobis
1131 794 1282 821 faciendum
1299 801 1382 822 esset.
1397 795 1446 823 Hic
1461 797 1555 824 obvios
1568 797 1713 824 habuimus
1724 797 1826 831 legatos

1043 845 1056 864 a
1075 838 1203 866 Romanis
1221 840 1432 867 occidentalibus
1447 841 1529 868 etiam
1546 842 1578 868 ad
1593 843 1703 869 Attilam
1718 843 1827 870 missos.

1043 885 1126 911 Erant
1146 890 1233 911 autem
1256 887 1383 920 preecipui‘
1410 886 1540 915 Romulus
1568 888 1675 915 comitis
1697 889 1826 923 dignitate

1043 930 1195 960 decoratus,
1210 929 1262 964 57
1276 935 1303 957 et
1319 930 1465 963 Primutus,
1480 931 1583 959 Norica:
1595 933 1712 966 regionis
1732 933 1826 968 pracfe-

1043 981 1110 1008 ctus,
1121 981 1148 1003 et
1160 975 1306 1008 Romanus,
1326 977 1448 1003 militaris
1465 978 1567 1005 ordinis
1580 978 1683 1005 ductor.
1702 978 1747 1005 llis
1761 980 1825 1005 adc-

1044 1027 1085 1048 rat
1105 1022 1292 1054 Constantius,
1309 1029 1387 1056 quem
1403 1023 1495 1050 Aetius
1510 1023 1542 1049 ad
1557 1024 1678 1056 Attilam,
1697 1028 1725 1051 ut
1741 1024 1779 1050 illi
1795 1026 1819 1051 in

1042 1067 1244 1094 conscribendis
1263 1067 1384 1102 epistolis
1405 1068 1562 1100 deserviret,
1583 1069 1703 1101 miserat,
1721 1075 1747 1096 et
1768 1069 1825 1096 Ta-

1044 1111 1134 1143 Iullus,
1148 1111 1252 1139 Orestis
1275 1111 1345 1147 ejus,
1363 1112 1406 1146 qui
1424 1120 1483 1139 cum
1506 1112 1629 1140 Edecone
1651 1119 1718 1145 erat,
1735 1120 1825 1148 pater,

1043 1165 1095 1184 non
1111 1158 1251 1191 legationis
1264 1166 1355 1190 causa,
1374 1160 1420 1185 sed
1433 1159 1527 1193 privati
1547 1160 1624 1187 oiiieii
1640 1164 1667 1187 et
1682 1159 1820 1187 familiari-

1044 1203 1105 1229 tatis
1120 1210 1194 1237 ergo.
1211 1202 1369 1230 Constantio
1385 1205 1455 1230 enim
1469 1205 1493 1231 in
1511 1204 1594 1232 ltaliis
1609 1206 1696 1240 agenti
1712 1213 1824 1239 magnus

1043 1255 1102 1274 cum
1118 1247 1169 1274 illis
1180 1256 1243 1275 usus
1260 1249 1449 1276 intercesserat
1463 1258 1469 1276 :
1487 1249 1619 1277 Tatullum
1632 1251 1747 1277 aiﬁuitas
1762 1258 1822 1277 mo—

1044 1292 1132 1318 vebat.
1158 1292 1268 1319 Orestes
1290 1294 1373 1325 enim,
1401 1294 1459 1328 ejus
1483 1295 1563 1326 filius,
1582 1295 1688 1322 Romuli
1707 1296 1786 1322 tiliam
1812 1305 1826 1321 ιε

1042 1337 1198 1370 Palationc,
1218 1338 1309 1365 Norici
1325 1339 1445 1371 civitate,
1463 1348 1573 1368 uxorem
1591 1342 1717 1369 duxerat.
1732 1341 1824 1377 Legati

1043 1390 1132 1411 autem
1150 1385 1305 1418 veniebant,
1326 1390 1353 1412 ut
1369 1386 1477 1413 Attilam
1496 1388 1620 1419 lenirent,
1637 1388 1681 1421 qui
1696 1387 1746 1414 sibi
1769 1387 1828 1422 Syl-

1045 1437 1152 1456 vanum.
1169 1430 1252 1456 Armii
1272 1439 1370 1457 metra:
1392 1431 1484 1458 Romae
1505 1432 1671 1466 praefectum,
1689 1433 1756 1460 tradi
1779 1441 1825 1467 po-

1043 1474 1170 1505 stulabat,
1190 1480 1329 1509 propterea
1344 1475 1416 1510 quod
1429 1482 1534 1510 pateras
1554 1484 1650 1504 aureas
1666 1485 1681 1504 ο
1693 1477 1827 1504 Constan-

1047 1520 1083 1547 tio
1096 1521 1210 1554 quodam
1236 1526 1386 1555 acceperat.
1411 1521 1459 1548 Hie
1481 1522 1662 1555 Constantius,
1680 1531 1713 1550 ex
1733 1523 1825 1549 Galliis

1044 1565 1259 1593 Occidentalibus
1270 1571 1354 1598 ortus,
1368 1566 1400 1592 ad
1417 1567 1526 1592 Attilam
1541 1572 1567 1593 et
1594 1567 1714 1599 Blcdam,
1731 1573 1758 1593 ut
1773 1568 1825 1594 illis

1042 1612 1069 1639 in
1088 1613 1292 1640 conscribendis
1318 1612 1440 1648 epistolis
1463 1620 1572 1647 operam
1592 1614 1680 1645 daret,
1698 1616 1827 1649 queuntd-

1043 1659 1150 1685 modum
1168 1663 1194 1686 et
1209 1664 1268 1693 post
1280 1658 1353 1686 illtnn
1371 1659 1438 1687 alter
1450 1659 1634 1691 Constantius,
1648 1660 1747 1688 missus
1767 1660 1824 1687 fue-

1042 1709 1095 1732 rat.
1120 1705 1166 1732 llle
1188 1712 1263 1738 vero,
1281 1712 1334 1739 quo
1359 1710 1479 1739 tempore
1496 1705 1624 1732 Sirmium
1645 1706 1784 1740 oppidum,
1799 1706 1825 1732 in

1042 1750 1148 1778 Paeonia
1170 1751 1262 1783 situm,
1298 1751 1406 1787 Scythas
1431 1751 1601 1784 obsidebant.
1626 1758 1707 1778 aurea
1731 1758 1793 1777 vasa
1811 1758 1826 1777 a

1042 1797 1161 1825 civitatis
1178 1797 1306 1832 episeopo
1322 1802 1473 1832 acceperat,
1493 1802 1568 1832 ut’ex
1581 1804 1673 1824 eorum
1690 1797 1787 1832 pretio,
1804 1798 1825 1823 si

1042 1851 1071 1870 se
1089 1843 1235 1877 superstite
1255 1844 1348 1870 urbem
1367 1843 1432 1877 'capi
1457 1843 1626 1878 contigisset.
1652 1843 1738 1876 quoad
1761 1843 1827 1869 satis

1043 1877 1124 1921 esset,
1146 1895 1195 1922 pro
1212 1896 1259 1915 sua
1280 1888 1403 1923 libertate
1435 1888 1607 1915 solveretur:
1629 1888 1670 1915 sin
1690 1889 1825 1922 periisset,

1044 1933 1116 1961 cives
1131 1933 1158 1960 in
1173 1933 1329 1960 servitutem
1345 1933 1452 1960 abducti
1468 1933 1671 1960 redimerentur.
1689 1931 1741 1959 Sed
1754 1933 1824 1958 Con-

1043 1978 1160 2005 stantius
1177 1982 1238 2013 post
1260 1977 1334 2005 urbis
1360 1978 1494 2005 excidium
1514 1978 1546 2005 de
1567 1983 1644 2012 pacto
1665 1976 1710 2004 illo
1730 1984 1825 2012 parum

1044 2023 1185 2057 sollicitus,
1216 2023 1330 2050 Romam
1350 2023 1492 2057 cujusdam
1510 2023 1607 2057 negotii
1631 2029 1711 2050 causa
1736 2021 1826 2057 profe-

1044 2076 1114 2103 ctus,
1133 2078 1196 2097 vasa
1219 2070 1252 2097 ad
1277 2070 1423 2105 Sylvanum
1443 2070 1548 2103 detulit,
1571 2075 1599 2097 et
1617 2078 1714 2098 aurum
1736 2072 1769 2097 ab
1795 2078 1827 2097 eo

1044 2117 1158 2150 accepit,
1179 2116 1370 2150 convenitque,
1387 2120 1417 2143 ut
1433 2116 1454 2143 si
1479 2117 1548 2143 intra
1567 2122 1672 2151 tempus
1697 2116 1822 2151 praelini-

1047 2166 1103 2190 tum
1120 2170 1214 2190 aurum
1235 2167 1328 2189 mutuo
1339 2166 1474 2197 sumptum
1493 2162 1626 2194 redderet,
1642 2169 1704 2189 vasa
1725 2162 1826 2197 recipe-

206 2199 378 2236 ὀλιγωρήσας
398 2201 453 2228 τῶν
473 2203 614 2239 συνθηκῶν
635 2205 654 2220 ¹¹
675 2206 702 2237 ἐς
717 2206 765 2241 τὴν
786 2207 894 2243 Ῥώμην
921 2210 991 2237 κατὰ

1045 2213 1105 2235 ret:
1127 2209 1154 2235 ui
1170 2207 1287 2240 fecisset,
1305 2207 1438 2242 Sylvanns
1460 2214 1522 2234 vasa
1545 2207 1596 2234 sibi
1615 2207 1727 2234 haberet
1742 2211 1770 2233 et
1787 2207 1827 2234 his

207 2245 307 2279 πρᾶξίν
324 2254 385 2274 τινα
399 2249 590 2283 παραγίνεται,
606 2250 653 2277 καὶ
679 2253 821 2287 κομίζεται
843 2254 919 2289 παρὰ
942 2255 989 2281 τοῦ

206 2290 336 2318 Σιλῦανοῦ
349 2293 459 2328 χρυσίον
474 2295 523 2326 τὰς
541 2295 638 2328 φιάλας
657 2296 728 2330 δοὺς,
746 2298 815 2325 ὥστε
832 2299 915 2334 ῥητοῦ
926 2301 991 2336 χρό-

206 2344 253 2363 νου
274 2337 378 2373 ὲντδςῆ
396 2339 528 2366 ἀποδόντα
543 2341 574 2367 τὸ
595 2342 766 2370 ὲκδανεισθὲν
790 2346 902 2379 χρυσίον
921 2347 989 2373 ἀνα-

1043 2263 1091 2290 pro
1106 2254 1218 2282 arbitrio
1238 2259 1372 2281 uteretur.
1396 2253 1472 2280 Hunc
1487 2253 1672 2288 Constantium
1690 2253 1788 2280 Attilas
1801 2257 1828 2280 et

1041 2301 1134 2333 Bleda,
1154 2309 1215 2328 cum
1230 2301 1281 2328 illis
1294 2300 1456 2335 proditionis
1469 2301 1576 2327 nomine
1591 2303 1733 2333 suspectus
1742 2303 1826 2329 esset.

1041 2347 1068 2373 in
1084 2354 1192 2374 crucem
1204 2352 1326 2381 egerunt.
1341 2345 1378 2372 Ex
1392 2353 1456 2380 quo,
1471 2351 1499 2372 ut
1515 2346 1546 2372 de
1563 2345 1665 2380 poculis
1679 2345 1769 2371 aureis
1783 2344 1827 2370 in-

206 2381 298 2426 λαϐεἶν
313 2383 348 2410 τὰ
377 2385 501 2420 ἐνέχυρα,
518 2385 534 2421 ἢ
555 2387 647 2418 αὐτοῖς
670 2389 715 2414 τὸν
732 2389 859 2416 Σιλὸανδν
871 2391 900 2422 ὲς
921 2392 935 2417 ὅ
964 2400 990 2418 τι

1043 2392 1141 2419 dictum
1158 2392 1190 2418 ad
1202 2392 1313 2418 Attilam
1324 2396 1367 2418 est
1378 2391 1509 2425 delatum,
1522 2392 1571 2419 sibi
1583 2392 1650 2419 tradi
1669 2390 1825 2426 Sylvanum,

208 2425 327 2460 βούλοιτο
337 2430 501 2464 χρήσασθαι.
517 2430 618 2458 Τοῦτον
631 2431 666 2467 Δδὴ
677 2433 722 2460 τὸν
740 2434 927 2462 Κωνστόιντιον
960 2438 988 2463 ἐν

207 2471 310 2508 ὁποι-μιᾳ
339 2474 484 2510 προδοσίας
517 2477 699 2512 ποιησάμενοι
735 2479 865 2515 Ἀττή).ας
889 2489 917 2507 τε
940 2482 987 2508 καὶ

206 2517 309 2553 Βλήδας
324 2520 535 2556 ἀνεσταύρωσαν
553 2530 560 2537 ·
578 2523 646 2557 μετὰ
660 2523 689 2550 δὲ
700 2524 794 2559 χρόνον
813 2525 851 2559 τῷ
872 2525 987 2562 Ἀττήλᾳ

205 2563 243 2595 ὡς
259 2564 294 2591 τὰ
308 2566 373 2602 περὶ
386 2566 440 2593 τῶν
456 2567 559 2602 φιαλῶν
572 2568 696 2605 ἐμηνύθη
707 2590 716 2603 ,
740 2570 882 2605 ἐκδοθῆναι
909 2572 985 2607 αὐτῷ

1044 2442 1172 2471 tanquam
1188 2437 1273 2464 furem
1291 2444 1396 2468 comm,
1414 2445 1472 2471 qua:
1493 2446 1540 2465 sua
1565 2442 1668 2469 essent,
1685 2436 1825 2471 ﬂagitavit.

1046 2482 1138 2517 Legati
1164 2480 1246 2516 igitur
1264 2482 1298 2509 ab
1320 2482 1397 2509 Aetio
1414 2487 1441 2509 et
1460 2482 1644 2509 Romanorum
1659 2480 1823 2508 Occidenta-

1047 2528 1109 2555 littm
1125 2528 1287 2562 imperatore
1315 2532 1455 2559 venerant,
1472 2528 1517 2562 qui
1536 2527 1658 2555 dicerent
1677 2526 1822 2561 Sylvanum

1045 2571 1193 2600 Constantii
1218 2571 1379 2599 creditorem
1401 2579 1462 2599 vasa
1478 2580 1558 2599 aurea
1572 2579 1621 2607 pro
1632 2571 1734 2598 credito
1749 2569 1825 2604 oppi-

843 2652 961 2680 VARIA‘I
980 2652 1182 2682 LECTIONES.

241 2715 252 2729 ’
268 2722 284 2741 τ
303 2715 427 2751 αγήμασι
443 2716 490 2750 H.,
515 2719 672 2754 τρυγήμασι
702 2720 775 2756 vulg.
811 2721 822 2737 ³
835 2721 1049 2759 ἐνετυγχάνομεν
1074 2722 1118 2754 IL,
1138 2730 1190 2755 τυγ
1211 2721 1310 2755 άνομεν
1336 2721 1408 2756 vulg.

249 2724 309 2781 ινὲ,
331 2750 379 2778 lin.
395 2751 441 2783 17,
454 2753 613 2783 Προμοῡτος
627 2755 788 2783 appellatur.
807 2755 892 2783 Paulo
907 2759 1020 2783 rectius.
1035 2761 1102 2783 nnto
1116 2765 1123 2783 :
1138 2764 1178 2783 sc.
1192 2730 1346 2783 i’romotua.
1364 2756 1385 2782 Ν
1391 2776 1397 2782 .

203 2756 237 2793 p.
249 2749 379 2793 l9§,llin'.
395 2751 441 2793 ηε
454 2749 788 2793 Προμορτᾰςμαρροιιαιᾷτ.
807 2749 1020 2793 Ιξαᾳιονιίθῖιίυὲ,
1035 2761 1102 2793 puto
1112 2749 1209 2793 ἶνες.ίῖ

206 2783 802 2833 μειλιξτέμενοξιιὶ.ᾍὲκμελιτιομξῦοιιγυισξ.
822 2791 833 2807 ⁷
845 2783 1098 2833 Emicuit—£37317;
1129 2783 1286 2833 ⁸ἶἊρμίου]
1302 2790 1433 2826 ἀργυρίου
1449 2783 1509 2819 Val'.

205 2818 227 2834 ¹⁶
242 2818 380 2855 περιόντος
397 2820 443 2856 H.,
454 2818 581 2856 πενόντος
591 2818 664 2860 vulg.
703 2825 722 2841 "
738 2818 1096 2862 «Sveqxév'nl'xiio‘tiiﬁi
1111 2826 1182 2862 vulg.

1458 2721 1468 2736 ⁸
1485 2720 1647 2756 Πριμοῦτος,
1678 2720 1724 2756 qui
1753 2721 1823 2749 infra

1447 2756 1457 2772 ⁸
1471 2755 1521 2791 τὴν
1531 2755 1561 2782 έν
1586 2756 1649 2783 add.
1664 2755 1699 2784 Nl
1754 2756 1765 2771 ⁸
1776 2757 1823 2783 ὲκ-

1449 2790 1509 2819 Val.
1559 2791 1570 2807 ’
1588 2792 1620 2827 τῇ
1638 2791 1681 2826 Ν.,
1694 2790 1732 2826 τῷ
1747 2791 1819 2827 vulg.

1221 2761 1346 2783 remotus.
1364 2756 1385 2782 Ν
1391 2776 1397 2782 .
