  <div class='ocr_page' id='page_1' title='image "/cluster/home/n/w/nwhite01/storage/ocr_20150623/113/hvd.32044073502270/366.png"; bbox 0 0 4010 6210; ppageno 0'>
   <div class='ocr_carea' id='block_1_1' title="bbox 330 287 438 352">
    <p class='ocr_par' dir='ltr' id='par_1_1' title="bbox 330 287 438 352">
     <span class='ocr_line' id='line_1_1' title="bbox 330 287 438 352; baseline 0.028 -3"><span class='ocrx_word' id='word_1_1' title='bbox 330 287 438 352; x_wconf 75' lang='grc'><strong>725</strong></span> 
     </span>
    </p>
   </div>
   <div class='ocr_carea' id='block_1_2' title="bbox 1101 261 2832 355">
    <p class='ocr_par' dir='ltr' id='par_1_2' title="bbox 1101 261 2832 355">
     <span class='ocr_line' id='line_1_2' title="bbox 1101 261 2832 355; baseline 0.003 -6"><span class='ocrx_word' id='word_1_2' title='bbox 1101 261 1210 349; x_wconf 69' lang='grc' dir='ltr'><strong>ΒΕ¹</strong></span> <span class='ocrx_word' id='word_1_3' title='bbox 1234 264 1792 351; x_wconf 71' lang='lat' dir='ltr'><strong>LEGATIONIBUS</strong></span> <span class='ocrx_word' id='word_1_4' title='bbox 1833 287 2327 351; x_wconf 78' lang='lat' dir='ltr'><strong>ROMANORUM</strong></span> <span class='ocrx_word' id='word_1_5' title='bbox 2380 291 2479 351; x_wconf 87' lang='lat' dir='ltr'><strong>AD</strong></span> <span class='ocrx_word' id='word_1_6' title='bbox 2513 289 2832 355; x_wconf 79' lang='lat' dir='ltr'><strong>GENTES.</strong></span> 
     </span>
    </p>
   </div>
   <div class='ocr_carea' id='block_1_3' title="bbox 3474 291 3580 353">
    <p class='ocr_par' dir='ltr' id='par_1_3' title="bbox 3474 291 3580 353">
     <span class='ocr_line' id='line_1_3' title="bbox 3474 291 3580 353; baseline -0.009 -1"><span class='ocrx_word' id='word_1_7' title='bbox 3474 291 3580 353; x_wconf 75' lang='lat'><strong>725</strong></span> 
     </span>
    </p>
   </div>
   <div class='ocr_carea' id='block_1_4' title="bbox 333 395 1937 471">
    <p class='ocr_par' dir='ltr' id='par_1_4' title="bbox 333 395 1923 471">
     <span class='ocr_line' id='line_1_4' title="bbox 333 395 1923 471; baseline -0.004 -17"><span class='ocrx_word' id='word_1_8' title='bbox 333 399 563 471; x_wconf 85' lang='grc' dir='ltr'><strong>κείμενα</strong></span> <span class='ocrx_word' id='word_1_9' title='bbox 607 396 810 469; x_wconf 89' lang='grc' dir='ltr'><strong>χωρίῳ.</strong></span> <span class='ocrx_word' id='word_1_10' title='bbox 856 395 1044 466; x_wconf 79' lang='grc' dir='ltr'><strong>Ἡμεῖς</strong></span> <span class='ocrx_word' id='word_1_11' title='bbox 1078 397 1135 451; x_wconf 76' lang='grc' dir='ltr'><strong>δὲ</strong></span> <span class='ocrx_word' id='word_1_12' title='bbox 1155 401 1212 451; x_wconf 84' lang='grc' dir='ltr'><strong>ὲν</strong></span> <span class='ocrx_word' id='word_1_13' title='bbox 1246 401 1358 462; x_wconf 81' lang='grc' dir='ltr'><strong>τοῖς</strong></span> <span class='ocrx_word' id='word_1_14' title='bbox 1403 398 1752 469; x_wconf 85' lang='grc' dir='ltr'><strong>Ὀνηγησίου,</strong></span> <span class='ocrx_word' id='word_1_15' title='bbox 1781 396 1923 450; x_wconf 81' lang='grc' dir='ltr'><strong>ἐκεί-</strong></span> 
     </span>
    </p>
   </div>
   <div class='ocr_carea' id='block_1_5' title="bbox 2039 395 3590 471">
    <p class='ocr_par' dir='ltr' id='par_1_5' title="bbox 2039 399 3590 458">
     <span class='ocr_line' id='line_1_5' title="bbox 2039 399 3590 458; baseline 0.001 -6"><span class='ocrx_word' id='word_1_16' title='bbox 2039 400 2165 452; x_wconf 88' lang='lat' dir='ltr'><strong>:tior</strong></span> <span class='ocrx_word' id='word_1_17' title='bbox 2191 409 2244 452; x_wconf 90' lang='lat' dir='ltr'><strong>et</strong></span> <span class='ocrx_word' id='word_1_18' title='bbox 2270 401 2321 453; x_wconf 93' lang='lat' dir='ltr'><strong>in</strong></span> <span class='ocrx_word' id='word_1_19' title='bbox 2344 401 2518 454; x_wconf 91' lang='lat' dir='ltr'><strong>altiori</strong></span> <span class='ocrx_word' id='word_1_20' title='bbox 2545 401 2661 456; x_wconf 91' lang='lat' dir='ltr'><strong>loco</strong></span> <span class='ocrx_word' id='word_1_21' title='bbox 2687 403 2813 456; x_wconf 83' lang='lat' dir='ltr'><strong>sita.</strong></span> <span class='ocrx_word' id='word_1_22' title='bbox 2837 399 2946 456; x_wconf 84' lang='lat' dir='ltr'><strong>Nos</strong></span> <span class='ocrx_word' id='word_1_23' title='bbox 2976 416 3103 457; x_wconf 89' lang='lat' dir='ltr'><strong>vero</strong></span> <span class='ocrx_word' id='word_1_24' title='bbox 3135 403 3188 458; x_wconf 88' lang='lat' dir='ltr'><strong>in</strong></span> <span class='ocrx_word' id='word_1_25' title='bbox 3215 403 3420 457; x_wconf 72' lang='lat' dir='ltr'><strong>aedibus</strong></span> <span class='ocrx_word' id='word_1_26' title='bbox 3445 402 3590 457; x_wconf 75' lang='lat' dir='ltr'><strong>One-</strong></span> 
     </span>
    </p>
   </div>
   <div class='ocr_carea' id='block_1_6' title="bbox 335 489 1908 562">
    <p class='ocr_par' dir='ltr' id='par_1_6' title="bbox 335 489 1908 562">
     <span class='ocr_line' id='line_1_6' title="bbox 335 489 1908 562; baseline -0.004 -14"><span class='ocrx_word' id='word_1_27' title='bbox 335 512 428 548; x_wconf 91' lang='grc' dir='ltr'><strong>νου</strong></span> <span class='ocrx_word' id='word_1_28' title='bbox 481 489 1048 562; x_wconf 81' lang='grc' dir='ltr'><strong>παρακελευσαμένου,</strong></span> <span class='ocrx_word' id='word_1_29' title='bbox 1083 491 1587 560; x_wconf 76' lang='grc' dir='ltr'><strong>ἐγκατεμείναμεν⁹</strong></span> <span class='ocrx_word' id='word_1_30' title='bbox 1643 490 1908 559; x_wconf 82' lang='grc' dir='ltr'><strong>ἐπανελη-</strong></span> 
     </span>
    </p>
   </div>
   <div class='ocr_carea' id='block_1_7' title="bbox 337 582 1908 654">
    <p class='ocr_par' dir='ltr' id='par_1_7' title="bbox 337 582 1908 654">
     <span class='ocr_line' id='line_1_7' title="bbox 337 582 1908 654; baseline -0.001 -18"><span class='ocrx_word' id='word_1_31' title='bbox 337 584 488 638; x_wconf 71' lang='grc' dir='ltr'><strong>λύθει</strong></span> <span class='ocrx_word' id='word_1_32' title='bbox 511 585 618 654; x_wconf 78' lang='grc' dir='ltr'><strong>γὰρ</strong></span> <span class='ocrx_word' id='word_1_33' title='bbox 648 585 748 636; x_wconf 61' lang='grc' dir='ltr'><strong>σὺν</strong></span> <span class='ocrx_word' id='word_1_34' title='bbox 773 583 849 651; x_wconf 83' lang='grc' dir='ltr'><strong>τῷ</strong></span> <span class='ocrx_word' id='word_1_35' title='bbox 892 583 1122 652; x_wconf 78' lang='grc' dir='ltr'><strong>’Ᾱττήλα</strong></span> <span class='ocrx_word' id='word_1_36' title='bbox 1150 583 1320 636; x_wconf 88' lang='grc' dir='ltr'><strong>παιδί.</strong></span> <span class='ocrx_word' id='word_1_37' title='bbox 1347 584 1455 636; x_wconf 70' lang='grc' dir='ltr'><strong>Καὶ</strong></span> <span class='ocrx_word' id='word_1_38' title='bbox 1486 582 1908 652; x_wconf 73' lang='grc' dir='ltr'><strong>ήριστοποιησά-</strong></span> 
     </span>
    </p>
   </div>
   <div class='ocr_carea' id='block_1_8' title="bbox 344 672 1911 745">
    <p class='ocr_par' dir='ltr' id='par_1_8' title="bbox 344 672 1911 745">
     <span class='ocr_line' id='line_1_8' title="bbox 344 672 1911 745; baseline -0.003 -18"><span class='ocrx_word' id='word_1_39' title='bbox 344 676 502 745; x_wconf 85' lang='grc' dir='ltr'><strong>μεθα,</strong></span> <span class='ocrx_word' id='word_1_40' title='bbox 537 674 940 744; x_wconf 82' lang='grc' dir='ltr'><strong>δεξιωσαμένης</strong></span> <span class='ocrx_word' id='word_1_41' title='bbox 987 675 1136 743; x_wconf 80' lang='grc' dir='ltr'><strong>ἡμᾶς</strong></span> <span class='ocrx_word' id='word_1_42' title='bbox 1182 675 1278 744; x_wconf 86' lang='grc' dir='ltr'><strong>τῆς</strong></span> <span class='ocrx_word' id='word_1_43' title='bbox 1303 691 1360 727; x_wconf 88' lang='grc' dir='ltr'><strong>τε</strong></span> <span class='ocrx_word' id='word_1_44' title='bbox 1395 674 1641 743; x_wconf 79' lang='grc' dir='ltr'><strong>γαμετῆς</strong></span> <span class='ocrx_word' id='word_1_45' title='bbox 1675 673 1766 726; x_wconf 69' lang='grc' dir='ltr'><strong>καὶ</strong></span> <span class='ocrx_word' id='word_1_46' title='bbox 1803 672 1911 724; x_wconf 84' lang='grc' dir='ltr'><strong>τών</strong></span> 
     </span>
    </p>
   </div>
   <div class='ocr_carea' id='block_1_9' title="bbox 343 763 1914 836">
    <p class='ocr_par' dir='ltr' id='par_1_9' title="bbox 343 763 1914 836">
     <span class='ocr_line' id='line_1_9' title="bbox 343 763 1914 836; baseline -0.004 -17"><span class='ocrx_word' id='word_1_47' title='bbox 343 766 486 819; x_wconf 80' lang='grc' dir='ltr'><strong>κατὰ</strong></span> <span class='ocrx_word' id='word_1_48' title='bbox 514 767 668 832; x_wconf 81' lang='grc' dir='ltr'><strong>γένος</strong></span> <span class='ocrx_word' id='word_1_49' title='bbox 697 764 844 834; x_wconf 86' lang='grc' dir='ltr'><strong>αὑτῷ</strong></span> <span class='ocrx_word' id='word_1_50' title='bbox 873 766 1258 836; x_wconf 80' lang='grc' dir='ltr'><strong>διαφερόντων·</strong></span> <span class='ocrx_word' id='word_1_51' title='bbox 1289 766 1450 828; x_wconf 81' lang='grc' dir='ltr'><strong>αὑτὸς</strong></span> <span class='ocrx_word' id='word_1_52' title='bbox 1479 764 1586 833; x_wconf 79' lang='grc' dir='ltr'><strong>γὰρ</strong></span> <span class='ocrx_word' id='word_1_53' title='bbox 1617 763 1692 833; x_wconf 79' lang='grc' dir='ltr'><strong>τῷ</strong></span> <span class='ocrx_word' id='word_1_54' title='bbox 1725 764 1914 832; x_wconf 81' lang='grc' dir='ltr'><strong>Ἀττή-</strong></span> 
     </span>
    </p>
   </div>
   <div class='ocr_carea' id='block_1_10' title="bbox 343 853 1913 927">
    <p class='ocr_par' dir='ltr' id='par_1_10' title="bbox 343 853 1913 927">
     <span class='ocr_line' id='line_1_10' title="bbox 343 853 1913 927; baseline -0.003 -19"><span class='ocrx_word' id='word_1_55' title='bbox 343 857 412 927; x_wconf 80' lang='grc' dir='ltr'><strong>λᾳ</strong></span> <span class='ocrx_word' id='word_1_56' title='bbox 443 857 578 925; x_wconf 82' lang='grc' dir='ltr'><strong>μετὰ</strong></span> <span class='ocrx_word' id='word_1_57' title='bbox 624 856 723 926; x_wconf 75' lang='grc' dir='ltr'><strong>τὴν</strong></span> <span class='ocrx_word' id='word_1_58' title='bbox 757 855 1013 908; x_wconf 75' lang='grc' dir='ltr'>ἐπάνοδον</span> <span class='ocrx_word' id='word_1_59' title='bbox 1040 855 1161 907; x_wconf 89' lang='grc' dir='ltr'><strong>τότε</strong></span> <span class='ocrx_word' id='word_1_60' title='bbox 1213 855 1426 925; x_wconf 84' lang='grc' dir='ltr'><strong>πρῶτον</strong></span> <span class='ocrx_word' id='word_1_61' title='bbox 1453 857 1508 916; x_wconf 82' lang='grc' dir='ltr'><strong>ἐς</strong></span> <span class='ocrx_word' id='word_1_62' title='bbox 1549 854 1669 922; x_wconf 63' lang='grc' dir='ltr'><strong>ὄψιν</strong></span> <span class='ocrx_word' id='word_1_63' title='bbox 1726 853 1913 918; x_wconf 78' lang='grc' dir='ltr'><strong>ἐλθὼν,</strong></span> 
     </span>
    </p>
   </div>
   <div class='ocr_carea' id='block_1_11' title="bbox 346 945 1916 1016">
    <p class='ocr_par' dir='ltr' id='par_1_11' title="bbox 346 945 1916 1016">
     <span class='ocr_line' id='line_1_11' title="bbox 346 945 1916 1016; baseline -0.001 -16"><span class='ocrx_word' id='word_1_64' title='bbox 346 950 440 1000; x_wconf 81' lang='grc' dir='ltr'><strong>καὶ</strong></span> <span class='ocrx_word' id='word_1_65' title='bbox 465 948 614 1016; x_wconf 85' lang='grc' dir='ltr'><strong>αὑτῳ</strong></span> <span class='ocrx_word' id='word_1_66' title='bbox 646 947 714 998; x_wconf 74' lang='grc' dir='ltr'><strong>τὰ</strong></span> <span class='ocrx_word' id='word_1_67' title='bbox 758 946 852 998; x_wconf 74' lang='grc' dir='ltr'><strong>ἐπὶ</strong></span> <span class='ocrx_word' id='word_1_68' title='bbox 876 949 940 1015; x_wconf 87' lang='grc' dir='ltr'><strong>τῇ</strong></span> <span class='ocrx_word' id='word_1_69' title='bbox 980 946 1200 1015; x_wconf 78' lang='grc' dir='ltr'><strong>πράξει,</strong></span> <span class='ocrx_word' id='word_1_70' title='bbox 1231 946 1328 1015; x_wconf 80' lang='grc' dir='ltr'><strong>ἐφ’</strong></span> <span class='ocrx_word' id='word_1_71' title='bbox 1361 947 1426 1014; x_wconf 75' lang='grc' dir='ltr'><strong>ἢν</strong></span> <span class='ocrx_word' id='word_1_72' title='bbox 1461 945 1702 1012; x_wconf 75' lang='grc' dir='ltr'><strong>ἔσταλτο,</strong></span> <span class='ocrx_word' id='word_1_73' title='bbox 1734 947 1916 1012; x_wconf 83' lang='grc' dir='ltr'><strong>ἀπαγ-</strong></span> 
     </span>
    </p>
   </div>
   <div class='ocr_carea' id='block_1_12' title="bbox 347 1040 1920 1112">
    <p class='ocr_par' dir='ltr' id='par_1_12' title="bbox 347 1040 1920 1112">
     <span class='ocr_line' id='line_1_12' title="bbox 347 1040 1920 1112; baseline -0.001 -18"><span class='ocrx_word' id='word_1_74' title='bbox 347 1041 569 1109; x_wconf 80' lang='grc' dir='ltr'><strong>γέλλων,</strong></span> <span class='ocrx_word' id='word_1_75' title='bbox 601 1043 694 1094; x_wconf 77' lang='grc' dir='ltr'><strong>καὶ</strong></span> <span class='ocrx_word' id='word_1_76' title='bbox 719 1040 779 1094; x_wconf 70' lang='grc' dir='ltr'><strong>τὸ</strong></span> <span class='ocrx_word' id='word_1_77' title='bbox 807 1042 975 1104; x_wconf 87' lang='grc' dir='ltr'><strong>πάθος</strong></span> <span class='ocrx_word' id='word_1_78' title='bbox 1027 1042 1086 1094; x_wconf 78' lang='grc' dir='ltr'><strong>τὸ</strong></span> <span class='ocrx_word' id='word_1_79' title='bbox 1142 1042 1219 1112; x_wconf 82' lang='grc' dir='ltr'><strong>τῷ</strong></span> <span class='ocrx_word' id='word_1_80' title='bbox 1270 1041 1501 1110; x_wconf 81' lang='grc' dir='ltr'><strong>Ἀττήλα</strong></span> <span class='ocrx_word' id='word_1_81' title='bbox 1529 1041 1678 1093; x_wconf 74' lang='grc' dir='ltr'><strong>παιδὶ</strong></span> <span class='ocrx_word' id='word_1_82' title='bbox 1706 1057 1920 1093; x_wconf 86' lang='grc' dir='ltr'><strong>συνενε-</strong></span> 
     </span>
    </p>
   </div>
   <div class='ocr_carea' id='block_1_13' title="bbox 349 1130 1917 1202">
    <p class='ocr_par' dir='ltr' id='par_1_13' title="bbox 349 1130 1917 1202">
     <span class='ocr_line' id='line_1_13' title="bbox 349 1130 1917 1202; baseline -0.004 -18"><span class='ocrx_word' id='word_1_83' title='bbox 349 1132 474 1200; x_wconf 86' lang='grc' dir='ltr'><strong>χθὲν</strong></span> <span class='ocrx_word' id='word_1_84' title='bbox 505 1130 622 1202; x_wconf 76' lang='grc' dir='ltr'><strong>(τὴν</strong></span> <span class='ocrx_word' id='word_1_85' title='bbox 658 1130 766 1199; x_wconf 81' lang='grc' dir='ltr'><strong>γὰρ</strong></span> <span class='ocrx_word' id='word_1_86' title='bbox 797 1131 976 1195; x_wconf 79' lang='grc' dir='ltr'><strong>δεξιὰν</strong></span> <span class='ocrx_word' id='word_1_87' title='bbox 1024 1134 1181 1202; x_wconf 85' lang='grc' dir='ltr'><strong>χεῖρα</strong></span> <span class='ocrx_word' id='word_1_88' title='bbox 1223 1130 1575 1199; x_wconf 80' lang='grc' dir='ltr'><strong>ἐξολισθήσας</strong></span> <span class='ocrx_word' id='word_1_89' title='bbox 1609 1130 1917 1200; x_wconf 73' lang='grc' dir='ltr'><strong>κατέαξεν),</strong></span> 
     </span>
    </p>
   </div>
   <div class='ocr_carea' id='block_1_14' title="bbox 349 1219 1925 1294">
    <p class='ocr_par' dir='ltr' id='par_1_14' title="bbox 349 1219 1925 1294">
     <span class='ocr_line' id='line_1_14' title="bbox 349 1219 1925 1294; baseline -0.001 -19"><span class='ocrx_word' id='word_1_90' title='bbox 349 1223 778 1294; x_wconf 77' lang='grc' dir='ltr'><strong>συνευωχεῖσθαι</strong></span> <span class='ocrx_word' id='word_1_91' title='bbox 833 1224 964 1293; x_wconf 81' lang='grc' dir='ltr'><strong>ἡμῖν</strong></span> <span class='ocrx_word' id='word_1_92' title='bbox 1017 1224 1118 1275; x_wconf 89' lang='grc' dir='ltr'><strong>οὑκ</strong></span> <span class='ocrx_word' id='word_1_93' title='bbox 1163 1219 1266 1293; x_wconf 79' lang='grc' dir='ltr'><strong>ἦγε</strong></span> <span class='ocrx_word' id='word_1_94' title='bbox 1317 1222 1531 1292; x_wconf 87' lang='grc' dir='ltr'><strong>σχολήν.</strong></span> <span class='ocrx_word' id='word_1_95' title='bbox 1587 1222 1739 1276; x_wconf 83' lang='grc' dir='ltr'><strong>Μετὰ</strong></span> <span class='ocrx_word' id='word_1_96' title='bbox 1771 1222 1925 1274; x_wconf 78' lang='grc' dir='ltr'><strong>δὲτὸ</strong></span> 
     </span>
    </p>
   </div>
   <div class='ocr_carea' id='block_1_15' title="bbox 351 1314 1925 1386">
    <p class='ocr_par' dir='ltr' id='par_1_15' title="bbox 351 1314 1925 1386">
     <span class='ocr_line' id='line_1_15' title="bbox 351 1314 1925 1386; baseline -0.001 -18"><span class='ocrx_word' id='word_1_97' title='bbox 351 1315 564 1368; x_wconf 86' lang='grc' dir='ltr'><strong>δεῖπνον</strong></span> <span class='ocrx_word' id='word_1_98' title='bbox 623 1315 980 1378; x_wconf 83' lang='grc' dir='ltr'><strong>ἀπολιπόντες</strong></span> <span class='ocrx_word' id='word_1_99' title='bbox 1029 1316 1099 1368; x_wconf 79' lang='grc' dir='ltr'><strong>τὰ</strong></span> <span class='ocrx_word' id='word_1_100' title='bbox 1141 1315 1234 1367; x_wconf 83' lang='grc' dir='ltr'><strong>τοῦ</strong></span> <span class='ocrx_word' id='word_1_101' title='bbox 1277 1314 1600 1386; x_wconf 85' lang='grc' dir='ltr'><strong>Ὀνηγησίου</strong></span> <span class='ocrx_word' id='word_1_102' title='bbox 1651 1316 1925 1383; x_wconf 83' lang='grc' dir='ltr'><strong>οἰκήματα</strong></span> 
     </span>
    </p>
   </div>
   <div class='ocr_carea' id='block_1_16' title="bbox 355 1405 1928 1476">
    <p class='ocr_par' dir='ltr' id='par_1_16' title="bbox 355 1405 1928 1476">
     <span class='ocr_line' id='line_1_16' title="bbox 355 1405 1928 1476; baseline -0.001 -17"><span class='ocrx_word' id='word_1_103' title='bbox 355 1406 580 1476; x_wconf 80' lang='grc' dir='ltr'><strong>πλησίον</strong></span> <span class='ocrx_word' id='word_1_104' title='bbox 613 1406 719 1459; x_wconf 85' lang='grc' dir='ltr'><strong>τῶν</strong></span> <span class='ocrx_word' id='word_1_105' title='bbox 762 1406 992 1475; x_wconf 83' lang='grc' dir='ltr'><strong>Ἀττήλα</strong></span> <span class='ocrx_word' id='word_1_106' title='bbox 1019 1405 1553 1476; x_wconf 71' lang='grc' dir='ltr'><strong>ικατεσκηνώσαμεν,</strong></span> <span class='ocrx_word' id='word_1_107' title='bbox 1611 1405 1644 1474; x_wconf 82' lang='grc' dir='ltr'><strong>ἦ</strong></span> <span class='ocrx_word' id='word_1_108' title='bbox 1697 1407 1740 1437; x_wconf 77' lang='grc'><strong>¹⁹</strong></span> <span class='ocrx_word' id='word_1_109' title='bbox 1778 1406 1928 1474; x_wconf 73' lang='grc' dir='ltr'><strong>παρὰ</strong></span> 
     </span>
    </p>
   </div>
   <div class='ocr_carea' id='block_1_17' title="bbox 354 1497 1931 1569">
    <p class='ocr_par' dir='ltr' id='par_1_17' title="bbox 354 1497 1931 1569">
     <span class='ocr_line' id='line_1_17' title="bbox 354 1497 1931 1569; baseline -0.001 -19"><span class='ocrx_word' id='word_1_110' title='bbox 354 1499 445 1550; x_wconf 81' lang='grc' dir='ltr'><strong>τὸν</strong></span> <span class='ocrx_word' id='word_1_111' title='bbox 483 1498 748 1569; x_wconf 87' lang='grc' dir='ltr'><strong>Ἀττήλαν</strong></span> <span class='ocrx_word' id='word_1_112' title='bbox 790 1497 998 1550; x_wconf 76' lang='grc' dir='ltr'><strong>ἐπιέναι</strong></span> <span class='ocrx_word' id='word_1_113' title='bbox 1042 1498 1089 1529; x_wconf 78' lang='grc'><strong>’⁸</strong></span> <span class='ocrx_word' id='word_1_114' title='bbox 1145 1497 1236 1550; x_wconf 84' lang='grc' dir='ltr'><strong>τὸν</strong></span> <span class='ocrx_word' id='word_1_115' title='bbox 1275 1497 1594 1566; x_wconf 80' lang='grc' dir='ltr'><strong>Μάξιμῖνον,</strong></span> <span class='ocrx_word' id='word_1_116' title='bbox 1628 1498 1794 1568; x_wconf 79' lang='grc' dir='ltr'><strong>ήγουν</strong></span> <span class='ocrx_word' id='word_1_117' title='bbox 1836 1497 1931 1549; x_wconf 76' lang='grc' dir='ltr'><strong>καὶ</strong></span> 
     </span>
    </p>
   </div>
   <div class='ocr_carea' id='block_1_18' title="bbox 357 1587 1927 1658">
    <p class='ocr_par' dir='ltr' id='par_1_18' title="bbox 357 1587 1927 1658">
     <span class='ocr_line' id='line_1_18' title="bbox 357 1587 1927 1658; baseline -0.002 -16"><span class='ocrx_word' id='word_1_118' title='bbox 357 1591 466 1651; x_wconf 87' lang='grc' dir='ltr'><strong>τοῖς</strong></span> <span class='ocrx_word' id='word_1_119' title='bbox 488 1589 668 1652; x_wconf 74' lang='grc' dir='ltr'><strong>ἄλλοις</strong></span> <span class='ocrx_word' id='word_1_120' title='bbox 689 1590 798 1651; x_wconf 86' lang='grc' dir='ltr'><strong>τοῖς</strong></span> <span class='ocrx_word' id='word_1_121' title='bbox 817 1589 936 1658; x_wconf 77' lang='grc' dir='ltr'><strong>ἀμφ</strong></span> <span class='ocrx_word' id='word_1_122' title='bbox 953 1587 967 1606; x_wconf 90' lang='grc'><em>’</em></span> <span class='ocrx_word' id='word_1_123' title='bbox 997 1587 1157 1641; x_wconf 80' lang='grc' dir='ltr'><strong>αὑτὸν</strong></span> <span class='ocrx_word' id='word_1_124' title='bbox 1181 1589 1238 1650; x_wconf 83' lang='grc' dir='ltr'><strong>ἐς</strong></span> <span class='ocrx_word' id='word_1_125' title='bbox 1254 1587 1446 1655; x_wconf 83' lang='grc' dir='ltr'><strong>λόγους</strong></span> <span class='ocrx_word' id='word_1_126' title='bbox 1471 1587 1603 1640; x_wconf 84' lang='grc' dir='ltr'><strong>ίέναι</strong></span> <span class='ocrx_word' id='word_1_127' title='bbox 1625 1587 1927 1656; x_wconf 82' lang='grc' dir='ltr'><strong>ὀφείλοντα,</strong></span> 
     </span>
    </p>
   </div>
   <div class='ocr_carea' id='block_1_19' title="bbox 359 1679 1928 1751">
    <p class='ocr_par' dir='ltr' id='par_1_19' title="bbox 359 1679 1928 1751">
     <span class='ocr_line' id='line_1_19' title="bbox 359 1679 1928 1751; baseline 0 -20"><span class='ocrx_word' id='word_1_128' title='bbox 359 1679 434 1750; x_wconf 81' lang='grc' dir='ltr'><strong>μὴ</strong></span> <span class='ocrx_word' id='word_1_129' title='bbox 479 1680 663 1750; x_wconf 88' lang='grc' dir='ltr'><strong>πολλῷ</strong></span> <span class='ocrx_word' id='word_1_130' title='bbox 704 1680 1034 1751; x_wconf 77' lang='grc' dir='ltr'><strong>κεχωρίσθαι</strong></span> <span class='ocrx_word' id='word_1_131' title='bbox 1059 1680 1407 1750; x_wconf 79' lang='grc' dir='ltr'><strong>διαστήματι.</strong></span> <span class='ocrx_word' id='word_1_132' title='bbox 1465 1680 1844 1749; x_wconf 88' lang='grc' dir='ltr'><strong>Διαγαγόντων</strong></span> <span class='ocrx_word' id='word_1_133' title='bbox 1885 1681 1928 1711; x_wconf 71' lang='grc' dir='ltr'><strong>ἰ</strong></span> 
     </span>
    </p>
   </div>
   <div class='ocr_carea' id='block_1_20' title="bbox 355 1752 2006 1839">
    <p class='ocr_par' dir='ltr' id='par_1_20' title="bbox 355 1752 2006 1839">
     <span class='ocr_line' id='line_1_20' title="bbox 355 1752 2006 1839; baseline -0.002 -17"><span class='ocrx_word' id='word_1_134' title='bbox 355 1770 410 1822; x_wconf 80' lang='grc' dir='ltr'><strong>δὲ</strong></span> <span class='ocrx_word' id='word_1_135' title='bbox 444 1769 601 1839; x_wconf 86' lang='grc' dir='ltr'><strong>ήμῶν</strong></span> <span class='ocrx_word' id='word_1_136' title='bbox 641 1769 855 1839; x_wconf 86' lang='grc' dir='ltr'><strong>ἐκείνην</strong></span> <span class='ocrx_word' id='word_1_137' title='bbox 894 1769 989 1838; x_wconf 76' lang='grc' dir='ltr'><strong>τὴν</strong></span> <span class='ocrx_word' id='word_1_138' title='bbox 1051 1769 1221 1822; x_wconf 82' lang='grc' dir='ltr'><strong>νύκτα</strong></span> <span class='ocrx_word' id='word_1_139' title='bbox 1255 1770 1312 1820; x_wconf 86' lang='grc' dir='ltr'><strong>ἐν</strong></span> <span class='ocrx_word' id='word_1_140' title='bbox 1349 1762 1502 1837; x_wconf 81' lang='grc' dir='ltr'><strong>ᾧπερ</strong></span> <span class='ocrx_word' id='word_1_141' title='bbox 1549 1765 1928 1835; x_wconf 79' lang='grc' dir='ltr'><strong>κατελύσαμεν</strong></span> <span class='ocrx_word' id='word_1_142' title='bbox 1968 1752 2006 1806; x_wconf 71' lang='grc' dir='ltr'><strong><em>Β</em></strong></span> 
     </span>
    </p>
   </div>
   <div class='ocr_carea' id='block_1_21' title="bbox 355 1854 1932 1929">
    <p class='ocr_par' dir='ltr' id='par_1_21' title="bbox 355 1854 1932 1929">
     <span class='ocr_line' id='line_1_21' title="bbox 355 1854 1932 1929; baseline -0.004 -19"><span class='ocrx_word' id='word_1_143' title='bbox 355 1859 557 1929; x_wconf 80' lang='grc' dir='ltr'><strong>χωρίῳ,</strong></span> <span class='ocrx_word' id='word_1_144' title='bbox 582 1857 979 1926; x_wconf 76' lang='grc' dir='ltr'><strong>ὑποφαινούσης</strong></span> <span class='ocrx_word' id='word_1_145' title='bbox 1003 1856 1215 1927; x_wconf 83' lang='grc' dir='ltr'><strong>ἡμέρας</strong></span> <span class='ocrx_word' id='word_1_146' title='bbox 1243 1858 1271 1909; x_wconf 88' lang='grc' dir='ltr'><strong>ὁ</strong></span> <span class='ocrx_word' id='word_1_147' title='bbox 1299 1855 1600 1925; x_wconf 80' lang='grc' dir='ltr'><strong>Μαξιμῖνος</strong></span> <span class='ocrx_word' id='word_1_148' title='bbox 1624 1854 1831 1906; x_wconf 77' lang='grc' dir='ltr'><strong>στέλλει</strong></span> <span class='ocrx_word' id='word_1_149' title='bbox 1865 1870 1932 1922; x_wconf 84' lang='grc' dir='ltr'><strong>με</strong></span> 
     </span>
    </p>
   </div>
   <div class='ocr_carea' id='block_1_22' title="bbox 357 1947 1934 2022">
    <p class='ocr_par' dir='ltr' id='par_1_22' title="bbox 357 1947 1934 2022">
     <span class='ocr_line' id='line_1_22' title="bbox 357 1947 1934 2022; baseline -0.004 -18"><span class='ocrx_word' id='word_1_150' title='bbox 357 1953 508 2021; x_wconf 79' lang='grc' dir='ltr'><strong>παρὰ</strong></span> <span class='ocrx_word' id='word_1_151' title='bbox 545 1953 636 2005; x_wconf 81' lang='grc' dir='ltr'><strong>τὸν</strong></span> <span class='ocrx_word' id='word_1_152' title='bbox 681 1953 1002 2022; x_wconf 87' lang='grc' dir='ltr'><strong>Ὀνηγήσιον</strong></span> <span class='ocrx_word' id='word_1_153' title='bbox 1028 1954 1095 2005; x_wconf 82' lang='grc' dir='ltr'><strong>τὰ</strong></span> <span class='ocrx_word' id='word_1_154' title='bbox 1125 1951 1273 2021; x_wconf 84' lang='grc' dir='ltr'><strong>δῶρα</strong></span> <span class='ocrx_word' id='word_1_155' title='bbox 1315 1950 1577 2014; x_wconf 76' lang='grc' dir='ltr'><strong>δώσοντα,</strong></span> <span class='ocrx_word' id='word_1_156' title='bbox 1611 1949 1644 2002; x_wconf 81' lang='grc' dir='ltr'><strong>ἆ</strong></span> <span class='ocrx_word' id='word_1_157' title='bbox 1679 1965 1739 2000; x_wconf 90' lang='grc' dir='ltr'><strong>τε</strong></span> <span class='ocrx_word' id='word_1_158' title='bbox 1775 1947 1934 2009; x_wconf 80' lang='grc' dir='ltr'><strong>αὑτὸς</strong></span> 
     </span>
    </p>
   </div>
   <div class='ocr_carea' id='block_1_23' title="bbox 359 2039 1934 2112">
    <p class='ocr_par' dir='ltr' id='par_1_23' title="bbox 359 2039 1934 2112">
     <span class='ocr_line' id='line_1_23' title="bbox 359 2039 1934 2112; baseline -0.004 -18"><span class='ocrx_word' id='word_1_159' title='bbox 359 2043 553 2109; x_wconf 82' lang='grc' dir='ltr'><strong>ἐδίδου,</strong></span> <span class='ocrx_word' id='word_1_160' title='bbox 571 2045 605 2096; x_wconf 74' lang='grc' dir='ltr'><em>ἃ</em></span> <span class='ocrx_word' id='word_1_161' title='bbox 620 2060 679 2095; x_wconf 90' lang='grc' dir='ltr'><strong>τε</strong></span> <span class='ocrx_word' id='word_1_162' title='bbox 701 2043 950 2112; x_wconf 83' lang='grc' dir='ltr'><strong>βασιλεὺς</strong></span> <span class='ocrx_word' id='word_1_163' title='bbox 969 2041 1322 2106; x_wconf 82' lang='grc' dir='ltr'><strong>ἀπεστάλκει,</strong></span> <span class='ocrx_word' id='word_1_164' title='bbox 1338 2041 1434 2093; x_wconf 77' lang='grc' dir='ltr'><strong>καὶ</strong></span> <span class='ocrx_word' id='word_1_165' title='bbox 1453 2041 1597 2102; x_wconf 84' lang='grc' dir='ltr'><strong>ὅπως</strong></span> <span class='ocrx_word' id='word_1_166' title='bbox 1623 2039 1797 2107; x_wconf 87' lang='grc' dir='ltr'><strong>γνοίη,</strong></span> <span class='ocrx_word' id='word_1_167' title='bbox 1821 2040 1870 2090; x_wconf 87' lang='grc' dir='ltr'><strong>εἰ</strong></span> <span class='ocrx_word' id='word_1_168' title='bbox 1892 2041 1934 2068; x_wconf 77' lang='grc'><strong>⁸³</strong></span> 
     </span>
    </p>
   </div>
   <div class='ocr_carea' id='block_1_24' title="bbox 362 2132 1938 2203">
    <p class='ocr_par' dir='ltr' id='par_1_24' title="bbox 362 2132 1938 2203">
     <span class='ocr_line' id='line_1_24' title="bbox 362 2132 1938 2203; baseline -0.001 -18"><span class='ocrx_word' id='word_1_169' title='bbox 362 2134 611 2203; x_wconf 84' lang='grc' dir='ltr'><strong>βούλεται</strong></span> <span class='ocrx_word' id='word_1_170' title='bbox 630 2134 676 2167; x_wconf 76' lang='grc'><strong>⁸³</strong></span> <span class='ocrx_word' id='word_1_171' title='bbox 705 2133 874 2202; x_wconf 81' lang='grc' dir='ltr'><strong>αὑτῷ,</strong></span> <span class='ocrx_word' id='word_1_172' title='bbox 899 2135 992 2187; x_wconf 73' lang='grc' dir='ltr'><strong>καὶ</strong></span> <span class='ocrx_word' id='word_1_173' title='bbox 1019 2135 1200 2193; x_wconf 81' lang='grc' dir='ltr'><strong>ὁπότε,</strong></span> <span class='ocrx_word' id='word_1_174' title='bbox 1234 2135 1289 2194; x_wconf 79' lang='grc' dir='ltr'><strong>ἐς</strong></span> <span class='ocrx_word' id='word_1_175' title='bbox 1313 2133 1506 2201; x_wconf 88' lang='grc' dir='ltr'><strong>λόγους</strong></span> <span class='ocrx_word' id='word_1_176' title='bbox 1532 2132 1722 2187; x_wconf 85' lang='grc' dir='ltr'><strong>ἐλθεῖν.</strong></span> <span class='ocrx_word' id='word_1_177' title='bbox 1752 2133 1938 2200; x_wconf 84' lang='grc' dir='ltr'><strong>Παρα-</strong></span> 
     </span>
    </p>
   </div>
   <div class='ocr_carea' id='block_1_25' title="bbox 362 2221 1939 2294">
    <p class='ocr_par' dir='ltr' id='par_1_25' title="bbox 362 2221 1939 2294">
     <span class='ocr_line' id='line_1_25' title="bbox 362 2221 1939 2294; baseline -0.002 -19"><span class='ocrx_word' id='word_1_178' title='bbox 362 2224 650 2293; x_wconf 76' lang='grc' dir='ltr'><strong>γενόμενος</strong></span> <span class='ocrx_word' id='word_1_179' title='bbox 688 2225 744 2277; x_wconf 87' lang='grc' dir='ltr'><strong>δέ</strong></span> <span class='ocrx_word' id='word_1_180' title='bbox 773 2223 890 2294; x_wconf 78' lang='grc' dir='ltr'><strong>ἃμα</strong></span> <span class='ocrx_word' id='word_1_181' title='bbox 915 2226 1027 2285; x_wconf 83' lang='grc' dir='ltr'><strong>τοῖς</strong></span> <span class='ocrx_word' id='word_1_182' title='bbox 1054 2222 1370 2293; x_wconf 76' lang='grc' dir='ltr'><strong>κομίζουσιν</strong></span> <span class='ocrx_word' id='word_1_183' title='bbox 1393 2221 1530 2275; x_wconf 85' lang='grc' dir='ltr'><strong>αὑτὰ</strong></span> <span class='ocrx_word' id='word_1_184' title='bbox 1556 2223 1602 2253; x_wconf 69' lang='grc'>³⁸</span> <span class='ocrx_word' id='word_1_185' title='bbox 1641 2221 1939 2291; x_wconf 79' lang='grc' dir='ltr'><strong>ὑπηρέταις</strong></span> 
     </span>
    </p>
   </div>
   <div class='ocr_carea' id='block_1_26' title="bbox 362 2315 1939 2386">
    <p class='ocr_par' dir='ltr' id='par_1_26' title="bbox 362 2315 1939 2386">
     <span class='ocr_line' id='line_1_26' title="bbox 362 2315 1939 2386; baseline -0.001 -20"><span class='ocrx_word' id='word_1_186' title='bbox 362 2316 951 2386; x_wconf 82' lang='grc' dir='ltr'><strong>προσεκαρτέρουν,έτι</strong></span> <span class='ocrx_word' id='word_1_187' title='bbox 974 2315 1082 2368; x_wconf 84' lang='grc' dir='ltr'><strong>τῶν</strong></span> <span class='ocrx_word' id='word_1_188' title='bbox 1106 2315 1285 2386; x_wconf 84' lang='grc' dir='ltr'><strong>θυρῶν</strong></span> <span class='ocrx_word' id='word_1_189' title='bbox 1305 2315 1707 2384; x_wconf 79' lang='grc' dir='ltr'><strong>κεκλεισμένων</strong></span> <span class='ocrx_word' id='word_1_190' title='bbox 1735 2355 1749 2374; x_wconf 86' lang='grc'><strong><em>.</em></strong></span> <span class='ocrx_word' id='word_1_191' title='bbox 1779 2315 1939 2383; x_wconf 84' lang='grc' dir='ltr'><strong>ἄχρις</strong></span> 
     </span>
    </p>
   </div>
   <div class='ocr_carea' id='block_1_27' title="bbox 361 2403 1935 2476">
    <p class='ocr_par' dir='ltr' id='par_1_27' title="bbox 361 2403 1935 2476">
     <span class='ocr_line' id='line_1_27' title="bbox 361 2403 1935 2476; baseline 0.001 -20"><span class='ocrx_word' id='word_1_192' title='bbox 361 2404 484 2457; x_wconf 85' lang='grc' dir='ltr'><strong>ὅτου</strong></span> <span class='ocrx_word' id='word_1_193' title='bbox 517 2422 600 2468; x_wconf 90' lang='grc' dir='ltr'><strong>τις</strong></span> <span class='ocrx_word' id='word_1_194' title='bbox 623 2405 936 2469; x_wconf 80' lang='grc' dir='ltr'><strong>ὑπεξελθὼν</strong></span> <span class='ocrx_word' id='word_1_195' title='bbox 979 2405 1077 2476; x_wconf 78' lang='grc' dir='ltr'><strong>τὴν</strong></span> <span class='ocrx_word' id='word_1_196' title='bbox 1105 2406 1382 2476; x_wconf 85' lang='grc' dir='ltr'><strong>ἡμετέραν</strong></span> <span class='ocrx_word' id='word_1_197' title='bbox 1415 2405 1702 2476; x_wconf 81' lang='grc' dir='ltr'><strong>μηνύσειεν</strong></span> <span class='ocrx_word' id='word_1_198' title='bbox 1732 2403 1935 2472; x_wconf 82' lang='grc' dir='ltr'><strong>ἄφιξιν.</strong></span> 
     </span>
    </p>
   </div>
   <div class='ocr_carea' id='block_1_28' title="bbox 434 2584 1939 2657">
    <p class='ocr_par' dir='ltr' id='par_1_28' title="bbox 434 2584 1939 2657">
     <span class='ocr_line' id='line_1_28' title="bbox 434 2584 1939 2657; baseline 0 -21"><span class='ocrx_word' id='word_1_199' title='bbox 434 2584 772 2656; x_wconf 80' lang='grc' dir='ltr'><strong>Διατρίὸοντι</strong></span> <span class='ocrx_word' id='word_1_200' title='bbox 825 2585 882 2638; x_wconf 81' lang='grc' dir='ltr'><strong>δέ</strong></span> <span class='ocrx_word' id='word_1_201' title='bbox 945 2601 1035 2654; x_wconf 90' lang='grc' dir='ltr'><strong>μοι</strong></span> <span class='ocrx_word' id='word_1_202' title='bbox 1096 2584 1188 2639; x_wconf 78' lang='grc' dir='ltr'><strong>καὶ</strong></span> <span class='ocrx_word' id='word_1_203' title='bbox 1250 2586 1584 2657; x_wconf 82' lang='grc' dir='ltr'><strong>περιπάτους</strong></span> <span class='ocrx_word' id='word_1_204' title='bbox 1635 2584 1939 2654; x_wconf 81' lang='grc' dir='ltr'><strong>ποιουμένῳ</strong></span> 
     </span>
    </p>
   </div>
   <div class='ocr_carea' id='block_1_29' title="bbox 367 2675 1938 2748">
    <p class='ocr_par' dir='ltr' id='par_1_29' title="bbox 367 2675 1938 2748">
     <span class='ocr_line' id='line_1_29' title="bbox 367 2675 1938 2748; baseline 0.001 -21"><span class='ocrx_word' id='word_1_205' title='bbox 367 2675 473 2745; x_wconf 82' lang='grc' dir='ltr'><strong>πρὸ</strong></span> <span class='ocrx_word' id='word_1_206' title='bbox 510 2675 600 2728; x_wconf 84' lang='grc' dir='ltr'><strong>τοῦ</strong></span> <span class='ocrx_word' id='word_1_207' title='bbox 628 2675 919 2748; x_wconf 80' lang='grc' dir='ltr'><strong>περιϐόλου</strong></span> <span class='ocrx_word' id='word_1_208' title='bbox 942 2675 1048 2729; x_wconf 86' lang='grc' dir='ltr'><strong>τῶν</strong></span> <span class='ocrx_word' id='word_1_209' title='bbox 1070 2676 1407 2747; x_wconf 77' lang='grc' dir='ltr'><strong>οἰκημάτων,</strong></span> <span class='ocrx_word' id='word_1_210' title='bbox 1431 2675 1740 2746; x_wconf 86' lang='grc' dir='ltr'><strong>προσελθών</strong></span> <span class='ocrx_word' id='word_1_211' title='bbox 1765 2693 1846 2739; x_wconf 88' lang='grc' dir='ltr'><strong>τις</strong></span> <span class='ocrx_word' id='word_1_212' title='bbox 1869 2677 1938 2738; x_wconf 79' lang='grc'><strong>⁸⁸,</strong></span> 
     </span>
    </p>
   </div>
   <div class='ocr_carea' id='block_1_30' title="bbox 365 2763 1934 2838">
    <p class='ocr_par' dir='ltr' id='par_1_30' title="bbox 365 2763 1934 2838">
     <span class='ocr_line' id='line_1_30' title="bbox 365 2763 1934 2838; baseline 0.001 -20"><span class='ocrx_word' id='word_1_213' title='bbox 365 2765 424 2818; x_wconf 83' lang='grc' dir='ltr'><strong>ὃν</strong></span> <span class='ocrx_word' id='word_1_214' title='bbox 449 2767 730 2838; x_wconf 79' lang='grc' dir='ltr'><strong>Βάρὸαρον</strong></span> <span class='ocrx_word' id='word_1_215' title='bbox 776 2769 841 2820; x_wconf 70' lang='grc' dir='ltr'><strong>ἐκ</strong></span> <span class='ocrx_word' id='word_1_216' title='bbox 884 2768 979 2837; x_wconf 90' lang='grc' dir='ltr'><strong>τῆς</strong></span> <span class='ocrx_word' id='word_1_217' title='bbox 1017 2769 1288 2838; x_wconf 80' lang='grc' dir='ltr'><strong>Σκυθικῆς</strong></span> <span class='ocrx_word' id='word_1_218' title='bbox 1335 2768 1519 2838; x_wconf 81' lang='grc' dir='ltr'><strong>ᾠήθην</strong></span> <span class='ocrx_word' id='word_1_219' title='bbox 1554 2763 1692 2820; x_wconf 80' lang='grc' dir='ltr'><strong>εἶναι</strong></span> <span class='ocrx_word' id='word_1_220' title='bbox 1725 2768 1934 2836; x_wconf 80' lang='grc' dir='ltr'><strong>στολῆς,</strong></span> 
     </span>
    </p>
   </div>
   <div class='ocr_carea' id='block_1_31' title="bbox 378 2856 1938 2928">
    <p class='ocr_par' dir='ltr' id='par_1_31' title="bbox 378 2856 1938 2928">
     <span class='ocr_line' id='line_1_31' title="bbox 378 2856 1938 2928; baseline -0.001 -17"><span class='ocrx_word' id='word_1_221' title='bbox 378 2857 660 2927; x_wconf 78' lang='grc' dir='ltr'><strong>Ἑλληνικῇ</strong></span> <span class='ocrx_word' id='word_1_222' title='bbox 697 2857 996 2921; x_wconf 76' lang='grc' dir='ltr'><strong>ἀσπάζεταί</strong></span> <span class='ocrx_word' id='word_1_223' title='bbox 1029 2875 1096 2926; x_wconf 82' lang='grc' dir='ltr'><strong>με</strong></span> <span class='ocrx_word' id='word_1_224' title='bbox 1121 2861 1292 2926; x_wconf 89' lang='grc' dir='ltr'><strong>φωνῇ,</strong></span> <span class='ocrx_word' id='word_1_225' title='bbox 1325 2859 1577 2928; x_wconf 58' lang='grc' dir='ltr'><strong>«Χαῖρερ</strong></span> <span class='ocrx_word' id='word_1_226' title='bbox 1608 2856 1938 2928; x_wconf 86' lang='grc' dir='ltr'><strong>προσειπὼν,</strong></span> 
     </span>
    </p>
   </div>
   <div class='ocr_carea' id='block_1_32' title="bbox 369 2947 1938 3018">
    <p class='ocr_par' dir='ltr' id='par_1_32' title="bbox 369 2947 1938 3018">
     <span class='ocr_line' id='line_1_32' title="bbox 369 2947 1938 3018; baseline 0 -17"><span class='ocrx_word' id='word_1_227' title='bbox 369 2947 509 3001; x_wconf 86' lang='grc' dir='ltr'><strong>ὥστε</strong></span> <span class='ocrx_word' id='word_1_228' title='bbox 539 2966 606 3018; x_wconf 88' lang='grc' dir='ltr'><strong>με</strong></span> <span class='ocrx_word' id='word_1_229' title='bbox 632 2947 948 3018; x_wconf 80' lang='grc' dir='ltr'><strong>θαυμάζειν,</strong></span> <span class='ocrx_word' id='word_1_230' title='bbox 971 2948 1052 3001; x_wconf 84' lang='grc' dir='ltr'><strong>ὅτι</strong></span> <span class='ocrx_word' id='word_1_231' title='bbox 1080 2965 1140 3016; x_wconf 89' lang='grc' dir='ltr'><strong>γε</strong></span> <span class='ocrx_word' id='word_1_232' title='bbox 1165 2947 1228 3018; x_wconf 83' lang='grc' dir='ltr'><strong>δὴ</strong></span> <span class='ocrx_word' id='word_1_233' title='bbox 1258 2948 1517 3016; x_wconf 75' lang='grc' dir='ltr'><strong>ἐλληνίζει</strong></span> <span class='ocrx_word' id='word_1_234' title='bbox 1543 2948 1754 3017; x_wconf 77' lang='grc' dir='ltr'><strong>Σκύθης</strong></span> <span class='ocrx_word' id='word_1_235' title='bbox 1777 2949 1877 3018; x_wconf 87' lang='grc' dir='ltr'><strong>ἀνή</strong></span> <span class='ocrx_word' id='word_1_236' title='bbox 1888 2966 1938 3017; x_wconf 90' lang='grc' dir='ltr'><strong>ρ.</strong></span> 
     </span>
    </p>
   </div>
   <div class='ocr_carea' id='block_1_33' title="bbox 2013 491 3586 563">
    <p class='ocr_par' dir='ltr' id='par_1_33' title="bbox 2013 491 3586 563">
     <span class='ocr_line' id='line_1_33' title="bbox 2013 491 3586 563; baseline 0.005 -23"><span class='ocrx_word' id='word_1_237' title='bbox 2013 492 2144 558; x_wconf 77' lang='lat' dir='ltr'><strong>gesii</strong></span> <span class='ocrx_word' id='word_1_238' title='bbox 2179 491 2281 560; x_wconf 89' lang='lat' dir='ltr'><strong>(sic</strong></span> <span class='ocrx_word' id='word_1_239' title='bbox 2311 492 2400 546; x_wconf 90' lang='lat' dir='ltr'><strong>ille</strong></span> <span class='ocrx_word' id='word_1_240' title='bbox 2422 502 2784 563; x_wconf 67' lang='lat' dir='ltr'><strong>praeceperat;</strong></span> <span class='ocrx_word' id='word_1_241' title='bbox 2820 495 3055 549; x_wconf 76' lang='lat' dir='ltr'><strong>redierat</strong></span> <span class='ocrx_word' id='word_1_242' title='bbox 3084 495 3225 550; x_wconf 82' lang='lat' dir='ltr'><strong>enim</strong></span> <span class='ocrx_word' id='word_1_243' title='bbox 3254 511 3375 550; x_wconf 90' lang='lat' dir='ltr'><strong>cum</strong></span> <span class='ocrx_word' id='word_1_244' title='bbox 3405 495 3586 548; x_wconf 73' lang='lat' dir='ltr'><strong>Attila:</strong></span> 
     </span>
    </p>
   </div>
   <div class='ocr_carea' id='block_1_34' title="bbox 2016 581 3589 652">
    <p class='ocr_par' dir='ltr' id='par_1_34' title="bbox 2016 581 3589 652">
     <span class='ocr_line' id='line_1_34' title="bbox 2016 581 3589 652; baseline 0.003 -18"><span class='ocrx_word' id='word_1_245' title='bbox 2016 581 2147 652; x_wconf 84' lang='lat' dir='ltr'><strong>filio)</strong></span> <span class='ocrx_word' id='word_1_246' title='bbox 2197 585 2575 639; x_wconf 81' lang='lat' dir='ltr'><strong>remansitnus.</strong></span> <span class='ocrx_word' id='word_1_247' title='bbox 2637 585 2753 640; x_wconf 89' lang='lat' dir='ltr'><strong>lllic</strong></span> <span class='ocrx_word' id='word_1_248' title='bbox 2794 599 3008 641; x_wconf 75' lang='lat' dir='ltr'><strong>coenam</strong></span> <span class='ocrx_word' id='word_1_249' title='bbox 3054 588 3405 652; x_wconf 84' lang='lat' dir='ltr'><strong>sumpsimus,</strong></span> <span class='ocrx_word' id='word_1_250' title='bbox 3437 586 3589 640; x_wconf 88' lang='lat' dir='ltr'><strong>exci-</strong></span> 
     </span>
    </p>
   </div>
   <div class='ocr_carea' id='block_1_35' title="bbox 2020 676 3590 746">
    <p class='ocr_par' dir='ltr' id='par_1_35' title="bbox 2020 676 3590 746">
     <span class='ocr_line' id='line_1_35' title="bbox 2020 676 3590 746; baseline 0.001 -17"><span class='ocrx_word' id='word_1_251' title='bbox 2020 676 2316 743; x_wconf 87' lang='lat' dir='ltr'><strong>pientenos</strong></span> <span class='ocrx_word' id='word_1_252' title='bbox 2341 676 2458 745; x_wconf 87' lang='lat' dir='ltr'><strong>ejus</strong></span> <span class='ocrx_word' id='word_1_253' title='bbox 2509 691 2680 731; x_wconf 76' lang='lat' dir='ltr'><strong>uxore</strong></span> <span class='ocrx_word' id='word_1_254' title='bbox 2718 679 2972 731; x_wconf 73' lang='lat' dir='ltr'><strong>comitata</strong></span> <span class='ocrx_word' id='word_1_255' title='bbox 3026 679 3440 740; x_wconf 88' lang='lat' dir='ltr'><strong>illustrioribus,</strong></span> <span class='ocrx_word' id='word_1_256' title='bbox 3498 677 3590 746; x_wconf 90' lang='lat' dir='ltr'><strong>qui</strong></span> 
     </span>
    </p>
   </div>
   <div class='ocr_carea' id='block_1_36' title="bbox 2020 765 3590 836">
    <p class='ocr_par' dir='ltr' id='par_1_36' title="bbox 2020 765 3590 836">
     <span class='ocr_line' id='line_1_36' title="bbox 2020 765 3590 836; baseline -0.001 -17"><span class='ocrx_word' id='word_1_257' title='bbox 2020 779 2142 819; x_wconf 89' lang='lat' dir='ltr'><strong>eum</strong></span> <span class='ocrx_word' id='word_1_258' title='bbox 2173 779 2374 834; x_wconf 78' lang='lat' dir='ltr'><strong>genere</strong></span> <span class='ocrx_word' id='word_1_259' title='bbox 2417 767 2823 836; x_wconf 80' lang='lat' dir='ltr'><strong>contingebant.</strong></span> <span class='ocrx_word' id='word_1_260' title='bbox 2859 765 2936 819; x_wconf 91' lang='lat' dir='ltr'><strong>llli</strong></span> <span class='ocrx_word' id='word_1_261' title='bbox 2963 768 3102 822; x_wconf 79' lang='lat' dir='ltr'><strong>enim</strong></span> <span class='ocrx_word' id='word_1_262' title='bbox 3133 768 3372 821; x_wconf 87' lang='lat' dir='ltr'><strong>animum</strong></span> <span class='ocrx_word' id='word_1_263' title='bbox 3407 768 3590 820; x_wconf 85' lang='lat' dir='ltr'><strong>nobis-</strong></span> 
     </span>
    </p>
   </div>
   <div class='ocr_carea' id='block_1_37' title="bbox 2021 854 3590 922">
    <p class='ocr_par' dir='ltr' id='par_1_37' title="bbox 2021 854 3590 922">
     <span class='ocr_line' id='line_1_37' title="bbox 2021 854 3590 922; baseline 0 -16"><span class='ocrx_word' id='word_1_264' title='bbox 2021 868 2141 906; x_wconf 90' lang='lat' dir='ltr'><strong>cmn</strong></span> <span class='ocrx_word' id='word_1_265' title='bbox 2172 855 2421 908; x_wconf 87' lang='lat' dir='ltr'><strong>convivio</strong></span> <span class='ocrx_word' id='word_1_266' title='bbox 2450 854 2755 908; x_wconf 83' lang='lat' dir='ltr'><strong>exhilarare</strong></span> <span class='ocrx_word' id='word_1_267' title='bbox 2777 869 2871 922; x_wconf 89' lang='lat' dir='ltr'><strong>per</strong></span> <span class='ocrx_word' id='word_1_268' title='bbox 2915 855 3086 908; x_wconf 87' lang='lat' dir='ltr'><strong>otium</strong></span> <span class='ocrx_word' id='word_1_269' title='bbox 3136 857 3356 910; x_wconf 90' lang='lat' dir='ltr'><strong>minime</strong></span> <span class='ocrx_word' id='word_1_270' title='bbox 3397 855 3547 908; x_wconf 91' lang='lat' dir='ltr'><strong>licuit</strong></span> <span class='ocrx_word' id='word_1_271' title='bbox 3575 871 3590 919; x_wconf 88' lang='lat'><strong>;</strong></span> 
     </span>
    </p>
   </div>
   <div class='ocr_carea' id='block_1_38' title="bbox 2026 944 3595 1015">
    <p class='ocr_par' dir='ltr' id='par_1_38' title="bbox 2026 944 3595 1015">
     <span class='ocr_line' id='line_1_38' title="bbox 2026 944 3595 1015; baseline -0.002 -14"><span class='ocrx_word' id='word_1_272' title='bbox 2026 944 2134 1015; x_wconf 83' lang='lat'><strong>59</strong></span> <span class='ocrx_word' id='word_1_273' title='bbox 2158 946 2283 1014; x_wconf 91' lang='lat' dir='ltr'><strong>quia</strong></span> <span class='ocrx_word' id='word_1_274' title='bbox 2311 961 2429 1014; x_wconf 66' lang='lat' dir='ltr'><strong>quae</strong></span> <span class='ocrx_word' id='word_1_275' title='bbox 2459 956 2702 1015; x_wconf 78' lang='lat' dir='ltr'><strong>gesserat</strong></span> <span class='ocrx_word' id='word_1_276' title='bbox 2740 946 2794 999; x_wconf 91' lang='lat' dir='ltr'><strong>in</strong></span> <span class='ocrx_word' id='word_1_277' title='bbox 2843 946 3073 1014; x_wconf 77' lang='lat' dir='ltr'><strong>negotio,</strong></span> <span class='ocrx_word' id='word_1_278' title='bbox 3111 946 3175 1000; x_wconf 87' lang='lat' dir='ltr'><strong>ad</strong></span> <span class='ocrx_word' id='word_1_279' title='bbox 3209 948 3350 1015; x_wconf 90' lang='lat' dir='ltr'><strong>quod</strong></span> <span class='ocrx_word' id='word_1_280' title='bbox 3399 946 3595 1000; x_wconf 90' lang='lat' dir='ltr'><strong>missus</strong></span> 
     </span>
    </p>
   </div>
   <div class='ocr_carea' id='block_1_39' title="bbox 2027 1037 3592 1107">
    <p class='ocr_par' dir='ltr' id='par_1_39' title="bbox 2027 1037 3592 1107">
     <span class='ocr_line' id='line_1_39' title="bbox 2027 1037 3592 1107; baseline 0.001 -17"><span class='ocrx_word' id='word_1_281' title='bbox 2027 1037 2224 1102; x_wconf 87' lang='lat' dir='ltr'><strong>fuerat,</strong></span> <span class='ocrx_word' id='word_1_282' title='bbox 2265 1046 2319 1091; x_wconf 89' lang='lat' dir='ltr'><strong>et</strong></span> <span class='ocrx_word' id='word_1_283' title='bbox 2367 1038 2677 1101; x_wconf 85' lang='lat' dir='ltr'><strong>adversum,</strong></span> <span class='ocrx_word' id='word_1_284' title='bbox 2733 1037 2822 1105; x_wconf 91' lang='lat' dir='ltr'><strong>qui</strong></span> <span class='ocrx_word' id='word_1_285' title='bbox 2884 1037 2994 1092; x_wconf 88' lang='lat' dir='ltr'><strong>filio</strong></span> <span class='ocrx_word' id='word_1_286' title='bbox 3043 1039 3222 1092; x_wconf 74' lang='lat' dir='ltr'><strong>Attila:</strong></span> <span class='ocrx_word' id='word_1_287' title='bbox 3273 1039 3592 1107; x_wconf 85' lang='lat' dir='ltr'><strong>contigerat,</strong></span> 
     </span>
    </p>
   </div>
   <div class='ocr_carea' id='block_1_40' title="bbox 2029 1127 3596 1197">
    <p class='ocr_par' dir='ltr' id='par_1_40' title="bbox 2029 1127 3596 1197">
     <span class='ocr_line' id='line_1_40' title="bbox 2029 1127 3596 1197; baseline -0.001 -15"><span class='ocrx_word' id='word_1_288' title='bbox 2029 1143 2214 1182; x_wconf 88' lang='lat' dir='ltr'><strong>casum</strong></span> <span class='ocrx_word' id='word_1_289' title='bbox 2249 1128 2513 1197; x_wconf 81' lang='lat' dir='ltr'><strong>(dextram</strong></span> <span class='ocrx_word' id='word_1_290' title='bbox 2548 1127 2692 1182; x_wconf 91' lang='lat' dir='ltr'><strong>enim</strong></span> <span class='ocrx_word' id='word_1_291' title='bbox 2739 1128 2986 1196; x_wconf 88' lang='lat' dir='ltr'><strong>delapsus</strong></span> <span class='ocrx_word' id='word_1_292' title='bbox 3034 1127 3290 1197; x_wconf 80' lang='lat' dir='ltr'><strong>fregerat)</strong></span> <span class='ocrx_word' id='word_1_293' title='bbox 3323 1127 3596 1184; x_wconf 88' lang='lat' dir='ltr'><strong>renuntia-</strong></span> 
     </span>
    </p>
   </div>
   <div class='ocr_carea' id='block_1_41' title="bbox 2034 1215 3595 1287">
    <p class='ocr_par' dir='ltr' id='par_1_41' title="bbox 2034 1215 3595 1287">
     <span class='ocr_line' id='line_1_41' title="bbox 2034 1215 3595 1287; baseline -0.001 -17"><span class='ocrx_word' id='word_1_294' title='bbox 2034 1225 2209 1280; x_wconf 87' lang='lat' dir='ltr'><strong>turus,</strong></span> <span class='ocrx_word' id='word_1_295' title='bbox 2255 1223 2368 1269; x_wconf 91' lang='lat' dir='ltr'><strong>tum</strong></span> <span class='ocrx_word' id='word_1_296' title='bbox 2413 1215 2644 1286; x_wconf 89' lang='lat' dir='ltr'><strong>primum</strong></span> <span class='ocrx_word' id='word_1_297' title='bbox 2681 1232 2708 1268; x_wconf 88' lang='lat' dir='ltr'><strong>a</strong></span> <span class='ocrx_word' id='word_1_298' title='bbox 2741 1218 2918 1270; x_wconf 88' lang='lat' dir='ltr'><strong>reditu</strong></span> <span class='ocrx_word' id='word_1_299' title='bbox 2967 1218 3018 1270; x_wconf 89' lang='lat' dir='ltr'><strong>in</strong></span> <span class='ocrx_word' id='word_1_300' title='bbox 3047 1218 3223 1272; x_wconf 63' lang='lat' dir='ltr'><strong>Attilae</strong></span> <span class='ocrx_word' id='word_1_301' title='bbox 3245 1230 3595 1287; x_wconf 90' lang='lat' dir='ltr'><strong>conspectum</strong></span> 
     </span>
    </p>
   </div>
   <div class='ocr_carea' id='block_1_42' title="bbox 2030 1296 3599 1378">
    <p class='ocr_par' dir='ltr' id='par_1_42' title="bbox 2030 1296 3599 1378">
     <span class='ocr_line' id='line_1_42' title="bbox 2030 1296 3599 1378; baseline 0.002 -19"><span class='ocrx_word' id='word_1_302' title='bbox 2030 1317 2270 1362; x_wconf 88' lang='lat' dir='ltr'><strong>venerat.</strong></span> <span class='ocrx_word' id='word_1_303' title='bbox 2308 1307 2433 1362; x_wconf 87' lang='lat' dir='ltr'><strong>Post</strong></span> <span class='ocrx_word' id='word_1_304' title='bbox 2459 1296 2690 1372; x_wconf 60' lang='lat' dir='ltr'><strong>caenam,</strong></span> <span class='ocrx_word' id='word_1_305' title='bbox 2715 1310 2916 1362; x_wconf 82' lang='lat' dir='ltr'><strong>aedibus</strong></span> <span class='ocrx_word' id='word_1_306' title='bbox 2946 1309 3194 1378; x_wconf 74' lang='lat' dir='ltr'><strong>(inegesii</strong></span> <span class='ocrx_word' id='word_1_307' title='bbox 3232 1308 3450 1372; x_wconf 86' lang='lat' dir='ltr'><strong>relictis,</strong></span> <span class='ocrx_word' id='word_1_308' title='bbox 3471 1324 3599 1377; x_wconf 88' lang='lat' dir='ltr'><strong>pro-</strong></span> 
     </span>
    </p>
   </div>
   <div class='ocr_carea' id='block_1_43' title="bbox 2035 1397 3596 1467">
    <p class='ocr_par' dir='ltr' id='par_1_43' title="bbox 2035 1397 3596 1467">
     <span class='ocr_line' id='line_1_43' title="bbox 2035 1397 3596 1467; baseline 0.002 -20"><span class='ocrx_word' id='word_1_309' title='bbox 2035 1399 2154 1464; x_wconf 87' lang='lat' dir='ltr'><strong>pius</strong></span> <span class='ocrx_word' id='word_1_310' title='bbox 2186 1397 2363 1449; x_wconf 64' lang='lat' dir='ltr'><strong>Attila!</strong></span> <span class='ocrx_word' id='word_1_311' title='bbox 2405 1399 2547 1451; x_wconf 68' lang='lat' dir='ltr'><strong>mdes</strong></span> <span class='ocrx_word' id='word_1_312' title='bbox 2580 1398 2808 1452; x_wconf 89' lang='lat' dir='ltr'><strong>tentoria</strong></span> <span class='ocrx_word' id='word_1_313' title='bbox 2838 1399 3136 1467; x_wconf 87' lang='lat' dir='ltr'><strong>posuimus,</strong></span> <span class='ocrx_word' id='word_1_314' title='bbox 3173 1408 3230 1450; x_wconf 91' lang='lat' dir='ltr'><strong>ut</strong></span> <span class='ocrx_word' id='word_1_315' title='bbox 3255 1397 3596 1457; x_wconf 81' lang='lat' dir='ltr'><strong>Maximinus,</strong></span> 
     </span>
    </p>
   </div>
   <div class='ocr_carea' id='block_1_44' title="bbox 2036 1486 3601 1556">
    <p class='ocr_par' dir='ltr' id='par_1_44' title="bbox 2036 1486 3601 1556">
     <span class='ocr_line' id='line_1_44' title="bbox 2036 1486 3601 1556; baseline -0.001 -18"><span class='ocrx_word' id='word_1_316' title='bbox 2036 1502 2194 1555; x_wconf 89' lang='lat' dir='ltr'><strong>quem</strong></span> <span class='ocrx_word' id='word_1_317' title='bbox 2236 1486 2453 1539; x_wconf 83' lang='lat' dir='ltr'><strong>Attilam</strong></span> <span class='ocrx_word' id='word_1_318' title='bbox 2489 1490 2808 1551; x_wconf 86' lang='lat' dir='ltr'><strong>convenire,</strong></span> <span class='ocrx_word' id='word_1_319' title='bbox 2846 1499 2895 1540; x_wconf 92' lang='lat' dir='ltr'><strong>ct</strong></span> <span class='ocrx_word' id='word_1_320' title='bbox 2919 1503 3040 1541; x_wconf 90' lang='lat' dir='ltr'><strong>cum</strong></span> <span class='ocrx_word' id='word_1_321' title='bbox 3067 1487 3174 1552; x_wconf 89' lang='lat' dir='ltr'><strong>his,</strong></span> <span class='ocrx_word' id='word_1_322' title='bbox 3203 1488 3292 1556; x_wconf 90' lang='lat' dir='ltr'><strong>qui</strong></span> <span class='ocrx_word' id='word_1_323' title='bbox 3325 1487 3372 1542; x_wconf 89' lang='lat' dir='ltr'><strong>ei</strong></span> <span class='ocrx_word' id='word_1_324' title='bbox 3402 1501 3430 1538; x_wconf 91' lang='lat' dir='ltr'><strong>a</strong></span> <span class='ocrx_word' id='word_1_325' title='bbox 3469 1501 3601 1540; x_wconf 88' lang='lat' dir='ltr'><strong>con-</strong></span> 
     </span>
    </p>
   </div>
   <div class='ocr_carea' id='block_1_45' title="bbox 2037 1578 3601 1648">
    <p class='ocr_par' dir='ltr' id='par_1_45' title="bbox 2037 1578 3601 1648">
     <span class='ocr_line' id='line_1_45' title="bbox 2037 1578 3601 1648; baseline -0.001 -15"><span class='ocrx_word' id='word_1_326' title='bbox 2037 1578 2172 1633; x_wconf 90' lang='lat' dir='ltr'><strong>siliis</strong></span> <span class='ocrx_word' id='word_1_327' title='bbox 2192 1588 2346 1632; x_wconf 84' lang='lat' dir='ltr'><strong>erant</strong></span> <span class='ocrx_word' id='word_1_328' title='bbox 2372 1578 2637 1648; x_wconf 87' lang='lat' dir='ltr'><strong>colloquia</strong></span> <span class='ocrx_word' id='word_1_329' title='bbox 2670 1578 2848 1634; x_wconf 85' lang='lat' dir='ltr'><strong>facere</strong></span> <span class='ocrx_word' id='word_1_330' title='bbox 2872 1580 3176 1648; x_wconf 87' lang='lat' dir='ltr'><strong>oportebat,</strong></span> <span class='ocrx_word' id='word_1_331' title='bbox 3202 1579 3424 1634; x_wconf 89' lang='lat' dir='ltr'><strong>minime</strong></span> <span class='ocrx_word' id='word_1_332' title='bbox 3446 1579 3601 1648; x_wconf 82' lang='lat' dir='ltr'><strong>longo</strong></span> 
     </span>
    </p>
   </div>
   <div class='ocr_carea' id='block_1_46' title="bbox 2038 1669 3602 1739">
    <p class='ocr_par' dir='ltr' id='par_1_46' title="bbox 2038 1669 3602 1739">
     <span class='ocr_line' id='line_1_46' title="bbox 2038 1669 3602 1739; baseline 0 -16"><span class='ocrx_word' id='word_1_333' title='bbox 2038 1672 2105 1723; x_wconf 88' lang='lat' dir='ltr'><strong>ab</strong></span> <span class='ocrx_word' id='word_1_334' title='bbox 2149 1669 2308 1724; x_wconf 85' lang='lat' dir='ltr'><strong>Attila</strong></span> <span class='ocrx_word' id='word_1_335' title='bbox 2358 1670 2584 1724; x_wconf 77' lang='lat' dir='ltr'><strong>distaret</strong></span> <span class='ocrx_word' id='word_1_336' title='bbox 2619 1670 2924 1724; x_wconf 85' lang='lat' dir='ltr'><strong>intervallo.</strong></span> <span class='ocrx_word' id='word_1_337' title='bbox 2971 1671 3083 1723; x_wconf 89' lang='lat' dir='ltr'><strong>Illic</strong></span> <span class='ocrx_word' id='word_1_338' title='bbox 3137 1671 3318 1739; x_wconf 82' lang='lat' dir='ltr'><strong>igitur,</strong></span> <span class='ocrx_word' id='word_1_339' title='bbox 3355 1686 3463 1739; x_wconf 93' lang='lat' dir='ltr'><strong>quo</strong></span> <span class='ocrx_word' id='word_1_340' title='bbox 3492 1671 3602 1738; x_wconf 89' lang='lat' dir='ltr'><strong>pri-</strong></span> 
     </span>
    </p>
   </div>
   <div class='ocr_carea' id='block_1_47' title="bbox 2038 1762 3600 1831">
    <p class='ocr_par' dir='ltr' id='par_1_47' title="bbox 2038 1762 3600 1831">
     <span class='ocr_line' id='line_1_47' title="bbox 2038 1762 3600 1831; baseline -0.002 -16"><span class='ocrx_word' id='word_1_341' title='bbox 2038 1778 2182 1815; x_wconf 91' lang='lat' dir='ltr'><strong>tnum</strong></span> <span class='ocrx_word' id='word_1_342' title='bbox 2231 1762 2582 1826; x_wconf 72' lang='lat' dir='ltr'><strong>devertimus,</strong></span> <span class='ocrx_word' id='word_1_343' title='bbox 2618 1773 2829 1816; x_wconf 88' lang='lat' dir='ltr'><strong>noctem</strong></span> <span class='ocrx_word' id='word_1_344' title='bbox 2868 1763 3238 1831; x_wconf 89' lang='lat' dir='ltr'><strong>transegimus.</strong></span> <span class='ocrx_word' id='word_1_345' title='bbox 3304 1762 3446 1816; x_wconf 88' lang='lat' dir='ltr'><strong>Luce</strong></span> <span class='ocrx_word' id='word_1_346' title='bbox 3484 1773 3600 1815; x_wconf 79' lang='lat' dir='ltr'><strong>orla</strong></span> 
     </span>
    </p>
   </div>
   <div class='ocr_carea' id='block_1_48' title="bbox 2039 1851 3600 1921">
    <p class='ocr_par' dir='ltr' id='par_1_48' title="bbox 2039 1851 3600 1921">
     <span class='ocr_line' id='line_1_48' title="bbox 2039 1851 3600 1921; baseline -0.002 -14"><span class='ocrx_word' id='word_1_347' title='bbox 2039 1854 2186 1908; x_wconf 89' lang='lat' dir='ltr'><strong>misit</strong></span> <span class='ocrx_word' id='word_1_348' title='bbox 2237 1868 2320 1907; x_wconf 89' lang='lat' dir='ltr'><strong>me</strong></span> <span class='ocrx_word' id='word_1_349' title='bbox 2378 1852 2701 1908; x_wconf 80' lang='lat' dir='ltr'><strong>Maximinus</strong></span> <span class='ocrx_word' id='word_1_350' title='bbox 2749 1854 2814 1906; x_wconf 92' lang='lat' dir='ltr'><strong>ad</strong></span> <span class='ocrx_word' id='word_1_351' title='bbox 2861 1851 3207 1921; x_wconf 86' lang='lat' dir='ltr'><strong>Onegesium,</strong></span> <span class='ocrx_word' id='word_1_352' title='bbox 3253 1862 3310 1906; x_wconf 90' lang='lat' dir='ltr'><strong>ut</strong></span> <span class='ocrx_word' id='word_1_353' title='bbox 3364 1853 3437 1907; x_wconf 90' lang='lat' dir='ltr'><strong>illi</strong></span> <span class='ocrx_word' id='word_1_354' title='bbox 3491 1864 3600 1907; x_wconf 91' lang='lat' dir='ltr'><strong>tum</strong></span> 
     </span>
    </p>
   </div>
   <div class='ocr_carea' id='block_1_49' title="bbox 2038 1942 3599 2011">
    <p class='ocr_par' dir='ltr' id='par_1_49' title="bbox 2038 1942 3599 2011">
     <span class='ocr_line' id='line_1_49' title="bbox 2038 1942 3599 2011; baseline -0.002 -18"><span class='ocrx_word' id='word_1_355' title='bbox 2038 1959 2156 2011; x_wconf 82' lang='lat' dir='ltr'><strong>quae</strong></span> <span class='ocrx_word' id='word_1_356' title='bbox 2188 1944 2303 2011; x_wconf 90' lang='lat' dir='ltr'><strong>ipse</strong></span> <span class='ocrx_word' id='word_1_357' title='bbox 2333 1943 2516 2008; x_wconf 85' lang='lat' dir='ltr'><strong>dabat,</strong></span> <span class='ocrx_word' id='word_1_358' title='bbox 2555 1951 2665 1996; x_wconf 90' lang='lat' dir='ltr'><strong>tum</strong></span> <span class='ocrx_word' id='word_1_359' title='bbox 2701 1942 2768 1996; x_wconf 85' lang='lat' dir='ltr'><strong>ab</strong></span> <span class='ocrx_word' id='word_1_360' title='bbox 2804 1944 3129 2010; x_wconf 88' lang='lat' dir='ltr'><strong>imperatore</strong></span> <span class='ocrx_word' id='word_1_361' title='bbox 3173 1944 3336 1996; x_wconf 90' lang='lat' dir='ltr'><strong>missa</strong></span> <span class='ocrx_word' id='word_1_362' title='bbox 3378 1956 3599 1994; x_wconf 70' lang='lat' dir='ltr'><strong>munera</strong></span> 
     </span>
    </p>
   </div>
   <div class='ocr_carea' id='block_1_50' title="bbox 2041 2033 3604 2104">
    <p class='ocr_par' dir='ltr' id='par_1_50' title="bbox 2041 2033 3604 2104">
     <span class='ocr_line' id='line_1_50' title="bbox 2041 2033 3604 2104; baseline -0.002 -18"><span class='ocrx_word' id='word_1_363' title='bbox 2041 2037 2330 2097; x_wconf 79' lang='lat' dir='ltr'><strong>traderem,</strong></span> <span class='ocrx_word' id='word_1_364' title='bbox 2383 2046 2436 2090; x_wconf 89' lang='lat' dir='ltr'><strong>et</strong></span> <span class='ocrx_word' id='word_1_365' title='bbox 2469 2044 2526 2089; x_wconf 91' lang='lat' dir='ltr'><strong>ut</strong></span> <span class='ocrx_word' id='word_1_366' title='bbox 2564 2035 2677 2104; x_wconf 89' lang='lat' dir='ltr'><strong>ipse</strong></span> <span class='ocrx_word' id='word_1_367' title='bbox 2712 2043 3086 2103; x_wconf 80' lang='lat' dir='ltr'><strong>cognosceret,</strong></span> <span class='ocrx_word' id='word_1_368' title='bbox 3136 2049 3203 2088; x_wconf 89' lang='lat' dir='ltr'><strong>an</strong></span> <span class='ocrx_word' id='word_1_369' title='bbox 3232 2033 3307 2088; x_wconf 87' lang='lat' dir='ltr'><strong>illi</strong></span> <span class='ocrx_word' id='word_1_370' title='bbox 3342 2047 3523 2088; x_wconf 87' lang='lat' dir='ltr'><strong>secum</strong></span> <span class='ocrx_word' id='word_1_371' title='bbox 3551 2041 3604 2084; x_wconf 90' lang='lat' dir='ltr'><strong>et</strong></span> 
     </span>
    </p>
   </div>
   <div class='ocr_carea' id='block_1_51' title="bbox 2040 2123 3608 2196">
    <p class='ocr_par' dir='ltr' id='par_1_51' title="bbox 2040 2123 3608 2196">
     <span class='ocr_line' id='line_1_51' title="bbox 2040 2123 3608 2196; baseline -0.003 -16"><span class='ocrx_word' id='word_1_372' title='bbox 2040 2143 2144 2196; x_wconf 90' lang='lat' dir='ltr'><strong>quo</strong></span> <span class='ocrx_word' id='word_1_373' title='bbox 2178 2137 2413 2195; x_wconf 87' lang='lat' dir='ltr'><strong>tempore</strong></span> <span class='ocrx_word' id='word_1_374' title='bbox 2443 2127 2768 2196; x_wconf 90' lang='lat' dir='ltr'><strong>colloquium</strong></span> <span class='ocrx_word' id='word_1_375' title='bbox 2807 2127 2968 2181; x_wconf 74' lang='lat' dir='ltr'><strong>iuire‘</strong></span> <span class='ocrx_word' id='word_1_376' title='bbox 2992 2125 3219 2181; x_wconf 83' lang='lat' dir='ltr'><strong>luberet.</strong></span> <span class='ocrx_word' id='word_1_377' title='bbox 3257 2125 3475 2180; x_wconf 83' lang='lat' dir='ltr'><strong>Perrexi</strong></span> <span class='ocrx_word' id='word_1_378' title='bbox 3509 2123 3608 2192; x_wconf 85' lang='lat' dir='ltr'><strong>igi-</strong></span> 
     </span>
    </p>
   </div>
   <div class='ocr_carea' id='block_1_52' title="bbox 2043 2217 3603 2286">
    <p class='ocr_par' dir='ltr' id='par_1_52' title="bbox 2043 2217 3603 2286">
     <span class='ocr_line' id='line_1_52' title="bbox 2043 2217 3603 2286; baseline -0.002 -17"><span class='ocrx_word' id='word_1_379' title='bbox 2043 2227 2128 2270; x_wconf 86' lang='lat' dir='ltr'><strong>tur</strong></span> <span class='ocrx_word' id='word_1_380' title='bbox 2167 2219 2229 2271; x_wconf 91' lang='lat' dir='ltr'><strong>ad</strong></span> <span class='ocrx_word' id='word_1_381' title='bbox 2269 2217 2592 2286; x_wconf 81' lang='lat' dir='ltr'><strong>Onegesium</strong></span> <span class='ocrx_word' id='word_1_382' title='bbox 2643 2233 2764 2272; x_wconf 88' lang='lat' dir='ltr'><strong>cum</strong></span> <span class='ocrx_word' id='word_1_383' title='bbox 2814 2217 3050 2281; x_wconf 80' lang='lat' dir='ltr'><strong>famulis,</strong></span> <span class='ocrx_word' id='word_1_384' title='bbox 3105 2217 3193 2286; x_wconf 91' lang='lat' dir='ltr'><strong>qui</strong></span> <span class='ocrx_word' id='word_1_385' title='bbox 3231 2218 3368 2270; x_wconf 89' lang='lat' dir='ltr'><strong>dona</strong></span> <span class='ocrx_word' id='word_1_386' title='bbox 3414 2226 3603 2285; x_wconf 78' lang='lat' dir='ltr'><strong>porta-</strong></span> 
     </span>
    </p>
   </div>
   <div class='ocr_carea' id='block_1_53' title="bbox 2039 2307 3604 2378">
    <p class='ocr_par' dir='ltr' id='par_1_53' title="bbox 2039 2307 3604 2378">
     <span class='ocr_line' id='line_1_53' title="bbox 2039 2307 3604 2378; baseline -0.001 -17"><span class='ocrx_word' id='word_1_387' title='bbox 2039 2307 2169 2361; x_wconf 82' lang='lat' dir='ltr'><strong>bant</strong></span> <span class='ocrx_word' id='word_1_388' title='bbox 2197 2327 2211 2363; x_wconf 92' lang='lat'>:</span> <span class='ocrx_word' id='word_1_389' title='bbox 2251 2323 2370 2363; x_wconf 91' lang='lat' dir='ltr'><strong>cum</strong></span> <span class='ocrx_word' id='word_1_390' title='bbox 2395 2311 2572 2378; x_wconf 66' lang='lat' dir='ltr'><strong>ianuae</strong></span> <span class='ocrx_word' id='word_1_391' title='bbox 2606 2309 2801 2364; x_wconf 70' lang='lat' dir='ltr'><strong>clausa:</strong></span> <span class='ocrx_word' id='word_1_392' title='bbox 2838 2319 3038 2372; x_wconf 85' lang='lat' dir='ltr'><strong>essent,</strong></span> <span class='ocrx_word' id='word_1_393' title='bbox 3070 2308 3404 2378; x_wconf 80' lang='lat' dir='ltr'><strong>exspectavi,</strong></span> <span class='ocrx_word' id='word_1_394' title='bbox 3434 2307 3604 2361; x_wconf 83' lang='lat' dir='ltr'><strong>donec</strong></span> 
     </span>
    </p>
   </div>
   <div class='ocr_carea' id='block_1_54' title="bbox 2041 2400 3604 2470">
    <p class='ocr_par' dir='ltr' id='par_1_54' title="bbox 2041 2400 3604 2470">
     <span class='ocr_line' id='line_1_54' title="bbox 2041 2400 3604 2470; baseline 0.001 -20"><span class='ocrx_word' id='word_1_395' title='bbox 2041 2400 2400 2466; x_wconf 77' lang='lat' dir='ltr'><strong>aperirentur,</strong></span> <span class='ocrx_word' id='word_1_396' title='bbox 2429 2409 2483 2454; x_wconf 91' lang='lat' dir='ltr'><strong>et</strong></span> <span class='ocrx_word' id='word_1_397' title='bbox 2515 2401 2710 2470; x_wconf 89' lang='lat' dir='ltr'><strong>aliquis</strong></span> <span class='ocrx_word' id='word_1_398' title='bbox 2743 2402 2938 2466; x_wconf 87' lang='lat' dir='ltr'><strong>exiret,</strong></span> <span class='ocrx_word' id='word_1_399' title='bbox 2971 2403 3060 2470; x_wconf 91' lang='lat' dir='ltr'><strong>qui</strong></span> <span class='ocrx_word' id='word_1_400' title='bbox 3105 2416 3229 2456; x_wconf 92' lang='lat' dir='ltr'><strong>eum</strong></span> <span class='ocrx_word' id='word_1_401' title='bbox 3260 2401 3362 2454; x_wconf 87' lang='lat' dir='ltr'><strong>tnei</strong></span> <span class='ocrx_word' id='word_1_402' title='bbox 3400 2400 3604 2455; x_wconf 85' lang='lat' dir='ltr'><strong>adven-</strong></span> 
     </span>
    </p>
   </div>
   <div class='ocr_carea' id='block_1_55' title="bbox 2044 2491 2692 2547">
    <p class='ocr_par' dir='ltr' id='par_1_55' title="bbox 2044 2491 2692 2547">
     <span class='ocr_line' id='line_1_55' title="bbox 2044 2491 2692 2547; baseline 0.009 -6"><span class='ocrx_word' id='word_1_403' title='bbox 2044 2499 2126 2542; x_wconf 87' lang='lat' dir='ltr'><strong>tus</strong></span> <span class='ocrx_word' id='word_1_404' title='bbox 2158 2491 2444 2544; x_wconf 90' lang='lat' dir='ltr'><strong>certiorem</strong></span> <span class='ocrx_word' id='word_1_405' title='bbox 2471 2492 2692 2547; x_wconf 80' lang='lat' dir='ltr'><strong>faceret.</strong></span> 
     </span>
    </p>
   </div>
   <div class='ocr_carea' id='block_1_56' title="bbox 2111 2581 3604 2652">
    <p class='ocr_par' dir='ltr' id='par_1_56' title="bbox 2111 2581 3604 2652">
     <span class='ocr_line' id='line_1_56' title="bbox 2111 2581 3604 2652; baseline 0.001 -18"><span class='ocrx_word' id='word_1_406' title='bbox 2111 2581 2297 2646; x_wconf 88' lang='lat' dir='ltr'><strong>Itaque</strong></span> <span class='ocrx_word' id='word_1_407' title='bbox 2346 2593 2553 2652; x_wconf 87' lang='lat' dir='ltr'><strong>tempus</strong></span> <span class='ocrx_word' id='word_1_408' title='bbox 2603 2584 2732 2638; x_wconf 89' lang='lat' dir='ltr'><strong>mihi</strong></span> <span class='ocrx_word' id='word_1_409' title='bbox 2796 2585 2988 2639; x_wconf 85' lang='lat' dir='ltr'><strong>terenti</strong></span> <span class='ocrx_word' id='word_1_410' title='bbox 3035 2593 3090 2638; x_wconf 89' lang='lat' dir='ltr'><strong>et</strong></span> <span class='ocrx_word' id='word_1_411' title='bbox 3136 2583 3278 2638; x_wconf 88' lang='lat' dir='ltr'><strong>circa</strong></span> <span class='ocrx_word' id='word_1_412' title='bbox 3331 2597 3604 2636; x_wconf 90' lang='lat' dir='ltr'><strong>murorum</strong></span> 
     </span>
    </p>
   </div>
   <div class='ocr_carea' id='block_1_57' title="bbox 2042 2673 3610 2746">
    <p class='ocr_par' dir='ltr' id='par_1_57' title="bbox 2042 2673 3610 2746">
     <span class='ocr_line' id='line_1_57' title="bbox 2042 2673 3610 2746; baseline -0.001 -18"><span class='ocrx_word' id='word_1_413' title='bbox 2042 2676 2301 2728; x_wconf 87' lang='lat' dir='ltr'><strong>ambitum</strong></span> <span class='ocrx_word' id='word_1_414' title='bbox 2345 2677 2535 2730; x_wconf 89' lang='lat' dir='ltr'><strong>domus</strong></span> <span class='ocrx_word' id='word_1_415' title='bbox 2604 2673 2853 2746; x_wconf 82' lang='lat' dir='ltr'><strong>Onegesii</strong></span> <span class='ocrx_word' id='word_1_416' title='bbox 2909 2675 3228 2739; x_wconf 85' lang='lat' dir='ltr'><strong>ambulanti,</strong></span> <span class='ocrx_word' id='word_1_417' title='bbox 3293 2685 3610 2743; x_wconf 80' lang='lat' dir='ltr'><strong>progressus</strong></span> 
     </span>
    </p>
   </div>
   <div class='ocr_carea' id='block_1_58' title="bbox 2044 2765 3608 2837">
    <p class='ocr_par' dir='ltr' id='par_1_58' title="bbox 2044 2765 3608 2837">
     <span class='ocr_line' id='line_1_58' title="bbox 2044 2765 3608 2837; baseline -0.006 -16"><span class='ocrx_word' id='word_1_418' title='bbox 2044 2767 2226 2821; x_wconf 82' lang='lat' dir='ltr'><strong>nescio</strong></span> <span class='ocrx_word' id='word_1_419' title='bbox 2257 2767 2396 2836; x_wconf 90' lang='lat' dir='ltr'><strong>quis,</strong></span> <span class='ocrx_word' id='word_1_420' title='bbox 2442 2782 2602 2837; x_wconf 87' lang='lat' dir='ltr'><strong>quem</strong></span> <span class='ocrx_word' id='word_1_421' title='bbox 2654 2767 2945 2821; x_wconf 84' lang='lat' dir='ltr'><strong>Barbarum</strong></span> <span class='ocrx_word' id='word_1_422' title='bbox 2991 2781 3054 2820; x_wconf 83' lang='lat' dir='ltr'><strong>ex</strong></span> <span class='ocrx_word' id='word_1_423' title='bbox 3123 2765 3376 2836; x_wconf 85' lang='lat' dir='ltr'><strong>Scythico</strong></span> <span class='ocrx_word' id='word_1_424' title='bbox 3414 2765 3608 2818; x_wconf 85' lang='lat' dir='ltr'><strong>vestitu</strong></span> 
     </span>
    </p>
   </div>
   <div class='ocr_carea' id='block_1_59' title="bbox 2042 2854 3603 2926">
    <p class='ocr_par' dir='ltr' id='par_1_59' title="bbox 2042 2854 3603 2926">
     <span class='ocr_line' id='line_1_59' title="bbox 2042 2854 3603 2926; baseline -0.006 -12"><span class='ocrx_word' id='word_1_425' title='bbox 2042 2875 2164 2914; x_wconf 89' lang='lat' dir='ltr'><strong>esse</strong></span> <span class='ocrx_word' id='word_1_426' title='bbox 2189 2862 2366 2922; x_wconf 88' lang='lat' dir='ltr'><strong>rebar,</strong></span> <span class='ocrx_word' id='word_1_427' title='bbox 2386 2860 2570 2915; x_wconf 66' lang='lat' dir='ltr'><strong>Graeca</strong></span> <span class='ocrx_word' id='word_1_428' title='bbox 2591 2874 2717 2914; x_wconf 89' lang='lat' dir='ltr'><strong>voce</strong></span> <span class='ocrx_word' id='word_1_429' title='bbox 2743 2875 2826 2914; x_wconf 90' lang='lat' dir='ltr'><strong>me</strong></span> <span class='ocrx_word' id='word_1_430' title='bbox 2847 2859 3098 2914; x_wconf 81' lang='lat' dir='ltr'><strong>salutavit</strong></span> <span class='ocrx_word' id='word_1_431' title='bbox 3119 2859 3303 2914; x_wconf 85' lang='lat' dir='ltr'><strong>dicens</strong></span> <span class='ocrx_word' id='word_1_432' title='bbox 3334 2876 3352 2908; x_wconf 76' lang='grc' dir='ltr'><strong>ι</strong></span> <span class='ocrx_word' id='word_1_433' title='bbox 3381 2854 3568 2926; x_wconf 82' lang='grc' dir='ltr'><strong>Χαῖρε.</strong></span> <span class='ocrx_word' id='word_1_434' title='bbox 3586 2874 3603 2904; x_wconf 72' lang='grc' dir='ltr'><strong>ι</strong></span> 
     </span>
    </p>
   </div>
   <div class='ocr_carea' id='block_1_60' title="bbox 2045 2947 3614 3021">
    <p class='ocr_par' dir='ltr' id='par_1_60' title="bbox 2045 2947 3614 3021">
     <span class='ocr_line' id='line_1_60' title="bbox 2045 2947 3614 3021; baseline -0.003 -18"><span class='ocrx_word' id='word_1_435' title='bbox 2045 2949 2228 3003; x_wconf 87' lang='lat' dir='ltr'><strong>Mirari</strong></span> <span class='ocrx_word' id='word_1_436' title='bbox 2268 2965 2388 3021; x_wconf 86' lang='lat' dir='ltr'><strong>ego,</strong></span> <span class='ocrx_word' id='word_1_437' title='bbox 2445 2952 2534 3019; x_wconf 91' lang='lat' dir='ltr'><strong>qui</strong></span> <span class='ocrx_word' id='word_1_438' title='bbox 2581 2952 2752 3016; x_wconf 84' lang='lat' dir='ltr'><strong>fieret,</strong></span> <span class='ocrx_word' id='word_1_439' title='bbox 2798 2960 2855 3004; x_wconf 89' lang='lat' dir='ltr'><strong>ut</strong></span> <span class='ocrx_word' id='word_1_440' title='bbox 2928 2951 3116 3005; x_wconf 66' lang='lat' dir='ltr'><strong>Graace</strong></span> <span class='ocrx_word' id='word_1_441' title='bbox 3172 2949 3486 3018; x_wconf 88' lang='lat' dir='ltr'><strong>loqueretur</strong></span> <span class='ocrx_word' id='word_1_442' title='bbox 3529 2947 3614 3000; x_wconf 88' lang='lat' dir='ltr'><strong>vir</strong></span> 
     </span>
    </p>
   </div>
   <div class='ocr_carea' id='block_1_61' title="bbox 366 3039 1937 3127">
    <p class='ocr_par' dir='ltr' id='par_1_61' title="bbox 366 3039 1937 3111">
     <span class='ocr_line' id='line_1_61' title="bbox 366 3039 1937 3111; baseline 0.006 -11"><span class='ocrx_word' id='word_1_443' title='bbox 366 3039 671 3108; x_wconf 77' lang='grc' dir='ltr'><strong>Ξύγκλυδες</strong></span> <span class='ocrx_word' id='word_1_444' title='bbox 721 3044 829 3111; x_wconf 73' lang='grc' dir='ltr'><strong>γάρ</strong></span> <span class='ocrx_word' id='word_1_445' title='bbox 862 3039 1010 3103; x_wconf 75' lang='grc' dir='ltr'><strong>ὄντες</strong></span> <span class='ocrx_word' id='word_1_446' title='bbox 1069 3040 1204 3110; x_wconf 76' lang='grc' dir='ltr'><strong>πρὸς</strong></span> <span class='ocrx_word' id='word_1_447' title='bbox 1251 3041 1316 3110; x_wconf 77' lang='grc' dir='ltr'><strong>τῇ</strong></span> <span class='ocrx_word' id='word_1_448' title='bbox 1381 3042 1619 3110; x_wconf 64' lang='grc' dir='ltr'><strong>σφετέρὲι</strong></span> <span class='ocrx_word' id='word_1_449' title='bbox 1679 3039 1937 3110; x_wconf 71' lang='grc' dir='ltr'><strong>βαρβάρῳ</strong></span> 
     </span>
    </p>
   </div>
   <div class='ocr_carea' id='block_1_62' title="bbox 2039 3039 3614 3127">
    <p class='ocr_par' dir='ltr' id='par_1_62' title="bbox 2048 3039 3614 3110">
     <span class='ocr_line' id='line_1_62' title="bbox 2048 3039 3614 3110; baseline -0.004 -14"><span class='ocrx_word' id='word_1_450' title='bbox 2048 3040 2244 3110; x_wconf 86' lang='lat' dir='ltr'><strong>Scytha</strong></span> <span class='ocrx_word' id='word_1_451' title='bbox 2281 3058 2292 3093; x_wconf 88' lang='lat'><strong>:</strong></span> <span class='ocrx_word' id='word_1_452' title='bbox 2330 3041 2526 3095; x_wconf 87' lang='lat' dir='ltr'><strong>etenim</strong></span> <span class='ocrx_word' id='word_1_453' title='bbox 2571 3055 2636 3094; x_wconf 90' lang='lat' dir='ltr'><strong>ex</strong></span> <span class='ocrx_word' id='word_1_454' title='bbox 2679 3041 2843 3094; x_wconf 86' lang='lat' dir='ltr'><strong>variis</strong></span> <span class='ocrx_word' id='word_1_455' title='bbox 2875 3040 3125 3109; x_wconf 82' lang='lat' dir='ltr'><strong>gentibus</strong></span> <span class='ocrx_word' id='word_1_456' title='bbox 3169 3039 3462 3104; x_wconf 89' lang='lat' dir='ltr'><strong>commisti,</strong></span> <span class='ocrx_word' id='word_1_457' title='bbox 3496 3040 3614 3091; x_wconf 82' lang='lat' dir='ltr'><strong>har-</strong></span> 
     </span>
    </p>
   </div>
   <div class='ocr_carea' id='block_1_63' title="bbox 368 3130 1938 3204">
    <p class='ocr_par' dir='ltr' id='par_1_63' title="bbox 368 3130 1938 3204">
     <span class='ocr_line' id='line_1_63' title="bbox 368 3130 1938 3204; baseline 0.001 -21"><span class='ocrx_word' id='word_1_458' title='bbox 368 3131 586 3202; x_wconf 82' lang='grc' dir='ltr'><strong>γλώσσῃ</strong></span> <span class='ocrx_word' id='word_1_459' title='bbox 626 3132 878 3201; x_wconf 81' lang='grc' dir='ltr'><strong>ζηλοῦσιν</strong></span> <span class='ocrx_word' id='word_1_460' title='bbox 914 3133 947 3204; x_wconf 84' lang='grc' dir='ltr'>ἢ</span> <span class='ocrx_word' id='word_1_461' title='bbox 981 3133 1024 3164; x_wconf 79' lang='grc'><strong>⁸⁸</strong></span> <span class='ocrx_word' id='word_1_462' title='bbox 1069 3133 1170 3200; x_wconf 79' lang='grc' dir='ltr'><strong>τὴν</strong></span> <span class='ocrx_word' id='word_1_463' title='bbox 1204 3130 1418 3186; x_wconf 83' lang='grc' dir='ltr'><strong>Οὑννων</strong></span> <span class='ocrx_word' id='word_1_464' title='bbox 1451 3132 1482 3202; x_wconf 72' lang='grc' dir='ltr'><strong>ἢ</strong></span> <span class='ocrx_word' id='word_1_465' title='bbox 1515 3133 1614 3201; x_wconf 75' lang='grc' dir='ltr'><strong>τὴν</strong></span> <span class='ocrx_word' id='word_1_466' title='bbox 1642 3132 1873 3194; x_wconf 87' lang='grc' dir='ltr'><strong>Γότθων,</strong></span> <span class='ocrx_word' id='word_1_467' title='bbox 1906 3132 1938 3202; x_wconf 85' lang='grc' dir='ltr'>ἢ</span> 
     </span>
    </p>
   </div>
   <div class='ocr_carea' id='block_1_64' title="bbox 369 3223 1944 3293">
    <p class='ocr_par' dir='ltr' id='par_1_64' title="bbox 369 3223 1944 3293">
     <span class='ocr_line' id='line_1_64' title="bbox 369 3223 1944 3293; baseline 0 -17"><span class='ocrx_word' id='word_1_468' title='bbox 369 3223 466 3276; x_wconf 78' lang='grc' dir='ltr'><strong>καὶ</strong></span> <span class='ocrx_word' id='word_1_469' title='bbox 513 3225 610 3292; x_wconf 76' lang='grc' dir='ltr'><strong>τὴν</strong></span> <span class='ocrx_word' id='word_1_470' title='bbox 663 3224 962 3286; x_wconf 82' lang='grc' dir='ltr'><strong>Λὺσονίων,</strong></span> <span class='ocrx_word' id='word_1_471' title='bbox 1015 3224 1161 3287; x_wconf 86' lang='grc' dir='ltr'><strong>ὅσοις</strong></span> <span class='ocrx_word' id='word_1_472' title='bbox 1195 3223 1377 3276; x_wconf 87' lang='grc' dir='ltr'><strong>αὑτῶν</strong></span> <span class='ocrx_word' id='word_1_473' title='bbox 1432 3223 1568 3293; x_wconf 70' lang='grc' dir='ltr'><strong>πρὸς</strong></span> <span class='ocrx_word' id='word_1_474' title='bbox 1640 3223 1944 3293; x_wconf 79' lang='grc' dir='ltr'><strong>Ῥωμαίους</strong></span> 
     </span>
    </p>
   </div>
   <div class='ocr_carea' id='block_1_65' title="bbox 369 3313 1942 3388">
    <p class='ocr_par' dir='ltr' id='par_1_65' title="bbox 369 3313 1942 3388">
     <span class='ocr_line' id='line_1_65' title="bbox 369 3313 1942 3388; baseline -0.001 -20"><span class='ocrx_word' id='word_1_475' title='bbox 369 3315 636 3384; x_wconf 78' lang='grc' dir='ltr'><strong>ἐπιμιξία·</strong></span> <span class='ocrx_word' id='word_1_476' title='bbox 672 3315 764 3368; x_wconf 83' lang='grc' dir='ltr'><strong>καὶ</strong></span> <span class='ocrx_word' id='word_1_477' title='bbox 780 3316 838 3368; x_wconf 92' lang='grc' dir='ltr'><strong>οὑ</strong></span> <span class='ocrx_word' id='word_1_478' title='bbox 863 3315 1058 3388; x_wconf 55' lang='grc' dir='ltr'><strong>ῥᾳδίως</strong></span> <span class='ocrx_word' id='word_1_479' title='bbox 1091 3332 1174 3378; x_wconf 90' lang='grc' dir='ltr'><strong>τις</strong></span> <span class='ocrx_word' id='word_1_480' title='bbox 1209 3315 1356 3384; x_wconf 84' lang='grc' dir='ltr'><strong>σφῶν</strong></span> <span class='ocrx_word' id='word_1_481' title='bbox 1387 3313 1650 3385; x_wconf 80' lang='grc' dir='ltr'><strong>ἐλληνίζει</strong></span> <span class='ocrx_word' id='word_1_482' title='bbox 1680 3317 1744 3385; x_wconf 89' lang='grc' dir='ltr'><strong>τῇ</strong></span> <span class='ocrx_word' id='word_1_483' title='bbox 1772 3317 1942 3385; x_wconf 88' lang='grc' dir='ltr'><strong>φωνῇ,</strong></span> 
     </span>
    </p>
   </div>
   <div class='ocr_carea' id='block_1_66' title="bbox 372 3401 1946 3480">
    <p class='ocr_par' dir='ltr' id='par_1_66' title="bbox 372 3401 1946 3480">
     <span class='ocr_line' id='line_1_66' title="bbox 372 3401 1946 3480; baseline 0.001 -21"><span class='ocrx_word' id='word_1_484' title='bbox 372 3407 510 3478; x_wconf 78' lang='grc' dir='ltr'><strong>πλὴν</strong></span> <span class='ocrx_word' id='word_1_485' title='bbox 561 3401 635 3462; x_wconf 83' lang='grc' dir='ltr'><strong>ὧν</strong></span> <span class='ocrx_word' id='word_1_486' title='bbox 696 3410 984 3480; x_wconf 79' lang='grc' dir='ltr'><strong>ἀπήγαγον</strong></span> <span class='ocrx_word' id='word_1_487' title='bbox 1032 3409 1394 3480; x_wconf 77' lang='grc' dir='ltr'><strong>αἰχμαλώτων</strong></span> <span class='ocrx_word' id='word_1_488' title='bbox 1421 3410 1530 3463; x_wconf 79' lang='grc' dir='ltr'><strong>άπὸ</strong></span> <span class='ocrx_word' id='word_1_489' title='bbox 1576 3411 1671 3480; x_wconf 87' lang='grc' dir='ltr'><strong>τῆς</strong></span> <span class='ocrx_word' id='word_1_490' title='bbox 1703 3409 1946 3480; x_wconf 73' lang='grc' dir='ltr'><strong>Θρᾳκίας</strong></span> 
     </span>
    </p>
   </div>
   <div class='ocr_carea' id='block_1_67' title="bbox 372 3499 1946 3572">
    <p class='ocr_par' dir='ltr' id='par_1_67' title="bbox 372 3499 1946 3572">
     <span class='ocr_line' id='line_1_67' title="bbox 372 3499 1946 3572; baseline 0.002 -23"><span class='ocrx_word' id='word_1_491' title='bbox 372 3500 468 3550; x_wconf 77' lang='grc' dir='ltr'><strong>καὶ</strong></span> <span class='ocrx_word' id='word_1_492' title='bbox 501 3499 781 3569; x_wconf 82' lang='grc' dir='ltr'><strong>Ἰλλυρίδος</strong></span> <span class='ocrx_word' id='word_1_493' title='bbox 805 3502 1088 3572; x_wconf 88' lang='grc' dir='ltr'><strong>παραλίου.</strong></span> <span class='ocrx_word' id='word_1_494' title='bbox 1123 3503 1278 3555; x_wconf 82' lang='grc' dir='ltr'><strong>Ἀλλ’</strong></span> <span class='ocrx_word' id='word_1_495' title='bbox 1315 3504 1512 3555; x_wconf 83' lang='grc' dir='ltr'><strong>ἐκεῖνοι</strong></span> <span class='ocrx_word' id='word_1_496' title='bbox 1554 3501 1652 3571; x_wconf 75' lang='grc' dir='ltr'><strong>μὲν</strong></span> <span class='ocrx_word' id='word_1_497' title='bbox 1681 3502 1946 3571; x_wconf 85' lang='grc' dir='ltr'><strong>γνώριμοι</strong></span> 
     </span>
    </p>
   </div>
   <div class='ocr_carea' id='block_1_68' title="bbox 374 3587 1946 3663">
    <p class='ocr_par' dir='ltr' id='par_1_68' title="bbox 374 3587 1946 3663">
     <span class='ocr_line' id='line_1_68' title="bbox 374 3587 1946 3663; baseline 0.005 -26"><span class='ocrx_word' id='word_1_498' title='bbox 374 3588 488 3647; x_wconf 79' lang='grc' dir='ltr'><strong>τοῖς</strong></span> <span class='ocrx_word' id='word_1_499' title='bbox 517 3587 934 3657; x_wconf 79' lang='grc' dir='ltr'><strong>ἐντυγχάνουσιν</strong></span> <span class='ocrx_word' id='word_1_500' title='bbox 964 3592 1257 3661; x_wconf 77' lang='grc' dir='ltr'><strong>ἐτύγχανον</strong></span> <span class='ocrx_word' id='word_1_501' title='bbox 1302 3591 1366 3645; x_wconf 83' lang='grc' dir='ltr'><strong>ἔκ</strong></span> <span class='ocrx_word' id='word_1_502' title='bbox 1417 3609 1475 3644; x_wconf 90' lang='grc' dir='ltr'><strong>τε</strong></span> <span class='ocrx_word' id='word_1_503' title='bbox 1518 3591 1623 3644; x_wconf 83' lang='grc' dir='ltr'><strong>τῶν</strong></span> <span class='ocrx_word' id='word_1_504' title='bbox 1653 3592 1946 3663; x_wconf 78' lang='grc' dir='ltr'><strong>διερρωγό-</strong></span> 
     </span>
    </p>
   </div>
   <div class='ocr_carea' id='block_1_69' title="bbox 373 3677 1945 3750">
    <p class='ocr_par' dir='ltr' id='par_1_69' title="bbox 373 3677 1945 3750">
     <span class='ocr_line' id='line_1_69' title="bbox 373 3677 1945 3750; baseline 0.006 -25"><span class='ocrx_word' id='word_1_505' title='bbox 373 3691 481 3726; x_wconf 86' lang='grc' dir='ltr'><strong>των</strong></span> <span class='ocrx_word' id='word_1_506' title='bbox 510 3677 819 3746; x_wconf 74' lang='grc' dir='ltr'><strong>ἐνδυμάτων</strong></span> <span class='ocrx_word' id='word_1_507' title='bbox 854 3681 948 3731; x_wconf 74' lang='grc' dir='ltr'><strong>καὶ</strong></span> <span class='ocrx_word' id='word_1_508' title='bbox 994 3680 1088 3731; x_wconf 78' lang='grc' dir='ltr'><strong>τοῦ</strong></span> <span class='ocrx_word' id='word_1_509' title='bbox 1120 3682 1331 3750; x_wconf 83' lang='grc' dir='ltr'><strong>αὐχμοῦ</strong></span> <span class='ocrx_word' id='word_1_510' title='bbox 1378 3683 1476 3750; x_wconf 83' lang='grc' dir='ltr'><strong>τῆς</strong></span> <span class='ocrx_word' id='word_1_511' title='bbox 1505 3683 1766 3750; x_wconf 79' lang='grc' dir='ltr'><strong>κεφαλῆς,</strong></span> <span class='ocrx_word' id='word_1_512' title='bbox 1801 3685 1878 3744; x_wconf 83' lang='grc' dir='ltr'><strong>εἰς</strong></span> <span class='ocrx_word' id='word_1_513' title='bbox 1903 3682 1945 3713; x_wconf 74' lang='grc'><strong>’⁷</strong></span> 
     </span>
    </p>
   </div>
   <div class='ocr_carea' id='block_1_70' title="bbox 374 3766 1949 3842">
    <p class='ocr_par' dir='ltr' id='par_1_70' title="bbox 374 3766 1949 3842">
     <span class='ocr_line' id='line_1_70' title="bbox 374 3766 1949 3842; baseline 0.004 -25"><span class='ocrx_word' id='word_1_514' title='bbox 374 3766 472 3835; x_wconf 83' lang='grc' dir='ltr'><strong>τὴν</strong></span> <span class='ocrx_word' id='word_1_515' title='bbox 503 3770 718 3836; x_wconf 84' lang='grc' dir='ltr'><strong>χείρονα</strong></span> <span class='ocrx_word' id='word_1_516' title='bbox 750 3771 1150 3838; x_wconf 81' lang='grc' dir='ltr'><strong>μεταπεσόντες</strong></span> <span class='ocrx_word' id='word_1_517' title='bbox 1181 3772 1370 3840; x_wconf 82' lang='grc' dir='ltr'><strong>τύχην·</strong></span> <span class='ocrx_word' id='word_1_518' title='bbox 1398 3767 1550 3834; x_wconf 73' lang='grc' dir='ltr'><strong>οὗτος</strong></span> <span class='ocrx_word' id='word_1_519' title='bbox 1581 3773 1637 3824; x_wconf 85' lang='grc' dir='ltr'><strong>δὲ</strong></span> <span class='ocrx_word' id='word_1_520' title='bbox 1673 3774 1949 3842; x_wconf 79' lang='grc' dir='ltr'><strong>τρυφῶντι</strong></span> 
     </span>
    </p>
   </div>
   <div class='ocr_carea' id='block_1_71' title="bbox 387 3855 1949 3930">
    <p class='ocr_par' dir='ltr' id='par_1_71' title="bbox 387 3855 1949 3930">
     <span class='ocr_line' id='line_1_71' title="bbox 387 3855 1949 3930; baseline 0.002 -23"><span class='ocrx_word' id='word_1_521' title='bbox 387 3855 550 3925; x_wconf 74' lang='grc' dir='ltr'><strong>ἐῴκει</strong></span> <span class='ocrx_word' id='word_1_522' title='bbox 579 3858 758 3928; x_wconf 78' lang='grc' dir='ltr'><strong>Σκύθῃ</strong></span> <span class='ocrx_word' id='word_1_523' title='bbox 807 3859 1038 3927; x_wconf 83' lang='grc' dir='ltr'><strong>εὑείμων</strong></span> <span class='ocrx_word' id='word_1_524' title='bbox 1060 3877 1118 3912; x_wconf 87' lang='grc' dir='ltr'><strong>τε</strong></span> <span class='ocrx_word' id='word_1_525' title='bbox 1148 3858 1222 3912; x_wconf 86' lang='grc' dir='ltr'><strong>ὣν</strong></span> <span class='ocrx_word' id='word_1_526' title='bbox 1257 3863 1350 3912; x_wconf 73' lang='grc' dir='ltr'><strong>καὶ</strong></span> <span class='ocrx_word' id='word_1_527' title='bbox 1382 3863 1816 3930; x_wconf 82' lang='grc' dir='ltr'><strong>άποκειράμενος</strong></span> <span class='ocrx_word' id='word_1_528' title='bbox 1853 3860 1949 3929; x_wconf 78' lang='grc' dir='ltr'><strong>τὴν</strong></span> 
     </span>
    </p>
   </div>
   <div class='ocr_carea' id='block_1_72' title="bbox 379 3946 1953 4020">
    <p class='ocr_par' dir='ltr' id='par_1_72' title="bbox 379 3946 1953 4020">
     <span class='ocr_line' id='line_1_72' title="bbox 379 3946 1953 4020; baseline 0.005 -24"><span class='ocrx_word' id='word_1_529' title='bbox 379 3946 622 4016; x_wconf 75' lang='grc' dir='ltr'><strong>κεφαλὴν</strong></span> <span class='ocrx_word' id='word_1_530' title='bbox 635 3949 1021 4018; x_wconf 85' lang='grc' dir='ltr'><strong>περιτρόχαλα.</strong></span> <span class='ocrx_word' id='word_1_531' title='bbox 1037 3949 1553 4018; x_wconf 78' lang='grc' dir='ltr'><strong>Ἀντασπασάμενος</strong></span> <span class='ocrx_word' id='word_1_532' title='bbox 1578 3951 1634 4002; x_wconf 89' lang='grc' dir='ltr'><strong>δὲ</strong></span> <span class='ocrx_word' id='word_1_533' title='bbox 1659 3951 1953 4020; x_wconf 81' lang='grc' dir='ltr'><strong>ἀνηρώτων</strong></span> 
     </span>
    </p>
   </div>
   <div class='ocr_carea' id='block_1_73' title="bbox 377 4037 1954 4114">
    <p class='ocr_par' dir='ltr' id='par_1_73' title="bbox 377 4037 1954 4114">
     <span class='ocr_line' id='line_1_73' title="bbox 377 4037 1954 4114; baseline 0.004 -24"><span class='ocrx_word' id='word_1_534' title='bbox 377 4039 462 4100; x_wconf 88' lang='grc' dir='ltr'><strong>τίς</strong></span> <span class='ocrx_word' id='word_1_535' title='bbox 493 4037 568 4092; x_wconf 83' lang='grc' dir='ltr'><strong>ὢν</strong></span> <span class='ocrx_word' id='word_1_536' title='bbox 603 4041 696 4093; x_wconf 73' lang='grc' dir='ltr'><strong>καὶ</strong></span> <span class='ocrx_word' id='word_1_537' title='bbox 727 4041 890 4095; x_wconf 86' lang='grc' dir='ltr'><strong>πόθεν</strong></span> <span class='ocrx_word' id='word_1_538' title='bbox 910 4043 968 4104; x_wconf 87' lang='grc' dir='ltr'><strong>ἐς</strong></span> <span class='ocrx_word' id='word_1_539' title='bbox 1001 4042 1100 4112; x_wconf 80' lang='grc' dir='ltr'><strong>τὴν</strong></span> <span class='ocrx_word' id='word_1_540' title='bbox 1129 4042 1403 4112; x_wconf 76' lang='grc' dir='ltr'><strong>βάρϐαρον</strong></span> <span class='ocrx_word' id='word_1_541' title='bbox 1436 4042 1682 4114; x_wconf 83' lang='grc' dir='ltr'><strong>παρῆλθε</strong></span> <span class='ocrx_word' id='word_1_542' title='bbox 1713 4043 1816 4112; x_wconf 86' lang='grc' dir='ltr'><strong>γῆν</strong></span> <span class='ocrx_word' id='word_1_543' title='bbox 1861 4044 1954 4096; x_wconf 79' lang='grc' dir='ltr'><strong>καὶ</strong></span> 
     </span>
    </p>
   </div>
   <div class='ocr_carea' id='block_1_74' title="bbox 382 4132 2005 4208">
    <p class='ocr_par' dir='ltr' id='par_1_74' title="bbox 382 4132 2005 4208">
     <span class='ocr_line' id='line_1_74' title="bbox 382 4132 2005 4208; baseline 0.006 -25"><span class='ocrx_word' id='word_1_544' title='bbox 382 4132 498 4201; x_wconf 78' lang='grc' dir='ltr'><strong>βίον</strong></span> <span class='ocrx_word' id='word_1_545' title='bbox 563 4136 867 4205; x_wconf 84' lang='grc' dir='ltr'><strong>ἀναιρεῖται</strong></span> <span class='ocrx_word' id='word_1_546' title='bbox 927 4136 1210 4191; x_wconf 84' lang='grc' dir='ltr'><strong>Σκυθικόν.</strong></span> <span class='ocrx_word' id='word_1_547' title='bbox 1255 4137 1315 4191; x_wconf 85' lang='grc' dir='ltr'>Ὀ</span> <span class='ocrx_word' id='word_1_548' title='bbox 1359 4137 1416 4190; x_wconf 89' lang='grc' dir='ltr'><strong>δέ</strong></span> <span class='ocrx_word' id='word_1_549' title='bbox 1473 4138 1804 4208; x_wconf 83' lang='grc' dir='ltr'><strong>ἀπεκρίνατο</strong></span> <span class='ocrx_word' id='word_1_550' title='bbox 1871 4140 1953 4192; x_wconf 84' lang='grc' dir='ltr'><strong>ὅτι</strong></span> <span class='ocrx_word' id='word_1_551' title='bbox 1999 4152 2005 4159; x_wconf 86' lang='grc'><strong>·</strong></span> 
     </span>
    </p>
   </div>
   <div class='ocr_carea' id='block_1_75' title="bbox 380 4225 1964 4302">
    <p class='ocr_par' dir='ltr' id='par_1_75' title="bbox 380 4225 1964 4302">
     <span class='ocr_line' id='line_1_75' title="bbox 380 4225 1964 4302; baseline 0.004 -25"><span class='ocrx_word' id='word_1_552' title='bbox 380 4225 714 4296; x_wconf 85' lang='grc' dir='ltr'><strong>Βουλόμενος</strong></span> <span class='ocrx_word' id='word_1_553' title='bbox 759 4227 932 4280; x_wconf 82' lang='grc' dir='ltr'><strong>ταῦτα</strong></span> <span class='ocrx_word' id='word_1_554' title='bbox 961 4228 1162 4295; x_wconf 79' lang='grc' dir='ltr'><strong>γνῶναι</strong></span> <span class='ocrx_word' id='word_1_555' title='bbox 1197 4229 1530 4292; x_wconf 84' lang='grc' dir='ltr'><strong>ἐσπούδακα,</strong></span> <span class='ocrx_word' id='word_1_556' title='bbox 1584 4230 1694 4297; x_wconf 81' lang='grc' dir='ltr'><strong>ἐγὼ</strong></span> <span class='ocrx_word' id='word_1_557' title='bbox 1728 4231 1964 4302; x_wconf 69' lang='grc' dir='ltr'><strong>δὲέφην</strong></span> 
     </span>
    </p>
   </div>
   <div class='ocr_carea' id='block_1_76' title="bbox 377 4315 1953 4394">
    <p class='ocr_par' dir='ltr' id='par_1_76' title="bbox 377 4315 1953 4394">
     <span class='ocr_line' id='line_1_76' title="bbox 377 4315 1953 4394; baseline 0.006 -26"><span class='ocrx_word' id='word_1_558' title='bbox 377 4316 557 4369; x_wconf 75' lang='grc' dir='ltr'><strong>αἰτίαν</strong></span> <span class='ocrx_word' id='word_1_559' title='bbox 591 4317 1122 4389; x_wconf 85' lang='grc' dir='ltr'><strong>πολυπραγμοσύνης</strong></span> <span class='ocrx_word' id='word_1_560' title='bbox 1145 4315 1284 4372; x_wconf 85' lang='grc' dir='ltr'><strong>εἷναί</strong></span> <span class='ocrx_word' id='word_1_561' title='bbox 1337 4338 1426 4389; x_wconf 92' lang='grc' dir='ltr'><strong>μοι</strong></span> <span class='ocrx_word' id='word_1_562' title='bbox 1471 4322 1567 4390; x_wconf 79' lang='grc' dir='ltr'><strong>τὴν</strong></span> <span class='ocrx_word' id='word_1_563' title='bbox 1594 4324 1639 4355; x_wconf 75' lang='grc'><strong>’⁸</strong></span> <span class='ocrx_word' id='word_1_564' title='bbox 1685 4323 1953 4394; x_wconf 77' lang='grc' dir='ltr'><strong>Ἑλλήνιον</strong></span> 
     </span>
    </p>
   </div>
   <div class='ocr_carea' id='block_1_77' title="bbox 2050 3126 3613 3200">
    <p class='ocr_par' dir='ltr' id='par_1_77' title="bbox 2050 3126 3613 3200">
     <span class='ocr_line' id='line_1_77' title="bbox 2050 3126 3613 3200; baseline -0.006 -11"><span class='ocrx_word' id='word_1_565' title='bbox 2050 3133 2290 3189; x_wconf 85' lang='lat' dir='ltr'><strong>baricam</strong></span> <span class='ocrx_word' id='word_1_566' title='bbox 2325 3132 2564 3200; x_wconf 84' lang='lat' dir='ltr'><strong>linguam</strong></span> <span class='ocrx_word' id='word_1_567' title='bbox 2597 3129 2801 3195; x_wconf 90' lang='lat' dir='ltr'><strong>colunt,</strong></span> <span class='ocrx_word' id='word_1_568' title='bbox 2835 3130 2946 3183; x_wconf 89' lang='lat' dir='ltr'><strong>sive</strong></span> <span class='ocrx_word' id='word_1_569' title='bbox 2992 3127 3333 3193; x_wconf 84' lang='lat' dir='ltr'><strong>Hunnorum,</strong></span> <span class='ocrx_word' id='word_1_570' title='bbox 3361 3129 3478 3181; x_wconf 88' lang='lat' dir='ltr'><strong>sive</strong></span> <span class='ocrx_word' id='word_1_571' title='bbox 3504 3126 3613 3181; x_wconf 88' lang='lat' dir='ltr'><strong>Go-</strong></span> 
     </span>
    </p>
   </div>
   <div class='ocr_carea' id='block_1_78' title="bbox 2051 3220 3750 3290">
    <p class='ocr_par' dir='ltr' id='par_1_78' title="bbox 2051 3220 3750 3290">
     <span class='ocr_line' id='line_1_78' title="bbox 2051 3220 3750 3290; baseline -0.005 -9"><span class='ocrx_word' id='word_1_572' title='bbox 2051 3228 2284 3290; x_wconf 91' lang='lat' dir='ltr'><strong>thorum,</strong></span> <span class='ocrx_word' id='word_1_573' title='bbox 2337 3234 2431 3278; x_wconf 91' lang='lat' dir='ltr'><strong>aut</strong></span> <span class='ocrx_word' id='word_1_574' title='bbox 2477 3223 2638 3278; x_wconf 91' lang='lat' dir='ltr'><strong>etiam</strong></span> <span class='ocrx_word' id='word_1_575' title='bbox 2686 3222 3007 3285; x_wconf 80' lang='lat' dir='ltr'><strong>Romanam,</strong></span> <span class='ocrx_word' id='word_1_576' title='bbox 3050 3221 3102 3273; x_wconf 92' lang='lat' dir='ltr'><strong>hi</strong></span> <span class='ocrx_word' id='word_1_577' title='bbox 3145 3220 3371 3284; x_wconf 86' lang='lat' dir='ltr'><strong>scilicet,</strong></span> <span class='ocrx_word' id='word_1_578' title='bbox 3419 3221 3615 3289; x_wconf 89' lang='lat' dir='ltr'><strong>quibus</strong></span> <span class='ocrx_word' id='word_1_579' title='bbox 3667 3283 3672 3288; x_wconf 17' lang='grc' dir='ltr'>Α</span> <span class='ocrx_word' id='word_1_580' title='bbox 3747 3262 3750 3264; x_wconf 90' lang='grc'>.</span> 
     </span>
    </p>
   </div>
   <div class='ocr_carea' id='block_1_79' title="bbox 2047 3313 3616 3386">
    <p class='ocr_par' dir='ltr' id='par_1_79' title="bbox 2047 3313 3616 3386">
     <span class='ocr_line' id='line_1_79' title="bbox 2047 3313 3616 3386; baseline -0.005 -12"><span class='ocrx_word' id='word_1_581' title='bbox 2047 3335 2168 3374; x_wconf 91' lang='lat' dir='ltr'><strong>cum</strong></span> <span class='ocrx_word' id='word_1_582' title='bbox 2193 3318 2453 3374; x_wconf 78' lang='lat' dir='ltr'><strong>Romanis</strong></span> <span class='ocrx_word' id='word_1_583' title='bbox 2485 3317 2822 3386; x_wconf 84' lang='lat' dir='ltr'><strong>frequentius</strong></span> <span class='ocrx_word' id='word_1_584' title='bbox 2865 3322 2949 3370; x_wconf 83' lang='lat' dir='ltr'><strong>est</strong></span> <span class='ocrx_word' id='word_1_585' title='bbox 2982 3313 3366 3368; x_wconf 90' lang='lat' dir='ltr'><strong>commercium</strong></span> <span class='ocrx_word' id='word_1_586' title='bbox 3393 3329 3409 3378; x_wconf 90' lang='lat'><strong>;</strong></span> <span class='ocrx_word' id='word_1_587' title='bbox 3442 3327 3616 3381; x_wconf 88' lang='lat' dir='ltr'><strong>neque</strong></span> 
     </span>
    </p>
   </div>
   <div class='ocr_carea' id='block_1_80' title="bbox 2050 3405 3614 3482">
    <p class='ocr_par' dir='ltr' id='par_1_80' title="bbox 2050 3405 3614 3482">
     <span class='ocr_line' id='line_1_80' title="bbox 2050 3405 3614 3482; baseline -0.004 -17"><span class='ocrx_word' id='word_1_588' title='bbox 2050 3412 2335 3482; x_wconf 85' lang='lat' dir='ltr'><strong>quisquam</strong></span> <span class='ocrx_word' id='word_1_589' title='bbox 2376 3425 2564 3465; x_wconf 90' lang='lat' dir='ltr'><strong>eorum</strong></span> <span class='ocrx_word' id='word_1_590' title='bbox 2609 3409 2766 3462; x_wconf 87' lang='lat' dir='ltr'><strong>facile</strong></span> <span class='ocrx_word' id='word_1_591' title='bbox 2800 3407 3040 3477; x_wconf 91' lang='lat' dir='ltr'><strong>loquitur</strong></span> <span class='ocrx_word' id='word_1_592' title='bbox 3076 3405 3284 3470; x_wconf 71' lang='lat' dir='ltr'><strong>Graece,</strong></span> <span class='ocrx_word' id='word_1_593' title='bbox 3314 3406 3419 3460; x_wconf 89' lang='lat' dir='ltr'><strong>nisi</strong></span> <span class='ocrx_word' id='word_1_594' title='bbox 3447 3406 3491 3462; x_wconf 91' lang='lat' dir='ltr'><strong>si</strong></span> <span class='ocrx_word' id='word_1_595' title='bbox 3521 3405 3614 3474; x_wconf 91' lang='lat' dir='ltr'><strong>qui</strong></span> 
     </span>
    </p>
   </div>
   <div class='ocr_carea' id='block_1_81' title="bbox 2051 3497 3615 3574">
    <p class='ocr_par' dir='ltr' id='par_1_81' title="bbox 2051 3497 3615 3574">
     <span class='ocr_line' id='line_1_81' title="bbox 2051 3497 3615 3574; baseline -0.006 -15"><span class='ocrx_word' id='word_1_596' title='bbox 2051 3505 2160 3560; x_wconf 90' lang='lat' dir='ltr'><strong>sint</strong></span> <span class='ocrx_word' id='word_1_597' title='bbox 2189 3503 2383 3574; x_wconf 86' lang='lat' dir='ltr'><strong>captivi</strong></span> <span class='ocrx_word' id='word_1_598' title='bbox 2421 3517 2451 3557; x_wconf 91' lang='lat' dir='ltr'><strong>e</strong></span> <span class='ocrx_word' id='word_1_599' title='bbox 2497 3501 2726 3556; x_wconf 87' lang='lat' dir='ltr'><strong>Thracia</strong></span> <span class='ocrx_word' id='word_1_600' title='bbox 2777 3511 2868 3554; x_wconf 89' lang='lat' dir='ltr'><strong>aut</strong></span> <span class='ocrx_word' id='word_1_601' title='bbox 2911 3499 3130 3570; x_wconf 84' lang='lat' dir='ltr'><strong>Illyrico</strong></span> <span class='ocrx_word' id='word_1_602' title='bbox 3162 3498 3460 3552; x_wconf 90' lang='lat' dir='ltr'><strong>maritimo.</strong></span> <span class='ocrx_word' id='word_1_603' title='bbox 3508 3497 3615 3552; x_wconf 87' lang='lat' dir='ltr'><strong>Sed</strong></span> 
     </span>
    </p>
   </div>
   <div class='ocr_carea' id='block_1_82' title="bbox 2051 3589 3618 3666">
    <p class='ocr_par' dir='ltr' id='par_1_82' title="bbox 2051 3589 3618 3666">
     <span class='ocr_line' id='line_1_82' title="bbox 2051 3589 3618 3666; baseline -0.004 -15"><span class='ocrx_word' id='word_1_604' title='bbox 2051 3598 2128 3651; x_wconf 91' lang='lat' dir='ltr'><strong>illi</strong></span> <span class='ocrx_word' id='word_1_605' title='bbox 2159 3597 2227 3652; x_wconf 87' lang='lat' dir='ltr'><strong>ab</strong></span> <span class='ocrx_word' id='word_1_606' title='bbox 2271 3589 2430 3651; x_wconf 87' lang='lat' dir='ltr'><strong>obvio</strong></span> <span class='ocrx_word' id='word_1_607' title='bbox 2461 3611 2677 3666; x_wconf 91' lang='lat' dir='ltr'><strong>quoque</strong></span> <span class='ocrx_word' id='word_1_608' title='bbox 2705 3595 2945 3663; x_wconf 84' lang='lat' dir='ltr'><strong>dignosci</strong></span> <span class='ocrx_word' id='word_1_609' title='bbox 2979 3601 3203 3664; x_wconf 90' lang='lat' dir='ltr'><strong>possunt</strong></span> <span class='ocrx_word' id='word_1_610' title='bbox 3229 3601 3282 3647; x_wconf 88' lang='lat' dir='ltr'><strong>et</strong></span> <span class='ocrx_word' id='word_1_611' title='bbox 3310 3607 3338 3645; x_wconf 91' lang='lat' dir='ltr'><strong>a</strong></span> <span class='ocrx_word' id='word_1_612' title='bbox 3378 3592 3618 3648; x_wconf 73' lang='lat' dir='ltr'><strong>vestibus</strong></span> 
     </span>
    </p>
   </div>
   <div class='ocr_carea' id='block_1_83' title="bbox 2050 3683 3617 3755">
    <p class='ocr_par' dir='ltr' id='par_1_83' title="bbox 2050 3683 3617 3755">
     <span class='ocr_line' id='line_1_83' title="bbox 2050 3683 3617 3755; baseline -0.004 -14"><span class='ocrx_word' id='word_1_613' title='bbox 2050 3687 2242 3741; x_wconf 88' lang='lat' dir='ltr'><strong>laceris</strong></span> <span class='ocrx_word' id='word_1_614' title='bbox 2273 3695 2326 3740; x_wconf 89' lang='lat' dir='ltr'><strong>et</strong></span> <span class='ocrx_word' id='word_1_615' title='bbox 2377 3688 2570 3755; x_wconf 87' lang='lat' dir='ltr'><strong>capitis</strong></span> <span class='ocrx_word' id='word_1_616' title='bbox 2619 3684 2890 3754; x_wconf 87' lang='lat' dir='ltr'><strong>squalore,</strong></span> <span class='ocrx_word' id='word_1_617' title='bbox 2941 3694 3194 3754; x_wconf 86' lang='lat' dir='ltr'><strong>tanquam</strong></span> <span class='ocrx_word' id='word_1_618' title='bbox 3223 3685 3314 3752; x_wconf 90' lang='lat' dir='ltr'><strong>qui</strong></span> <span class='ocrx_word' id='word_1_619' title='bbox 3354 3683 3405 3736; x_wconf 92' lang='lat' dir='ltr'><strong>in</strong></span> <span class='ocrx_word' id='word_1_620' title='bbox 3454 3683 3617 3736; x_wconf 91' lang='lat' dir='ltr'><strong>mise-</strong></span> 
     </span>
    </p>
   </div>
   <div class='ocr_carea' id='block_1_84' title="bbox 2055 3774 3618 3842">
    <p class='ocr_par' dir='ltr' id='par_1_84' title="bbox 2055 3774 3618 3842">
     <span class='ocr_line' id='line_1_84' title="bbox 2055 3774 3618 3842; baseline -0.006 -9"><span class='ocrx_word' id='word_1_621' title='bbox 2055 3795 2168 3833; x_wconf 90' lang='lat' dir='ltr'><strong>ram</strong></span> <span class='ocrx_word' id='word_1_622' title='bbox 2199 3779 2489 3833; x_wconf 88' lang='lat' dir='ltr'><strong>inciderint</strong></span> <span class='ocrx_word' id='word_1_623' title='bbox 2517 3778 2810 3830; x_wconf 89' lang='lat' dir='ltr'><strong>fortunam.</strong></span> <span class='ocrx_word' id='word_1_624' title='bbox 2845 3774 2943 3829; x_wconf 82' lang='lat' dir='ltr'><strong>llic</strong></span> <span class='ocrx_word' id='word_1_625' title='bbox 2973 3789 3102 3828; x_wconf 90' lang='lat' dir='ltr'><strong>vero</strong></span> <span class='ocrx_word' id='word_1_626' title='bbox 3131 3774 3367 3841; x_wconf 89' lang='lat' dir='ltr'><strong>opulenti</strong></span> <span class='ocrx_word' id='word_1_627' title='bbox 3405 3775 3618 3842; x_wconf 66' lang='lat' dir='ltr'><strong>Scytha?</strong></span> 
     </span>
    </p>
   </div>
   <div class='ocr_carea' id='block_1_85' title="bbox 2054 3861 3621 3936">
    <p class='ocr_par' dir='ltr' id='par_1_85' title="bbox 2054 3861 3621 3936">
     <span class='ocr_line' id='line_1_85' title="bbox 2054 3861 3621 3936; baseline -0.006 -14"><span class='ocrx_word' id='word_1_628' title='bbox 2054 3869 2286 3936; x_wconf 88' lang='lat' dir='ltr'><strong>speciem</strong></span> <span class='ocrx_word' id='word_1_629' title='bbox 2306 3881 2414 3936; x_wconf 66' lang='lat' dir='ltr'><strong>prae</strong></span> <span class='ocrx_word' id='word_1_630' title='bbox 2437 3881 2495 3920; x_wconf 90' lang='lat' dir='ltr'><strong>se</strong></span> <span class='ocrx_word' id='word_1_631' title='bbox 2525 3865 2729 3920; x_wconf 87' lang='lat' dir='ltr'><strong>ferebat</strong></span> <span class='ocrx_word' id='word_1_632' title='bbox 2755 3881 2770 3916; x_wconf 85' lang='lat'><strong>:</strong></span> <span class='ocrx_word' id='word_1_633' title='bbox 2794 3871 2911 3916; x_wconf 87' lang='lat' dir='ltr'><strong>erat</strong></span> <span class='ocrx_word' id='word_1_634' title='bbox 2946 3863 3088 3915; x_wconf 86' lang='lat' dir='ltr'><strong>enim</strong></span> <span class='ocrx_word' id='word_1_635' title='bbox 3109 3863 3242 3915; x_wconf 91' lang='lat' dir='ltr'><strong>bene</strong></span> <span class='ocrx_word' id='word_1_636' title='bbox 3269 3870 3322 3914; x_wconf 86' lang='lat' dir='ltr'><strong>et</strong></span> <span class='ocrx_word' id='word_1_637' title='bbox 3345 3861 3621 3926; x_wconf 82' lang='lat' dir='ltr'><strong>eleganter</strong></span> 
     </span>
    </p>
   </div>
   <div class='ocr_carea' id='block_1_86' title="bbox 2054 3951 3620 4028">
    <p class='ocr_par' dir='ltr' id='par_1_86' title="bbox 2054 3951 3620 4028">
     <span class='ocr_line' id='line_1_86' title="bbox 2054 3951 3620 4028; baseline -0.003 -17"><span class='ocrx_word' id='word_1_638' title='bbox 2054 3959 2303 4022; x_wconf 89' lang='lat' dir='ltr'><strong>vestitus,</strong></span> <span class='ocrx_word' id='word_1_639' title='bbox 2337 3958 2514 4028; x_wconf 90' lang='lat' dir='ltr'><strong>capite</strong></span> <span class='ocrx_word' id='word_1_640' title='bbox 2547 3957 2597 4009; x_wconf 92' lang='lat' dir='ltr'><strong>in</strong></span> <span class='ocrx_word' id='word_1_641' title='bbox 2625 3956 2916 4009; x_wconf 91' lang='lat' dir='ltr'><strong>rotundum</strong></span> <span class='ocrx_word' id='word_1_642' title='bbox 2946 3967 3091 4008; x_wconf 90' lang='lat' dir='ltr'><strong>raso.</strong></span> <span class='ocrx_word' id='word_1_643' title='bbox 3123 3951 3282 4006; x_wconf 79' lang='lat' dir='ltr'><strong>Hunc</strong></span> <span class='ocrx_word' id='word_1_644' title='bbox 3320 3953 3620 4006; x_wconf 87' lang='lat' dir='ltr'><strong>resalutans</strong></span> 
     </span>
    </p>
   </div>
   <div class='ocr_carea' id='block_1_87' title="bbox 2055 4045 3621 4119">
    <p class='ocr_par' dir='ltr' id='par_1_87' title="bbox 2055 4045 3621 4119">
     <span class='ocr_line' id='line_1_87' title="bbox 2055 4045 3621 4119; baseline -0.006 -13"><span class='ocrx_word' id='word_1_645' title='bbox 2055 4049 2410 4119; x_wconf 83' lang='lat' dir='ltr'><strong>interrogavi,</strong></span> <span class='ocrx_word' id='word_1_646' title='bbox 2448 4048 2571 4118; x_wconf 88' lang='lat' dir='ltr'><strong>quis</strong></span> <span class='ocrx_word' id='word_1_647' title='bbox 2616 4054 2780 4106; x_wconf 85' lang='lat' dir='ltr'><strong>esset,</strong></span> <span class='ocrx_word' id='word_1_648' title='bbox 2823 4053 2878 4098; x_wconf 89' lang='lat' dir='ltr'><strong>et</strong></span> <span class='ocrx_word' id='word_1_649' title='bbox 2924 4045 3064 4098; x_wconf 87' lang='lat' dir='ltr'><strong>unde</strong></span> <span class='ocrx_word' id='word_1_650' title='bbox 3101 4045 3151 4097; x_wconf 92' lang='lat' dir='ltr'><strong>in</strong></span> <span class='ocrx_word' id='word_1_651' title='bbox 3197 4055 3394 4100; x_wconf 90' lang='lat' dir='ltr'><strong>terram</strong></span> <span class='ocrx_word' id='word_1_652' title='bbox 3431 4045 3621 4097; x_wconf 88' lang='lat' dir='ltr'><strong>larha-</strong></span> 
     </span>
    </p>
   </div>
   <div class='ocr_carea' id='block_1_88' title="bbox 2056 4135 3622 4206">
    <p class='ocr_par' dir='ltr' id='par_1_88' title="bbox 2056 4135 3622 4206">
     <span class='ocr_line' id='line_1_88' title="bbox 2056 4135 3622 4206; baseline -0.003 -12"><span class='ocrx_word' id='word_1_653' title='bbox 2056 4154 2169 4194; x_wconf 89' lang='lat' dir='ltr'><strong>ram</strong></span> <span class='ocrx_word' id='word_1_654' title='bbox 2217 4138 2464 4201; x_wconf 85' lang='lat' dir='ltr'><strong>veniens,</strong></span> <span class='ocrx_word' id='word_1_655' title='bbox 2499 4137 2622 4190; x_wconf 73' lang='lat' dir='ltr'><strong>vita:</strong></span> <span class='ocrx_word' id='word_1_656' title='bbox 2663 4136 2929 4206; x_wconf 71' lang='lat' dir='ltr'><strong>Scythicae</strong></span> <span class='ocrx_word' id='word_1_657' title='bbox 2973 4135 3276 4189; x_wconf 89' lang='lat' dir='ltr'><strong>institutum</strong></span> <span class='ocrx_word' id='word_1_658' title='bbox 3328 4135 3477 4205; x_wconf 88' lang='lat' dir='ltr'><strong>sequi</strong></span> <span class='ocrx_word' id='word_1_659' title='bbox 3527 4135 3622 4190; x_wconf 87' lang='lat' dir='ltr'><strong>de-</strong></span> 
     </span>
    </p>
   </div>
   <div class='ocr_carea' id='block_1_89' title="bbox 2056 4227 3621 4303">
    <p class='ocr_par' dir='ltr' id='par_1_89' title="bbox 2056 4227 3621 4303">
     <span class='ocr_line' id='line_1_89' title="bbox 2056 4227 3621 4303; baseline -0.003 -16"><span class='ocrx_word' id='word_1_660' title='bbox 2056 4233 2291 4303; x_wconf 82' lang='lat' dir='ltr'><strong>legisset.</strong></span> <span class='ocrx_word' id='word_1_661' title='bbox 2327 4230 2419 4284; x_wconf 86' lang='lat' dir='ltr'><strong>llle</strong></span> <span class='ocrx_word' id='word_1_662' title='bbox 2452 4244 2614 4299; x_wconf 89' lang='lat' dir='ltr'><strong>quam</strong></span> <span class='ocrx_word' id='word_1_663' title='bbox 2664 4228 2732 4282; x_wconf 95' lang='lat' dir='ltr'><strong>ob</strong></span> <span class='ocrx_word' id='word_1_664' title='bbox 2777 4241 2996 4283; x_wconf 89' lang='lat' dir='ltr'><strong>causam</strong></span> <span class='ocrx_word' id='word_1_665' title='bbox 3027 4228 3128 4282; x_wconf 92' lang='lat' dir='ltr'><strong>hoc</strong></span> <span class='ocrx_word' id='word_1_666' title='bbox 3163 4240 3227 4281; x_wconf 89' lang='lat' dir='ltr'><strong>ex</strong></span> <span class='ocrx_word' id='word_1_667' title='bbox 3264 4227 3379 4294; x_wconf 82' lang='lat' dir='ltr'><strong>ipso</strong></span> <span class='ocrx_word' id='word_1_668' title='bbox 3412 4242 3621 4297; x_wconf 81' lang='lat' dir='ltr'><strong>quaere-</strong></span> 
     </span>
    </p>
   </div>
   <div class='ocr_carea' id='block_1_90' title="bbox 2055 4319 3623 4395">
    <p class='ocr_par' dir='ltr' id='par_1_90' title="bbox 2055 4319 3623 4395">
     <span class='ocr_line' id='line_1_90' title="bbox 2055 4319 3623 4395; baseline -0.005 -13"><span class='ocrx_word' id='word_1_669' title='bbox 2055 4344 2193 4393; x_wconf 90' lang='lat' dir='ltr'><strong>rem,</strong></span> <span class='ocrx_word' id='word_1_670' title='bbox 2246 4325 2474 4395; x_wconf 85' lang='lat' dir='ltr'><strong>rogavit.</strong></span> <span class='ocrx_word' id='word_1_671' title='bbox 2523 4342 2542 4374; x_wconf 77' lang='grc' dir='ltr'><strong>ι</strong></span> <span class='ocrx_word' id='word_1_672' title='bbox 2579 4321 2707 4376; x_wconf 87' lang='lat' dir='ltr'><strong>Mihi</strong></span> <span class='ocrx_word' id='word_1_673' title='bbox 2759 4336 2906 4386; x_wconf 88' lang='lat' dir='ltr'><strong>vero,</strong></span> <span class='ocrx_word' id='word_1_674' title='bbox 2956 4321 3200 4388; x_wconf 90' lang='lat' dir='ltr'><strong>inquam,</strong></span> <span class='ocrx_word' id='word_1_675' title='bbox 3257 4319 3371 4378; x_wconf 62' lang='lat' dir='ltr'><strong>haec</strong></span> <span class='ocrx_word' id='word_1_676' title='bbox 3415 4337 3442 4373; x_wconf 93' lang='lat' dir='ltr'><strong>a</strong></span> <span class='ocrx_word' id='word_1_677' title='bbox 3483 4331 3533 4375; x_wconf 84' lang='lat' dir='ltr'><strong>te</strong></span> <span class='ocrx_word' id='word_1_678' title='bbox 3564 4331 3623 4375; x_wconf 86' lang='grc' dir='ltr'><strong>ιιι</strong></span> 
     </span>
    </p>
   </div>
   <div class='ocr_carea' id='block_1_91' title="bbox 383 4407 1937 4494">
    <p class='ocr_par' dir='ltr' id='par_1_91' title="bbox 383 4407 1937 4480">
     <span class='ocr_line' id='line_1_91' title="bbox 383 4407 1937 4480; baseline 0.006 -22"><span class='ocrx_word' id='word_1_679' title='bbox 383 4407 586 4476; x_wconf 89' lang='grc' dir='ltr'><strong>φωνήν.</strong></span> <span class='ocrx_word' id='word_1_680' title='bbox 616 4408 748 4460; x_wconf 90' lang='grc' dir='ltr'><strong>Τότε</strong></span> <span class='ocrx_word' id='word_1_681' title='bbox 778 4409 841 4479; x_wconf 81' lang='grc' dir='ltr'><strong>δὴ</strong></span> <span class='ocrx_word' id='word_1_682' title='bbox 896 4409 1128 4478; x_wconf 84' lang='grc' dir='ltr'><strong>γελάσας</strong></span> <span class='ocrx_word' id='word_1_683' title='bbox 1169 4410 1270 4480; x_wconf 77' lang='grc' dir='ltr'><strong>ἔφη</strong></span> <span class='ocrx_word' id='word_1_684' title='bbox 1308 4411 1537 4480; x_wconf 85' lang='grc' dir='ltr'><strong>Γραικὸς</strong></span> <span class='ocrx_word' id='word_1_685' title='bbox 1577 4413 1674 4480; x_wconf 83' lang='grc' dir='ltr'><strong>μὲν</strong></span> <span class='ocrx_word' id='word_1_686' title='bbox 1724 4408 1937 4467; x_wconf 74' lang='grc' dir='ltr'><strong>εἶναιτί</strong></span> 
     </span>
    </p>
   </div>
   <div class='ocr_carea' id='block_1_92' title="bbox 2039 4407 3615 4494">
    <p class='ocr_par' dir='ltr' id='par_1_92' title="bbox 2054 4412 3615 4483">
     <span class='ocr_line' id='line_1_92' title="bbox 2054 4412 3615 4483; baseline -0.004 -11"><span class='ocrx_word' id='word_1_687' title='bbox 2054 4418 2382 4481; x_wconf 87' lang='lat' dir='ltr'><strong>sciscitarer,</strong></span> <span class='ocrx_word' id='word_1_688' title='bbox 2430 4430 2593 4470; x_wconf 89' lang='lat' dir='ltr'><strong>causa</strong></span> <span class='ocrx_word' id='word_1_689' title='bbox 2639 4414 2760 4479; x_wconf 92' lang='lat' dir='ltr'><strong>fuit,</strong></span> <span class='ocrx_word' id='word_1_690' title='bbox 2811 4413 2952 4483; x_wconf 92' lang='lat' dir='ltr'><strong>quod</strong></span> <span class='ocrx_word' id='word_1_691' title='bbox 3006 4412 3192 4469; x_wconf 83' lang='lat' dir='ltr'><strong>Graece</strong></span> <span class='ocrx_word' id='word_1_692' title='bbox 3231 4415 3437 4469; x_wconf 89' lang='lat' dir='ltr'><strong>locutus</strong></span> <span class='ocrx_word' id='word_1_693' title='bbox 3479 4429 3558 4468; x_wconf 92' lang='lat' dir='ltr'><strong>es.</strong></span> <span class='ocrx_word' id='word_1_694' title='bbox 3596 4433 3615 4466; x_wconf 77' lang='grc' dir='ltr'><strong>ι</strong></span> 
     </span>
    </p>
   </div>
   <div class='ocr_carea' id='block_1_93' title="bbox 382 4498 1937 4576">
    <p class='ocr_par' dir='ltr' id='par_1_93' title="bbox 382 4498 1937 4576">
     <span class='ocr_line' id='line_1_93' title="bbox 382 4498 1937 4576; baseline 0.005 -27"><span class='ocrx_word' id='word_1_695' title='bbox 382 4498 558 4564; x_wconf 81' lang='grc' dir='ltr'><strong>γένος,</strong></span> <span class='ocrx_word' id='word_1_696' title='bbox 588 4501 717 4551; x_wconf 89' lang='grc' dir='ltr'><strong>κατ’</strong></span> <span class='ocrx_word' id='word_1_697' title='bbox 754 4499 1021 4570; x_wconf 81' lang='grc' dir='ltr'><strong>ἐμπορίαν</strong></span> <span class='ocrx_word' id='word_1_698' title='bbox 1048 4501 1103 4554; x_wconf 79' lang='grc' dir='ltr'><strong>δὲ</strong></span> <span class='ocrx_word' id='word_1_699' title='bbox 1133 4503 1187 4564; x_wconf 85' lang='grc' dir='ltr'><strong>ἐς</strong></span> <span class='ocrx_word' id='word_1_700' title='bbox 1209 4503 1268 4554; x_wconf 82' lang='grc' dir='ltr'><strong>τὸ</strong></span> <span class='ocrx_word' id='word_1_701' title='bbox 1290 4503 1606 4572; x_wconf 82' lang='grc' dir='ltr'><strong>Βιμινάκιον</strong></span> <span class='ocrx_word' id='word_1_702' title='bbox 1637 4503 1937 4576; x_wconf 73' lang='grc' dir='ltr'><strong>ἐληλυθέναι</strong></span> 
     </span>
    </p>
   </div>
   <div class='ocr_carea' id='block_1_94' title="bbox 2039 4498 3624 4576">
    <p class='ocr_par' dir='ltr' id='par_1_94' title="bbox 2049 4505 3624 4576">
     <span class='ocr_line' id='line_1_94' title="bbox 2049 4505 3624 4576; baseline -0.004 -13"><span class='ocrx_word' id='word_1_703' title='bbox 2049 4508 2188 4563; x_wconf 89' lang='lat' dir='ltr'><strong>Tum</strong></span> <span class='ocrx_word' id='word_1_704' title='bbox 2233 4509 2414 4563; x_wconf 89' lang='lat' dir='ltr'><strong>ridens</strong></span> <span class='ocrx_word' id='word_1_705' title='bbox 2453 4509 2530 4560; x_wconf 88' lang='lat' dir='ltr'><strong>ait</strong></span> <span class='ocrx_word' id='word_1_706' title='bbox 2583 4521 2644 4561; x_wconf 92' lang='lat' dir='ltr'><strong>se</strong></span> <span class='ocrx_word' id='word_1_707' title='bbox 2679 4505 2924 4560; x_wconf 59' lang='lat' dir='ltr'><strong>Graecum</strong></span> <span class='ocrx_word' id='word_1_708' title='bbox 2973 4520 3092 4560; x_wconf 90' lang='lat' dir='ltr'><strong>esse</strong></span> <span class='ocrx_word' id='word_1_709' title='bbox 3127 4519 3345 4576; x_wconf 87' lang='lat' dir='ltr'><strong>genere,</strong></span> <span class='ocrx_word' id='word_1_710' title='bbox 3383 4506 3447 4558; x_wconf 86' lang='lat' dir='ltr'><strong>ad</strong></span> <span class='ocrx_word' id='word_1_711' title='bbox 3485 4518 3624 4558; x_wconf 89' lang='lat' dir='ltr'><strong>mer-</strong></span> 
     </span>
    </p>
   </div>
   <div class='ocr_carea' id='block_1_95' title="bbox 381 4587 1937 4667">
    <p class='ocr_par' dir='ltr' id='par_1_95' title="bbox 381 4587 1937 4666">
     <span class='ocr_line' id='line_1_95' title="bbox 381 4587 1937 4666; baseline 0.008 -24"><span class='ocrx_word' id='word_1_712' title='bbox 381 4593 480 4661; x_wconf 78' lang='grc' dir='ltr'><strong>τὴν</strong></span> <span class='ocrx_word' id='word_1_713' title='bbox 519 4593 653 4662; x_wconf 76' lang='grc' dir='ltr'><strong>πρὸς</strong></span> <span class='ocrx_word' id='word_1_714' title='bbox 711 4595 790 4646; x_wconf 84' lang='grc' dir='ltr'><strong>τῶ</strong></span> <span class='ocrx_word' id='word_1_715' title='bbox 827 4596 1025 4666; x_wconf 85' lang='grc' dir='ltr'><strong>Ἴστρῳ</strong></span> <span class='ocrx_word' id='word_1_716' title='bbox 1054 4595 1255 4649; x_wconf 86' lang='grc' dir='ltr'><strong>Μυσῶν</strong></span> <span class='ocrx_word' id='word_1_717' title='bbox 1291 4597 1465 4650; x_wconf 90' lang='grc' dir='ltr'><strong>πόλιν.</strong></span> <span class='ocrx_word' id='word_1_718' title='bbox 1517 4599 1774 4653; x_wconf 85' lang='grc' dir='ltr'><strong>Πλεῖστον</strong></span> <span class='ocrx_word' id='word_1_719' title='bbox 1794 4587 1864 4653; x_wconf 78' lang='grc' dir='ltr'><strong>’δὲ</strong></span> <span class='ocrx_word' id='word_1_720' title='bbox 1896 4604 1937 4654; x_wconf 63' lang='grc' dir='ltr'><strong>ἐι</strong></span> 
     </span>
    </p>
   </div>
   <div class='ocr_carea' id='block_1_96' title="bbox 2039 4587 3621 4667">
    <p class='ocr_par' dir='ltr' id='par_1_96' title="bbox 2050 4595 3621 4667">
     <span class='ocr_line' id='line_1_96' title="bbox 2050 4595 3621 4667; baseline -0.003 -12"><span class='ocrx_word' id='word_1_721' title='bbox 2050 4609 2294 4656; x_wconf 85' lang='lat' dir='ltr'><strong>caturam</strong></span> <span class='ocrx_word' id='word_1_722' title='bbox 2356 4598 2660 4653; x_wconf 84' lang='lat' dir='ltr'><strong>faciendam</strong></span> <span class='ocrx_word' id='word_1_723' title='bbox 2735 4596 3141 4661; x_wconf 80' lang='lat' dir='ltr'><strong>Vimiuacium,</strong></span> <span class='ocrx_word' id='word_1_724' title='bbox 3203 4596 3479 4667; x_wconf 82' lang='lat' dir='ltr'><strong>Mysorum</strong></span> <span class='ocrx_word' id='word_1_725' title='bbox 3556 4595 3621 4650; x_wconf 86' lang='lat' dir='ltr'><strong>ad</strong></span> 
     </span>
    </p>
   </div>
   <div class='ocr_carea' id='block_1_97' title="bbox 383 4685 1937 4761">
    <p class='ocr_par' dir='ltr' id='par_1_97' title="bbox 383 4685 1937 4760">
     <span class='ocr_line' id='line_1_97' title="bbox 383 4685 1937 4760; baseline 0.003 -22"><span class='ocrx_word' id='word_1_726' title='bbox 383 4685 522 4755; x_wconf 72' lang='grc' dir='ltr'><strong>αὐτῇ</strong></span> <span class='ocrx_word' id='word_1_727' title='bbox 553 4685 830 4755; x_wconf 54' lang='grc' dir='ltr'><strong>διατρίψαι</strong></span> <span class='ocrx_word' id='word_1_728' title='bbox 859 4689 1071 4757; x_wconf 90' lang='grc' dir='ltr'><strong>χρόνον,</strong></span> <span class='ocrx_word' id='word_1_729' title='bbox 1127 4688 1222 4740; x_wconf 77' lang='grc' dir='ltr'><strong>καὶ</strong></span> <span class='ocrx_word' id='word_1_730' title='bbox 1273 4691 1507 4755; x_wconf 88' lang='grc' dir='ltr'><strong>γυναῖκα</strong></span> <span class='ocrx_word' id='word_1_731' title='bbox 1545 4689 1826 4760; x_wconf 84' lang='grc' dir='ltr'><strong>γήμασθαι</strong></span> <span class='ocrx_word' id='word_1_732' title='bbox 1857 4691 1937 4756; x_wconf 81' lang='grc' dir='ltr'><strong>ζά·</strong></span> 
     </span>
    </p>
   </div>
   <div class='ocr_carea' id='block_1_98' title="bbox 2039 4685 3624 4761">
    <p class='ocr_par' dir='ltr' id='par_1_98' title="bbox 2050 4691 3624 4761">
     <span class='ocr_line' id='line_1_98' title="bbox 2050 4691 3624 4761; baseline -0.001 -16"><span class='ocrx_word' id='word_1_733' title='bbox 2050 4692 2245 4746; x_wconf 89' lang='lat' dir='ltr'><strong>lstrum</strong></span> <span class='ocrx_word' id='word_1_734' title='bbox 2295 4691 2502 4758; x_wconf 89' lang='lat' dir='ltr'><strong>urbem,</strong></span> <span class='ocrx_word' id='word_1_735' title='bbox 2552 4692 2870 4758; x_wconf 86' lang='lat' dir='ltr'><strong>accessisse,</strong></span> <span class='ocrx_word' id='word_1_736' title='bbox 2916 4693 2968 4746; x_wconf 91' lang='lat' dir='ltr'><strong>in</strong></span> <span class='ocrx_word' id='word_1_737' title='bbox 2999 4707 3060 4746; x_wconf 87' lang='lat' dir='ltr'><strong>ea</strong></span> <span class='ocrx_word' id='word_1_738' title='bbox 3093 4692 3427 4747; x_wconf 87' lang='lat' dir='ltr'><strong>domicilium</strong></span> <span class='ocrx_word' id='word_1_739' title='bbox 3461 4693 3624 4761; x_wconf 87' lang='lat' dir='ltr'><strong>longo</strong></span> 
     </span>
    </p>
   </div>
   <div class='ocr_carea' id='block_1_99' title="bbox 386 4775 1937 4852">
    <p class='ocr_par' dir='ltr' id='par_1_99' title="bbox 386 4775 1929 4849">
     <span class='ocr_line' id='line_1_99' title="bbox 386 4775 1929 4849; baseline 0.005 -23"><span class='ocrx_word' id='word_1_740' title='bbox 386 4775 629 4828; x_wconf 89' lang='grc' dir='ltr'><strong>πλουτον.</strong></span> <span class='ocrx_word' id='word_1_741' title='bbox 667 4776 776 4847; x_wconf 82' lang='grc' dir='ltr'><strong>Τὴν</strong></span> <span class='ocrx_word' id='word_1_742' title='bbox 827 4777 882 4829; x_wconf 80' lang='grc' dir='ltr'><strong>δὲ</strong></span> <span class='ocrx_word' id='word_1_743' title='bbox 941 4777 1190 4831; x_wconf 80' lang='grc' dir='ltr'><strong>ἐντεῦθεν</strong></span> <span class='ocrx_word' id='word_1_744' title='bbox 1243 4778 1546 4849; x_wconf 83' lang='grc' dir='ltr'><strong>εὐπραγίαν</strong></span> <span class='ocrx_word' id='word_1_745' title='bbox 1603 4781 1929 4834; x_wconf 81' lang='grc' dir='ltr'><strong>ἐκδύσασθαι</strong></span> 
     </span>
    </p>
   </div>
   <div class='ocr_carea' id='block_1_100' title="bbox 2039 4775 3622 4852">
    <p class='ocr_par' dir='ltr' id='par_1_100' title="bbox 2052 4782 3622 4852">
     <span class='ocr_line' id='line_1_100' title="bbox 2052 4782 3622 4852; baseline 0.002 -20"><span class='ocrx_word' id='word_1_746' title='bbox 2052 4794 2292 4852; x_wconf 87' lang='lat' dir='ltr'><strong>tempore</strong></span> <span class='ocrx_word' id='word_1_747' title='bbox 2322 4782 2599 4845; x_wconf 87' lang='lat' dir='ltr'><strong>habuisse,</strong></span> <span class='ocrx_word' id='word_1_748' title='bbox 2629 4797 2852 4836; x_wconf 88' lang='lat' dir='ltr'><strong>uxorem</strong></span> <span class='ocrx_word' id='word_1_749' title='bbox 2872 4797 3088 4852; x_wconf 89' lang='lat' dir='ltr'><strong>quoque</strong></span> <span class='ocrx_word' id='word_1_750' title='bbox 3113 4783 3337 4838; x_wconf 87' lang='lat' dir='ltr'><strong>divitem</strong></span> <span class='ocrx_word' id='word_1_751' title='bbox 3364 4784 3622 4847; x_wconf 88' lang='lat' dir='ltr'><strong>duxisse;</strong></span> 
     </span>
    </p>
   </div>
   <div class='ocr_carea' id='block_1_101' title="bbox 388 4867 1937 4946">
    <p class='ocr_par' dir='ltr' id='par_1_101' title="bbox 388 4867 1937 4945">
     <span class='ocr_line' id='line_1_101' title="bbox 388 4867 1937 4945; baseline 0.006 -24"><span class='ocrx_word' id='word_1_752' title='bbox 388 4871 493 4922; x_wconf 78' lang='grc' dir='ltr'><strong>ὑπὸ</strong></span> <span class='ocrx_word' id='word_1_753' title='bbox 530 4873 641 4934; x_wconf 83' lang='grc' dir='ltr'><strong>τοῖς</strong></span> <span class='ocrx_word' id='word_1_754' title='bbox 675 4872 982 4942; x_wconf 77' lang='grc' dir='ltr'><strong>Βαρὸἀροις</strong></span> <span class='ocrx_word' id='word_1_755' title='bbox 1013 4874 1110 4942; x_wconf 86' lang='grc' dir='ltr'><strong>τῆς</strong></span> <span class='ocrx_word' id='word_1_756' title='bbox 1145 4873 1353 4937; x_wconf 87' lang='grc' dir='ltr'><strong>πόλεως</strong></span> <span class='ocrx_word' id='word_1_757' title='bbox 1385 4876 1702 4945; x_wconf 81' lang='grc' dir='ltr'><strong>γενομένης,</strong></span> <span class='ocrx_word' id='word_1_758' title='bbox 1739 4867 1834 4931; x_wconf 63' lang='grc' dir='ltr'><strong>καί</strong></span> <span class='ocrx_word' id='word_1_759' title='bbox 1867 4879 1937 4932; x_wconf 52' lang='lat' dir='ltr'><strong>aia</strong></span> 
     </span>
    </p>
   </div>
   <div class='ocr_carea' id='block_1_102' title="bbox 2039 4867 3626 4946">
    <p class='ocr_par' dir='ltr' id='par_1_102' title="bbox 2059 4873 3626 4946">
     <span class='ocr_line' id='line_1_102' title="bbox 2059 4873 3626 4946; baseline -0.002 -18"><span class='ocrx_word' id='word_1_760' title='bbox 2059 4885 2212 4946; x_wconf 86' lang='lat' dir='ltr'><strong>parta</strong></span> <span class='ocrx_word' id='word_1_761' title='bbox 2257 4874 2365 4929; x_wconf 91' lang='lat' dir='ltr'><strong>illic</strong></span> <span class='ocrx_word' id='word_1_762' title='bbox 2405 4873 2667 4928; x_wconf 82' lang='lat' dir='ltr'><strong>felicitate</strong></span> <span class='ocrx_word' id='word_1_763' title='bbox 2719 4883 2875 4943; x_wconf 85' lang='lat' dir='ltr'><strong>capta</strong></span> <span class='ocrx_word' id='word_1_764' title='bbox 2917 4877 3049 4930; x_wconf 89' lang='lat' dir='ltr'><strong>urbe</strong></span> <span class='ocrx_word' id='word_1_765' title='bbox 3085 4887 3306 4930; x_wconf 84' lang='lat' dir='ltr'><strong>exutum</strong></span> <span class='ocrx_word' id='word_1_766' title='bbox 3345 4874 3530 4940; x_wconf 87' lang='lat' dir='ltr'><strong>fuisse,</strong></span> <span class='ocrx_word' id='word_1_767' title='bbox 3572 4881 3626 4925; x_wconf 92' lang='lat' dir='ltr'><strong>et</strong></span> 
     </span>
    </p>
   </div>
   <div class='ocr_carea' id='block_1_103' title="bbox 385 4962 1937 5039">
    <p class='ocr_par' dir='ltr' id='par_1_103' title="bbox 385 4962 1937 5039">
     <span class='ocr_line' id='line_1_103' title="bbox 385 4962 1937 5039; baseline 0.006 -25"><span class='ocrx_word' id='word_1_768' title='bbox 385 4962 478 5015; x_wconf 74' lang='grc' dir='ltr'><strong>τὸν</strong></span> <span class='ocrx_word' id='word_1_769' title='bbox 510 4963 827 5035; x_wconf 79' lang='grc' dir='ltr'><strong>ὑπάρξαντα</strong></span> <span class='ocrx_word' id='word_1_770' title='bbox 878 4965 1106 5019; x_wconf 78' lang='grc' dir='ltr'><strong>πλοῦτον</strong></span> <span class='ocrx_word' id='word_1_771' title='bbox 1139 4966 1287 5037; x_wconf 86' lang='grc' dir='ltr'><strong>αὑτῷ</strong></span> <span class='ocrx_word' id='word_1_772' title='bbox 1328 4966 1633 5036; x_wconf 77' lang='grc' dir='ltr'><strong>Ὀνηγησίῳ</strong></span> <span class='ocrx_word' id='word_1_773' title='bbox 1664 4970 1720 5020; x_wconf 86' lang='grc' dir='ltr'><strong>ἐν</strong></span> <span class='ocrx_word' id='word_1_774' title='bbox 1748 4973 1812 5039; x_wconf 82' lang='grc' dir='ltr'><strong>τῇ</strong></span> <span class='ocrx_word' id='word_1_775' title='bbox 1850 4971 1937 5023; x_wconf 54' lang='grc' dir='ltr'><strong>τῶἸ</strong></span> 
     </span>
    </p>
   </div>
   <div class='ocr_carea' id='block_1_104' title="bbox 2039 4962 3622 5039">
    <p class='ocr_par' dir='ltr' id='par_1_104' title="bbox 2059 4967 3622 5038">
     <span class='ocr_line' id='line_1_104' title="bbox 2059 4967 3622 5038; baseline -0.001 -18"><span class='ocrx_word' id='word_1_776' title='bbox 2059 4979 2344 5038; x_wconf 77' lang='lat' dir='ltr'><strong>propterea</strong></span> <span class='ocrx_word' id='word_1_777' title='bbox 2388 4968 2530 5037; x_wconf 90' lang='lat' dir='ltr'><strong>quod</strong></span> <span class='ocrx_word' id='word_1_778' title='bbox 2584 4968 2732 5022; x_wconf 87' lang='lat' dir='ltr'><strong>dives</strong></span> <span class='ocrx_word' id='word_1_779' title='bbox 2792 4977 2931 5033; x_wconf 90' lang='lat' dir='ltr'><strong>erat,</strong></span> <span class='ocrx_word' id='word_1_780' title='bbox 2990 4983 3050 5023; x_wconf 91' lang='lat' dir='ltr'><strong>se</strong></span> <span class='ocrx_word' id='word_1_781' title='bbox 3098 4982 3302 5037; x_wconf 86' lang='lat' dir='ltr'><strong>suaque</strong></span> <span class='ocrx_word' id='word_1_782' title='bbox 3349 4969 3529 5021; x_wconf 86' lang='lat' dir='ltr'><strong>omnia</strong></span> <span class='ocrx_word' id='word_1_783' title='bbox 3571 4967 3622 5019; x_wconf 89' lang='lat' dir='ltr'><strong>in</strong></span> 
     </span>
    </p>
   </div>
   <div class='ocr_carea' id='block_1_105' title="bbox 385 5055 1937 5132">
    <p class='ocr_par' dir='ltr' id='par_1_105' title="bbox 385 5055 1937 5132">
     <span class='ocr_line' id='line_1_105' title="bbox 385 5055 1937 5132; baseline 0.007 -26"><span class='ocrx_word' id='word_1_784' title='bbox 385 5055 642 5126; x_wconf 85' lang='grc' dir='ltr'><strong>λαφύρων</strong></span> <span class='ocrx_word' id='word_1_785' title='bbox 663 5058 1022 5129; x_wconf 84' lang='grc' dir='ltr'><strong>προκριθῆναι</strong></span> <span class='ocrx_word' id='word_1_786' title='bbox 1039 5061 1267 5131; x_wconf 86' lang='grc' dir='ltr'><strong>διανομῇ</strong></span> <span class='ocrx_word' id='word_1_787' title='bbox 1301 5061 1442 5124; x_wconf 79' lang='grc' dir='ltr'><strong>’τοὺς</strong></span> <span class='ocrx_word' id='word_1_788' title='bbox 1469 5062 1575 5132; x_wconf 74' lang='grc' dir='ltr'><strong>γὰρ</strong></span> <span class='ocrx_word' id='word_1_789' title='bbox 1601 5062 1937 5129; x_wconf 79' lang='grc' dir='ltr'><strong>ἁλόνταςιάπὲ</strong></span> 
     </span>
    </p>
   </div>
   <div class='ocr_carea' id='block_1_106' title="bbox 2039 5055 3627 5132">
    <p class='ocr_par' dir='ltr' id='par_1_106' title="bbox 2063 5056 3627 5131">
     <span class='ocr_line' id='line_1_106' title="bbox 2063 5056 3627 5131; baseline -0.004 -17"><span class='ocrx_word' id='word_1_790' title='bbox 2063 5061 2256 5131; x_wconf 83' lang='lat' dir='ltr'><strong>praedae</strong></span> <span class='ocrx_word' id='word_1_791' title='bbox 2303 5058 2572 5113; x_wconf 85' lang='lat' dir='ltr'><strong>divisione</strong></span> <span class='ocrx_word' id='word_1_792' title='bbox 2619 5058 2887 5127; x_wconf 85' lang='lat' dir='ltr'><strong>Ouegesio</strong></span> <span class='ocrx_word' id='word_1_793' title='bbox 2934 5060 3189 5114; x_wconf 85' lang='lat' dir='ltr'><strong>cessisse.</strong></span> <span class='ocrx_word' id='word_1_794' title='bbox 3249 5056 3458 5111; x_wconf 86' lang='lat' dir='ltr'><strong>Etenim</strong></span> <span class='ocrx_word' id='word_1_795' title='bbox 3507 5070 3627 5109; x_wconf 88' lang='lat' dir='ltr'><strong>esse</strong></span> 
     </span>
    </p>
   </div>
   <div class='ocr_carea' id='block_1_107' title="bbox 386 5145 1937 5225">
    <p class='ocr_par' dir='ltr' id='par_1_107' title="bbox 386 5149 1933 5225">
     <span class='ocr_line' id='line_1_107' title="bbox 386 5149 1933 5225; baseline 0.007 -24"><span class='ocrx_word' id='word_1_796' title='bbox 386 5149 494 5201; x_wconf 84' lang='grc' dir='ltr'><strong>τῶν</strong></span> <span class='ocrx_word' id='word_1_797' title='bbox 523 5149 770 5222; x_wconf 87' lang='grc' dir='ltr'><strong>εὑπόρων</strong></span> <span class='ocrx_word' id='word_1_798' title='bbox 806 5150 943 5220; x_wconf 81' lang='grc' dir='ltr'><strong>μετὰ</strong></span> <span class='ocrx_word' id='word_1_799' title='bbox 978 5151 1069 5203; x_wconf 83' lang='grc' dir='ltr'><strong>τὸν</strong></span> <span class='ocrx_word' id='word_1_800' title='bbox 1113 5152 1374 5222; x_wconf 84' lang='grc' dir='ltr'><strong>Ἀττήλαν</strong></span> <span class='ocrx_word' id='word_1_801' title='bbox 1419 5153 1703 5224; x_wconf 76' lang='grc' dir='ltr'><strong>ἐκκρίτους</strong></span> <span class='ocrx_word' id='word_1_802' title='bbox 1731 5151 1875 5225; x_wconf 72' lang='grc' dir='ltr'><strong>εἶχον</strong></span> <span class='ocrx_word' id='word_1_803' title='bbox 1906 5177 1933 5212; x_wconf 89' lang='grc' dir='ltr'><strong>ο</strong></span> 
     </span>
    </p>
   </div>
   <div class='ocr_carea' id='block_1_108' title="bbox 2039 5145 3623 5225">
    <p class='ocr_par' dir='ltr' id='par_1_108' title="bbox 2062 5145 3623 5221">
     <span class='ocr_line' id='line_1_108' title="bbox 2062 5145 3623 5221; baseline -0.006 -16"><span class='ocrx_word' id='word_1_804' title='bbox 2062 5152 2203 5221; x_wconf 89' lang='lat' dir='ltr'><strong>apud</strong></span> <span class='ocrx_word' id='word_1_805' title='bbox 2245 5164 2338 5206; x_wconf 88' lang='lat' dir='ltr'><strong>eos</strong></span> <span class='ocrx_word' id='word_1_806' title='bbox 2389 5149 2443 5203; x_wconf 88' lang='lat' dir='ltr'><strong>in</strong></span> <span class='ocrx_word' id='word_1_807' title='bbox 2475 5162 2624 5203; x_wconf 88' lang='lat' dir='ltr'><strong>more</strong></span> <span class='ocrx_word' id='word_1_808' title='bbox 2655 5150 2911 5218; x_wconf 87' lang='lat' dir='ltr'><strong>positum,</strong></span> <span class='ocrx_word' id='word_1_809' title='bbox 2958 5158 3016 5204; x_wconf 93' lang='lat' dir='ltr'><strong>ut</strong></span> <span class='ocrx_word' id='word_1_810' title='bbox 3054 5148 3307 5218; x_wconf 65' lang='lat' dir='ltr'><strong>praecipui</strong></span> <span class='ocrx_word' id='word_1_811' title='bbox 3354 5148 3420 5200; x_wconf 90' lang='lat' dir='ltr'><strong>ab</strong></span> <span class='ocrx_word' id='word_1_812' title='bbox 3462 5145 3623 5199; x_wconf 84' lang='lat' dir='ltr'><strong>Attila</strong></span> 
     </span>
    </p>
   </div>
   <div class='ocr_carea' id='block_1_109' title="bbox 386 5239 1937 5316">
    <p class='ocr_par' dir='ltr' id='par_1_109' title="bbox 386 5239 1928 5309">
     <span class='ocr_line' id='line_1_109' title="bbox 386 5239 1928 5309; baseline 0.006 -17"><span class='ocrx_word' id='word_1_813' title='bbox 386 5239 494 5292; x_wconf 82' lang='grc' dir='ltr'><strong>τῶν</strong></span> <span class='ocrx_word' id='word_1_814' title='bbox 517 5241 736 5294; x_wconf 86' lang='grc' dir='ltr'><strong>Σκυθῶν</strong></span> <span class='ocrx_word' id='word_1_815' title='bbox 761 5241 984 5309; x_wconf 83' lang='grc' dir='ltr'><strong>λογάδες</strong></span> <span class='ocrx_word' id='word_1_816' title='bbox 1003 5242 1090 5295; x_wconf 77' lang='grc' dir='ltr'><strong>διὰ</strong></span> <span class='ocrx_word' id='word_1_817' title='bbox 1110 5242 1171 5295; x_wconf 83' lang='grc' dir='ltr'><strong>τὸ</strong></span> <span class='ocrx_word' id='word_1_818' title='bbox 1192 5243 1284 5294; x_wconf 66' lang='grc' dir='ltr'><strong>ἐπὶ</strong></span> <span class='ocrx_word' id='word_1_819' title='bbox 1307 5243 1574 5307; x_wconf 85' lang='grc' dir='ltr'><strong>πλείστοις</strong></span> <span class='ocrx_word' id='word_1_820' title='bbox 1598 5245 1928 5302; x_wconf 88' lang='grc' dir='ltr'><strong>διατίθεσθαι</strong></span> 
     </span>
    </p>
   </div>
   <div class='ocr_carea' id='block_1_110' title="bbox 2039 5239 3620 5316">
    <p class='ocr_par' dir='ltr' id='par_1_110' title="bbox 2061 5241 3620 5316">
     <span class='ocr_line' id='line_1_110' title="bbox 2061 5241 3620 5316; baseline -0.008 -16"><span class='ocrx_word' id='word_1_821' title='bbox 2061 5245 2294 5316; x_wconf 72' lang='lat' dir='ltr'><strong>Scythia:</strong></span> <span class='ocrx_word' id='word_1_822' title='bbox 2340 5243 2613 5312; x_wconf 88' lang='lat' dir='ltr'><strong>principes</strong></span> <span class='ocrx_word' id='word_1_823' title='bbox 2657 5241 2900 5310; x_wconf 87' lang='lat' dir='ltr'><strong>captivos</strong></span> <span class='ocrx_word' id='word_1_824' title='bbox 2947 5242 3170 5296; x_wconf 88' lang='lat' dir='ltr'><strong>ditiores</strong></span> <span class='ocrx_word' id='word_1_825' title='bbox 3197 5241 3296 5295; x_wconf 84' lang='lat' dir='ltr'><strong>sibi</strong></span> <span class='ocrx_word' id='word_1_826' title='bbox 3336 5249 3620 5309; x_wconf 90' lang='lat' dir='ltr'><strong>seponant,</strong></span> 
     </span>
    </p>
   </div>
   <div class='ocr_carea' id='block_1_111' title="bbox 392 5328 1937 5410">
    <p class='ocr_par' dir='ltr' id='par_1_111' title="bbox 392 5330 1937 5404">
     <span class='ocr_line' id='line_1_111' title="bbox 392 5330 1937 5404; baseline 0.006 -22"><span class='ocrx_word' id='word_1_827' title='bbox 392 5330 812 5400; x_wconf 83' lang='grc' dir='ltr'><strong>Ἀριστεύσαντα</strong></span> <span class='ocrx_word' id='word_1_828' title='bbox 846 5331 987 5384; x_wconf 84' lang='grc' dir='ltr'><strong>δὲέν</strong></span> <span class='ocrx_word' id='word_1_829' title='bbox 1031 5334 1150 5394; x_wconf 86' lang='grc' dir='ltr'><strong>ταῖς</strong></span> <span class='ocrx_word' id='word_1_830' title='bbox 1193 5330 1421 5399; x_wconf 74' lang='grc' dir='ltr'><strong>ὕστερον</strong></span> <span class='ocrx_word' id='word_1_831' title='bbox 1479 5333 1613 5400; x_wconf 79' lang='grc' dir='ltr'><strong>πρὸς</strong></span> <span class='ocrx_word' id='word_1_832' title='bbox 1656 5335 1937 5404; x_wconf 71' lang='grc' dir='ltr'><strong>Ῥωμαίους</strong></span> 
     </span>
    </p>
   </div>
   <div class='ocr_carea' id='block_1_112' title="bbox 2039 5328 3623 5410">
    <p class='ocr_par' dir='ltr' id='par_1_112' title="bbox 2062 5328 3623 5410">
     <span class='ocr_line' id='line_1_112' title="bbox 2062 5328 3623 5410; baseline -0.005 -21"><span class='ocrx_word' id='word_1_833' title='bbox 2062 5339 2314 5410; x_wconf 79' lang='lat' dir='ltr'><strong>quoniam</strong></span> <span class='ocrx_word' id='word_1_834' title='bbox 2354 5335 2639 5402; x_wconf 88' lang='lat' dir='ltr'><strong>plurimum</strong></span> <span class='ocrx_word' id='word_1_835' title='bbox 2692 5335 3014 5388; x_wconf 77' lang='lat' dir='ltr'><strong>auctoritate</strong></span> <span class='ocrx_word' id='word_1_836' title='bbox 3063 5333 3259 5386; x_wconf 90' lang='lat' dir='ltr'><strong>valent.</strong></span> <span class='ocrx_word' id='word_1_837' title='bbox 3293 5331 3482 5384; x_wconf 83' lang='lat' dir='ltr'><strong>Postea</strong></span> <span class='ocrx_word' id='word_1_838' title='bbox 3536 5328 3623 5382; x_wconf 92' lang='lat' dir='ltr'><strong>ubi</strong></span> 
     </span>
    </p>
   </div>
   <div class='ocr_carea' id='block_1_113' title="bbox 1671 5448 2344 5510">
    <p class='ocr_par' dir='ltr' id='par_1_113' title="bbox 1671 5448 2344 5510">
     <span class='ocr_line' id='line_1_113' title="bbox 1671 5448 2344 5510; baseline 0 -8"><span class='ocrx_word' id='word_1_839' title='bbox 1671 5448 1906 5506; x_wconf 63' lang='lat' dir='ltr'><strong>VARUS</strong></span> <span class='ocrx_word' id='word_1_840' title='bbox 1939 5449 2344 5510; x_wconf 80' lang='lat' dir='ltr'><strong>LECTIONES.</strong></span> 
     </span>
    </p>
   </div>
   <div class='ocr_carea' id='block_1_114' title="bbox 464 5554 3628 5636">
    <p class='ocr_par' dir='ltr' id='par_1_114' title="bbox 464 5554 3628 5636">
     <span class='ocr_line' id='line_1_114' title="bbox 464 5554 3628 5636; baseline -0.002 -17"><span class='ocrx_word' id='word_1_841' title='bbox 464 5565 506 5597; x_wconf 85' lang='grc'><strong>¹⁹</strong></span> <span class='ocrx_word' id='word_1_842' title='bbox 569 5561 625 5636; x_wconf 79' lang='grc' dir='ltr'><strong>ἢ]</strong></span> <span class='ocrx_word' id='word_1_843' title='bbox 695 5561 834 5636; x_wconf 70' lang='grc' dir='ltr'><strong>ὥστε</strong></span> <span class='ocrx_word' id='word_1_844' title='bbox 889 5561 1176 5636; x_wconf 82' lang='lat' dir='ltr'><strong>conj.__B.,</strong></span> <span class='ocrx_word' id='word_1_845' title='bbox 1225 5554 1259 5636; x_wconf 74' lang='grc' dir='ltr'>ᾗ</span> <span class='ocrx_word' id='word_1_846' title='bbox 1298 5561 1526 5636; x_wconf 83' lang='lat' dir='ltr'><strong>conj.N.</strong></span> <span class='ocrx_word' id='word_1_847' title='bbox 1614 5566 1658 5596; x_wconf 83' lang='grc'><strong>²⁰</strong></span> <span class='ocrx_word' id='word_1_848' title='bbox 1705 5565 1928 5624; x_wconf 84' lang='grc' dir='ltr'><strong>είσιέναι</strong></span> <span class='ocrx_word' id='word_1_849' title='bbox 1957 5571 2024 5626; x_wconf 83' lang='grc' dir='ltr'><strong>Ν.</strong></span> <span class='ocrx_word' id='word_1_850' title='bbox 2126 5570 2169 5600; x_wconf 80' lang='grc'>¹¹</span> <span class='ocrx_word' id='word_1_851' title='bbox 2202 5565 2565 5634; x_wconf 85' lang='grc' dir='ltr'><strong>διαγαγόντων</strong></span> <span class='ocrx_word' id='word_1_852' title='bbox 2606 5564 2704 5636; x_wconf 77' lang='grc' dir='ltr'><strong>Β..</strong></span> <span class='ocrx_word' id='word_1_853' title='bbox 2757 5565 3046 5636; x_wconf 67' lang='grc' dir='ltr'><strong>διαγόντων</strong></span> <span class='ocrx_word' id='word_1_854' title='bbox 3090 5563 3354 5636; x_wconf 37' lang='lat' dir='ltr'><strong>vulgum“</strong></span> <span class='ocrx_word' id='word_1_855' title='bbox 3387 5562 3434 5614; x_wconf 83' lang='grc' dir='ltr'><strong>εί</strong></span> <span class='ocrx_word' id='word_1_856' title='bbox 3464 5558 3628 5636; x_wconf 34' lang='grc' dir='ltr'><strong>Βη-οἳ</strong></span> 
     </span>
    </p>
   </div>
   <div class='ocr_carea' id='block_1_115' title="bbox 390 5617 3626 5718">
    <p class='ocr_par' dir='ltr' id='par_1_115' title="bbox 390 5617 3626 5718">
     <span class='ocr_line' id='line_1_115' title="bbox 390 5617 3626 5718; baseline -0.002 -30"><span class='ocrx_word' id='word_1_857' title='bbox 390 5617 655 5718; x_wconf 27' lang='lat' dir='ltr'><strong>vulg“?</strong></span> <span class='ocrx_word' id='word_1_858' title='bbox 696 5617 943 5718; x_wconf 68' lang='grc' dir='ltr'><strong>βούλεται</strong></span> <span class='ocrx_word' id='word_1_859' title='bbox 993 5617 1008 5632; x_wconf 79' lang='grc'><strong>’</strong></span> <span class='ocrx_word' id='word_1_860' title='bbox 1039 5617 1510 5718; x_wconf 43' lang='grc' dir='ltr'><strong>νομξβουλεύταὶ</strong></span> <span class='ocrx_word' id='word_1_861' title='bbox 1565 5636 1709 5718; x_wconf 76' lang='lat' dir='ltr'><strong>vulg.</strong></span> <span class='ocrx_word' id='word_1_862' title='bbox 1765 5617 2042 5708; x_wconf 37' lang='lat' dir='ltr'><strong>eiEi-32.3,</strong></span> <span class='ocrx_word' id='word_1_863' title='bbox 2075 5617 2704 5718; x_wconf 60' lang='grc' dir='ltr'><strong>γυιδῖἈέρὸξςέλοώῠ</strong></span> <span class='ocrx_word' id='word_1_864' title='bbox 2755 5617 2867 5698; x_wconf 75' lang='grc' dir='ltr'><strong>τις’</strong></span> <span class='ocrx_word' id='word_1_865' title='bbox 2904 5633 2993 5699; x_wconf 82' lang='grc' dir='ltr'><strong>Η.,</strong></span> <span class='ocrx_word' id='word_1_866' title='bbox 3048 5617 3431 5703; x_wconf 56' lang='grc' dir='ltr'><strong>προσελθόντες</strong></span> <span class='ocrx_word' id='word_1_867' title='bbox 3482 5617 3626 5702; x_wconf 79' lang='lat' dir='ltr'><strong>vulg.</strong></span> 
     </span>
    </p>
   </div>
   <div class='ocr_carea' id='block_1_116' title="bbox 394 5701 2401 5781">
    <p class='ocr_par' dir='ltr' id='par_1_116' title="bbox 394 5701 2401 5781">
     <span class='ocr_line' id='line_1_116' title="bbox 394 5701 2401 5781; baseline 0 -23"><span class='ocrx_word' id='word_1_868' title='bbox 394 5709 438 5738; x_wconf 78' lang='lat'><strong><em>“</em></strong></span> <span class='ocrx_word' id='word_1_869' title='bbox 478 5701 512 5777; x_wconf 74' lang='grc' dir='ltr'><strong><em>ἦ</em></strong></span> <span class='ocrx_word' id='word_1_870' title='bbox 561 5701 707 5771; x_wconf 66' lang='lat' dir='ltr'><strong>Val.,</strong></span> <span class='ocrx_word' id='word_1_871' title='bbox 743 5704 803 5757; x_wconf 85' lang='grc' dir='ltr'><strong>οὐ</strong></span> <span class='ocrx_word' id='word_1_872' title='bbox 857 5702 999 5774; x_wconf 81' lang='lat' dir='ltr'><strong>vulg.</strong></span> <span class='ocrx_word' id='word_1_873' title='bbox 1087 5703 1129 5735; x_wconf 81' lang='grc'>³⁷</span> <span class='ocrx_word' id='word_1_874' title='bbox 1166 5701 1244 5766; x_wconf 57' lang='grc' dir='ltr'><strong>εἶά</strong></span> <span class='ocrx_word' id='word_1_875' title='bbox 1302 5701 1384 5768; x_wconf 72' lang='grc' dir='ltr'><strong>Βο,</strong></span> <span class='ocrx_word' id='word_1_876' title='bbox 1443 5704 1517 5767; x_wconf 79' lang='grc' dir='ltr'>ὡς</span> <span class='ocrx_word' id='word_1_877' title='bbox 1581 5701 1723 5775; x_wconf 69' lang='lat' dir='ltr'><strong>vulg.</strong></span> <span class='ocrx_word' id='word_1_878' title='bbox 1799 5709 1842 5740; x_wconf 73' lang='grc'><strong>⁸⁸</strong></span> <span class='ocrx_word' id='word_1_879' title='bbox 1879 5711 1977 5781; x_wconf 87' lang='grc' dir='ltr'><strong>τὴν</strong></span> <span class='ocrx_word' id='word_1_880' title='bbox 2011 5701 2091 5776; x_wconf 64' lang='lat'><strong>3.,</strong></span> <span class='ocrx_word' id='word_1_881' title='bbox 2130 5701 2232 5761; x_wconf 73' lang='grc' dir='ltr'><strong>τῶν</strong></span> <span class='ocrx_word' id='word_1_882' title='bbox 2261 5707 2401 5776; x_wconf 81' lang='lat' dir='ltr'><strong>vulg.</strong></span> 
     </span>
    </p>
   </div>
  </div>
