  <div class='ocr_page' id='page_1' title='image "/cluster/home/n/w/nwhite01/storage/ocr_20150623/113/hvd.32044073502270/367.png"; bbox 0 0 4010 6210; ppageno 0'>
   <div class='ocr_carea' id='block_1_1' title="bbox 438 275 543 341">
    <p class='ocr_par' dir='ltr' id='par_1_1' title="bbox 438 275 543 341">
     <span class='ocr_line' id='line_1_1' title="bbox 438 275 543 341; baseline 0.038 -4"><span class='ocrx_word' id='word_1_1' title='bbox 438 275 543 341; x_wconf 72' lang='lat' dir='ltr'><strong>T27</strong></span> 
     </span>
    </p>
   </div>
   <div class='ocr_carea' id='block_1_2' title="bbox 1390 283 2631 351">
    <p class='ocr_par' dir='ltr' id='par_1_2' title="bbox 1390 283 2631 351">
     <span class='ocr_line' id='line_1_2' title="bbox 1390 283 2631 351; baseline 0.006 -7"><span class='ocrx_word' id='word_1_2' title='bbox 1390 283 1784 346; x_wconf 81' lang='lat' dir='ltr'><strong>EXCERPTA</strong></span> <span class='ocrx_word' id='word_1_3' title='bbox 1823 284 1927 345; x_wconf 80' lang='lat' dir='ltr'><strong>EX</strong></span> <span class='ocrx_word' id='word_1_4' title='bbox 1959 286 2230 349; x_wconf 84' lang='lat' dir='ltr'>PRISCO</span> <span class='ocrx_word' id='word_1_5' title='bbox 2271 289 2631 351; x_wconf 81' lang='lat' dir='ltr'><strong>RHETORE</strong></span> 
     </span>
    </p>
   </div>
   <div class='ocr_carea' id='block_1_3' title="bbox 3581 289 3684 354">
    <p class='ocr_par' dir='ltr' id='par_1_3' title="bbox 3581 289 3684 354">
     <span class='ocr_line' id='line_1_3' title="bbox 3581 289 3684 354; baseline -0.019 -1"><span class='ocrx_word' id='word_1_6' title='bbox 3581 289 3684 354; x_wconf 66' lang='lat' dir='ltr'><strong>7E8</strong></span> 
     </span>
    </p>
   </div>
   <div class='ocr_carea' id='block_1_4' title="bbox 442 388 2004 484">
    <p class='ocr_par' dir='ltr' id='par_1_4' title="bbox 442 388 2004 466">
     <span class='ocr_line' id='line_1_4' title="bbox 442 388 2004 466; baseline 0.006 -25"><span class='ocrx_word' id='word_1_7' title='bbox 442 388 704 447; x_wconf 76' lang='lat' dir='ltr'><strong>adversus</strong></span> <span class='ocrx_word' id='word_1_8' title='bbox 748 391 1017 446; x_wconf 79' lang='lat' dir='ltr'><strong>Romanos</strong></span> <span class='ocrx_word' id='word_1_9' title='bbox 1054 399 1107 447; x_wconf 89' lang='lat' dir='ltr'><strong>et</strong></span> <span class='ocrx_word' id='word_1_10' title='bbox 1152 391 1524 448; x_wconf 75' lang='lat' dir='ltr'><strong>Acatzirornm</strong></span> <span class='ocrx_word' id='word_1_11' title='bbox 1570 405 1784 466; x_wconf 87' lang='lat' dir='ltr'><strong>gentem</strong></span> <span class='ocrx_word' id='word_1_12' title='bbox 1834 396 2004 451; x_wconf 85' lang='lat' dir='ltr'><strong>fortis-</strong></span> 
     </span>
    </p>
   </div>
   <div class='ocr_carea' id='block_1_5' title="bbox 2107 388 3683 484">
    <p class='ocr_par' dir='ltr' id='par_1_5' title="bbox 2117 397 3683 484">
     <span class='ocr_line' id='line_1_5' title="bbox 2117 397 3683 484; baseline 0.004 -33"><span class='ocrx_word' id='word_1_13' title='bbox 2117 397 2318 484; x_wconf 76' lang='grc' dir='ltr'>μάχαις</span> <span class='ocrx_word' id='word_1_14' title='bbox 2341 402 2435 471; x_wconf 73' lang='grc' dir='ltr'>καὶ</span> <span class='ocrx_word' id='word_1_15' title='bbox 2462 403 2525 455; x_wconf 83' lang='grc' dir='ltr'><strong>τὺ</strong></span> <span class='ocrx_word' id='word_1_16' title='bbox 2549 401 2658 454; x_wconf 88' lang='grc' dir='ltr'><strong>τῶν</strong></span> <span class='ocrx_word' id='word_1_17' title='bbox 2696 400 3032 472; x_wconf 78' lang='grc' dir='ltr'>’Δκατζίρων</span> <span class='ocrx_word' id='word_1_18' title='bbox 3058 402 3247 469; x_wconf 72' lang='grc' dir='ltr'>ἔθνος,</span> <span class='ocrx_word' id='word_1_19' title='bbox 3264 401 3423 457; x_wconf 82' lang='grc' dir='ltr'>δόντα</span> <span class='ocrx_word' id='word_1_20' title='bbox 3445 401 3524 473; x_wconf 82' lang='grc' dir='ltr'><strong>τῷ</strong></span> <span class='ocrx_word' id='word_1_21' title='bbox 3555 400 3683 473; x_wconf 77' lang='grc' dir='ltr'><strong>βαρ⁴</strong></span> 
     </span>
    </p>
   </div>
   <div class='ocr_carea' id='block_1_6' title="bbox 439 479 2008 558">
    <p class='ocr_par' dir='ltr' id='par_1_6' title="bbox 439 479 2008 558">
     <span class='ocr_line' id='line_1_6' title="bbox 439 479 2008 558; baseline 0.004 -25"><span class='ocrx_word' id='word_1_22' title='bbox 439 479 578 535; x_wconf 84' lang='lat' dir='ltr'><strong>sime</strong></span> <span class='ocrx_word' id='word_1_23' title='bbox 616 482 940 545; x_wconf 75' lang='lat' dir='ltr'><strong>dimicasset,</strong></span> <span class='ocrx_word' id='word_1_24' title='bbox 972 482 1279 538; x_wconf 84' lang='lat' dir='ltr'><strong>libertatem</strong></span> <span class='ocrx_word' id='word_1_25' title='bbox 1300 499 1360 541; x_wconf 89' lang='lat' dir='ltr'><strong>se</strong></span> <span class='ocrx_word' id='word_1_26' title='bbox 1400 501 1465 541; x_wconf 83' lang='lat' dir='ltr'><strong>ex</strong></span> <span class='ocrx_word' id='word_1_27' title='bbox 1495 502 1644 541; x_wconf 90' lang='lat' dir='ltr'><strong>more</strong></span> <span class='ocrx_word' id='word_1_28' title='bbox 1668 486 2008 558; x_wconf 89' lang='lat' dir='ltr'><strong>Scytharum,</strong></span> 
     </span>
    </p>
   </div>
   <div class='ocr_carea' id='block_1_7' title="bbox 440 572 2012 652">
    <p class='ocr_par' dir='ltr' id='par_1_7' title="bbox 440 572 2012 652">
     <span class='ocr_line' id='line_1_7' title="bbox 440 572 2012 652; baseline 0.006 -25"><span class='ocrx_word' id='word_1_29' title='bbox 440 572 554 641; x_wconf 82' lang='lat'><strong>60</strong></span> <span class='ocrx_word' id='word_1_30' title='bbox 577 573 850 639; x_wconf 87' lang='lat' dir='ltr'><strong>omnibus,</strong></span> <span class='ocrx_word' id='word_1_31' title='bbox 904 590 1023 643; x_wconf 71' lang='lat' dir='ltr'><strong>quae</strong></span> <span class='ocrx_word' id='word_1_32' title='bbox 1071 576 1215 632; x_wconf 90' lang='lat' dir='ltr'><strong>bello</strong></span> <span class='ocrx_word' id='word_1_33' title='bbox 1255 579 1608 652; x_wconf 84' lang='lat' dir='ltr'><strong>acquisierat,</strong></span> <span class='ocrx_word' id='word_1_34' title='bbox 1645 582 1877 636; x_wconf 87' lang='lat' dir='ltr'><strong>barbaro</strong></span> <span class='ocrx_word' id='word_1_35' title='bbox 1915 582 2012 636; x_wconf 83' lang='lat' dir='ltr'><strong>do-</strong></span> 
     </span>
    </p>
   </div>
   <div class='ocr_carea' id='block_1_8' title="bbox 444 664 2010 743">
    <p class='ocr_par' dir='ltr' id='par_1_8' title="bbox 444 664 2010 743">
     <span class='ocr_line' id='line_1_8' title="bbox 444 664 2010 743; baseline 0.008 -28"><span class='ocrx_word' id='word_1_36' title='bbox 444 664 591 716; x_wconf 88' lang='lat' dir='ltr'><strong>mino</strong></span> <span class='ocrx_word' id='word_1_37' title='bbox 627 664 862 731; x_wconf 89' lang='lat' dir='ltr'><strong>traditis,</strong></span> <span class='ocrx_word' id='word_1_38' title='bbox 899 680 1272 733; x_wconf 80' lang='lat' dir='ltr'><strong>recuperasse.</strong></span> <span class='ocrx_word' id='word_1_39' title='bbox 1308 667 1545 725; x_wconf 90' lang='lat' dir='ltr'><strong>Uxorem</strong></span> <span class='ocrx_word' id='word_1_40' title='bbox 1579 686 1794 743; x_wconf 81' lang='lat' dir='ltr'><strong>quoque</strong></span> <span class='ocrx_word' id='word_1_41' title='bbox 1821 672 2010 728; x_wconf 87' lang='lat' dir='ltr'><strong>barba-</strong></span> 
     </span>
    </p>
   </div>
   <div class='ocr_carea' id='block_1_9' title="bbox 442 753 2010 832">
    <p class='ocr_par' dir='ltr' id='par_1_9' title="bbox 442 753 2010 832">
     <span class='ocr_line' id='line_1_9' title="bbox 442 753 2010 832; baseline 0.006 -26"><span class='ocrx_word' id='word_1_42' title='bbox 442 767 556 806; x_wconf 85' lang='lat' dir='ltr'><strong>ram</strong></span> <span class='ocrx_word' id='word_1_43' title='bbox 588 753 835 821; x_wconf 82' lang='lat' dir='ltr'><strong>duxisse,</strong></span> <span class='ocrx_word' id='word_1_44' title='bbox 866 768 918 812; x_wconf 92' lang='lat' dir='ltr'><strong>et</strong></span> <span class='ocrx_word' id='word_1_45' title='bbox 947 772 1015 813; x_wconf 87' lang='lat' dir='ltr'><strong>ex</strong></span> <span class='ocrx_word' id='word_1_46' title='bbox 1042 774 1107 814; x_wconf 88' lang='lat' dir='ltr'><strong>ea</strong></span> <span class='ocrx_word' id='word_1_47' title='bbox 1131 759 1329 815; x_wconf 85' lang='lat' dir='ltr'><strong>liberos</strong></span> <span class='ocrx_word' id='word_1_48' title='bbox 1369 761 1674 830; x_wconf 77' lang='lat' dir='ltr'><strong>sustulisse,</strong></span> <span class='ocrx_word' id='word_1_49' title='bbox 1711 773 1766 817; x_wconf 90' lang='lat' dir='ltr'><strong>et</strong></span> <span class='ocrx_word' id='word_1_50' title='bbox 1793 761 2010 832; x_wconf 86' lang='lat' dir='ltr'><strong>Onege-</strong></span> 
     </span>
    </p>
   </div>
   <div class='ocr_carea' id='block_1_10' title="bbox 438 844 2010 925">
    <p class='ocr_par' dir='ltr' id='par_1_10' title="bbox 438 844 2010 925">
     <span class='ocr_line' id='line_1_10' title="bbox 438 844 2010 925; baseline 0.008 -29"><span class='ocrx_word' id='word_1_51' title='bbox 438 844 507 898; x_wconf 86' lang='lat' dir='ltr'><strong>sii</strong></span> <span class='ocrx_word' id='word_1_52' title='bbox 536 860 740 902; x_wconf 71' lang='lat' dir='ltr'><strong>mensa:</strong></span> <span class='ocrx_word' id='word_1_53' title='bbox 771 850 1112 920; x_wconf 88' lang='lat' dir='ltr'><strong>participem,</strong></span> <span class='ocrx_word' id='word_1_54' title='bbox 1151 853 1254 908; x_wconf 88' lang='lat' dir='ltr'><strong>hoc</strong></span> <span class='ocrx_word' id='word_1_55' title='bbox 1284 854 1405 909; x_wconf 66' lang='lat' dir='ltr'><strong>vita:</strong></span> <span class='ocrx_word' id='word_1_56' title='bbox 1440 867 1613 922; x_wconf 82' lang='lat' dir='ltr'><strong>genus</strong></span> <span class='ocrx_word' id='word_1_57' title='bbox 1637 853 1793 925; x_wconf 84' lang='lat' dir='ltr'><strong>longe</strong></span> <span class='ocrx_word' id='word_1_58' title='bbox 1833 856 2010 921; x_wconf 89' lang='lat' dir='ltr'><strong>potius</strong></span> 
     </span>
    </p>
   </div>
   <div class='ocr_carea' id='block_1_11' title="bbox 439 935 2006 1019">
    <p class='ocr_par' dir='ltr' id='par_1_11' title="bbox 439 935 2006 1019">
     <span class='ocr_line' id='line_1_11' title="bbox 439 935 2006 1019; baseline 0.009 -30"><span class='ocrx_word' id='word_1_59' title='bbox 439 935 621 1006; x_wconf 83' lang='lat' dir='ltr'><strong>priore</strong></span> <span class='ocrx_word' id='word_1_60' title='bbox 651 938 869 996; x_wconf 86' lang='lat' dir='ltr'><strong>ducere.</strong></span> <span class='ocrx_word' id='word_1_61' title='bbox 923 962 943 995; x_wconf 75' lang='grc' dir='ltr'><strong>ι</strong></span> <span class='ocrx_word' id='word_1_62' title='bbox 979 943 1083 1010; x_wconf 81' lang='lat' dir='ltr'><strong>Qui</strong></span> <span class='ocrx_word' id='word_1_63' title='bbox 1128 944 1270 999; x_wconf 91' lang='lat' dir='ltr'><strong>enim</strong></span> <span class='ocrx_word' id='word_1_64' title='bbox 1315 946 1456 1014; x_wconf 89' lang='lat' dir='ltr'><strong>apud</strong></span> <span class='ocrx_word' id='word_1_65' title='bbox 1503 946 1736 1017; x_wconf 82' lang='lat' dir='ltr'><strong>Scythas</strong></span> <span class='ocrx_word' id='word_1_66' title='bbox 1785 948 2006 1019; x_wconf 86' lang='lat' dir='ltr'><strong>degunt,</strong></span> 
     </span>
    </p>
   </div>
   <div class='ocr_carea' id='block_1_12' title="bbox 439 1026 2010 1097">
    <p class='ocr_par' dir='ltr' id='par_1_12' title="bbox 439 1026 2010 1097">
     <span class='ocr_line' id='line_1_12' title="bbox 439 1026 2010 1097; baseline 0.01 -18"><span class='ocrx_word' id='word_1_67' title='bbox 439 1026 635 1095; x_wconf 88' lang='lat' dir='ltr'><strong>inquit,</strong></span> <span class='ocrx_word' id='word_1_68' title='bbox 665 1029 895 1085; x_wconf 87' lang='lat' dir='ltr'><strong>tolerato</strong></span> <span class='ocrx_word' id='word_1_69' title='bbox 927 1032 1191 1088; x_wconf 90' lang='lat' dir='ltr'><strong>bellorum</strong></span> <span class='ocrx_word' id='word_1_70' title='bbox 1222 1032 1429 1097; x_wconf 88' lang='lat' dir='ltr'><strong>labore.</strong></span> <span class='ocrx_word' id='word_1_71' title='bbox 1456 1036 1573 1091; x_wconf 86' lang='lat' dir='ltr'><strong>sine</strong></span> <span class='ocrx_word' id='word_1_72' title='bbox 1611 1038 1719 1093; x_wconf 89' lang='lat' dir='ltr'><strong>ulla</strong></span> <span class='ocrx_word' id='word_1_73' title='bbox 1747 1038 2010 1093; x_wconf 83' lang='lat' dir='ltr'><strong>sollicitu-</strong></span> 
     </span>
    </p>
   </div>
   <div class='ocr_carea' id='block_1_13' title="bbox 441 1117 2008 1201">
    <p class='ocr_par' dir='ltr' id='par_1_13' title="bbox 441 1117 2008 1201">
     <span class='ocr_line' id='line_1_13' title="bbox 441 1117 2008 1201; baseline 0.008 -29"><span class='ocrx_word' id='word_1_74' title='bbox 441 1117 565 1173; x_wconf 88' lang='lat' dir='ltr'><strong>dine</strong></span> <span class='ocrx_word' id='word_1_75' title='bbox 592 1120 759 1175; x_wconf 87' lang='lat' dir='ltr'><strong>vitam</strong></span> <span class='ocrx_word' id='word_1_76' title='bbox 794 1134 1075 1195; x_wconf 87' lang='lat' dir='ltr'><strong>peragunt.</strong></span> <span class='ocrx_word' id='word_1_77' title='bbox 1118 1124 1253 1180; x_wconf 86' lang='lat' dir='ltr'><strong>Tum</strong></span> <span class='ocrx_word' id='word_1_78' title='bbox 1278 1118 1654 1199; x_wconf 77' lang='lat' dir='ltr'><strong>unusquisque</strong></span> <span class='ocrx_word' id='word_1_79' title='bbox 1682 1127 1858 1194; x_wconf 86' lang='lat' dir='ltr'><strong>bouis,</strong></span> <span class='ocrx_word' id='word_1_80' title='bbox 1888 1144 2008 1201; x_wconf 74' lang='lat' dir='ltr'><strong>qua:</strong></span> 
     </span>
    </p>
   </div>
   <div class='ocr_carea' id='block_1_14' title="bbox 440 1208 2007 1291">
    <p class='ocr_par' dir='ltr' id='par_1_14' title="bbox 440 1208 2007 1291">
     <span class='ocr_line' id='line_1_14' title="bbox 440 1208 2007 1291; baseline 0.008 -27"><span class='ocrx_word' id='word_1_81' title='bbox 440 1208 543 1265; x_wconf 85' lang='lat' dir='ltr'><strong>sibi</strong></span> <span class='ocrx_word' id='word_1_82' title='bbox 577 1209 789 1269; x_wconf 82' lang='lat' dir='ltr'><strong>fortuna</strong></span> <span class='ocrx_word' id='word_1_83' title='bbox 836 1215 1079 1282; x_wconf 84' lang='lat' dir='ltr'><strong>indulsit,</strong></span> <span class='ocrx_word' id='word_1_84' title='bbox 1128 1216 1348 1286; x_wconf 78' lang='lat' dir='ltr'><strong>fruitur,</strong></span> <span class='ocrx_word' id='word_1_85' title='bbox 1383 1234 1557 1289; x_wconf 88' lang='lat' dir='ltr'><strong>neque</strong></span> <span class='ocrx_word' id='word_1_86' title='bbox 1602 1222 1888 1291; x_wconf 85' lang='lat' dir='ltr'><strong>quisquam</strong></span> <span class='ocrx_word' id='word_1_87' title='bbox 1930 1223 2007 1278; x_wconf 90' lang='lat' dir='ltr'><strong>illi</strong></span> 
     </span>
    </p>
   </div>
   <div class='ocr_carea' id='block_1_15' title="bbox 442 1301 2008 1376">
    <p class='ocr_par' dir='ltr' id='par_1_15' title="bbox 442 1301 2008 1376">
     <span class='ocr_line' id='line_1_15' title="bbox 442 1301 2008 1376; baseline 0.01 -22"><span class='ocrx_word' id='word_1_88' title='bbox 442 1301 550 1355; x_wconf 87' lang='lat' dir='ltr'><strong>ulla</strong></span> <span class='ocrx_word' id='word_1_89' title='bbox 578 1302 632 1357; x_wconf 87' lang='lat' dir='ltr'><strong>in</strong></span> <span class='ocrx_word' id='word_1_90' title='bbox 671 1319 731 1360; x_wconf 92' lang='lat' dir='ltr'><strong>re</strong></span> <span class='ocrx_word' id='word_1_91' title='bbox 761 1306 1017 1363; x_wconf 88' lang='lat' dir='ltr'><strong>molestus</strong></span> <span class='ocrx_word' id='word_1_92' title='bbox 1041 1316 1142 1364; x_wconf 89' lang='lat' dir='ltr'><strong>est.</strong></span> <span class='ocrx_word' id='word_1_93' title='bbox 1164 1307 1265 1376; x_wconf 84' lang='lat' dir='ltr'><strong>Qui</strong></span> <span class='ocrx_word' id='word_1_94' title='bbox 1301 1325 1429 1366; x_wconf 83' lang='lat' dir='ltr'><strong>vero</strong></span> <span class='ocrx_word' id='word_1_95' title='bbox 1457 1315 1558 1368; x_wconf 91' lang='lat' dir='ltr'><strong>sub</strong></span> <span class='ocrx_word' id='word_1_96' title='bbox 1598 1311 1855 1369; x_wconf 80' lang='lat' dir='ltr'><strong>Romanis</strong></span> <span class='ocrx_word' id='word_1_97' title='bbox 1880 1326 2008 1370; x_wconf 71' lang='lat' dir='ltr'><strong>aeta-</strong></span> 
     </span>
    </p>
   </div>
   <div class='ocr_carea' id='block_1_16' title="bbox 441 1392 2004 1467">
    <p class='ocr_par' dir='ltr' id='par_1_16' title="bbox 441 1392 2004 1467">
     <span class='ocr_line' id='line_1_16' title="bbox 441 1392 2004 1467; baseline 0.01 -25"><span class='ocrx_word' id='word_1_98' title='bbox 441 1397 547 1443; x_wconf 87' lang='lat' dir='ltr'><strong>tem</strong></span> <span class='ocrx_word' id='word_1_99' title='bbox 577 1401 762 1459; x_wconf 86' lang='lat' dir='ltr'><strong>agunt,</strong></span> <span class='ocrx_word' id='word_1_100' title='bbox 805 1392 964 1449; x_wconf 78' lang='lat' dir='ltr'><strong>facile</strong></span> <span class='ocrx_word' id='word_1_101' title='bbox 1011 1395 1062 1450; x_wconf 92' lang='lat' dir='ltr'><strong>iu</strong></span> <span class='ocrx_word' id='word_1_102' title='bbox 1117 1397 1258 1452; x_wconf 89' lang='lat' dir='ltr'><strong>bello</strong></span> <span class='ocrx_word' id='word_1_103' title='bbox 1305 1406 1551 1467; x_wconf 90' lang='lat' dir='ltr'><strong>pereunt.</strong></span> <span class='ocrx_word' id='word_1_104' title='bbox 1608 1399 1719 1455; x_wconf 86' lang='lat' dir='ltr'><strong>Hos</strong></span> <span class='ocrx_word' id='word_1_105' title='bbox 1768 1403 1914 1457; x_wconf 87' lang='lat' dir='ltr'><strong>enim</strong></span> <span class='ocrx_word' id='word_1_106' title='bbox 1954 1403 2004 1458; x_wconf 92' lang='lat' dir='ltr'><strong>in</strong></span> 
     </span>
    </p>
   </div>
   <div class='ocr_carea' id='block_1_17' title="bbox 441 1479 2004 1562">
    <p class='ocr_par' dir='ltr' id='par_1_17' title="bbox 441 1479 2004 1562">
     <span class='ocr_line' id='line_1_17' title="bbox 441 1479 2004 1562; baseline 0.012 -30"><span class='ocrx_word' id='word_1_107' title='bbox 441 1479 566 1535; x_wconf 86' lang='lat' dir='ltr'><strong>aliis</strong></span> <span class='ocrx_word' id='word_1_108' title='bbox 617 1482 704 1537; x_wconf 85' lang='lat' dir='ltr'><strong>sui</strong></span> <span class='ocrx_word' id='word_1_109' title='bbox 747 1488 1103 1542; x_wconf 78' lang='lat' dir='ltr'><strong>conservandi</strong></span> <span class='ocrx_word' id='word_1_110' title='bbox 1146 1503 1295 1559; x_wconf 84' lang='lat' dir='ltr'><strong>spem</strong></span> <span class='ocrx_word' id='word_1_111' title='bbox 1344 1490 1610 1547; x_wconf 84' lang='lat' dir='ltr'><strong>collocare</strong></span> <span class='ocrx_word' id='word_1_112' title='bbox 1652 1508 1871 1549; x_wconf 88' lang='lat' dir='ltr'><strong>necesse</strong></span> <span class='ocrx_word' id='word_1_113' title='bbox 1900 1504 2004 1562; x_wconf 89' lang='lat' dir='ltr'><strong>est,</strong></span> 
     </span>
    </p>
   </div>
   <div class='ocr_carea' id='block_1_18' title="bbox 441 1572 2002 1653">
    <p class='ocr_par' dir='ltr' id='par_1_18' title="bbox 441 1572 2002 1653">
     <span class='ocr_line' id='line_1_18' title="bbox 441 1572 2002 1653; baseline 0.011 -30"><span class='ocrx_word' id='word_1_114' title='bbox 441 1572 881 1643; x_wconf 79' lang='lat' dir='ltr'><strong>quandoquidem</strong></span> <span class='ocrx_word' id='word_1_115' title='bbox 930 1591 1026 1647; x_wconf 91' lang='lat' dir='ltr'><strong>per</strong></span> <span class='ocrx_word' id='word_1_116' title='bbox 1069 1588 1329 1648; x_wconf 81' lang='lat' dir='ltr'><strong>tyrannos</strong></span> <span class='ocrx_word' id='word_1_117' title='bbox 1377 1581 1603 1637; x_wconf 90' lang='lat' dir='ltr'><strong>minime</strong></span> <span class='ocrx_word' id='word_1_118' title='bbox 1652 1582 1778 1640; x_wconf 89' lang='lat' dir='ltr'><strong>licet</strong></span> <span class='ocrx_word' id='word_1_119' title='bbox 1828 1600 2002 1653; x_wconf 87' lang='lat' dir='ltr'><strong>arma,</strong></span> 
     </span>
    </p>
   </div>
   <div class='ocr_carea' id='block_1_19' title="bbox 440 1663 2005 1748">
    <p class='ocr_par' dir='ltr' id='par_1_19' title="bbox 440 1663 2005 1748">
     <span class='ocr_line' id='line_1_19' title="bbox 440 1663 2005 1748; baseline 0.012 -32"><span class='ocrx_word' id='word_1_120' title='bbox 440 1663 637 1733; x_wconf 82' lang='lat' dir='ltr'><strong>quibus</strong></span> <span class='ocrx_word' id='word_1_121' title='bbox 664 1668 1035 1739; x_wconf 83' lang='lat' dir='ltr'><strong>unusquisque</strong></span> <span class='ocrx_word' id='word_1_122' title='bbox 1056 1686 1114 1726; x_wconf 90' lang='lat' dir='ltr'><strong>se</strong></span> <span class='ocrx_word' id='word_1_123' title='bbox 1140 1680 1373 1740; x_wconf 87' lang='lat' dir='ltr'><strong>tueatur,</strong></span> <span class='ocrx_word' id='word_1_124' title='bbox 1398 1683 1633 1744; x_wconf 86' lang='lat' dir='ltr'><strong>gestare.</strong></span> <span class='ocrx_word' id='word_1_125' title='bbox 1665 1677 1842 1748; x_wconf 88' lang='lat' dir='ltr'><strong>Atque</strong></span> <span class='ocrx_word' id='word_1_126' title='bbox 1867 1680 2005 1736; x_wconf 89' lang='lat' dir='ltr'><strong>adeo</strong></span> 
     </span>
    </p>
   </div>
   <div class='ocr_carea' id='block_1_20' title="bbox 440 1755 2000 1835">
    <p class='ocr_par' dir='ltr' id='par_1_20' title="bbox 440 1755 2000 1835">
     <span class='ocr_line' id='line_1_20' title="bbox 440 1755 2000 1835; baseline 0.011 -26"><span class='ocrx_word' id='word_1_127' title='bbox 440 1755 545 1825; x_wconf 90' lang='lat' dir='ltr'><strong>his,</strong></span> <span class='ocrx_word' id='word_1_128' title='bbox 580 1759 774 1828; x_wconf 85' lang='lat' dir='ltr'><strong>quibus</strong></span> <span class='ocrx_word' id='word_1_129' title='bbox 798 1761 848 1815; x_wconf 89' lang='lat' dir='ltr'><strong>id</strong></span> <span class='ocrx_word' id='word_1_130' title='bbox 867 1761 994 1832; x_wconf 90' lang='lat' dir='ltr'><strong>jure</strong></span> <span class='ocrx_word' id='word_1_131' title='bbox 1011 1763 1153 1827; x_wconf 89' lang='lat' dir='ltr'><strong>licet,</strong></span> <span class='ocrx_word' id='word_1_132' title='bbox 1180 1765 1336 1821; x_wconf 90' lang='lat' dir='ltr'><strong>valde</strong></span> <span class='ocrx_word' id='word_1_133' title='bbox 1365 1777 1449 1821; x_wconf 90' lang='lat' dir='ltr'><strong>est</strong></span> <span class='ocrx_word' id='word_1_134' title='bbox 1475 1769 1775 1835; x_wconf 88' lang='lat' dir='ltr'><strong>perniciosa</strong></span> <span class='ocrx_word' id='word_1_135' title='bbox 1804 1770 2000 1825; x_wconf 89' lang='lat' dir='ltr'><strong>ducum</strong></span> 
     </span>
    </p>
   </div>
   <div class='ocr_carea' id='block_1_21' title="bbox 437 1848 2004 1930">
    <p class='ocr_par' dir='ltr' id='par_1_21' title="bbox 437 1848 2004 1930">
     <span class='ocr_line' id='line_1_21' title="bbox 437 1848 2004 1930; baseline 0.011 -29"><span class='ocrx_word' id='word_1_136' title='bbox 437 1848 674 1917; x_wconf 81' lang='lat' dir='ltr'><strong>ignavia,</strong></span> <span class='ocrx_word' id='word_1_137' title='bbox 733 1851 825 1920; x_wconf 89' lang='lat' dir='ltr'><strong>qui</strong></span> <span class='ocrx_word' id='word_1_138' title='bbox 861 1852 1060 1908; x_wconf 88' lang='lat' dir='ltr'><strong>bellum</strong></span> <span class='ocrx_word' id='word_1_139' title='bbox 1101 1855 1323 1910; x_wconf 91' lang='lat' dir='ltr'><strong>minime</strong></span> <span class='ocrx_word' id='word_1_140' title='bbox 1378 1859 1626 1928; x_wconf 76' lang='lat' dir='ltr'><strong>gnaviter</strong></span> <span class='ocrx_word' id='word_1_141' title='bbox 1677 1873 1890 1930; x_wconf 90' lang='lat' dir='ltr'><strong>gerunt.</strong></span> <span class='ocrx_word' id='word_1_142' title='bbox 1932 1862 2004 1918; x_wconf 82' lang='lat' dir='ltr'><strong>At</strong></span> 
     </span>
    </p>
   </div>
   <div class='ocr_carea' id='block_1_22' title="bbox 437 1938 2000 2022">
    <p class='ocr_par' dir='ltr' id='par_1_22' title="bbox 437 1938 2000 2022">
     <span class='ocr_line' id='line_1_22' title="bbox 437 1938 2000 2022; baseline 0.01 -30"><span class='ocrx_word' id='word_1_143' title='bbox 437 1938 493 1993; x_wconf 91' lang='lat' dir='ltr'><strong>iu</strong></span> <span class='ocrx_word' id='word_1_144' title='bbox 524 1954 658 2009; x_wconf 88' lang='lat' dir='ltr'><strong>pace</strong></span> <span class='ocrx_word' id='word_1_145' title='bbox 689 1940 845 2011; x_wconf 85' lang='lat' dir='ltr'><strong>longe</strong></span> <span class='ocrx_word' id='word_1_146' title='bbox 872 1946 1151 2000; x_wconf 85' lang='lat' dir='ltr'><strong>acerbiora</strong></span> <span class='ocrx_word' id='word_1_147' title='bbox 1179 1958 1328 2013; x_wconf 90' lang='lat' dir='ltr'><strong>sunt,</strong></span> <span class='ocrx_word' id='word_1_148' title='bbox 1378 1964 1499 2019; x_wconf 61' lang='lat' dir='ltr'><strong>quas</strong></span> <span class='ocrx_word' id='word_1_149' title='bbox 1528 1951 1798 2018; x_wconf 86' lang='lat' dir='ltr'><strong>accidunt,</strong></span> <span class='ocrx_word' id='word_1_150' title='bbox 1839 1967 2000 2022; x_wconf 89' lang='lat' dir='ltr'><strong>quam</strong></span> 
     </span>
    </p>
   </div>
   <div class='ocr_carea' id='block_1_23' title="bbox 435 2029 2002 2115">
    <p class='ocr_par' dir='ltr' id='par_1_23' title="bbox 435 2029 2002 2115">
     <span class='ocr_line' id='line_1_23' title="bbox 435 2029 2002 2115; baseline 0.011 -32"><span class='ocrx_word' id='word_1_151' title='bbox 435 2029 952 2115; x_wconf 45' lang='lat' dir='ltr'><strong>calamitategquae</strong></span> <span class='ocrx_word' id='word_1_152' title='bbox 1000 2050 1066 2091; x_wconf 84' lang='lat' dir='ltr'><strong>ex</strong></span> <span class='ocrx_word' id='word_1_153' title='bbox 1110 2036 1256 2093; x_wconf 85' lang='lat' dir='ltr'><strong>bello</strong></span> <span class='ocrx_word' id='word_1_154' title='bbox 1303 2040 1628 2107; x_wconf 85' lang='lat' dir='ltr'><strong>proveniunt</strong></span> <span class='ocrx_word' id='word_1_155' title='bbox 1677 2050 1732 2098; x_wconf 89' lang='lat' dir='ltr'><strong>et</strong></span> <span class='ocrx_word' id='word_1_156' title='bbox 1783 2054 2002 2114; x_wconf 87' lang='lat' dir='ltr'><strong>propter</strong></span> 
     </span>
    </p>
   </div>
   <div class='ocr_carea' id='block_1_24' title="bbox 434 2123 2003 2205">
    <p class='ocr_par' dir='ltr' id='par_1_24' title="bbox 434 2123 2003 2205">
     <span class='ocr_line' id='line_1_24' title="bbox 434 2123 2003 2205; baseline 0.011 -30"><span class='ocrx_word' id='word_1_157' title='bbox 434 2123 629 2176; x_wconf 83' lang='lat' dir='ltr'><strong>duram</strong></span> <span class='ocrx_word' id='word_1_158' title='bbox 676 2126 1013 2181; x_wconf 79' lang='lat' dir='ltr'><strong>exactionem</strong></span> <span class='ocrx_word' id='word_1_159' title='bbox 1063 2127 1414 2197; x_wconf 90' lang='lat' dir='ltr'><strong>tributorum,</strong></span> <span class='ocrx_word' id='word_1_160' title='bbox 1447 2144 1503 2188; x_wconf 91' lang='lat' dir='ltr'><strong>et</strong></span> <span class='ocrx_word' id='word_1_161' title='bbox 1543 2143 1761 2204; x_wconf 88' lang='lat' dir='ltr'><strong>propter</strong></span> <span class='ocrx_word' id='word_1_162' title='bbox 1796 2137 2003 2205; x_wconf 90' lang='lat' dir='ltr'><strong>impro-</strong></span> 
     </span>
    </p>
   </div>
   <div class='ocr_carea' id='block_1_25' title="bbox 435 2211 1997 2292">
    <p class='ocr_par' dir='ltr' id='par_1_25' title="bbox 435 2211 1997 2292">
     <span class='ocr_line' id='line_1_25' title="bbox 435 2211 1997 2292; baseline 0.012 -27"><span class='ocrx_word' id='word_1_163' title='bbox 435 2211 626 2267; x_wconf 85' lang='lat' dir='ltr'><strong>borum</strong></span> <span class='ocrx_word' id='word_1_164' title='bbox 654 2215 986 2285; x_wconf 80' lang='lat' dir='ltr'><strong>vexationes,</strong></span> <span class='ocrx_word' id='word_1_165' title='bbox 1010 2233 1132 2273; x_wconf 91' lang='lat' dir='ltr'><strong>cum</strong></span> <span class='ocrx_word' id='word_1_166' title='bbox 1166 2220 1309 2292; x_wconf 90' lang='lat' dir='ltr'><strong>leges</strong></span> <span class='ocrx_word' id='word_1_167' title='bbox 1336 2239 1441 2277; x_wconf 89' lang='lat' dir='ltr'><strong>non</strong></span> <span class='ocrx_word' id='word_1_168' title='bbox 1469 2224 1522 2278; x_wconf 91' lang='lat' dir='ltr'><strong>in</strong></span> <span class='ocrx_word' id='word_1_169' title='bbox 1547 2240 1738 2281; x_wconf 85' lang='lat' dir='ltr'><strong>omnes</strong></span> <span class='ocrx_word' id='word_1_170' title='bbox 1766 2228 1997 2284; x_wconf 89' lang='lat' dir='ltr'><strong>valeant.</strong></span> 
     </span>
    </p>
   </div>
   <div class='ocr_carea' id='block_1_26' title="bbox 436 2304 2003 2389">
    <p class='ocr_par' dir='ltr' id='par_1_26' title="bbox 436 2304 2003 2389">
     <span class='ocr_line' id='line_1_26' title="bbox 436 2304 2003 2389; baseline 0.01 -29"><span class='ocrx_word' id='word_1_171' title='bbox 436 2304 494 2360; x_wconf 91' lang='lat' dir='ltr'><strong>Si</strong></span> <span class='ocrx_word' id='word_1_172' title='bbox 527 2305 649 2374; x_wconf 86' lang='lat' dir='ltr'><strong>quis</strong></span> <span class='ocrx_word' id='word_1_173' title='bbox 679 2306 829 2363; x_wconf 79' lang='lat' dir='ltr'><strong>dives</strong></span> <span class='ocrx_word' id='word_1_174' title='bbox 874 2317 968 2364; x_wconf 88' lang='lat' dir='ltr'><strong>aut</strong></span> <span class='ocrx_word' id='word_1_175' title='bbox 1006 2321 1196 2380; x_wconf 83' lang='lat' dir='ltr'><strong>potens</strong></span> <span class='ocrx_word' id='word_1_176' title='bbox 1244 2329 1336 2370; x_wconf 87' lang='lat' dir='ltr'><strong>eas</strong></span> <span class='ocrx_word' id='word_1_177' title='bbox 1384 2315 1456 2370; x_wconf 89' lang='lat' dir='ltr'><strong>sit</strong></span> <span class='ocrx_word' id='word_1_178' title='bbox 1492 2326 1881 2389; x_wconf 78' lang='lat' dir='ltr'><strong>transgressus,</strong></span> <span class='ocrx_word' id='word_1_179' title='bbox 1914 2320 2003 2375; x_wconf 89' lang='lat' dir='ltr'><strong>ille</strong></span> 
     </span>
    </p>
   </div>
   <div class='ocr_carea' id='block_1_27' title="bbox 434 2396 2001 2483">
    <p class='ocr_par' dir='ltr' id='par_1_27' title="bbox 434 2396 2001 2483">
     <span class='ocr_line' id='line_1_27' title="bbox 434 2396 2001 2483; baseline 0.012 -34"><span class='ocrx_word' id='word_1_180' title='bbox 434 2396 654 2465; x_wconf 88' lang='lat' dir='ltr'><strong>quidem</strong></span> <span class='ocrx_word' id='word_1_181' title='bbox 686 2399 986 2469; x_wconf 83' lang='lat' dir='ltr'><strong>iniquitatis</strong></span> <span class='ocrx_word' id='word_1_182' title='bbox 1015 2418 1128 2461; x_wconf 69' lang='lat' dir='ltr'><strong>sum</strong></span> <span class='ocrx_word' id='word_1_183' title='bbox 1155 2419 1346 2477; x_wconf 72' lang='lat' dir='ltr'><strong>ptrnas</strong></span> <span class='ocrx_word' id='word_1_184' title='bbox 1378 2423 1484 2464; x_wconf 92' lang='lat' dir='ltr'><strong>non</strong></span> <span class='ocrx_word' id='word_1_185' title='bbox 1516 2410 1624 2464; x_wconf 82' lang='lat' dir='ltr'><strong>luet</strong></span> <span class='ocrx_word' id='word_1_186' title='bbox 1659 2411 1784 2467; x_wconf 74' lang='lat' dir='ltr'><strong>:sin</strong></span> <span class='ocrx_word' id='word_1_187' title='bbox 1807 2411 2001 2483; x_wconf 87' lang='lat' dir='ltr'><strong>aliquis</strong></span> 
     </span>
    </p>
   </div>
   <div class='ocr_carea' id='block_1_28' title="bbox 436 2493 2002 2574">
    <p class='ocr_par' dir='ltr' id='par_1_28' title="bbox 436 2493 2002 2574">
     <span class='ocr_line' id='line_1_28' title="bbox 436 2493 2002 2574; baseline 0.009 -26"><span class='ocrx_word' id='word_1_188' title='bbox 436 2493 615 2563; x_wconf 87' lang='lat' dir='ltr'><strong>in0ps,</strong></span> <span class='ocrx_word' id='word_1_189' title='bbox 648 2497 738 2565; x_wconf 91' lang='lat' dir='ltr'><strong>qui</strong></span> <span class='ocrx_word' id='word_1_190' title='bbox 769 2499 980 2569; x_wconf 89' lang='lat' dir='ltr'><strong>negotia</strong></span> <span class='ocrx_word' id='word_1_191' title='bbox 1010 2515 1197 2568; x_wconf 82' lang='lat' dir='ltr'><strong>gerere</strong></span> <span class='ocrx_word' id='word_1_192' title='bbox 1225 2504 1454 2568; x_wconf 77' lang='lat' dir='ltr'><strong>neseiat,</strong></span> <span class='ocrx_word' id='word_1_193' title='bbox 1491 2507 1631 2559; x_wconf 87' lang='lat' dir='ltr'><strong>hunc</strong></span> <span class='ocrx_word' id='word_1_194' title='bbox 1664 2520 1819 2574; x_wconf 70' lang='lat' dir='ltr'><strong>poena</strong></span> <span class='ocrx_word' id='word_1_195' title='bbox 1858 2520 1888 2559; x_wconf 87' lang='lat' dir='ltr'><strong>a</strong></span> <span class='ocrx_word' id='word_1_196' title='bbox 1924 2506 2002 2562; x_wconf 90' lang='lat' dir='ltr'><strong>le-</strong></span> 
     </span>
    </p>
   </div>
   <div class='ocr_carea' id='block_1_29' title="bbox 435 2584 1999 2668">
    <p class='ocr_par' dir='ltr' id='par_1_29' title="bbox 435 2584 1999 2668">
     <span class='ocr_line' id='line_1_29' title="bbox 435 2584 1999 2668; baseline 0.009 -30"><span class='ocrx_word' id='word_1_197' title='bbox 435 2584 592 2655; x_wconf 88' lang='lat' dir='ltr'><strong>gibus</strong></span> <span class='ocrx_word' id='word_1_198' title='bbox 635 2595 835 2643; x_wconf 89' lang='lat' dir='ltr'><strong>statuta</strong></span> <span class='ocrx_word' id='word_1_199' title='bbox 890 2586 1074 2646; x_wconf 86' lang='lat' dir='ltr'><strong>inanet</strong></span> <span class='ocrx_word' id='word_1_200' title='bbox 1116 2593 1266 2648; x_wconf 91' lang='lat' dir='ltr'><strong>:nisi</strong></span> <span class='ocrx_word' id='word_1_201' title='bbox 1316 2593 1454 2648; x_wconf 88' lang='lat' dir='ltr'><strong>forte</strong></span> <span class='ocrx_word' id='word_1_202' title='bbox 1504 2610 1625 2648; x_wconf 90' lang='lat' dir='ltr'><strong>eum</strong></span> <span class='ocrx_word' id='word_1_203' title='bbox 1687 2597 1999 2668; x_wconf 87' lang='lat' dir='ltr'><strong>priusquam</strong></span> 
     </span>
    </p>
   </div>
   <div class='ocr_carea' id='block_1_30' title="bbox 436 2676 2003 2750">
    <p class='ocr_par' dir='ltr' id='par_1_30' title="bbox 436 2676 2003 2750">
     <span class='ocr_line' id='line_1_30' title="bbox 436 2676 2003 2750; baseline 0.011 -22"><span class='ocrx_word' id='word_1_204' title='bbox 436 2676 705 2731; x_wconf 88' lang='lat' dir='ltr'><strong>sententia</strong></span> <span class='ocrx_word' id='word_1_205' title='bbox 739 2677 966 2742; x_wconf 84' lang='lat' dir='ltr'><strong>feratur,</strong></span> <span class='ocrx_word' id='word_1_206' title='bbox 1008 2679 1167 2750; x_wconf 91' lang='lat' dir='ltr'><strong>longo</strong></span> <span class='ocrx_word' id='word_1_207' title='bbox 1205 2681 1259 2735; x_wconf 90' lang='lat' dir='ltr'><strong>in</strong></span> <span class='ocrx_word' id='word_1_208' title='bbox 1308 2681 1493 2738; x_wconf 86' lang='lat' dir='ltr'><strong>litibus</strong></span> <span class='ocrx_word' id='word_1_209' title='bbox 1527 2685 1840 2742; x_wconf 86' lang='lat' dir='ltr'><strong>continuato</strong></span> <span class='ocrx_word' id='word_1_210' title='bbox 1869 2698 2003 2744; x_wconf 89' lang='lat' dir='ltr'><strong>tem-</strong></span> 
     </span>
    </p>
   </div>
   <div class='ocr_carea' id='block_1_31' title="bbox 439 2767 2001 2844">
    <p class='ocr_par' dir='ltr' id='par_1_31' title="bbox 439 2767 2001 2844">
     <span class='ocr_line' id='line_1_31' title="bbox 439 2767 2001 2844; baseline 0.011 -25"><span class='ocrx_word' id='word_1_211' title='bbox 439 2780 591 2832; x_wconf 88' lang='lat' dir='ltr'><strong>pore,</strong></span> <span class='ocrx_word' id='word_1_212' title='bbox 621 2767 807 2824; x_wconf 90' lang='lat' dir='ltr'><strong>multis</strong></span> <span class='ocrx_word' id='word_1_213' title='bbox 836 2780 1092 2837; x_wconf 61' lang='lat' dir='ltr'><strong>praeterea</strong></span> <span class='ocrx_word' id='word_1_214' title='bbox 1122 2772 1399 2828; x_wconf 89' lang='lat' dir='ltr'><strong>exhaustis</strong></span> <span class='ocrx_word' id='word_1_215' title='bbox 1421 2774 1630 2844; x_wconf 80' lang='lat' dir='ltr'><strong>Opibus,</strong></span> <span class='ocrx_word' id='word_1_216' title='bbox 1661 2776 1768 2833; x_wconf 88' lang='lat' dir='ltr'><strong>vita</strong></span> <span class='ocrx_word' id='word_1_217' title='bbox 1794 2778 2001 2836; x_wconf 81' lang='lat' dir='ltr'><strong>defece-</strong></span> 
     </span>
    </p>
   </div>
   <div class='ocr_carea' id='block_1_32' title="bbox 438 2858 2004 2942">
    <p class='ocr_par' dir='ltr' id='par_1_32' title="bbox 438 2858 2004 2942">
     <span class='ocr_line' id='line_1_32' title="bbox 438 2858 2004 2942; baseline 0.013 -32"><span class='ocrx_word' id='word_1_218' title='bbox 438 2858 529 2914; x_wconf 86' lang='lat' dir='ltr'><strong>rit.</strong></span> <span class='ocrx_word' id='word_1_219' title='bbox 567 2858 636 2911; x_wconf 82' lang='lat' dir='ltr'><strong>At</strong></span> <span class='ocrx_word' id='word_1_220' title='bbox 669 2862 916 2917; x_wconf 77' lang='lat' dir='ltr'><strong>mercede</strong></span> <span class='ocrx_word' id='word_1_221' title='bbox 957 2870 1009 2916; x_wconf 88' lang='lat' dir='ltr'><strong>et</strong></span> <span class='ocrx_word' id='word_1_222' title='bbox 1048 2865 1243 2934; x_wconf 92' lang='lat' dir='ltr'><strong>pretio,</strong></span> <span class='ocrx_word' id='word_1_223' title='bbox 1276 2869 1417 2936; x_wconf 87' lang='lat' dir='ltr'><strong>quod</strong></span> <span class='ocrx_word' id='word_1_224' title='bbox 1458 2867 1634 2938; x_wconf 88' lang='lat' dir='ltr'><strong>legum</strong></span> <span class='ocrx_word' id='word_1_225' title='bbox 1672 2880 1726 2925; x_wconf 92' lang='lat' dir='ltr'><strong>et</strong></span> <span class='ocrx_word' id='word_1_226' title='bbox 1750 2871 1891 2942; x_wconf 87' lang='lat' dir='ltr'><strong>juris</strong></span> <span class='ocrx_word' id='word_1_227' title='bbox 1918 2882 2004 2930; x_wconf 90' lang='lat' dir='ltr'><strong>est</strong></span> 
     </span>
    </p>
   </div>
   <div class='ocr_carea' id='block_1_33' title="bbox 436 2949 2005 3026">
    <p class='ocr_par' dir='ltr' id='par_1_33' title="bbox 436 2949 2005 3026">
     <span class='ocr_line' id='line_1_33' title="bbox 436 2949 2005 3026; baseline 0.012 -23"><span class='ocrx_word' id='word_1_228' title='bbox 436 2949 702 3017; x_wconf 87' lang='lat' dir='ltr'><strong>obtinere,</strong></span> <span class='ocrx_word' id='word_1_229' title='bbox 745 2953 989 3008; x_wconf 88' lang='lat' dir='ltr'><strong>omnium</strong></span> <span class='ocrx_word' id='word_1_230' title='bbox 1023 2956 1423 3026; x_wconf 88' lang='lat' dir='ltr'><strong>iniquissimum</strong></span> <span class='ocrx_word' id='word_1_231' title='bbox 1451 2970 1554 3017; x_wconf 89' lang='lat' dir='ltr'><strong>est.</strong></span> <span class='ocrx_word' id='word_1_232' title='bbox 1606 2962 1717 3019; x_wconf 85' lang='lat' dir='ltr'><strong>Nec</strong></span> <span class='ocrx_word' id='word_1_233' title='bbox 1745 2965 1889 3021; x_wconf 91' lang='lat' dir='ltr'><strong>enim</strong></span> <span class='ocrx_word' id='word_1_234' title='bbox 1919 2965 2005 3021; x_wconf 92' lang='lat' dir='ltr'><strong>in-</strong></span> 
     </span>
    </p>
   </div>
   <div class='ocr_carea' id='block_1_34' title="bbox 2114 491 3686 568">
    <p class='ocr_par' dir='ltr' id='par_1_34' title="bbox 2114 491 3686 568">
     <span class='ocr_line' id='line_1_34' title="bbox 2114 491 3686 568; baseline 0.003 -22"><span class='ocrx_word' id='word_1_235' title='bbox 2114 491 2265 563; x_wconf 81' lang='grc' dir='ltr'>βάρῳ</span> <span class='ocrx_word' id='word_1_236' title='bbox 2292 495 2527 568; x_wconf 79' lang='grc' dir='ltr'><strong>δεσπότῃ</strong></span> <span class='ocrx_word' id='word_1_237' title='bbox 2558 494 2695 549; x_wconf 79' lang='grc' dir='ltr'>κατὰ</span> <span class='ocrx_word' id='word_1_238' title='bbox 2718 494 2810 550; x_wconf 73' lang='grc' dir='ltr'>τὸν</span> <span class='ocrx_word' id='word_1_239' title='bbox 2839 497 2991 567; x_wconf 88' lang='grc' dir='ltr'>παρά</span> <span class='ocrx_word' id='word_1_240' title='bbox 3013 496 3250 561; x_wconf 83' lang='grc' dir='ltr'><strong>Σκύθαις</strong></span> <span class='ocrx_word' id='word_1_241' title='bbox 3269 498 3430 568; x_wconf 90' lang='grc' dir='ltr'>νόμον</span> <span class='ocrx_word' id='word_1_242' title='bbox 3453 496 3521 549; x_wconf 82' lang='grc' dir='ltr'><strong>τὰ</strong></span> <span class='ocrx_word' id='word_1_243' title='bbox 3543 496 3686 551; x_wconf 79' lang='grc' dir='ltr'>κατά</span> 
     </span>
    </p>
   </div>
   <div class='ocr_carea' id='block_1_35' title="bbox 2111 570 3686 659">
    <p class='ocr_par' dir='ltr' id='par_1_35' title="bbox 2111 570 3686 659">
     <span class='ocr_line' id='line_1_35' title="bbox 2111 570 3686 659; baseline 0.002 -21"><span class='ocrx_word' id='word_1_244' title='bbox 2111 586 2203 640; x_wconf 80' lang='grc' dir='ltr'>τὸν</span> <span class='ocrx_word' id='word_1_245' title='bbox 2231 586 2471 655; x_wconf 84' lang='grc' dir='ltr'>πόλεμον</span> <span class='ocrx_word' id='word_1_246' title='bbox 2501 585 2650 656; x_wconf 84' lang='grc' dir='ltr'>αὐτῷ</span> <span class='ocrx_word' id='word_1_247' title='bbox 2668 586 2957 654; x_wconf 77' lang='grc' dir='ltr'><strong>κτηθέντα,</strong></span> <span class='ocrx_word' id='word_1_248' title='bbox 2991 570 3304 659; x_wconf 73' lang='grc' dir='ltr'>ἐλευθερίας</span> <span class='ocrx_word' id='word_1_249' title='bbox 3338 589 3541 658; x_wconf 82' lang='grc' dir='ltr'><strong>τυχεῖν.</strong></span> <span class='ocrx_word' id='word_1_250' title='bbox 3572 588 3686 641; x_wconf 81' lang='grc' dir='ltr'><strong>Γυ-</strong></span> 
     </span>
    </p>
   </div>
   <div class='ocr_carea' id='block_1_36' title="bbox 2111 673 3683 748">
    <p class='ocr_par' dir='ltr' id='par_1_36' title="bbox 2111 673 3683 748">
     <span class='ocr_line' id='line_1_36' title="bbox 2111 673 3683 748; baseline 0.001 -20"><span class='ocrx_word' id='word_1_251' title='bbox 2111 677 2273 729; x_wconf 88' lang='grc' dir='ltr'>ναῖκα</span> <span class='ocrx_word' id='word_1_252' title='bbox 2303 676 2358 728; x_wconf 80' lang='grc' dir='ltr'>δὲ</span> <span class='ocrx_word' id='word_1_253' title='bbox 2386 675 2670 745; x_wconf 81' lang='grc' dir='ltr'><strong>γήμασθαι</strong></span> <span class='ocrx_word' id='word_1_254' title='bbox 2704 674 2994 747; x_wconf 84' lang='grc' dir='ltr'>βάρϐαρον,</span> <span class='ocrx_word' id='word_1_255' title='bbox 3036 673 3176 732; x_wconf 81' lang='grc' dir='ltr'>εἶναί</span> <span class='ocrx_word' id='word_1_256' title='bbox 3202 694 3261 730; x_wconf 89' lang='grc' dir='ltr'><strong>τε</strong></span> <span class='ocrx_word' id='word_1_257' title='bbox 3288 676 3437 748; x_wconf 71' lang='grc' dir='ltr'>αὐτῷ</span> <span class='ocrx_word' id='word_1_258' title='bbox 3467 677 3683 741; x_wconf 72' lang='grc' dir='ltr'>παῖδαςο</span> 
     </span>
    </p>
   </div>
   <div class='ocr_carea' id='block_1_37' title="bbox 2111 767 3686 840">
    <p class='ocr_par' dir='ltr' id='par_1_37' title="bbox 2111 767 3686 840">
     <span class='ocr_line' id='line_1_37' title="bbox 2111 767 3686 840; baseline -0.001 -19"><span class='ocrx_word' id='word_1_259' title='bbox 2111 768 2207 821; x_wconf 76' lang='grc' dir='ltr'><strong>καὶ</strong></span> <span class='ocrx_word' id='word_1_260' title='bbox 2255 768 2561 840; x_wconf 84' lang='grc' dir='ltr'>Ὀνηγησίῳ</span> <span class='ocrx_word' id='word_1_261' title='bbox 2583 767 2864 840; x_wconf 79' lang='grc' dir='ltr'><strong>τραπέζης</strong></span> <span class='ocrx_word' id='word_1_262' title='bbox 2894 768 3274 832; x_wconf 72' lang='grc' dir='ltr'><strong>κοινωνοῦντα,</strong></span> <span class='ocrx_word' id='word_1_263' title='bbox 3300 768 3559 839; x_wconf 82' lang='grc' dir='ltr'>ἀμείνονα</span> <span class='ocrx_word' id='word_1_264' title='bbox 3587 768 3686 821; x_wconf 80' lang='grc' dir='ltr'><strong>τοῦ</strong></span> 
     </span>
    </p>
   </div>
   <div class='ocr_carea' id='block_1_38' title="bbox 2111 859 3686 931">
    <p class='ocr_par' dir='ltr' id='par_1_38' title="bbox 2111 859 3686 931">
     <span class='ocr_line' id='line_1_38' title="bbox 2111 859 3686 931; baseline -0.001 -18"><span class='ocrx_word' id='word_1_265' title='bbox 2111 859 2376 930; x_wconf 79' lang='grc' dir='ltr'><strong>προτέρου</strong></span> <span class='ocrx_word' id='word_1_266' title='bbox 2428 861 2520 913; x_wconf 82' lang='grc' dir='ltr'>τὸν</span> <span class='ocrx_word' id='word_1_267' title='bbox 2572 860 2811 930; x_wconf 86' lang='grc' dir='ltr'>παρόντα</span> <span class='ocrx_word' id='word_1_268' title='bbox 2859 859 3109 931; x_wconf 73' lang='grc' dir='ltr'>ἡγεῖσθαι</span> <span class='ocrx_word' id='word_1_269' title='bbox 3153 860 3217 914; x_wconf 73' lang='grc'><strong>⁸⁸.</strong></span> <span class='ocrx_word' id='word_1_270' title='bbox 3255 860 3395 922; x_wconf 76' lang='grc' dir='ltr'>Τοὺς</span> <span class='ocrx_word' id='word_1_271' title='bbox 3429 860 3528 929; x_wconf 77' lang='grc' dir='ltr'>μὲν</span> <span class='ocrx_word' id='word_1_272' title='bbox 3572 859 3686 930; x_wconf 82' lang='grc' dir='ltr'><strong>γάρ</strong></span> 
     </span>
    </p>
   </div>
   <div class='ocr_carea' id='block_1_39' title="bbox 2112 951 3685 1023">
    <p class='ocr_par' dir='ltr' id='par_1_39' title="bbox 2112 951 3685 1023">
     <span class='ocr_line' id='line_1_39' title="bbox 2112 951 3685 1023; baseline -0.002 -17"><span class='ocrx_word' id='word_1_273' title='bbox 2112 952 2263 1021; x_wconf 81' lang='grc' dir='ltr'>παρὰ</span> <span class='ocrx_word' id='word_1_274' title='bbox 2296 952 2531 1017; x_wconf 83' lang='grc' dir='ltr'>Σκύθαις</span> <span class='ocrx_word' id='word_1_275' title='bbox 2562 952 2699 1022; x_wconf 80' lang='grc' dir='ltr'>μετὰ</span> <span class='ocrx_word' id='word_1_276' title='bbox 2750 953 2845 1005; x_wconf 81' lang='grc' dir='ltr'>τὸν</span> <span class='ocrx_word' id='word_1_277' title='bbox 2878 952 3115 1023; x_wconf 88' lang='grc' dir='ltr'>πόλεμον</span> <span class='ocrx_word' id='word_1_278' title='bbox 3167 953 3226 1005; x_wconf 80' lang='grc' dir='ltr'>ὲν</span> <span class='ocrx_word' id='word_1_279' title='bbox 3279 951 3685 1022; x_wconf 79' lang='grc' dir='ltr'>ἀπραγμοσύνῃ</span> 
     </span>
    </p>
   </div>
   <div class='ocr_carea' id='block_1_40' title="bbox 2108 1042 3681 1114">
    <p class='ocr_par' dir='ltr' id='par_1_40' title="bbox 2108 1042 3681 1114">
     <span class='ocr_line' id='line_1_40' title="bbox 2108 1042 3681 1114; baseline -0.001 -17"><span class='ocrx_word' id='word_1_280' title='bbox 2108 1043 2390 1107; x_wconf 84' lang='grc' dir='ltr'>διατελεῖν,</span> <span class='ocrx_word' id='word_1_281' title='bbox 2416 1044 2647 1098; x_wconf 79' lang='grc' dir='ltr'><strong>ἑκάστου</strong></span> <span class='ocrx_word' id='word_1_282' title='bbox 2691 1043 2800 1097; x_wconf 84' lang='grc' dir='ltr'><strong>τῶν</strong></span> <span class='ocrx_word' id='word_1_283' title='bbox 2853 1043 3135 1114; x_wconf 84' lang='grc' dir='ltr'><strong>παρόντων</strong></span> <span class='ocrx_word' id='word_1_284' title='bbox 3183 1042 3559 1105; x_wconf 75' lang='grc' dir='ltr'>ἀπολαύοντας</span> <span class='ocrx_word' id='word_1_285' title='bbox 3588 1043 3681 1095; x_wconf 67' lang='grc' dir='ltr'>καὶ</span> 
     </span>
    </p>
   </div>
   <div class='ocr_carea' id='block_1_41' title="bbox 2109 1133 3684 1207">
    <p class='ocr_par' dir='ltr' id='par_1_41' title="bbox 2109 1133 3684 1207">
     <span class='ocr_line' id='line_1_41' title="bbox 2109 1133 3684 1207; baseline 0.001 -20"><span class='ocrx_word' id='word_1_286' title='bbox 2109 1135 2357 1205; x_wconf 78' lang='grc' dir='ltr'>οὐδαμῶς</span> <span class='ocrx_word' id='word_1_287' title='bbox 2384 1135 2417 1207; x_wconf 73' lang='grc' dir='ltr'>ἢ</span> <span class='ocrx_word' id='word_1_288' title='bbox 2446 1135 2605 1204; x_wconf 87' lang='grc' dir='ltr'>ὀλίγα</span> <span class='ocrx_word' id='word_1_289' title='bbox 2629 1135 3047 1206; x_wconf 69' lang='grc' dir='ltr'><strong>ἐνοχλουμένους</strong></span> <span class='ocrx_word' id='word_1_290' title='bbox 3076 1133 3143 1167; x_wconf 70' lang='grc' dir='ltr'><strong>’θ’</strong></span> <span class='ocrx_word' id='word_1_291' title='bbox 3174 1136 3298 1197; x_wconf 76' lang='grc' dir='ltr'>τοὺς</span> <span class='ocrx_word' id='word_1_292' title='bbox 3321 1135 3500 1205; x_wconf 86' lang='grc' dir='ltr'>μέντοι</span> <span class='ocrx_word' id='word_1_293' title='bbox 3529 1135 3684 1205; x_wconf 79' lang='grc' dir='ltr'><strong>παρὰ</strong></span> 
     </span>
    </p>
   </div>
   <div class='ocr_carea' id='block_1_42' title="bbox 2125 1226 3683 1301">
    <p class='ocr_par' dir='ltr' id='par_1_42' title="bbox 2125 1226 3683 1301">
     <span class='ocr_line' id='line_1_42' title="bbox 2125 1226 3683 1301; baseline 0.002 -22"><span class='ocrx_word' id='word_1_294' title='bbox 2125 1226 2418 1296; x_wconf 86' lang='grc' dir='ltr'>Ῥωμαίοις</span> <span class='ocrx_word' id='word_1_295' title='bbox 2449 1228 2508 1280; x_wconf 82' lang='grc' dir='ltr'>ὲν</span> <span class='ocrx_word' id='word_1_296' title='bbox 2545 1226 2643 1297; x_wconf 85' lang='grc' dir='ltr'>μὲν</span> <span class='ocrx_word' id='word_1_297' title='bbox 2681 1227 2903 1298; x_wconf 83' lang='grc' dir='ltr'>πολέμῳ</span> <span class='ocrx_word' id='word_1_298' title='bbox 2934 1228 3131 1301; x_wconf 80' lang='grc' dir='ltr'>ῥᾳδίως</span> <span class='ocrx_word' id='word_1_299' title='bbox 3157 1228 3564 1292; x_wconf 81' lang='grc' dir='ltr'>ἀναλίσκεσθαι,</span> <span class='ocrx_word' id='word_1_300' title='bbox 3598 1232 3683 1293; x_wconf 80' lang='grc' dir='ltr'>εἰς</span> 
     </span>
    </p>
   </div>
   <div class='ocr_carea' id='block_1_43' title="bbox 2110 1318 3680 1391">
    <p class='ocr_par' dir='ltr' id='par_1_43' title="bbox 2110 1318 3680 1391">
     <span class='ocr_line' id='line_1_43' title="bbox 2110 1318 3680 1391; baseline 0.003 -21"><span class='ocrx_word' id='word_1_301' title='bbox 2110 1318 2332 1389; x_wconf 80' lang='grc' dir='ltr'>ἐτέρους</span> <span class='ocrx_word' id='word_1_302' title='bbox 2355 1318 2454 1381; x_wconf 84' lang='grc' dir='ltr'><strong>τὰς</strong></span> <span class='ocrx_word' id='word_1_303' title='bbox 2485 1319 2584 1389; x_wconf 85' lang='grc' dir='ltr'>τῆς</span> <span class='ocrx_word' id='word_1_304' title='bbox 2614 1318 2890 1391; x_wconf 79' lang='grc' dir='ltr'>σωτηρίας</span> <span class='ocrx_word' id='word_1_305' title='bbox 2919 1319 3139 1383; x_wconf 78' lang='grc' dir='ltr'>ἐλπίδας</span> <span class='ocrx_word' id='word_1_306' title='bbox 3173 1319 3415 1389; x_wconf 79' lang='grc' dir='ltr'>ἔχοντας,</span> <span class='ocrx_word' id='word_1_307' title='bbox 3447 1320 3523 1384; x_wconf 82' lang='grc' dir='ltr'>ὥς</span> <span class='ocrx_word' id='word_1_308' title='bbox 3541 1321 3680 1374; x_wconf 78' lang='grc' dir='ltr'>πάν-</span> 
     </span>
    </p>
   </div>
   <div class='ocr_carea' id='block_1_44' title="bbox 2107 1411 3681 1485">
    <p class='ocr_par' dir='ltr' id='par_1_44' title="bbox 2107 1411 3681 1485">
     <span class='ocr_line' id='line_1_44' title="bbox 2107 1411 3681 1485; baseline -0.001 -20"><span class='ocrx_word' id='word_1_309' title='bbox 2107 1429 2216 1465; x_wconf 89' lang='grc' dir='ltr'><strong>των</strong></span> <span class='ocrx_word' id='word_1_310' title='bbox 2253 1413 2343 1465; x_wconf 82' lang='grc' dir='ltr'>διὰ</span> <span class='ocrx_word' id='word_1_311' title='bbox 2367 1412 2494 1475; x_wconf 77' lang='grc' dir='ltr'>τοὺς</span> <span class='ocrx_word' id='word_1_312' title='bbox 2544 1412 2840 1485; x_wconf 74' lang='grc' dir='ltr'>τυράννους</span> <span class='ocrx_word' id='word_1_313' title='bbox 2894 1411 2971 1483; x_wconf 79' lang='grc' dir='ltr'>μὴ</span> <span class='ocrx_word' id='word_1_314' title='bbox 3008 1412 3306 1484; x_wconf 86' lang='grc' dir='ltr'>χρωμένων</span> <span class='ocrx_word' id='word_1_315' title='bbox 3335 1413 3537 1474; x_wconf 82' lang='grc' dir='ltr'>ὅπλοις.</span> <span class='ocrx_word' id='word_1_316' title='bbox 3569 1412 3681 1466; x_wconf 78' lang='grc' dir='ltr'><strong>Καὶ</strong></span> 
     </span>
    </p>
   </div>
   <div class='ocr_carea' id='block_1_45' title="bbox 2106 1502 3681 1576">
    <p class='ocr_par' dir='ltr' id='par_1_45' title="bbox 2106 1502 3681 1576">
     <span class='ocr_line' id='line_1_45' title="bbox 2106 1502 3681 1576; baseline 0.002 -20"><span class='ocrx_word' id='word_1_317' title='bbox 2106 1502 2216 1557; x_wconf 87' lang='grc' dir='ltr'><strong>τῶν</strong></span> <span class='ocrx_word' id='word_1_318' title='bbox 2273 1503 2570 1575; x_wconf 81' lang='grc' dir='ltr'>χρωμένων</span> <span class='ocrx_word' id='word_1_319' title='bbox 2625 1503 2682 1556; x_wconf 79' lang='grc' dir='ltr'>δὲ</span> <span class='ocrx_word' id='word_1_320' title='bbox 2708 1504 3100 1575; x_wconf 83' lang='grc' dir='ltr'>σφαλερωτέρα</span> <span class='ocrx_word' id='word_1_321' title='bbox 3131 1505 3165 1574; x_wconf 79' lang='grc' dir='ltr'><strong>ἠ</strong></span> <span class='ocrx_word' id='word_1_322' title='bbox 3210 1505 3320 1560; x_wconf 90' lang='grc' dir='ltr'><strong>τῶν</strong></span> <span class='ocrx_word' id='word_1_323' title='bbox 3357 1504 3681 1576; x_wconf 80' lang='grc' dir='ltr'>στρατηγῶν</span> 
     </span>
    </p>
   </div>
   <div class='ocr_carea' id='block_1_46' title="bbox 2107 1594 3683 1669">
    <p class='ocr_par' dir='ltr' id='par_1_46' title="bbox 2107 1594 3683 1669">
     <span class='ocr_line' id='line_1_46' title="bbox 2107 1594 3683 1669; baseline 0.002 -21"><span class='ocrx_word' id='word_1_324' title='bbox 2107 1594 2297 1661; x_wconf 91' lang='grc' dir='ltr'>κακία,</span> <span class='ocrx_word' id='word_1_325' title='bbox 2332 1595 2409 1665; x_wconf 83' lang='grc' dir='ltr'>μὴ</span> <span class='ocrx_word' id='word_1_326' title='bbox 2444 1595 2825 1666; x_wconf 75' lang='grc' dir='ltr'>ὑφισταμένων</span> <span class='ocrx_word' id='word_1_327' title='bbox 2849 1595 2940 1649; x_wconf 79' lang='grc' dir='ltr'>τὸν</span> <span class='ocrx_word' id='word_1_328' title='bbox 2968 1594 3227 1664; x_wconf 88' lang='grc' dir='ltr'>πόλεμον.</span> <span class='ocrx_word' id='word_1_329' title='bbox 3271 1596 3361 1649; x_wconf 83' lang='grc' dir='ltr'><strong>Ἐν</strong></span> <span class='ocrx_word' id='word_1_330' title='bbox 3386 1596 3444 1650; x_wconf 83' lang='grc' dir='ltr'>δὲ</span> <span class='ocrx_word' id='word_1_331' title='bbox 3483 1598 3683 1669; x_wconf 74' lang='grc' dir='ltr'>εἰρήνῃ</span> 
     </span>
    </p>
   </div>
   <div class='ocr_carea' id='block_1_47' title="bbox 2106 1684 3679 1758">
    <p class='ocr_par' dir='ltr' id='par_1_47' title="bbox 2106 1684 3679 1758">
     <span class='ocr_line' id='line_1_47' title="bbox 2106 1684 3679 1758; baseline 0.001 -19"><span class='ocrx_word' id='word_1_332' title='bbox 2106 1685 2472 1758; x_wconf 89' lang='grc' dir='ltr'>όδυνηρότερα</span> <span class='ocrx_word' id='word_1_333' title='bbox 2519 1685 2786 1757; x_wconf 79' lang='grc' dir='ltr'>ὑπάρχειν</span> <span class='ocrx_word' id='word_1_334' title='bbox 2822 1684 2893 1739; x_wconf 82' lang='grc' dir='ltr'><strong>τὰ</strong></span> <span class='ocrx_word' id='word_1_335' title='bbox 2922 1684 3290 1757; x_wconf 87' lang='grc' dir='ltr'>συμϐαίνοντα</span> <span class='ocrx_word' id='word_1_336' title='bbox 3330 1686 3437 1738; x_wconf 91' lang='grc' dir='ltr'><strong>τῶν</strong></span> <span class='ocrx_word' id='word_1_337' title='bbox 3458 1688 3516 1740; x_wconf 79' lang='grc' dir='ltr'>ὲν</span> <span class='ocrx_word' id='word_1_338' title='bbox 3565 1690 3679 1749; x_wconf 85' lang='grc' dir='ltr'>τοῖς</span> 
     </span>
    </p>
   </div>
   <div class='ocr_carea' id='block_1_48' title="bbox 2105 1776 3680 1849">
    <p class='ocr_par' dir='ltr' id='par_1_48' title="bbox 2105 1776 3680 1849">
     <span class='ocr_line' id='line_1_48' title="bbox 2105 1776 3680 1849; baseline -0.001 -18"><span class='ocrx_word' id='word_1_339' title='bbox 2105 1778 2364 1847; x_wconf 81' lang='grc' dir='ltr'>πολέμοις</span> <span class='ocrx_word' id='word_1_340' title='bbox 2391 1776 2578 1831; x_wconf 82' lang='grc' dir='ltr'>κακῶν</span> <span class='ocrx_word' id='word_1_341' title='bbox 2595 1776 2681 1830; x_wconf 89' lang='grc' dir='ltr'><strong>διά</strong></span> <span class='ocrx_word' id='word_1_342' title='bbox 2704 1793 2765 1830; x_wconf 87' lang='grc' dir='ltr'><strong>τε</strong></span> <span class='ocrx_word' id='word_1_343' title='bbox 2787 1776 2887 1847; x_wconf 83' lang='grc' dir='ltr'>τὴν</span> <span class='ocrx_word' id='word_1_344' title='bbox 2915 1776 3228 1848; x_wconf 83' lang='grc' dir='ltr'><strong>βαρυτάτην</strong></span> <span class='ocrx_word' id='word_1_345' title='bbox 3251 1776 3538 1849; x_wconf 70' lang='grc' dir='ltr'>εἴσπραξιν</span> <span class='ocrx_word' id='word_1_346' title='bbox 3566 1777 3680 1831; x_wconf 89' lang='grc' dir='ltr'><strong>τῶν</strong></span> 
     </span>
    </p>
   </div>
   <div class='ocr_carea' id='block_1_49' title="bbox 2103 1862 3680 1936">
    <p class='ocr_par' dir='ltr' id='par_1_49' title="bbox 2103 1862 3680 1936">
     <span class='ocr_line' id='line_1_49' title="bbox 2103 1862 3680 1936; baseline -0.001 -17"><span class='ocrx_word' id='word_1_347' title='bbox 2103 1864 2328 1934; x_wconf 88' lang='grc' dir='ltr'>δασμῶν</span> <span class='ocrx_word' id='word_1_348' title='bbox 2356 1865 2449 1917; x_wconf 73' lang='grc' dir='ltr'><strong>καὶ</strong></span> <span class='ocrx_word' id='word_1_349' title='bbox 2482 1864 2580 1927; x_wconf 82' lang='grc' dir='ltr'><strong>τὰς</strong></span> <span class='ocrx_word' id='word_1_350' title='bbox 2602 1865 2666 1918; x_wconf 73' lang='grc' dir='ltr'>ὲκ</span> <span class='ocrx_word' id='word_1_351' title='bbox 2693 1864 2801 1919; x_wconf 87' lang='grc' dir='ltr'><strong>τῶν</strong></span> <span class='ocrx_word' id='word_1_352' title='bbox 2825 1864 3083 1936; x_wconf 85' lang='grc' dir='ltr'>πονηρῶν</span> <span class='ocrx_word' id='word_1_353' title='bbox 3117 1862 3341 1936; x_wconf 85' lang='grc' dir='ltr'>βλάϐας,</span> <span class='ocrx_word' id='word_1_354' title='bbox 3368 1865 3476 1918; x_wconf 90' lang='grc' dir='ltr'><strong>τῶν</strong></span> <span class='ocrx_word' id='word_1_355' title='bbox 3496 1866 3680 1935; x_wconf 81' lang='grc' dir='ltr'>νόμων</span> 
     </span>
    </p>
   </div>
   <div class='ocr_carea' id='block_1_50' title="bbox 2100 1956 3681 2029">
    <p class='ocr_par' dir='ltr' id='par_1_50' title="bbox 2100 1956 3681 2029">
     <span class='ocr_line' id='line_1_50' title="bbox 2100 1956 3681 2029; baseline -0.001 -18"><span class='ocrx_word' id='word_1_356' title='bbox 2100 1958 2163 2011; x_wconf 80' lang='grc' dir='ltr'>οὐ</span> <span class='ocrx_word' id='word_1_357' title='bbox 2184 1957 2326 2011; x_wconf 83' lang='grc' dir='ltr'>κατὰ</span> <span class='ocrx_word' id='word_1_358' title='bbox 2347 1957 2563 2029; x_wconf 76' lang='grc' dir='ltr'>πάντων</span> <span class='ocrx_word' id='word_1_359' title='bbox 2590 1957 2878 2029; x_wconf 77' lang='grc' dir='ltr'>κειμένων,</span> <span class='ocrx_word' id='word_1_360' title='bbox 2927 1956 3056 2010; x_wconf 78' lang='grc' dir='ltr'>ἀλλ’</span> <span class='ocrx_word' id='word_1_361' title='bbox 3082 1958 3129 2010; x_wconf 83' lang='grc' dir='ltr'><strong>εί</strong></span> <span class='ocrx_word' id='word_1_362' title='bbox 3155 1956 3252 2027; x_wconf 79' lang='grc' dir='ltr'>μὲν</span> <span class='ocrx_word' id='word_1_363' title='bbox 3273 1959 3301 2011; x_wconf 87' lang='grc' dir='ltr'><strong>ό</strong></span> <span class='ocrx_word' id='word_1_364' title='bbox 3325 1957 3681 2028; x_wconf 84' lang='grc' dir='ltr'>παραϐαίνων</span> 
     </span>
    </p>
   </div>
   <div class='ocr_carea' id='block_1_51' title="bbox 2099 2026 3679 2122">
    <p class='ocr_par' dir='ltr' id='par_1_51' title="bbox 2099 2026 3679 2122">
     <span class='ocr_line' id='line_1_51' title="bbox 2099 2026 3679 2122; baseline 0 -18"><span class='ocrx_word' id='word_1_365' title='bbox 2099 2050 2194 2104; x_wconf 77' lang='grc' dir='ltr'>τὸν</span> <span class='ocrx_word' id='word_1_366' title='bbox 2216 2049 2414 2121; x_wconf 73' lang='grc' dir='ltr'>θεσμὸν</span> <span class='ocrx_word' id='word_1_367' title='bbox 2441 2026 2552 2105; x_wconf 79' lang='grc' dir='ltr'><strong>τῶν</strong></span> <span class='ocrx_word' id='word_1_368' title='bbox 2577 2026 2956 2104; x_wconf 78' lang='grc' dir='ltr'>πλουτούντων</span> <span class='ocrx_word' id='word_1_369' title='bbox 2979 2049 3086 2121; x_wconf 75' lang='grc' dir='ltr'>εἴη,</span> <span class='ocrx_word' id='word_1_370' title='bbox 3119 2026 3232 2104; x_wconf 82' lang='grc' dir='ltr'>ἔστι</span> <span class='ocrx_word' id='word_1_371' title='bbox 3261 2049 3305 2082; x_wconf 83' lang='grc'><strong>³¹</strong></span> <span class='ocrx_word' id='word_1_372' title='bbox 3331 2026 3431 2122; x_wconf 83' lang='grc' dir='ltr'><strong>τῆς</strong></span> <span class='ocrx_word' id='word_1_373' title='bbox 3460 2050 3679 2116; x_wconf 76' lang='grc' dir='ltr'>ἀδικίας</span> 
     </span>
    </p>
   </div>
   <div class='ocr_carea' id='block_1_52' title="bbox 2102 2139 3680 2213">
    <p class='ocr_par' dir='ltr' id='par_1_52' title="bbox 2102 2139 3680 2213">
     <span class='ocr_line' id='line_1_52' title="bbox 2102 2139 3680 2213; baseline -0.001 -17"><span class='ocrx_word' id='word_1_374' title='bbox 2102 2142 2264 2197; x_wconf 71' lang='grc' dir='ltr'>αὑτὸν</span> <span class='ocrx_word' id='word_1_375' title='bbox 2293 2141 2369 2213; x_wconf 82' lang='grc' dir='ltr'>μὴ</span> <span class='ocrx_word' id='word_1_376' title='bbox 2397 2140 2596 2195; x_wconf 86' lang='grc' dir='ltr'>διδόναι</span> <span class='ocrx_word' id='word_1_377' title='bbox 2649 2140 2802 2204; x_wconf 90' lang='grc' dir='ltr'>δίκας</span> <span class='ocrx_word' id='word_1_378' title='bbox 2833 2156 2851 2172; x_wconf 65' lang='grc' dir='ltr'><strong>θ</strong></span> <span class='ocrx_word' id='word_1_379' title='bbox 2883 2140 2933 2193; x_wconf 84' lang='grc' dir='ltr'><strong>εί</strong></span> <span class='ocrx_word' id='word_1_380' title='bbox 2962 2139 3021 2193; x_wconf 76' lang='grc' dir='ltr'>δὲ</span> <span class='ocrx_word' id='word_1_381' title='bbox 3077 2139 3245 2210; x_wconf 83' lang='grc' dir='ltr'>πένης</span> <span class='ocrx_word' id='word_1_382' title='bbox 3289 2140 3398 2209; x_wconf 88' lang='grc' dir='ltr'>εῖη,</span> <span class='ocrx_word' id='word_1_383' title='bbox 3428 2141 3529 2194; x_wconf 75' lang='grc' dir='ltr'><strong>οὐκ</strong></span> <span class='ocrx_word' id='word_1_384' title='bbox 3558 2144 3680 2194; x_wconf 74' lang='grc' dir='ltr'>ἑπι-</span> 
     </span>
    </p>
   </div>
   <div class='ocr_carea' id='block_1_53' title="bbox 2103 2229 3679 2306">
    <p class='ocr_par' dir='ltr' id='par_1_53' title="bbox 2103 2229 3679 2306">
     <span class='ocr_line' id='line_1_53' title="bbox 2103 2229 3679 2306; baseline -0.003 -17"><span class='ocrx_word' id='word_1_385' title='bbox 2103 2234 2372 2306; x_wconf 86' lang='grc' dir='ltr'>στάμενος</span> <span class='ocrx_word' id='word_1_386' title='bbox 2401 2232 2634 2305; x_wconf 85' lang='grc' dir='ltr'>χρῆσθαι</span> <span class='ocrx_word' id='word_1_387' title='bbox 2683 2233 3025 2305; x_wconf 85' lang='grc' dir='ltr'>πράγμασιν,</span> <span class='ocrx_word' id='word_1_388' title='bbox 3080 2231 3339 2301; x_wconf 83' lang='grc' dir='ltr'>ὑπομένει</span> <span class='ocrx_word' id='word_1_389' title='bbox 3363 2232 3407 2265; x_wconf 75' lang='lat'><strong><em>”</em></strong></span> <span class='ocrx_word' id='word_1_390' title='bbox 3439 2229 3539 2303; x_wconf 73' lang='grc' dir='ltr'><strong>τὴν</strong></span> <span class='ocrx_word' id='word_1_391' title='bbox 3569 2232 3679 2285; x_wconf 70' lang='grc' dir='ltr'><strong>ἀπὸ</strong></span> 
     </span>
    </p>
   </div>
   <div class='ocr_carea' id='block_1_54' title="bbox 2101 2323 3675 2397">
    <p class='ocr_par' dir='ltr' id='par_1_54' title="bbox 2101 2323 3675 2397">
     <span class='ocr_line' id='line_1_54' title="bbox 2101 2323 3675 2397; baseline -0.003 -17"><span class='ocrx_word' id='word_1_392' title='bbox 2101 2326 2197 2380; x_wconf 87' lang='grc' dir='ltr'><strong>τοῦ</strong></span> <span class='ocrx_word' id='word_1_393' title='bbox 2226 2327 2393 2397; x_wconf 86' lang='grc' dir='ltr'>νόμου</span> <span class='ocrx_word' id='word_1_394' title='bbox 2443 2324 2668 2396; x_wconf 83' lang='grc' dir='ltr'>ζημίαν,</span> <span class='ocrx_word' id='word_1_395' title='bbox 2709 2326 2866 2395; x_wconf 79' lang='grc' dir='ltr'>εἴπερ</span> <span class='ocrx_word' id='word_1_396' title='bbox 2900 2323 2974 2395; x_wconf 85' lang='grc' dir='ltr'>μὴ</span> <span class='ocrx_word' id='word_1_397' title='bbox 3005 2324 3112 2395; x_wconf 79' lang='grc' dir='ltr'>πρὸ</span> <span class='ocrx_word' id='word_1_398' title='bbox 3140 2324 3239 2394; x_wconf 81' lang='grc' dir='ltr'>τῆς</span> <span class='ocrx_word' id='word_1_399' title='bbox 3277 2324 3508 2395; x_wconf 82' lang='grc' dir='ltr'>κρίσεως</span> <span class='ocrx_word' id='word_1_400' title='bbox 3540 2325 3675 2377; x_wconf 81' lang='grc' dir='ltr'>ἁπο-</span> 
     </span>
    </p>
   </div>
   <div class='ocr_carea' id='block_1_55' title="bbox 2101 2412 3675 2487">
    <p class='ocr_par' dir='ltr' id='par_1_55' title="bbox 2101 2412 3675 2487">
     <span class='ocr_line' id='line_1_55' title="bbox 2101 2412 3675 2487; baseline -0.005 -16"><span class='ocrx_word' id='word_1_401' title='bbox 2101 2415 2275 2471; x_wconf 82' lang='grc' dir='ltr'>λείποι</span> <span class='ocrx_word' id='word_1_402' title='bbox 2299 2415 2390 2471; x_wconf 70' lang='grc' dir='ltr'><strong>τὸν</strong></span> <span class='ocrx_word' id='word_1_403' title='bbox 2422 2413 2554 2487; x_wconf 81' lang='grc' dir='ltr'>βίον,</span> <span class='ocrx_word' id='word_1_404' title='bbox 2589 2412 2799 2486; x_wconf 77' lang='grc' dir='ltr'>μακροῦ</span> <span class='ocrx_word' id='word_1_405' title='bbox 2826 2413 2871 2447; x_wconf 84' lang='grc'><em>³³</em></span> <span class='ocrx_word' id='word_1_406' title='bbox 2892 2414 2985 2467; x_wconf 72' lang='grc' dir='ltr'><strong>ἐπὶ</strong></span> <span class='ocrx_word' id='word_1_407' title='bbox 3008 2414 3127 2476; x_wconf 79' lang='grc' dir='ltr'>ταῖς</span> <span class='ocrx_word' id='word_1_408' title='bbox 3153 2413 3330 2477; x_wconf 83' lang='grc' dir='ltr'>δίκαις</span> <span class='ocrx_word' id='word_1_409' title='bbox 3356 2426 3675 2484; x_wconf 71' lang='grc' dir='ltr'>παρατεινοο</span> 
     </span>
    </p>
   </div>
   <div class='ocr_carea' id='block_1_56' title="bbox 2107 2504 3675 2581">
    <p class='ocr_par' dir='ltr' id='par_1_56' title="bbox 2107 2504 3675 2581">
     <span class='ocr_line' id='line_1_56' title="bbox 2107 2504 3675 2581; baseline -0.004 -18"><span class='ocrx_word' id='word_1_410' title='bbox 2107 2509 2268 2581; x_wconf 87' lang='grc' dir='ltr'>μένου</span> <span class='ocrx_word' id='word_1_411' title='bbox 2292 2509 2485 2579; x_wconf 78' lang='grc' dir='ltr'>χρόνου</span> <span class='ocrx_word' id='word_1_412' title='bbox 2515 2506 2610 2560; x_wconf 80' lang='grc' dir='ltr'>καὶ</span> <span class='ocrx_word' id='word_1_413' title='bbox 2652 2506 2924 2559; x_wconf 86' lang='grc' dir='ltr'>πλείστων</span> <span class='ocrx_word' id='word_1_414' title='bbox 2961 2504 3428 2575; x_wconf 74' lang='grc' dir='ltr'>ἑκδαπανωμένων</span> <span class='ocrx_word' id='word_1_415' title='bbox 3456 2504 3675 2575; x_wconf 83' lang='grc' dir='ltr'>χρημά-</span> 
     </span>
    </p>
   </div>
   <div class='ocr_carea' id='block_1_57' title="bbox 2102 2592 3674 2668">
    <p class='ocr_par' dir='ltr' id='par_1_57' title="bbox 2102 2592 3674 2668">
     <span class='ocr_line' id='line_1_57' title="bbox 2102 2592 3674 2668; baseline -0.004 -16"><span class='ocrx_word' id='word_1_416' title='bbox 2102 2615 2230 2653; x_wconf 79' lang='grc' dir='ltr'>των.</span> <span class='ocrx_word' id='word_1_417' title='bbox 2273 2598 2451 2668; x_wconf 86' lang='grc' dir='ltr'>Ὅπερ</span> <span class='ocrx_word' id='word_1_418' title='bbox 2506 2596 2615 2649; x_wconf 89' lang='grc' dir='ltr'><strong>τῶν</strong></span> <span class='ocrx_word' id='word_1_419' title='bbox 2645 2595 2863 2650; x_wconf 88' lang='grc' dir='ltr'>πάντων</span> <span class='ocrx_word' id='word_1_420' title='bbox 2921 2594 3294 2666; x_wconf 86' lang='grc' dir='ltr'>ἀνιαρώτατον</span> <span class='ocrx_word' id='word_1_421' title='bbox 3322 2592 3368 2626; x_wconf 73' lang='grc'><strong>⁸⁸</strong></span> <span class='ocrx_word' id='word_1_422' title='bbox 3418 2592 3525 2661; x_wconf 75' lang='grc' dir='ltr'>εἴη,</span> <span class='ocrx_word' id='word_1_423' title='bbox 3578 2593 3674 2646; x_wconf 69' lang='grc' dir='ltr'><strong>ἐπὶ</strong></span> 
     </span>
    </p>
   </div>
   <div class='ocr_carea' id='block_1_58' title="bbox 2110 2682 3675 2761">
    <p class='ocr_par' dir='ltr' id='par_1_58' title="bbox 2110 2682 3675 2761">
     <span class='ocr_line' id='line_1_58' title="bbox 2110 2682 3675 2761; baseline -0.006 -17"><span class='ocrx_word' id='word_1_424' title='bbox 2110 2689 2288 2761; x_wconf 82' lang='grc' dir='ltr'>μισθῷ</span> <span class='ocrx_word' id='word_1_425' title='bbox 2314 2689 2424 2743; x_wconf 86' lang='grc' dir='ltr'><strong>τῶν</strong></span> <span class='ocrx_word' id='word_1_426' title='bbox 2456 2687 2565 2742; x_wconf 79' lang='grc' dir='ltr'><strong>ἀπὸ</strong></span> <span class='ocrx_word' id='word_1_427' title='bbox 2589 2686 2685 2741; x_wconf 86' lang='grc' dir='ltr'><strong>τοῦ</strong></span> <span class='ocrx_word' id='word_1_428' title='bbox 2711 2686 2878 2758; x_wconf 91' lang='grc' dir='ltr'>νόμου</span> <span class='ocrx_word' id='word_1_429' title='bbox 2911 2685 3220 2758; x_wconf 78' lang='grc' dir='ltr'>τυγχάνειν.</span> <span class='ocrx_word' id='word_1_430' title='bbox 3270 2684 3405 2738; x_wconf 77' lang='grc' dir='ltr'>Οὐδὲ</span> <span class='ocrx_word' id='word_1_431' title='bbox 3462 2683 3570 2752; x_wconf 83' lang='grc' dir='ltr'>γὰρ</span> <span class='ocrx_word' id='word_1_432' title='bbox 3595 2682 3675 2753; x_wconf 81' lang='grc' dir='ltr'><strong>τῷ</strong></span> 
     </span>
    </p>
   </div>
   <div class='ocr_carea' id='block_1_59' title="bbox 2104 2776 3674 2852">
    <p class='ocr_par' dir='ltr' id='par_1_59' title="bbox 2104 2776 3674 2852">
     <span class='ocr_line' id='line_1_59' title="bbox 2104 2776 3674 2852; baseline -0.006 -16"><span class='ocrx_word' id='word_1_433' title='bbox 2104 2781 2442 2852; x_wconf 79' lang='grc' dir='ltr'>ἀδικουμένῳ</span> <span class='ocrx_word' id='word_1_434' title='bbox 2486 2797 2568 2844; x_wconf 86' lang='grc' dir='ltr'><strong>τις</strong></span> <span class='ocrx_word' id='word_1_435' title='bbox 2598 2780 2644 2813; x_wconf 81' lang='grc'><strong>³⁸</strong></span> <span class='ocrx_word' id='word_1_436' title='bbox 2675 2779 3022 2850; x_wconf 85' lang='grc' dir='ltr'>δικαστήριον</span> <span class='ocrx_word' id='word_1_437' title='bbox 3071 2777 3401 2847; x_wconf 81' lang='grc' dir='ltr'>παραδώσει,</span> <span class='ocrx_word' id='word_1_438' title='bbox 3430 2776 3478 2828; x_wconf 82' lang='grc' dir='ltr'><strong>εί</strong></span> <span class='ocrx_word' id='word_1_439' title='bbox 3510 2776 3583 2845; x_wconf 79' lang='grc' dir='ltr'>μή</span> <span class='ocrx_word' id='word_1_440' title='bbox 3620 2790 3674 2827; x_wconf 90' lang='grc' dir='ltr'><strong>τι</strong></span> 
     </span>
    </p>
   </div>
   <div class='ocr_carea' id='block_1_60' title="bbox 2107 2864 3677 2944">
    <p class='ocr_par' dir='ltr' id='par_1_60' title="bbox 2107 2864 3677 2944">
     <span class='ocr_line' id='line_1_60' title="bbox 2107 2864 3677 2944; baseline -0.008 -16"><span class='ocrx_word' id='word_1_441' title='bbox 2107 2872 2370 2944; x_wconf 87' lang='grc' dir='ltr'>ἀργύριον</span> <span class='ocrx_word' id='word_1_442' title='bbox 2399 2871 2478 2940; x_wconf 80' lang='grc' dir='ltr'>τῷ</span> <span class='ocrx_word' id='word_1_443' title='bbox 2505 2888 2566 2924; x_wconf 87' lang='grc' dir='ltr'><strong>τε</strong></span> <span class='ocrx_word' id='word_1_444' title='bbox 2617 2870 2663 2902; x_wconf 79' lang='grc'><strong>³⁸</strong></span> <span class='ocrx_word' id='word_1_445' title='bbox 2711 2869 2938 2939; x_wconf 75' lang='grc' dir='ltr'>δικαστῇ</span> <span class='ocrx_word' id='word_1_446' title='bbox 2983 2868 3079 2923; x_wconf 78' lang='grc' dir='ltr'>καὶ</span> <span class='ocrx_word' id='word_1_447' title='bbox 3113 2869 3223 2930; x_wconf 84' lang='grc' dir='ltr'>τοῖς</span> <span class='ocrx_word' id='word_1_448' title='bbox 3255 2868 3450 2935; x_wconf 73' lang='grc' dir='ltr'>ἐκείνῳ</span> <span class='ocrx_word' id='word_1_449' title='bbox 3492 2864 3677 2918; x_wconf 84' lang='grc' dir='ltr'>διακο-</span> 
     </span>
    </p>
   </div>
   <div class='ocr_carea' id='block_1_61' title="bbox 2108 2957 3677 3036">
    <p class='ocr_par' dir='ltr' id='par_1_61' title="bbox 2108 2957 3677 3036">
     <span class='ocr_line' id='line_1_61' title="bbox 2108 2957 3677 3036; baseline -0.007 -17"><span class='ocrx_word' id='word_1_450' title='bbox 2108 2983 2199 3019; x_wconf 88' lang='grc' dir='ltr'><strong>νου</strong></span> <span class='ocrx_word' id='word_1_451' title='bbox 2208 2964 2388 3036; x_wconf 85' lang='grc' dir='ltr'>μένοις</span> <span class='ocrx_word' id='word_1_452' title='bbox 2411 2962 2721 3016; x_wconf 85' lang='grc' dir='ltr'>κατάθοιτο.</span> <span class='ocrx_word' id='word_1_453' title='bbox 2740 2958 2977 3014; x_wconf 80' lang='grc' dir='ltr'>Τοιαῦτα</span> <span class='ocrx_word' id='word_1_454' title='bbox 3000 2960 3093 3013; x_wconf 78' lang='grc' dir='ltr'><strong>καὶ</strong></span> <span class='ocrx_word' id='word_1_455' title='bbox 3115 2958 3341 3013; x_wconf 83' lang='grc' dir='ltr'>πλεῖστα</span> <span class='ocrx_word' id='word_1_456' title='bbox 3356 2957 3517 3028; x_wconf 76' lang='grc' dir='ltr'>ἕτερα</span> <span class='ocrx_word' id='word_1_457' title='bbox 3544 2973 3677 3023; x_wconf 85' lang='grc' dir='ltr'>προ-</span> 
     </span>
    </p>
   </div>
   <div class='ocr_carea' id='block_1_62' title="bbox 430 3043 2004 3125">
    <p class='ocr_par' dir='ltr' id='par_1_62' title="bbox 430 3043 2003 3125">
     <span class='ocr_line' id='line_1_62' title="bbox 430 3043 2003 3125; baseline 0.01 -28"><span class='ocrx_word' id='word_1_458' title='bbox 430 3045 574 3113; x_wconf 83' lang='lat' dir='ltr'><strong>juria</strong></span> <span class='ocrx_word' id='word_1_459' title='bbox 604 3043 796 3101; x_wconf 80' lang='lat' dir='ltr'><strong>ati‘ecto</strong></span> <span class='ocrx_word' id='word_1_460' title='bbox 820 3047 1103 3119; x_wconf 87' lang='lat' dir='ltr'><strong>quisquam</strong></span> <span class='ocrx_word' id='word_1_461' title='bbox 1132 3048 1234 3106; x_wconf 89' lang='lat' dir='ltr'><strong>fori</strong></span> <span class='ocrx_word' id='word_1_462' title='bbox 1256 3050 1528 3119; x_wconf 70' lang='lat' dir='ltr'><strong>iudicialis</strong></span> <span class='ocrx_word' id='word_1_463' title='bbox 1562 3066 1889 3125; x_wconf 88' lang='lat' dir='ltr'><strong>potestatem</strong></span> <span class='ocrx_word' id='word_1_464' title='bbox 1922 3058 2003 3113; x_wconf 81' lang='lat' dir='ltr'><strong>fa-</strong></span> 
     </span>
    </p>
   </div>
   <div class='ocr_carea' id='block_1_63' title="bbox 2107 3043 3676 3125">
    <p class='ocr_par' dir='ltr' id='par_1_63' title="bbox 2107 3046 3676 3121">
     <span class='ocr_line' id='line_1_63' title="bbox 2107 3046 3676 3121; baseline -0.006 -13"><span class='ocrx_word' id='word_1_465' title='bbox 2107 3054 2371 3118; x_wconf 84' lang='grc' dir='ltr'>τιθέντος,</span> <span class='ocrx_word' id='word_1_466' title='bbox 2402 3050 2689 3107; x_wconf 85' lang='grc' dir='ltr'>ὑπολαϐὼν</span> <span class='ocrx_word' id='word_1_467' title='bbox 2724 3048 2961 3119; x_wconf 75' lang='grc' dir='ltr'>ἔφασκον</span> <span class='ocrx_word' id='word_1_468' title='bbox 2995 3048 3183 3121; x_wconf 85' lang='grc' dir='ltr'>πράως</span> <span class='ocrx_word' id='word_1_469' title='bbox 3213 3048 3374 3103; x_wconf 71' lang='grc' dir='ltr'>αὐτὸν</span> <span class='ocrx_word' id='word_1_470' title='bbox 3403 3048 3497 3101; x_wconf 73' lang='grc' dir='ltr'>καὶ</span> <span class='ocrx_word' id='word_1_471' title='bbox 3521 3048 3588 3099; x_wconf 73' lang='grc' dir='ltr'>τὰ</span> <span class='ocrx_word' id='word_1_472' title='bbox 3618 3046 3676 3110; x_wconf 69' lang='grc' dir='ltr'><strong>ἐξ</strong></span> 
     </span>
    </p>
   </div>
   <div class='ocr_carea' id='block_1_64' title="bbox 439 3139 2000 3218">
    <p class='ocr_par' dir='ltr' id='par_1_64' title="bbox 439 3139 2000 3218">
     <span class='ocr_line' id='line_1_64' title="bbox 439 3139 2000 3218; baseline 0.01 -26"><span class='ocrx_word' id='word_1_473' title='bbox 439 3139 566 3206; x_wconf 90' lang='lat' dir='ltr'><strong>ciet,</strong></span> <span class='ocrx_word' id='word_1_474' title='bbox 600 3140 910 3209; x_wconf 85' lang='lat' dir='ltr'><strong>priusquam</strong></span> <span class='ocrx_word' id='word_1_475' title='bbox 939 3146 1223 3212; x_wconf 88' lang='lat' dir='ltr'><strong>pecuniam</strong></span> <span class='ocrx_word' id='word_1_476' title='bbox 1259 3143 1459 3215; x_wconf 88' lang='lat' dir='ltr'><strong>judicis</strong></span> <span class='ocrx_word' id='word_1_477' title='bbox 1484 3156 1539 3202; x_wconf 89' lang='lat' dir='ltr'><strong>et</strong></span> <span class='ocrx_word' id='word_1_478' title='bbox 1578 3149 1694 3218; x_wconf 90' lang='lat' dir='ltr'><strong>ejus</strong></span> <span class='ocrx_word' id='word_1_479' title='bbox 1726 3150 2000 3207; x_wconf 85' lang='lat' dir='ltr'><strong>ministro-</strong></span> 
     </span>
    </p>
   </div>
   <div class='ocr_carea' id='block_1_65' title="bbox 437 3234 2006 3313">
    <p class='ocr_par' dir='ltr' id='par_1_65' title="bbox 437 3234 2006 3313">
     <span class='ocr_line' id='line_1_65' title="bbox 437 3234 2006 3313; baseline 0.01 -30"><span class='ocrx_word' id='word_1_480' title='bbox 437 3244 557 3285; x_wconf 90' lang='lat' dir='ltr'><strong>rum</strong></span> <span class='ocrx_word' id='word_1_481' title='bbox 619 3234 904 3288; x_wconf 90' lang='lat' dir='ltr'><strong>commodo</strong></span> <span class='ocrx_word' id='word_1_482' title='bbox 955 3249 1234 3292; x_wconf 87' lang='lat' dir='ltr'><strong>cessuram</strong></span> <span class='ocrx_word' id='word_1_483' title='bbox 1299 3237 1550 3308; x_wconf 90' lang='lat' dir='ltr'><strong>deponat.</strong></span> <span class='ocrx_word' id='word_1_484' title='bbox 1594 3260 1613 3292; x_wconf 77' lang='grc' dir='ltr'><strong>ι</strong></span> <span class='ocrx_word' id='word_1_485' title='bbox 1675 3239 1799 3298; x_wconf 80' lang='lat' dir='ltr'><strong>Haec</strong></span> <span class='ocrx_word' id='word_1_486' title='bbox 1844 3252 2006 3313; x_wconf 90' lang='lat' dir='ltr'><strong>atque</strong></span> 
     </span>
    </p>
   </div>
   <div class='ocr_carea' id='block_1_66' title="bbox 437 3322 2005 3403">
    <p class='ocr_par' dir='ltr' id='par_1_66' title="bbox 437 3322 2005 3403">
     <span class='ocr_line' id='line_1_66' title="bbox 437 3322 2005 3403; baseline 0.006 -26"><span class='ocrx_word' id='word_1_487' title='bbox 437 3322 745 3392; x_wconf 84' lang='lat' dir='ltr'><strong>hujustnodi</strong></span> <span class='ocrx_word' id='word_1_488' title='bbox 808 3328 973 3380; x_wconf 90' lang='lat' dir='ltr'><strong>multa</strong></span> <span class='ocrx_word' id='word_1_489' title='bbox 1032 3342 1152 3383; x_wconf 93' lang='lat' dir='ltr'><strong>cum</strong></span> <span class='ocrx_word' id='word_1_490' title='bbox 1202 3330 1255 3383; x_wconf 90' lang='lat' dir='ltr'><strong>iu</strong></span> <span class='ocrx_word' id='word_1_491' title='bbox 1311 3331 1542 3384; x_wconf 89' lang='lat' dir='ltr'><strong>medium</strong></span> <span class='ocrx_word' id='word_1_492' title='bbox 1584 3332 1867 3400; x_wconf 88' lang='lat' dir='ltr'><strong>proferret,</strong></span> <span class='ocrx_word' id='word_1_493' title='bbox 1907 3348 2005 3403; x_wconf 93' lang='lat' dir='ltr'><strong>ego</strong></span> 
     </span>
    </p>
   </div>
   <div class='ocr_carea' id='block_1_67' title="bbox 437 3419 2006 3491">
    <p class='ocr_par' dir='ltr' id='par_1_67' title="bbox 437 3419 2006 3491">
     <span class='ocr_line' id='line_1_67' title="bbox 437 3419 2006 3491; baseline 0.006 -22"><span class='ocrx_word' id='word_1_494' title='bbox 437 3425 714 3485; x_wconf 88' lang='lat' dir='ltr'><strong>precatus,</strong></span> <span class='ocrx_word' id='word_1_495' title='bbox 764 3426 822 3471; x_wconf 88' lang='lat' dir='ltr'><strong>ut</strong></span> <span class='ocrx_word' id='word_1_496' title='bbox 864 3419 1005 3485; x_wconf 85' lang='lat' dir='ltr'><strong>quod</strong></span> <span class='ocrx_word' id='word_1_497' title='bbox 1030 3419 1321 3488; x_wconf 66' lang='lat' dir='ltr'><strong>,&#39;sentirem,</strong></span> <span class='ocrx_word' id='word_1_498' title='bbox 1365 3423 1633 3487; x_wconf 88' lang='lat' dir='ltr'><strong>patienter</strong></span> <span class='ocrx_word' id='word_1_499' title='bbox 1677 3433 1732 3476; x_wconf 91' lang='lat' dir='ltr'><strong>et</strong></span> <span class='ocrx_word' id='word_1_500' title='bbox 1775 3424 2006 3491; x_wconf 86' lang='lat' dir='ltr'><strong>benigne</strong></span> 
     </span>
    </p>
   </div>
   <div class='ocr_carea' id='block_1_68' title="bbox 437 3507 2004 3581">
    <p class='ocr_par' dir='ltr' id='par_1_68' title="bbox 437 3507 2004 3581">
     <span class='ocr_line' id='line_1_68' title="bbox 437 3507 2004 3581; baseline 0.004 -20"><span class='ocrx_word' id='word_1_501' title='bbox 437 3507 687 3572; x_wconf 86' lang='lat' dir='ltr'><strong>audiret,</strong></span> <span class='ocrx_word' id='word_1_502' title='bbox 735 3508 1013 3576; x_wconf 81' lang='lat' dir='ltr'><strong>respondi,</strong></span> <span class='ocrx_word' id='word_1_503' title='bbox 1063 3509 1371 3576; x_wconf 70' lang='lat' dir='ltr'><strong>reipublicae</strong></span> <span class='ocrx_word' id='word_1_504' title='bbox 1415 3510 1670 3564; x_wconf 65' lang='lat' dir='ltr'><strong>Romanae</strong></span> <span class='ocrx_word' id='word_1_505' title='bbox 1734 3523 2004 3581; x_wconf 88' lang='lat' dir='ltr'><strong>auctores,</strong></span> 
     </span>
    </p>
   </div>
   <div class='ocr_carea' id='block_1_69' title="bbox 437 3598 2009 3671">
    <p class='ocr_par' dir='ltr' id='par_1_69' title="bbox 437 3598 2009 3671">
     <span class='ocr_line' id='line_1_69' title="bbox 437 3598 2009 3671; baseline 0.004 -19"><span class='ocrx_word' id='word_1_506' title='bbox 437 3598 711 3667; x_wconf 87' lang='lat' dir='ltr'><strong>sapientes</strong></span> <span class='ocrx_word' id='word_1_507' title='bbox 754 3608 810 3653; x_wconf 90' lang='lat' dir='ltr'><strong>et</strong></span> <span class='ocrx_word' id='word_1_508' title='bbox 840 3599 1078 3667; x_wconf 88' lang='lat' dir='ltr'><strong>optimos</strong></span> <span class='ocrx_word' id='word_1_509' title='bbox 1123 3600 1286 3660; x_wconf 85' lang='lat' dir='ltr'><strong>viros.</strong></span> <span class='ocrx_word' id='word_1_510' title='bbox 1337 3615 1404 3655; x_wconf 91' lang='lat' dir='ltr'><strong>ne</strong></span> <span class='ocrx_word' id='word_1_511' title='bbox 1454 3602 1746 3671; x_wconf 80' lang='lat' dir='ltr'><strong>quidquam</strong></span> <span class='ocrx_word' id='word_1_512' title='bbox 1808 3613 2009 3659; x_wconf 89' lang='lat' dir='ltr'><strong>temere</strong></span> 
     </span>
    </p>
   </div>
   <div class='ocr_carea' id='block_1_70' title="bbox 438 3691 2004 3763">
    <p class='ocr_par' dir='ltr' id='par_1_70' title="bbox 438 3691 2004 3763">
     <span class='ocr_line' id='line_1_70' title="bbox 438 3691 2004 3763; baseline 0.004 -18"><span class='ocrx_word' id='word_1_513' title='bbox 438 3700 710 3762; x_wconf 82' lang='lat' dir='ltr'><strong>ageretur,</strong></span> <span class='ocrx_word' id='word_1_514' title='bbox 762 3691 898 3748; x_wconf 89' lang='lat' dir='ltr'><strong>alios</strong></span> <span class='ocrx_word' id='word_1_515' title='bbox 927 3694 1099 3762; x_wconf 83' lang='lat' dir='ltr'><strong>legum</strong></span> <span class='ocrx_word' id='word_1_516' title='bbox 1133 3695 1384 3750; x_wconf 84' lang='lat' dir='ltr'><strong>custodes</strong></span> <span class='ocrx_word' id='word_1_517' title='bbox 1417 3694 1629 3763; x_wconf 76' lang='lat' dir='ltr'><strong>fecisse,</strong></span> <span class='ocrx_word' id='word_1_518' title='bbox 1666 3696 1786 3752; x_wconf 83' lang='lat' dir='ltr'><strong>aliis</strong></span> <span class='ocrx_word' id='word_1_519' title='bbox 1823 3712 2004 3753; x_wconf 88' lang='lat' dir='ltr'><strong>armo-</strong></span> 
     </span>
    </p>
   </div>
   <div class='ocr_carea' id='block_1_71' title="bbox 438 3787 2006 3853">
    <p class='ocr_par' dir='ltr' id='par_1_71' title="bbox 438 3787 2006 3853">
     <span class='ocr_line' id='line_1_71' title="bbox 438 3787 2006 3853; baseline 0.005 -16"><span class='ocrx_word' id='word_1_520' title='bbox 438 3797 559 3837; x_wconf 85' lang='lat' dir='ltr'><strong>rum</strong></span> <span class='ocrx_word' id='word_1_521' title='bbox 601 3798 786 3838; x_wconf 89' lang='lat' dir='ltr'><strong>curam</strong></span> <span class='ocrx_word' id='word_1_522' title='bbox 822 3787 1182 3853; x_wconf 86' lang='lat' dir='ltr'><strong>commisisse,</strong></span> <span class='ocrx_word' id='word_1_523' title='bbox 1230 3796 1308 3853; x_wconf 90' lang='lat' dir='ltr'><strong>ut,</strong></span> <span class='ocrx_word' id='word_1_524' title='bbox 1352 3790 1416 3842; x_wconf 92' lang='lat' dir='ltr'><strong>ad</strong></span> <span class='ocrx_word' id='word_1_525' title='bbox 1447 3788 1643 3843; x_wconf 91' lang='lat' dir='ltr'><strong>nullam</strong></span> <span class='ocrx_word' id='word_1_526' title='bbox 1687 3790 1846 3843; x_wconf 88' lang='lat' dir='ltr'><strong>aliam</strong></span> <span class='ocrx_word' id='word_1_527' title='bbox 1893 3805 2006 3845; x_wconf 89' lang='lat' dir='ltr'><strong>rem</strong></span> 
     </span>
    </p>
   </div>
   <div class='ocr_carea' id='block_1_72' title="bbox 438 3876 2008 3955">
    <p class='ocr_par' dir='ltr' id='par_1_72' title="bbox 438 3876 2008 3955">
     <span class='ocr_line' id='line_1_72' title="bbox 438 3876 2008 3955; baseline 0.003 -25"><span class='ocrx_word' id='word_1_528' title='bbox 438 3876 657 3941; x_wconf 89' lang='lat' dir='ltr'><strong>intenti,</strong></span> <span class='ocrx_word' id='word_1_529' title='bbox 686 3891 849 3947; x_wconf 87' lang='lat' dir='ltr'><strong>quam</strong></span> <span class='ocrx_word' id='word_1_530' title='bbox 876 3887 935 3931; x_wconf 91' lang='lat' dir='ltr'><strong>ut</strong></span> <span class='ocrx_word' id='word_1_531' title='bbox 978 3892 1036 3933; x_wconf 90' lang='lat' dir='ltr'><strong>se</strong></span> <span class='ocrx_word' id='word_1_532' title='bbox 1067 3877 1131 3931; x_wconf 88' lang='lat' dir='ltr'><strong>ad</strong></span> <span class='ocrx_word' id='word_1_533' title='bbox 1163 3893 1392 3947; x_wconf 80' lang='lat' dir='ltr'><strong>pugnam</strong></span> <span class='ocrx_word' id='word_1_534' title='bbox 1439 3890 1825 3955; x_wconf 69' lang='lat' dir='ltr'><strong>praepararent,</strong></span> <span class='ocrx_word' id='word_1_535' title='bbox 1868 3882 2008 3935; x_wconf 85' lang='lat' dir='ltr'><strong>utili—</strong></span> 
     </span>
    </p>
   </div>
   <div class='ocr_carea' id='block_1_73' title="bbox 2109 3132 3677 3216">
    <p class='ocr_par' dir='ltr' id='par_1_73' title="bbox 2109 3132 3677 3216">
     <span class='ocr_line' id='line_1_73' title="bbox 2109 3132 3677 3216; baseline -0.009 -15"><span class='ocrx_word' id='word_1_536' title='bbox 2109 3144 2245 3216; x_wconf 80' lang='grc' dir='ltr'>ὲμοῦ</span> <span class='ocrx_word' id='word_1_537' title='bbox 2293 3132 2545 3200; x_wconf 83' lang='grc' dir='ltr'>ἀκούειν·</span> <span class='ocrx_word' id='word_1_538' title='bbox 2581 3142 2675 3196; x_wconf 79' lang='grc' dir='ltr'>καὶ</span> <span class='ocrx_word' id='word_1_539' title='bbox 2707 3142 2771 3211; x_wconf 77' lang='grc' dir='ltr'>δὴ</span> <span class='ocrx_word' id='word_1_540' title='bbox 2802 3139 3006 3209; x_wconf 76' lang='grc' dir='ltr'>ἔλεγον,</span> <span class='ocrx_word' id='word_1_541' title='bbox 3054 3141 3131 3204; x_wconf 84' lang='grc' dir='ltr'>ὡς</span> <span class='ocrx_word' id='word_1_542' title='bbox 3158 3141 3207 3193; x_wconf 84' lang='grc' dir='ltr'>οί</span> <span class='ocrx_word' id='word_1_543' title='bbox 3250 3138 3349 3208; x_wconf 83' lang='grc' dir='ltr'>τῆς</span> <span class='ocrx_word' id='word_1_544' title='bbox 3392 3136 3677 3206; x_wconf 81' lang='grc' dir='ltr'>Ῥωμαίων</span> 
     </span>
    </p>
   </div>
   <div class='ocr_carea' id='block_1_74' title="bbox 2106 3226 3677 3309">
    <p class='ocr_par' dir='ltr' id='par_1_74' title="bbox 2106 3226 3677 3309">
     <span class='ocr_line' id='line_1_74' title="bbox 2106 3226 3677 3309; baseline -0.007 -19"><span class='ocrx_word' id='word_1_545' title='bbox 2106 3235 2381 3299; x_wconf 79' lang='grc' dir='ltr'>πολιτείας</span> <span class='ocrx_word' id='word_1_546' title='bbox 2407 3234 2625 3309; x_wconf 75' lang='grc' dir='ltr'>εὑρεταὶ</span> <span class='ocrx_word' id='word_1_547' title='bbox 2658 3232 2810 3303; x_wconf 79' lang='grc' dir='ltr'>σοφοί</span> <span class='ocrx_word' id='word_1_548' title='bbox 2842 3249 2899 3286; x_wconf 78' lang='grc' dir='ltr'><strong>τε</strong></span> <span class='ocrx_word' id='word_1_549' title='bbox 2919 3233 3011 3286; x_wconf 72' lang='grc' dir='ltr'><strong>καὶ</strong></span> <span class='ocrx_word' id='word_1_550' title='bbox 3037 3231 3230 3300; x_wconf 80' lang='grc' dir='ltr'>ἁγαθοὶ</span> <span class='ocrx_word' id='word_1_551' title='bbox 3250 3229 3463 3300; x_wconf 76' lang='grc' dir='ltr'>ἄνδρες,</span> <span class='ocrx_word' id='word_1_552' title='bbox 3484 3226 3677 3281; x_wconf 65' lang='lat' dir='ltr'><strong>time&quot;</strong></span> 
     </span>
    </p>
   </div>
   <div class='ocr_carea' id='block_1_75' title="bbox 2105 3319 3678 3400">
    <p class='ocr_par' dir='ltr' id='par_1_75' title="bbox 2105 3319 3678 3400">
     <span class='ocr_line' id='line_1_75' title="bbox 2105 3319 3678 3400; baseline -0.009 -16"><span class='ocrx_word' id='word_1_553' title='bbox 2105 3330 2175 3383; x_wconf 80' lang='grc' dir='ltr'><strong>τά</strong></span> <span class='ocrx_word' id='word_1_554' title='bbox 2223 3329 2524 3400; x_wconf 86' lang='grc' dir='ltr'>πράγματα</span> <span class='ocrx_word' id='word_1_555' title='bbox 2564 3326 2842 3396; x_wconf 84' lang='grc' dir='ltr'>τηνάλλως</span> <span class='ocrx_word' id='word_1_556' title='bbox 2886 3324 2933 3359; x_wconf 80' lang='grc'><strong>³⁸</strong></span> <span class='ocrx_word' id='word_1_557' title='bbox 2985 3324 3264 3396; x_wconf 81' lang='grc' dir='ltr'>φέρεσθαι,</span> <span class='ocrx_word' id='word_1_558' title='bbox 3288 3323 3415 3385; x_wconf 80' lang='grc' dir='ltr'>τοὺς</span> <span class='ocrx_word' id='word_1_559' title='bbox 3447 3321 3545 3390; x_wconf 78' lang='grc' dir='ltr'>μὲν</span> <span class='ocrx_word' id='word_1_560' title='bbox 3567 3319 3678 3371; x_wconf 83' lang='grc' dir='ltr'><strong>τῶν</strong></span> 
     </span>
    </p>
   </div>
   <div class='ocr_carea' id='block_1_76' title="bbox 2108 3413 3677 3491">
    <p class='ocr_par' dir='ltr' id='par_1_76' title="bbox 2108 3413 3677 3491">
     <span class='ocr_line' id='line_1_76' title="bbox 2108 3413 3677 3491; baseline -0.007 -18"><span class='ocrx_word' id='word_1_561' title='bbox 2108 3420 2289 3491; x_wconf 88' lang='grc' dir='ltr'>νόμων</span> <span class='ocrx_word' id='word_1_562' title='bbox 2322 3416 2461 3472; x_wconf 77' lang='grc' dir='ltr'>εἶναι</span> <span class='ocrx_word' id='word_1_563' title='bbox 2492 3418 2760 3487; x_wconf 80' lang='grc' dir='ltr'>φύλακας,</span> <span class='ocrx_word' id='word_1_564' title='bbox 2794 3417 2919 3481; x_wconf 74' lang='grc' dir='ltr'>τοὺς</span> <span class='ocrx_word' id='word_1_565' title='bbox 2948 3416 3003 3470; x_wconf 76' lang='grc' dir='ltr'>δὲ</span> <span class='ocrx_word' id='word_1_566' title='bbox 3049 3415 3316 3470; x_wconf 83' lang='grc' dir='ltr'>ποιεῖσθαι</span> <span class='ocrx_word' id='word_1_567' title='bbox 3356 3415 3462 3467; x_wconf 84' lang='grc' dir='ltr'><strong>τῶν</strong></span> <span class='ocrx_word' id='word_1_568' title='bbox 3495 3413 3677 3466; x_wconf 80' lang='grc' dir='ltr'>ὅπλων</span> 
     </span>
    </p>
   </div>
   <div class='ocr_carea' id='block_1_77' title="bbox 2108 3504 3675 3581">
    <p class='ocr_par' dir='ltr' id='par_1_77' title="bbox 2108 3504 3675 3581">
     <span class='ocr_line' id='line_1_77' title="bbox 2108 3504 3675 3581; baseline -0.008 -17"><span class='ocrx_word' id='word_1_569' title='bbox 2108 3509 2428 3581; x_wconf 69' lang='grc' dir='ltr'>ἐπιμέλειαν</span> <span class='ocrx_word' id='word_1_570' title='bbox 2450 3508 2644 3573; x_wconf 72' lang='grc' dir='ltr'>ἔταξαν</span> <span class='ocrx_word' id='word_1_571' title='bbox 2668 3507 2874 3573; x_wconf 73' lang='grc' dir='ltr'>καὶτὰς</span> <span class='ocrx_word' id='word_1_572' title='bbox 2892 3508 3016 3561; x_wconf 84' lang='grc' dir='ltr'>πολε</span> <span class='ocrx_word' id='word_1_573' title='bbox 3028 3508 3191 3577; x_wconf 81' lang='grc' dir='ltr'>μικὰς</span> <span class='ocrx_word' id='word_1_574' title='bbox 3216 3505 3446 3576; x_wconf 85' lang='grc' dir='ltr'>μελέτας</span> <span class='ocrx_word' id='word_1_575' title='bbox 3467 3504 3675 3565; x_wconf 77' lang='grc' dir='ltr'>ἀσκεῖν,</span> 
     </span>
    </p>
   </div>
   <div class='ocr_carea' id='block_1_78' title="bbox 2109 3593 3680 3674">
    <p class='ocr_par' dir='ltr' id='par_1_78' title="bbox 2109 3593 3680 3674">
     <span class='ocr_line' id='line_1_78' title="bbox 2109 3593 3680 3674; baseline -0.005 -18"><span class='ocrx_word' id='word_1_576' title='bbox 2109 3603 2244 3674; x_wconf 84' lang='grc' dir='ltr'>πρὸς</span> <span class='ocrx_word' id='word_1_577' title='bbox 2262 3602 2426 3671; x_wconf 80' lang='grc' dir='ltr'>μηδὲν</span> <span class='ocrx_word' id='word_1_578' title='bbox 2455 3600 2542 3653; x_wconf 66' lang='lat' dir='ltr'><strong>Ere</strong></span> <span class='ocrx_word' id='word_1_579' title='bbox 2552 3616 2638 3669; x_wconf 90' lang='grc' dir='ltr'><strong>ρον</strong></span> <span class='ocrx_word' id='word_1_580' title='bbox 2657 3600 3075 3670; x_wconf 77' lang='grc' dir='ltr'>ὲπαγομένουςῆ</span> <span class='ocrx_word' id='word_1_581' title='bbox 3098 3598 3237 3652; x_wconf 80' lang='grc' dir='ltr'>ὥστε</span> <span class='ocrx_word' id='word_1_582' title='bbox 3260 3594 3396 3650; x_wconf 73' lang='grc' dir='ltr'>εἶναι</span> <span class='ocrx_word' id='word_1_583' title='bbox 3427 3595 3561 3664; x_wconf 75' lang='grc' dir='ltr'>πρὸς</span> <span class='ocrx_word' id='word_1_584' title='bbox 3586 3593 3680 3665; x_wconf 83' lang='grc' dir='ltr'>μά·</span> 
     </span>
    </p>
   </div>
   <div class='ocr_carea' id='block_1_79' title="bbox 2109 3686 3679 3764">
    <p class='ocr_par' dir='ltr' id='par_1_79' title="bbox 2109 3686 3679 3764">
     <span class='ocr_line' id='line_1_79' title="bbox 2109 3686 3679 3764; baseline -0.006 -18"><span class='ocrx_word' id='word_1_585' title='bbox 2109 3711 2212 3764; x_wconf 87' lang='grc' dir='ltr'><strong>χην</strong></span> <span class='ocrx_word' id='word_1_586' title='bbox 2246 3693 2491 3762; x_wconf 75' lang='grc' dir='ltr'>ἑτοίμους</span> <span class='ocrx_word' id='word_1_587' title='bbox 2516 3692 2609 3745; x_wconf 70' lang='grc' dir='ltr'><strong>καὶ</strong></span> <span class='ocrx_word' id='word_1_588' title='bbox 2638 3690 2713 3753; x_wconf 82' lang='grc' dir='ltr'>ὡς</span> <span class='ocrx_word' id='word_1_589' title='bbox 2744 3692 2833 3743; x_wconf 75' lang='grc' dir='ltr'><strong>ἐπὶ</strong></span> <span class='ocrx_word' id='word_1_590' title='bbox 2862 3691 2960 3760; x_wconf 78' lang='grc' dir='ltr'>τὴν</span> <span class='ocrx_word' id='word_1_591' title='bbox 2987 3688 3190 3761; x_wconf 75' lang='grc' dir='ltr'>συνήθη</span> <span class='ocrx_word' id='word_1_592' title='bbox 3214 3687 3520 3758; x_wconf 87' lang='grc' dir='ltr'>γυμνασίαν</span> <span class='ocrx_word' id='word_1_593' title='bbox 3543 3686 3679 3758; x_wconf 73' lang='grc' dir='ltr'>θαρ-</span> 
     </span>
    </p>
   </div>
   <div class='ocr_carea' id='block_1_80' title="bbox 2114 3778 3679 3858">
    <p class='ocr_par' dir='ltr' id='par_1_80' title="bbox 2114 3778 3679 3858">
     <span class='ocr_line' id='line_1_80' title="bbox 2114 3778 3679 3858; baseline -0.004 -21"><span class='ocrx_word' id='word_1_594' title='bbox 2114 3785 2342 3858; x_wconf 77' lang='grc' dir='ltr'>ροῦντας</span> <span class='ocrx_word' id='word_1_595' title='bbox 2374 3784 2465 3837; x_wconf 72' lang='grc' dir='ltr'><strong>ἐπὶ</strong></span> <span class='ocrx_word' id='word_1_596' title='bbox 2503 3783 2594 3836; x_wconf 82' lang='grc' dir='ltr'>τὸν</span> <span class='ocrx_word' id='word_1_597' title='bbox 2643 3782 2879 3849; x_wconf 85' lang='grc' dir='ltr'>πόλεμον</span> <span class='ocrx_word' id='word_1_598' title='bbox 2934 3783 3090 3845; x_wconf 86' lang='grc' dir='ltr'>ἰέναι,</span> <span class='ocrx_word' id='word_1_599' title='bbox 3130 3780 3606 3851; x_wconf 79' lang='grc' dir='ltr'>προαναλωθέντος</span> <span class='ocrx_word' id='word_1_600' title='bbox 3635 3778 3679 3810; x_wconf 74' lang='grc'><strong>³⁸</strong></span> 
     </span>
    </p>
   </div>
   <div class='ocr_carea' id='block_1_81' title="bbox 2110 3871 3681 3947">
    <p class='ocr_par' dir='ltr' id='par_1_81' title="bbox 2110 3871 3681 3947">
     <span class='ocr_line' id='line_1_81' title="bbox 2110 3871 3681 3947; baseline -0.008 -13"><span class='ocrx_word' id='word_1_601' title='bbox 2110 3879 2290 3940; x_wconf 78' lang='grc' dir='ltr'>αὐτοῖς</span> <span class='ocrx_word' id='word_1_602' title='bbox 2324 3877 2413 3932; x_wconf 77' lang='grc' dir='ltr'>διὰ</span> <span class='ocrx_word' id='word_1_603' title='bbox 2463 3877 2564 3947; x_wconf 82' lang='grc' dir='ltr'>τῆς</span> <span class='ocrx_word' id='word_1_604' title='bbox 2597 3875 2825 3947; x_wconf 82' lang='grc' dir='ltr'>μελέτης</span> <span class='ocrx_word' id='word_1_605' title='bbox 2860 3874 2955 3929; x_wconf 88' lang='grc' dir='ltr'><strong>τοῦ</strong></span> <span class='ocrx_word' id='word_1_606' title='bbox 2997 3875 3186 3945; x_wconf 78' lang='grc' dir='ltr'>φόϐου,</span> <span class='ocrx_word' id='word_1_607' title='bbox 3243 3873 3366 3935; x_wconf 75' lang='grc' dir='ltr'>τοὺς</span> <span class='ocrx_word' id='word_1_608' title='bbox 3420 3871 3477 3924; x_wconf 80' lang='grc' dir='ltr'>δὲ</span> <span class='ocrx_word' id='word_1_609' title='bbox 3514 3886 3681 3941; x_wconf 73' lang='grc' dir='ltr'>προσο</span> 
     </span>
    </p>
   </div>
   <div class='ocr_carea' id='block_1_82' title="bbox 439 3959 2004 4039">
    <p class='ocr_par' dir='ltr' id='par_1_82' title="bbox 439 3966 2004 4039">
     <span class='ocr_line' id='line_1_82' title="bbox 439 3966 2004 4039; baseline 0.005 -21"><span class='ocrx_word' id='word_1_610' title='bbox 439 3966 576 4019; x_wconf 88' lang='lat' dir='ltr'><strong>taria</strong></span> <span class='ocrx_word' id='word_1_611' title='bbox 611 3980 774 4037; x_wconf 86' lang='lat' dir='ltr'><strong>opera</strong></span> <span class='ocrx_word' id='word_1_612' title='bbox 810 3978 1150 4032; x_wconf 69' lang='lat' dir='ltr'><strong>exercerent,</strong></span> <span class='ocrx_word' id='word_1_613' title='bbox 1183 3979 1236 4022; x_wconf 88' lang='lat' dir='ltr'><strong>et</strong></span> <span class='ocrx_word' id='word_1_614' title='bbox 1270 3969 1575 4038; x_wconf 85' lang='lat' dir='ltr'><strong>propulsata</strong></span> <span class='ocrx_word' id='word_1_615' title='bbox 1604 3984 1700 4039; x_wconf 90' lang='lat' dir='ltr'><strong>per</strong></span> <span class='ocrx_word' id='word_1_616' title='bbox 1731 3971 2004 4026; x_wconf 81' lang='lat' dir='ltr'><strong>assiduam</strong></span> 
     </span>
    </p>
   </div>
   <div class='ocr_carea' id='block_1_83' title="bbox 2107 3959 3681 4039">
    <p class='ocr_par' dir='ltr' id='par_1_83' title="bbox 2113 3959 3681 4037">
     <span class='ocr_line' id='line_1_83' title="bbox 2113 3959 3681 4037; baseline -0.005 -16"><span class='ocrx_word' id='word_1_617' title='bbox 2113 3967 2395 4037; x_wconf 86' lang='grc' dir='ltr'>κειμένους</span> <span class='ocrx_word' id='word_1_618' title='bbox 2428 3967 2473 3998; x_wconf 76' lang='grc'><strong>⁸⁸</strong></span> <span class='ocrx_word' id='word_1_619' title='bbox 2505 3967 2570 4035; x_wconf 80' lang='grc' dir='ltr'>τῇ</span> <span class='ocrx_word' id='word_1_620' title='bbox 2603 3965 2845 4037; x_wconf 70' lang='grc' dir='ltr'>γεωργίᾳ</span> <span class='ocrx_word' id='word_1_621' title='bbox 2884 3964 2979 4018; x_wconf 72' lang='grc' dir='ltr'><strong>καὶ</strong></span> <span class='ocrx_word' id='word_1_622' title='bbox 3010 3966 3075 4034; x_wconf 84' lang='grc' dir='ltr'>τῇ</span> <span class='ocrx_word' id='word_1_623' title='bbox 3125 3961 3413 4032; x_wconf 77' lang='grc' dir='ltr'>ἐπιμελείᾳ</span> <span class='ocrx_word' id='word_1_624' title='bbox 3435 3961 3533 4031; x_wconf 79' lang='grc' dir='ltr'>τῆς</span> <span class='ocrx_word' id='word_1_625' title='bbox 3579 3959 3681 4029; x_wconf 81' lang='grc' dir='ltr'>γῆς</span> 
     </span>
    </p>
   </div>
   <div class='ocr_carea' id='block_1_84' title="bbox 437 4046 2004 4128">
    <p class='ocr_par' dir='ltr' id='par_1_84' title="bbox 437 4046 2004 4128">
     <span class='ocr_line' id='line_1_84' title="bbox 437 4046 2004 4128; baseline 0.003 -16"><span class='ocrx_word' id='word_1_626' title='bbox 437 4057 565 4112; x_wconf 88' lang='lat' dir='ltr'><strong>belli</strong></span> <span class='ocrx_word' id='word_1_627' title='bbox 604 4058 1004 4113; x_wconf 86' lang='lat' dir='ltr'><strong>meditationem</strong></span> <span class='ocrx_word' id='word_1_628' title='bbox 1040 4046 1201 4114; x_wconf 83' lang='lat' dir='ltr'><strong>omni</strong></span> <span class='ocrx_word' id='word_1_629' title='bbox 1225 4059 1535 4128; x_wconf 82' lang='lat' dir='ltr'><strong>formidine,</strong></span> <span class='ocrx_word' id='word_1_630' title='bbox 1562 4064 1831 4117; x_wconf 85' lang='lat' dir='ltr'><strong>consueta</strong></span> <span class='ocrx_word' id='word_1_631' title='bbox 1870 4065 2004 4118; x_wconf 90' lang='lat' dir='ltr'><strong>mili-</strong></span> 
     </span>
    </p>
   </div>
   <div class='ocr_carea' id='block_1_85' title="bbox 2107 4046 3676 4128">
    <p class='ocr_par' dir='ltr' id='par_1_85' title="bbox 2114 4051 3676 4127">
     <span class='ocr_line' id='line_1_85' title="bbox 2114 4051 3676 4127; baseline -0.006 -16"><span class='ocrx_word' id='word_1_632' title='bbox 2114 4058 2338 4121; x_wconf 75' lang='grc' dir='ltr'>ἑαυτούς</span> <span class='ocrx_word' id='word_1_633' title='bbox 2366 4074 2425 4110; x_wconf 85' lang='grc' dir='ltr'><strong>τε</strong></span> <span class='ocrx_word' id='word_1_634' title='bbox 2460 4058 2553 4111; x_wconf 76' lang='grc' dir='ltr'>καὶ</span> <span class='ocrx_word' id='word_1_635' title='bbox 2582 4058 2625 4088; x_wconf 73' lang='grc'><strong>⁸⁸</strong></span> <span class='ocrx_word' id='word_1_636' title='bbox 2672 4059 2798 4118; x_wconf 80' lang='grc' dir='ltr'>τοὺς</span> <span class='ocrx_word' id='word_1_637' title='bbox 2846 4056 2986 4127; x_wconf 83' lang='grc' dir='ltr'>ὑπὲρ</span> <span class='ocrx_word' id='word_1_638' title='bbox 3025 4054 3175 4126; x_wconf 75' lang='grc' dir='ltr'>σφῶν</span> <span class='ocrx_word' id='word_1_639' title='bbox 3206 4053 3385 4107; x_wconf 76' lang='grc' dir='ltr'>αὐτῶν</span> <span class='ocrx_word' id='word_1_640' title='bbox 3417 4051 3676 4121; x_wconf 78' lang='grc' dir='ltr'>ἀγωνιζο-</span> 
     </span>
    </p>
   </div>
   <div class='ocr_carea' id='block_1_86' title="bbox 440 4143 2004 4222">
    <p class='ocr_par' dir='ltr' id='par_1_86' title="bbox 440 4143 2004 4217">
     <span class='ocr_line' id='line_1_86' title="bbox 440 4143 2004 4217; baseline 0.003 -15"><span class='ocrx_word' id='word_1_641' title='bbox 440 4148 529 4203; x_wconf 67' lang='lat' dir='ltr'><strong>tiae</strong></span> <span class='ocrx_word' id='word_1_642' title='bbox 563 4150 971 4215; x_wconf 87' lang='lat' dir='ltr'><strong>exercitatione,</strong></span> <span class='ocrx_word' id='word_1_643' title='bbox 1004 4150 1201 4204; x_wconf 87' lang='lat' dir='ltr'><strong>animis</strong></span> <span class='ocrx_word' id='word_1_644' title='bbox 1228 4150 1446 4217; x_wconf 83' lang='lat' dir='ltr'><strong>firmati,</strong></span> <span class='ocrx_word' id='word_1_645' title='bbox 1485 4152 1536 4206; x_wconf 92' lang='lat' dir='ltr'><strong>in</strong></span> <span class='ocrx_word' id='word_1_646' title='bbox 1581 4143 1751 4208; x_wconf 86' lang='lat' dir='ltr'><strong>aciem</strong></span> <span class='ocrx_word' id='word_1_647' title='bbox 1780 4154 2004 4209; x_wconf 89' lang='lat' dir='ltr'><strong>descen-</strong></span> 
     </span>
    </p>
   </div>
   <div class='ocr_carea' id='block_1_87' title="bbox 2107 4143 3679 4222">
    <p class='ocr_par' dir='ltr' id='par_1_87' title="bbox 2116 4147 3679 4222">
     <span class='ocr_line' id='line_1_87' title="bbox 2116 4147 3679 4222; baseline -0.006 -17"><span class='ocrx_word' id='word_1_648' title='bbox 2116 4152 2310 4222; x_wconf 87' lang='grc' dir='ltr'>μένους</span> <span class='ocrx_word' id='word_1_649' title='bbox 2335 4150 2557 4222; x_wconf 84' lang='grc' dir='ltr'>τρέφειν</span> <span class='ocrx_word' id='word_1_650' title='bbox 2584 4147 2781 4213; x_wconf 79' lang='grc' dir='ltr'>ἔταξαν</span> <span class='ocrx_word' id='word_1_651' title='bbox 2811 4148 2877 4213; x_wconf 67' lang='grc' dir='ltr'>δ’,</span> <span class='ocrx_word' id='word_1_652' title='bbox 2904 4149 2965 4203; x_wconf 75' lang='grc' dir='ltr'>τὸ</span> <span class='ocrx_word' id='word_1_653' title='bbox 2996 4148 3385 4219; x_wconf 83' lang='grc' dir='ltr'>στρατιωτικὸν</span> <span class='ocrx_word' id='word_1_654' title='bbox 3418 4147 3679 4215; x_wconf 85' lang='grc' dir='ltr'>είσπρατ-</span> 
     </span>
    </p>
   </div>
   <div class='ocr_carea' id='block_1_88' title="bbox 439 4236 2004 4313">
    <p class='ocr_par' dir='ltr' id='par_1_88' title="bbox 439 4241 2004 4313">
     <span class='ocr_line' id='line_1_88' title="bbox 439 4241 2004 4313; baseline 0.003 -18"><span class='ocrx_word' id='word_1_655' title='bbox 439 4242 653 4296; x_wconf 87' lang='lat' dir='ltr'><strong>dereut.</strong></span> <span class='ocrx_word' id='word_1_656' title='bbox 694 4260 712 4293; x_wconf 79' lang='grc' dir='ltr'><strong>ι</strong></span> <span class='ocrx_word' id='word_1_657' title='bbox 758 4241 934 4308; x_wconf 83' lang='lat' dir='ltr'><strong>Alios,</strong></span> <span class='ocrx_word' id='word_1_658' title='bbox 970 4244 1211 4312; x_wconf 90' lang='lat' dir='ltr'><strong>inquam,</strong></span> <span class='ocrx_word' id='word_1_659' title='bbox 1238 4244 1327 4313; x_wconf 91' lang='lat' dir='ltr'><strong>qui</strong></span> <span class='ocrx_word' id='word_1_660' title='bbox 1357 4246 1501 4312; x_wconf 86' lang='lat' dir='ltr'><strong>agris</strong></span> <span class='ocrx_word' id='word_1_661' title='bbox 1524 4244 1765 4299; x_wconf 87' lang='lat' dir='ltr'><strong>colendis</strong></span> <span class='ocrx_word' id='word_1_662' title='bbox 1801 4255 1854 4300; x_wconf 90' lang='lat' dir='ltr'><strong>et</strong></span> <span class='ocrx_word' id='word_1_663' title='bbox 1893 4245 2004 4300; x_wconf 86' lang='lat' dir='ltr'><strong>cul-</strong></span> 
     </span>
    </p>
   </div>
   <div class='ocr_carea' id='block_1_89' title="bbox 2107 4236 3681 4313">
    <p class='ocr_par' dir='ltr' id='par_1_89' title="bbox 2110 4236 3681 4312">
     <span class='ocr_line' id='line_1_89' title="bbox 2110 4236 3681 4312; baseline -0.008 -16"><span class='ocrx_word' id='word_1_664' title='bbox 2110 4244 2371 4312; x_wconf 84' lang='grc' dir='ltr'>τομένους</span> <span class='ocrx_word' id='word_1_665' title='bbox 2430 4240 2740 4312; x_wconf 83' lang='grc' dir='ltr'>σιτηρέσιον</span> <span class='ocrx_word' id='word_1_666' title='bbox 2770 4256 2785 4270; x_wconf 81' lang='grc'><strong><em>⁸</em></strong></span> <span class='ocrx_word' id='word_1_667' title='bbox 2831 4239 3022 4300; x_wconf 79' lang='grc' dir='ltr'>ἄλλους</span> <span class='ocrx_word' id='word_1_668' title='bbox 3047 4240 3103 4294; x_wconf 75' lang='grc' dir='ltr'>δὲ</span> <span class='ocrx_word' id='word_1_669' title='bbox 3157 4240 3266 4293; x_wconf 87' lang='grc' dir='ltr'><strong>τῶν</strong></span> <span class='ocrx_word' id='word_1_670' title='bbox 3313 4236 3681 4305; x_wconf 75' lang='grc' dir='ltr'>ἀδικουμένων</span> 
     </span>
    </p>
   </div>
   <div class='ocr_carea' id='block_1_90' title="bbox 441 4326 2004 4408">
    <p class='ocr_par' dir='ltr' id='par_1_90' title="bbox 441 4332 2004 4401">
     <span class='ocr_line' id='line_1_90' title="bbox 441 4332 2004 4401; baseline 0.003 -16"><span class='ocrx_word' id='word_1_671' title='bbox 441 4342 575 4386; x_wconf 64' lang='lat' dir='ltr'><strong>turre</strong></span> <span class='ocrx_word' id='word_1_672' title='bbox 605 4339 763 4386; x_wconf 68' lang='lat' dir='ltr'><strong>terras</strong></span> <span class='ocrx_word' id='word_1_673' title='bbox 803 4345 1021 4401; x_wconf 89' lang='lat' dir='ltr'><strong>operam</strong></span> <span class='ocrx_word' id='word_1_674' title='bbox 1070 4332 1283 4394; x_wconf 87' lang='lat' dir='ltr'><strong>darent,</strong></span> <span class='ocrx_word' id='word_1_675' title='bbox 1332 4347 1545 4388; x_wconf 87' lang='lat' dir='ltr'><strong>annona</strong></span> <span class='ocrx_word' id='word_1_676' title='bbox 1580 4334 1798 4390; x_wconf 87' lang='lat' dir='ltr'><strong>militari</strong></span> <span class='ocrx_word' id='word_1_677' title='bbox 1827 4335 1894 4390; x_wconf 83' lang='lat' dir='ltr'><strong>ab</strong></span> <span class='ocrx_word' id='word_1_678' title='bbox 1924 4335 2004 4391; x_wconf 87' lang='lat' dir='ltr'><strong>his</strong></span> 
     </span>
    </p>
   </div>
   <div class='ocr_carea' id='block_1_91' title="bbox 2107 4326 3682 4408">
    <p class='ocr_par' dir='ltr' id='par_1_91' title="bbox 2116 4326 3682 4408">
     <span class='ocr_line' id='line_1_91' title="bbox 2116 4326 3682 4408; baseline -0.006 -19"><span class='ocrx_word' id='word_1_679' title='bbox 2116 4339 2386 4408; x_wconf 80' lang='grc' dir='ltr'>προνοεῖν,</span> <span class='ocrx_word' id='word_1_680' title='bbox 2438 4337 2533 4389; x_wconf 71' lang='grc' dir='ltr'>καὶ</span> <span class='ocrx_word' id='word_1_681' title='bbox 2592 4336 2719 4399; x_wconf 80' lang='grc' dir='ltr'>τοὺς</span> <span class='ocrx_word' id='word_1_682' title='bbox 2766 4334 2865 4406; x_wconf 76' lang='grc' dir='ltr'>μὲν</span> <span class='ocrx_word' id='word_1_683' title='bbox 2919 4333 3012 4387; x_wconf 88' lang='grc' dir='ltr'><strong>τοῦ</strong></span> <span class='ocrx_word' id='word_1_684' title='bbox 3051 4332 3259 4387; x_wconf 82' lang='grc' dir='ltr'>δικαίου</span> <span class='ocrx_word' id='word_1_685' title='bbox 3321 4326 3682 4402; x_wconf 76' lang='grc' dir='ltr'>προΐστασθαι</span> 
     </span>
    </p>
   </div>
   <div class='ocr_carea' id='block_1_92' title="bbox 436 4398 2004 4499">
    <p class='ocr_par' dir='ltr' id='par_1_92' title="bbox 436 4423 2004 4492">
     <span class='ocr_line' id='line_1_92' title="bbox 436 4423 2004 4492; baseline 0.002 -13"><span class='ocrx_word' id='word_1_686' title='bbox 436 4433 669 4491; x_wconf 79' lang='lat' dir='ltr'><strong>exacta;</strong></span> <span class='ocrx_word' id='word_1_687' title='bbox 701 4439 795 4480; x_wconf 88' lang='lat' dir='ltr'><strong>eos</strong></span> <span class='ocrx_word' id='word_1_688' title='bbox 845 4423 989 4480; x_wconf 84' lang='lat' dir='ltr'><strong>alere</strong></span> <span class='ocrx_word' id='word_1_689' title='bbox 1048 4423 1352 4487; x_wconf 88' lang='lat' dir='ltr'><strong>voluerunt,</strong></span> <span class='ocrx_word' id='word_1_690' title='bbox 1404 4437 1513 4489; x_wconf 91' lang='lat' dir='ltr'><strong>quo</strong></span> <span class='ocrx_word' id='word_1_691' title='bbox 1559 4439 1658 4492; x_wconf 82' lang='lat' dir='ltr'><strong>pro</strong></span> <span class='ocrx_word' id='word_1_692' title='bbox 1702 4440 1795 4480; x_wconf 90' lang='lat' dir='ltr'><strong>sua</strong></span> <span class='ocrx_word' id='word_1_693' title='bbox 1833 4426 2004 4482; x_wconf 48' lang='lat' dir='ltr'><strong>s&#39;tlute</strong></span> 
     </span>
    </p>
   </div>
   <div class='ocr_carea' id='block_1_93' title="bbox 2107 4398 3683 4499">
    <p class='ocr_par' dir='ltr' id='par_1_93' title="bbox 2115 4398 3683 4499">
     <span class='ocr_line' id='line_1_93' title="bbox 2115 4398 3683 4499; baseline -0.006 -17"><span class='ocrx_word' id='word_1_694' title='bbox 2115 4398 2255 4499; x_wconf 76' lang='grc' dir='ltr'>ὑπὲρ</span> <span class='ocrx_word' id='word_1_695' title='bbox 2286 4428 2394 4482; x_wconf 87' lang='grc' dir='ltr'><strong>τῶν</strong></span> <span class='ocrx_word' id='word_1_696' title='bbox 2409 4428 2489 4481; x_wconf 89' lang='grc' dir='ltr'><strong>δι’</strong></span> <span class='ocrx_word' id='word_1_697' title='bbox 2510 4398 2795 4482; x_wconf 75' lang='grc' dir='ltr'>ἀσθένειαν</span> <span class='ocrx_word' id='word_1_698' title='bbox 2837 4426 3051 4497; x_wconf 78' lang='grc' dir='ltr'>φύσεως</span> <span class='ocrx_word' id='word_1_699' title='bbox 3076 4424 3149 4497; x_wconf 80' lang='grc' dir='ltr'>μὴ</span> <span class='ocrx_word' id='word_1_700' title='bbox 3179 4424 3304 4477; x_wconf 84' lang='grc' dir='ltr'>οἴων</span> <span class='ocrx_word' id='word_1_701' title='bbox 3416 4421 3585 4476; x_wconf 77' lang='grc' dir='ltr'>ὄντων</span> <span class='ocrx_word' id='word_1_702' title='bbox 3616 4418 3683 4474; x_wconf 76' lang='grc' dir='ltr'><strong>τά</strong></span> 
     </span>
    </p>
   </div>
   <div class='ocr_carea' id='block_1_94' title="bbox 440 4512 2004 4592">
    <p class='ocr_par' dir='ltr' id='par_1_94' title="bbox 440 4514 2003 4589">
     <span class='ocr_line' id='line_1_94' title="bbox 440 4514 2003 4589; baseline 0 -16"><span class='ocrx_word' id='word_1_703' title='bbox 440 4518 785 4573; x_wconf 86' lang='lat' dir='ltr'><strong>dimicarent.</strong></span> <span class='ocrx_word' id='word_1_704' title='bbox 848 4514 1262 4571; x_wconf 85' lang='lat' dir='ltr'><strong>Constitueruut</strong></span> <span class='ocrx_word' id='word_1_705' title='bbox 1321 4530 1579 4586; x_wconf 86' lang='lat' dir='ltr'><strong>quoque,</strong></span> <span class='ocrx_word' id='word_1_706' title='bbox 1650 4518 1746 4587; x_wconf 90' lang='lat' dir='ltr'><strong>qui</strong></span> <span class='ocrx_word' id='word_1_707' title='bbox 1806 4517 2003 4589; x_wconf 82' lang='lat' dir='ltr'><strong>injuria</strong></span> 
     </span>
    </p>
   </div>
   <div class='ocr_carea' id='block_1_95' title="bbox 2107 4512 3687 4592">
    <p class='ocr_par' dir='ltr' id='par_1_95' title="bbox 2115 4512 3687 4592">
     <span class='ocr_line' id='line_1_95' title="bbox 2115 4512 3687 4592; baseline -0.006 -17"><span class='ocrx_word' id='word_1_708' title='bbox 2115 4522 2350 4591; x_wconf 82' lang='grc' dir='ltr'>σφέτερα</span> <span class='ocrx_word' id='word_1_709' title='bbox 2362 4519 2715 4592; x_wconf 77' lang='grc' dir='ltr'>προΐσχεσθαι</span> <span class='ocrx_word' id='word_1_710' title='bbox 2728 4519 2929 4583; x_wconf 88' lang='grc' dir='ltr'>δίκαια,</span> <span class='ocrx_word' id='word_1_711' title='bbox 2947 4520 3072 4582; x_wconf 78' lang='grc' dir='ltr'>τοὺς</span> <span class='ocrx_word' id='word_1_712' title='bbox 3088 4517 3143 4571; x_wconf 81' lang='grc' dir='ltr'>δὲ</span> <span class='ocrx_word' id='word_1_713' title='bbox 3159 4516 3474 4581; x_wconf 76' lang='grc' dir='ltr'>δικάζοντας</span> <span class='ocrx_word' id='word_1_714' title='bbox 3493 4512 3687 4583; x_wconf 81' lang='grc' dir='ltr'>φυλάτ-</span> 
     </span>
    </p>
   </div>
   <div class='ocr_carea' id='block_1_96' title="bbox 439 4605 2004 4683">
    <p class='ocr_par' dir='ltr' id='par_1_96' title="bbox 439 4606 2004 4680">
     <span class='ocr_line' id='line_1_96' title="bbox 439 4606 2004 4680; baseline 0.003 -19"><span class='ocrx_word' id='word_1_715' title='bbox 439 4606 649 4663; x_wconf 80' lang='lat' dir='ltr'><strong>aﬂ&#39;ectis</strong></span> <span class='ocrx_word' id='word_1_716' title='bbox 704 4606 1095 4677; x_wconf 88' lang='lat' dir='ltr'><strong>prospicerent,</strong></span> <span class='ocrx_word' id='word_1_717' title='bbox 1126 4616 1179 4661; x_wconf 91' lang='lat' dir='ltr'><strong>et</strong></span> <span class='ocrx_word' id='word_1_718' title='bbox 1224 4606 1347 4676; x_wconf 84' lang='lat' dir='ltr'><strong>jura</strong></span> <span class='ocrx_word' id='word_1_719' title='bbox 1401 4621 1611 4673; x_wconf 89' lang='lat' dir='ltr'><strong>eorum,</strong></span> <span class='ocrx_word' id='word_1_720' title='bbox 1655 4610 1746 4679; x_wconf 88' lang='lat' dir='ltr'><strong>qui</strong></span> <span class='ocrx_word' id='word_1_721' title='bbox 1786 4620 2004 4680; x_wconf 88' lang='lat' dir='ltr'><strong>propter</strong></span> 
     </span>
    </p>
   </div>
   <div class='ocr_carea' id='block_1_97' title="bbox 2107 4605 3687 4683">
    <p class='ocr_par' dir='ltr' id='par_1_97' title="bbox 2111 4605 3687 4683">
     <span class='ocr_line' id='line_1_97' title="bbox 2111 4605 3687 4683; baseline -0.005 -18"><span class='ocrx_word' id='word_1_722' title='bbox 2111 4629 2226 4666; x_wconf 91' lang='grc' dir='ltr'>τειν</span> <span class='ocrx_word' id='word_1_723' title='bbox 2254 4611 2397 4683; x_wconf 80' lang='grc' dir='ltr'>άπερ</span> <span class='ocrx_word' id='word_1_724' title='bbox 2422 4612 2450 4665; x_wconf 84' lang='grc' dir='ltr'><strong>ὁ</strong></span> <span class='ocrx_word' id='word_1_725' title='bbox 2472 4612 2633 4682; x_wconf 87' lang='grc' dir='ltr'>νόμος</span> <span class='ocrx_word' id='word_1_726' title='bbox 2659 4610 2924 4682; x_wconf 72' lang='grc' dir='ltr'>βούλεταιο</span> <span class='ocrx_word' id='word_1_727' title='bbox 2958 4610 3031 4681; x_wconf 84' lang='grc' dir='ltr'>μὴ</span> <span class='ocrx_word' id='word_1_728' title='bbox 3050 4607 3375 4679; x_wconf 74' lang='grc' dir='ltr'>ἐστερῆσθαι</span> <span class='ocrx_word' id='word_1_729' title='bbox 3399 4607 3456 4660; x_wconf 78' lang='grc' dir='ltr'>δὲ</span> <span class='ocrx_word' id='word_1_730' title='bbox 3473 4605 3687 4677; x_wconf 83' lang='grc' dir='ltr'>φροντί-</span> 
     </span>
    </p>
   </div>
   <div class='ocr_carea' id='block_1_98' title="bbox 441 4696 2004 4775">
    <p class='ocr_par' dir='ltr' id='par_1_98' title="bbox 441 4698 2004 4769">
     <span class='ocr_line' id='line_1_98' title="bbox 441 4698 2004 4769; baseline 0.004 -16"><span class='ocrx_word' id='word_1_731' title='bbox 441 4709 649 4754; x_wconf 69' lang='lat' dir='ltr'><strong>naturae</strong></span> <span class='ocrx_word' id='word_1_732' title='bbox 700 4698 1070 4754; x_wconf 77' lang='lat' dir='ltr'><strong>infirmitatem</strong></span> <span class='ocrx_word' id='word_1_733' title='bbox 1118 4700 1220 4755; x_wconf 90' lang='lat' dir='ltr'><strong>sibi</strong></span> <span class='ocrx_word' id='word_1_734' title='bbox 1269 4701 1369 4769; x_wconf 72' lang='lat' dir='ltr'><strong>ipsi</strong></span> <span class='ocrx_word' id='word_1_735' title='bbox 1406 4701 1685 4758; x_wconf 89' lang='lat' dir='ltr'><strong>consulere</strong></span> <span class='ocrx_word' id='word_1_736' title='bbox 1723 4714 1831 4757; x_wconf 86' lang='lat' dir='ltr'><strong>non</strong></span> <span class='ocrx_word' id='word_1_737' title='bbox 1865 4704 2004 4760; x_wconf 82' lang='lat' dir='ltr'><strong>vale-</strong></span> 
     </span>
    </p>
   </div>
   <div class='ocr_carea' id='block_1_99' title="bbox 2107 4696 3687 4775">
    <p class='ocr_par' dir='ltr' id='par_1_99' title="bbox 2113 4696 3687 4775">
     <span class='ocr_line' id='line_1_99' title="bbox 2113 4696 3687 4775; baseline -0.005 -18"><span class='ocrx_word' id='word_1_738' title='bbox 2113 4704 2202 4767; x_wconf 88' lang='grc' dir='ltr'><strong>δος</strong></span> <span class='ocrx_word' id='word_1_739' title='bbox 2245 4704 2377 4775; x_wconf 74' lang='grc' dir='ltr'>μηδὲ</span> <span class='ocrx_word' id='word_1_740' title='bbox 2404 4703 2512 4757; x_wconf 88' lang='grc' dir='ltr'><strong>τῶν</strong></span> <span class='ocrx_word' id='word_1_741' title='bbox 2534 4703 2928 4774; x_wconf 87' lang='grc' dir='ltr'>παραστάντων</span> <span class='ocrx_word' id='word_1_742' title='bbox 2955 4703 3064 4763; x_wconf 88' lang='grc' dir='ltr'>τοῖς</span> <span class='ocrx_word' id='word_1_743' title='bbox 3090 4700 3371 4762; x_wconf 81' lang='grc' dir='ltr'>δικασταῖς</span> <span class='ocrx_word' id='word_1_744' title='bbox 3393 4697 3439 4769; x_wconf 84' lang='lat' dir='ltr'><strong>(l</strong></span> <span class='ocrx_word' id='word_1_745' title='bbox 3451 4698 3529 4769; x_wconf 82' lang='lat'><strong>5),</strong></span> <span class='ocrx_word' id='word_1_746' title='bbox 3554 4696 3687 4749; x_wconf 75' lang='grc' dir='ltr'>ἀλλὰ</span> 
     </span>
    </p>
   </div>
   <div class='ocr_carea' id='block_1_100' title="bbox 442 4788 2004 4866">
    <p class='ocr_par' dir='ltr' id='par_1_100' title="bbox 442 4791 2004 4866">
     <span class='ocr_line' id='line_1_100' title="bbox 442 4791 2004 4866; baseline 0.007 -24"><span class='ocrx_word' id='word_1_747' title='bbox 442 4797 584 4855; x_wconf 71' lang='lat' dir='ltr'><strong>rent,</strong></span> <span class='ocrx_word' id='word_1_748' title='bbox 644 4799 945 4855; x_wconf 88' lang='lat' dir='ltr'><strong>tuerentur,</strong></span> <span class='ocrx_word' id='word_1_749' title='bbox 987 4793 1188 4861; x_wconf 87' lang='lat' dir='ltr'><strong>quique</strong></span> <span class='ocrx_word' id='word_1_750' title='bbox 1234 4791 1358 4856; x_wconf 87' lang='lat' dir='ltr'><strong>jure</strong></span> <span class='ocrx_word' id='word_1_751' title='bbox 1391 4793 1638 4857; x_wconf 89' lang='lat' dir='ltr'><strong>dicendo,</strong></span> <span class='ocrx_word' id='word_1_752' title='bbox 1693 4808 1817 4865; x_wconf 81' lang='lat' dir='ltr'><strong>quae</strong></span> <span class='ocrx_word' id='word_1_753' title='bbox 1864 4794 2004 4866; x_wconf 84' lang='lat' dir='ltr'><strong>leges</strong></span> 
     </span>
    </p>
   </div>
   <div class='ocr_carea' id='block_1_101' title="bbox 2107 4788 3684 4866">
    <p class='ocr_par' dir='ltr' id='par_1_101' title="bbox 2119 4788 3684 4865">
     <span class='ocr_line' id='line_1_101' title="bbox 2119 4788 3684 4865; baseline -0.009 -13"><span class='ocrx_word' id='word_1_754' title='bbox 2119 4798 2386 4852; x_wconf 84' lang='grc' dir='ltr'>κάκείνων</span> <span class='ocrx_word' id='word_1_755' title='bbox 2435 4792 2574 4850; x_wconf 68' lang='grc' dir='ltr'>εἶναι</span> <span class='ocrx_word' id='word_1_756' title='bbox 2622 4796 2747 4858; x_wconf 81' lang='grc' dir='ltr'>τοὺς</span> <span class='ocrx_word' id='word_1_757' title='bbox 2794 4794 3052 4865; x_wconf 84' lang='grc' dir='ltr'>πρόνοιαν</span> <span class='ocrx_word' id='word_1_758' title='bbox 3086 4790 3505 4862; x_wconf 84' lang='grc' dir='ltr'>ποιησομένους,</span> <span class='ocrx_word' id='word_1_759' title='bbox 3538 4788 3684 4848; x_wconf 79' lang='grc' dir='ltr'>ὅπως</span> 
     </span>
    </p>
   </div>
   <div class='ocr_carea' id='block_1_102' title="bbox 439 4875 2004 4957">
    <p class='ocr_par' dir='ltr' id='par_1_102' title="bbox 439 4882 2004 4957">
     <span class='ocr_line' id='line_1_102' title="bbox 439 4882 2004 4957; baseline 0.006 -22"><span class='ocrx_word' id='word_1_760' title='bbox 439 4882 717 4952; x_wconf 83' lang='lat' dir='ltr'><strong>juberent,</strong></span> <span class='ocrx_word' id='word_1_761' title='bbox 745 4891 1049 4938; x_wconf 77' lang='lat' dir='ltr'><strong>servarent.</strong></span> <span class='ocrx_word' id='word_1_762' title='bbox 1096 4883 1201 4955; x_wconf 73' lang='grc' dir='ltr'><strong>ει</strong></span> <span class='ocrx_word' id='word_1_763' title='bbox 1231 4883 1416 4954; x_wconf 84' lang='lat' dir='ltr'><strong>Neque</strong></span> <span class='ocrx_word' id='word_1_764' title='bbox 1437 4892 1568 4940; x_wconf 81' lang='lat' dir='ltr'><strong>vero</strong></span> <span class='ocrx_word' id='word_1_765' title='bbox 1590 4900 1688 4943; x_wconf 88' lang='lat' dir='ltr'><strong>sua</strong></span> <span class='ocrx_word' id='word_1_766' title='bbox 1722 4888 2004 4957; x_wconf 84' lang='lat' dir='ltr'><strong>providen-</strong></span> 
     </span>
    </p>
   </div>
   <div class='ocr_carea' id='block_1_103' title="bbox 2107 4875 3687 4957">
    <p class='ocr_par' dir='ltr' id='par_1_103' title="bbox 2117 4875 3687 4955">
     <span class='ocr_line' id='line_1_103' title="bbox 2117 4875 3687 4955; baseline -0.01 -12"><span class='ocrx_word' id='word_1_767' title='bbox 2117 4889 2212 4943; x_wconf 92' lang='grc' dir='ltr'><strong>τοῦ</strong></span> <span class='ocrx_word' id='word_1_768' title='bbox 2236 4906 2296 4943; x_wconf 82' lang='grc' dir='ltr'><strong>τε</strong></span> <span class='ocrx_word' id='word_1_769' title='bbox 2334 4890 2546 4943; x_wconf 89' lang='grc' dir='ltr'>δικαίου</span> <span class='ocrx_word' id='word_1_770' title='bbox 2585 4886 2828 4954; x_wconf 80' lang='grc' dir='ltr'>τεύξοιτο</span> <span class='ocrx_word' id='word_1_771' title='bbox 2855 4888 2884 4940; x_wconf 87' lang='grc' dir='ltr'><strong>ό</strong></span> <span class='ocrx_word' id='word_1_772' title='bbox 2928 4885 3025 4955; x_wconf 84' lang='grc' dir='ltr'>τῆς</span> <span class='ocrx_word' id='word_1_773' title='bbox 3062 4884 3173 4938; x_wconf 89' lang='grc' dir='ltr'><strong>τῶν</strong></span> <span class='ocrx_word' id='word_1_774' title='bbox 3201 4879 3477 4937; x_wconf 87' lang='grc' dir='ltr'>δικαστῶν</span> <span class='ocrx_word' id='word_1_775' title='bbox 3510 4875 3687 4948; x_wconf 84' lang='grc' dir='ltr'>τυχὼν</span> 
     </span>
    </p>
   </div>
   <div class='ocr_carea' id='block_1_104' title="bbox 439 4970 2004 5053">
    <p class='ocr_par' dir='ltr' id='par_1_104' title="bbox 439 4974 2004 5047">
     <span class='ocr_line' id='line_1_104' title="bbox 439 4974 2004 5047; baseline 0.001 -16"><span class='ocrx_word' id='word_1_776' title='bbox 439 4976 513 5042; x_wconf 71' lang='lat' dir='ltr'><strong>tia</strong></span> <span class='ocrx_word' id='word_1_777' title='bbox 548 4974 836 5031; x_wconf 75' lang='lat' dir='ltr'><strong>deSIitutos</strong></span> <span class='ocrx_word' id='word_1_778' title='bbox 867 4974 1199 5045; x_wconf 89' lang='lat' dir='ltr'><strong>reliquerunt</strong></span> <span class='ocrx_word' id='word_1_779' title='bbox 1228 4989 1343 5043; x_wconf 88' lang='lat' dir='ltr'><strong>eos,</strong></span> <span class='ocrx_word' id='word_1_780' title='bbox 1374 4976 1463 5045; x_wconf 92' lang='lat' dir='ltr'><strong>qui</strong></span> <span class='ocrx_word' id='word_1_781' title='bbox 1492 4977 1763 5047; x_wconf 86' lang='lat' dir='ltr'><strong>judieihus</strong></span> <span class='ocrx_word' id='word_1_782' title='bbox 1792 4982 2004 5043; x_wconf 79' lang='lat' dir='ltr'><strong>adsunt,</strong></span> 
     </span>
    </p>
   </div>
   <div class='ocr_carea' id='block_1_105' title="bbox 2107 4970 3685 5053">
    <p class='ocr_par' dir='ltr' id='par_1_105' title="bbox 2119 4970 3685 5053">
     <span class='ocr_line' id='line_1_105' title="bbox 2119 4970 3685 5053; baseline -0.01 -18"><span class='ocrx_word' id='word_1_783' title='bbox 2119 4980 2374 5053; x_wconf 86' lang='grc' dir='ltr'>κρίσεως,</span> <span class='ocrx_word' id='word_1_784' title='bbox 2409 4982 2504 5034; x_wconf 70' lang='grc' dir='ltr'>καὶ</span> <span class='ocrx_word' id='word_1_785' title='bbox 2540 4982 2569 5034; x_wconf 86' lang='grc' dir='ltr'><strong>ὁ</strong></span> <span class='ocrx_word' id='word_1_786' title='bbox 2606 4979 2812 5034; x_wconf 85' lang='grc' dir='ltr'>ἀδικεῖν</span> <span class='ocrx_word' id='word_1_787' title='bbox 2836 4977 2882 5011; x_wconf 73' lang='grc'><strong><em>⁵⁸</em></strong></span> <span class='ocrx_word' id='word_1_788' title='bbox 2912 4976 3189 5048; x_wconf 85' lang='grc' dir='ltr'>νομισθεὶς</span> <span class='ocrx_word' id='word_1_789' title='bbox 3219 4974 3295 5046; x_wconf 82' lang='grc' dir='ltr'>μὴ</span> <span class='ocrx_word' id='word_1_790' title='bbox 3331 4970 3685 5043; x_wconf 71' lang='grc' dir='ltr'>εἰσπραχθείη</span> 
     </span>
    </p>
   </div>
   <div class='ocr_carea' id='block_1_106' title="bbox 442 5057 2004 5143">
    <p class='ocr_par' dir='ltr' id='par_1_106' title="bbox 442 5068 2004 5140">
     <span class='ocr_line' id='line_1_106' title="bbox 442 5068 2004 5140; baseline 0.001 -17"><span class='ocrx_word' id='word_1_791' title='bbox 442 5071 535 5123; x_wconf 88' lang='lat' dir='ltr'><strong>sed</strong></span> <span class='ocrx_word' id='word_1_792' title='bbox 572 5069 763 5124; x_wconf 91' lang='lat' dir='ltr'><strong>horum</strong></span> <span class='ocrx_word' id='word_1_793' title='bbox 794 5082 918 5123; x_wconf 85' lang='lat' dir='ltr'><strong>esse</strong></span> <span class='ocrx_word' id='word_1_794' title='bbox 958 5075 1141 5137; x_wconf 89' lang='lat' dir='ltr'><strong>partes</strong></span> <span class='ocrx_word' id='word_1_795' title='bbox 1187 5068 1512 5139; x_wconf 87' lang='lat' dir='ltr'><strong>prospicere,</strong></span> <span class='ocrx_word' id='word_1_796' title='bbox 1551 5084 1656 5139; x_wconf 88' lang='lat' dir='ltr'><strong>qua</strong></span> <span class='ocrx_word' id='word_1_797' title='bbox 1693 5072 1898 5125; x_wconf 88' lang='lat' dir='ltr'><strong>ratione</strong></span> <span class='ocrx_word' id='word_1_798' title='bbox 1924 5072 2004 5140; x_wconf 82' lang='lat' dir='ltr'><strong>jus</strong></span> 
     </span>
    </p>
   </div>
   <div class='ocr_carea' id='block_1_107' title="bbox 2107 5057 3686 5143">
    <p class='ocr_par' dir='ltr' id='par_1_107' title="bbox 2119 5057 3686 5143">
     <span class='ocr_line' id='line_1_107' title="bbox 2119 5057 3686 5143; baseline -0.004 -18"><span class='ocrx_word' id='word_1_799' title='bbox 2119 5072 2282 5125; x_wconf 83' lang='grc' dir='ltr'>πλέον</span> <span class='ocrx_word' id='word_1_800' title='bbox 2311 5072 2453 5143; x_wconf 72' lang='grc' dir='ltr'>ἥπερ</span> <span class='ocrx_word' id='word_1_801' title='bbox 2476 5072 2510 5141; x_wconf 76' lang='grc' dir='ltr'><strong>ἡ</strong></span> <span class='ocrx_word' id='word_1_802' title='bbox 2529 5069 2818 5141; x_wconf 80' lang='grc' dir='ltr'>δικαστικὴ</span> <span class='ocrx_word' id='word_1_803' title='bbox 2843 5068 3094 5140; x_wconf 84' lang='grc' dir='ltr'>βούλεται</span> <span class='ocrx_word' id='word_1_804' title='bbox 3121 5066 3324 5138; x_wconf 82' lang='grc' dir='ltr'>ψῆφος.</span> <span class='ocrx_word' id='word_1_805' title='bbox 3354 5062 3419 5118; x_wconf 70' lang='lat' dir='ltr'><strong>Et</strong></span> <span class='ocrx_word' id='word_1_806' title='bbox 3457 5062 3569 5133; x_wconf 79' lang='grc' dir='ltr'>γὰρ</span> <span class='ocrx_word' id='word_1_807' title='bbox 3613 5057 3686 5129; x_wconf 76' lang='grc' dir='ltr'>μὴ</span> 
     </span>
    </p>
   </div>
   <div class='ocr_carea' id='block_1_108' title="bbox 444 5151 2004 5235">
    <p class='ocr_par' dir='ltr' id='par_1_108' title="bbox 444 5159 2004 5229">
     <span class='ocr_line' id='line_1_108' title="bbox 444 5159 2004 5229; baseline 0.002 -17"><span class='ocrx_word' id='word_1_808' title='bbox 444 5168 789 5229; x_wconf 85' lang='lat' dir='ltr'><strong>assequatur,</strong></span> <span class='ocrx_word' id='word_1_809' title='bbox 831 5159 922 5229; x_wconf 90' lang='lat' dir='ltr'><strong>qui</strong></span> <span class='ocrx_word' id='word_1_810' title='bbox 963 5160 1230 5215; x_wconf 85' lang='lat' dir='ltr'><strong>sententia</strong></span> <span class='ocrx_word' id='word_1_811' title='bbox 1258 5159 1500 5228; x_wconf 65' lang='lat' dir='ltr'><strong>Iudicum</strong></span> <span class='ocrx_word' id='word_1_812' title='bbox 1546 5161 1800 5225; x_wconf 89' lang='lat' dir='ltr'><strong>obtinuit,</strong></span> <span class='ocrx_word' id='word_1_813' title='bbox 1830 5170 1885 5214; x_wconf 88' lang='lat' dir='ltr'><strong>et</strong></span> <span class='ocrx_word' id='word_1_814' title='bbox 1929 5163 2004 5215; x_wconf 87' lang='lat' dir='ltr'><strong>in-</strong></span> 
     </span>
    </p>
   </div>
   <div class='ocr_carea' id='block_1_109' title="bbox 2107 5151 3689 5235">
    <p class='ocr_par' dir='ltr' id='par_1_109' title="bbox 2118 5151 3689 5235">
     <span class='ocr_line' id='line_1_109' title="bbox 2118 5151 3689 5235; baseline -0.002 -18"><span class='ocrx_word' id='word_1_815' title='bbox 2118 5165 2364 5235; x_wconf 82' lang='grc' dir='ltr'>ὑπῆρχον</span> <span class='ocrx_word' id='word_1_816' title='bbox 2410 5166 2459 5217; x_wconf 84' lang='grc' dir='ltr'>οί</span> <span class='ocrx_word' id='word_1_817' title='bbox 2486 5162 2660 5216; x_wconf 88' lang='grc' dir='ltr'>ταῦτα</span> <span class='ocrx_word' id='word_1_818' title='bbox 2689 5164 2748 5217; x_wconf 82' lang='grc' dir='ltr'>ὲν</span> <span class='ocrx_word' id='word_1_819' title='bbox 2805 5161 3048 5235; x_wconf 80' lang='grc' dir='ltr'>φροντίδι</span> <span class='ocrx_word' id='word_1_820' title='bbox 3104 5157 3439 5230; x_wconf 81' lang='grc' dir='ltr'>ποιούμενοι,</span> <span class='ocrx_word' id='word_1_821' title='bbox 3481 5156 3548 5210; x_wconf 70' lang='grc' dir='ltr'>ὲκ</span> <span class='ocrx_word' id='word_1_822' title='bbox 3587 5151 3689 5220; x_wconf 75' lang='grc' dir='ltr'><strong>τῆς</strong></span> 
     </span>
    </p>
   </div>
   <div class='ocr_carea' id='block_1_110' title="bbox 1716 5324 2415 5384">
    <p class='ocr_par' dir='ltr' id='par_1_110' title="bbox 1716 5324 2415 5384">
     <span class='ocr_line' id='line_1_110' title="bbox 1716 5324 2415 5384; baseline 0.004 -5"><span class='ocrx_word' id='word_1_823' title='bbox 1716 5324 1952 5381; x_wconf 71' lang='grc' dir='ltr'><strong>νΑΒυΕ</strong></span> <span class='ocrx_word' id='word_1_824' title='bbox 2010 5325 2415 5384; x_wconf 82' lang='lat' dir='ltr'><strong>LECTIONES.</strong></span> 
     </span>
    </p>
   </div>
   <div class='ocr_carea' id='block_1_111' title="bbox 544 5434 3682 5541">
    <p class='ocr_par' dir='ltr' id='par_1_111' title="bbox 544 5434 3682 5541">
     <span class='ocr_line' id='line_1_111' title="bbox 544 5434 3682 5541; baseline 0.001 -41"><span class='ocrx_word' id='word_1_825' title='bbox 544 5448 589 5479; x_wconf 73' lang='grc' dir='ltr'><strong>’θ</strong></span> <span class='ocrx_word' id='word_1_826' title='bbox 607 5446 879 5541; x_wconf 53' lang='grc' dir='ltr'>ἡγεῖσθαι]</span> <span class='ocrx_word' id='word_1_827' title='bbox 913 5448 1026 5541; x_wconf 64' lang='grc' dir='ltr'>βίρν</span> <span class='ocrx_word' id='word_1_828' title='bbox 1079 5449 1210 5541; x_wconf 53' lang='lat' dir='ltr'><strong>aﬂd1</strong></span> <span class='ocrx_word' id='word_1_829' title='bbox 1247 5447 1302 5501; x_wconf 83' lang='grc' dir='ltr'><strong>Β.</strong></span> <span class='ocrx_word' id='word_1_830' title='bbox 1341 5447 1424 5541; x_wconf 43' lang='lat'><strong>1&quot;</strong></span> <span class='ocrx_word' id='word_1_831' title='bbox 1481 5447 1851 5541; x_wconf 48' lang='lat' dir='ltr'><strong>dqoladﬁvm;</strong></span> <span class='ocrx_word' id='word_1_832' title='bbox 1902 5457 1969 5530; x_wconf 59' lang='lat' dir='ltr'><strong>et</strong></span> <span class='ocrx_word' id='word_1_833' title='bbox 2004 5450 2448 5541; x_wconf 47' lang='grc' dir='ltr'><strong>’.δίγοχλοῦμένους1</strong></span> <span class='ocrx_word' id='word_1_834' title='bbox 2476 5449 2559 5513; x_wconf 89' lang='lat' dir='ltr'><strong>B.,</strong></span> <span class='ocrx_word' id='word_1_835' title='bbox 2589 5446 2962 5541; x_wconf 51' lang='lat' dir='ltr'><strong>ﬁngladoyco;</strong></span> <span class='ocrx_word' id='word_1_836' title='bbox 2986 5454 3043 5501; x_wconf 81' lang='lat' dir='ltr'><strong>et</strong></span> <span class='ocrx_word' id='word_1_837' title='bbox 3066 5434 3682 5541; x_wconf 44' lang='lat' dir='ltr'><strong>“exaxlogrﬁfgumvulﬁ</strong></span> 
     </span>
    </p>
   </div>
   <div class='ocr_carea' id='block_1_112' title="bbox 443 5505 3632 5597">
    <p class='ocr_par' dir='ltr' id='par_1_112' title="bbox 443 5505 3632 5597">
     <span class='ocr_line' id='line_1_112' title="bbox 443 5505 3632 5597; baseline -0.001 -28"><span class='ocrx_word' id='word_1_838' title='bbox 443 5517 483 5549; x_wconf 86' lang='grc'><strong>³¹</strong></span> <span class='ocrx_word' id='word_1_839' title='bbox 517 5505 735 5597; x_wconf 38' lang='lat' dir='ltr'><strong>radi}?</strong></span> <span class='ocrx_word' id='word_1_840' title='bbox 768 5505 1029 5597; x_wconf 46' lang='grc' dir='ltr'><strong>ξπίνῖξικ.</strong></span> <span class='ocrx_word' id='word_1_841' title='bbox 1057 5520 1147 5597; x_wconf 80' lang='lat'><strong>__&quot;</strong></span> <span class='ocrx_word' id='word_1_842' title='bbox 1186 5517 1428 5597; x_wconf 72' lang='grc' dir='ltr'>ὑπομένῃ</span> <span class='ocrx_word' id='word_1_843' title='bbox 1464 5518 1642 5597; x_wconf 74' lang='lat' dir='ltr'><strong>vulg._</strong></span> <span class='ocrx_word' id='word_1_844' title='bbox 1682 5519 1726 5549; x_wconf 87' lang='grc'>³³</span> <span class='ocrx_word' id='word_1_845' title='bbox 1753 5505 2337 5597; x_wconf 20' lang='grc' dir='ltr'>μακροῦῌῌ..“μα&gt;ἱρὸν</span> <span class='ocrx_word' id='word_1_846' title='bbox 2361 5505 2506 5597; x_wconf 59' lang='lat' dir='ltr'><strong>vulg.</strong></span> <span class='ocrx_word' id='word_1_847' title='bbox 2532 5505 2573 5597; x_wconf 40' lang='grc' dir='ltr'><strong>ξ.</strong></span> <span class='ocrx_word' id='word_1_848' title='bbox 2589 5505 3029 5597; x_wconf 39' lang='grc' dir='ltr'>³⁸-ἁνιεριίρτατον</span> <span class='ocrx_word' id='word_1_849' title='bbox 3066 5505 3219 5597; x_wconf 41' lang='grc' dir='ltr'>γυλέξ</span> <span class='ocrx_word' id='word_1_850' title='bbox 3365 5505 3632 5597; x_wconf 29' lang='lat' dir='ltr'><strong>Elegit:</strong></span> 
     </span>
    </p>
   </div>
   <div class='ocr_carea' id='block_1_113' title="bbox 443 5576 3686 5660">
    <p class='ocr_par' dir='ltr' id='par_1_113' title="bbox 443 5576 3686 5660">
     <span class='ocr_line' id='line_1_113' title="bbox 443 5576 3686 5660; baseline 0 -22"><span class='ocrx_word' id='word_1_851' title='bbox 443 5588 589 5660; x_wconf 63' lang='lat' dir='ltr'><strong>vulg.</strong></span> <span class='ocrx_word' id='word_1_852' title='bbox 649 5576 814 5660; x_wconf 62' lang='grc' dir='ltr'><strong>Δξοτῷ</strong></span> <span class='ocrx_word' id='word_1_853' title='bbox 833 5607 891 5643; x_wconf 88' lang='grc' dir='ltr'><strong>τε</strong></span> <span class='ocrx_word' id='word_1_854' title='bbox 923 5576 1030 5644; x_wconf 63' lang='grc' dir='ltr'>δικ.</span> <span class='ocrx_word' id='word_1_855' title='bbox 1057 5587 1145 5660; x_wconf 71' lang='lat' dir='ltr'><strong>IL,</strong></span> <span class='ocrx_word' id='word_1_856' title='bbox 1175 5576 1308 5660; x_wconf 69' lang='grc' dir='ltr'>τότε</span> <span class='ocrx_word' id='word_1_857' title='bbox 1328 5576 1472 5659; x_wconf 78' lang='lat' dir='ltr'><strong>vulg.</strong></span> <span class='ocrx_word' id='word_1_858' title='bbox 1539 5576 1584 5620; x_wconf 57' lang='lat' dir='ltr'><strong>ﬁ</strong></span> <span class='ocrx_word' id='word_1_859' title='bbox 1609 5576 1773 5660; x_wconf 68' lang='grc' dir='ltr'>ῶστεῖ</span> <span class='ocrx_word' id='word_1_860' title='bbox 1805 5576 1919 5657; x_wconf 69' lang='grc' dir='ltr'>οἵγε</span> <span class='ocrx_word' id='word_1_861' title='bbox 1953 5576 2155 5653; x_wconf 73' lang='grc' dir='ltr'>ἰδόντες</span> <span class='ocrx_word' id='word_1_862' title='bbox 2196 5576 2343 5658; x_wconf 76' lang='lat' dir='ltr'><strong>conj.</strong></span> <span class='ocrx_word' id='word_1_863' title='bbox 2392 5576 2486 5644; x_wconf 55' lang='lat' dir='ltr'><strong>li.&quot;</strong></span> <span class='ocrx_word' id='word_1_864' title='bbox 2530 5589 2583 5660; x_wconf 14' lang='lat' dir='ltr'><strong>&quot;A</strong></span> <span class='ocrx_word' id='word_1_865' title='bbox 2606 5590 2679 5660; x_wconf 76' lang='grc' dir='ltr'><strong>μη</strong></span> <span class='ocrx_word' id='word_1_866' title='bbox 2708 5576 2928 5659; x_wconf 73' lang='grc' dir='ltr'>τηνάλλ.</span> <span class='ocrx_word' id='word_1_867' title='bbox 2961 5584 3107 5660; x_wconf 54' lang='lat' dir='ltr'><strong>conj.</strong></span> <span class='ocrx_word' id='word_1_868' title='bbox 3134 5576 3218 5660; x_wconf 73' lang='lat' dir='ltr'><strong>Ql.</strong></span> <span class='ocrx_word' id='word_1_869' title='bbox 3295 5579 3340 5612; x_wconf 85' lang='grc'><strong>³⁹</strong></span> <span class='ocrx_word' id='word_1_870' title='bbox 3363 5577 3686 5659; x_wconf 68' lang='grc' dir='ltr'>προαναλω-</span> 
     </span>
    </p>
   </div>
   <div class='ocr_carea' id='block_1_114' title="bbox 445 5653 3686 5734">
    <p class='ocr_par' dir='ltr' id='par_1_114' title="bbox 445 5653 3686 5734">
     <span class='ocr_line' id='line_1_114' title="bbox 445 5653 3686 5734; baseline 0.002 -27"><span class='ocrx_word' id='word_1_871' title='bbox 445 5653 739 5734; x_wconf 35' lang='lat' dir='ltr'><strong>figurae“...</strong></span> <span class='ocrx_word' id='word_1_872' title='bbox 774 5653 1002 5734; x_wconf 62' lang='grc' dir='ltr'>προσαν.</span> <span class='ocrx_word' id='word_1_873' title='bbox 1038 5659 1180 5734; x_wconf 78' lang='lat' dir='ltr'><strong>vulg.</strong></span> <span class='ocrx_word' id='word_1_874' title='bbox 1207 5729 1219 5734; x_wconf 88' lang='lat'>_</span> <span class='ocrx_word' id='word_1_875' title='bbox 1258 5659 1304 5734; x_wconf 51' lang='grc' dir='ltr'><strong>δέ)</strong></span> <span class='ocrx_word' id='word_1_876' title='bbox 1330 5653 1634 5734; x_wconf 32' lang='lat' dir='ltr'><strong>ﬁpOVQ’XEtpa</strong></span> <span class='ocrx_word' id='word_1_877' title='bbox 1652 5656 1740 5734; x_wconf 55' lang='lat'><strong>11..</strong></span> <span class='ocrx_word' id='word_1_878' title='bbox 1765 5653 2021 5734; x_wconf 57' lang='grc' dir='ltr'>προκειμ.</span> <span class='ocrx_word' id='word_1_879' title='bbox 2069 5661 2214 5734; x_wconf 68' lang='lat' dir='ltr'><strong>vulg.</strong></span> <span class='ocrx_word' id='word_1_880' title='bbox 2299 5653 2619 5734; x_wconf 26' lang='grc' dir='ltr'>’δίΔέαυτούέ</span> <span class='ocrx_word' id='word_1_881' title='bbox 2652 5653 2716 5734; x_wconf 64' lang='grc' dir='ltr'><strong>τε</strong></span> <span class='ocrx_word' id='word_1_882' title='bbox 2763 5653 2872 5734; x_wconf 73' lang='grc' dir='ltr'>’καὶ</span> <span class='ocrx_word' id='word_1_883' title='bbox 2900 5653 3240 5734; x_wconf 25' lang='grc' dir='ltr'><strong>τορςῇὐτεὲρ.</strong></span> <span class='ocrx_word' id='word_1_884' title='bbox 3289 5653 3511 5734; x_wconf 62' lang='lat' dir='ltr'><strong>gmiSSiS</strong></span> <span class='ocrx_word' id='word_1_885' title='bbox 3557 5660 3686 5705; x_wconf 66' lang='lat' dir='ltr'><strong>mox</strong></span> 
     </span>
    </p>
   </div>
   <div class='ocr_carea' id='block_1_115' title="bbox 443 5720 3384 5800">
    <p class='ocr_par' dir='ltr' id='par_1_115' title="bbox 443 5720 3384 5800">
     <span class='ocr_line' id='line_1_115' title="bbox 443 5720 3384 5800; baseline -0.001 -23"><span class='ocrx_word' id='word_1_886' title='bbox 443 5726 499 5777; x_wconf 71' lang='grc' dir='ltr'>δὲ</span> <span class='ocrx_word' id='word_1_887' title='bbox 529 5726 622 5779; x_wconf 68' lang='grc' dir='ltr'>καὶ</span> <span class='ocrx_word' id='word_1_888' title='bbox 645 5725 789 5794; x_wconf 73' lang='grc' dir='ltr'>τοὺς,</span> <span class='ocrx_word' id='word_1_889' title='bbox 819 5720 906 5797; x_wconf 79' lang='grc' dir='ltr'><strong>Β.,</strong></span> <span class='ocrx_word' id='word_1_890' title='bbox 938 5720 1160 5795; x_wconf 74' lang='grc' dir='ltr'>ἑαυτοῦξ</span> <span class='ocrx_word' id='word_1_891' title='bbox 1200 5728 1335 5800; x_wconf 77' lang='grc' dir='ltr'>ὑπὲρ</span> <span class='ocrx_word' id='word_1_892' title='bbox 1372 5720 1521 5799; x_wconf 57' lang='lat' dir='ltr'><strong>&#39;vulg.</strong></span> <span class='ocrx_word' id='word_1_893' title='bbox 1567 5720 1638 5767; x_wconf 61' lang='grc' dir='ltr'><strong>’δ’</strong></span> <span class='ocrx_word' id='word_1_894' title='bbox 1670 5720 2016 5796; x_wconf 55' lang='grc' dir='ltr'>Ρυείέταξᾶν</span> <span class='ocrx_word' id='word_1_895' title='bbox 2071 5720 2237 5786; x_wconf 59' lang='lat' dir='ltr'><strong>inser.</strong></span> <span class='ocrx_word' id='word_1_896' title='bbox 2298 5730 2440 5800; x_wconf 78' lang='lat' dir='ltr'><strong>vulg.</strong></span> <span class='ocrx_word' id='word_1_897' title='bbox 2496 5730 2549 5783; x_wconf 79' lang='grc' dir='ltr'>δὲ</span> <span class='ocrx_word' id='word_1_898' title='bbox 2584 5728 2674 5784; x_wconf 68' lang='grc' dir='ltr'>καὶ</span> <span class='ocrx_word' id='word_1_899' title='bbox 2716 5728 2859 5792; x_wconf 74' lang='grc' dir='ltr'>τούς.</span> <span class='ocrx_word' id='word_1_900' title='bbox 2938 5727 2980 5759; x_wconf 67' lang='grc'><strong>⁸³</strong></span> <span class='ocrx_word' id='word_1_901' title='bbox 3004 5720 3209 5779; x_wconf 78' lang='grc' dir='ltr'>ἀδικῶν</span> <span class='ocrx_word' id='word_1_902' title='bbox 3239 5720 3384 5790; x_wconf 82' lang='lat' dir='ltr'><strong>vtilg.</strong></span> 
     </span>
    </p>
   </div>
  </div>
