2028 3105
182 143 236 174 729

562 146 610 175 DE
631 146 913 178 LEGATIONIBUS
934 150 1178 184 ROMANORUM
1197 155 1246 185 AD
1267 154 1426 185 GENTES.

1753 158 1805 190 730

183 198 269 247 αὐτῆς
283 198 373 247 αἰτίας
390 199 485 235 ἐτέρας
509 200 587 234 δίκης
614 202 719 236 ἐγίνετο
741 203 774 230 ἂν
788 205 934 240 πρόφασις,
950 207 966 241 ἢ

1021 210 1104 244 iurius
1128 211 1276 245 judicatus,
1305 212 1331 238 id
1357 212 1455 245 solum,
1487 212 1557 247 quod
1572 211 1667 246 iudicii
1685 213 1807 243 calculus

182 243 229 269 τοῦ
244 243 417 278 νενικηκότος
433 245 623 281 χαλεπώτερον
637 247 789 280 ἐπεξιόντος
804 270 811 282 ,
826 250 842 285 ἢ
862 252 894 285 τῇ
921 251 967 278 τοῦ

182 288 302 323 χείρονος
310 287 333 303 ⁸⁸
342 289 567 324 ἀπενεγκαμένου
575 293 607 326 τῇ
618 292 703 327 ἀδίκῳ
714 294 887 328 ἐπιμένοντος
897 296 967 329 γνώ-

183 343 230 371 μῃ.
252 333 329 361 Εἶναι
341 335 369 361 δὲ
383 336 430 361 καὶ
445 336 549 367 τούτοις
568 339 734 372 τεταγμένον
747 340 876 375 ἀργύριον
894 343 968 377 παρὰ

180 381 234 406 τῶν
248 380 295 409 τὰς
308 380 385 411 δίκας
399 381 617 416 ἀγωνιζομένων,
633 383 670 414 ὡς
682 385 757 419 παρὰ
770 385 823 410 τῶν
837 387 967 421 γεωργῶν

180 427 236 456 τοῖς
261 425 394 456 ὁπλίταις.
425 424 462 451 Ἦ
483 427 531 461 οὐχ
547 428 618 453 ὅσιον
633 428 676 453 τὸν
695 430 893 464 ἐπικουροῦντα
908 431 968 466 τρέ-

183 479 243 504 φειν
261 470 374 503 καὶτῆς
400 472 505 502 εὐνοίας
533 473 718 507 ἀμείϐεσθαι;
747 474 840 510 ὥσπερ
865 476 967 509 ἀγαθὸν

185 517 264 542 ἱππεῖ
285 517 333 550 μὲν
357 516 435 551 ήτοῦ
457 517 538 543 ἵππου
555 518 662 554 κομιδὴ,
682 520 782 552 ἀγαθὸν
797 521 825 546 δὲ
849 521 967 556 βουκόλῳ

184 563 201 597 ἡ
219 562 272 588 τῶν
290 562 356 597 βοῶν
371 563 531 598 καὶοηρατῇ
546 565 561 598 ἡ
578 564 632 590 τῶν
647 565 735 591 κυνῶν
752 567 904 601 ἐπιμέλεια,
921 568 967 594 καὶ

183 608 237 634 τῶν
251 608 346 640 ἄλλων,
362 605 398 634 ὧν
413 608 482 643 πρὸς
497 610 631 644 σφετέραν
647 611 770 645 φυλακήν
790 620 818 638 τε
840 613 885 638 καὶ
895 612 967 646 ὠφέ-

184 653 256 679 λειαν
270 653 376 688 ἔχουσιν
393 654 538 689 ἅνθρωποι,
559 656 638 681 ὁπότε
654 657 703 691 τὴν
721 657 843 692 δαπάνην
858 658 906 691 τὴν
920 658 966 684 ἐπὶ

134 730 138 732 _
183 702 214 735 τῇ
230 701 292 737 δῖκῃ
311 701 459 736 γενομένην
470 702 577 732 ἁλόντες
590 703 750 735 ἐκτίνουσιν,
769 704 965 735 ἀνατιθέντες⁴¹

183 746 275 781 ἀδικίᾳ
291 747 409 781 σφετέρᾳ
439 747 485 772 καὶ
507 748 554 781 οὐχ
573 748 657 783 ἑτέρῳ
678 748 725 782 τὴν
742 748 853 783 βλάϐην.
871 749 922 774 Τὸν
939 749 966 775 δὲ

184 792 230 818 ἐπὶ
245 793 305 823 ταῖς
320 792 405 823 δίκαις
424 793 600 827 μακρότερον,
616 793 648 819 ἂν
664 793 734 819 οὕτω
752 793 837 827 τύχοι,
861 795 964 828 χρόνον,

183 838 232 872 τῆς
243 837 289 863 τοῦ
316 837 418 863 δικαίου
442 838 570 872 προνοίας
586 838 706 871 γίνεσθαι
722 839 813 873 χάριν,
837 839 905 865 ὥστε
929 839 966 873 μὴ

173 883 371 918 ησχεδιάζοντας
379 883 440 914 τοὺς
451 884 576 914 δικαστὰς
588 884 636 918 τῆς
647 884 789 918 ἀκριϐείας
801 884 966 918 διαμαρτεῖν,
984 887 1005 914 Β

183 929 374 964 λογιζομένους
398 931 506 964 ἄμεινον
535 929 604 956 εἶναι
632 930 679 965 ὀψὲ
703 932 789 967 πέρας
810 932 967 965 ἐπιτεθῆναι

182 976 289 1012 δίκῃ,ἢ
309 976 507 1006 ἐσπουδακότας
533 976 569 1010 μὴ
594 977 674 1010 μόνον
691 977 833 1012 ἄνθρωπον
854 977 966 1009 ἀδικεῖν,

184 1022 251 1048 ἀλλὰ
263 1023 302 1054 εἷς
321 1021 366 1048 τὸν
385 1022 407 1036 ⁸⁸
426 1021 473 1047 τοῦ
498 1022 601 1048 δικαίου
620 1022 733 1058 εὑρετὴν
756 1022 822 1048 Θεὸν
840 1023 968 1056 πλημμε-

185 1066 252 1093 λεῖν.
267 1066 380 1093 Κεῖσθαι
409 1067 438 1092 δὲ
464 1067 526 1097 τοὺς
542 1067 639 1100 νόμους
661 1068 730 1093 κατὰ
757 1068 875 1099 πάντων,
899 1067 968 1093 ὥστε

187 1113 276 1143 αὐτοῖς
298 1113 344 1137 καὶ
367 1111 476 1146 βασιλέα
502 1112 655 1144 πείθεσθαι,
688 1112 734 1138 καὶ
759 1112 807 1147 οὐχ
832 1112 869 1143 ὡς
894 1113 915 1128 ⁸⁷
936 1114 967 1147 τῇ

186 1158 268 1185 αὑτοῦ
282 1158 368 1184 ἔνεστι
383 1158 547 1194 κατηγορίᾳ,
557 1159 597 1185 ὅτι
622 1167 653 1192 γε
679 1159 711 1194 δὴ
736 1160 759 1184 oi
782 1158 892 1194 εὔποροι
907 1160 969 1190 τοὺς

186 1207 304 1241 πένητας
317 1206 463 1237 ἀκινδύνως
477 1205 620 1240 βιάζοιντο,
640 1207 663 1231 εἰ
677 1205 714 1240 μή
732 1214 763 1239 γε
780 1206 911 1231 διαλαϐών
927 1214 969 1237 τις

185 1252 264 1285 φύγοι
280 1251 328 1286 τὴν
337 1250 424 1286 δίκην·
438 1252 484 1277 ὅπε
492 1260 505 1286 ρ
516 1251 564 1277 οὐκ
574 1251 619 1277 ἐπὶ
629 1251 682 1276 τῶν
694 1251 908 1282 π).ουσίων,ὰ).λὰ
923 1252 969 1277 καὶ

185 1297 307 1332 πενήτων
315 1295 389 1331 εὓροι
400 1305 441 1327 τις
453 1297 495 1323 ἄν·
513 1296 734 1331 πλημμελοῦντες
745 1296 798 1331 γὰρ
811 1296 871 1322 οὐδὲ
893 1296 969 1322 αὐτοὶ

185 1343 286 1378 ἀπορίᾳ
301 1342 420 1377 ἐλέγχων
436 1343 504 1368 δοῖεν
519 1341 605 1372 δίκας.
632 1343 687 1368 Καὶ
698 1341 777 1368 τοῦτο
796 1342 871 1377 παρὰ
886 1343 968 1374 πᾶσι,

186 1389 232 1414 καὶ
244 1390 274 1414 οὐ
287 1389 362 1423 παρᾶ
384 1387 528 1422 Ῥωμαιοις
547 1388 625 1422 μόνον
638 1387 784 1422 συμϐαῖνόν
800 1390 868 1414 ἐστι.
883 1388 969 1422 Χάριν

185 1433 212 1459 δὲ
223 1433 362 1467 ὁμολογεῖν
376 1435 409 1467 τῇ
426 1433 495 1468 τύχῃ
511 1434 555 1458 ἐπὶ
569 1434 600 1468 τῇ
614 1433 686 1467 αὖτῷ
700 1433 845 1469 ὑπαρξάσῃ
862 1433 967 1459 ἐλευθε-

187 1479 242 1514 ρίᾳ,
259 1480 306 1506 καὶ
327 1480 363 1513 μὴ
377 1479 415 1513 τῷ
430 1480 474 1504 ἐπὶ
488 1478 605 1513 πόλεμον
621 1480 745 1513 ἐξάγοντι
757 1480 886 1514 δεσπότῃ,
899 1478 969 1505 ὥστε

186 1523 267 1548 αὑτὸν
292 1522 333 1548 δι’
349 1522 476 1557 ἀπειρίαν
492 1522 507 1557 ἢ
524 1523 580 1554 ὑπο
590 1523 644 1549 τῶν
670 1523 807 1557 πολεμίων
823 1523 969 1557 ἀναιρεοῆ-

186 1575 241 1599 vat,
255 1567 272 1602 ἢ
294 1567 429 1600 φεύγοντα
453 1567 503 1592 ὑπὸ
520 1567 566 1592 τοῦ
597 1568 766 1602 κτησαμένου
795 1567 966 1599 κολάζεσθαι.

188 1612 315 1647 Ἄμεινον
328 1612 356 1638 δὲ
379 1612 425 1638 καὶ
442 1614 495 1643 τοῖς
518 1613 635 1642 οἰκέταις
653 1613 804 1638 διατελοῦσι
839 1613 967 1648 Ῥωμαῖοι

187 1658 331 1692 χρώμενοι.
350 1657 478 1692 Πατέρων
492 1658 546 1692 γὰρ
561 1657 576 1692 ἢ
591 1657 760 1684 διδασκάλων
773 1659 799 1688 ἐς
812 1658 908 1688 αὐτοὺς
922 1658 967 1692 ἕρ-

187 1710 222 1736 γα
238 1702 437 1733 ἐπιδεικνύντες
450 1703 483 1734 ⁸⁸,
499 1703 531 1735 ἐφ
541 1702 546 1711 ⁵
557 1699 578 1736 ᾦ
594 1702 647 1727 τῶν
661 1703 769 1736 φαύλων
786 1704 968 1737 ἀπεχομένους

190 1750 310 1784 μετιέναι
325 1749 395 1785 ἅπερ
408 1749 498 1780 αὐτοῖς
511 1750 579 1776 xxi-dt
595 1751 761 1784 νενόμισται,
773 1750 968 1786 σωφρονίζουσι

188 1796 258 1830 σφᾶς
269 1795 315 1821 ἐπὶ
329 1797 383 1826 τοῖς
397 1796 598 1830 ἁμαρτήμασιν,
609 1796 700 1830 ὥσπερ
710 1797 770 1827 τοὺς
779 1797 893 1827 οἰκείους
907 1798 969 1822 παί-

188 1841 246 1872 δας.
259 1842 296 1867 Οὐ
307 1841 339 1876 δὴ
351 1841 472 1877 γάρούδὲ
487 1843 577 1873 αὐτοῖς
592 1842 716 1873 Θάνατον,
730 1842 823 1877 ὥσπερ
840 1842 968 1873 Σκύθαις,

189 1887 302 1921 ἐπάγειν
325 1887 415 1921 θέμις.
449 1887 617 1921 Ἐλευθερίας
635 1887 662 1912 δὲ
683 1888 778 1922 τρόποι
793 1887 856 1922 παρ’
878 1888 969 1919 atomi;

187 1930 317 1962 πλεῖστοι,
337 1931 408 1966 ἦνοῦ
422 1931 500 1966 μόνον
520 1932 670 1965 περιόντες,
686 1932 753 1958 ἀλλὰ
768 1933 813 1957 καὶ
824 1932 970 1957 τελευτῶν-

186 1983 231 2007 τες
246 1976 413 2011 χαρίζονται,
437 1976 624 2006 διατάττοντες
638 1977 707 2002 κατὰ
730 1977 777 2011 τῆς
811 1977 970 2009 περιουσίας

173 2021 217 2048 νὸν
237 2021 376 2055 βούλονται
390 2022 501 2056 τρόπον.
526 2023 579 2048 Καὶ
593 2023 673 2056 νόμος
688 2022 759 2047 ἐστὶν
775 2023 842 2056 ὅπερ
857 2022 970 2053 ἕκαστος

187 2068 320 2094 τελευτῶν
335 2068 398 2103 περὶ
412 2068 465 2094 τῶν
480 2069 673 2103 προτηκὸντων
685 2068 864 2103 βουλεύσοιτο,
881 2077 890 2094 ι
916 2069 970 2094 Καὶ

187 2115 217 2146 ὃς
231 2114 367 2148 δακρύσας
387 2114 449 2149 ἔφη,
465 2114 501 2146 ὡς
514 2115 537 2140 οἱ
553 2115 602 2148 μὲν
629 2114 705 2147 νόμοι
731 2114 808 2140 καλοὶ
829 2114 876 2140 καὶ
891 2114 906 2147 ἡ
922 2122 971 2139 πο-

186 2162 274 2189 λιτεία
292 2161 300 2171 '
313 2161 446 2195 Ρωμαίων
467 2161 568 2195 ἀγαθὴ,
593 2161 617 2186 οἱ
635 2161 657 2187 δ’
673 2162 802 2196 ἄρχοντες
827 2162 875 2196 οὐχ
891 2162 971 2196 ὅμοια

186 2210 244 2240 τοῖς
266 2208 347 2234 πάλαι
369 2207 531 2242 φρονοῦντες
551 2207 636 2242 αὐτὴν
650 2207 880 2241 διαλυμαίνονται.

159 2245 183 2254 ..ο

1022 257 1082 288 iert,
1100 261 1127 283 et
1139 256 1203 283 nihil
1218 262 1357 291 praeterea,
1373 257 1461 285 facere
1473 263 1596 292 cogatur.
1624 257 1652 285 Si
1665 259 1737 286 enim
1753 267 1806 287 non

1021 306 1111 328 essent
1134 302 1196 329 huic
1222 303 1260 329 rei
1283 304 1430 336 prrepositi,
1446 309 1495 331 aut
1519 304 1621 331 victore
1645 305 1807 334 insolentius

1022 348 1186 381 insurgente,
1200 353 1245 374 aut
1259 356 1300 381 eo,
1317 349 1360 382 qui
1376 349 1517 376 adversam
1534 351 1697 377 sententiam
1712 358 1807 386 repor-

1022 394 1098 425 tavit,
1116 395 1140 420 in
1160 402 1284 428 perversa
1305 399 1392 421 mente
1410 400 1556 429 perstante.
1575 403 1608 422 ex
1631 403 1682 423 una
1702 397 1750 424 li-te
1768 397 1808 424 al-

1021 442 1105 468 terius
1132 441 1185 467 litis
1209 446 1364 467 nasceretur
1392 441 1544 467 exordium.
1574 440 1623 468 Est
1646 446 1735 470 autem
1764 443 1807 471 his

1022 487 1198 513 constitutum
1225 491 1364 520 argentum
1382 487 1415 512 ab
1434 486 1486 512 illis
1507 486 1552 520 qui
1573 486 1666 514 litibus
1688 491 1805 522 certant,

1020 537 1050 558 nt
1066 532 1194 558 militibus
1212 532 1244 558 ab
1262 531 1397 564 agricolis.
1420 530 1488 563 Quid
1504 531 1575 558 enim
1592 532 1707 566 aequius,
1724 541 1806 567 quam

1021 586 1092 610 eum,
1111 578 1155 611 qui
1174 577 1322 611 opituletttr
1336 582 1361 604 et
1383 576 1511 603 auxilium
1528 577 1605 610 ferat,
1619 577 1691 605 alere
1711 582 1738 606 et
1750 578 1807 606 Olﬁ-

1021 623 1091 650 ciuui
1128 627 1220 649 mutuo
1250 622 1338 649 oliicio
1378 622 1545 656 rependere?
1581 623 1807 656 quemadmodum

1021 669 1104 702 cqttiti
1132 668 1315 695 emolumento
1334 672 1376 694 est
1399 666 1472 701 equi,
1498 667 1600 701 pastori
1619 668 1699 694 boum
1716 673 1743 695 et
1759 676 1806 696 ve-

1021 714 1108 740 natori
1138 721 1235 740 canum
1265 720 1342 744 citra,
1367 716 1394 739 et
1422 711 1588 746 reliquorum
1616 711 1805 744 animantium,

1021 767 1078 793 qua:
1094 759 1217 786 homines
1233 758 1362 785 custodite
1373 762 1400 785 et
1411 757 1534 785 utilitatis
1551 764 1632 784 causa
1642 756 1725 784 alunt.
1739 756 1807 784 Cum

1021 805 1090 831 enim
1111 809 1236 838 sumptus
1251 804 1276 830 iu
1293 803 1366 830 litem
1381 803 1466 830 factos
1480 794 1525 837 qui
1541 810 1622 829 causa
1637 802 1736 829 cadunt
1754 802 1808 829 sol-

1022 855 1095 881 vant,
1117 850 1243 875 damnum
1269 848 1330 875 nulli
1354 847 1398 874 alii
1416 847 1464 879 rei,
1491 854 1570 881 quam
1590 846 1808 881 suminiquitatis

1021 894 1151 928 ituputent
1169 898 1286 927 oportet.
1302 892 1377 925 Quod
1398 892 1430 919 ad
1446 892 1554 926 longum
1572 895 1677 925 tempus
1695 891 1804 921 attinet,

1020 940 1091 975 quod
1107 940 1133 967 in
1146 940 1239 966 litibus
1256 938 1435 969 consumitur,
1452 937 1473 964 si
1490 937 1597 971 quando
1615 937 1639 964 id
1660 937 1761 968 evenit,
1779 936 1807 963 id

1019 985 1088 1019 juris
1115 984 1302 1019 providentius
1327 983 1435 1010 dicendi
1461 982 1547 1015 gratia
1573 981 1614 1014 lit,
1645 989 1680 1009 ne
1700 981 1807 1015 iudices

1020 1035 1197 1066 prnpcrautes
1226 1030 1260 1056 ab
1287 1031 1414 1056 accurata
1438 1026 1579 1061 judicandi
1602 1026 1708 1054 ratione
1726 1026 1808 1053 aber-

1021 1082 1090 1102 rent.
1107 1076 1151 1102 Sic
1168 1075 1240 1101 enim
1262 1074 1385 1109 judicant
1409 1073 1504 1100 melius
1518 1078 1590 1105 esse,
1606 1071 1711 1099 tardius
1727 1071 1807 1098 linem

1021 1118 1112 1145 litibus
1129 1119 1277 1152 imponere,
1295 1125 1376 1151 quam
1394 1117 1554 1144 festinantes
1572 1123 1626 1143 non
1650 1116 1739 1143 solum
1757 1115 1809 1142 ini-
1854 1114 1857 1115 ⁷

1021 1172 1101 1197 quum
1124 1164 1168 1197 jus
1197 1164 1222 1190 iu
1241 1164 1375 1190 hominem
1401 1167 1531 1195 statuere,
1562 1168 1655 1188 verum
1672 1161 1754 1188 etiam
1779 1161 1808 1187 in

1021 1209 1115 1240 Deum,
1127 1208 1238 1243 justitim
1250 1209 1427 1240 inventorem,
1443 1214 1565 1242 peccare.
1582 1206 1667 1241 Leges
1678 1211 1766 1233 autem
1780 1205 1807 1232 in

1021 1263 1113 1281 otnnes
1127 1255 1220 1288 posita:
1237 1259 1309 1286 sunt,
1326 1259 1353 1279 ut
1365 1253 1416 1280 illis
1430 1253 1510 1280 etiam
1526 1253 1583 1286 ipse
1598 1252 1745 1285 imperator
1763 1257 1809 1284 pa-

1023 1305 1087 1327 reat.
1112 1300 1215 1333 Neque,
1241 1299 1266 1325 id
1287 1299 1356 1332 quod
1379 1302 1422 1324 tua
1449 1297 1620 1324 accusatione
1641 1295 1806 1327 continetur,

1022 1346 1186 1381 potentiores
1209 1345 1230 1371 si
1254 1343 1422 1371 tenuioribus
1438 1343 1490 1370 vim
1508 1342 1635 1374 inferant,
1657 1341 1683 1368 id
1699 1340 1753 1368 illis
1767 1344 1808 1368 est

1021 1392 1140 1426 impune,
1167 1391 1218 1417 nisi
1249 1389 1311 1424 quis
1331 1389 1401 1415 forte
1429 1389 1516 1415 latens
1537 1394 1646 1422 pcenam
1663 1385 1806 1421 eliugerit;

1021 1437 1091 1470 quod
1108 1443 1159 1462 non
1180 1435 1267 1461 solum
1284 1434 1423 1466 divitibus,
1441 1433 1488 1460 sed
1505 1433 1587 1460 etiam
1611 1431 1736 1466 inopibus
1751 1430 1808 1465 ple-

1024 1488 1135 1515 runtque
1149 1488 1197 1507 usu
1212 1480 1285 1506 vertit
1304 1488 1311 1506 :
1333 1487 1394 1505 nam
1417 1478 1445 1505 hi
1469 1484 1586 1512 quoque,
1608 1477 1630 1504 si
1647 1479 1808 1511 argumenta

1024 1526 1162 1558 dcl‘n-iuut,
1192 1531 1366 1560 peccatorum
1394 1531 1488 1559 poenas
1515 1531 1567 1550 non
1593 1522 1712 1550 solvunt.
1730 1521 1808 1554 Quod

1024 1579 1075 1598 non
1092 1570 1177 1597 solum
1200 1570 1268 1603 apud
1286 1570 1433 1599 Romanos,
1452 1568 1498 1594 sed
1520 1568 1603 1594 etiam
1626 1566 1725 1600 ubique
1743 1572 1809 1599 gen-

1023 1616 1087 1643 timu
1101 1615 1207 1642 accidit.
1222 1614 1343 1642 Gratiam
1356 1621 1419 1640 vero
1433 1613 1575 1648 plurimam
1591 1612 1681 1645 ipsum
1699 1618 1748 1645 pro
1765 1617 1809 1637 re-

1021 1667 1096 1696 cepta
1113 1661 1237 1687 libertate
1252 1659 1366 1687 fortunae
1379 1659 1487 1690 debere,
1508 1664 1595 1692 neque
1615 1663 1676 1683 eam
1693 1655 1808 1682 domino

1023 1713 1159 1742 acceptam
1176 1706 1286 1733 referre.
1301 1705 1367 1732 Cum
1383 1705 1454 1732 enim
1470 1712 1532 1731 eum
1549 1704 1575 1730 in
1589 1702 1691 1730 bellum
1705 1701 1808 1729 eduxe-

1023 1755 1066 1785 rit,
1085 1741 1205 1788 potuisse
1219 1752 1252 1779 ab
1264 1751 1384 1779 hostibus
1401 1755 1511 1786 propter
1524 1749 1562 1776 rei
1579 1747 1704 1776 militaris
1717 1748 1806 1781 impe-
1831 1741 1836 1744 ”

1021 1800 1111 1826 ritiam
1124 1799 1221 1830 occidi,
1240 1802 1285 1823 aut
1302 1798 1323 1824 si
1338 1797 1460 1831 fugisset,
1479 1796 1512 1823 ab
1523 1802 1566 1827 eo,
1581 1795 1609 1821 in
1626 1794 1703 1829 cujus
1721 1793 1809 1820 domi-

1023 1846 1067 1872 nio
1082 1850 1150 1875 crat.
1180 1844 1281 1877 puniri.
1301 1842 1391 1876 Longe
1414 1846 1504 1869 autem
1529 1840 1647 1868 Romani
1667 1840 1811 1874 benignius

1023 1890 1109 1916 servis
1124 1887 1329 1914 consuluerunt.
1342 1884 1451 1912 Patrum
1468 1884 1539 1912 enim
1554 1888 1600 1910 aut
1615 1887 1810 1917 praceptorum

1022 1935 1145 1961 allectum
1173 1940 1234 1966 erga
1255 1940 1301 1959 eos
1326 1932 1464 1961 exhibent,
1493 1934 1521 1956 et
1543 1934 1572 1956 ut
1594 1936 1610 1955 a
1631 1927 1710 1954 malis
1725 1926 1813 1954 absti-

1023 1982 1114 2008 neant,
1133 1981 1239 2007 curant,
1255 1980 1282 2002 et
1297 1983 1402 2006 eorum,
1420 1982 1480 2009 qua:
1495 1974 1609 2001 honesta
1626 1973 1737 2003 ducunt,
1750 1978 1811 2005 par-

1023 2022 1116 2054 ticipes
1131 2020 1258 2046 eliiciunt.
1277 2019 1398 2052 Denique
1420 2018 1562 2053 corrigunt
1575 2024 1622 2044 eos
1636 2017 1662 2043 in
1680 2016 1733 2049 Itis,
1746 2022 1808 2050 qua:

1023 2067 1190 2101 delinquunt,
1208 2065 1277 2092 sicut
1302 2069 1328 2091 et
1345 2071 1409 2091 suos
1424 2063 1533 2090 liberos.
1550 2062 1606 2090 Nec
1625 2062 1697 2088 enim
1715 2067 1809 2088 servos

1023 2118 1108 2139 morte
1125 2111 1240 2143 allicere,
1259 2111 1329 2138 sicut
1342 2109 1412 2144 apud
1428 2109 1554 2144 Scythas,
1582 2107 1622 2134 fas
1643 2111 1694 2134 est.
1715 2106 1811 2134 Liber-

1026 2159 1088 2186 tatis
1102 2166 1164 2184 vero
1181 2156 1361 2190 adipiscendae
1378 2155 1470 2190 plures
1487 2159 1551 2182 sunt
1565 2153 1648 2181 modi.
1665 2152 1723 2179 Non
1738 2152 1811 2179 enim

1026 2205 1080 2241 62
1094 2204 1177 2231 solum
1193 2204 1238 2238 qui
1256 2203 1309 2229 vita
1326 2202 1462 2233 fruuntur,
1480 2201 1527 2228 sed
1547 2201 1628 2228 etiam
1649 2199 1694 2234 qui
1707 2206 1722 2225 e
1742 2197 1812 2225 vivis

187 2255 336 2285 excedunt,
367 2254 518 2281 libertatem
547 2254 664 2280 tribuere
692 2259 815 2288 possunt,
832 2262 892 2280 (ευιιι
926 2254 958 2280 dc
991 2253 1066 2279 bouis
1096 2251 1174 2282 suis,
1198 2254 1224 2276 ut
1253 2249 1351 2284 cuique
1379 2248 1497 2283 placeat,
1520 2251 1639 2274 statuere
1666 2246 1757 2277 liceat,
1783 2245 1811 2272 el

188 2301 365 2335 quodcunque
380 2300 440 2335 quis
462 2300 579 2328 tuoriens
609 2300 642 2326 de
658 2300 738 2326 rebus
754 2300 910 2327 domesticis
944 2298 1066 2332 jusserit,
1084 2298 1126 2324 lex
1143 2297 1188 2324 sit.
1211 2306 1220 2322 ι
1239 2295 1307 2322 Tum
1330 2294 1374 2322 ille
1391 2288 1501 2328 plorans
1529 2293 1627 2327 inquit,
1649 2291 1722 2327 leges
1741 2292 1812 2326 apud

189 2345 325 2374 ltmnanos
348 2347 434 2374 bonas
459 2350 487 2373 et
501 2345 694 2380 rempublicam
721 2345 850 2378 prmelare
875 2345 1048 2372 constitutam
1066 2351 1137 2373 esse,
1161 2342 1208 2370 sed
1235 2342 1421 2376 magistratus,
1448 2340 1493 2374 qui
1511 2347 1566 2368 non
1588 2346 1663 2374 teque
1683 2346 1714 2366 ac
1730 2335 1813 2373 prisci

189 2392 266 2426 probi
283 2398 310 2420 et
326 2393 472 2428 prudentes
487 2398 559 2426 sunt,
586 2400 645 2420 eam
668 2392 833 2420 labefactant
853 2398 882 2420 et
896 2397 1066 2427 pervertunt.

225 2438 316 2465 Ταῦτα
329 2438 526 2473 διαλεγομένων
549 2439 640 2473 ἡμῶν,
663 2438 818 2474 προσελθών
844 2446 886 2469 τις
916 2438 969 2464 τῶν

1058 2436 1120 2464 [late
1135 2437 1205 2463 inter
1221 2442 1270 2462 nos
1284 2434 1479 2462 disserentibus
1493 2433 1591 2467 aliquis
1603 2440 1637 2460 ex
1652 2430 1812 2459 domesticis

187 2482 408 2519 ἐνδοθενάνοίγει
423 2485 473 2515 τὰς
488 2484 573 2520 ούρας
592 2484 638 2511 τοῦ
662 2484 817 2519 περιϐόλου.
841 2482 913 2517 Ἐγὼ
942 2483 971 2510 δὲ

187 2531 371 2567 προσδραμὼν
399 2531 539 2566 ἐπυθόμην
565 2532 579 2558 ὅ
603 2540 629 2558 τι
651 2533 778 2568 πράττων
814 2531 973 2565 Ὀνηγήσιος

187 2577 517 2612 τυγχάνοι-ἀπαγγεῖλαι
534 2578 588 2613 γὰρ
609 2578 682 2613 αὑτῷ
712 2587 745 2613 με
775 2576 916 2613 βούλεσθαί
947 2584 973 2603 τι

189 2622 265 2658 «Iph
280 2622 303 2639 δ’
317 2623 365 2650 τοῦ
381 2623 526 2659 Ῥωμαίων
545 2624 658 2659 ἥκοντος
670 2623 847 2659 πρεσϐευτοῦ.
876 2623 923 2654 ’ος
945 2622 973 2649 δὲ

188 2669 367 2704 ἁπεκρίνατο,
383 2669 458 2704 αὐτῷ
474 2678 518 2705 μοι
547 2670 716 2702 ἐντεύξεσθαι
735 2670 831 2704 μικρὸν
859 2669 973 2703 ἀναμεί-

1016 2482 1148 2518 ⁴οηθεεείἰ
1166 2486 1302 2516 seplorum
1321 2482 1417 2507 domus
1433 2479 1504 2507 fores
1516 2478 1631 2513 aperuit.
1652 2478 1707 2512 Ego
1718 2476 1810 2504 statim

1024 2534 1168 2556 accurrere
1191 2530 1218 2554 et
1242 2532 1373 2560 quaerere,
1393 2531 1461 2559 quas
1476 2531 1520 2552 res
1536 2521 1809 2559 ageretOnegesius;

1024 2581 1068 2602 me
1083 2573 1156 2601 enitn
1171 2572 1272 2599 habere
1292 2578 1306 2597 a
1322 2569 1479 2602 Maximino,
1493 2569 1539 2604 qui
1557 2568 1662 2603 legatus
1679 2574 1694 2593 a
1709 2566 1809 2593 Itoma-

1023 2621 1066 2648 nis
1081 2619 1209 2650 venisset,
1224 2617 1295 2650 quod
1313 2616 1349 2643 illi
1363 2616 1491 2643 dicerem.
1506 2614 1553 2642 Ille
1566 2621 1632 2642 vero
1646 2612 1810 2647 Onagesium

1024 2664 1089 2692 mihi
1104 2663 1144 2691 sui
1163 2662 1295 2689 iacturum
1310 2659 1416 2695 copiam
1435 2657 1584 2693 reSpondit,
1597 2657 1620 2685 si
1641 2655 1748 2692 paulum
1760 2660 1809 2688 op-

829 2726 947 2755 VARUE
965 2721 1166 2753 LECTIONES.

248 2783 298 2819 "ﬁ
312 2785 359 2821 τοῦ
373 2785 403 2813 τὸ
414 2787 504 2821 χεῖρον
515 2779 610 2814 ὰπίΝ.
647 2785 670 2821 f‘
681 2785 861 2821 ἀνατιθέντῳν
876 2783 934 2811 Val.
956 2782 991 2821 ’ξι
1006 2781 1120 2821 eorum.
1138 2777 1209 2821 vuig.

724 2820 746 2837 ι’
761 2819 836 2855 παρὰ
863 2823 926 2846 ante
956 2816 1100 2852 Ῥωμαίων
1128 2812 1272 2845 excidisse,

191 2818 303 2856 xvdvtej
321 2820 373 2854 CL,
391 2818 590 2848 ἐπιδείκνυνται
616 2820 686 2856 vulg.

192 2858 268 2888 putat
282 2853 310 2881 Β.

1245 2775 1265 2792 ³⁷
1282 2776 1320 2807 ὡς
1341 2775 1410 2806 νει..
1424 2774 1438 2801 ὃ
1453 2774 1496 2806 Β.,
1512 2773 1542 2805 ὀς
1556 2773 1630 2808 vulg.
1666 2771 1689 2788 “
1705 2770 1808 2799 ἐπιδει-

1301 2814 1348 2838 aut
1370 2808 1517 2846 τοῦ-παρὰ
1545 2808 1719 2839 scribendum
1746 2813 1809 2838 esse
