4010 6210
417 281 520 342 733

1168 282 1264 341 DE
1308 281 1868 342 LEGATIONIBUS
1901 281 2388 345 ROMANORUM
2435 287 2534 344 AD
2571 285 2891 352 GENTES.

3541 295 3646 358 73$

417 405 511 457 νης
539 388 804 457 γαμετῆς,
831 388 918 442 διὰ
942 391 1046 442 τῶν
1072 392 1206 459 πρδς
1244 395 1308 461 τῇ
1343 391 1484 462 θύρα
1523 391 1828 461 Βαρϐάρων
1853 393 1976 445 ἐτυ-

2087 394 2254 458 posita
2289 403 2463 448 erant.
2505 395 2700 450 Circuli
2731 407 2910 451 autem
2941 413 2970 451 a
3007 397 3121 453 solo
3151 398 3464 467 incipientes
3514 418 3645 471 pau-

418 495 508 546 χον
531 479 756 540 εἰσόδου,
789 480 884 532 καὶ
907 479 1074 549 αὐτὴν
1103 482 1192 533 ἐπὶ
1220 480 1539 550 στρώματος
1573 481 1819 549 μαλακοῦ
1868 499 1983 534 κει-

423 569 588 638 μένην
647 569 965 635 κατέλαϐον,
1009 573 1120 632 τοῖς
1163 572 1226 623 ἐκ
1249 571 1348 638 τῆς
1407 571 1571 638 ἐρέας
1600 572 1856 634 πιλωτοίς
1885 573 1980 624 τοῦ

419 657 644 726 ἐδάφους
672 660 1023 727 σκεπομένου,
1064 660 1203 713 ὥστε
1239 660 1325 712 ἐπ’
1385 661 1562 714 αὐτῶν
1586 660 1838 730 βαδίζειν.
1874 666 1980 717 Πε-

422 751 596 818 ριεῖπε
653 749 709 801 δέ
770 750 940 820 αὐτὴν
998 750 1342 820 θεραπόντων
1379 752 1582 820 πλῆθος
1633 754 1846 824 κύκλῳο
1885 757 1981 809 καὶ

418 841 742 911 θεράπαιναι
765 843 855 894 ἐπὶ
885 842 979 894 τοῦ
1004 843 1239 918 ἐδάφους
1263 845 1490 914 ἀντικρὺ
1533 846 1704 916 αὐτῆς
1737 849 1980 918 καθήμε-

417 948 505 984 ναι
536 931 722 995 ὀθόνας
764 932 1017 1004 χρώμασι
1048 933 1420 1000 διεποίκιλλον,
1475 937 1980 1007 ἐπιϐληθησομένας

422 1024 556 1094 πρὸς
608 1026 808 1094 κόσμον
844 1025 1169 1096 ἐσθημάτων
1229 1027 1598 1098 βαρϐαρικῶν.
1653 1031 1977 1100 Προσελθὼν

417 1114 595 1167 τοίνυν
623 1117 813 1169 καὶτὰ
839 1117 988 1186 δῶρα
1039 1119 1176 1187 μετὰ
1205 1119 1296 1171 τὸν
1355 1121 1646 1189 ἀσπασμὸν
1702 1121 1824 1185 δοὺς
1874 1124 1974 1174 ὑπ-

417 1205 614 1277 εξῄειν,
638 1209 730 1260 καὶ
759 1207 854 1260 ἐπὶ
876 1207 946 1260 τά
971 1209 1134 1279 ἕτερα.
1180 1210 1425 1274 ἐϐάδιζον
1465 1212 1760 1282 οἰκήματα,
1812 1215 1870 1266 ἐν
1899 1209 1980 1278 οἷς

415 1297 711 1368 διατρίϐειν
739 1299 832 1351 τὸν
900 1300 1164 1370 Ἀττήλαν
1220 1300 1542 1370 ἐτύγχανεν,
1611 1303 1981 1372 ἀπεκδεχόμε-

417 1405 504 1451 νος
534 1389 578 1420 ‘°
605 1389 767 1441 ὁπότε
791 1389 1069 1455 ἐπεξέλθοι
1105 1391 1424 1462 Ὀνηγήσιος
1451 1408 1464 1421 ο
1489 1393 1588 1462 ήδη
1607 1392 1716 1461 γὰρ
1742 1395 1850 1445 ἀπὸ
1872 1394 1980 1446 τῶν

416 1479 579 1532 αὑτοῦ
609 1482 926 1549 οἰκημάτων
949 1479 1262 1551 ἐξεληλύθει
1298 1483 1396 1536 καὶ
1423 1483 1570 1536 ἔνδον
1611 1477 1698 1553 ἦν.
1759 1485 1980 1548 Μεταξὺ

417 1573 475 1627 δέ
514 1574 606 1627 τοῦ
637 1574 836 1636 παντὸς
860 1574 1149 1644 ἱστάμενος
1198 1573 1434 1644 πλήθους
1463 1573 1758 1644 (γνώριμός
1786 1592 1844 1626 τε
1875 1575 1982 1646 γὰρ

417 1668 492 1722 ὣν
540 1673 653 1732 τοῖς
710 1670 938 1740 Ἀττήλα
997 1673 1254 1741 φρουροῖς
1291 1671 1385 1725 καὶ
1437 1672 1547 1734 τοῖς
1579 1671 1980 1741 παρεπομένοις

426 1761 574 1830 αὐτῷ
605 1761 911 1831 Βαρϐάροις
959 1762 1053 1814 ὑπ’
1090 1762 1302 1825 οὐδενὸς
1353 1761 1783 1832 διεκωλυόμην),
1841 1759 1982 1815 εἶδον

416 1851 618 1920 πλῆθος
649 1853 1011 1920 πορευόμενον
1041 1854 1134 1906 καὶ
1167 1853 1328 1925 θροῦν
1352 1855 1443 1906 καὶ
1478 1853 1705 1924 θόρυϐον
1735 1855 1862 1924 περὶ
1891 1853 1983 1906 τὸν

415 1942 580 1994 τόπον
645 1943 932 2011 γενόμενον
963 1945 1027 2007 ⁵⁸,
1073 1945 1148 2009 ὠς
1205 1945 1300 1998 τοῦ
1359 1944 1590 2014 ’Λττήλα
1646 1945 1978 2010 ὑπεξιόντος.

377 2032 614 2103 ,Προῄει
671 2034 728 2086 δὲ
774 2034 868 2086 τοῦ
915 2037 1210 2105 οἰκήματος
1270 2035 1499 2105 βαδίζων
1553 2035 1818 2106 σοϐαρῶς,
1855 2035 1982 2104 τῇδε

418 2126 578 2176 κάκεῖ
625 2127 1111 2196 περιϐλεπόμενος.
1183 2128 1271 2190 Ὠς
1331 2127 1387 2180 δὲ
1440 2127 1748 2192 ὑπεξελθὼν
1779 2129 1873 2180 σὺν
1906 2127 1982 2197 τῷ

431 2217 740 2288 Ὀνηγησίῳ
783 2218 911 2288 ἔστη
955 2221 1060 2287 πρὸ
1090 2220 1182 2270 τοῦ
1217 2220 1536 2288 οἰκήματος,
1595 2219 1779 2272 πολλοὶ
1801 2220 1856 2270 δέ
1877 2219 1983 2271 τῶν

416 2309 854 2378 ἀμφισϐητήσεις
891 2309 1026 2378 πρὸς
1068 2310 1329 2378 ἀλλήλους
1387 2312 1618 2380 ἐχόντων
1673 2312 1982 2381 προσῄεσαν

417 2401 508 2451 καὶ
533 2397 629 2468 τὴν
658 2399 824 2451 αὑτοῦ
856 2401 1036 2468 κρίσιν
1062 2399 1307 2470 ἐδέχοντο
1336 2417 1350 2431 ·
1391 2398 1510 2454 εἶτα
1534 2404 1760 2472 ἐπανῄει
1805 2404 1879 2466 ὼς
1923 2405 1983 2456 τὸ

415 2491 643 2558 οἴκημα,
679 2491 773 2542 καὶ
804 2490 1060 2559 πρέσϐεις
1112 2491 1244 2560 παρ’
1285 2493 1444 2546 αὑτὸν
1487 2493 1723 2563 ἥκοντας
1766 2495 1980 2563 Βαρδά-

419 2597 545 2650 ρους
577 2581 808 2650 ἐδέχετο.

499 2672 652 2742 Ἐμοὶ
681 2672 735 2725 δέ
766 2671 1184 2742 άπεκδεχομένῳ
1210 2672 1298 2726 τὸν
1348 2674 1667 2744 Ὀνηγήσιον
1709 2676 1984 2744 Ῥωμύλος

417 2764 512 2818 καὶ
544 2763 854 2834 Προμοῦτος
880 2765 973 2816 καὶ
1013 2765 1289 2832 Ῥωμανὸς
1337 2767 1386 2818 οἱ
1419 2765 1478 2830 ἐξ
1521 2767 1752 2831 Ἰταλίας
1801 2769 1984 2822 ἐλθόν-

416 2873 508 2920 τες
540 2857 687 2926 παρὰ
711 2857 802 2908 τὸν
840 2857 1100 2926 Ἀττήλαν
1135 2858 1394 2926 πρέσϐεις
1419 2859 1528 2912 τῶν
1565 2861 1774 2929 φιαλῶν
1817 2863 1982 2916 ἓνεκα

417 2947 527 3000 τῶν
550 2946 790 3016 χρυσῶν,
818 2947 1196 3016 συμπαρόντος
1239 2951 1422 3012 αὑτοῖς
1478 2951 1572 3002 καὶ
1645 2951 1982 3005 Ῥουστικίου

2083 481 2230 534 latim
2260 483 2522 536 in'altum
2570 488 2947 554 assurgebant.
3004 489 3098 542 llic
3133 489 3414 544 habitabat
3468 493 3647 545 Attilee

2084 587 2237 634 uxor,
2287 573 2352 625 ad
2403 588 2563 641 quam
2595 591 2622 627 a
2658 577 2933 639 Barbaris,
2962 578 3051 646 qui
3085 579 3228 632 circa
3256 579 3446 647 januas
3471 591 3646 646 erant,

2083 671 2271 716 nactus
2302 664 2526 728 aditum,
2575 665 2739 732 ipsam
2775 668 3100 736 deprehendi
3153 670 3206 722 in
3237 669 3378 723 molli
3411 671 3646 740 stragula

2076 751 2362 819 iacentem.
2406 753 2532 806 Erat
2572 763 2752 807 autem
2783 757 3145 820 pavimentum
3179 757 3347 813 laneis
3381 761 3648 828 tapetibus

2081 853 2329 908 stratum,
2384 845 2436 897 in
2482 845 2675 913 quibus
2726 847 3090 901 constitimus.
3148 848 3645 902 Eamfamulorum

2083 936 2365 989 multitudo
2393 937 2444 990 in
2476 937 2658 991 orbem
2688 939 3090 1001 circumstabat,
3133 949 3188 993 et
3220 941 3430 994 ancillae
3461 956 3524 994 ex
3556 942 3649 994 ad-

2078 1042 2238 1082 verso
2290 1029 2434 1081 humi
2485 1032 2735 1084 sedentes
2803 1030 2938 1084 telas
2984 1031 3254 1086 coloribus
3284 1031 3646 1101 variegabant,

2081 1135 2199 1188 quae
2232 1120 2468 1175 vestibus
2491 1120 2849 1176 Barbarorum
2881 1123 2947 1174 ad
2973 1131 3219 1175 ornatum
3239 1123 3649 1192 superinjiciun-

2081 1222 2185 1266 tur.
2227 1213 2394 1268 Cerea
2425 1215 2676 1275 salutata,
2705 1223 2758 1268 et
2788 1213 3098 1267 muneribus
3121 1214 3356 1277 traditis,
3377 1229 3648 1284 egressus,

2081 1314 2398 1371 exspectans
2445 1305 2569 1359 dum
2617 1305 2910 1375 Onegesius
2953 1305 3094 1374 regia
3129 1305 3301 1358 exiret
3347 1305 3476 1372 (jam
3507 1307 3647 1358 enim

2081 1410 2111 1448 e
2138 1397 2298 1450 domo
2328 1411 2423 1450 sua
2454 1397 2578 1451 illuc
2609 1397 2877 1466 venerat),
2928 1397 2994 1449 ad
3025 1396 3232 1464 reliqua
3273 1396 3520 1455 :editlcia.
3559 1396 3647 1449 ubi

2082 1484 2276 1538 Attilas
2305 1489 2765 1549 commorabatur,
2803 1487 3066 1555 processi.
3128 1487 3226 1540 Hic
3258 1485 3384 1541 dtuu
3419 1501 3518 1557 ego
3543 1496 3652 1540 sta-

2085 1589 2194 1627 rem
2235 1590 2354 1628 cum
2399 1577 2603 1647 reliqua
2651 1577 2991 1630 multitudine
3041 1577 3191 1645 (nec
3239 1577 3382 1631 enim
3420 1592 3641 1632 accessu

2084 1667 2246 1722 ullius
2275 1668 2376 1720 loci
2410 1668 2752 1736 prohibebar,
2789 1669 2984 1738 quippe
3014 1670 3104 1738 qui
3134 1669 3310 1724 Attila;
3344 1671 3651 1725 custodibus

2086 1771 2137 1813 et
2171 1759 2450 1824 Barbaris,
2489 1761 2580 1830 qui
2625 1777 2746 1814 eum
2795 1763 3217 1821 assectahantur,
3270 1775 3416 1816 erant
3449 1762 3651 1830 notus),

2085 1852 2190 1906 vidi
2229 1867 2477 1922 magnam
2510 1853 2743 1916 turbam,
2776 1867 2881 1920 qua
2909 1852 3177 1920 prodibat,
3206 1861 3532 1919 currentem,
3565 1863 3652 1908 tu-

2084 1943 2305 1998 multum
2333 1951 2387 1996 et
2411 1943 2691 2010 strepitum
2711 1943 3060 1997 excitantem.
3082 1943 3276 1997 Attilas
3297 1944 3455 1997 domo
3476 1959 3654 2015 egres-

2083 2051 2193 2100 sus,
2228 2035 2374 2104 gravi
2402 2034 2570 2097 vultu,
2623 2034 2864 2087 omnium
2898 2035 3067 2089 oculis
3099 2050 3316 2105 quaqua
3367 2052 3554 2096 versus
3601 2039 3652 2090 in

2084 2143 2203 2183 eum
2235 2129 2535 2191 conversis,
2571 2127 2828 2182 incedens
2861 2143 2982 2182 cum
3016 2128 3302 2198 Onegesio,
3338 2146 3437 2198 pro
3453 2131 3655 2186 milibus

2035 2260 2039 2265 .
2086 2220 2346 2274 substitit.
2384 2219 2483 2272 llic
2513 2234 2631 2271 eum
2670 2219 2844 2282 multi,
2893 2219 3090 2287 quibus
3116 2232 3267 2274 erant
3312 2221 3452 2284 lites,
3507 2221 3656 2276 adie-

2086 2320 2230 2374 runt,
2277 2319 2330 2363 et
2359 2309 2474 2378 ejus
2506 2309 2760 2375 iudicium
2793 2321 3142 2380 exceperunt.
3199 2309 3401 2366 Deinde
3440 2312 3654 2366 domum

2085 2401 2322 2467 repetiit,
2353 2411 2404 2454 et
2432 2400 2778 2454 barbararqu
2807 2403 3047 2471 gentium
3085 2402 3307 2471 legatos,
3356 2402 3447 2472 qui
3493 2403 3560 2456 ad
3597 2417 3656 2457 se

2086 2501 2364 2553 venerant,
2400 2492 2637 2547 admisit.

2155 2671 2236 2725 Me
2265 2685 2411 2736 vero,
2438 2670 2563 2723 dmn
2591 2669 2911 2740 Ouegcsium
2948 2675 3350 2742 exspectabam,
3373 2675 3654 2745 Romulus,

2085 2762 2374 2816 Promutus
2401 2770 2455 2816 et
2477 2759 2772 2827 Romanus,
2801 2761 2962 2830 legati
2987 2763 3054 2817 de
3082 2765 3224 2818 vasis
3253 2765 3430 2819 aureis
3455 2780 3519 2819 ex
3551 2765 3657 2820 Ita-

2087 2855 2151 2906 lia
2180 2853 2245 2906 ad
2275 2852 2490 2905 Attilam
2526 2851 2691 2906 missi.
2715 2868 2814 2904 una
2848 2867 2966 2905 cum
3000 2851 3262 2917 Rusticio,
3289 2853 3378 2923 qui
3413 2854 3464 2907 in
3494 2853 3662 2908 comi-

2087 2954 2195 2997 tatu
2230 2943 2529 2997 Constantii
2576 2952 2712 3004 erat,
2767 2951 2820 2996 et
2871 2943 3238 2998 Constantiolo
3281 2959 3348 2998 ex
3400 2941 3655 2998 Paeonum

416 3042 511 3097 τοῦ
542 3043 684 3096 κατὰ
712 3042 1113 3104 Κωνστάντιον,
1149 3043 1242 3095 καὶ
1289 3044 1747 3109 Κωνσταντιόλου,
1794 3045 1983 3115 ἀνδρὸς

2093 3035 2329 3102 regione,
2385 3048 2504 3102 quae
2547 3033 2728 3086 Attilae
2779 3033 3038 3102 parebat,
3101 3050 3186 3088 me
3237 3043 3363 3092 sunt
3409 3049 3660 3094 sermone

419 3139 481 3190 ἐκ
507 3135 604 3206 τῆς
631 3136 872 3188 Παιόνων
908 3134 1094 3204 χώρας
1130 3133 1232 3202 τῆς
1286 3135 1391 3187 ὑπὸ
1446 3135 1680 3214 ’Λττήλᾳ
1726 3139 1988 3206 ταττομέ-

418 3246 535 3299 νης,
575 3231 630 3291 ἐς
651 3227 843 3294 λόγους
880 3222 1064 3298 ἦλθον,
1090 3229 1183 3280 καὶ
1217 3225 1511 3298 ἀνηρώτων
1528 3215 1753 3297 πότερον
1781 3228 1987 3297 διηφεί-

419 3321 612 3390 θημεν,
645 3318 678 3388 ἢ
712 3317 1005 3388 ὑπομένειν
1035 3317 1481 3387 ἀναγκαζόμεθα.
1535 3319 1644 3370 Καὶ
1703 3316 1838 3387 ἐμοῦ
1883 3320 1987 3388 φή-

419 3426 627 3474 σαντος,
662 3410 736 3474 ὡς
761 3409 948 3463 τούτου
969 3411 1127 3480 χάριν
1155 3409 1488 3478 πευσόμενος
1530 3408 1624 3461 τοῦ
1664 3409 1986 3480 Ὀνηγησίου

415 3507 524 3565 τοῖς
552 3503 864 3572 περιϐόλοις
888 3501 1311 3573 προσκαρτερῶ,
1365 3501 1458 3553 καὶ
1509 3501 1982 3570 ἀντερωτήσαντος

417 3596 465 3646 εἰ
488 3593 533 3624 ⁸³
566 3593 747 3655 αὑτοῖς
775 3594 802 3644 ό
843 3591 1104 3661 ’Λττήλας
1127 3591 1334 3662 ἥμερόν
1367 3608 1421 3642 τι
1465 3591 1510 3622 ⁸³
1537 3591 1630 3644 καὶ
1656 3593 1829 3658 πρᾶον
1857 3592 1988 3663 περὶ

417 3683 712 3753 πρεσϐείας
736 3683 1090 3752 ἀπεκρίνατο,
1123 3683 1308 3749 ἔλεγον
1335 3682 1599 3752 μηδαμῶς
1636 3685 1984 3754 μετατρέπε-

420 3775 547 3827 σθαι
596 3775 692 3844 τῆς
745 3773 994 3842 γνώμης,
1031 3774 1165 3828 ἀλλὰ
1193 3775 1428 3844 πόλεμον
1476 3777 1892 3844 καταγγέλλειν,
1938 3779 1987 3829 εί

424 3864 498 3933 μή
548 3881 610 3931 γε
662 3863 814 3932 αύτῷ
869 3863 1191 3932 Σιλϐανδςῆ
1240 3864 1307 3915 τὰ
1361 3864 1664 3933 ἐκπώματα
1687 3866 1984 3934 πεμφθείη,

431 3953 956 4021 Ἀποθαυμαςόντων
983 3953 1036 4005 δὲ
1071 3953 1228 4021 ἡμῶν
1268 3954 1367 4022 τῆς
1423 3955 1682 4017 ἀπονοίας
1713 3957 1804 4007 τὸν
1845 3957 1988 4024 Βάρ-

419 4046 605 4115 εαρον,
635 4044 918 4098 ὑπολαϐὼν
944 4046 971 4096 ό
1009 4043 1305 4111 Ῥωμύλος,
1349 4045 1693 4115 πρεσϐευτὴς
1723 4045 1862 4116 ἀνὴρ
1894 4047 1988 4098 καὶ

418 4137 626 4189 πολλῶν
673 4135 1014 4205 πραγμάτων
1069 4134 1351 4204 ἔμπειρος,
1387 4135 1541 4202 ἔλεγε
1577 4134 1675 4206 τὴν
1702 4137 1865 4189 αὑτοῦ
1893 4154 1988 4206 με-

417 4229 609 4298 γίστην
637 4226 804 4296 τύχην
838 4229 931 4279 καὶ
959 4225 1056 4296 τὴν
1085 4226 1148 4277 ἐκ
1180 4227 1277 4292 τῆς
1299 4225 1468 4296 τύχης
1493 4226 1722 4295 δύναμιν
1747 4227 1985 4298 ἐξαίρειν

415 4321 595 4383 αὑτὸν,
621 4319 760 4372 ὥστε
793 4317 868 4388 μὴ
899 4316 1425 4386 ἀνέχεσθαιδικαίων
1455 4317 1649 4384 λόγων,
1679 4321 1726 4371 εί
1753 4321 1828 4388 μὴ
1851 4319 1986 4389 πρὸς

2088 3125 2282 3189 adorti,
2313 3135 2368 3178 et
2399 3127 2891 3193 interrogaverunt,
2921 3124 3032 3197 64
3086 3136 3264 3182 utrum
3305 3131 3533 3194 dimissi,
3590 3146 3657 3183 an

2090 3231 2308 3270 manere
2351 3217 2524 3270 coacti
2569 3231 2831 3270 essemus.
2915 3236 2932 3268 ι
2971 3217 3025 3271 ld
3055 3219 3250 3286 ipsum,
3295 3221 3555 3290 inquam,
3603 3229 3662 3274 ut

2087 3311 2252 3364 sciam
2281 3323 2346 3362 ex
2371 3309 2656 3377 Ouegesio,
2686 3308 2822 3362 intra
2849 3309 2948 3363 ista
2984 3320 3131 3377 septa
3161 3313 3430 3380 opperior.
3471 3331 3488 3362 ι
3524 3311 3659 3365 Tum

2086 3416 2188 3472 ego
2219 3402 2337 3456 illos
2384 3401 2621 3456 vicissim
2659 3403 3022 3469 percunctari,
3057 3417 3124 3456 an
3158 3403 3370 3470 aliquod
3409 3405 3537 3458 mite
3571 3418 3659 3458 re-

2088 3509 2343 3562 sponsum
2376 3493 2441 3546 ad
2473 3507 2557 3554 ea,
2603 3492 2669 3548 de
2700 3494 2894 3562 quibus
2929 3493 3086 3564 legati
3132 3503 3412 3558 venerant,
3464 3495 3530 3548 ab
3561 3495 3659 3548 At-

2090 3586 2180 3639 tila
2220 3586 2491 3640 tulissent.
2529 3584 2878 3655 Nequaquam
2914 3588 3065 3641 aiunt
3093 3587 3239 3640 illum
3273 3588 3459 3642 deduci
3489 3604 3515 3640 a
3545 3604 3661 3643 sen-

2091 3677 2280 3739 tentia,
2317 3679 2410 3731 sed
2445 3677 2641 3731 bellmu
2679 3679 2872 3732 minari
2904 3689 2957 3732 et
2999 3680 3340 3744 denuntiare,
3379 3681 3434 3734 ni
3467 3680 3659 3750 Sylva-

2088 3782 2190 3820 nus
2237 3775 2331 3818 aut
2380 3767 2570 3835 pocula
2622 3769 2907 3821 dedantur.
2971 3768 3076 3822 Nos
3113 3784 3244 3823 vero
3287 3785 3406 3824 cum
3437 3771 3659 3824 Barbari

2091 3859 2413 3911 miraremur
2442 3859 2606 3911 animi
2634 3859 3038 3926 impotentiam,
3071 3861 3349 3923 Romulus,
3378 3863 3457 3913 vir
3483 3863 3664 3915 multis

2092 3947 2660 4002 honorificentissimis
2717 3947 3071 4016 legationibus
3120 3949 3334 4004 functus
3383 3961 3437 4004 et
3493 3951 3686 4004 multo.

2092 4053 2268 4091 rerum
2300 4053 2396 4090 usu
2429 4035 2702 4104 praeditus,
2757 4036 2854 4100 ait,
2889 4038 3120 4089 secunda
3162 4037 3372 4092 fortuna
3403 4048 3456 4093 et
3483 4049 3665 4108 poten-

2092 4131 2160 4183 tia
2199 4129 2322 4183 inde
2353 4127 2574 4182 colleCta
2611 4128 2745 4182 adeo
2779 4126 2926 4180 illum
2960 4127 3161 4190 elTert-i,
3199 4140 3256 4181 ut
3283 4128 3441 4197 justis
3468 4143 3664 4185 sermo-

2090 4222 2244 4274 nibus
2275 4217 2475 4272 nullum
2508 4218 2647 4286 apud
2681 4232 2742 4272 se
2785 4215 2960 4270 locum
3007 4218 3356 4288 relinqueret,
3415 4221 3515 4275 nisi
3563 4236 3662 4277 eos

2090 4326 2156 4365 ex
2177 4325 2235 4364 re
2263 4325 2359 4364 sua
2392 4323 2512 4363 esse
2546 4317 2814 4362 censeret.
2856 4307 3022 4363 Nemo
3060 4325 3296 4378 unquam
3331 4326 3538 4375 eorum,
3571 4313 3662 4380 qui

416 4410 578 4466 αὑτοῦ
608 4409 655 4442 ⁸⁸
683 4411 876 4479 νομίη
906 4409 1170 4479 ὑπάρχειν
1199 4408 1414 4470 αὐτούς.
1442 4409 1630 4461 Ούδενὶ
1651 4410 1720 4440 ⁸⁵*
1746 4411 1853 4480 γὰρ
1879 4413 1983 4462 τῶν

2091 4408 2143 4461 in
2182 4405 2425 4474 Scythia,
2461 4403 2543 4457 vel
2567 4401 2694 4455 alibi
2719 4410 3036 4469 regnarunt,
3065 4375 3242 4455 tantas
3267 4416 3353 4454 res
3379 4413 3483 4454 tam
3515 4375 3663 4457 brevi

419 4503 636 4555 πώποτε
669 4502 764 4575 τῆς
823 4500 1148 4571 Σκυθικῆςῆ
1193 4501 1286 4552 καὶ
1339 4501 1530 4570 ἐτέρας
1577 4500 1854 4570 ἀρξάντων
1885 4503 1990 4574 γῆς

415 4593 655 4646 τοσαῦτα
692 4593 750 4645 ὲν
777 4591 939 4661 ὀλίγῳ
976 4591 1432 4661 καταπεπρέιχθαι
1478 4591 1547 4655 ⁸⁸,
1580 4592 1721 4644 ὥστε
1758 4594 1985 4646 καὶτῶν

417 4685 474 4735 ἐν
498 4684 573 4752 τῷ
595 4683 835 4752 Ὠκεανῷ
855 4683 1036 4752 νήσων
1061 4681 1266 4750 ἄρχειν,
1293 4683 1386 4733 καὶ
1412 4681 1547 4750 πρὸς
1588 4682 1734 4753 πάσῃ
1758 4686 1822 4752 τῇ
1847 4685 1984 4736 Σκυο

416 4781 540 4852 θικῇ
567 4783 660 4833 καὶ
692 4779 994 4848 Ῥωμαίους
1017 4778 1159 4848 ἔχειν
1186 4778 1238 4837 ἐς
1265 4777 1431 4845 φόρου
1448 4778 1771 4848 ἀπαγωγήν.
1795 4777 1982 4845 Ἐφιέ-

425 4889 583 4942 μενον
614 4872 669 4924 δέ
705 4871 837 4941 πρὸς
868 4872 980 4932 τοῖς
1019 4868 1254 4930 παροῦσι
1317 4867 1576 4920 πλειόνων
1608 4870 1702 4920 καὶ
1733 4869 1825 4920 ἐπὶ
1873 4872 1990 4936 μεῖ-

421 4963 514 5025 ζον
549 4961 780 5028 αὔξοντα
801 4961 898 5031 τὴν
929 4960 1123 5029 ἀρχὴν,
1157 4959 1249 5010 καὶ
1279 4957 1334 5016 ἐς
1362 4958 1575 5026 Πέρσας
1603 4957 1824 5009 ἀπιέναι
1864 4957 1991 5026 βού-

418 5053 628 5106 λεσθαι.
660 5051 782 5104 Τῶν
807 5051 862 5104 δέ
892 5053 948 5104 ἐν
981 5052 1113 5120 ἡμῖν
1164 5066 1307 5110 τινος
1341 5047 1649 5116 πυθομένου
1684 5048 1841 5100 ποίαν
1873 5051 1988 5102 ὁδὸν

416 5145 647 5215 τραπεὶς
687 5145 742 5206 ἐς
772 5143 985 5213 Πέρσας
1018 5141 1192 5194 ἐλθεῖν
1224 5140 1537 5208 δυνήσεται.
1573 5138 1761 5205 ἔλεγεν
1789 5141 1816 5191 ό
1855 5137 1988 5192 Ῥω-

423 5239 608 5308 μύλος,
650 5237 723 5306 μὴ
759 5234 936 5304 πολλῴ
970 5233 1297 5302 διαστήματι
1327 5231 1424 5301 τὴν
1455 5230 1653 5300 Μήδων
1686 5233 1986 5298 ἀφεστάναι

2089 4513 2327 4570 tempore
2373 4497 2560 4568 gessit.
2631 4495 2820 4549 Totius
2888 4494 3122 4564 Scythia:
3171 4493 3506 4547 dominatum
3561 4494 3661 4546 sibi

2085 4591 2439 4661 comparavit,
2489 4599 2543 4642 et
2574 4588 2638 4641 ad
2669 4585 2870 4641 Oceani
2909 4586 3114 4640 insulas
3164 4600 3333 4654 usque
3380 4584 3660 4654 imperimu

2082 4699 2236 4738 situm
2265 4679 2528 4745 extendit,
2568 4687 2624 4730 ut
2653 4678 2815 4731 etiam
2844 4692 2873 4729 a
2901 4675 3168 4729 Romanis
3221 4677 3415 4729 tributa
3462 4676 3659 4745 exigat.

2081 4773 2190 4826 Nec.
2220 4771 2302 4823 his
2331 4777 2635 4832 contentus,
2691 4767 2754 4819 ad
2791 4766 2948 4834 longe
2983 4765 3188 4833 majora
3237 4765 3472 4816 animum
3504 4765 3660 4830 adje-

2092 4865 2186 4926 cit,
2231 4872 2286 4916 et
2316 4861 2478 4914 latius
2506 4859 2718 4928 imperii
2754 4859 2838 4912 sui
2871 4858 3005 4910 ﬁnes
3040 4857 3360 4925 protendere
3389 4867 3441 4908 et
3470 4855 3665 4908 Persas

2094 4955 2230 5009 bello
2259 4951 2475 5022 aggredi
2511 4950 2735 5017 cogitat.
2790 4946 2910 5002 Uno
2939 4962 3004 5000 ex
3044 4947 3199 5000 nobis
3228 4956 3522 5012 qumrente,
3559 4960 3662 5012 qua

2099 5045 2181 5097 via
2226 5057 2256 5098 e
2291 5039 2512 5110 Scythia
2556 5039 2610 5092 in
2638 5038 2833 5092 Persas
2882 5037 3101 5091 tendere
3145 5043 3346 5103 posset,
3401 5032 3664 5088 Roniulus

2089 5135 2245 5200 dixit,
2307 5147 2409 5186 non
2443 5131 2600 5200 longo
2628 5129 2873 5183 locorum
2909 5128 3192 5183 intervallo
3221 5127 3402 5180 Medos
3446 5124 3662 5178 dissitos

2093 5243 2212 5284 esse
2243 5242 2270 5279 a
2302 5224 2538 5295 Scythis,
2584 5236 2758 5291 neque
2786 5219 3009 5274 llunnos
3057 5219 3198 5274 hanc
3241 5217 3380 5272 viam
3433 5215 3658 5278 nescire,

1681 5387 1912 5444 VARIE
1951 5385 2348 5449 LECTIONES.

494 5533 538 5562 ⁶⁰
569 5531 880 5600 ἐτύγχανεν,
941 5527 1376 5596 ἀπεκδεχόμενος
1407 5525 1498 5588 Π..
1531 5526 1846 5594 ἐτύγχανον,
1880 5528 2300 5596 ἀπεκδεχόμενοι
2331 5522 2497 5589 vulg.,
2528 5519 2858 5579 συνέϐαινεν,
2894 5515 3064 5568 άπεκδ
3125 5513 3184 5564 Β.

494 5603 534 5627 ..ι
612 5602 647 5627 ι’)
722 5589 789 5627 ἠ
831 5603 873 5627 ,ι
933 5599 1032 5627 ..,1.ι
1089 5597 1126 5627 n
1221 5597 1572 5627 ..ιιρρληηηιιι
1633 5595 1670 5627 ιι
1770 5597 1813 5627 ει
1843 5613 1890 5627 α..
1942 5598 1980 5627 Μ
2079 5614 2135 5627 ..-
2198 5595 2323 5627 υηΙη
2421 5593 2466 5623 οι
2500 5591 2662 5627 m‘iem‘.
2706 5589 2741 5627 Ν
2841 5588 3004 5627 m'nhu
3038 5586 3178 5627 vulg-

415 5603 558 5668 conj.
611 5595 789 5654 Bf'"
829 5603 876 5651 εἰ
931 5599 1054 5652 add.
1089 5595 1171 5659 8.,
1221 5597 1445 5664 πότερον
1473 5597 1596 5649 add.
1633 5595 1694 5648 ll.
1770 5597 1813 5627 ⁶³
1843 5613 1894 5648 τι
1940 5598 2027 5660 N.,
2079 5614 2137 5648 τε

416 5670 567 5723 οὔπω
604 5672 742 5737 vulg.
824 5671 867 5702 ⁵⁸
898 5666 1353 5736 καταπεπρᾶχθαι
1378 5665 1460 5730 Β.,
1490 5665 1841 5734 κατεπράχθη
1876 5668 2019 5737 vnlg.

416 5670 567 5723 οὔπω
604 5672 742 5740 vulg.

3290 5513 3329 5544 ⁶¹
3371 5514 3656 5584 γινόμενον

2198 5595 2342 5663 vulg.
2421 5583 2466 5623 ‘v‘
2499 5591 2662 5646 αὑτοῦ
2704 5589 2790 5651 N.,
2841 5588 3004 5640 αὑτὸν
3038 5586 3179 5653 vulg.
3263 5584 3327 5614 δ”
3361 5585 3530 5638 οὐδενὶ
3563 5583 3649 5649 Ν.,
