4056 6210
480 257 584 320 735

1497 251 1889 311 EXCERPTA
1930 252 2030 310 EX
2073 252 2341 312 PRISCO
2380 254 2744 315 RIIETOBE

3610 257 3714 319 ’ῖθῦ

485 372 579 426 sed
603 370 754 434 olim,
787 371 930 426 fame
961 383 1054 438 per
1075 381 1260 422 eorum
1297 364 1567 433 regionem
1591 373 1893 435 grassante,
1925 380 2044 419 cum

2162 366 2247 435 τῆς
2281 367 2576 436 Σκυθικῆς,
2600 367 2719 420 ούδέ
2760 366 2994 429 Ούννους
3024 368 3281 435 ἀπείρους
3312 367 3412 436 τῆς
3440 368 3561 422 ὁδοῦ
3589 370 3719 422 ταύ-

485 460 716 514 Romani
748 469 961 529 propter
987 456 1206 517 bellum,
1261 455 1400 522 quod
1431 467 1557 508 tunc
1608 456 1863 522 temporis
1895 471 2048 526 gere-

487 555 637 618 bant,
686 551 904 605 minime
955 563 1074 602 cum
1125 547 1228 600 illis
1277 546 1462 615 prmlio
1519 548 1895 610 decertarent,
1953 549 2052 600 hac

485 641 764 708 irrupisse,
795 650 847 692 et
878 639 943 692 ad
965 636 1148 692 Medos
1173 651 1341 705 usque
1370 635 1622 692 Bazicum
1657 648 1710 691 et
1743 638 2049 701 Cursicum,

485 731 649 784 duces
695 730 968 797 ipsorum,
1019 743 1050 783 ο
1091 729 1252 798 regiis
1289 727 1506 798 Scythis
1545 730 1838 794 oriundos,
1889 745 2052 797 pene-

485 831 678 887 trasse,
709 820 797 889 qui
829 827 1012 887 postea
1045 834 1164 873 cum
1201 835 1388 888 magna
1417 821 1691 874 hominum
1717 821 2054 874 multitudine

484 910 713 964 Romam
749 911 814 963 ad
851 909 1274 966 contrahendam
1309 924 1579 963 armorum
1609 910 1922 964 societatem
1962 924 2054 964 ve-

483 1003 708 1057 nissent.
767 1001 876 1056 llos
905 1015 1175 1064 narrasse,
1201 1016 1298 1068 per
1337 1001 1622 1068 quamdam
1673 1001 1939 1055 desertam
1969 1014 2054 1056 re-

486 1092 700 1162 gionem
725 1091 828 1148 illis
853 1094 953 1146 iter
983 1092 1171 1158 fuisse,
1204 1102 1258 1146 et
1283 1091 1526 1161 paludem
1562 1093 1859 1162 trajeeisse,
1892 1108 2053 1162 quam

485 1181 748 1238 Romulus
769 1183 1111 1237 existimabat
1137 1197 1258 1238 esse
1299 1182 1598 1236 Msnotidem
1621 1200 1634 1236 :
1664 1182 1876 1248 deinde,
1902 1183 2057 1250 quin-

487 1274 660 1328 decim
701 1273 894 1329 diebus
919 1274 1139 1342 elapsis,
1195 1288 1290 1342 per
1334 1283 1542 1326 montes
1588 1273 1870 1341 quosdam,
1923 1288 2057 1342 quos

485 1375 855 1430 superassent,
908 1364 960 1417 in
1003 1363 1228 1416 Mediam
1291 1363 1653 1417 descendisse.
1714 1361 1796 1417 lbi
1847 1367 2056 1433 praedas

487 1454 775 1524 agentibus
825 1463 878 1508 et
929 1454 1338 1508 excursionibus
1367 1467 1525 1522 agros
1569 1455 1903 1508 vastantibus
1927 1453 2057 1509 Per-

485 1546 654 1600 sicum
701 1561 891 1615 agmen
949 1545 1333 1614 superveniens
1386 1545 1505 1599 telis
1555 1557 1682 1598 aera
1740 1545 2050 1611 rcplevisse.

486 1633 670 1706 Itaque
699 1637 1026 1690 imminentis
1064 1636 1286 1704 periculi
1330 1643 1471 1690 metu
1521 1645 1668 1690 retro
1708 1637 2056 1700 abscessisse,

487 1737 536 1780 et
573 1742 666 1796 per
697 1737 907 1781 montes
935 1741 1229 1798 regressus,
1261 1726 1550 1795 pauxillum
1580 1727 1768 1796 pnedae
1791 1728 2053 1795 abegisse.

485 1817 728 1887 Magnam
757 1819 898 1872 enim
924 1830 1126 1888 partem
1164 1819 1344 1874 Medos
1370 1821 1664 1876 extorsisse
1696 1839 1711 1876 :
1766 1820 1908 1888 ipsos
1956 1835 2054 1875 au-

489 1919 618 1973 tem,
651 1920 709 1964 ut
737 1911 1170 1980 persequentium
1204 1911 1435 1964 hostium
1471 1910 1727 1978 impetum
1761 1911 2052 1976 evitarent,

484 1999 554 2054 ad
587 1998 745 2053 aliam
779 1999 921 2054 viam
958 1998 1259 2054 deﬂexisse.
1301 1997 1367 2053 Et
1408 2013 1504 2068 per
1541 1999 1680 2065 loca,
1703 1999 1792 2054 ubi
1818 2015 1883 2056 ex
1906 2010 2056 2068 petra

488 2091 760 2144 maritima
799 2090 1017 2144 ﬂamma
1048 2091 1224 2153 ardet,
1253 2091 1397 2145 illiue
1430 2091 1720 2161 profectos,
1847 2093 2056 2147 dierum

491 2180 766 2243 itineregin
806 2181 960 2236 sedes
991 2196 1117 2236 suas
1154 2182 1466 2238 revertisse.
1514 2183 1688 2251 Atque
1712 2198 1778 2238 ex
1813 2198 1879 2239 eo
1923 2186 2058 2240 satis

489 2271 710 2336 vidisse,
742 2285 844 2324 non
873 2287 1066 2342 magno
1095 2272 1376 2328 intervallo
1407 2274 1681 2344 Scythiam
1712 2291 1742 2329 a
1774 2275 1944 2330 Medis
1975 2277 2055 2330 di-

486 2372 653 2417 5tare.
693 2361 1053 2428 Quamobrem
1094 2364 1138 2418 si
1169 2365 1388 2418 Attilam
1423 2365 1616 2433 cupido
1646 2367 1848 2433 ceperit
1877 2365 2058 2420 Medos

487 2454 793 2520 invadendi,
830 2470 932 2510 non
965 2456 1187 2510 multum
1217 2471 1392 2526 operte
1414 2465 1465 2511 et
1497 2456 1699 2512 laboris
1731 2457 1785 2510 in
1832 2473 1950 2510 eam
1976 2459 2058 2510 in.

486 2547 760 2601 vasiouem
791 2545 898 2617 65
949 2557 1414 2618 consumpturum,
1448 2561 1621 2616 neque
1659 2547 1868 2616 magnis
1900 2547 2056 2601 itine-

489 2639 642 2693 ribus
669 2638 1018 2708 defatigatum
1066 2640 1155 2703 iri,
1197 2650 1257 2693 ut
1283 2639 1483 2703 Medos,
1517 2639 1746 2694 Parthos
1784 2648 1838 2694 et
1869 2639 2058 2695 Persas

488 2731 783 2797 adoriatur,
834 2741 888 2787 et
927 2740 1083 2800 cogat
1132 2731 1316 2784 tributi
1362 2729 1584 2784 illationi
1619 2745 1677 2785 se
1719 2732 2054 2786 submittere.

489 2818 694 2874 Adesse
738 2821 880 2875 enim
929 2821 1005 2873 illi
1059 2834 1282 2888 magnas
1323 2820 1525 2889 copias,
1581 2835 1715 2891 quas
1748 2823 1890 2876 nulla
1931 2835 2060 2892 gens

489 2911 757 2964 sustinere
797 2911 986 2979 possit.
1025 2909 1188 2967 Nobis
1236 2927 1361 2967 vero
1410 2913 1741 2982 optantibus,
1789 2923 1846 2968 ut
1880 2913 2060 2967 Persis

495 3015 646 3056 arma
683 3001 927 3068 inferret,
953 3011 1007 3058 et
1038 3019 1067 3057 a
1102 3003 1254 3060 nobis
1291 3004 1342 3058 in
1377 3003 1496 3059 illos
1527 3005 1650 3060 belli
1685 3005 1876 3060 molem
1907 3020 2059 3060 aver-
2088 3035 2131 3094 ο

495 3100 674 3147 teret:
744 3112 763 3146 ι
801 3094 1094 3151 Verendum
1141 3103 1244 3158 est,
1300 3096 1473 3166 inquit
1511 3095 1930 3161 Constantiolus,
1971 3111 2057 3160 ne,

490 3182 674 3238 Persis
701 3183 855 3241 facile
883 3186 1128 3250 devictis,
1163 3201 1268 3241 non
1292 3186 1400 3257 jam
1439 3187 1668 3256 amplius
1705 3189 1934 3252 amicus,
1969 3188 2060 3243 sed

491 3274 740 3330 dominus
771 3277 823 3330 in
858 3293 954 3333 nos
984 3287 1302 3334 revertatur.
1350 3298 1368 3329 ι
1429 3277 1585 3334 Nunc
1615 3279 1758 3334 enim
1795 3293 1926 3333 auro
1968 3293 2061 3334 ac-

492 3377 649 3437 cepto
690 3384 788 3438 pro
823 3370 1082 3440 dignitate
1137 3385 1260 3424 eum
1299 3378 1608 3423 contentum
1657 3382 1796 3424 esse.
1837 3369 1989 3434 Quod
2017 3369 2063 3423 si

492 3455 698 3522 Medos,
744 3458 974 3513 Parthos
1014 3469 1068 3512 et
1102 3460 1298 3514 Persas
1345 3459 1635 3522 domuerit,
1679 3459 1896 3512 minime
1939 3473 2061 3513 eum

493 3547 858 3602 Romanorum
888 3564 917 3602 a
941 3564 1037 3603 suo
1063 3550 1364 3620 seiunctum
1387 3565 1608 3618 regnum
1636 3565 1940 3618 passurum,
1969 3550 2062 3604 sed

493 3651 588 3690 eos
614 3637 897 3692 manifesto
926 3653 1112 3692 servos
1155 3654 1286 3693 suos
1314 3640 1690 3709 |reputantem,
1728 3640 1909 3708 gravia
1959 3639 2064 3694 illis

495 3734 550 3779 et
583 3725 937 3781 intolerabilia
974 3729 1357 3796 imperaturum
1387 3743 1525 3785 esse.
1584 3729 1827 3800 Dignitas
1859 3740 2059 3796 autem,

493 3814 646 3882 cujus
681 3817 1008 3871 mentionem
1054 3817 1460 3874 Constantiolus
1509 3820 1658 3882 fecit,
1708 3830 1826 3875 erat
1862 3822 2064 3876 Roma—

495 3920 684 3958 norum
716 3907 1046 3960 exercituum
1077 3907 1249 3971 ducis,
1296 3923 1454 3977 quam
1485 3909 1677 3964 Attilas
1720 3912 1786 3965 ab
1828 3913 2063 3981 impera.

495 4003 613 4050 tore
634 4008 936 4067 acceperat,
969 4009 1024 4054 et
1063 4001 1326 4064 stipendia
1357 4002 1496 4070 ejus,
1545 4003 1636 4070 qui
1665 4005 1937 4057 exercitus
1980 4019 2066 4057 re-

496 4087 674 4157 gebat,
715 4091 876 4144 missa
903 4091 1002 4144 sibi
1049 4108 1152 4146 non
1203 4095 1504 4148 recusabat.
1570 4093 1830 4150 lnnuebat
1881 4096 2062 4164 igitur,

496 4178 736 4242 Attilam,
777 4179 965 4246 Medis,
994 4182 1209 4237 Parthis
1237 4193 1291 4238 et
1316 4183 1494 4238 Persis
1527 4186 1788 4251 subactis,
1832 4187 1934 4242 hoc
1966 4202 2065 4241 no-

499 4283 646 4332 men,
672 4283 776 4338 quo
801 4270 1058 4325 Romanis
1087 4271 1232 4325 illum
1260 4287 1450 4327 vocare
1482 4273 1627 4328 lubet
1648 4287 1701 4329 et
1727 4277 2059 4344 dignitatem,

2152 476 2250 528 της
2285 456 2446 523 εἶναι,
2472 460 2606 513 ἀλλά
2646 459 2812 512 πάλαι
2856 460 2913 520 ἐς
2950 459 3117 528 αὐτὴν
3169 459 3583 528 ἐμϐεϐληκέναι,
3646 461 3722 513 λι-

2156 549 2258 620 μοῦ
2284 566 2343 602 τε
2375 549 2474 618 τήν
2508 549 2691 619 χώραν
2725 551 3118 619 κρατήσαντος,
3168 550 3263 600 καὶ
3307 548 3592 615 Ῥωμαίων
3633 551 3722 603 διὰ

2153 640 2243 690 τὸν
2279 639 2400 692 τότε
2431 641 2824 707 συνιστάμενον
2869 641 3104 707 πόλεμον
3160 641 3233 707 μὴ
3287 639 3720 706 συμϐαλλόντων.

2154 731 2590 800 Παρεληλυθέναι
2634 732 2690 784 δὲ
2741 734 2796 794 ἐς
2829 733 2927 799 τήν
2967 731 3166 799 Μήδων
3193 731 3282 781 τόν
3323 748 3382 782 τε
3433 731 3600 798 Βασῖχ
3633 735 3726 784 καὶ

2155 821 2398 891 Κουρσὶχ
2446 823 2569 882 τοὺς
2629 821 2854 890 ὕστερον
2889 821 2944 882 ἐς
2997 820 3094 888 τὴν
3137 818 3354 886 Ῥώμην
3401 819 3725 886 ἐληλυθότας

2155 915 2234 974 εἰς
2261 912 2584 982 ὁμαιχμίαν,
2628 911 2825 980 ἄνδρας
2880 910 2987 962 τῶν
3038 909 3323 978 βασιλείων
3357 908 3576 961 Σκυθῶν
3631 910 3725 962 καὶ

2157 1005 2350 1056 πολλοῦ
2378 1003 2617 1074 πλήθους
2675 1003 2961 1073 ἄρχοντας.
3021 1002 3125 1052 Καὶ
3157 1003 3280 1062 τοὺς
3333 1000 3726 1070 διαϐεϐηκότας

2156 1095 2355 1162 λέγειν,
2381 1093 2454 1157 ὡς
2486 1094 2687 1164 ἔρημον
2711 1092 3044 1152 ἐπελθόντες,
3070 1090 3253 1160 χώραν
3280 1092 3367 1142 καί
3391 1093 3586 1161 λίμνην
3608 1094 3727 1146 τινὰ

2157 1183 2578 1253 περαιωθέντες,
2633 1182 2700 1252 ἣν
2753 1185 2780 1234 ὀ
2823 1181 3096 1248 Ῥωμύλος
3143 1179 3239 1250 τὴν
3295 1181 3538 1232 Μαιῶτιν
3588 1179 3726 1234 εἶναι

2157 1274 2316 1344 ᾤετο,
2349 1277 2508 1328 πέντε
2536 1275 2632 1328 καὶ
2661 1274 2794 1326 δέκα
2829 1270 3230 1340 διαγενομένων
3259 1272 3481 1342 ἡμερῶν
3516 1273 3614 1341 ὅρη
3644 1289 3726 1323 τιυ-

2158 1366 2224 1419 νά
2254 1365 2588 1435 ὑπερϐάντες
2615 1366 2672 1428 ἐς
2705 1364 2802 1435 τὴν
2847 1364 3095 1433 Μηδικὴν
3135 1363 3409 1417 ἐσέϐαλον.
3462 1364 3728 1433 Ληῖζομέ-

2160 1473 2270 1520 νοις
2309 1455 2366 1508 δὲ
2395 1456 2490 1509 καὶ
2519 1455 2617 1526 τὴν
2650 1454 2754 1524 γῆν
2810 1453 3207 1524 κατατρέχουσι
3235 1454 3436 1524 πλῆθος
3463 1455 3729 1524 Περσικὸν

2157 1545 2386 1602 ἐπελθὸν
2415 1547 2506 1600 τὸν
2531 1543 2679 1614 σφῶν
2705 1544 3097 1614 ὑπερκείμενον
3133 1543 3270 1612 ἀέρα
3301 1544 3504 1612 πλῆσαι
3534 1544 3728 1612 βελῶν,

2161 1639 2300 1692 ὥστε
2324 1639 2461 1706 σφᾶς
2486 1636 2594 1688 δέει
2611 1634 2702 1688 τοῦ
2731 1634 3088 1702 κατασχόντος
3107 1632 3352 1686 κινδύνου
3377 1633 3730 1702 ἀναχωρῆσαι

2163 1733 2243 1793 είς
2268 1729 2507 1782 τούπίσω
2546 1728 2639 1780 καί⁵
2668 1727 2736 1780 τὰ
2761 1726 2863 1796 ὅρη
2903 1725 3238 1788 ὑπεξελθεῖν,
3269 1724 3460 1795 ὀλίγην
3497 1725 3731 1792 ἄγοντας

2161 1820 2414 1889 λείαν·ή
2476 1819 2584 1888 γὰρ
2633 1817 2857 1889 πλείστη
2897 1817 3002 1871 ὑπὸ
3051 1816 3158 1868 τῶν
3213 1817 3410 1886 Μήδων
3460 1816 3732 1886 ἀφῄρητο.

2162 1908 2604 1978 Εὑλαϐουμένους
2631 1909 2686 1962 δὲ
2713 1908 2811 1978 τὴν
2841 1907 2949 1960 τῶν
3003 1907 3280 1978 πολεμίων
3323 1907 3503 1970 δίωξιν
3542 1909 3736 1977 ἐτέραν

2162 2001 2434 2072 τραπῆναι
2461 2000 2598 2065 ὁδὸν,
2633 2001 2728 2053 καὶ
2767 1999 2903 2070 μετά
2935 1999 3035 2070 τὴν
3063 2002 3128 2052 ἐκ
3157 2000 3254 2069 τῆς
3296 1999 3499 2066 ὑφάλου
3525 1999 3736 2070 πέτρας

2163 2093 2570 2163 ἀναφερομένην
2597 2093 2641 2123 ⁸⁸
2666 2091 2839 2161 φλόγα
2869 2093 3075 2145 ἐκεῖθεν
3114 2090 3564 2162 πορευθέντας....
3599 2092 3735 2158 ἡμε-

2166 2183 2276 2254 ρῶν
2305 2184 2422 2236 ὁδὸν
2469 2185 2524 2245 ἐς
2575 2184 2645 2236 τά
2695 2184 2868 2236 οἰκεῖα
2904 2183 3220 2250 ἀφικέσθαι,
3278 2188 3373 2235 καὶ
3416 2183 3639 2250 γνῶναι,
3674 2182 3734 2233 ού

2164 2273 2342 2345 πολλῴ
2370 2274 2699 2343 διαστήματι
2721 2273 2830 2326 τῶν
2859 2275 3058 2343 Μήδων
3087 2274 3385 2342 ἀφεστάναι
3409 2275 3507 2345 τήν
3527 2276 3569 2306 ⁶⁷
3599 2276 3736 2328 Σκυ-

2166 2364 2346 2431 θικήν.
2401 2364 2502 2415 Τὸν
2537 2363 2629 2416 οὖν
2675 2363 2934 2432 Ἀττήλαν
2960 2363 3044 2416 ἐπ’
3093 2364 3260 2436 αὐτὴν
3289 2365 3334 2396 ⁸⁸
3390 2366 3523 2416 ίέναι
3551 2365 3736 2434 βουλό-

2169 2473 2324 2525 μενον
2352 2457 2412 2507 ού
2442 2457 2698 2524 πονήσειν
2739 2456 2927 2520 πολλὰ,
2953 2455 3074 2508 οὒτε
3111 2457 3324 2525 μακρὰν
3353 2456 3570 2508 ἀνύσειν
3592 2456 3733 2514 ὁδὸν,

2165 2546 2304 2599 ὥστε
2338 2549 2432 2600 καὶ
2491 2549 2706 2616 Μήδους
2741 2548 2834 2600 καὶ
2881 2549 3130 2618 Πάρθους
3183 2549 3274 2602 καί⁵
3311 2550 3526 2618 Πέρσας
3559 2565 3739 2618 παρα-

2168 2637 2459 2706 στήσεσθαι
2507 2638 2550 2669 ⁸9
2588 2640 2682 2690 καὶ
2716 2637 3050 2705 ἀναγκάσειν
3103 2638 3275 2690 ἐλθεῖν
3319 2640 3376 2700 ἐς
3421 2639 3586 2707 φόρου
3626 2640 3736 2691 ἀπ-

2167 2731 2388 2800 αγωγήν
2417 2745 2432 2760 ·
2462 2731 2714 2799 παρεῖναι
2753 2728 3036 2799 γάρ.αὑτῴ
3067 2731 3304 2798 μάχιμον
3365 2728 3620 2798 δύναμιν,
3663 2729 3734 2800 ἢν

2167 2820 2316 2873 οὐδὲν
2365 2820 2514 2883 έθνος
2553 2821 2941 2889 ὑποστήσεται.
3009 2820 3195 2891 Ἦμῶν
3224 2820 3280 2874 δέ
3329 2821 3469 2874 κατά
3511 2821 3734 2891 Περσῶν

2169 2910 2342 2962 ἐλθεῖν
2371 2910 2534 2963 αὑτὸν
2581 2910 2968 2981 ἐπευξαμένων
2999 2912 3096 2976 καὶ
3143 2912 3227 2963 ἐπ’
3257 2912 3498 2974 ἐκείνους
3541 2911 3734 2980 τρέψαι

2167 3001 2256 3056 τὸν
2280 3002 2535 3070 πόλεμον,
2557 3003 2584 3053 ό
2605 3001 3223 3072 Κωνσταντίολοςβέλεγε
3253 3002 3481 3056 δεδιέναι
3508 3004 3580 3072 μή
3605 3018 3732 3056 ποτε

2164 3095 2260 3146 καὶ
2291 3093 2505 3165 Πέρσας
2538 3094 2734 3162 ῥᾳδίως
2768 3093 3258 3163 παραστησάμενος
3293 3093 3414 3146 ἀντὶ
3441 3093 3597 3161 φίλου
3650 3092 3731 3144 δε-

2166 3183 2368 3252 σπότης
2393 3180 2674 3252 ἐπανήξει.
2697 3180 2810 3235 Νῦν
2841 3182 2938 3252 μὲν
2963 3181 3070 3252 γάρ
3091 3183 3153 3234 τὸ
3179 3181 3398 3252 χρυσίον
3415 3181 3730 3250 κομίζεσθαι

2165 3275 2293 3343 παρ’
2330 3273 2507 3326 αὐτῶν
2541 3274 2584 3304 ⁷ο
2614 3275 2712 3343 τῆς
2752 3275 2906 3340 ἀξίας
2947 3275 3112 3329 ἓνεκα
3141 3291 3155 3306 ·
3188 3276 3237 3328 εί
3264 3275 3322 3328 δέ
3349 3275 3443 3327 καὶ
3489 3271 3733 3344 Πάρθους

2165 3367 2258 3418 καὶ
2288 3365 2502 3436 Μήδους
2536 3368 2628 3419 καὶ
2656 3367 2869 3438 Πέρσας
2907 3368 3336 3438 παραστήσοιτο,
3383 3367 3566 3419 οὐκέτι
3604 3365 3732 3418 Ῥωο

2167 3455 2343 3523 μαίων
2392 3456 2679 3520 ἀνέξεσθαι
2711 3457 2810 3526 τήν
2872 3457 3034 3510 αὑτοῦ
3085 3457 3485 3527 νοσφιζομένων
3539 3457 3728 3526 ἀρχὴν,

2164 3547 2299 3599 ἀλλά
2334 3545 2670 3616 θεράποντας
2731 3549 3043 3618 περιφανῶς
3092 3548 3438 3618 ἡγησάμενον
3487 3547 3731 3618 χαλεπώσ

2164 3653 2296 3704 τερα
2321 3636 2596 3702 ἐπιτάξειν
2630 3637 2722 3690 καὶ
2752 3637 2851 3689 ούκ
2877 3638 3077 3690 ἀνεκτά
3111 3637 3336 3700 ἐκείνοις
3366 3639 3728 3706 ἐπιτάγματα.

2163 3723 2272 3780 Ἦν
2293 3728 2348 3780 δὲ
2380 3730 2527 3795 ἀξία,
2555 3724 2622 3800 ἦς
2654 3731 2682 3780 ὁ
2717 3729 3148 3790 Κωνσταντίολος
3169 3729 3510 3799 ἐπεμνήσθη,
3538 3745 3729 3797 στροιτ⁸

2165 3821 2300 3888 ηγοῡ
2363 3819 2647 3891 Ῥωμαίων
2675 3859 2689 3883 ,
2750 3816 2818 3891 ἦς
2867 3821 3026 3890 χάριν
3058 3822 3085 3872 ὁ
3116 3819 3376 3889 Ἀττήλας
3400 3821 3548 3889 παρά
3587 3819 3731 3886 βασις

2164 3910 2298 3974 λέως
2347 3911 2586 3966 ἐδέδεκτο
2637 3911 2730 3964 τοῦ
2758 3913 2802 3943 ⁷¹
2826 3913 2936 3972 τοῖς
2970 3914 3293 3982 στρατηγοῖς
3331 3910 3729 3980 χορηγουμένου

2164 4005 2262 4068 τὰς
2309 4005 2587 4070 συντάξεις
2619 4005 3019 4076 ἐκπέμπεσθαι.
3068 4005 3289 4074 Ἔλεγεν
3312 4001 3404 4058 οὖν
3442 4004 3580 4074 μετά
3610 4005 3729 4072 Μή·-

2164 4101 2284 4163 δους
2313 4102 2404 4153 καὶ
2434 4101 2680 4171 Πάρθους
2709 4100 2804 4152 καὶ
2834 4099 3050 4166 Πέρσας
3096 4097 3254 4150 τοῦτο
3283 4097 3567 4166 τίνδνομα,
3598 4099 3730 4165 ὅπερ

2165 4188 2326 4239 αὑτὸν
2362 4186 2637 4254 βούλονται
2689 4185 2948 4254 Ῥωμαῖοι
3009 4183 3214 4248 καλεῖν,
3267 4184 3358 4236 καὶ
3411 4184 3510 4254 τήν
3557 4181 3728 4247 ἀξίαν,

2165 4268 2200 4346 ᾖ
2224 4275 2382 4328 αὐτὸν
2403 4273 2752 4342 τετιμηκέναι
2771 4272 3102 4340 νομίζουσιν,
3126 4272 3559 4342 ἀποσεισάμενον
3576 4273 3732 4337 ἀναγ-

499 4375 659 4428 quam
692 4361 764 4414 illi
794 4363 1093 4416 ornamenti
1127 4363 1244 4418 loco
1270 4379 1390 4418 esse
1433 4365 1764 4428 existimant,
1806 4367 2058 4434 repudia-

2165 4365 2353 4418 κάσειν
2381 4365 2423 4394 τ’
2488 4366 2626 4432 σφᾶς
2657 4363 2778 4416 ἀντὶ
2834 4362 3143 4435 στρατηγοῦ
3197 4363 3423 4433 βασιλέα
3462 4378 3733 4432 προσαγο⁹

503 4459 704 4513 turum,
730 4460 784 4505 et
813 4466 910 4520 pro
939 4453 1075 4507 duce
1105 4463 1413 4508 coacturum
1448 4469 1540 4508 eos
1577 4470 1636 4509 se
1665 4470 1844 4524 regem
1881 4457 2063 4524 appel-

500 4541 634 4597 lare.
671 4541 790 4596 Jam
825 4553 935 4598 tum
963 4544 1104 4598 enim
1136 4545 1444 4614 indignatus
1475 4545 1703 4612 dicebat,
1741 4546 1845 4601 illis
1878 4561 2064 4602 servos

501 4617 981 4688 esse’exercituum
1013 4635 1196 4698 duces,
1243 4635 1347 4689 sibi
1385 4650 1512 4688 vero
1550 4637 1692 4692 viros
1724 4637 2063 4706 imperatori-

503 4720 608 4776 bus
639 4718 898 4777 Romanis
926 4724 1186 4795 dignitate
1215 4741 1390 4796 pares.
1433 4726 1498 4780 Et
1525 4727 1671 4781 brevi
1715 4729 1929 4796 quidem
1962 4729 2064 4784 sibi

505 4813 760 4880 potentia:
793 4817 1155 4870 accessionem
1198 4815 1335 4882 fore,
1389 4817 1529 4885 quod
1576 4827 1629 4872 et
1675 4819 1828 4884 deus,
1877 4819 2067 4875 Martis

2168 4457 2363 4526 ρεύειν.
2401 4457 2539 4526 Ἤδη
2573 4455 2680 4525 γὰρ
2711 4461 2806 4508 καὶ
2836 4455 3237 4524 χαλεπαίνοντα
3259 4458 3451 4520 εἰπεῖν,
3486 4455 3561 4517 ὡς
3589 4453 3732 4506 ἐκεί-

2165 4565 2241 4618 νῳ
2275 4549 2370 4617 μὲν
2423 4548 2474 4599 οἱ
2502 4547 2662 4599 αύτοῦ
2713 4546 3042 4616 θεράποντές
3095 4549 3199 4600 είσι
3236 4547 3554 4617 στρατηγοὶ,
3591 4543 3736 4613 αύτῷ

2164 4637 2222 4690 δὲ
2255 4639 2304 4690 oi
2333 4639 2441 4698 τοῖς
2462 4637 2506 4669 ⁷³
2535 4635 2875 4706 βασιλεύουσι
2928 4637 2942 4655 ⁸
2969 4638 3238 4706 Ρωμαίων
3268 4637 3538 4706 ὁμότιμοι.
3578 4636 3736 4688 Ἐσε-

2173 4728 2296 4782 σθαι
2333 4729 2389 4781 δὲ
2431 4729 2529 4780 οὐκ
2560 4729 2637 4790 είς
2684 4728 2901 4798 μακρὰν
2937 4729 3034 4798 τῆς
3103 4728 3380 4798 παρούσης
3407 4726 3555 4797 αύτῴ
3583 4726 3739 4779 δυνά-ν

2173 4837 2313 4890 μεως
2345 4819 2569 4890 αὔξησιν
2600 4836 2610 4848 ·
2644 4821 2926 4890 σημαίνειν
2954 4821 2999 4852 ’⁷⁵
3036 4821 3129 4874 καὶ
3155 4823 3198 4855 ⁷⁵
3222 4822 3379 4874 τοῦτο
3409 4821 3498 4872 τὸν
3525 4819 3658 4872 Θεὸν
3681 4819 3740 4870 τὸ

508 4917 641 4958 ense
672 4904 722 4957 in
753 4904 923 4960 lucem
955 4916 1247 4975 protracto,
1283 4909 1636 4976 portenderit.
1679 4909 1777 4964 llic
1819 4921 2059 4979 tauquam

2167 4912 2259 4965 τοῦ
2299 4912 2492 4983 ’Ἄρεος
2526 4913 2875 4981 ἀναφήναντα
2911 4912 3082 4980 ξίφος,
3147 4913 3282 4983 ὅπερ
3333 4913 3391 4965 ὃν
3446 4911 3591 4978 ἱερὸν
3651 4910 3740 4964 καὶ

509 5009 664 5049 sacer
697 5006 752 5051 et
775 4997 876 5050 deo
903 4996 1165 5052 bellorum
1198 4999 1409 5068 praesidi
1440 5001 1738 5065 dedicatus,
1784 5017 1814 5054 a
1845 5002 2059 5072 Scytha-

2171 5004 2322 5074 παρὰ
2350 5004 2457 5056 τῶν
2487 5003 2767 5056 Σκυθικῶν
2812 5005 3077 5073 βασιλέων
3101 5003 3428 5074 τιμώμενον,
3458 4998 3547 5056 οἷα
3574 5003 3639 5072 δὴ
3666 5000 3741 5069 τῷ

511 5100 630 5138 rum
663 5088 882 5158 regibus
901 5087 1027 5142 olim
1071 5085 1373 5156 colebatur,
1412 5099 1467 5144 et
1500 5092 1683 5146 multis
1709 5093 1936 5160 {sm-culis
1965 5109 2059 5147 non

2170 5095 2351 5164 ἐφόρῳ
2399 5094 2506 5148 τῶν
2556 5094 2806 5164 πολέμων
2863 5095 3242 5165 ἀνακείμενον,
3292 5098 3350 5148 ἐν
3398 5096 3510 5157 τοῖς
3575 5093 3739 5147 πάλαι

512 5176 683 5243 visus,
711 5177 864 5234 bovis
889 5177 1188 5235 ministerio
1221 5177 1396 5258 luerat
1428 5190 1552 5236 tunc
1583 5184 1838 5251 temporis
1862 5193 2059 5237 erutus.

2170 5184 2532 5253 ἀφανισθῆναι
2558 5186 2788 5254 χρόνοις,
2815 5180 2934 5239 εἶτα
2987 5185 3077 5238 διά
3123 5185 3243 5256 βοὸς
3275 5185 3588 5257 εὑρεθῆναι.

1802 5312 2036 5369 ῩΑΒΙᾸΞ.
2075 5314 2480 5371 LECTIONES.

575 5433 620 5464 “
653 5433 879 5514 ἀναφξρ.
901 5429 1282 5514 Νηιάναφλεγ..
1322 5431 1493 5514 vulg...
1518 5431 1801 5514 ἀνριτεεμπ.
1828 5431 1892 5486 Π.
1921 5435 2008 5514 ﬂ"
2037 5435 2243 5514 3111M.
2269 5464 2338 5514 τ-
2359 5435 2457 5514 171;
2486 5435 2782 5514 Σκυθικῇς.
2805 5437 2964 5514 εοῐιῙ..
2985 5433 3050 5489 Ν.
3093 5435 3362 5514 “indeuia;
3413 5439 3520 5514 vel.
3562 5439 3607 5468 “
3641 5451 3744 5514 πα·

516 5501 888 5574 ρ-αστήσασθαι
920 5503 1066 5574 vulg.
1122 5502 1181 5574 _"
1213 5501 1388 5574 αὐτῶν
1417 5501 1686 5574 Νηαὺτῷ
1711 5503 1853 5574 vulg.
1921 5503 1964 5536 '“
1992 5501 2204 5569 τούΝη
2242 5505 2305 5557 τὸ
2352 5501 2442 5556 τοῦ
2475 5505 2614 5574 vulg.
2692 5501 2736 5536 τ’
2759 5501 3092 5571 ἀναγκάσειν
3126 5505 3213 5567 Ν.,
3253 5507 3572 5573 ἀναγκάσας
3603 5505 3741 5571 vulg.

513 5569 560 5668 ξς
659 5569 1048 5712 magicis,
1080 5572 1141 5694 ti:
1181 5573 1291 5635 τοῖς
1319 5571 1439 5642 βασ.
1487 5571 1630 5642 vulg.
1659 5569 1668 5572 '
1706 5572 1751 5606 τι
1783 5569 2068 5644 σημαίνειν
2097 5603 2165 5614 --
2200 5575 2301 5630 ἀνα
2317 5569 2653 5644 φήναντίΒ.
2677 5617 2690 5641 ,
2733 5569 3054 5644 συμϐαίνειν
3093 5607 3160 5616 -
3190 5569 3565 5646 ἀναφήναντος
3603 5569 3741 5643 vulg.
