2028 3105
203 178 259 210 73⁵1

581 174 631 205 DE
652 172 933 206 LEGATIONIBUS
950 172 1196 204 ROMANORUM
1213 175 1264 204 AD
1283 174 1441 206 GENTES.

1770 174 1825 205 738

240 231 295 259 Kal.
317 230 434 258 ἑκάστου
449 229 539 264 λέγειν
550 238 576 256 τι
592 229 722 265 περὶτῶν
737 228 915 256 καθεστώτων
931 228 993 263 βου-

1073 229 1148 257 'Dutn
1164 229 1202 258 ita
1218 230 1252 258 de
1268 230 1393 265 presenti
1410 237 1499 258 rerum
1520 233 1592 258 statu
1609 229 1825 264 contabulantur,

204 277 330 313 λομένου,
346 274 509 310 Ὀνηγησίου
525 273 729 307 ὑπιξελθόντος,
744 274 817 310 παρ’
832 273 913 301 αὑτὸν
941 274 990 310 ἧλ-

205 322 299 357 θομεν,
322 321 370 348 καὶ
387 319 565 355 ἐπειρώμεθα
589 320 653 355 περὶ
676 319 731 347 τῶν
761 320 992 355 ἑσπουδασμένων

207 367 364 403 μανθάνειν.
374 366 403 393 ’0
412 366 439 392 δέ
453 375 506 393 τισι
522 366 654 401 πρότερον
667 366 819 402 Βαρϐάροις
829 366 990 401 διαλεχθεὶς⁹

206 413 339 440 πυθέσθαι
358 421 391 447 με
403 412 480 447 παρὰ
493 411 646 447 Μαξιμίνου
666 413 799 448 ἐπέτρεπε
828 412 888 438 τίνα
927 412 993 438 Ῥω-

210 460 286 493 μαῖοι
317 458 400 493 ἄνδρα
413 457 467 484 τῶν
498 457 639 483 ὑπατικῶν
669 458 744 493 παρὰ
768 457 813 484 τὸν
853 457 991 492 Ἀττήλαν

210 504 424 539 πρεσϐευόμενον
437 503 598 529 στέλλουσιν.
616 503 658 534 Ὠς
677 503 704 530 δὲ
728 503 868 538 παρελθὼν
883 504 922 535 εἰς
943 503 993 537 τὴν

211 550 313 585 σκηνὴν
336 549 464 584 ἔφραζον,
501 548 571 584 ἆπερ
604 549 696 584 εἴρητό
727 558 782 583 μοι,
810 549 881 575 καὶὸ
910 558 936 575 τι
954 549 994 575 δεῖ

210 596 299 629 λέγειν
321 592 358 621 ὧν
385 595 465 630 χάριν
493 595 506 620 ό
526 595 667 629 Βάρδαρος
689 594 769 630 ἡμῶν
797 595 913 621 ἐπύθετο
936 595 994 629 ἅμα

207 641 247 675 τῷ
273 640 419 674 Μαξιμὶνῳ
459 639 671 674 βουλευσάμενος
702 639 851 674 ἐπανῆλθον
887 639 924 670 ὡς
948 639 993 665 τὸν

213 687 384 722 Ὀνιηγήσιον,
407 686 503 719 λέγων,
520 686 557 716 ὡς
579 685 698 712 ἐθέλουσι
724 686 772 720 μὲν
799 686 928 720 Ῥωμαῖοι
946 686 994 712 αύ-

208 734 254 758 τὶν
282 733 305 747 ⁷⁸
321 732 396 767 παρὰ
419 731 488 765 σφᾶς
512 731 622 757 ἐλθόντα
653 730 707 756 τῶν
733 731 890 765 ἀμφιϐόλων
914 731 994 757 ἕνεκα

207 777 389 810 διαλέγεσθαι,
414 777 438 802 εί
463 776 491 802 δὲ
507 775 603 802 τούτου
629 776 816 810 διαμάρτοιεν,
843 776 995 810 ἐκπέμψειν

209 823 321 858 βασιλέα
329 823 357 848 ἣν
370 822 493 857 βούλεται
510 822 754 856 πρεσϐευσάμενον.
766 821 820 848 Καὶ
833 821 913 852 εὐθὺς
930 829 994 856 μετ-

210 869 281 895 ιέναι
305 868 391 902 μετὸν
416 867 566 902 Μαξιμῖνον
591 867 819 902 παρεκελεύσατο,
834 867 880 893 καὶ
894 867 994 902 ἥκοντα

1043 274 1192 310 Onegesius
1202 274 1275 303 foras
1288 276 1399 310 prodiit,
1414 276 1447 302 ad
1459 282 1551 310 quem,
1565 278 1595 302 ut
1608 282 1640 303 ex
1660 282 1693 303 eo
1706 274 1826 303 discere-

1042 328 1112 353 mus,
1127 327 1186 354 qua
1201 324 1301 347 nostra:
1320 328 1392 348 cura:
1408 321 1552 348 commissa
1567 320 1686 352 fuerant,
1709 321 1828 348 accessi-

1043 372 1112 392 mus.
1134 365 1181 393 lllo
1202 372 1267 392 vero
1290 366 1364 400 prius
1385 372 1445 392 cum
1469 367 1559 393 nescio
1581 366 1681 400 quibus
1697 365 1826 393 Barbaris

1042 410 1200 443 collocutus,
1224 418 1344 444 quaerere
1365 418 1406 437 tne
1428 418 1460 437 ex
1476 410 1622 438 Maximino
1639 411 1730 446 jussit,
1746 418 1826 445 quem

1043 454 1156 481 Romani
1170 462 1202 482 ex
1215 455 1404 482 consularibus
1420 455 1536 490 legatum
1555 455 1587 482 ad
1603 456 1712 482 Attilam
1734 461 1826 483 essent

1043 501 1163 527 missuri.
1187 500 1219 528 Ut
1242 501 1268 527 in
1291 501 1435 528 tentorium
1460 501 1530 533 veni,
1546 505 1573 528 et
1589 500 1744 534 Maximino,
1767 509 1827 536 qua:
1856 522 1859 525 .

1044 546 1108 572 mibi
1123 545 1272 580 Oncgesius
1293 546 1408 579 dixerat,
1433 546 1520 578 rctuli,
1536 546 1626 573 itabita
1644 548 1676 574 de
1691 554 1734 580 eo,
1755 548 1826 581 quod

1044 591 1169 618 Barbaris
1187 591 1402 626 respondendum
1420 596 1501 624 esset,
1520 592 1733 623 deliberatione,‘
1748 593 1826 624 redii,

1044 637 1152 671 dixique
1166 635 1308 671 Onegesio,
1326 636 1462 663 Romanos
1480 644 1641 671 magnopere
1662 637 1826 668 desiderare.

1044 682 1119 709 illum
1135 689 1245 709 suarum
1260 689 1321 708 cum
1337 681 1418 708 Attila
1433 681 1679 708 controversiaruttt
1695 681 1828 715 discepta-

1046 733 1130 754 torem
1151 727 1183 753 ad
1198 734 1228 753 se
1241 727 1378 753 accedere.
1400 726 1459 759 Qua
1478 733 1527 760 spe
1552 726 1574 752 si
1590 724 1752 755 exciderint,
1775 725 1826 751 im-

1046 775 1208 805 peratorem,
1224 777 1302 804 quem
1319 769 1369 797 sibi
1392 769 1509 802 libuerit,
1532 769 1646 804 legatum
1670 770 1826 796 missurtnn.

1045 815 1186 850 Extemplo
1212 823 1253 843 me
1268 815 1447 850 Maximinum
1462 823 1598 843 arcessere
1617 815 1708 849 jussit,
1736 823 1826 850 quem,

1047 866 1075 888 ut
1089 862 1171 893 venit,
1186 862 1219 888 ad
1235 861 1344 888 Attilam
1364 861 1484 888 deduxit.
1506 861 1581 888 Unde
1602 868 1653 887 non
1670 861 1753 887 multo
1768 867 1829 896 post

210 914 291 940 αὐτὸν
310 911 362 949 ἦγε
386 913 461 948 παρὰ
483 913 528 939 τὸν
562 912 771 947 Ἀττήλςιινλίαλ¹
798 913 895 947 μικρὶν
911 912 990 938 ὔστε-

1051 907 1205 934 llaximinus
1217 914 1351 938 reversus,
1365 907 1494 939 narravit,
1503 906 1649 933 Barbarum
1657 907 1734 940 velle,
1746 907 1829 942 impe-

210 969 257 997 ρον
267 960 419 993 ὑπεξελθὼν
427 962 440 987 ὁ
450 960 599 995 Μιξιμῖνος
608 959 710 993 ἔλεγεν,
725 959 827 986 ὲθέλειν
837 959 881 985 τὸν
890 958 995 993 B91961-

212 1016 256 1042 ρον
267 1007 357 1041 Νόμον
369 1006 385 1041 ἢ
403 1006 552 1032 ’Δνατόλιον
564 1006 723 1041 ἢΣενάτορα
732 1004 939 1040 πρεσϐεύεσθαι·
959 1004 996 1040 μὴ

212 1053 264 1088 γὰρ
277 1051 309 1079 ἂν
320 1052 397 1079 ἄλλον
411 1052 486 1088 παρὰ
496 1051 557 1083 τοὺς
573 1051 731 1086 εἰρημένους
746 1051 868 1083 δέξεσθαι
893 1051 925 1076 ⁷⁷.
943 1050 997 1076 Καὶ

213 1097 250 1128 ὡς
264 1097 344 1123 αὑτοῦ
359 1097 574 1133 ἀποκριναμένου
601 1096 638 1131 μὴ
665 1096 763 1131 χρῆναι
780 1096 826 1122 ἐπὶ
852 1095 902 1129 τὴν
930 1103 997 1129 πρε-

215 1142 308 1170 σϐείαν
316 1143 374 1174 τοὺς
384 1143 483 1178 ἄνδρας
493 1142 627 1168 καλοῦντα
638 1142 773 1172 ὑπόπτους
781 1141 911 1176 καθιστᾷν
922 1141 997 1176 βασι-

213 1187 266 1219 λεῖ,
282 1187 423 1222 εἰρηκέναι
438 1187 483 1213 τὸν
497 1186 641 1220 Ἀττήλαν,
657 1187 682 1212 εί
699 1185 735 1220 μὴ
750 1185 851 1212 ἒλοιντο
863 1187 962 1219 ποιεῖν,
980 1185 997 1212 ἃ

214 1234 347 1269 βούλεται,
357 1233 448 1265 ὅπλοις
456 1233 490 1260 τὰ
502 1232 639 1268 ἀμφίϐολα
653 1232 887 1268 διακριθήσεσθαι,
900 1232 999 1258 Ἐπαν-

213 1281 343 1308 ελθόντων
372 1280 400 1306 δὲ
418 1280 496 1315 ἡμῶν
522 1282 550 1311 ὲς
574 1279 622 1314 τὴν
641 1278 778 1314 σκηνὴν,ὁ
791 1278 837 1305 τοῦ
869 1278 997 1313 Ὀρέστου

214 1327 305 1363 πατὴρ
333 1324 384 1362 ἧκε
399 1326 496 1360 λέγων,
515 1326 552 1357 ὡς
572 1325 754 1360 Ἀμφοτέρους
768 1325 839 1359 ὑμᾶς
864 1325 887 1341 ’⁵
903 1324 999 1360 Ἀττή-

214 1373 263 1404 λας
290 1373 335 1399 ἐπὶ
359 1373 389 1399 τὸ
417 1373 566 1408 συμπόσιον
592 1371 754 1407 παρακαλεῖ,
781 1370 942 1406 γενήσεσθαι
972 1370 999 1396 δὲ

216 1419 282 1446 αὐτὸ
306 1419 366 1454 περὶ
391 1419 414 1445 θ’
427 1419 477 1454 τῆς
498 1419 618 1454 ἡμέρας.
654 1418 697 1448 Ὦς
714 1417 742 1443 δὲ
753 1416 798 1444 τὸν
810 1417 906 1452 καιρὸν
933 1417 1000 1450 ἐφυ-

215 1463 334 1499 λάξαμεν
365 1463 413 1491 καὶ
435 1464 482 1490 ἐπὶ
508 1464 539 1489 τδ
566 1463 671 1489 δεῖπνον
697 1461 841 1497 κληθέντες
875 1468 997 1495 παρεγει

215 1508 407 1543 νόμεθαὴμεῖς
429 1516 459 1534 τε
488 1508 532 1534 καὶ
562 1508 587 1533 οἱ
615 1506 669 1534 ἀπὸ
688 1506 742 1533 τῶν
766 1506 900 1541 ἑσπερίων
936 1505 1000 1531 Ῥω-

1047 957 1163 979 ratorem
1181 952 1215 978 ad
1228 959 1256 979 se
1267 952 1374 980 mittere
1387 952 1488 987 legatos
1499 958 1545 979 aut
1557 952 1684 986 Nonium,
1696 958 1741 979 aut
1754 954 1827 980 Ana-

1048 998 1152 1030 toliutn,
1169 997 1395 1030 autSenatoretn,
1410 1005 1497 1033 neque
1511 998 1580 1027 ullos
1594 999 1660 1026 alios
1673 1005 1770 1034 praeter
1780 1000 1829 1026 bos

1048 1044 1238 1071 admissurum.
1272 1043 1305 1070 Et
1326 1051 1386 1071 cum
1411 1043 1572 1071 Maximinus
1611 1045 1667 1080 66
1689 1045 1828 1079 objiccret,

1047 1090 1158 1116 minime
1183 1089 1327 1116 convenire
1357 1089 1468 1125 legatos,
1492 1090 1538 1124 qui
1563 1090 1595 1117 ad
1615 1098 1644 1118 se
1675 1091 1828 1124 mittantur,

1048 1135 1214 1170 designando
1235 1139 1374 1170 suspectos
1389 1136 1542 1170 imperatori
1571 1137 1692 1170 reddere,
1719 1137 1829 1164 Attilam

1049 1181 1230 1215 respondisse,
1244 1180 1266 1208 si
1281 1181 1338 1208 haec
1354 1181 1507 1215 abnuerint,
1529 1183 1613 1210 armis
1629 1191 1657 1210 se
1672 1188 1830 1210 controver-

1049 1227 1103 1253 sias
1127 1227 1349 1260 disceptaturunt.
1381 1226 1506 1254 Reversis
1525 1228 1603 1255 ttobis
1618 1228 1644 1255 in
1673 1229 1830 1261 tentorium,

1049 1279 1112 1299 ecce
1125 1272 1157 1298 atl
1177 1280 1226 1300 tios
1242 1271 1346 1300 Orestis
1358 1279 1451 1307 pater:
1479 1282 1488 1299 t
1505 1273 1556 1301 Vos
1568 1274 1672 1306 ambos,
1686 1275 1781 1308 ittquit,
1797 1275 1830 1302 ad

1049 1319 1201 1346 convivium
1216 1319 1311 1346 invitat
1327 1319 1433 1352 Attilas,
1454 1319 1500 1346 ﬁet
1517 1327 1578 1348 vero
1600 1320 1663 1347 illud
1678 1322 1710 1347 ad
1733 1328 1830 1348 nonam

1050 1364 1101 1392 dici
1119 1365 1222 1391 horam.
1237 1374 1246 1390 ε
1272 1365 1403 1398 Tempore
1420 1365 1544 1392 condicto
1558 1367 1711 1397 observato,
1735 1370 1764 1392 ut
1785 1373 1832 1393 ve-

1051 1412 1149 1442 nimus,
1174 1415 1200 1437 et
1215 1418 1269 1437 una
1290 1417 1398 1446 quoque
1419 1410 1601 1439 Romanorum
1619 1412 1832 1440 Occidentalium

1051 1455 1141 1490 legati,
1166 1456 1292 1483 stetimus
1317 1457 1343 1483 in
1364 1457 1456 1484 limine
1481 1458 1612 1485 cmttaculi
1637 1466 1726 1486 coram
1739 1459 1831 1487 Attila.

1052 1502 1100 1530 Hic
1116 1503 1258 1537 pincerurc,
1282 1508 1310 1530 ut
1331 1511 1389 1532 mos
1405 1509 1446 1532 est
1461 1506 1487 1532 in
1504 1505 1558 1532 illis
1575 1506 1741 1541 regionibus,
1767 1505 1834 1533 cali-

217 1554 304 1589 μαίων
333 1553 472 1588 πρέσϐεις,
503 1553 621 1588 ἔστημεν
662 1553 708 1578 ἐπὶ
735 1551 782 1578 τοῦ
814 1551 892 1578 οὐδοῦ
922 1551 1000 1577 ἀντία

1054 1556 1110 1576 cent
1126 1550 1301 1582 tradiderunt,
1314 1554 1343 1577 ut
1355 1555 1418 1578 ante
1432 1551 1584 1579 accubitum
1598 1558 1658 1579 vota
1672 1552 1832 1580 faceremus.

216 1599 340 1635 ’Δττήλω
370 1600 426 1627 Καὶ
445 1599 542 1626 κύλικα
565 1600 586 1615 ⁷⁸
610 1599 635 1625 ol
649 1598 763 1633 οἰνοχόοι
795 1598 866 1624 κατὰ
889 1598 920 1623 τὸ
937 1598 997 1622 ὲπι-

217 1645 316 1681 χώριον
341 1646 472 1672 ἐπέδοσαν
489 1645 559 1677 ἔθος,
577 1645 613 1676 ὡς
628 1644 675 1671 καὶ
697 1644 770 1679 ἡμᾶς
785 1643 838 1678 πρὸ
851 1642 900 1677 τῆς
920 1642 1001 1676 ἕδρας

217 1691 393 1726 ἐπεύξασθαι.
407 1689 445 1718 οὗ
460 1691 492 1726 δὴ
512 1690 671 1726 γενομένου,
685 1690 735 1724 τῆς
751 1689 862 1720 κύλικος
877 1689 997 1722 ἀπογευ-

218 1738 329 1772 σάμενοι
340 1739 386 1764 ἐπὶ
399 1737 462 1769 τοὺς
474 1737 583 1772 θρόνους
597 1736 724 1772 ἥλθομεν,
743 1732 774 1760 οὗ
786 1735 839 1761 ἔδει
855 1733 1002 1760 καθεσθέν-

217 1790 266 1814 nc
275 1782 405 1810 δειπνεῖν.
418 1783 488 1818 Πρὸς
498 1783 526 1809 δὲ
536 1783 592 1813 τοῖς
604 1781 702 1816 τοίχοις
710 1780 756 1807 τοῦ
764 1781 912 1815 οἰκήματος
931 1779 1000 1805 πάν-

217 1836 263 1860 τες
291 1828 414 1864 ὑπῆρχον
442 1829 468 1855 οἱ
495 1828 585 1863 δίφροι
604 1827 634 1859 ἐξ
653 1827 786 1861 ἑκατέρας
806 1825 936 1860 πλευρᾶς.
959 1823 1002 1850 Ἑν

222 1876 371 1910 μισωτάτῳ
403 1873 511 1911 δὶῆστο
535 1874 581 1900 ἐπὶ
607 1873 701 1908 κλίνης
725 1871 891 1906 όἌττήλας,
907 1869 1004 1904 ἐτέρας

219 1919 362 1953 {Edam-62v
378 1920 471 1953 κλίνης
485 1919 660 1955 ὑπαρχούσης
671 1917 755 1952 αὐτῷ,
766 1916 816 1951 μεθ
824 1916 831 1926 ⁹
843 1916 877 1950 ἢν
906 1913 1004 1949 βαθμοί

218 1959 291 1999 τινες
299 1967 345 1993 ἐπὶ
361 1966 410 2002 τὴν
418 1966 499 1993 αὐτοῦ
509 1966 609 2000 ἀνῆγον
620 1964 712 1998 εὐνὴν,
727 1960 935 1995 καλυπτομένην
947 1958 1005 1984 όθό-

222 2021 282 2044 ναις
299 2013 347 2039 καὶ
378 2012 509 2042 ποικίλοις
529 2010 762 2046 παραπετάσμασι
792 2006 893 2041 κόσμου
914 2004 1004 2039 χάριν,

222 2058 346 2094 καθάπερ
364 2058 410 2084 ἐπὶ
432 2058 485 2084 τῶν
497 2056 656 2092 γαμούντων
670 2052 799 2088 Ἔλληνές
827 2059 857 2077 τε
873 2051 919 2077 καὶ
938 2050 1006 2076 Ῥω-

222 2107 297 2141 μαῖοι
316 2103 561 2137 κατασκευάζουσι.
595 2103 651 2130 Καὶ
672 2102 782 2137 πρώτην
805 2100 854 2135 μὲν
881 2097 1006 2133 ἐνόμιζον

221 2151 274 2179 τῶν
300 2151 482 2179 δειπνούντων
504 2150 582 2183 τάξιν
607 2150 656 2185 τὴν
669 2149 698 2175 ὲν
727 2146 802 2182 δεξιᾷ
816 2145 863 2172 τοῦ
878 2144 1004 2179 Ἀττήλα,

224 2199 354 2234 δευτέραν
373 2198 401 2225 δὲ
413 2198 462 2233 τὴν
478 2197 628 2232 εὐώνυμον,
641 2196 669 2222 ὲν
718 2194 903 2227 ἐτυγχάνομεν
917 2189 1005 2234 ὅντες,

1053 1595 1111 1629 Quo
1127 1595 1209 1628 facto,
1225 1601 1252 1623 et
1266 1596 1351 1624 calice
1369 1596 1520 1631 degusmo,
1535 1598 1590 1632 ipsa
1605 1598 1682 1631 solis,
1695 1599 1722 1626 itt
1737 1599 1834 1632 quibus

1053 1650 1102 1669 nos
1114 1644 1239 1670 sedentes
1253 1649 1362 1671 camare
1377 1643 1528 1677 oportebat,
1544 1644 1724 1671 ascendimus.
1737 1644 1833 1671 Omnia

1052 1688 1146 1715 sedilia
1161 1688 1229 1715 circa
1243 1688 1361 1723 parietes
1371 1689 1487 1716 cubiculi
1499 1689 1532 1716 ab
1550 1695 1662 1724 utraque
1679 1695 1754 1724 parte
1777 1690 1835 1718 dis-

1053 1734 1139 1767 posita
1151 1738 1227 1760 erant
1239 1742 1246 1760 :
1267 1733 1371 1761 medius
1382 1733 1410 1760 in
1424 1733 1491 1761 lecto
1504 1735 1616 1762 sedebat
1628 1735 1737 1766 Attilas,
1748 1736 1834 1762 altero

1052 1778 1123 1806 lecto
1137 1785 1152 1804 ιι
1171 1783 1247 1813 tergo
1262 1783 1360 1811 strato,
1373 1786 1443 1814 pone
1454 1786 1532 1813 quem
1551 1783 1628 1805 erant
1645 1779 1751 1813 quidam
1772 1787 1835 1814 gra-

1053 1823 1114 1856 dus,
1131 1824 1175 1859 qui
1194 1824 1228 1851 ad
1243 1824 1300 1858 ejus
1319 1825 1407 1852 cubile
1418 1824 1551 1856 ferebant,
1563 1824 1652 1851 linteis
1668 1826 1790 1853 candidis
1809 1831 1838 1854 et

1054 1869 1136 1896 variis
1158 1870 1293 1903 tapetibus
1317 1875 1430 1897 ornatus
1445 1870 1533 1904 gratia
1557 1874 1721 1902 contectum,
1748 1871 1838 1899 simile

1055 1914 1198 1946 cubilibus,
1222 1922 1282 1948 qua:
1299 1915 1411 1942 Romani
1426 1919 1453 1942 et
1465 1914 1551 1942 Graeci
1568 1915 1736 1942 nubentibus
1755 1917 1837 1943 ador-

1056 1966 1122 1986 nare
1137 1966 1186 1993 pro
1200 1966 1276 1986 more
1300 1959 1410 1986 habent.
1441 1958 1474 1986 Et
1490 1959 1605 1994 primum
1620 1960 1728 1994 quidem
1744 1961 1836 1988 convi-

1055 2012 1149 2032 varum
1164 2004 1250 2032 locum
1268 2004 1326 2038 ejus
1345 2005 1489 2038 habebant,
1504 2006 1549 2040 qui
1565 2005 1598 2033 ad
1612 2006 1702 2034 Attila:
1716 2007 1837 2035 dextram

1055 2051 1177 2084 sedebat,
1193 2053 1340 2079 secundum
1356 2052 1426 2087 ejus,
1439 2052 1486 2086 qui
1499 2053 1532 2079 ad
1547 2052 1640 2080 laevam
1655 2060 1662 2080 :
1676 2053 1703 2081 in
1718 2061 1771 2089 quo
1786 2061 1836 2082 nos

1056 2102 1083 2126 et
1098 2097 1238 2131 Berichus,
1253 2099 1293 2126 vir
1306 2099 1375 2134 apud
1389 2097 1503 2134 Scythas
1516 2099 1624 2133 nobilis,
1647 2101 1694 2128 sed
1708 2100 1839 2129 Berichus

1057 2144 1197 2178 superiore
1212 2144 1281 2172 loco.
1298 2143 1366 2171 Nam
1382 2143 1531 2180 Onegesius
1549 2145 1574 2172 in
1591 2145 1656 2173 sella
1672 2146 1704 2173 ad
1716 2145 1838 2172 dextram

1058 2190 1124 2224 regii
1151 2190 1213 2223 tori,
1227 2195 1255 2218 et
1274 2197 1290 2218 e
1305 2191 1415 2226 regione
1427 2191 1552 2226 Onegesii
1566 2192 1620 2219 duo
1629 2199 1661 2219 ex
1675 2191 1765 2219 Attila:
1777 2191 1839 2218 [iliis

224 2238 456 2280 προκαθεσθέντος
488 2243 566 2278 ἡμῶν
585 2240 708 2277 Βερίχου,
732 2238 808 2274 παρὰ
833 2235 949 2266 Σκύθαις
975 2233 1000 2260 εἰ

1058 2237 1198 2265 sedebant.
1218 2237 1315 2265 Settior
1327 2237 1397 2265 enirn
1412 2238 1437 2264 itt
1449 2239 1618 2272 eodent,quo
1633 2243 1718 2272 pater,
1731 2238 1838 2270 throno,

222 2291 364 2325 γεγονότος
387 2290 493 2326 ἀνδρός·
523 2290 537 2315 ὁ
562 2288 616 2323 γὰρ
641 2286 801 2322 Ὀνηγήσιος
829 2283 874 2310 ἐπὶ
904 2282 1001 2315 δίφρου

222 2334 290 2372 ἧστο
304 2338 333 2363 ιν
353 2336 430 2371 δεξιᾷ
451 2335 501 2370 τῆς
524 2334 571 2361 τοῦ
597 2333 729 2369 βασιλέως
757 2330 862 2364 κλίνης.
879 2326 1005 2361 ’Δντικρὺ

223 2371 252 2409 δὲ
269 2382 315 2409 τοῦ
327 2382 490 2418 Ὀνηγησίου
519 2381 565 2407 ἐπὶ
592 2380 688 2414 δίφρου
705 2375 866 2407 ἐκαθέζοντο
888 2373 934 2400 δύο
953 2371 1007 2398 τῶν

224 2427 340 2464 ’Δττήλα
361 2417 474 2455 παίδων
489 2428 504 2454 ό
527 2427 581 2462 γὰρ
606 2424 791 2461 πρεσϐύτερος
814 2422 861 2448 ἐπὶ
875 2421 923 2454 τῆς
939 2417 1009 2464 ἐκεί-

224 2483 270 2502 νου
283 2472 350 2511 ἧστο
374 2474 477 2509 κλίνης,
506 2473 556 2500 οὐκ
575 2472 670 2506 ἐγγὺς,
682 2470 738 2497 ἀλλ’
755 2468 804 2495 ἐπ’
817 2467 916 2500 ἄκρου,
939 2463 1011 2511 αίόοῖ

223 2521 271 2548 τοῦ
296 2510 399 2556 πατρδς
419 2519 524 2555 βλέπων
552 2520 580 2550 ἐς
596 2518 658 2552 γῆν.
683 2516 794 2543 Πάντων
817 2513 846 2540 δὲ
917 2510 1010 2558 κόιξμῳ

223 2555 414 2597 καθεστώτων,
441 2563 584 2600 παρελθὼν
599 2562 717 2598 οἰνοχόος
741 2559 779 2594 τῷ
806 2555 923 2591 Ἀττήλᾳ
938 2555 1010 2600 οἴνου

224 2612 366 2640 κισσύειον
392 2598 540 2637 ἐπιδίδωσι.
572 2608 722 2643 Δεξάμενος
747 2607 775 2633 δὲ
800 2604 846 2631 τὸν
867 2603 902 2637 τῇ
934 2598 1011 2631 τάξει

226 2658 333 2693 πρῶτον
361 2656 510 2692 ἠσπάζετο.
542 2655 571 2682 '0
591 2654 620 2680 δὲ
650 2653 689 2688 τῷ
711 2650 849 2685 ἀσπασμῷ
881 2647 1009 2683 τιμηθεὶς

225 2703 396 2730 διανίστατο·
416 2703 462 2729 καὶ
477 2703 507 2729 οὺ
529 2701 661 2737 πρότερον
679 2698 771 2733 ίζῆσαι
790 2697 867 2731 θέμις
883 2693 926 2731 ἦν,
944 2694 1009 2729 πρὶν

225 2749 244 2785 ἢ
255 2748 295 2785 τῷ
315 2749 427 2785 οἰνοχόῳ
441 2747 662 2782 ἀπογευσάμενος
675 2746 692 2781 ἢ
707 2745 754 2771 καὶ
771 2742 873 2770 ἐκπιὼν
886 2741 1010 2769 ἀπέδωκε

1061 2291 1113 2312 non
1129 2291 1223 2318 prope,
1247 2284 1294 2312 sed
1317 2284 1430 2310 multum
1454 2282 1522 2310 infra
1547 2283 1733 2316 accumbebat,
1755 2283 1840 2310 oculis

1060 2335 1116 2363 prae
1136 2330 1237 2363 pudore
1253 2334 1364 2364 propter
1385 2327 1470 2362 patris
1490 2329 1659 2362 praesentiam
1685 2335 1791 2362 semper
1813 2328 1840 2354 itt

1062 2379 1162 2402 terram
1180 2375 1319 2409 conjectis.
1346 2374 1478 2402 Omnibus
1493 2375 1588 2402 ordine
1605 2375 1770 2406 sedentibus,
1795 2375 1841 2408 qui

1061 2418 1150 2446 Attilae
1162 2423 1220 2446 erat
1235 2426 1250 2445 a
1265 2418 1367 2453 poculis
1380 2419 1532 2453 ingrediens
1546 2424 1666 2452 pateram
1679 2419 1733 2446 vini
1751 2420 1841 2448 tradit.

1060 2463 1135 2490 lianc
1151 2464 1195 2490 ubi
1211 2463 1342 2498 suscepit,
1363 2464 1514 2496 proximum
1528 2463 1622 2489 ordine
1638 2464 1775 2495 salutavit,
1797 2464 1842 2497 qui

1059 2508 1223 2536 salutatione
1248 2508 1395 2535 honoratus
1417 2507 1549 2541 surrexit,
1580 2515 1667 2543 neque
1691 2509 1764 2543 prius
1782 2516 1842 2535 eum

1060 2556 1154 2583 sedere
1167 2554 1208 2582 fas
1224 2560 1296 2587 erat,
1311 2562 1390 2590 quant
1405 2562 1507 2582 merum
1525 2555 1681 2590 degustans,
1701 2559 1747 2580 aut
1761 2554 1842 2580 etiam

1061 2601 1184 2633 ebibens,
1196 2601 1320 2636 poculum
1331 2601 1478 2636 pocillatori
1489 2601 1623 2628 redderet.
1635 2600 1744 2626 Sedenti
1754 2605 1844 2626 autem

1062 2649 1153 2677 Attila:
1166 2649 1261 2676 eodem
1276 2647 1365 2680 modo,
1378 2647 1423 2681 qui
1438 2647 1562 2674 convivio
1575 2647 1736 2677 intererant,
1749 2645 1844 2679 pocula

1063 2695 1242 2729 suscipientes
1261 2698 1287 2720 et
1309 2698 1370 2728 post
1385 2692 1572 2720 salutationem
1594 2692 1774 2726 degustantes,
1798 2691 1846 2717 ho-

1063 2747 1156 2768 norem
1173 2739 1346 2767 exltibebant.
1374 2738 1526 2772 Unicuique
1541 2743 1606 2764 vero
1620 2744 1688 2765 unus
1706 2735 1847 2772 pocillator

868 2810 985 2838 VARIJE
1004 2808 1204 2837 LECTIONES.

269 2879 292 2896 "
302 2880 383 2906 αὐτον
401 2878 446 2912 Ν.,
459 2877 503 2903 τὸν
522 2876 594 2910 vulg.
630 2874 652 2890 '"
665 2872 791 2906 δέξασθαι
809 2871 882 2907 vulg.
920 2871 941 2886 ⁷⁸
957 2871 1031 2906 ἡμᾶς
1044 2869 1116 2905 conj.
1133 2868 1163 2896 Β.
1201 2869 1224 2885 ⁷⁸
1235 2867 1333 2894 κύλικα
1348 2865 1392 2900 H.,
1409 2864 1526 2892 ἑπύλικα
1541 2864 1613 2899 vulg.
