4010 6210
377 371 489 434 739

1386 361 1778 422 EXCERPTA
1812 359 1914 420 EX
1954 355 2224 419 PRISCO
2263 355 2624 416 RHETORE

3509 350 3618 412 74⁸)

379 490 588 544 θύεται
625 501 806 554 quem,
844 499 962 536 cum
1016 482 1266 550 pincerna
1289 478 1467 533 Attilae
1491 479 1682 541 exiret,
1728 475 1953 531 introire

2069 474 2117 527 ιδ
2165 454 2465 526 κισσύϐιον.
2500 466 2847 522 Καθεσθέντα
2867 465 2923 518 δὲ
2941 464 3100 520 αὑτὸν
3129 462 3220 534 ’τῷ
3249 464 3436 536 τρόπῳ
3491 464 3537 496 ⁸⁸
3569 469 3622 518 οῖ

379 593 480 635 suo
515 576 702 632 ordine
728 573 986 644 oportuit.
1026 570 1290 626 ’Secundo
1331 579 1384 624 et
1434 570 1658 638 reliquis
1693 569 1947 636 deinceps

387 673 454 723 ad
492 671 630 720 hunc
660 666 872 716 modum
915 665 1115 717 honore
1147 660 1376 726 aﬂ‘ectis,
1435 659 1632 712 Attilas
1673 673 1772 712 nos
1812 671 1949 726 quo-

381 774 483 828 que
518 758 704 811 eodem
757 755 915 809 modo
947 753 1204 808 salutavit
1237 752 1534 806 secundum
1575 749 1816 803 ordinem
1846 749 1952 802 sel-

382 852 577 904 larum.
631 847 768 900 Tum
819 848 1068 900 omnibus
1113 844 1452 898 salutationis
1500 843 1703 896 honore
1748 841 1948 904 delato,

381 943 653 1010 pincerna:
707 947 1072 994 recesserunt.
1154 937 1351 990 Mensa:
1396 949 1522 988 vero
1577 935 1728 1003 juxta
1775 933 1954 987 Attila:

381 1046 622 1086 mensam
650 1039 807 1084 erant
833 1039 1046 1089 erectae,
1072 1026 1404 1094 excipiendis
1427 1025 1598 1078 tribus
1623 1035 1676 1078 et
1702 1033 1950 1092 quatuor,

381 1124 659 1176 autetiam
698 1121 940 1190 pluribus
973 1122 1216 1174 convivis
1249 1121 1474 1181 idoneae,
1519 1133 1745 1187 quorum
1787 1133 1956 1172 unus-

383 1215 611 1284 quisque
646 1222 855 1281 poterat
885 1212 1108 1265 minime
1153 1220 1522 1280 transgressus
1555 1209 1762 1264 sedium
1807 1209 1956 1262 ordi-

383 1321 481 1359 nes
513 1319 578 1357 ex
627 1302 867 1368 ferculis,
899 1302 1040 1370 quod
1076 1301 1177 1356 sibi
1219 1301 1427 1354 libitum
1461 1311 1597 1364 erat,
1649 1301 1952 1355 desumere.

385 1392 590 1447 Deinde
620 1393 827 1460 primus
857 1390 910 1444 in
946 1390 1180 1443 medium
1214 1393 1446 1445 accessit
1473 1389 1650 1444 Attilae
1684 1389 1954 1452 minister,

387 1483 628 1551 patinam
665 1482 919 1535 carnibus
959 1480 1168 1550 plenam
1216 1481 1413 1537 ferens.
1473 1482 1600 1536 Post
1643 1481 1814 1550 ipsum
1866 1481 1954 1549 qui

389 1589 579 1644 panem
621 1573 1000 1624 ministrabant
1049 1571 1155 1641 67
1191 1581 1246 1624 et
1289 1572 1510 1625 obsonia
1556 1575 1756 1628 mensis
1790 1588 1956 1642 appo-

388 1673 630 1718 suerunt.
683 1661 785 1715 Sed
815 1661 1024 1715 caeteris
1053 1662 1267 1729 quidem
1298 1661 1552 1717 Barbaris
1581 1673 1635 1718 et
1665 1662 1816 1718 nobis
1847 1664 1960 1717 latt-

389 1755 597 1807 tissima
639 1767 790 1806 cinna
829 1760 1131 1820 praeparata
1161 1761 1277 1805 erat
1320 1761 1374 1806 et
1409 1753 1460 1806 in
1494 1753 1659 1808 discis
1687 1754 1959 1823 argenteis

391 1845 642 1914 repOsita,
690 1844 870 1898 Attilae
899 1844 950 1896 in
993 1842 1195 1911 quadra
1239 1843 1435 1910 lignea,
1502 1835 1558 1897 et
1597 1843 1728 1897 nihil
1767 1854 1962 1913 praeter

388 1950 606 1990 carnes.
645 1935 976 1988 Moderatum
1009 1935 1212 2002 pariter
1240 1933 1290 1987 in
1319 1932 1538 2002 reliquis
1565 1935 1811 1988 omnibus
1845 1950 1965 1989 sese

395 2027 688 2095 praebebat.
734 2025 986 2079 Convivis
1011 2039 1176 2078 aurea
1221 2032 1274 2079 et
1307 2033 1561 2091 argentea
1607 2025 1796 2091 pocula
1835 2041 1963 2094 sup-

390 2119 796 2186 peditabantur,
821 2116 998 2170 Attila:
1021 2115 1266 2184 poculum
1292 2125 1410 2170 erat
1437 2115 1692 2186 ligneum.
1727 2115 1964 2186 Simplex

395 2208 683 2263 admodum
722 2208 864 2262 illius
895 2209 1074 2274 ,vestis
1116 2207 1256 2261 nulla
1289 2221 1367 2274 re,
1409 2208 1513 2262 nisi
1550 2208 1827 2272 munditie,
1877 2223 1967 2263 or-

395 2312 522 2355 nata
557 2309 693 2356 erat.
741 2298 926 2369 Neque
955 2299 1070 2368 ejus
1095 2301 1263 2365 ensis,
1295 2314 1468 2370 neque
1505 2299 1810 2355 calceorum
1841 2302 1964 2354 bar-

394 2394 650 2446 barorum
700 2390 979 2460 ligamina,
1019 2405 1192 2462 neque
1215 2393 1332 2462 ejus
1362 2392 1485 2461 equi
1529 2391 1707 2456 frena,
1755 2399 1814 2444 ut
1838 2391 1966 2444 reli-

389 2498 620 2554 quorum
677 2481 1020 2552 Scytharum,
1080 2498 1213 2536 auro
1259 2491 1351 2536 aut
1405 2482 1670 2548 lapidibus
1721 2490 1814 2534 aut
1861 2475 1965 2535 alia

391 2587 714 2643 quacunque
765 2587 823 2627 re
869 2573 1101 2643 pretiosa
1149 2584 1305 2627 erant
1347 2579 1560 2626 ornata.
1627 2569 1698 2625 Ut
1745 2571 1965 2624 obsonia

391 2667 690 2737 primorum
743 2664 1067 2720 ferculorum
1126 2663 1277 2717 fuere
1315 2665 1675 2732 {consumpta,
1722 2663 1964 2716 surrexi-

393 2770 548 2815 mus,
607 2767 780 2821 neque
834 2753 983 2820 prius
1033 2753 1320 2820 quisquam
1373 2758 1619 2804 nostrum
1665 2747 1732 2802 ad
1781 2749 1962 2804 sedem

394 2859 555 2898 suam
603 2852 688 2897 est
739 2857 1008 2906 reversus,
1058 2858 1217 2912 quam
1266 2842 1368 2897 sibi
1420 2841 1670 2895 traditam
1723 2851 1962 2912 pateram

394 2936 502 2989 vini
533 2933 767 3004 plenam,
826 2943 1043 2988 servato
1097 2935 1279 3004 priore
1329 2933 1539 3000 ordine,
1585 2931 1805 2987 Attilam
1852 2934 1962 2988 sal-

393 3041 519 3080 vum
543 3036 597 3078 et
623 3024 943 3080 incolumem
971 3034 1244 3093 precatus,
1275 3024 1554 3080 ebibisset.
1614 3025 1692 3082 Eo
1721 3027 1789 3082 ad
1824 3029 1963 3082 hunc

2053 568 2315 637 παρόντες
2336 565 2559 633 ἐτίμων,
2611 562 2891 631 δεχόμενοι
2951 559 3050 623 τὰς
3101 559 3332 622 κύλικας
3362 561 3457 612 καὶ
3481 559 3624 628 μετά

2055 659 2146 712 τὸν
2205 655 2496 724 ἀσπασμὸν
2543 653 2960 722 ἀπογευόμενοι.
3023 650 3274 719 Ἐκάστῳ
3319 650 3375 702 δὲ
3409 644 3488 712 εἷς
3535 651 3623 702 oi-

2053 750 2236 819 νοχόος
2282 747 2488 816 παρῆν,
2539 745 2597 798 ὃν
2644 745 2749 797 ἔδει
2782 744 2924 797 κατά
2992 744 3202 812 στοῖχον
3245 742 3495 806 εἰσιέναι,
3525 740 3625 794 τοῦ

2065 840 2291 911 ’Λττήλα
2324 839 2558 908 οἰνοχόου
2591 837 2920 903 ὑπεξιόντος.
2945 834 3281 904 Τιμηθέντος
3309 833 3364 886 δέ
3397 834 3492 886 καὶ
3526 832 3624 885 τοῦ

2052 933 2303 1003 δευτέρου
2351 930 2444 982 καὶ
2497 929 2606 980 τῶν
2647 929 2793 997 ἐξῆς,
2849 926 2940 978 καὶ⁵
2967 927 3111 996 ήμᾶς
3136 927 3246 986 τοῖς
3274 925 3458 986 τσοιςό
3501 924 3629 976 Ἀτ-

2054 1026 2220 1094 τήλας
2279 1021 2597 1085 ἐδεξιώσατο
2648 1019 2787 1071 κατά
2819 1019 2914 1088 τὴν
2947 1017 3055 1070 τῶν
3107 1016 3287 1069 θάκων
3331 1015 3374 1047 ⁸⁸
3432 1015 3617 1079 τάξιν.

2054 1111 2126 1186 ’ᾮ
2150 1116 2212 1182 δὴ
2245 1111 2517 1181 ἀσπασμῷ
2547 1111 2762 1163 πάντων
2786 1109 3145 1179 τιμηθέντων,
3181 1107 3486 1178 ὑπεξῄεσαν
3519 1106 3622 1176 μὲν

2055 1209 2103 1259 οἱ
2157 1205 2404 1272 οίνοχόοι,
2473 1201 2741 1272 τράπεζαι
2799 1199 2854 1252 δὲ
2914 1199 3050 1267 μετὰ
3092 1198 3189 1269 τὴν
3243 1198 3337 1250 τοῦ
3391 1197 3630 1267 Ἀττὴλα

2059 1294 2413 1364 παρετίθεντο
2437 1293 2590 1346 κατά
2628 1295 2775 1362 τρεῖς
2811 1292 2902 1343 καὶ
2941 1291 3206 1360 τέτταρας
3231 1289 3429 1358 ἄνδρας
3462 1290 3495 1359 ἢ
3528 1291 3629 1341 καὶ

2059 1385 2295 1446 πλείους·
2356 1383 2475 1436 ὅθεν
2517 1383 2746 1445 ἕκαστος
2794 1377 2907 1444 οἷός
2963 1399 3022 1434 τε
3047 1377 3115 1454 ἦν
3170 1382 3282 1435 τῶν
3306 1385 3370 1452 τῇ
3432 1381 3627 1450 μαγίδι

2066 1475 2201 1548 [τοδι
2244 1473 2313 1546 ⁸⁸]
2345 1473 2732 1544 ἐπιτιθεμένων
2768 1474 3089 1543 μεταλαϐεῖν
3124 1473 3197 1543 μὴ
3245 1471 3482 1538 ὑπεξιὼν
3524 1472 3630 1539 τῆς

2056 1567 2164 1618 τῶν
2217 1565 2418 1631 θρόνων
2444 1565 2666 1630 τάξεως.
2718 1566 2830 1619 Καὶ
2855 1565 3066 1636 πρῶτος
3096 1564 3265 1634 εἰσῄει
3315 1565 3344 1616 ὁ
3373 1561 3465 1616 τοῦ
3504 1562 3631 1616 ’Λτο

2058 1660 2196 1729 τήλα
2251 1659 2550 1728 ὑπηρέτης,
2612 1657 2792 1727 κρεῶν
2824 1657 3003 1729 πλήρη
3054 1657 3261 1709 πίνακα
3304 1656 3509 1724 φέρων,
3535 1653 3632 1708 καὶ

2061 1753 2109 1802 οἱ
2164 1751 2300 1802 πᾶσι
2337 1747 2742 1817 διακονούμενοι
2795 1748 2914 1819 μετ’
2948 1748 3112 1801 αὑτὸν
3175 1751 3320 1801 σῖτον
3380 1748 3475 1800 καὶ
3523 1746 3634 1815 ὄψα

2061 1845 2182 1905 ταῖς
2197 1842 2494 1913 τραπέζαις
2526 1842 2818 1896 ἐπέθεσαν.
2848 1842 3009 1895 Ἀλλά
3035 1844 3146 1904 τοῖς
3171 1841 3268 1910 μὲν
3299 1841 3477 1903 ἄλλοις
3500 1839 3636 1910 βαρ-

2063 1935 2249 2004 ϐάροις
2290 1935 2383 1987 καὶ
2420 1936 2552 2005 ήμῖν
2597 1933 2862 2004 πολυτελῆ
2894 1935 3083 1987 δεῖπνα
3126 1934 3170 1966 ⁸⁸
3204 1932 3630 1996 κατεσκεύαστο,

2065 2025 2285 2088 κύκλοις
2339 2026 2660 2096 ἐπικείμενα
2705 2028 2985 2096 ἀργυροῖς⁶
3014 2025 3117 2095 ,τῷ
3163 2024 3218 2077 δέ
3256 2024 3492 2096 Ἀττήλᾳ
3543 2024 3638 2075 ἐπὶ

2063 2117 2156 2169 τοὺ
2209 2117 2419 2182 ξυλίνου
2475 2119 2703 2181 πίνακος
2760 2114 2828 2188 ἧν
2867 2116 3022 2170 οὐδὲν
3079 2116 3238 2169 πλέον
3285 2117 3485 2185 κρεῶν.
3518 2115 3638 2168 Ms-

2068 2227 2218 2278 τριον
2277 2210 2334 2262 δὲ
2367 2210 2556 2262 ἑαυτὸν
2585 2209 2680 2262 καὶ
2709 2211 2766 2262 ἐν
2821 2211 2932 2272 τοῖς
2969 2207 3148 2271 ἄλλοις
3179 2207 3380 2261 ἅπασιν
3406 2205 3635 2259 ἐδείκνυ.

2065 2302 2191 2364 Τοῖς
2215 2300 2336 2371 ίγάρ
2375 2301 2475 2369 τῆς
2515 2300 2746 2370 εὑωχίας
2792 2300 3016 2370 ἀνδράσι
3057 2298 3275 2362 κύλικες
3326 2301 3525 2369 χρυσαῖ
3577 2316 3637 2352 τε

2047 2393 2170 2445 ‘xal.
2235 2392 2472 2460 ἀργυραῖ
2497 2391 2824 2454 ἐπεδίδοντο,
2868 2390 2926 2442 τὸ
2981 2389 3036 2443 δὲ
3067 2388 3230 2442 αὑτοῦ
3283 2387 3516 2457 ἔκπωμα
3547 2387 3641 2452 ξύ-

2064 2482 2204 2536 λινον
2233 2477 2320 2553 ἦν.
2348 2481 2481 2552 Λιτὴ
2505 2481 2561 2534 δὲ
2595 2481 2744 2552 αὑτῷ
2776 2481 2867 2533 καὶ
2895 2482 2927 2550 ή
2961 2480 3122 2549 ἐσθὴς
3158 2479 3452 2549 ἐτύγχανεν
3480 2474 3637 2542 οὖσα,

2070 2575 2239 2648 μηδὲν
2310 2573 2418 2626 τῶν
2473 2574 2648 2629 ἄλλων
2713 2573 2852 2641 πλὴν
2884 2571 2977 2625 τοῦ
3002 2571 3216 2641 καθαρά
3270 2567 3411 2624 εἶναι
3442 2572 3638 2640 διαφυ-

2063 2669 2352 2724 λάττουσω
2377 2668 2468 2720 καὶ
2503 2665 2624 2720 οὔτε
2669 2665 2729 2717 τὸ
2756 2665 3189 2737 παρῃωρημένον
3243 2663 3391 2734 αὐτῷ
3462 2661 3637 2730 ξίφος,

2064 2761 2185 2815 οὔτε
2229 2763 2275 2813 οἱ
2299 2762 2406 2812 τῶν
2469 2756 2819 2829 βαρϐαρικῶν
2859 2757 3222 2824 ὑποδημάτων
3273 2756 3482 2825 δεσμοὶ,
3513 2754 3638 2808 οὔτε

2067 2852 2161 2907 τοῦ
2219 2852 2386 2904 ἵππου
2443 2851 2470 2902 ὁ
2506 2849 2738 2920 χαλινὸς,
2769 2848 2956 2918 ὥσπερ
3001 2848 3108 2901 τῶν
3161 2847 3333 2902 ἄλλων
3392 2847 3638 2909 Σκυθῶν,

2064 2943 2302 3016 χρυσῷἢ
2329 2942 2493 3004 λίθοις
2521 2941 2554 3010 ἦ
2578 2958 2680 2994 τινι
2710 2939 2814 2993 τῶν
2841 2939 3034 3009 τιμίων
3069 2939 3374 3007 ἐκοσμεῖτο.
3406 2937 3527 2990 Τῶν
3581 2938 3637 2990 δὲ

2063 3035 2207 3104 δψων
2233 3031 2340 3085 τῶν
2371 3033 2427 3085 ἐν
2456 3033 2568 3093 τοῖς
2595 3028 2831 3100 πρώτοις
2860 3027 3071 3092 πίναξιν
3103 3027 3462 3080 ἐπιτεθέντων
3508 3027 3641 3078 ἀνα-

395 3115 614 3171 modum
657 3115 862 3172 honore
893 3116 1058 3180 culto,
1091 3116 1352 3171 sedimus.
1417 3115 1554 3171 Tom
1589 3133 1725 3173 nova
1760 3117 1961 3173 fercula

2069 3124 2363 3184 λωθέντων,
2396 3123 2599 3185 πάντες
2639 3119 3012 3188 διανέστημεν,
3042 3117 3134 3171 καὶ
3154 3118 3214 3170 οὑ
3245 3117 3509 3186 πρότερον
3550 3117 3644 3168 ἐπὶ

395 3209 590 3278 cuique
639 3221 836 3262 mensae
888 3217 1010 3262 sunt
1060 3208 1203 3261 illata
1233 3246 1248 3271 ,
1302 3222 1420 3276 qua:
1471 3208 1572 3262 alia
1621 3211 1966 3265 continebant

393 3300 692 3361 esculenta,
727 3316 793 3354 ex
819 3299 1018 3369 quibus
1044 3299 1132 3352 ubi
1162 3314 1374 3364 omnes,
1407 3301 1580 3368 quoad
1627 3302 1760 3355 satis
1803 3313 1964 3366 esset,

393 3393 789 3456 comedissent,
836 3393 1023 3444 eodem
1075 3395 1232 3444 modo
1289 3391 1660 3455 surreximus,
1707 3399 1761 3443 et
1809 3402 1966 3460 epoto

396 3481 564 3536 calice
604 3495 792 3534 rursus
825 3480 1188 3534 consedimus.
1229 3481 1560 3534 Adveniente
1598 3494 1841 3548 vespere,
1891 3483 1968 3534 fa-

397 3571 662 3638 cibusque
705 3570 972 3636 accensis,
1031 3571 1137 3623 duo
1167 3568 1379 3639 Scytha:
1408 3585 1589 3623 coram
1636 3570 1802 3623 Attila
1846 3586 1969 3639 pro-

398 3658 638 3724 dierunt,
675 3668 729 3712 et
769 3673 960 3712 versus
984 3673 1012 3712 a
1046 3673 1104 3712 se
1137 3658 1329 3725 factos,
1359 3658 1554 3728 quibus
1579 3658 1693 3728 ejus
1719 3660 1971 3714 victorias

396 3759 454 3804 et
487 3748 708 3804 bellicas
759 3749 985 3802 virtutes
1030 3750 1316 3813 canebant,
1366 3751 1682 3802 recitarunt.
1748 3747 1804 3801 In
1835 3765 1970 3818 quos

397 3841 638 3895 conviva:
670 3839 854 3894 oculos
883 3840 1225 3902 detlxerunt;
1270 3849 1324 3894 et
1348 3840 1438 3893 alii
1465 3841 1683 3908 quidem
1718 3841 1971 3895 versibus

400 3928 850 3994 deleCIabantur,
912 3928 1033 3983 aliis
1081 3929 1347 3984 bellorum
1406 3931 1710 3985 recordatio
1755 3933 1969 3987 animos

405 4019 703 4082 excitabat,
738 4019 858 4072 aliis
889 4021 1176 4074 manabant
1215 4021 1491 4090 lacrymm,
1521 4037 1746 4090 quorum
1778 4037 1972 4091 corpus

397 4117 556 4163 astate
601 4107 944 4164 debilitatum
975 4119 1116 4173 erat,
1181 4118 1236 4162 et
1273 4111 1427 4178 vigor
1471 4112 1636 4165 animi
1694 4114 1972 4180 quiescere

397 4201 719 4268 cogebatur,
779 4200 907 4254 Post
949 4209 1140 4254 cantus
1173 4209 1228 4254 et
1267 4201 1508 4254 carmina
1545 4201 1742 4272 Scytha
1791 4205 1973 4258 nescio

399 4291 522 4360 quis
564 4299 744 4346 mente
771 4299 962 4358 captus
996 4289 1228 4344 absurda
1255 4297 1309 4344 et
1339 4291 1515 4360 inepta
1548 4305 1647 4345 nec
1676 4292 1791 4345 sani
1819 4294 1975 4361 quid-

398 4397 558 4450 quam
591 4380 840 4436 habentia
875 4379 1152 4435 et'fuudens
1181 4381 1348 4435 risum
1378 4382 1625 4437 omnibus
1659 4385 1968 4438 commovit.

2074 3217 2165 3270 τὸν
2205 3216 2394 3287 δίφρον
2427 3213 2662 3274 ἀναστὰς
2691 3208 2842 3282 ἦλθε,
2873 3211 3000 3281 πρὶν
3043 3209 3074 3278 ἢ
3133 3208 3274 3262 κατά
3331 3209 3428 3278 τὴν
3445 3209 3644 3277 προτέ-

2076 3323 2176 3377 ραν
2233 3306 2280 3337 ⁸⁸
2334 3305 2485 3370 τάξιν
2541 3304 2768 3365 ἕκαστος
2825 3300 2919 3370 τὴν
2975 3299 3352 3370 ἐπιδιδομένην
3400 3299 3645 3367 αὑτῷοῖ-

2075 3415 2166 3449 νου
2223 3397 2404 3465 πλήρη
2435 3395 2617 3460 ἐξέπιε
2671 3393 2891 3456 κύλικα,
2923 3393 3013 3446 τὸν
3056 3391 3321 3462 Ἀττήλαν
3372 3391 3480 3443 σῶν
3504 3386 3644 3443 εἶναι

2075 3483 2462 3552 ἐπευξάμενος.
2549 3481 2658 3533 Καὶ
2716 3481 2904 3533 τοῦτον
2965 3481 3286 3549 τιμηθέντος
3332 3479 3498 3532 αὑτοῦ
3553 3480 3644 3531 τὶν

2080 3576 2282 3646 τρόπον
2335 3573 2725 3643 ἐκαθέσθημεν,
2759 3575 2852 3626 καὶ
2895 3572 3144 3642 δεύτερος
3169 3572 3372 3642 ἑκάστῃ
3403 3569 3648 3641 τραπέζῃ

2077 3663 2355 3718 ἐπετίθετο
2396 3664 2558 3730 πίναξ
2599 3665 2764 3736 ἔτερα
2827 3663 2963 3733 ἔχων
3004 3663 3260 3734 ἐδώδιμα.
3324 3663 3413 3725 Ὠς
3448 3663 3504 3716 δὲ
3554 3663 3651 3716 καὶ

2079 3756 2239 3810 αὑτοῦ
2285 3757 2332 3809 oi
2379 3757 2577 3819 πάντες
2628 3740 2941 3826 μετέλαϐον,
2984 3755 3077 3808 καὶ
3118 3753 3195 3823 τῷ
3238 3752 3385 3824 αὑτῷ
3435 3753 3635 3818 ἐξαναο

2081 3849 2301 3912 στάντες
2324 3849 2528 3918 τρόπῳ,
2565 3843 2720 3908 αὖθις
2742 3847 3032 3910 ἐκπιόντες
3053 3845 3449 3915 ἐκαθέσθημεν.
3492 3847 3647 3898 Ἐπι-

2080 3940 2382 4008 γενομένης
2443 3938 2498 3990 δὲ
2561 3938 2800 4006 ἑσπέρας
2853 3936 3007 4006 δᾷδες
3070 3934 3410 4002 ἀνήφθησαν,
3445 3935 3538 3986 δύο
3591 3934 3647 3986 δὲ

2078 4029 2304 4096 ἀντικρὺ
2341 4027 2433 4080 τοῦ
2487 4027 2721 4093 Ἀττήλα
2748 4025 3105 4096 παρελθόντες
3132 4024 3394 4094 βάρϐαροι
3431 4024 3642 4095 ᾄσματα

2080 4119 2423 4188 πεποιημένα
2491 4117 2698 4186 ἔλεγον,
2766 4117 2923 4180 νίκας
2989 4115 3153 4169 αὑτοῦ
3206 4117 3300 4169 καὶ
3350 4115 3450 4178 τὰς
3505 4112 3647 4166 κατά

2080 4211 2314 4273 πόλεμον
2374 4208 2587 4268 ἀδοντες
2645 4207 2864 4276 ἀρετάς·
2901 4207 2957 4269 ἐς
2992 4204 3083 4268 οὓς
3134 4206 3181 4257 οί
3239 4205 3338 4273 τῆς
3419 4204 3650 4274 εὐωχίας

2079 4299 2405 4361 ἀπέϐλεπον,
2473 4299 2566 4350 καὶ
2601 4297 2650 4350 οἱ
2716 4298 2814 4366 μὲν
2844 4297 3032 4366 ἣδοντο
3069 4299 3180 4359 τοῖς
3241 4297 3562 4365 ποιήμασιν,
3598 4298 3646 4348 οξ

2079 4389 2135 4441 δέ
2167 4389 2273 4440 τῶν
2305 4387 2554 4457 πολέμων
2579 4387 3116 4456 ἀναμιμνησκόμενοι
3145 4386 3486 4465 διηγείρονεο
3538 4387 3651 4449 τοῖς

399 4471 684 4526 Postremo
711 4469 920 4525 Zercon
947 4468 1254 4524 Maurusius
1280 4471 1546 4526 introivit.
1587 4469 1798 4526 Edecou
1829 4473 1965 4526 enim

2079 4479 2436 4549 φρονήμασιν,
2489 4477 2634 4530 ἄλλοι
2666 4476 2722 4529 δὲ
2771 4475 3012 4546 ἐχώρουν
3043 4479 3100 4539 ἐς
3131 4477 3364 4546 δάκρυα,
3420 4470 3495 4530 ῶν
3546 4475 3652 4528 ὑπὸ

400 4563 475 4618 illi
510 4572 878 4632 persuaserat,
926 4572 981 4616 ut
1014 4562 1080 4616 ad
1112 4562 1336 4616 Attilam
1368 4565 1597 4629 veniret,
1625 4579 1838 4618 onmem
1861 4581 1965 4636 cpe.

2083 4570 2176 4622 τοῦ
2223 4569 2412 4638 χρόνου
2471 4568 2684 4637 ἠσθένει
2731 4567 2790 4620 τδ
2832 4569 2990 4638 σῶμα
3044 4569 3137 4622 καὶ
3171 4569 3514 4639 ήσυχάζεινό
3548 4569 3642 4622 θυ-

401 4669 516 4708 ram
556 4661 611 4706 et
661 4654 901 4706 studium
948 4654 1240 4723 pollicitus,
1272 4669 1377 4721 quo
1430 4670 1652 4708 uxorem
1701 4672 1984 4724 recupera-

401 4753 506 4799 ret.
567 4743 718 4797 Hanc
768 4742 932 4809 enim,
979 4758 1102 4798 cum
1137 4743 1210 4797 illi
1242 4744 1402 4798 Bleda
1437 4743 1663 4809 faveret,
1700 4747 1750 4798 in
1778 4744 1984 4800 Barba-

404 4851 588 4890 rorum
641 4833 860 4904 regione
912 4845 1215 4904 acceperat,
1265 4851 1492 4906 eamque
1539 4839 1590 4891 in
1625 4838 1866 4908 Scythia,
1917 4839 1985 4892 ab

401 4927 564 4983 Attila
623 4929 688 4982 ad
756 4929 969 4984 Aetium
1019 4931 1160 4984 dono
1216 4930 1444 4993 missus,
1511 4930 1819 4999 reliquerat.
1879 4931 1985 4985 Sed

402 5020 505 5075 hac
540 5035 635 5090 spe
668 5019 968 5075 frustratus
1012 5029 1115 5085 est,
1148 5022 1271 5090 quia
1303 5021 1497 5075 Attilas
1537 5021 1614 5075 illi
1654 5022 1984 5084 succensuit,

402 5113 546 5182 quod
581 5113 646 5165 ad
678 5128 774 5166 sua
815 5112 1182 5180 remigrasset.
1223 5114 1411 5180 Itaque
1435 5122 1560 5166 tunc
1590 5123 1800 5182 arrepta
1833 5113 1982 5166 festi-

402 5205 583 5259 vitatis
656 5206 940 5260 occasione
1005 5219 1340 5274 progressus,
1395 5212 1448 5258 et
1501 5204 1670 5258 forma
1710 5217 1764 5260 et
1791 5205 1976 5259 habitu

401 5307 455 5352 et
479 5299 918 5365 pronuntiatione
941 5306 997 5352 et
1049 5298 1229 5352 verbis
1266 5297 1490 5352 confuse
1539 5297 1606 5350 ab
1637 5312 1701 5351 co
1730 5298 1973 5366 prolatis,

404 5386 661 5442 Romanae
695 5388 1005 5444 llunuorum
1039 5397 1094 5442 et
1131 5387 1426 5442 Gothorum
1459 5388 1690 5454 linguam
1730 5389 1966 5441 intermi-

404 5494 582 5547 Sceus,
619 5497 808 5537 omnes
841 5481 1023 5537 laetitia
1053 5480 1293 5550 implevit
1323 5490 1376 5533 et
1409 5479 1608 5544 effecit,
1637 5489 1692 5532 ut
1725 5481 1775 5533 iu
1807 5480 1969 5532 vcheo

2086 4661 2185 4732 μὸς
2247 4659 2608 4730 ἠναγκάζετο.
2653 4661 2807 4714 Μετά
2851 4661 2908 4714 δὲ
2940 4661 3006 4713 τά
3060 4661 3276 4732 ᾅσματα
3327 4660 3541 4727 Σκύθης
3570 4675 3652 4723 τις

2094 4750 2380 4822 παρελθὼν
2410 4751 2800 4822 φρενοϐλαϐὴς,
2819 4751 3078 4805 ἀλλόκοτα
3105 4752 3196 4804 καὶ
3225 4751 3531 4820 παράσημα
3557 4750 3650 4802 καὶ

2082 4843 2234 4895 οὐδὲν
2284 4841 2439 4909 ὑγιὲς
2493 4840 2886 4910 φθεγγόμενος,
2938 4843 2994 4902 ἐς
3035 4840 3247 4908 γέλωτα
3272 4841 3480 4901 πάντας
3513 4855 3651 4908 παρα

2084 4931 2348 4985 εσκεύασε
2400 4929 2709 5000 παρελθεῖν.
2748 4930 2884 4983 Μεθ’
2914 4928 2971 4982 ὃν
3019 4929 3067 4960 ⁸⁵
3104 4928 3400 4998 ὑπεισῆλθε
3430 4928 3651 4998 Ζέρκων

2082 5025 2110 5076 ό
2149 5021 2495 5092 Μαυρούσιος
2541 5021 2692 5091 (16)·
2747 5021 2776 5072 ὁ
2831 5021 2937 5090 γάρ
2997 5018 3230 5072 Ἐδέκων
3285 5019 3445 5073 αὑτὸν
3503 5017 3656 5088 παρά

2081 5116 2171 5168 τὸν
2232 5110 2490 5178 Ἀττήλαν
2553 5112 2726 5164 ἐλθεῖν
2777 5115 3128 5184 παρέπεισεν,
3191 5115 3266 5176 ὡς
3315 5115 3380 5183 τῇ
3439 5111 3652 5163 ἐκείνου

2087 5205 2286 5274 σπουδῇ
2336 5203 2434 5273 τήν
2461 5202 2709 5272 γαμετὴν
2747 5203 3183 5272 ἀποληψόμενον,
3230 5202 3296 5272 ἢν
3352 5202 3496 5256 κατά
3552 5201 3653 5269 τὴν

2079 5296 2188 5348 τῶν
2212 5295 2510 5364 Βαρϐάρων
2543 5293 2750 5362 εἰλήφει
2804 5293 3010 5365 χώραν,
3060 5295 3136 5364 τῷ
3156 5295 3328 5364 Βλήδᾳ
3353 5290 3653 5362 περισπούο

2080 5389 2271 5449 δαστος
2331 5385 2426 5438 ὢν.
2467 5383 2842 5438 Ἀπολελοίπει
2895 5385 2951 5437 δὲ
3002 5385 3171 5454 αὑτὴν
3222 5386 3280 5435 ἐν
3317 5386 3383 5452 τῇ
3411 5381 3652 5450 Σκυθικῇ

2077 5480 2227 5548 παρὰ
2259 5477 2353 5531 τοῦ
2380 5477 2611 5547 Ἀττήλα
2680 5476 2853 5548 δῶρον
2888 5477 3082 5549 Ἀετίῳ
3145 5475 3439 5546 πεμφθείς.
3495 5471 3655 5533 Ἀλλά

1689 5593 1916 5649 VARIE
1950 5594 2244 5650 LECTION
2252 5593 2354 5648 ES.

495 5691 540 5723 ⁸⁸
571 5692 646 5759 τῷ
691 5693 836 5762 αὑτῷ
868 5710 954 5764 τρ.
982 5693 1126 5762 conj.
1173 5693 1234 5749 Β.
1298 5694 1340 5725 ⁸¹
1375 5692 1555 5745 θάκων
1603 5689 1747 5752 νει..
1771 5691 2002 5762 Θρᾳκῶν
2043 5693 2189 5758 vulg.

495 5763 681 5813 εῖπνον
714 5763 856 5813 νυΙςι.
931 5762 978 5794 ⁸⁸
1001 5763 1266 5813 προτέρου
1323 5763 1466 5813 vulg.
1571 5763 1614 5794 ⁸⁵
1645 5761 1703 5813 ὃν
1742 5762 1823 5813 Β..
1885 5756 1958 5813 ὧν
1991 5761 2135 5813 vulg.

1645 5779 1703 5813 ου
1742 5778 1823 5825 Ιὶ.,
1885 5778 1958 5813 ων
1991 5778 2135 5830 νυις.

405 5760 452 5792 ”
470 5761 681 5813 δεῖπνον
714 5760 856 5832 vulg.
905 5760 978 5794 ’⁸⁸
1001 5760 1266 5833 προτέρου
1323 5763 1466 5833 vulg.

2282 5690 2326 5720 "
2372 5688 2604 5742 Litteras
2647 5686 2758 5740 τοδι
2817 5686 2974 5742 uncis
3016 5685 3358 5752 inclusimus,
3395 5683 3501 5756 ἰδία
3536 5681 3654 5738 Val.
