4056 6210
419 365 510 429 741

1168 374 1264 431 DE
1310 375 1870 440 LEGATIONIBUS
1909 380 2393 444 ROMANORUM
2434 387 2532 445 AD
2562 387 2876 452 GENTES.

3554 400 3659 462 742

409 478 507 543 τῆς
565 476 664 543 μὲν
708 476 964 545 τοιαύτης
993 476 1290 548 διήμαρτεν
1324 480 1562 547 ἐλπίδος,
1602 483 1698 537 τοῦ
1748 487 1964 557 Ἀττήλι

2089 498 2324 544 mentem
2380 492 2546 546 risum
2593 508 3024 566 prorumperent.
3086 498 3192 553 Sed
3224 500 3419 558 Attilas
3446 518 3658 576 semper

413 566 835 639 χαλεπήναντος,
865 568 945 619 ὅτι
977 585 1038 634 γε
1084 569 1146 640 δὴ
1193 572 1250 632 ἐς
1296 571 1394 641 τὴν
1455 574 1620 627 αὑτοῦ
1686 578 1982 648 ἐπανῆλθε.

417 657 538 708 Γότε
592 656 648 709 δέ
706 657 794 709 διὰ
840 658 931 710 τδν
970 659 1067 728 τῆς
1095 660 1327 730 εὐωχίας
1359 665 1551 734 καιρὸν
1590 668 1880 737 παρελθὼν
1904 671 1982 740 τῷ

407 763 465 798 τε
504 748 633 829 εἴδει
691 750 785 801 καὶ
838 751 953 811 τοῖς
997 750 1269 820 ἐσθήμασι
1325 755 1420 807 καὶ
1447 759 1511 825 τῇ
1561 762 1709 827 φωνῇ
1749 760 1984 824 καὶτοῖς

412 837 828 907 συγκεχυμένως
863 840 994 909 παρ’
1055 841 1220 893 αὐτοῦ
1269 850 1697 917 προφερομένοις
1753 853 1982 921 ῥήμασιο

410 928 476 996 τῇ
510 928 620 996 γὰρ
675 928 943 981 Αὐσονίων
998 929 1095 1000 τὴν
1153 934 1259 985 τῶν
1317 936 1533 993 Οὕννων
1586 943 1687 993 καὶ
1720 943 1819 1012 τὴν
1876 946 1983 998 τῶν

416 1015 625 1068 Γότθων
656 1019 1002 1086 παραμιγνὺς
1032 1019 1277 1087 γλῶτταν
1309 1025 1516 1089 πάντας
1562 1028 1767 1098 διέχεεν
1804 1034 1894 1083 καὶ
1924 1034 1982 1096 ἐς

414 1105 671 1159 ἄσϐεστον
701 1108 936 1175 ὁρμῆσαι
968 1109 1182 1174 γέλωτα
1207 1116 1606 1182 παρεσκεύασε,
1664 1119 1801 1191 πλὴν
1861 1100 1993 1174 Ἀτολ

414 1197 567 1266 τήλα.
603 1198 775 1257 Αὐτὸς
836 1199 944 1266 γάρ
997 1200 1191 1269 ἔμενεν
1238 1205 1522 1276 ἀστεμφὴς
1579 1210 1672 1262 καὶ
1721 1212 1782 1264 τὸ
1841 1210 1978 1277 εἶδος

411 1287 844 1358 άμετάτρεπτος,
900 1291 992 1342 καὶ
1048 1292 1344 1347 ούδένοῦτε
1384 1297 1575 1366 λέγων,
1638 1300 1759 1355 οὔτε
1809 1307 1978 1358 ποιῶν

409 1376 641 1443 γέλωτος
700 1378 958 1447 ἐχόμενον
982 1381 1251 1448 ἐφαίνετο,
1289 1385 1426 1455 πλὴν
1459 1389 1539 1441 ὅτι
1589 1389 1681 1442 τὸν
1710 1393 1977 1452 νεώτατον

407 1466 513 1517 τῶν
557 1466 761 1518 παίδων
793 1468 809 1533 (
830 1469 1024 1533 Ἡρνᾶς
1054 1471 1108 1523 δὲ
1160 1472 1328 1543 ὄνομα
1368 1476 1559 1548 τούτῳ)
1588 1482 1821 1536 εἰσιόντα
1884 1488 1976 1540 καὶ

405 1557 730 1625 παρεστῶτα
759 1553 906 1612 εἷλκε
939 1561 1036 1628 τῆς
1067 1566 1317 1630 παρειάς,
1349 1568 1599 1638 γαληνοῖς
1651 1573 1975 1630 ἀποϐλέπων

402 1646 618 1715 δμμασι
690 1648 828 1716 πρὸς
891 1648 1075 1704 αὐτόν,
1108 1650 1276 1721 Ἐμοῦ
1308 1655 1362 1707 δέ
1419 1656 1788 1726 θαυμάζοντος
1824 1665 1973 1728 ὅπως

400 1737 509 1789 τῶν
569 1737 669 1807 μὲν
723 1739 897 1793 ἄλλων
949 1741 1152 1796 παίδων
1196 1744 1507 1818 όλιγωροίη,
1554 1751 1690 1820 πρὸς
1723 1753 1779 1804 δὲ
1812 1756 1967 1807 ἐκεῖ-

2087 578 2276 633 eodem
2300 581 2469 643 vultu,
2494 583 2606 653 68
2643 587 2819 640 omnis
2858 591 3172 645 mutationis
3202 607 3414 662 expers,
3458 607 3510 651 et
3551 599 3655 652 im-

2086 678 2266 724 motus
2289 676 2603 739 permansit,
2629 692 2799 745 neque
2824 682 3119 751 quidquam
3148 685 3345 752 facere,
3377 698 3460 741 aut
3508 692 3655 745 diee-

2068 776 2178 825 ‘re,
2229 765 2371 830 quod
2415 764 2622 832 jocum,
2673 780 2765 821 ant
2824 771 3157 829 hilaritatem
3204 793 3313 844 pra:
3365 795 3423 833 se
3466 779 3652 847 ferret,

2084 862 2405 919 conspectus
2452 864 2535 909 est
2574 874 2585 908 :
2647 869 2843 924 praeter
2889 877 3047 928 quam
3089 869 3231 932 quod
3267 867 3535 933 juniorem
3586 889 3653 927 ex

2084 940 2209 995 ﬁliis
2239 943 2595 999 introeuntem
2636 959 2690 1001 et
2734 950 3133 1018 adventantem,
3186 959 3400 1011 nomine
3435 961 3648 1027 lrnach,

2083 1032 2307 1099 placidis
2352 1045 2406 1087 et
2438 1036 2574 1091 laetis
2617 1039 2790 1093 oculis
2836 1052 2916 1095 est
2964 1044 3212 1109 intuitus,
3264 1057 3316 1100 et
3340 1064 3463 1104 eum
3515 1046 3650 1120 gena

2085 1126 2269 1178 traxit.
2314 1124 2426 1195 Ego
2466 1143 2593 1183 vero
2640 1145 2763 1184 cum
2805 1133 3124 1199 admirarer,
3158 1137 3378 1192 Attilam
3415 1143 3649 1211 reliquos

2080 1227 2207 1267 suos
2246 1214 2443 1270 liberos
2474 1219 2622 1286 parvi
2656 1219 2855 1284 facere,
2904 1224 2969 1275 ad
3016 1224 3157 1279 hunc
3196 1228 3365 1281 solum
3409 1232 3647 1288 animum

2084 1305 2341 1374 adjicere,
2391 1324 2528 1362 unus
2563 1325 2624 1364 ex
2662 1309 2936 1377 Barbarie,
2987 1316 3075 1383 qui
3104 1332 3270 1385 prepe
3304 1334 3388 1371 me
3430 1323 3650 1377 sedebat

2078 1408 2129 1452 et
2164 1398 2367 1454 Latinae
2401 1401 2596 1471 linguae
2625 1419 2776 1458 usum
2811 1406 3063 1472 habebat,
3096 1410 3198 1464 ﬁde
3230 1412 3379 1479 prius
3402 1427 3646 1481 accepta,

2078 1504 2162 1542 me
2208 1490 2339 1544 nihil
2390 1507 2609 1557 eorum,
2678 1510 2797 1563 qua:
2845 1497 3192 1562 dicerentur,
3244 1503 3642 1573 evulgaturum,

2075 1580 2230 1645 dixit,
2283 1590 2431 1635 vates
2471 1583 2651 1638 Attilae
2710 1587 3036 1642 vaticinatus
3089 1604 3227 1656 esse,
3278 1591 3395 1659 ejus
3453 1608 3642 1663 genus,

2076 1672 2215 1738 quod
2268 1671 2507 1741 alioquin
2554 1674 2895 1730 interiturum
2927 1688 3065 1744 erat,
3118 1683 3186 1735 ab
3217 1681 3318 1736 hoc
3346 1699 3514 1752 puero
3557 1702 3645 1741 re-

2081 1772 2379 1817 stauratum
2438 1765 2527 1819 iri.
2569 1766 2638 1821 Ut
2678 1783 2805 1822 vero
2850 1773 3152 1826 convivium
3183 1774 3249 1828 ad
3276 1775 3497 1829 multam
3543 1793 3643 1831 no-

400 1846 490 1882 νον
536 1830 649 1899 ἐχοι
711 1831 802 1884 τὸν
862 1831 1008 1898 νοῦν,
1066 1835 1093 1886 ὁ
1140 1837 1597 1907 παρακαθήμενος
1662 1842 1964 1916 Βάρϐαρος,

2076 1864 2212 1906 ctetn
2250 1865 2649 1922 protraxerunt,
2693 1874 2796 1913 non
2834 1861 3035 1917 diutius
3076 1863 3228 1919 nobis
3258 1867 3643 1935 compotationi

402 1922 608 1983 συνιεὶς
666 1922 765 1990 τῆς
791 1923 1067 1977 Αύσονίων
1118 1927 1305 1994 φωνῆς
1365 1931 1457 1981 καὶ
1486 1931 1592 1984 τῶν
1655 1936 1785 2004 παρ’
1803 1939 1964 1991 αὐτοῦ

2079 1945 2456 2015 indulgendum
2493 1962 2611 2003 esse
2638 1951 2738 2004 rati
2773 1954 3058 2008 exivintus.

404 2027 494 2116 μοι
538 2011 924 2116 ῥηθησομένων
957 2014 1147 2116 Δμηδὲν
1208 2017 1794 2116 ἐκλέγεινᾼπροδειπὼν,
1864 2028 2069 2099 ἔφασκε
2128 2011 2252 2098 τοὺς
2317 2038 2539 2105 μάντεις
2602 2040 2681 2109 τῷ
2738 2041 2971 2112 Ἀττήλᾳ
3038 2045 3526 2116 προηγορευκέναι,
3582 2050 3642 2103 τὸ

406 2102 504 2210 μέν
562 2102 725 2206 ας)τοῦ
760 2106 1041 2211 πεσεῖσθλαι
1067 2109 1395 2211 γι-Ξνος,ιύπὸ⁸
1428 2114 1483 2167 δέ
1537 2117 1635 2211 τού
1702 2121 1893 2185 παιδὸς
1939 2102 2339 2197 ἀναστήσεσθαι
2374 2131 2608 2200 ,τούτου.
2652 2102 2758 2197 ’Ὡς
2813 2102 2978 2188 δὲ¹ἐν
2998 2102 3091 2206 τῷ.
3126 2102 3409 2211 σύμποσίῳ
3461 2102 3641 2198 εἷλκον

555 2192 740 2292 νύκτα,
765 2194 1156 2292 ύπεξήλθομεν,
1188 2201 1280 2252 ἐπὶ
1309 2202 1442 2256 πολὺ
1483 2205 1557 2274 μὴ
1611 2205 1964 2279 βουληθέντες
1995 2215 2072 2285 τῷ
2103 2192 2250 2289 πότῳ
2279 2192 2731 2292 προσκαρτερεῖν.

484 2284 729 2355 Ἡμέρας
769 2286 825 2339 δὲ
858 2290 1160 2359 γενομένης
1209 2293 1301 2346 ἐπὶ
1342 2295 1434 2347 τὸν
1497 2298 1811 2369 Ὀνηγήσιον
1872 2304 1964 2373 ἦλ-

2145 2308 2238 2364 Die
2269 2320 2478 2377 exorto,
2513 2310 2839 2382 Onegesium
2885 2315 3176 2383 adivimus,
3240 2319 3482 2375 dicentes
3540 2338 3641 2379 nos

399 2373 585 2443 θομεν,
638 2379 834 2447 χρῆναι
882 2379 1029 2448 ἡμᾶς
1064 2381 1385 2452 διαφεθῆναι
1418 2384 1668 2459 λέγοντες
1738 2392 1831 2444 καὶ
1889 2394 1964 2463 μὴ

2073 2398 2271 2453 dimitti
2333 2413 2603 2470 oportere,
2665 2418 2839 2473 neque
2911 2407 3066 2463 nobis
3144 2408 3345 2463 diutius
3427 2420 3637 2481 tempus

395 2467 671 2535 τηνάλλως
709 2470 915 2539 τρίϐειν
958 2473 1048 2525 τὸν
1082 2476 1291 2543 χρόνον.
1339 2478 1444 2529 Καὶ
1490 2478 1548 2542 ὃς
1588 2480 1694 2549 ἔφη
1759 2483 1964 2537 ἐθέλειν

2074 2490 2352 2543 terendum
2374 2467 2524 2546 esse.
2561 2467 2677 2556 Ille,
2725 2467 2948 2547 Attilam
3014 2510 3226 2564 quoque
3283 2497 3336 2551 in
3394 2513 3456 2553 ea
3516 2467 3639 2555 esse

397 2560 492 2609 καὶ
522 2558 615 2611 τὸν
648 2559 915 2632 Ἀττὴλαν
971 2565 1321 2635 ἀποπέμπειν
1391 2571 1561 2638 ἡμᾶς.
1610 2572 1721 2625 Καὶ
1771 2575 1964 2644 μικρὸν

2073 2580 2366 2647 voluntate,
2400 2591 2453 2637 et
2504 2600 2602 2639 nos
2628 2585 2899 2639 dimittere
2926 2587 3295 2651 constituisse,
3341 2592 3637 2658 respondit.

395 2646 658 2703 διαλιπὼν
719 2650 834 2718 ἆμα
887 2655 999 2717 τοῖς
1054 2655 1281 2723 λογάσιν
1330 2658 1643 2713 ἐϐουλεύετο
1696 2663 1823 2731 περὶ
1858 2664 1964 2718 τῶν

397 2738 635 2812 Ἀττήλᾳ
694 2743 1057 2812 δεδογμένων,
1112 2747 1304 2800 καὶτὰ
1371 2749 1576 2819 βασιλεί
1638 2752 1965 2825 ἀποδοθησό-

397 2846 536 2899 μενα
568 2832 854 2885 συνέταττε
892 2834 1213 2905 γράμματα,
1251 2836 1612 2905 ύπογραφέων
1645 2839 1793 2909 αὐτῷ
1830 2859 1969 2912 παρ-

393 2922 559 2974 όντων
602 2924 698 2975 καὶ
740 2924 1094 2991 Ῥουστικίου,
1131 2927 1321 2998 ἀνδρὸς
1384 2930 1704 2999 ὁρμωμένου
1752 2931 1851 3000 μὲν
1905 2936 1967 2985 ἐκ

391 3011 493 3079 τῆς
521 3012 634 3066 ἄνω
692 3015 929 3083 Μυσίας,
985 3018 1206 3081 ἁλόντος
1261 3019 1403 3071 δὲέν
1449 3020 1527 3090 τῷ
1581 3020 1821 3091 πολέμῳ,
1875 3024 1967 3075 καὶ

390 3102 479 3155 διὰ
509 3102 682 3172 λόγων
725 3107 932 3178 ἀρετὴν
966 3109 1045 3179 τῷ
1078 3108 1347 3179 Βαρϐάρῳ
1397 3110 1490 3162 ἐπὶ
1523 3113 1587 3179 τῇ
1628 3111 1736 3163 τῶν
1785 3128 1965 3182 γραμ-

2070 2669 2257 2741 Itaque
2289 2690 2396 2727 non
2435 2676 2603 2730 multo
2630 2686 2751 2744 post
2781 2677 3067 2731 consilium
3102 2693 3385 2745 procerum
3422 2681 3488 2731 de
3530 2681 3633 2746 his,

2069 2776 2187 2829 quae
2256 2763 2565 2834 imperatori
2648 2766 3023 2831 redderentur,
3094 2766 3335 2837 digessit.
3398 2770 3637 2826 Aderant

2069 2870 2302 2924 quoque,
2355 2872 2581 2925 quorum
2619 2874 2762 2913 curae
2829 2862 3083 2928 epistolas
3133 2862 3372 2917 scribere
3425 2863 3638 2918 incum-

2070 2945 2246 3009 bebat,
2278 2952 2419 3000 inter
2448 2962 2581 3015 quos
2615 2960 2729 3001 erat
2780 2949 3073 3017 Rustieies,
3138 2952 3220 3005 vir
3278 2968 3307 3006 e
3356 2956 3635 3022 superiore

2068 3034 2239 3104 Mysia
2290 3046 2463 3100 ortus,
2511 3038 2599 3105 qui
2628 3038 2694 3091 ab
2725 3039 2973 3093 hostibus
3010 3052 3223 3108 captus,
3258 3056 3377 3096 cum
3423 3044 3633 3098 dicendi

2068 3124 2320 3179 facultate
2344 3125 2570 3188 valeret,
2602 3126 2838 3181 Barbaro
2867 3143 3085 3196 operam
3132 3131 3182 3183 in
3223 3133 3632 3189 conscribendis

395 3197 579 3267 μάτων
620 3198 1038 3271 διαπονουμένου
1092 3203 1364 3268 συντάξει.
1406 3204 1493 3265 Ὠς
1517 3202 1574 3256 δὲ
1609 3205 1674 3256 ἐκ
1708 3205 1804 3275 τῆς
1832 3222 1961 3258 συν-

2065 3215 2313 3282 epistolis
2350 3217 2602 3270 navabat.
2650 3218 2878 3271 Dimisso
2926 3220 3176 3285 consilio,
3239 3223 3307 3276 ab
3367 3222 3631 3294 Onegesio

391 3290 510 3343 ὁδου
570 3291 844 3362 διανέστη,
900 3294 1203 3365 ἐδεήθημεν
1245 3294 1408 3348 αὑτοῦ
1437 3295 1564 3365 περὶ
1620 3295 1824 3360 λύσεως
1863 3297 1963 3366 τῆς

391 3382 589 3436 Σύλλου
635 3384 883 3454 γαμετῆς
938 3387 1032 3438 καὶ
1082 3386 1190 3438 τῶν
1236 3386 1451 3453 ἐκείνης
1498 3387 1727 3450 παίδων,
1784 3389 1843 3439 ἐν
1894 3390 1959 3458 τῇ

402 3473 713 3547 Ῥατιαρίας
796 3476 1327 3547 ἀνδραποδισθέντων
1377 3477 1597 3531 ἁλώσει.
1661 3478 1769 3531 Καὶ
1823 3480 1959 3549 πρὸς

403 3572 504 3638 μὲν
540 3569 639 3640 τὴν
667 3570 847 3626 αὐτῶν
880 3573 985 3624 οὐκ
1041 3572 1386 3641 ἀπηγόρευσε
1417 3572 1588 3636 λύσιν,
1624 3572 1716 3623 ἐπὶ
1746 3572 1960 3635 πολλοῖς

389 3655 449 3709 δέ
488 3658 626 3725 σφᾶς
682 3658 933 3713 ἐϐούλετο
962 3660 1239 3728 χρήμασιν
1277 3660 1618 3731 ἀπεμπολᾷν.
1686 3660 1870 3730 Ἠμῶν
1901 3660 1957 3712 δὲ

388 3747 561 3801 ἐλεεῖν
588 3734 783 3813 αὐτοὺς
826 3753 925 3820 τῆς
951 3750 1120 3820 τύχης
1175 3751 1588 3815 ἱκετευσάντων,
1624 3751 1725 3822 τὴν
1759 3752 1955 3822 προτέ-

388 3855 491 3909 ραν
522 3839 866 3911 εὐδαιμονίαν
894 3840 1269 3910 λογιζόμενον,
1302 3842 1450 3912 διέϐη
1472 3860 1529 3895 τε
1558 3842 1690 3911 πρὸς
1721 3843 1812 3894 τὸν
1836 3844 1955 3895 Ἀτ-

382 3929 573 4001 τήλαν,
632 3932 725 3984 καὶ
766 3932 867 4003 τήν
925 3934 1022 4003 μὲν
1053 3934 1288 4001 γυναῖκα
1320 3935 1412 3985 ἐπὶ
1459 3933 1835 3995 πεντακοσίοις
1877 3933 1956 3985 δι-

384 4024 565 4091 αφῆκε
612 4027 852 4093 χρυσοῖς,
899 4024 1027 4086 τοὺς
1087 4024 1141 4077 δὲ
1188 4024 1379 4086 παῖδας
1408 4023 1580 4094 δῶρον
1612 4023 1825 4093 ἔπεμπε
1858 4022 1955 4092 βα-

384 4112 540 4166 σιλεῖ.
586 4113 673 4166 Ἐν
689 4115 861 4185 τούτῳ
891 4115 948 4168 δέ
979 4114 1076 4168 καὶ
1128 4116 1161 4185 ή
1211 4114 1403 4167 Ῥέκαν
1443 4114 1497 4179 ⁸⁸,
1540 4116 1573 4182 ή
1602 4113 1695 4167 τοῦ
1725 4113 1955 4184 Ἀττήλα

382 4203 598 4276 γαμετὴ
652 4204 803 4275 παρὰ
841 4206 1063 4276 ’Δδάμει
1098 4206 1213 4277 ,τῶν
1259 4206 1428 4276 αὐτῆς
1482 4204 1820 4275 πραγμάτων
1856 4204 1953 4276 τὴν

378 4295 686 4368 ἐπιτροπὴν
735 4298 912 4369 ἐχοντι
975 4276 1209 4351 δειπνεῖν
1268 4300 1415 4369 ἡμᾶς
1469 4298 1786 4367 παρεκάλει.
1844 4276 1971 4351 Κατ

380 4386 514 4455 παρ’
545 4387 704 4440 αὐτὸν
776 4387 1023 4449 ἐλθόντες
1072 4389 1189 4459 ἅμα
1220 4389 1333 4441 τισὶ
1381 4387 1491 4440 τῶν
1540 4389 1604 4440 ἐκ
1626 4390 1717 4441 τοῦ
1766 4388 1951 4452 ἔθνους

2064 3308 2314 3376 precibus
2364 3309 2763 3373 contendimus,
2858 3320 2913 3365 ttt
2965 3312 3127 3382 Sylla:
3192 3313 3345 3367 uxori
3405 3326 3461 3370 et
3512 3315 3633 3386 ejus

2063 3399 2267 3463 liberis,
2316 3399 2406 3468 qui
2456 3400 2508 3453 in
2566 3404 2966 3470 expugnatione
3019 3406 3170 3460 urbis
3216 3405 3470 3460 Ratiariae
3526 3422 3632 3463 una

2060 3503 2181 3543 cum
2223 3499 2393 3543 matre
2428 3489 2479 3542 in
2505 3491 2819 3545 servitutem
2850 3494 3055 3548 redacti
3095 3505 3273 3562 erant,
3326 3495 3627 3550 libertatem

2061 3584 2387 3640 restitueret.
2414 3584 2476 3636 Ει
2500 3599 2625 3639 vero
2671 3586 2739 3638 ab
2798 3584 2880 3637 his
2930 3584 3225 3639 liberandis
3267 3585 3490 3639 minime
3531 3588 3627 3639 ab-

2059 3673 2333 3737 horrebat,
2394 3676 2485 3727 sed
2539 3690 2727 3729 eorum
2762 3674 3062 3729 libertatem
3124 3690 3319 3744 magna
3383 3677 3626 3745 pecunia:

2059 3777 2325 3815 sumntaa
2374 3762 2532 3816 nobis
2570 3774 2805 3832 emptam
2872 3764 3105 3817 volebat.
3152 3762 3338 3833 Itaque
3364 3780 3462 3819 nos
3501 3781 3626 3820 eum

2056 3850 2322 3916 supplices
2377 3865 2535 3904 orare
2600 3862 2654 3906 et
2725 3853 3003 3915 obtestari,
3061 3862 3140 3918 ut,
3202 3854 3381 3907 habita
3437 3870 3625 3910 eorum

2055 3942 2296 4009 pristina:
2373 3941 2605 3995 fortunae
2658 3944 2889 4005 ratione,
2947 3944 3226 4011 przesentis
3303 3944 3626 4000 calamitatis

2055 4031 2531 4086 commiseratione
2578 4042 2905 4087 moveretur.
2955 4034 3067 4098 Ille,
3101 4042 3160 4086 ut
3194 4034 3410 4087 Attilam
3469 4035 3622 4101 adiit,

2056 4125 2335 4178 mulierem
2371 4140 2465 4195 pro
2504 4126 2814 4195 quingentis
2840 4126 3020 4179 aureis
3048 4126 3270 4179 liberam
3313 4127 3538 4192 dimisit,
3570 4136 3625 4181 et.

2054 4214 2171 4284 ejus
2230 4216 2370 4271 ﬁlios
2430 4217 2571 4271 dono
2618 4218 2684 4270 ad
2762 4216 3146 4286 imperatorem
3216 4216 3383 4270 misit.
3415 4215 3622 4272 Interea

2057 4307 2264 4371 Reean,
2296 4307 2476 4361 Attila
2516 4323 2673 4373 uxor,
2704 4307 2755 4360 in
2788 4308 2935 4363 aedes
2960 4306 3212 4371 Adamis,
3244 4308 3332 4376 qui
3379 4307 3499 4375 ejus
3536 4324 3621 4362 res

2054 4399 2377 4454 domesticas
2405 4400 2648 4463 curabat,
2683 4412 2782 4451 nos
2825 4397 2895 4452 ad
2960 4412 3171 4451 caenam
3229 4398 3489 4453 invitavit.
3541 4403 3622 4452 Ab

377 4474 626 4543 λογάδων
702 4477 1102 4549 φιλοφροσύνης
1176 4479 1459 4549 ἐτύχομεν.
1543 4479 1842 4545 Ἐδεξιοῦτο
1895 4481 1951 4533 δὲ

2065 4504 2123 4544 eo
2158 4504 2261 4542 una
2320 4505 2439 4544 cum
2467 4489 2712 4559 pluribus
2760 4489 2996 4559 Scythia:
3027 4489 3367 4559 principibus
3390 4488 3622 4543 comiter

326 4580 343 4596 '
376 4568 527 4638 ἡμᾶς
550 4568 830 4639 μειλιχίοις
854 4587 913 4624 τε
932 4570 1112 4639 λόγοις
1136 4571 1230 4624 καὶ
1250 4574 1315 4642 τῇ
1340 4570 1448 4624 τῶν
1475 4570 1749 4641 ἐδωδίμων
1775 4588 1953 4642 παρα-

375 4661 572 4728 σκευῇ.
603 4659 717 4712 Καὶ
771 4659 1002 4724 ἕκαστος
1032 4660 1141 4715 τῶν
1176 4661 1462 4732 παρόντων
1495 4662 1743 4733 Σκυθικῇ
1803 4662 1951 4731 φιλο-

372 4746 536 4817 τιμίᾳ.
598 4748 796 4803 κύλικα
860 4752 992 4821 ἡμῖν
1048 4750 1232 4822 πλήρη
1288 4750 1695 4819 διανιστάμενος
1754 4749 1946 4815 ἐδίδου,

375 4834 475 4886 καὶ
522 4834 615 4890 τὸν
661 4838 923 4893 ἐκπιόντα
981 4836 1294 4911 περιϐαλὼν
1328 4840 1424 4892 καὶ
1474 4839 1702 4908 φιλήσας
1744 4839 1948 4908 ταύτην

373 4923 610 4994 ἐδέχετο.
661 4928 820 4983 Μετὰ
872 4929 930 4983 δὲ
998 4930 1060 4983 τὸ
1128 4930 1346 4985 δεῖπνον
1427 4932 1519 4983 ἐπὶ
1570 4930 1668 5000 τὴν
1745 4929 1951 5001 σκηνὴν

293 5045 301 5052 ο
370 5015 621 5082 ἐλθόντες
670 5021 728 5084 ἐς
779 5019 946 5075 ὕπνον
976 5022 1187 5093 ἐτράπη
1197 5039 1315 5093 μεν.
1346 5022 1425 5093 Τῇ
1454 5022 1510 5074 δὲ
1586 5021 1845 5093 ὑστεραία
1860 5021 1953 5075 ἐπὶ

370 5112 674 5182 συμπόσιον
733 5112 891 5179 αὖθις
950 5116 1097 5185 ἡμᾶς
1150 5114 1413 5184 Ἀττήλας
1471 5112 1675 5177 ἐκάλει,
1728 5117 1822 5166 καὶ
1873 5113 1973 5191 τῷ,

367 5204 622 5275 προτέρῳ
667 5207 853 5277 τρόπῳ
899 5208 1054 5278 παρά
1084 5224 1144 5259 τε
1189 5205 1351 5259 αὐτὸν
1385 5203 1712 5274 εἰσήλθομεν
1770 5206 1860 5257 καὶ
1896 5207 1953 5268 ἐς

365 5299 467 5369 τὴν
542 5297 779 5367 εὐωχίαν
836 5299 1179 5370 ἐτράπημεν.
1237 5297 1530 5352 Συνέϐαινε
1595 5297 1653 5350 δὲ
1715 5298 1807 5349 ἐπὶ
1854 5298 1951 5363 τῆς

365 5389 556 5460 κλίνης
601 5388 720 5457 ἅμα
763 5389 912 5461 αύτῷ
970 5392 1045 5460 μὴ
1077 5391 1171 5443 τὸν
1236 5388 1629 5460 πρεσϐύτεροψ
1671 5388 1780 5440 τῶν
1822 5387 1951 5439 παί-

362 5479 468 5533 δων
521 5474 712 5550 ἧσθαι,
733 5481 868 5534 ἀλλὰ
923 5482 1032 5552 γάρ
1064 5481 1411 5551 Ὠηϐάρσιον,
1445 5479 1588 5533 θεῖον
1620 5478 1769 5548 αὑτῷ
1822 5495 1955 5547 τυγ-

362 5570 597 5655 χάνοντα
656 5574 791 5641 πρὸς
832 5572 1063 5644 πατρός.
1112 5574 1270 5641 Παρὰ
1325 5573 1433 5625 πᾶν
1466 5571 1521 5623 δὲ
1564 5570 1624 5624 τὸ
1651 5570 1952 5637 συμπόσιον

2058 4578 2267 4646 excepti
2298 4593 2484 4632 sumus
2516 4577 2837 4648 etjucundis
2877 4578 3218 4633 sermonibus
3249 4587 3302 4632 et
3334 4578 3619 4648 magniﬁco

2059 4666 2341 4735 epularum
2370 4678 2652 4736 apparatu.
2687 4667 2825 4722 Tum
2864 4670 3235 4739 unusquisque
3274 4684 3485 4734 eorum,
3529 4669 3619 4736 qui

2056 4757 2299 4819 aderant,
2380 4772 2627 4827 surgens,
2719 4760 2975 4830 Scythica
3059 4762 3310 4815 comitate
3368 4762 3617 4830 poculum

2056 4847 2208 4901 nobis
2230 4849 2487 4915 porrexit,
2512 4858 2563 4902 et
2587 4864 2729 4913 eum,
2758 4851 2851 4916 qui
2867 4860 2993 4903 ante
3016 4865 3073 4903 se
3092 4851 3320 4916 biberat,
3346 4852 3620 4920 amplexus

2055 4946 2107 4991 et
2134 4938 2497 5001 exosculatus,
2525 4937 2650 4991 illud
2686 4938 2916 5007 excepit.
2962 4938 3006 4992 A
3037 4952 3190 4993 caena
3218 4953 3316 4992 nos
3356 4940 3411 4993 in
3443 4949 3619 4993 tento-

2055 5031 2192 5084 rium
2274 5042 2517 5084 nosuum
2592 5030 2937 5098 recipientes,
3014 5044 3259 5084 somnum
3352 5030 3615 5098 cepimus.

2057 5117 2326 5173 Postridie
2380 5120 2573 5173 iterum
2626 5134 2725 5174 nos
2757 5120 2953 5176 Attilas
2999 5120 3065 5175 ad
3101 5134 3310 5175 cmnam
3345 5120 3615 5185 invitavit,

2053 5221 2107 5264 et
2136 5214 2343 5276 eodem,
2400 5226 2506 5282 quo
2574 5212 2740 5280 prius,
2774 5213 2877 5266 ritu
2918 5213 2985 5267 ad
3019 5228 3141 5267 eum
3192 5211 3516 5266 accessimus
3563 5222 3617 5265 et

2050 5304 2117 5359 ad
2148 5304 2479 5359 hilaritatem
2514 5320 2611 5359 nos
2647 5304 3033 5361 convertimus.
3082 5304 3216 5359 Tum
3284 5312 3464 5358 autem
3502 5317 3611 5357 non

2050 5393 2368 5463 seniores
2400 5408 2463 5447 ex
2510 5393 2633 5449 [iliis
2680 5393 2859 5449 Attilae
2911 5394 2964 5447 in
2994 5393 3112 5462 ejus
3173 5401 3289 5447 toro
3342 5407 3445 5445 una
3493 5407 3615 5448 cum

2050 5482 2169 5551 ipso
2227 5483 2601 5550 accumbebat,
2662 5485 2756 5539 sed
2812 5483 3131 5546 Oebarsius,
3191 5480 3309 5551 ejus
3369 5490 3612 5551 patruus.

2050 5571 2151 5624 Per
2180 5581 2351 5628 totum
2381 5575 2617 5632 convivii
2652 5584 2863 5646 tempus
2917 5589 3015 5632 nos
3037 5573 3250 5633 blandis
3276 5574 3616 5633 sermonibus

1609 5661 1843 5717 νΑῐιιΑΞ
1900 5661 2291 5722 LECTIONES.

439 5763 485 5795 “
520 5765 715 5821 Ῥέκαν
768 5783 928 5834 supra
970 5765 1077 5820 col.
1111 5763 1210 5819 732
1237 5763 1276 5817 D
1301 5761 1491 5832 Κρέκα
1533 5761 1808 5815 nominata
1843 5769 1945 5815 est.
