  <div class='ocr_page' id='page_1' title='image "/cluster/home/n/w/nwhite01/storage/ocr_20150623/113/hvd.32044073502270/375.png"; bbox 0 0 4056 6210; ppageno 0'>
   <div class='ocr_carea' id='block_1_1' title="bbox 366 5676 379 5709">
    <p class='ocr_par' dir='ltr' id='par_1_1' title="bbox 366 5676 379 5709">
     <span class='ocr_line' id='line_1_1' title="bbox 366 5676 379 5709; baseline 0 0"><span class='ocrx_word' id='word_1_1' title='bbox 366 5676 379 5709; x_wconf 88' lang='grc' dir='ltr'><strong>ι</strong></span> 
     </span>
    </p>
   </div>
   <div class='ocr_carea' id='block_1_2' title="bbox 436 359 661 427">
    <p class='ocr_par' dir='ltr' id='par_1_2' title="bbox 436 359 661 427">
     <span class='ocr_line' id='line_1_2' title="bbox 436 359 661 427; baseline 0 -1"><span class='ocrx_word' id='word_1_2' title='bbox 436 359 545 427; x_wconf 72' lang='grc'><strong>’143</strong></span> <span class='ocrx_word' id='word_1_3' title='bbox 650 372 661 389; x_wconf 84' lang='grc'><strong><em>⁸</em></strong></span> 
     </span>
    </p>
   </div>
   <div class='ocr_carea' id='block_1_3' title="bbox 1385 344 2630 416">
    <p class='ocr_par' dir='ltr' id='par_1_3' title="bbox 1385 344 2630 416">
     <span class='ocr_line' id='line_1_3' title="bbox 1385 344 2630 416; baseline -0.009 0"><span class='ocrx_word' id='word_1_4' title='bbox 1385 351 1781 416; x_wconf 80' lang='lat' dir='ltr'><strong>EXCERPTA</strong></span> <span class='ocrx_word' id='word_1_5' title='bbox 1818 349 1922 410; x_wconf 88' lang='lat' dir='ltr'><strong>EX</strong></span> <span class='ocrx_word' id='word_1_6' title='bbox 1956 345 2228 409; x_wconf 81' lang='lat' dir='ltr'><strong>PRISCO</strong></span> <span class='ocrx_word' id='word_1_7' title='bbox 2266 344 2630 407; x_wconf 78' lang='lat' dir='ltr'><strong>RHETORE</strong></span> 
     </span>
    </p>
   </div>
   <div class='ocr_carea' id='block_1_4' title="bbox 3574 339 3685 403">
    <p class='ocr_par' dir='ltr' id='par_1_4' title="bbox 3574 339 3685 403">
     <span class='ocr_line' id='line_1_4' title="bbox 3574 339 3685 403; baseline 0.009 -1"><span class='ocrx_word' id='word_1_8' title='bbox 3574 339 3685 403; x_wconf 71' lang='grc'><strong>744</strong></span> 
     </span>
    </p>
   </div>
   <div class='ocr_carea' id='block_1_5' title="bbox 442 452 2015 546">
    <p class='ocr_par' dir='ltr' id='par_1_5' title="bbox 442 458 2010 546">
     <span class='ocr_line' id='line_1_5' title="bbox 442 458 2010 546; baseline -0.012 -15"><span class='ocrx_word' id='word_1_9' title='bbox 442 472 724 546; x_wconf 82' lang='lat' dir='ltr'><strong>appellans</strong></span> <span class='ocrx_word' id='word_1_10' title='bbox 750 466 1064 540; x_wconf 78' lang='lat' dir='ltr'><strong>imperatori</strong></span> <span class='ocrx_word' id='word_1_11' title='bbox 1090 466 1275 523; x_wconf 83' lang='lat' dir='ltr'><strong>dicere</strong></span> <span class='ocrx_word' id='word_1_12' title='bbox 1318 463 1503 535; x_wconf 79' lang='lat' dir='ltr'><strong>iussit,</strong></span> <span class='ocrx_word' id='word_1_13' title='bbox 1566 470 1625 520; x_wconf 90' lang='lat' dir='ltr'><strong>ut</strong></span> <span class='ocrx_word' id='word_1_14' title='bbox 1674 458 2010 523; x_wconf 88' lang='lat' dir='ltr'><strong>Constantio,</strong></span> 
     </span>
    </p>
   </div>
   <div class='ocr_carea' id='block_1_6' title="bbox 2118 452 3687 546">
    <p class='ocr_par' dir='ltr' id='par_1_6' title="bbox 2118 452 3687 546">
     <span class='ocr_line' id='line_1_6' title="bbox 2118 452 3687 546; baseline -0.002 -34"><span class='ocrx_word' id='word_1_15' title='bbox 2118 458 2293 528; x_wconf 80' lang='grc' dir='ltr'><strong>λόγοις</strong></span> <span class='ocrx_word' id='word_1_16' title='bbox 2324 457 2813 527; x_wconf 83' lang='grc' dir='ltr'>φιλοφρονούμενος</span> <span class='ocrx_word' id='word_1_17' title='bbox 2862 452 3091 546; x_wconf 74' lang='grc' dir='ltr'>φράζειν</span> <span class='ocrx_word' id='word_1_18' title='bbox 3112 455 3284 546; x_wconf 13' lang='grc' dir='ltr'>Ᾱήμᾶς</span> <span class='ocrx_word' id='word_1_19' title='bbox 3312 452 3525 546; x_wconf 84' lang='grc' dir='ltr'>βασιλεῖ</span> <span class='ocrx_word' id='word_1_20' title='bbox 3542 471 3687 527; x_wconf 88' lang='grc' dir='ltr'>παρ-</span> 
     </span>
    </p>
   </div>
   <div class='ocr_carea' id='block_1_7' title="bbox 441 547 2011 632">
    <p class='ocr_par' dir='ltr' id='par_1_7' title="bbox 441 547 2011 632">
     <span class='ocr_line' id='line_1_7' title="bbox 441 547 2011 632; baseline -0.006 -19"><span class='ocrx_word' id='word_1_21' title='bbox 441 576 602 632; x_wconf 88' lang='lat' dir='ltr'><strong>qnem</strong></span> <span class='ocrx_word' id='word_1_22' title='bbox 636 559 701 614; x_wconf 87' lang='lat' dir='ltr'><strong>ad</strong></span> <span class='ocrx_word' id='word_1_23' title='bbox 730 572 853 613; x_wconf 89' lang='lat' dir='ltr'><strong>eum</strong></span> <span class='ocrx_word' id='word_1_24' title='bbox 883 555 1092 623; x_wconf 80' lang='lat' dir='ltr'><strong>Aetius,</strong></span> <span class='ocrx_word' id='word_1_25' title='bbox 1125 562 1189 609; x_wconf 88' lang='grc' dir='ltr'><strong>ιιι</strong></span> <span class='ocrx_word' id='word_1_26' title='bbox 1221 552 1291 608; x_wconf 85' lang='lat' dir='ltr'><strong>ab</strong></span> <span class='ocrx_word' id='word_1_27' title='bbox 1336 551 1577 624; x_wconf 73' lang='lat' dir='ltr'><strong>epistolis</strong></span> <span class='ocrx_word' id='word_1_28' title='bbox 1599 560 1761 618; x_wconf 84' lang='lat' dir='ltr'><strong>esset,</strong></span> <span class='ocrx_word' id='word_1_29' title='bbox 1785 547 2011 605; x_wconf 89' lang='lat' dir='ltr'><strong>miserat</strong></span> 
     </span>
    </p>
   </div>
   <div class='ocr_carea' id='block_1_8' title="bbox 442 640 2005 718">
    <p class='ocr_par' dir='ltr' id='par_1_8' title="bbox 442 640 2005 718">
     <span class='ocr_line' id='line_1_8' title="bbox 442 640 2005 718; baseline -0.008 -10"><span class='ocrx_word' id='word_1_30' title='bbox 442 666 665 708; x_wconf 82' lang='lat' dir='ltr'><strong>uxorem</strong></span> <span class='ocrx_word' id='word_1_31' title='bbox 700 651 854 707; x_wconf 88' lang='lat' dir='ltr'><strong>daret</strong></span> <span class='ocrx_word' id='word_1_32' title='bbox 873 662 1016 714; x_wconf 89' lang='lat' dir='ltr'><strong>eam,</strong></span> <span class='ocrx_word' id='word_1_33' title='bbox 1039 646 1209 718; x_wconf 80' lang='lat' dir='ltr'><strong>quam</strong></span> <span class='ocrx_word' id='word_1_34' title='bbox 1266 646 1341 702; x_wconf 83' lang='lat' dir='ltr'><strong>illi</strong></span> <span class='ocrx_word' id='word_1_35' title='bbox 1382 644 1743 717; x_wconf 72' lang='lat' dir='ltr'><strong>promisisset.</strong></span> <span class='ocrx_word' id='word_1_36' title='bbox 1769 640 2005 707; x_wconf 83' lang='lat' dir='ltr'><strong>Etenim,</strong></span> 
     </span>
    </p>
   </div>
   <div class='ocr_carea' id='block_1_9' title="bbox 441 730 2008 804">
    <p class='ocr_par' dir='ltr' id='par_1_9' title="bbox 441 730 2008 804">
     <span class='ocr_line' id='line_1_9' title="bbox 441 730 2008 804; baseline -0.006 -11"><span class='ocrx_word' id='word_1_37' title='bbox 441 737 795 795; x_wconf 81' lang='lat' dir='ltr'><strong>Constantius</strong></span> <span class='ocrx_word' id='word_1_38' title='bbox 818 751 922 792; x_wconf 88' lang='lat' dir='ltr'><strong>una</strong></span> <span class='ocrx_word' id='word_1_39' title='bbox 955 750 1081 791; x_wconf 92' lang='lat' dir='ltr'><strong>cum</strong></span> <span class='ocrx_word' id='word_1_40' title='bbox 1115 733 1294 789; x_wconf 69' lang='lat' dir='ltr'><strong>Attilae</strong></span> <span class='ocrx_word' id='word_1_41' title='bbox 1328 732 1521 804; x_wconf 76' lang='lat' dir='ltr'><strong>legatis</strong></span> <span class='ocrx_word' id='word_1_42' title='bbox 1550 733 1617 788; x_wconf 89' lang='lat' dir='ltr'><strong>ad</strong></span> <span class='ocrx_word' id='word_1_43' title='bbox 1648 730 2008 786; x_wconf 83' lang='lat' dir='ltr'><strong>Theodosium</strong></span> 
     </span>
    </p>
   </div>
   <div class='ocr_carea' id='block_1_10' title="bbox 439 821 2011 898">
    <p class='ocr_par' dir='ltr' id='par_1_10' title="bbox 439 821 2011 898">
     <span class='ocr_line' id='line_1_10' title="bbox 439 821 2011 898; baseline -0.003 -16"><span class='ocrx_word' id='word_1_44' title='bbox 439 836 682 894; x_wconf 75' lang='lat' dir='ltr'><strong>venerat,</strong></span> <span class='ocrx_word' id='word_1_45' title='bbox 739 838 794 884; x_wconf 89' lang='lat' dir='ltr'><strong>et</strong></span> <span class='ocrx_word' id='word_1_46' title='bbox 858 843 917 884; x_wconf 90' lang='lat' dir='ltr'><strong>se</strong></span> <span class='ocrx_word' id='word_1_47' title='bbox 966 841 1188 898; x_wconf 86' lang='lat' dir='ltr'><strong>operam</strong></span> <span class='ocrx_word' id='word_1_48' title='bbox 1255 826 1532 890; x_wconf 82' lang='lat' dir='ltr'><strong>daturum,</strong></span> <span class='ocrx_word' id='word_1_49' title='bbox 1599 832 1660 878; x_wconf 93' lang='lat' dir='ltr'><strong>ut</strong></span> <span class='ocrx_word' id='word_1_50' title='bbox 1709 837 1812 892; x_wconf 89' lang='lat' dir='ltr'><strong>pax</strong></span> <span class='ocrx_word' id='word_1_51' title='bbox 1843 821 2011 890; x_wconf 73' lang='lat' dir='ltr'><strong>longo</strong></span> 
     </span>
    </p>
   </div>
   <div class='ocr_carea' id='block_1_11' title="bbox 444 913 2009 986">
    <p class='ocr_par' dir='ltr' id='par_1_11' title="bbox 444 913 2009 986">
     <span class='ocr_line' id='line_1_11' title="bbox 444 913 2009 986; baseline -0.002 -17"><span class='ocrx_word' id='word_1_52' title='bbox 444 926 687 986; x_wconf 91' lang='lat' dir='ltr'><strong>tempore</strong></span> <span class='ocrx_word' id='word_1_53' title='bbox 760 916 902 971; x_wconf 89' lang='lat' dir='ltr'><strong>inter</strong></span> <span class='ocrx_word' id='word_1_54' title='bbox 953 916 1231 970; x_wconf 79' lang='lat' dir='ltr'><strong>Romanos</strong></span> <span class='ocrx_word' id='word_1_55' title='bbox 1292 923 1349 969; x_wconf 90' lang='lat' dir='ltr'><strong>et</strong></span> <span class='ocrx_word' id='word_1_56' title='bbox 1410 913 1632 969; x_wconf 88' lang='lat' dir='ltr'><strong>llunnos</strong></span> <span class='ocrx_word' id='word_1_57' title='bbox 1676 920 2009 975; x_wconf 86' lang='lat' dir='ltr'><strong>servaretur,</strong></span> 
     </span>
    </p>
   </div>
   <div class='ocr_carea' id='block_1_12' title="bbox 441 1002 2011 1075">
    <p class='ocr_par' dir='ltr' id='par_1_12' title="bbox 441 1002 2011 1075">
     <span class='ocr_line' id='line_1_12' title="bbox 441 1002 2011 1075; baseline -0.003 -13"><span class='ocrx_word' id='word_1_58' title='bbox 441 1006 673 1075; x_wconf 83' lang='lat' dir='ltr'><strong>dixerat,</strong></span> <span class='ocrx_word' id='word_1_59' title='bbox 716 1008 876 1063; x_wconf 92' lang='lat' dir='ltr'><strong>modo</strong></span> <span class='ocrx_word' id='word_1_60' title='bbox 904 1006 1009 1062; x_wconf 84' lang='lat' dir='ltr'><strong>sibi</strong></span> <span class='ocrx_word' id='word_1_61' title='bbox 1038 1005 1620 1074; x_wconf 62' lang='lat' dir='ltr'><strong>uxorem&#39;locupletem</strong></span> <span class='ocrx_word' id='word_1_62' title='bbox 1667 1002 2011 1058; x_wconf 90' lang='lat' dir='ltr'><strong>matrimonio</strong></span> 
     </span>
    </p>
   </div>
   <div class='ocr_carea' id='block_1_13' title="bbox 441 1096 2013 1168">
    <p class='ocr_par' dir='ltr' id='par_1_13' title="bbox 441 1096 2013 1168">
     <span class='ocr_line' id='line_1_13' title="bbox 441 1096 2013 1168; baseline -0.004 -15"><span class='ocrx_word' id='word_1_63' title='bbox 441 1099 741 1168; x_wconf 85' lang='lat' dir='ltr'><strong>copularet.</strong></span> <span class='ocrx_word' id='word_1_64' title='bbox 815 1096 954 1153; x_wconf 85' lang='lat' dir='ltr'><strong>Huic</strong></span> <span class='ocrx_word' id='word_1_65' title='bbox 985 1096 1230 1167; x_wconf 88' lang='lat' dir='ltr'><strong>petitioni</strong></span> <span class='ocrx_word' id='word_1_66' title='bbox 1292 1096 1585 1165; x_wconf 86' lang='lat' dir='ltr'><strong>imperator</strong></span> <span class='ocrx_word' id='word_1_67' title='bbox 1635 1104 1921 1162; x_wconf 82' lang='lat' dir='ltr'><strong>annuerat,</strong></span> <span class='ocrx_word' id='word_1_68' title='bbox 1957 1103 2013 1149; x_wconf 91' lang='lat' dir='ltr'><strong>et</strong></span> 
     </span>
    </p>
   </div>
   <div class='ocr_carea' id='block_1_14' title="bbox 445 1183 2012 1254">
    <p class='ocr_par' dir='ltr' id='par_1_14' title="bbox 445 1183 2012 1254">
     <span class='ocr_line' id='line_1_14' title="bbox 445 1183 2012 1254; baseline -0.001 -15"><span class='ocrx_word' id='word_1_69' title='bbox 445 1183 725 1239; x_wconf 83' lang='lat' dir='ltr'><strong>Saturnini</strong></span> <span class='ocrx_word' id='word_1_70' title='bbox 756 1184 940 1253; x_wconf 82' lang='lat' dir='ltr'><strong>ﬁliam,</strong></span> <span class='ocrx_word' id='word_1_71' title='bbox 974 1184 1079 1237; x_wconf 86' lang='lat' dir='ltr'><strong>viri</strong></span> <span class='ocrx_word' id='word_1_72' title='bbox 1122 1193 1175 1238; x_wconf 91' lang='lat' dir='ltr'><strong>et</strong></span> <span class='ocrx_word' id='word_1_73' title='bbox 1201 1184 1392 1253; x_wconf 88' lang='lat' dir='ltr'><strong>opibus</strong></span> <span class='ocrx_word' id='word_1_74' title='bbox 1448 1194 1502 1252; x_wconf 81' lang='lat' dir='ltr'><strong>et</strong></span> <span class='ocrx_word' id='word_1_75' title='bbox 1545 1198 1742 1254; x_wconf 76' lang='lat' dir='ltr'><strong>genere</strong></span> <span class='ocrx_word' id='word_1_76' title='bbox 1797 1184 1925 1239; x_wconf 84' lang='lat' dir='ltr'><strong>clari</strong></span> <span class='ocrx_word' id='word_1_77' title='bbox 1957 1192 2012 1238; x_wconf 92' lang='lat' dir='ltr'><strong>et</strong></span> 
     </span>
    </p>
   </div>
   <div class='ocr_carea' id='block_1_15' title="bbox 450 1276 2013 1346">
    <p class='ocr_par' dir='ltr' id='par_1_15' title="bbox 450 1276 2013 1346">
     <span class='ocr_line' id='line_1_15' title="bbox 450 1276 2013 1346; baseline -0.002 -14"><span class='ocrx_word' id='word_1_78' title='bbox 450 1278 652 1342; x_wconf 88' lang='lat' dir='ltr'><strong>ornati,</strong></span> <span class='ocrx_word' id='word_1_79' title='bbox 685 1277 840 1333; x_wconf 90' lang='lat' dir='ltr'><strong>seilli</strong></span> <span class='ocrx_word' id='word_1_80' title='bbox 874 1277 1061 1346; x_wconf 87' lang='lat' dir='ltr'><strong>nuptui</strong></span> <span class='ocrx_word' id='word_1_81' title='bbox 1116 1276 1363 1331; x_wconf 89' lang='lat' dir='ltr'><strong>daturum</strong></span> <span class='ocrx_word' id='word_1_82' title='bbox 1416 1278 1762 1346; x_wconf 90' lang='lat' dir='ltr'><strong>promiserat.</strong></span> <span class='ocrx_word' id='word_1_83' title='bbox 1823 1276 2013 1330; x_wconf 81' lang='lat' dir='ltr'><strong>Satur-</strong></span> 
     </span>
    </p>
   </div>
   <div class='ocr_carea' id='block_1_16' title="bbox 448 1367 2011 1423">
    <p class='ocr_par' dir='ltr' id='par_1_16' title="bbox 448 1367 2011 1423">
     <span class='ocr_line' id='line_1_16' title="bbox 448 1367 2011 1423; baseline -0.001 -1"><span class='ocrx_word' id='word_1_84' title='bbox 448 1370 638 1422; x_wconf 88' lang='lat' dir='ltr'><strong>ninum</strong></span> <span class='ocrx_word' id='word_1_85' title='bbox 695 1378 870 1423; x_wconf 87' lang='lat' dir='ltr'><strong>autem</strong></span> <span class='ocrx_word' id='word_1_86' title='bbox 926 1367 1282 1422; x_wconf 87' lang='lat' dir='ltr'><strong>interemerat</strong></span> <span class='ocrx_word' id='word_1_87' title='bbox 1333 1367 1596 1421; x_wconf 84' lang='lat' dir='ltr'><strong>Atbcnais</strong></span> <span class='ocrx_word' id='word_1_88' title='bbox 1639 1382 1732 1421; x_wconf 91' lang='lat' dir='ltr'><strong>seu</strong></span> <span class='ocrx_word' id='word_1_89' title='bbox 1778 1367 2011 1421; x_wconf 88' lang='lat' dir='ltr'><strong>Eudocia</strong></span> 
     </span>
    </p>
   </div>
   <div class='ocr_carea' id='block_1_17' title="bbox 448 1455 2015 1526">
    <p class='ocr_par' dir='ltr' id='par_1_17' title="bbox 448 1455 2015 1526">
     <span class='ocr_line' id='line_1_17' title="bbox 448 1455 2015 1526; baseline 0.002 -18"><span class='ocrx_word' id='word_1_90' title='bbox 448 1455 703 1526; x_wconf 87' lang='lat' dir='ltr'><strong>(utroque</strong></span> <span class='ocrx_word' id='word_1_91' title='bbox 759 1457 902 1510; x_wconf 88' lang='lat' dir='ltr'><strong>enim</strong></span> <span class='ocrx_word' id='word_1_92' title='bbox 958 1457 1173 1510; x_wconf 89' lang='lat' dir='ltr'><strong>nomine</strong></span> <span class='ocrx_word' id='word_1_93' title='bbox 1229 1456 1569 1525; x_wconf 79' lang='lat' dir='ltr'><strong>vocabatur),</strong></span> <span class='ocrx_word' id='word_1_94' title='bbox 1626 1470 1800 1525; x_wconf 86' lang='lat' dir='ltr'><strong>neque</strong></span> <span class='ocrx_word' id='word_1_95' title='bbox 1856 1458 2015 1526; x_wconf 90' lang='lat' dir='ltr'><strong>impe-</strong></span> 
     </span>
    </p>
   </div>
   <div class='ocr_carea' id='block_1_18' title="bbox 450 1545 2016 1618">
    <p class='ocr_par' dir='ltr' id='par_1_18' title="bbox 450 1545 2016 1618">
     <span class='ocr_line' id='line_1_18' title="bbox 450 1545 2016 1618; baseline 0.001 -20"><span class='ocrx_word' id='word_1_96' title='bbox 450 1545 620 1599; x_wconf 85' lang='lat' dir='ltr'><strong>ratori</strong></span> <span class='ocrx_word' id='word_1_97' title='bbox 674 1547 738 1600; x_wconf 85' lang='lat' dir='ltr'><strong>ad</strong></span> <span class='ocrx_word' id='word_1_98' title='bbox 772 1547 976 1600; x_wconf 87' lang='lat' dir='ltr'><strong>exitum</strong></span> <span class='ocrx_word' id='word_1_99' title='bbox 1012 1545 1329 1615; x_wconf 83' lang='lat' dir='ltr'><strong>perducere,</strong></span> <span class='ocrx_word' id='word_1_100' title='bbox 1361 1548 1502 1615; x_wconf 91' lang='lat' dir='ltr'><strong>quod</strong></span> <span class='ocrx_word' id='word_1_101' title='bbox 1536 1548 1879 1616; x_wconf 87' lang='lat' dir='ltr'><strong>promiserat,</strong></span> <span class='ocrx_word' id='word_1_102' title='bbox 1921 1562 2016 1618; x_wconf 90' lang='lat' dir='ltr'><strong>per</strong></span> 
     </span>
    </p>
   </div>
   <div class='ocr_carea' id='block_1_19' title="bbox 449 1638 2013 1704">
    <p class='ocr_par' dir='ltr' id='par_1_19' title="bbox 449 1638 2013 1704">
     <span class='ocr_line' id='line_1_19' title="bbox 449 1638 2013 1704; baseline 0.003 -13"><span class='ocrx_word' id='word_1_103' title='bbox 449 1638 744 1699; x_wconf 86' lang='lat' dir='ltr'><strong>Zenonem,</strong></span> <span class='ocrx_word' id='word_1_104' title='bbox 777 1639 954 1693; x_wconf 87' lang='lat' dir='ltr'><strong>virum</strong></span> <span class='ocrx_word' id='word_1_105' title='bbox 990 1638 1354 1704; x_wconf 81' lang='lat' dir='ltr'><strong>consularem,</strong></span> <span class='ocrx_word' id='word_1_106' title='bbox 1400 1639 1570 1694; x_wconf 89' lang='lat' dir='ltr'><strong>licuit.</strong></span> <span class='ocrx_word' id='word_1_107' title='bbox 1613 1639 1663 1695; x_wconf 91' lang='lat' dir='ltr'><strong>ls</strong></span> <span class='ocrx_word' id='word_1_108' title='bbox 1695 1641 1839 1695; x_wconf 90' lang='lat' dir='ltr'><strong>enim</strong></span> <span class='ocrx_word' id='word_1_109' title='bbox 1886 1640 2013 1695; x_wconf 86' lang='lat' dir='ltr'><strong>olim</strong></span> 
     </span>
    </p>
   </div>
   <div class='ocr_carea' id='block_1_20' title="bbox 448 1731 2014 1807">
    <p class='ocr_par' dir='ltr' id='par_1_20' title="bbox 448 1731 2014 1807">
     <span class='ocr_line' id='line_1_20' title="bbox 448 1731 2014 1807; baseline 0.003 -24"><span class='ocrx_word' id='word_1_110' title='bbox 448 1746 645 1800; x_wconf 77' lang='lat' dir='ltr'><strong>magna</strong></span> <span class='ocrx_word' id='word_1_111' title='bbox 675 1731 978 1786; x_wconf 85' lang='lat' dir='ltr'><strong>Isaurorum</strong></span> <span class='ocrx_word' id='word_1_112' title='bbox 1006 1731 1352 1787; x_wconf 87' lang='lat' dir='ltr'><strong>multitudine</strong></span> <span class='ocrx_word' id='word_1_113' title='bbox 1401 1732 1670 1807; x_wconf 71' lang='lat' dir='ltr'><strong>stipatus,</strong></span> <span class='ocrx_word' id='word_1_114' title='bbox 1712 1733 1830 1787; x_wconf 86' lang='lat' dir='ltr'><strong>urbi</strong></span> <span class='ocrx_word' id='word_1_115' title='bbox 1871 1732 2014 1787; x_wconf 90' lang='lat' dir='ltr'><strong>Con-</strong></span> 
     </span>
    </p>
   </div>
   <div class='ocr_carea' id='block_1_21' title="bbox 2109 544 3685 620">
    <p class='ocr_par' dir='ltr' id='par_1_21' title="bbox 2109 544 3685 620">
     <span class='ocr_line' id='line_1_21' title="bbox 2109 544 3685 620; baseline -0.003 -16"><span class='ocrx_word' id='word_1_116' title='bbox 2109 548 2393 605; x_wconf 84' lang='grc' dir='ltr'>εκελεύετο</span> <span class='ocrx_word' id='word_1_117' title='bbox 2415 548 2496 620; x_wconf 80' lang='grc' dir='ltr'>τῷ</span> <span class='ocrx_word' id='word_1_118' title='bbox 2543 546 2928 616; x_wconf 78' lang='grc' dir='ltr'>Κωνσταντίῳ,</span> <span class='ocrx_word' id='word_1_119' title='bbox 2955 545 3014 609; x_wconf 83' lang='grc' dir='ltr'>ὃς</span> <span class='ocrx_word' id='word_1_120' title='bbox 3063 544 3215 615; x_wconf 80' lang='grc' dir='ltr'><strong>αὺτῷ</strong></span> <span class='ocrx_word' id='word_1_121' title='bbox 3245 544 3393 615; x_wconf 81' lang='grc' dir='ltr'><strong>παρά</strong></span> <span class='ocrx_word' id='word_1_122' title='bbox 3467 546 3685 601; x_wconf 83' lang='grc' dir='ltr'>’Δετίου</span> 
     </span>
    </p>
   </div>
   <div class='ocr_carea' id='block_1_22' title="bbox 2110 634 3685 708">
    <p class='ocr_par' dir='ltr' id='par_1_22' title="bbox 2110 634 3685 708">
     <span class='ocr_line' id='line_1_22' title="bbox 2110 634 3685 708; baseline -0.005 -12"><span class='ocrx_word' id='word_1_123' title='bbox 2110 640 2421 696; x_wconf 77' lang='grc' dir='ltr'><strong>ἀπέσταλτο</strong></span> <span class='ocrx_word' id='word_1_124' title='bbox 2450 636 2813 708; x_wconf 83' lang='grc' dir='ltr'>ὑπογραφέως</span> <span class='ocrx_word' id='word_1_125' title='bbox 2844 636 3024 708; x_wconf 88' lang='grc' dir='ltr'>χάριν,</span> <span class='ocrx_word' id='word_1_126' title='bbox 3063 635 3267 689; x_wconf 82' lang='grc' dir='ltr'>διδόναι</span> <span class='ocrx_word' id='word_1_127' title='bbox 3311 635 3380 706; x_wconf 69' lang='grc' dir='ltr'>ἢν</span> <span class='ocrx_word' id='word_1_128' title='bbox 3404 634 3553 706; x_wconf 80' lang='grc' dir='ltr'>αὐτῷ</span> <span class='ocrx_word' id='word_1_129' title='bbox 3580 653 3685 703; x_wconf 82' lang='grc' dir='ltr'>γυ-</span> 
     </span>
    </p>
   </div>
   <div class='ocr_carea' id='block_1_23' title="bbox 2109 724 3685 798">
    <p class='ocr_par' dir='ltr' id='par_1_23' title="bbox 2109 724 3685 798">
     <span class='ocr_line' id='line_1_23' title="bbox 2109 724 3685 798; baseline -0.003 -13"><span class='ocrx_word' id='word_1_130' title='bbox 2109 732 2271 785; x_wconf 88' lang='grc' dir='ltr'>ναῖκα</span> <span class='ocrx_word' id='word_1_131' title='bbox 2333 728 2429 783; x_wconf 76' lang='grc' dir='ltr'>καὶ</span> <span class='ocrx_word' id='word_1_132' title='bbox 2471 727 2760 798; x_wconf 80' lang='grc' dir='ltr'>ὑπέσχετο.</span> <span class='ocrx_word' id='word_1_133' title='bbox 2794 725 2955 797; x_wconf 77' lang='grc' dir='ltr'>Παρὰ</span> <span class='ocrx_word' id='word_1_134' title='bbox 3002 727 3112 797; x_wconf 84' lang='grc' dir='ltr'>γὰρ</span> <span class='ocrx_word' id='word_1_135' title='bbox 3158 725 3251 778; x_wconf 78' lang='grc' dir='ltr'><strong>τὸν</strong></span> <span class='ocrx_word' id='word_1_136' title='bbox 3307 724 3534 796; x_wconf 79' lang='grc' dir='ltr'>βασιλέα</span> <span class='ocrx_word' id='word_1_137' title='bbox 3578 726 3685 782; x_wconf 74' lang='lat' dir='ltr'><strong>8s-</strong></span> 
     </span>
    </p>
   </div>
   <div class='ocr_carea' id='block_1_24' title="bbox 2109 816 3689 890">
    <p class='ocr_par' dir='ltr' id='par_1_24' title="bbox 2109 816 3689 890">
     <span class='ocr_line' id='line_1_24' title="bbox 2109 816 3689 890; baseline -0.002 -15"><span class='ocrx_word' id='word_1_138' title='bbox 2109 821 2313 876; x_wconf 88' lang='grc' dir='ltr'>οδόσιον</span> <span class='ocrx_word' id='word_1_139' title='bbox 2368 820 2485 890; x_wconf 80' lang='grc' dir='ltr'><strong>ἃμα</strong></span> <span class='ocrx_word' id='word_1_140' title='bbox 2525 823 2639 882; x_wconf 82' lang='grc' dir='ltr'>τοῖς</span> <span class='ocrx_word' id='word_1_141' title='bbox 2698 816 2937 873; x_wconf 68' lang='grc' dir='ltr'>σταλεῖσι</span> <span class='ocrx_word' id='word_1_142' title='bbox 2972 816 3122 887; x_wconf 70' lang='grc' dir='ltr'>παρὰ</span> <span class='ocrx_word' id='word_1_143' title='bbox 3173 816 3269 871; x_wconf 78' lang='grc' dir='ltr'>τοῦ</span> <span class='ocrx_word' id='word_1_144' title='bbox 3298 817 3532 888; x_wconf 81' lang='grc' dir='ltr'>’Δττήλα</span> <span class='ocrx_word' id='word_1_145' title='bbox 3551 820 3689 888; x_wconf 85' lang='grc' dir='ltr'>πρέ-</span> 
     </span>
    </p>
   </div>
   <div class='ocr_carea' id='block_1_25' title="bbox 2112 907 3692 983">
    <p class='ocr_par' dir='ltr' id='par_1_25' title="bbox 2112 907 3692 983">
     <span class='ocr_line' id='line_1_25' title="bbox 2112 907 3692 983; baseline -0.002 -17"><span class='ocrx_word' id='word_1_146' title='bbox 2112 913 2296 968; x_wconf 88' lang='grc' dir='ltr'>σϐεσιν</span> <span class='ocrx_word' id='word_1_147' title='bbox 2350 911 2675 983; x_wconf 80' lang='grc' dir='ltr'><strong>ἀφικόμενος</strong></span> <span class='ocrx_word' id='word_1_148' title='bbox 2703 907 2734 964; x_wconf 99' lang='lat'><strong>6</strong></span> <span class='ocrx_word' id='word_1_149' title='bbox 2763 910 3137 973; x_wconf 81' lang='grc' dir='ltr'>Κωνστάντιος</span> <span class='ocrx_word' id='word_1_150' title='bbox 3169 909 3269 979; x_wconf 73' lang='grc' dir='ltr'>τὴν</span> <span class='ocrx_word' id='word_1_151' title='bbox 3296 909 3520 980; x_wconf 78' lang='grc' dir='ltr'><strong>εἰρήνην</strong></span> <span class='ocrx_word' id='word_1_152' title='bbox 3554 910 3692 963; x_wconf 79' lang='grc' dir='ltr'><strong>Ῥω-</strong></span> 
     </span>
    </p>
   </div>
   <div class='ocr_carea' id='block_1_26' title="bbox 2112 1001 3689 1076">
    <p class='ocr_par' dir='ltr' id='par_1_26' title="bbox 2112 1001 3689 1076">
     <span class='ocr_line' id='line_1_26' title="bbox 2112 1001 3689 1076; baseline -0.002 -20"><span class='ocrx_word' id='word_1_153' title='bbox 2112 1006 2295 1076; x_wconf 83' lang='grc' dir='ltr'>μαίοις</span> <span class='ocrx_word' id='word_1_154' title='bbox 2324 1006 2418 1058; x_wconf 73' lang='grc' dir='ltr'>καὶ</span> <span class='ocrx_word' id='word_1_155' title='bbox 2472 1002 2706 1066; x_wconf 77' lang='grc' dir='ltr'><strong>Σκύθαις</strong></span> <span class='ocrx_word' id='word_1_156' title='bbox 2731 1002 2899 1071; x_wconf 81' lang='grc' dir='ltr'>ἔφησε</span> <span class='ocrx_word' id='word_1_157' title='bbox 2930 1002 3024 1054; x_wconf 68' lang='grc' dir='ltr'><strong>ἐπὶ</strong></span> <span class='ocrx_word' id='word_1_158' title='bbox 3057 1001 3266 1072; x_wconf 81' lang='grc' dir='ltr'>μακρὸν</span> <span class='ocrx_word' id='word_1_159' title='bbox 3319 1001 3689 1071; x_wconf 84' lang='grc' dir='ltr'>φυλάττεσθαι</span> 
     </span>
    </p>
   </div>
   <div class='ocr_carea' id='block_1_27' title="bbox 2112 1089 3689 1168">
    <p class='ocr_par' dir='ltr' id='par_1_27' title="bbox 2112 1089 3689 1168">
     <span class='ocr_line' id='line_1_27' title="bbox 2112 1089 3689 1168; baseline -0.003 -18"><span class='ocrx_word' id='word_1_160' title='bbox 2112 1095 2302 1168; x_wconf 85' lang='grc' dir='ltr'>χρόνον</span> <span class='ocrx_word' id='word_1_161' title='bbox 2330 1093 2771 1166; x_wconf 79' lang='grc' dir='ltr'><strong>παρασκευάσειν</strong></span> <span class='ocrx_word' id='word_1_162' title='bbox 2811 1093 2880 1157; x_wconf 81' lang='grc'><strong>⁸⁷,</strong></span> <span class='ocrx_word' id='word_1_163' title='bbox 2932 1092 2999 1147; x_wconf 84' lang='grc' dir='ltr'>ἂν</span> <span class='ocrx_word' id='word_1_164' title='bbox 3045 1090 3193 1159; x_wconf 77' lang='grc' dir='ltr'>αὐτῷ</span> <span class='ocrx_word' id='word_1_165' title='bbox 3248 1094 3483 1158; x_wconf 88' lang='grc' dir='ltr'>γυναῖκα</span> <span class='ocrx_word' id='word_1_166' title='bbox 3525 1089 3689 1145; x_wconf 75' lang='grc' dir='ltr'>εὐπο-</span> 
     </span>
    </p>
   </div>
   <div class='ocr_carea' id='block_1_28' title="bbox 2117 1182 3689 1259">
    <p class='ocr_par' dir='ltr' id='par_1_28' title="bbox 2117 1182 3689 1259">
     <span class='ocr_line' id='line_1_28' title="bbox 2117 1182 3689 1259; baseline -0.004 -18"><span class='ocrx_word' id='word_1_167' title='bbox 2117 1204 2206 1259; x_wconf 92' lang='grc' dir='ltr'><strong>ρον</strong></span> <span class='ocrx_word' id='word_1_168' title='bbox 2253 1186 2392 1257; x_wconf 86' lang='grc' dir='ltr'>δοίη.</span> <span class='ocrx_word' id='word_1_169' title='bbox 2421 1187 2531 1241; x_wconf 74' lang='grc' dir='ltr'><strong>Καὶ</strong></span> <span class='ocrx_word' id='word_1_170' title='bbox 2584 1185 2721 1255; x_wconf 79' lang='grc' dir='ltr'>πρὸς</span> <span class='ocrx_word' id='word_1_171' title='bbox 2760 1183 2916 1239; x_wconf 81' lang='grc' dir='ltr'>τοῦτο</span> <span class='ocrx_word' id='word_1_172' title='bbox 2974 1183 3239 1237; x_wconf 73' lang='grc' dir='ltr'><strong>ἐπένευσε</strong></span> <span class='ocrx_word' id='word_1_173' title='bbox 3278 1182 3556 1252; x_wconf 78' lang='grc' dir='ltr'>βασιλεὺς,</span> <span class='ocrx_word' id='word_1_174' title='bbox 3590 1183 3689 1237; x_wconf 78' lang='grc' dir='ltr'>καὶ</span> 
     </span>
    </p>
   </div>
   <div class='ocr_carea' id='block_1_29' title="bbox 2116 1276 3687 1350">
    <p class='ocr_par' dir='ltr' id='par_1_29' title="bbox 2116 1276 3687 1350">
     <span class='ocr_line' id='line_1_29' title="bbox 2116 1276 3687 1350; baseline -0.003 -16"><span class='ocrx_word' id='word_1_175' title='bbox 2116 1278 2440 1350; x_wconf 87' lang='grc' dir='ltr'>Σατορνίλου</span> <span class='ocrx_word' id='word_1_176' title='bbox 2499 1277 2790 1349; x_wconf 75' lang='grc' dir='ltr'>περιουσίᾳ</span> <span class='ocrx_word' id='word_1_177' title='bbox 2833 1277 2928 1331; x_wconf 72' lang='grc' dir='ltr'>καὶ</span> <span class='ocrx_word' id='word_1_178' title='bbox 2976 1276 3125 1345; x_wconf 80' lang='grc' dir='ltr'>γένει</span> <span class='ocrx_word' id='word_1_179' title='bbox 3178 1276 3556 1346; x_wconf 83' lang='grc' dir='ltr'>κοσμουμένου</span> <span class='ocrx_word' id='word_1_180' title='bbox 3586 1276 3687 1329; x_wconf 89' lang='grc' dir='ltr'>θυ-</span> 
     </span>
    </p>
   </div>
   <div class='ocr_carea' id='block_1_30' title="bbox 2116 1365 3685 1441">
    <p class='ocr_par' dir='ltr' id='par_1_30' title="bbox 2116 1365 3685 1441">
     <span class='ocr_line' id='line_1_30' title="bbox 2116 1365 3685 1441; baseline -0.004 -15"><span class='ocrx_word' id='word_1_181' title='bbox 2116 1371 2327 1440; x_wconf 85' lang='grc' dir='ltr'>γατέρα</span> <span class='ocrx_word' id='word_1_182' title='bbox 2368 1370 2591 1441; x_wconf 73' lang='grc' dir='ltr'>είρήκει</span> <span class='ocrx_word' id='word_1_183' title='bbox 2611 1368 2823 1424; x_wconf 80' lang='grc' dir='ltr'><strong>δώσειν.</strong></span> <span class='ocrx_word' id='word_1_184' title='bbox 2856 1366 2959 1422; x_wconf 85' lang='grc' dir='ltr'><strong>Τδν</strong></span> <span class='ocrx_word' id='word_1_185' title='bbox 2985 1367 3042 1420; x_wconf 82' lang='grc' dir='ltr'>δὲ</span> <span class='ocrx_word' id='word_1_186' title='bbox 3065 1365 3388 1437; x_wconf 86' lang='grc' dir='ltr'>Σατορνίλον</span> <span class='ocrx_word' id='word_1_187' title='bbox 3415 1367 3685 1439; x_wconf 74' lang='grc' dir='ltr'>ἀνῃρήκει</span> 
     </span>
    </p>
   </div>
   <div class='ocr_carea' id='block_1_31' title="bbox 2116 1455 3684 1530">
    <p class='ocr_par' dir='ltr' id='par_1_31' title="bbox 2116 1455 3684 1530">
     <span class='ocr_line' id='line_1_31' title="bbox 2116 1455 3684 1530; baseline -0.004 -15"><span class='ocrx_word' id='word_1_188' title='bbox 2116 1458 2370 1530; x_wconf 75' lang='grc' dir='ltr'>Ἀθηναῖς</span> <span class='ocrx_word' id='word_1_189' title='bbox 2428 1460 2463 1530; x_wconf 80' lang='grc' dir='ltr'>ἡ</span> <span class='ocrx_word' id='word_1_190' title='bbox 2527 1459 2622 1512; x_wconf 80' lang='grc' dir='ltr'><strong>καὶ</strong></span> <span class='ocrx_word' id='word_1_191' title='bbox 2684 1456 2937 1513; x_wconf 74' lang='grc' dir='ltr'>Εύδοκίαο</span> <span class='ocrx_word' id='word_1_192' title='bbox 2998 1456 3327 1527; x_wconf 79' lang='grc' dir='ltr'>ἀμφοτέροις</span> <span class='ocrx_word' id='word_1_193' title='bbox 3382 1455 3491 1525; x_wconf 79' lang='grc' dir='ltr'>γὰρ</span> <span class='ocrx_word' id='word_1_194' title='bbox 3549 1457 3684 1509; x_wconf 85' lang='grc' dir='ltr'>ὲκα-</span> 
     </span>
    </p>
   </div>
   <div class='ocr_carea' id='block_1_32' title="bbox 2115 1545 3684 1617">
    <p class='ocr_par' dir='ltr' id='par_1_32' title="bbox 2115 1545 3684 1617">
     <span class='ocr_line' id='line_1_32' title="bbox 2115 1545 3684 1617; baseline -0.004 -13"><span class='ocrx_word' id='word_1_195' title='bbox 2115 1550 2258 1604; x_wconf 86' lang='grc' dir='ltr'>λεῖτο</span> <span class='ocrx_word' id='word_1_196' title='bbox 2318 1551 2432 1612; x_wconf 89' lang='grc' dir='ltr'>τοῖς</span> <span class='ocrx_word' id='word_1_197' title='bbox 2490 1548 2773 1617; x_wconf 79' lang='grc' dir='ltr'>ὀνόμασιν.</span> <span class='ocrx_word' id='word_1_198' title='bbox 2826 1546 2914 1609; x_wconf 88' lang='grc' dir='ltr'>Ἐς</span> <span class='ocrx_word' id='word_1_199' title='bbox 2951 1545 3111 1617; x_wconf 73' lang='grc' dir='ltr'>ἔργον</span> <span class='ocrx_word' id='word_1_200' title='bbox 3156 1545 3215 1597; x_wconf 81' lang='grc' dir='ltr'>δὲ</span> <span class='ocrx_word' id='word_1_201' title='bbox 3244 1546 3341 1615; x_wconf 81' lang='grc' dir='ltr'>τὴν</span> <span class='ocrx_word' id='word_1_202' title='bbox 3393 1545 3559 1598; x_wconf 78' lang='grc' dir='ltr'>αὑτοῦ</span> <span class='ocrx_word' id='word_1_203' title='bbox 3617 1547 3684 1598; x_wconf 84' lang='grc' dir='ltr'>οὐ</span> 
     </span>
    </p>
   </div>
   <div class='ocr_carea' id='block_1_33' title="bbox 2118 1637 3678 1711">
    <p class='ocr_par' dir='ltr' id='par_1_33' title="bbox 2118 1637 3678 1711">
     <span class='ocr_line' id='line_1_33' title="bbox 2118 1637 3678 1711; baseline -0.004 -16"><span class='ocrx_word' id='word_1_204' title='bbox 2118 1639 2501 1711; x_wconf 80' lang='grc' dir='ltr'>συνεχώρησεν</span> <span class='ocrx_word' id='word_1_205' title='bbox 2556 1638 2790 1708; x_wconf 84' lang='grc' dir='ltr'>ἀχθῆναι</span> <span class='ocrx_word' id='word_1_206' title='bbox 2847 1638 3141 1706; x_wconf 79' lang='grc' dir='ltr'>ὑπόσχεσιν</span> <span class='ocrx_word' id='word_1_207' title='bbox 3172 1638 3377 1707; x_wconf 81' lang='grc' dir='ltr'><strong>Ζήνων,</strong></span> <span class='ocrx_word' id='word_1_208' title='bbox 3407 1637 3678 1700; x_wconf 75' lang='grc' dir='ltr'>ὑπατικὸς</span> 
     </span>
    </p>
   </div>
   <div class='ocr_carea' id='block_1_34' title="bbox 2117 1728 3689 1803">
    <p class='ocr_par' dir='ltr' id='par_1_34' title="bbox 2117 1728 3689 1803">
     <span class='ocr_line' id='line_1_34' title="bbox 2117 1728 3689 1803; baseline -0.002 -17"><span class='ocrx_word' id='word_1_209' title='bbox 2117 1732 2255 1803; x_wconf 79' lang='grc' dir='ltr'>ἀνὴρ</span> <span class='ocrx_word' id='word_1_210' title='bbox 2311 1733 2404 1785; x_wconf 78' lang='grc' dir='ltr'>καὶ</span> <span class='ocrx_word' id='word_1_211' title='bbox 2470 1729 2671 1800; x_wconf 78' lang='grc' dir='ltr'>πολλὴν</span> <span class='ocrx_word' id='word_1_212' title='bbox 2704 1729 2854 1801; x_wconf 80' lang='grc' dir='ltr'>ἀμφ’</span> <span class='ocrx_word' id='word_1_213' title='bbox 2896 1730 3061 1783; x_wconf 82' lang='grc' dir='ltr'>αὐτὸν</span> <span class='ocrx_word' id='word_1_214' title='bbox 3118 1728 3257 1799; x_wconf 77' lang='grc' dir='ltr'>ἔχων</span> <span class='ocrx_word' id='word_1_215' title='bbox 3295 1729 3554 1798; x_wconf 84' lang='grc' dir='ltr'>Ἱσαύρων</span> <span class='ocrx_word' id='word_1_216' title='bbox 3593 1729 3689 1783; x_wconf 88' lang='grc' dir='ltr'>δύ-</span> 
     </span>
    </p>
   </div>
   <div class='ocr_carea' id='block_1_35' title="bbox 447 1801 2015 1895">
    <p class='ocr_par' dir='ltr' id='par_1_35' title="bbox 447 1801 2014 1893">
     <span class='ocr_line' id='line_1_35' title="bbox 447 1801 2014 1893; baseline 0.003 -20"><span class='ocrx_word' id='word_1_217' title='bbox 447 1819 823 1890; x_wconf 89' lang='lat' dir='ltr'><strong>stantiuopoli,</strong></span> <span class='ocrx_word' id='word_1_218' title='bbox 842 1836 960 1890; x_wconf 80' lang='lat' dir='ltr'><strong>quae</strong></span> <span class='ocrx_word' id='word_1_219' title='bbox 989 1821 1131 1877; x_wconf 90' lang='lat' dir='ltr'><strong>bello</strong></span> <span class='ocrx_word' id='word_1_220' title='bbox 1157 1801 1528 1893; x_wconf 81' lang='lat' dir='ltr'><strong>premebatur,</strong></span> <span class='ocrx_word' id='word_1_221' title='bbox 1547 1803 1794 1892; x_wconf 67' lang='lat' dir='ltr'><strong>praesidio</strong></span> <span class='ocrx_word' id='word_1_222' title='bbox 1817 1821 2014 1878; x_wconf 81' lang='lat' dir='ltr'><strong>fuerat.</strong></span> 
     </span>
    </p>
   </div>
   <div class='ocr_carea' id='block_1_36' title="bbox 2118 1801 3687 1895">
    <p class='ocr_par' dir='ltr' id='par_1_36' title="bbox 2120 1801 3687 1895">
     <span class='ocr_line' id='line_1_36' title="bbox 2120 1801 3687 1895; baseline -0.004 -17"><span class='ocrx_word' id='word_1_223' title='bbox 2120 1801 2304 1895; x_wconf 81' lang='grc' dir='ltr'>ναμιν,</span> <span class='ocrx_word' id='word_1_224' title='bbox 2353 1823 2471 1893; x_wconf 83' lang='grc' dir='ltr'>μεθ’</span> <span class='ocrx_word' id='word_1_225' title='bbox 2503 1815 2572 1894; x_wconf 83' lang='grc' dir='ltr'>ἧς</span> <span class='ocrx_word' id='word_1_226' title='bbox 2635 1821 2728 1876; x_wconf 75' lang='grc' dir='ltr'>καὶ</span> <span class='ocrx_word' id='word_1_227' title='bbox 2781 1820 2878 1890; x_wconf 84' lang='grc' dir='ltr'><strong>τὴν</strong></span> <span class='ocrx_word' id='word_1_228' title='bbox 2931 1818 3341 1874; x_wconf 81' lang='grc' dir='ltr'>Κωνσταντίνου</span> <span class='ocrx_word' id='word_1_229' title='bbox 3400 1818 3543 1873; x_wconf 78' lang='grc' dir='ltr'><strong>κατά</strong></span> <span class='ocrx_word' id='word_1_230' title='bbox 3592 1818 3687 1873; x_wconf 79' lang='grc' dir='ltr'><strong>τὸν</strong></span> 
     </span>
    </p>
   </div>
   <div class='ocr_carea' id='block_1_37' title="bbox 446 1907 2014 1979">
    <p class='ocr_par' dir='ltr' id='par_1_37' title="bbox 446 1907 2014 1979">
     <span class='ocr_line' id='line_1_37' title="bbox 446 1907 2014 1979; baseline 0.004 -17"><span class='ocrx_word' id='word_1_231' title='bbox 446 1907 548 1975; x_wconf 87' lang='lat' dir='ltr'><strong>Qui</strong></span> <span class='ocrx_word' id='word_1_232' title='bbox 627 1925 749 1965; x_wconf 92' lang='lat' dir='ltr'><strong>cum</strong></span> <span class='ocrx_word' id='word_1_233' title='bbox 828 1912 1177 1965; x_wconf 85' lang='lat' dir='ltr'><strong>Orientalium</strong></span> <span class='ocrx_word' id='word_1_234' title='bbox 1262 1913 1599 1966; x_wconf 76' lang='lat' dir='ltr'><strong>exercituum</strong></span> <span class='ocrx_word' id='word_1_235' title='bbox 1664 1912 1772 1966; x_wconf 82' lang='lat' dir='ltr'><strong>dux</strong></span> <span class='ocrx_word' id='word_1_236' title='bbox 1832 1921 2014 1979; x_wconf 86' lang='lat' dir='ltr'><strong>esset,</strong></span> 
     </span>
    </p>
   </div>
   <div class='ocr_carea' id='block_1_38' title="bbox 448 2002 2017 2072">
    <p class='ocr_par' dir='ltr' id='par_1_38' title="bbox 448 2002 2017 2072">
     <span class='ocr_line' id='line_1_38' title="bbox 448 2002 2017 2072; baseline 0.004 -17"><span class='ocrx_word' id='word_1_237' title='bbox 448 2003 683 2072; x_wconf 87' lang='lat' dir='ltr'><strong>puellam</strong></span> <span class='ocrx_word' id='word_1_238' title='bbox 750 2004 992 2059; x_wconf 87' lang='lat' dir='ltr'><strong>custodia</strong></span> <span class='ocrx_word' id='word_1_239' title='bbox 1023 2003 1229 2066; x_wconf 84' lang='lat' dir='ltr'><strong>eduxit,</strong></span> <span class='ocrx_word' id='word_1_240' title='bbox 1261 2012 1315 2058; x_wconf 88' lang='lat' dir='ltr'><strong>et</strong></span> <span class='ocrx_word' id='word_1_241' title='bbox 1357 2002 1501 2059; x_wconf 79' lang='lat' dir='ltr'><strong>Rufo</strong></span> <span class='ocrx_word' id='word_1_242' title='bbox 1548 2004 1787 2072; x_wconf 87' lang='lat' dir='ltr'><strong>cuidam,</strong></span> <span class='ocrx_word' id='word_1_243' title='bbox 1830 2006 1919 2060; x_wconf 90' lang='lat' dir='ltr'><strong>uni</strong></span> <span class='ocrx_word' id='word_1_244' title='bbox 1951 2020 2017 2061; x_wconf 84' lang='lat' dir='ltr'><strong>ex</strong></span> 
     </span>
    </p>
   </div>
   <div class='ocr_carea' id='block_1_39' title="bbox 450 2090 2021 2163">
    <p class='ocr_par' dir='ltr' id='par_1_39' title="bbox 450 2090 2021 2163">
     <span class='ocr_line' id='line_1_39' title="bbox 450 2090 2021 2163; baseline 0.001 -17"><span class='ocrx_word' id='word_1_245' title='bbox 450 2093 565 2146; x_wconf 87' lang='lat' dir='ltr'><strong>suis</strong></span> <span class='ocrx_word' id='word_1_246' title='bbox 602 2091 944 2155; x_wconf 73' lang='lat' dir='ltr'><strong>necessariis,</strong></span> <span class='ocrx_word' id='word_1_247' title='bbox 971 2093 1273 2160; x_wconf 84' lang='lat' dir='ltr'><strong>despondit.</strong></span> <span class='ocrx_word' id='word_1_248' title='bbox 1302 2090 1413 2146; x_wconf 82' lang='lat' dir='ltr'><strong>Hac</strong></span> <span class='ocrx_word' id='word_1_249' title='bbox 1452 2092 1632 2163; x_wconf 85' lang='lat' dir='ltr'><strong>puella</strong></span> <span class='ocrx_word' id='word_1_250' title='bbox 1664 2093 1766 2148; x_wconf 90' lang='lat' dir='ltr'><strong>sibi</strong></span> <span class='ocrx_word' id='word_1_251' title='bbox 1799 2096 2021 2148; x_wconf 50' lang='lat' dir='ltr'><strong>subtra‘</strong></span> 
     </span>
    </p>
   </div>
   <div class='ocr_carea' id='block_1_40' title="bbox 453 2184 2015 2252">
    <p class='ocr_par' dir='ltr' id='par_1_40' title="bbox 453 2184 2015 2252">
     <span class='ocr_line' id='line_1_40' title="bbox 453 2184 2015 2252; baseline 0.004 -14"><span class='ocrx_word' id='word_1_252' title='bbox 453 2195 563 2247; x_wconf 88' lang='lat' dir='ltr'><strong>eta,</strong></span> <span class='ocrx_word' id='word_1_253' title='bbox 594 2184 939 2240; x_wconf 85' lang='lat' dir='ltr'><strong>Constantius</strong></span> <span class='ocrx_word' id='word_1_254' title='bbox 996 2185 1288 2240; x_wconf 84' lang='lat' dir='ltr'><strong>Barbarum</strong></span> <span class='ocrx_word' id='word_1_255' title='bbox 1332 2188 1543 2252; x_wconf 84' lang='lat' dir='ltr'><strong>orabat,</strong></span> <span class='ocrx_word' id='word_1_256' title='bbox 1583 2200 1653 2241; x_wconf 88' lang='lat' dir='ltr'><strong>ne</strong></span> <span class='ocrx_word' id='word_1_257' title='bbox 1686 2187 1786 2242; x_wconf 89' lang='lat' dir='ltr'><strong>sibi</strong></span> <span class='ocrx_word' id='word_1_258' title='bbox 1820 2187 2015 2245; x_wconf 76' lang='lat' dir='ltr'><strong>iactant</strong></span> 
     </span>
    </p>
   </div>
   <div class='ocr_carea' id='block_1_41' title="bbox 456 2272 2019 2344">
    <p class='ocr_par' dir='ltr' id='par_1_41' title="bbox 456 2272 2019 2344">
     <span class='ocr_line' id='line_1_41' title="bbox 456 2272 2019 2344; baseline 0.006 -21"><span class='ocrx_word' id='word_1_259' title='bbox 456 2272 837 2327; x_wconf 73' lang='lat' dir='ltr'><strong>contumeliam</strong></span> <span class='ocrx_word' id='word_1_260' title='bbox 869 2272 1187 2344; x_wconf 77' lang='lat' dir='ltr'><strong>negligeret,</strong></span> <span class='ocrx_word' id='word_1_261' title='bbox 1208 2274 1300 2329; x_wconf 90' lang='lat' dir='ltr'><strong>sed</strong></span> <span class='ocrx_word' id='word_1_262' title='bbox 1331 2275 1636 2344; x_wconf 80' lang='lat' dir='ltr'><strong>perliceret,</strong></span> <span class='ocrx_word' id='word_1_263' title='bbox 1671 2285 1728 2330; x_wconf 90' lang='lat' dir='ltr'><strong>ut</strong></span> <span class='ocrx_word' id='word_1_264' title='bbox 1750 2276 1853 2332; x_wconf 86' lang='lat' dir='ltr'><strong>sibi</strong></span> <span class='ocrx_word' id='word_1_265' title='bbox 1884 2292 2019 2333; x_wconf 86' lang='lat' dir='ltr'><strong>uxor</strong></span> 
     </span>
    </p>
   </div>
   <div class='ocr_carea' id='block_1_42' title="bbox 457 2364 2016 2438">
    <p class='ocr_par' dir='ltr' id='par_1_42' title="bbox 457 2364 2016 2438">
     <span class='ocr_line' id='line_1_42' title="bbox 457 2364 2016 2438; baseline 0.004 -19"><span class='ocrx_word' id='word_1_266' title='bbox 457 2364 699 2431; x_wconf 89' lang='lat' dir='ltr'><strong>daretur,</strong></span> <span class='ocrx_word' id='word_1_267' title='bbox 729 2376 821 2420; x_wconf 89' lang='lat' dir='ltr'><strong>aut</strong></span> <span class='ocrx_word' id='word_1_268' title='bbox 843 2380 927 2433; x_wconf 91' lang='lat' dir='ltr'><strong>ea,</strong></span> <span class='ocrx_word' id='word_1_269' title='bbox 947 2382 1064 2436; x_wconf 85' lang='lat' dir='ltr'><strong>quae</strong></span> <span class='ocrx_word' id='word_1_270' title='bbox 1096 2368 1349 2438; x_wconf 88' lang='lat' dir='ltr'><strong>subrepta</strong></span> <span class='ocrx_word' id='word_1_271' title='bbox 1381 2369 1578 2433; x_wconf 86' lang='lat' dir='ltr'><strong>fuerat,</strong></span> <span class='ocrx_word' id='word_1_272' title='bbox 1600 2371 1871 2426; x_wconf 86' lang='lat' dir='ltr'><strong>autetiam</strong></span> <span class='ocrx_word' id='word_1_273' title='bbox 1890 2372 2016 2438; x_wconf 85' lang='lat' dir='ltr'><strong>alia,</strong></span> 
     </span>
    </p>
   </div>
   <div class='ocr_carea' id='block_1_43' title="bbox 452 2457 2018 2531">
    <p class='ocr_par' dir='ltr' id='par_1_43' title="bbox 452 2457 2018 2531">
     <span class='ocr_line' id='line_1_43' title="bbox 452 2457 2018 2531; baseline 0.005 -21"><span class='ocrx_word' id='word_1_274' title='bbox 452 2472 570 2525; x_wconf 75' lang='lat' dir='ltr'><strong>qua:</strong></span> <span class='ocrx_word' id='word_1_275' title='bbox 602 2457 779 2512; x_wconf 88' lang='lat' dir='ltr'><strong>dotem</strong></span> <span class='ocrx_word' id='word_1_276' title='bbox 811 2458 1049 2514; x_wconf 72' lang='lat' dir='ltr'><strong>aderret.</strong></span> <span class='ocrx_word' id='word_1_277' title='bbox 1083 2458 1447 2528; x_wconf 82' lang='lat' dir='ltr'><strong>Quamobrem</strong></span> <span class='ocrx_word' id='word_1_278' title='bbox 1470 2475 1568 2531; x_wconf 90' lang='lat' dir='ltr'><strong>per</strong></span> <span class='ocrx_word' id='word_1_279' title='bbox 1598 2475 1772 2518; x_wconf 63' lang='lat' dir='ltr'><strong>coenae</strong></span> <span class='ocrx_word' id='word_1_280' title='bbox 1805 2469 2018 2531; x_wconf 88' lang='lat' dir='ltr'><strong>tempus</strong></span> 
     </span>
    </p>
   </div>
   <div class='ocr_carea' id='block_1_44' title="bbox 454 2547 2016 2624">
    <p class='ocr_par' dir='ltr' id='par_1_44' title="bbox 454 2547 2016 2624">
     <span class='ocr_line' id='line_1_44' title="bbox 454 2547 2016 2624; baseline 0.004 -23"><span class='ocrx_word' id='word_1_281' title='bbox 454 2547 731 2605; x_wconf 82' lang='lat' dir='ltr'><strong>Barbarus</strong></span> <span class='ocrx_word' id='word_1_282' title='bbox 807 2549 1153 2606; x_wconf 77' lang='lat' dir='ltr'><strong>Maximinum</strong></span> <span class='ocrx_word' id='word_1_283' title='bbox 1216 2551 1528 2621; x_wconf 85' lang='lat' dir='ltr'><strong>imperatori</strong></span> <span class='ocrx_word' id='word_1_284' title='bbox 1593 2554 1774 2607; x_wconf 87' lang='lat' dir='ltr'><strong>dicere</strong></span> <span class='ocrx_word' id='word_1_285' title='bbox 1835 2554 2016 2624; x_wconf 84' lang='lat' dir='ltr'><strong>jussit,</strong></span> 
     </span>
    </p>
   </div>
   <div class='ocr_carea' id='block_1_45' title="bbox 454 2641 2016 2715">
    <p class='ocr_par' dir='ltr' id='par_1_45' title="bbox 454 2641 2016 2715">
     <span class='ocr_line' id='line_1_45' title="bbox 454 2641 2016 2715; baseline 0.003 -20"><span class='ocrx_word' id='word_1_286' title='bbox 454 2657 561 2697; x_wconf 88' lang='lat' dir='ltr'><strong>non</strong></span> <span class='ocrx_word' id='word_1_287' title='bbox 587 2652 838 2710; x_wconf 90' lang='lat' dir='ltr'><strong>oportere</strong></span> <span class='ocrx_word' id='word_1_288' title='bbox 857 2641 1234 2699; x_wconf 77' lang='lat' dir='ltr'><strong>Constantium</strong></span> <span class='ocrx_word' id='word_1_289' title='bbox 1266 2658 1362 2714; x_wconf 88' lang='lat' dir='ltr'><strong>spe</strong></span> <span class='ocrx_word' id='word_1_290' title='bbox 1393 2644 1461 2698; x_wconf 91' lang='lat' dir='ltr'><strong>ab</strong></span> <span class='ocrx_word' id='word_1_291' title='bbox 1488 2644 1607 2714; x_wconf 88' lang='lat' dir='ltr'><strong>ipso</strong></span> <span class='ocrx_word' id='word_1_292' title='bbox 1630 2644 1861 2699; x_wconf 82' lang='lat' dir='ltr'><strong>excitata</strong></span> <span class='ocrx_word' id='word_1_293' title='bbox 1882 2645 2016 2715; x_wconf 83' lang='lat' dir='ltr'><strong>lalli,</strong></span> 
     </span>
    </p>
   </div>
   <div class='ocr_carea' id='block_1_46' title="bbox 459 2733 2020 2805">
    <p class='ocr_par' dir='ltr' id='par_1_46' title="bbox 459 2733 2020 2805">
     <span class='ocr_line' id='line_1_46' title="bbox 459 2733 2020 2805; baseline 0.004 -17"><span class='ocrx_word' id='word_1_294' title='bbox 459 2744 514 2788; x_wconf 92' lang='lat' dir='ltr'><strong>et</strong></span> <span class='ocrx_word' id='word_1_295' title='bbox 542 2733 611 2788; x_wconf 89' lang='lat' dir='ltr'><strong>ab</strong></span> <span class='ocrx_word' id='word_1_296' title='bbox 644 2735 986 2802; x_wconf 86' lang='lat' dir='ltr'><strong>imperatoris</strong></span> <span class='ocrx_word' id='word_1_297' title='bbox 1044 2734 1306 2805; x_wconf 75' lang='lat' dir='ltr'><strong>dignitate</strong></span> <span class='ocrx_word' id='word_1_298' title='bbox 1367 2734 1603 2790; x_wconf 89' lang='lat' dir='ltr'><strong>alienum</strong></span> <span class='ocrx_word' id='word_1_299' title='bbox 1651 2736 1848 2800; x_wconf 87' lang='lat' dir='ltr'><strong>videri,</strong></span> <span class='ocrx_word' id='word_1_300' title='bbox 1880 2754 2020 2794; x_wconf 88' lang='lat' dir='ltr'><strong>men-</strong></span> 
     </span>
    </p>
   </div>
   <div class='ocr_carea' id='block_1_47' title="bbox 453 2824 2017 2906">
    <p class='ocr_par' dir='ltr' id='par_1_47' title="bbox 453 2824 2017 2906">
     <span class='ocr_line' id='line_1_47' title="bbox 453 2824 2017 2906; baseline 0.003 -28"><span class='ocrx_word' id='word_1_301' title='bbox 453 2824 639 2880; x_wconf 89' lang='lat' dir='ltr'><strong>dacem</strong></span> <span class='ocrx_word' id='word_1_302' title='bbox 714 2839 854 2879; x_wconf 79' lang='lat' dir='ltr'><strong>esse.</strong></span> <span class='ocrx_word' id='word_1_303' title='bbox 923 2824 1052 2879; x_wconf 67' lang='lat' dir='ltr'><strong>Haec</strong></span> <span class='ocrx_word' id='word_1_304' title='bbox 1107 2824 1303 2906; x_wconf 60' lang='lat' dir='ltr'><strong>Attilas</strong></span> <span class='ocrx_word' id='word_1_305' title='bbox 1370 2825 1664 2882; x_wconf 84' lang='lat' dir='ltr'><strong>Maximino</strong></span> <span class='ocrx_word' id='word_1_306' title='bbox 1719 2827 2017 2895; x_wconf 85' lang='lat' dir='ltr'><strong>mandavit,</strong></span> 
     </span>
    </p>
   </div>
   <div class='ocr_carea' id='block_1_48' title="bbox 454 2914 2020 2988">
    <p class='ocr_par' dir='ltr' id='par_1_48' title="bbox 454 2914 2020 2988">
     <span class='ocr_line' id='line_1_48' title="bbox 454 2914 2020 2988; baseline 0.005 -20"><span class='ocrx_word' id='word_1_307' title='bbox 454 2926 736 2985; x_wconf 83' lang='lat' dir='ltr'><strong>propterea</strong></span> <span class='ocrx_word' id='word_1_308' title='bbox 764 2914 907 2985; x_wconf 90' lang='lat' dir='ltr'><strong>quod</strong></span> <span class='ocrx_word' id='word_1_309' title='bbox 945 2914 1297 2972; x_wconf 87' lang='lat' dir='ltr'><strong>Constantius</strong></span> <span class='ocrx_word' id='word_1_310' title='bbox 1351 2917 1427 2972; x_wconf 93' lang='lat' dir='ltr'><strong>illi</strong></span> <span class='ocrx_word' id='word_1_311' title='bbox 1473 2919 1743 2988; x_wconf 75' lang='lat' dir='ltr'><strong>ingentem</strong></span> <span class='ocrx_word' id='word_1_312' title='bbox 1779 2921 2020 2987; x_wconf 65' lang='lat' dir='ltr'><strong>pecuniae</strong></span> 
     </span>
    </p>
   </div>
   <div class='ocr_carea' id='block_1_49' title="bbox 454 3007 2019 3076">
    <p class='ocr_par' dir='ltr' id='par_1_49' title="bbox 454 3007 2019 3076">
     <span class='ocr_line' id='line_1_49' title="bbox 454 3007 2019 3076; baseline 0.004 -14"><span class='ocrx_word' id='word_1_313' title='bbox 454 3022 720 3063; x_wconf 85' lang='lat' dir='ltr'><strong>summam</strong></span> <span class='ocrx_word' id='word_1_314' title='bbox 782 3007 1052 3076; x_wconf 68' lang='lat' dir='ltr'><strong>pollicitus</strong></span> <span class='ocrx_word' id='word_1_315' title='bbox 1110 3018 1249 3076; x_wconf 90' lang='lat' dir='ltr'><strong>erat,</strong></span> <span class='ocrx_word' id='word_1_316' title='bbox 1308 3010 1352 3066; x_wconf 89' lang='lat' dir='ltr'><strong>si</strong></span> <span class='ocrx_word' id='word_1_317' title='bbox 1394 3025 1621 3067; x_wconf 87' lang='lat' dir='ltr'><strong>uxorem</strong></span> <span class='ocrx_word' id='word_1_318' title='bbox 1671 3026 1703 3067; x_wconf 93' lang='lat' dir='ltr'><strong>e</strong></span> <span class='ocrx_word' id='word_1_319' title='bbox 1759 3011 2019 3068; x_wconf 83' lang='lat' dir='ltr'><strong>Romanis</strong></span> 
     </span>
    </p>
   </div>
   <div class='ocr_carea' id='block_1_50' title="bbox 2118 1910 3689 1985">
    <p class='ocr_par' dir='ltr' id='par_1_50' title="bbox 2118 1910 3689 1985">
     <span class='ocr_line' id='line_1_50' title="bbox 2118 1910 3689 1985; baseline -0.003 -17"><span class='ocrx_word' id='word_1_320' title='bbox 2118 1915 2209 1968; x_wconf 83' lang='grc' dir='ltr'>τοῦ</span> <span class='ocrx_word' id='word_1_321' title='bbox 2227 1914 2462 1985; x_wconf 85' lang='grc' dir='ltr'>πολέμου</span> <span class='ocrx_word' id='word_1_322' title='bbox 2486 1913 2678 1983; x_wconf 66' lang='grc' dir='ltr'>καιρὸν</span> <span class='ocrx_word' id='word_1_323' title='bbox 2712 1912 3000 1981; x_wconf 79' lang='grc' dir='ltr'>φυλάττειν</span> <span class='ocrx_word' id='word_1_324' title='bbox 3027 1912 3420 1980; x_wconf 77' lang='grc' dir='ltr'>ἐπετέτραπτο.</span> <span class='ocrx_word' id='word_1_325' title='bbox 3456 1910 3589 1963; x_wconf 86' lang='grc' dir='ltr'><strong>Τότε</strong></span> <span class='ocrx_word' id='word_1_326' title='bbox 3616 1911 3689 1981; x_wconf 82' lang='grc' dir='ltr'>δὴ</span> 
     </span>
    </p>
   </div>
   <div class='ocr_carea' id='block_1_51' title="bbox 2118 2002 3690 2077">
    <p class='ocr_par' dir='ltr' id='par_1_51' title="bbox 2118 2002 3690 2077">
     <span class='ocr_line' id='line_1_51' title="bbox 2118 2002 3690 2077; baseline -0.003 -17"><span class='ocrx_word' id='word_1_327' title='bbox 2118 2007 2225 2061; x_wconf 84' lang='grc' dir='ltr'><strong>τῶν</strong></span> <span class='ocrx_word' id='word_1_328' title='bbox 2254 2008 2312 2059; x_wconf 79' lang='grc' dir='ltr'>ὲν</span> <span class='ocrx_word' id='word_1_329' title='bbox 2349 2009 2426 2077; x_wconf 72' lang='grc' dir='ltr'><strong>τῇΔ</strong></span> <span class='ocrx_word' id='word_1_330' title='bbox 2450 2005 2566 2076; x_wconf 59' lang='lat' dir='ltr'><strong>&quot;Ego</strong></span> <span class='ocrx_word' id='word_1_331' title='bbox 2596 2003 3002 2072; x_wconf 85' lang='grc' dir='ltr'>στρατιωτικῶν</span> <span class='ocrx_word' id='word_1_332' title='bbox 3040 2004 3223 2074; x_wconf 84' lang='grc' dir='ltr'>ἄρχων</span> <span class='ocrx_word' id='word_1_333' title='bbox 3252 2002 3545 2073; x_wconf 77' lang='grc' dir='ltr'><strong>ταγμάτων</strong></span> <span class='ocrx_word' id='word_1_334' title='bbox 3581 2002 3690 2055; x_wconf 82' lang='grc' dir='ltr'><strong>ὁπ-</strong></span> 
     </span>
    </p>
   </div>
   <div class='ocr_carea' id='block_1_52' title="bbox 2119 2092 3688 2167">
    <p class='ocr_par' dir='ltr' id='par_1_52' title="bbox 2119 2092 3688 2167">
     <span class='ocr_line' id='line_1_52' title="bbox 2119 2092 3688 2167; baseline -0.004 -16"><span class='ocrx_word' id='word_1_335' title='bbox 2119 2098 2301 2166; x_wconf 76' lang='grc' dir='ltr'>εξάγει</span> <span class='ocrx_word' id='word_1_336' title='bbox 2337 2097 2430 2150; x_wconf 82' lang='grc' dir='ltr'>τοῦ</span> <span class='ocrx_word' id='word_1_337' title='bbox 2473 2096 2731 2167; x_wconf 81' lang='grc' dir='ltr'>φρουρίου</span> <span class='ocrx_word' id='word_1_338' title='bbox 2761 2095 2859 2166; x_wconf 76' lang='grc' dir='ltr'>τὴν</span> <span class='ocrx_word' id='word_1_339' title='bbox 2900 2095 3089 2164; x_wconf 77' lang='grc' dir='ltr'>κόρην,</span> <span class='ocrx_word' id='word_1_340' title='bbox 3126 2093 3222 2146; x_wconf 67' lang='grc' dir='ltr'><strong>καί⁵</strong></span> <span class='ocrx_word' id='word_1_341' title='bbox 3271 2093 3485 2164; x_wconf 81' lang='grc' dir='ltr'>Ῥούφῳ</span> <span class='ocrx_word' id='word_1_342' title='bbox 3551 2092 3688 2157; x_wconf 77' lang='grc' dir='ltr'>τινὶ,</span> 
     </span>
    </p>
   </div>
   <div class='ocr_carea' id='block_1_53' title="bbox 2124 2182 3691 2254">
    <p class='ocr_par' dir='ltr' id='par_1_53' title="bbox 2124 2182 3691 2254">
     <span class='ocr_line' id='line_1_53' title="bbox 2124 2182 3691 2254; baseline -0.003 -16"><span class='ocrx_word' id='word_1_343' title='bbox 2124 2187 2204 2238; x_wconf 75' lang='grc' dir='ltr'><strong>ἑνὶ</strong></span> <span class='ocrx_word' id='word_1_344' title='bbox 2262 2185 2371 2237; x_wconf 89' lang='grc' dir='ltr'><strong>τῶν</strong></span> <span class='ocrx_word' id='word_1_345' title='bbox 2414 2183 2757 2253; x_wconf 74' lang='grc' dir='ltr'><strong>ἐπιτηδείων,</strong></span> <span class='ocrx_word' id='word_1_346' title='bbox 2791 2184 3092 2253; x_wconf 79' lang='grc' dir='ltr'>κατεγγυᾷ.</span> <span class='ocrx_word' id='word_1_347' title='bbox 3133 2182 3350 2252; x_wconf 81' lang='grc' dir='ltr'><strong>Ταύτης</strong></span> <span class='ocrx_word' id='word_1_348' title='bbox 3377 2182 3435 2236; x_wconf 73' lang='grc' dir='ltr'>δὲ</span> <span class='ocrx_word' id='word_1_349' title='bbox 3465 2185 3691 2254; x_wconf 78' lang='grc' dir='ltr'>ἀφῃρη-</span> 
     </span>
    </p>
   </div>
   <div class='ocr_carea' id='block_1_54' title="bbox 2122 2272 3691 2347">
    <p class='ocr_par' dir='ltr' id='par_1_54' title="bbox 2122 2272 3691 2347">
     <span class='ocr_line' id='line_1_54' title="bbox 2122 2272 3691 2347; baseline -0.003 -17"><span class='ocrx_word' id='word_1_350' title='bbox 2122 2277 2322 2347; x_wconf 80' lang='grc' dir='ltr'>μένης,</span> <span class='ocrx_word' id='word_1_351' title='bbox 2374 2278 2403 2329; x_wconf 89' lang='grc' dir='ltr'><strong>ό</strong></span> <span class='ocrx_word' id='word_1_352' title='bbox 2440 2275 2817 2339; x_wconf 83' lang='grc' dir='ltr'>Κωνστάντιος</span> <span class='ocrx_word' id='word_1_353' title='bbox 2873 2275 3041 2328; x_wconf 76' lang='grc' dir='ltr'>ἐδεῖτο</span> <span class='ocrx_word' id='word_1_354' title='bbox 3091 2273 3185 2327; x_wconf 82' lang='grc' dir='ltr'>τοῦ</span> <span class='ocrx_word' id='word_1_355' title='bbox 3236 2272 3557 2344; x_wconf 86' lang='grc' dir='ltr'>Βαρϐάρου,</span> <span class='ocrx_word' id='word_1_356' title='bbox 3604 2276 3691 2328; x_wconf 80' lang='grc' dir='ltr'><strong>ἑνο</strong></span> 
     </span>
    </p>
   </div>
   <div class='ocr_carea' id='block_1_55' title="bbox 2121 2365 3691 2439">
    <p class='ocr_par' dir='ltr' id='par_1_55' title="bbox 2121 2365 3691 2439">
     <span class='ocr_line' id='line_1_55' title="bbox 2121 2365 3691 2439; baseline -0.002 -17"><span class='ocrx_word' id='word_1_357' title='bbox 2121 2368 2442 2438; x_wconf 84' lang='grc' dir='ltr'>υϐρισμένον</span> <span class='ocrx_word' id='word_1_358' title='bbox 2467 2368 2627 2421; x_wconf 79' lang='grc' dir='ltr'>αὐτὸν</span> <span class='ocrx_word' id='word_1_359' title='bbox 2666 2367 2741 2437; x_wconf 86' lang='grc' dir='ltr'>μὴ</span> <span class='ocrx_word' id='word_1_360' title='bbox 2775 2366 3147 2438; x_wconf 81' lang='grc' dir='ltr'>περιορᾶσθαι,</span> <span class='ocrx_word' id='word_1_361' title='bbox 3176 2366 3290 2421; x_wconf 80' lang='grc' dir='ltr'>ἀλλ’</span> <span class='ocrx_word' id='word_1_362' title='bbox 3340 2366 3373 2439; x_wconf 69' lang='grc' dir='ltr'>ἢ</span> <span class='ocrx_word' id='word_1_363' title='bbox 3408 2365 3691 2438; x_wconf 76' lang='grc' dir='ltr'>τὴνάφαι-</span> 
     </span>
    </p>
   </div>
   <div class='ocr_carea' id='block_1_56' title="bbox 2125 2456 3692 2531">
    <p class='ocr_par' dir='ltr' id='par_1_56' title="bbox 2125 2456 3692 2531">
     <span class='ocr_line' id='line_1_56' title="bbox 2125 2456 3692 2531; baseline -0.002 -18"><span class='ocrx_word' id='word_1_364' title='bbox 2125 2461 2375 2531; x_wconf 88' lang='grc' dir='ltr'>ρεθεῖσαν</span> <span class='ocrx_word' id='word_1_365' title='bbox 2430 2459 2463 2529; x_wconf 79' lang='grc' dir='ltr'><strong>ἢ</strong></span> <span class='ocrx_word' id='word_1_366' title='bbox 2519 2460 2614 2512; x_wconf 72' lang='grc' dir='ltr'>καὶ</span> <span class='ocrx_word' id='word_1_367' title='bbox 2629 2458 2794 2528; x_wconf 85' lang='grc' dir='ltr'>ἀλλην</span> <span class='ocrx_word' id='word_1_368' title='bbox 2827 2457 2974 2529; x_wconf 87' lang='grc' dir='ltr'><strong>αύτῷ</strong></span> <span class='ocrx_word' id='word_1_369' title='bbox 3010 2456 3247 2512; x_wconf 77' lang='grc' dir='ltr'>δίδοσθαι</span> <span class='ocrx_word' id='word_1_370' title='bbox 3276 2456 3526 2527; x_wconf 82' lang='grc' dir='ltr'>γαμετὴν</span> <span class='ocrx_word' id='word_1_371' title='bbox 3548 2474 3692 2528; x_wconf 77' lang='grc' dir='ltr'>φερ-</span> 
     </span>
    </p>
   </div>
   <div class='ocr_carea' id='block_1_57' title="bbox 2119 2547 3686 2623">
    <p class='ocr_par' dir='ltr' id='par_1_57' title="bbox 2119 2547 3686 2623">
     <span class='ocr_line' id='line_1_57' title="bbox 2119 2547 3686 2623; baseline -0.002 -18"><span class='ocrx_word' id='word_1_372' title='bbox 2119 2550 2217 2623; x_wconf 83' lang='grc' dir='ltr'>νὴν</span> <span class='ocrx_word' id='word_1_373' title='bbox 2242 2550 2599 2606; x_wconf 87' lang='grc' dir='ltr'>είσοίσουσαν.</span> <span class='ocrx_word' id='word_1_374' title='bbox 2654 2550 2812 2621; x_wconf 79' lang='grc' dir='ltr'>Παρά</span> <span class='ocrx_word' id='word_1_375' title='bbox 2860 2548 2954 2602; x_wconf 82' lang='grc' dir='ltr'>τὸν</span> <span class='ocrx_word' id='word_1_376' title='bbox 2981 2547 3073 2603; x_wconf 81' lang='grc' dir='ltr'>τοῦ</span> <span class='ocrx_word' id='word_1_377' title='bbox 3111 2548 3328 2603; x_wconf 80' lang='grc' dir='ltr'>δείπνου</span> <span class='ocrx_word' id='word_1_378' title='bbox 3355 2551 3532 2603; x_wconf 78' lang='grc' dir='ltr'>τοίνυν</span> <span class='ocrx_word' id='word_1_379' title='bbox 3558 2568 3686 2603; x_wconf 89' lang='grc' dir='ltr'>και-</span> 
     </span>
    </p>
   </div>
   <div class='ocr_carea' id='block_1_58' title="bbox 2123 2640 3689 2714">
    <p class='ocr_par' dir='ltr' id='par_1_58' title="bbox 2123 2640 3689 2714">
     <span class='ocr_line' id='line_1_58' title="bbox 2123 2640 3689 2714; baseline -0.001 -17"><span class='ocrx_word' id='word_1_380' title='bbox 2123 2642 2215 2714; x_wconf 81' lang='grc' dir='ltr'><strong>ρδν</strong></span> <span class='ocrx_word' id='word_1_381' title='bbox 2270 2644 2299 2697; x_wconf 89' lang='lat'><strong>6</strong></span> <span class='ocrx_word' id='word_1_382' title='bbox 2331 2642 2614 2713; x_wconf 81' lang='grc' dir='ltr'>Βάρϐαρος</span> <span class='ocrx_word' id='word_1_383' title='bbox 2667 2640 2849 2710; x_wconf 79' lang='grc' dir='ltr'>λέγειν</span> <span class='ocrx_word' id='word_1_384' title='bbox 2895 2641 2974 2712; x_wconf 83' lang='grc' dir='ltr'>τῷ</span> <span class='ocrx_word' id='word_1_385' title='bbox 3034 2640 3368 2712; x_wconf 85' lang='grc' dir='ltr'>βασιλεύοντι</span> <span class='ocrx_word' id='word_1_386' title='bbox 3388 2645 3479 2696; x_wconf 73' lang='grc' dir='ltr'>τὸν</span> <span class='ocrx_word' id='word_1_387' title='bbox 3512 2644 3689 2711; x_wconf 60' lang='lat' dir='ltr'><strong>Mai:-</strong></span> 
     </span>
    </p>
   </div>
   <div class='ocr_carea' id='block_1_59' title="bbox 2123 2734 3691 2806">
    <p class='ocr_par' dir='ltr' id='par_1_59' title="bbox 2123 2734 3691 2806">
     <span class='ocr_line' id='line_1_59' title="bbox 2123 2734 3691 2806; baseline 0 -19"><span class='ocrx_word' id='word_1_388' title='bbox 2123 2737 2274 2806; x_wconf 89' lang='grc' dir='ltr'>μῖνον</span> <span class='ocrx_word' id='word_1_389' title='bbox 2300 2734 2541 2800; x_wconf 76' lang='grc' dir='ltr'>ἐκέλευε,</span> <span class='ocrx_word' id='word_1_390' title='bbox 2597 2735 2672 2806; x_wconf 77' lang='grc' dir='ltr'>μὴ</span> <span class='ocrx_word' id='word_1_391' title='bbox 2692 2735 2913 2805; x_wconf 81' lang='grc' dir='ltr'>’χρῆναι</span> <span class='ocrx_word' id='word_1_392' title='bbox 2957 2734 3055 2806; x_wconf 75' lang='grc' dir='ltr'>τῆς</span> <span class='ocrx_word' id='word_1_393' title='bbox 3085 2734 3144 2800; x_wconf 67' lang='grc' dir='ltr'><strong>ἐξ</strong></span> <span class='ocrx_word' id='word_1_394' title='bbox 3172 2734 3336 2788; x_wconf 80' lang='grc' dir='ltr'>αὐτοῦ</span> <span class='ocrx_word' id='word_1_395' title='bbox 3396 2735 3488 2788; x_wconf 83' lang='grc' dir='ltr'>τὸν</span> <span class='ocrx_word' id='word_1_396' title='bbox 3534 2736 3691 2788; x_wconf 81' lang='grc' dir='ltr'>Κων-</span> 
     </span>
    </p>
   </div>
   <div class='ocr_carea' id='block_1_60' title="bbox 2121 2826 3689 2899">
    <p class='ocr_par' dir='ltr' id='par_1_60' title="bbox 2121 2826 3689 2899">
     <span class='ocr_line' id='line_1_60' title="bbox 2121 2826 3689 2899; baseline 0.001 -20"><span class='ocrx_word' id='word_1_397' title='bbox 2121 2826 2366 2880; x_wconf 88' lang='grc' dir='ltr'>στάντιον</span> <span class='ocrx_word' id='word_1_398' title='bbox 2408 2826 2623 2890; x_wconf 71' lang='grc' dir='ltr'>ἐλπίδος</span> <span class='ocrx_word' id='word_1_399' title='bbox 2677 2827 3017 2898; x_wconf 82' lang='grc' dir='ltr'>διαμαρτεῖν·</span> <span class='ocrx_word' id='word_1_400' title='bbox 3082 2826 3207 2880; x_wconf 74' lang='grc' dir='ltr'>οὔτε</span> <span class='ocrx_word' id='word_1_401' title='bbox 3239 2828 3347 2899; x_wconf 73' lang='grc' dir='ltr'><strong>γὰρ</strong></span> <span class='ocrx_word' id='word_1_402' title='bbox 3397 2827 3605 2899; x_wconf 86' lang='grc' dir='ltr'>βασιλεῖ</span> <span class='ocrx_word' id='word_1_403' title='bbox 3640 2828 3689 2860; x_wconf 81' lang='grc'><strong><em>⁸⁸⁸</em></strong></span> 
     </span>
    </p>
   </div>
   <div class='ocr_carea' id='block_1_61' title="bbox 2119 2917 3685 2991">
    <p class='ocr_par' dir='ltr' id='par_1_61' title="bbox 2119 2917 3685 2991">
     <span class='ocr_line' id='line_1_61' title="bbox 2119 2917 3685 2991; baseline 0.002 -20"><span class='ocrx_word' id='word_1_404' title='bbox 2119 2918 2179 2971; x_wconf 84' lang='grc' dir='ltr'>τὸ</span> <span class='ocrx_word' id='word_1_405' title='bbox 2207 2917 2499 2987; x_wconf 79' lang='grc' dir='ltr'>ψεύδεσθαι</span> <span class='ocrx_word' id='word_1_406' title='bbox 2539 2918 2606 2974; x_wconf 78' lang='grc'><strong>⁸³.</strong></span> <span class='ocrx_word' id='word_1_407' title='bbox 2639 2917 2821 2973; x_wconf 81' lang='grc' dir='ltr'>Ταῦτα</span> <span class='ocrx_word' id='word_1_408' title='bbox 2868 2917 2924 2972; x_wconf 69' lang='grc' dir='ltr'>δὲ</span> <span class='ocrx_word' id='word_1_409' title='bbox 2971 2920 2999 2972; x_wconf 92' lang='lat'><strong>6</strong></span> <span class='ocrx_word' id='word_1_410' title='bbox 3043 2919 3303 2991; x_wconf 77' lang='grc' dir='ltr'>Ἀττήλας</span> <span class='ocrx_word' id='word_1_411' title='bbox 3360 2920 3685 2987; x_wconf 75' lang='grc' dir='ltr'>ἐνετέλλετο,</span> 
     </span>
    </p>
   </div>
   <div class='ocr_carea' id='block_1_62' title="bbox 2122 3007 3691 3080">
    <p class='ocr_par' dir='ltr' id='par_1_62' title="bbox 2122 3007 3691 3080">
     <span class='ocr_line' id='line_1_62' title="bbox 2122 3007 3691 3080; baseline 0 -18"><span class='ocrx_word' id='word_1_412' title='bbox 2122 3007 2495 3078; x_wconf 80' lang='grc' dir='ltr'>ὑποσχομένου</span> <span class='ocrx_word' id='word_1_413' title='bbox 2539 3007 2923 3080; x_wconf 64' lang='grc' dir='ltr'>Κωνσταντίου</span> <span class='ocrx_word' id='word_1_414' title='bbox 2974 3009 3232 3080; x_wconf 82' lang='grc' dir='ltr'>χρήματα</span> <span class='ocrx_word' id='word_1_415' title='bbox 3267 3009 3548 3074; x_wconf 83' lang='grc' dir='ltr'>δώσειν,εί</span> <span class='ocrx_word' id='word_1_416' title='bbox 3576 3009 3691 3062; x_wconf 83' lang='grc' dir='ltr'><strong>τῶν</strong></span> 
     </span>
    </p>
   </div>
   <div class='ocr_carea' id='block_1_63' title="bbox 454 3077 2015 3210">
    <p class='ocr_par' dir='ltr' id='par_1_63' title="bbox 454 3099 2015 3170">
     <span class='ocr_line' id='line_1_63' title="bbox 454 3099 2015 3170; baseline 0.005 -17"><span class='ocrx_word' id='word_1_417' title='bbox 454 3099 650 3169; x_wconf 88' lang='lat' dir='ltr'><strong>puellis</strong></span> <span class='ocrx_word' id='word_1_418' title='bbox 695 3100 1012 3170; x_wconf 89' lang='lat' dir='ltr'><strong>locupletem</strong></span> <span class='ocrx_word' id='word_1_419' title='bbox 1051 3101 1291 3159; x_wconf 86' lang='lat' dir='ltr'><strong>duceret.</strong></span> <span class='ocrx_word' id='word_1_420' title='bbox 1349 3101 1461 3159; x_wconf 90' lang='lat' dir='ltr'><strong>Sub</strong></span> <span class='ocrx_word' id='word_1_421' title='bbox 1488 3113 1645 3160; x_wconf 90' lang='lat' dir='ltr'><strong>nocte</strong></span> <span class='ocrx_word' id='word_1_422' title='bbox 1667 3119 1697 3159; x_wconf 87' lang='lat' dir='ltr'><strong>a</strong></span> <span class='ocrx_word' id='word_1_423' title='bbox 1726 3119 1882 3161; x_wconf 61' lang='lat' dir='ltr'><strong>creua</strong></span> <span class='ocrx_word' id='word_1_424' title='bbox 1907 3106 2015 3161; x_wconf 83' lang='lat' dir='ltr'><strong>dis-</strong></span> 
     </span>
    </p>
   </div>
   <div class='ocr_carea' id='block_1_64' title="bbox 2118 3077 3691 3210">
    <p class='ocr_par' dir='ltr' id='par_1_64' title="bbox 2122 3077 3691 3172">
     <span class='ocr_line' id='line_1_64' title="bbox 2122 3077 3691 3172; baseline 0.001 -22"><span class='ocrx_word' id='word_1_425' title='bbox 2122 3077 2440 3164; x_wconf 80' lang='grc' dir='ltr'>ζαπλούτων</span> <span class='ocrx_word' id='word_1_426' title='bbox 2516 3077 2664 3170; x_wconf 62' lang='grc' dir='ltr'><strong>αὖθ’τῷ</strong></span> <span class='ocrx_word' id='word_1_427' title='bbox 2740 3097 2893 3170; x_wconf 79' lang='grc' dir='ltr'>παρὰ</span> <span class='ocrx_word' id='word_1_428' title='bbox 2931 3077 3226 3169; x_wconf 83' lang='grc' dir='ltr'>Ῥωμαίοις</span> <span class='ocrx_word' id='word_1_429' title='bbox 3286 3097 3691 3172; x_wconf 76' lang='grc' dir='ltr'>κατεγγυηθείη</span> 
     </span>
    </p>
   </div>
   <div class='ocr_carea' id='block_1_65' title="bbox 454 3206 740 3248">
    <p class='ocr_par' dir='ltr' id='par_1_65' title="bbox 454 3206 740 3248">
     <span class='ocr_line' id='line_1_65' title="bbox 454 3206 740 3248; baseline 0.007 -2"><span class='ocrx_word' id='word_1_430' title='bbox 454 3206 740 3248; x_wconf 75' lang='lat' dir='ltr'><strong>cess1mus.</strong></span> 
     </span>
    </p>
   </div>
   <div class='ocr_carea' id='block_1_66' title="bbox 525 3282 2019 3357">
    <p class='ocr_par' dir='ltr' id='par_1_66' title="bbox 525 3282 2019 3357">
     <span class='ocr_line' id='line_1_66' title="bbox 525 3282 2019 3357; baseline 0.005 -20"><span class='ocrx_word' id='word_1_431' title='bbox 525 3282 723 3341; x_wconf 86' lang='lat' dir='ltr'><strong>Tribus</strong></span> <span class='ocrx_word' id='word_1_432' title='bbox 778 3285 970 3342; x_wconf 88' lang='lat' dir='ltr'><strong>deinde</strong></span> <span class='ocrx_word' id='word_1_433' title='bbox 990 3287 1182 3342; x_wconf 82' lang='lat' dir='ltr'><strong>diebus</strong></span> <span class='ocrx_word' id='word_1_434' title='bbox 1235 3285 1452 3357; x_wconf 87' lang='lat' dir='ltr'><strong>elapsis,</strong></span> <span class='ocrx_word' id='word_1_435' title='bbox 1486 3287 1805 3344; x_wconf 89' lang='lat' dir='ltr'><strong>muneribus</strong></span> <span class='ocrx_word' id='word_1_436' title='bbox 1835 3290 2019 3345; x_wconf 86' lang='lat' dir='ltr'><strong>donati</strong></span> 
     </span>
    </p>
   </div>
   <div class='ocr_carea' id='block_1_67' title="bbox 455 3375 2022 3448">
    <p class='ocr_par' dir='ltr' id='par_1_67' title="bbox 455 3375 2022 3448">
     <span class='ocr_line' id='line_1_67' title="bbox 455 3375 2022 3448; baseline 0.004 -18"><span class='ocrx_word' id='word_1_437' title='bbox 455 3375 665 3432; x_wconf 89' lang='lat' dir='ltr'><strong>dimissi</strong></span> <span class='ocrx_word' id='word_1_438' title='bbox 708 3392 917 3432; x_wconf 87' lang='lat' dir='ltr'><strong>sumus.</strong></span> <span class='ocrx_word' id='word_1_439' title='bbox 964 3378 1161 3433; x_wconf 85' lang='lat' dir='ltr'><strong>Attilas</strong></span> <span class='ocrx_word' id='word_1_440' title='bbox 1190 3394 1408 3448; x_wconf 90' lang='lat' dir='ltr'><strong>quoque</strong></span> <span class='ocrx_word' id='word_1_441' title='bbox 1441 3380 1750 3446; x_wconf 88' lang='lat' dir='ltr'><strong>Berichum,</strong></span> <span class='ocrx_word' id='word_1_442' title='bbox 1782 3381 1960 3436; x_wconf 89' lang='lat' dir='ltr'><strong>virum</strong></span> <span class='ocrx_word' id='word_1_443' title='bbox 1990 3397 2022 3437; x_wconf 88' lang='lat' dir='ltr'><strong>e</strong></span> 
     </span>
    </p>
   </div>
   <div class='ocr_carea' id='block_1_68' title="bbox 456 3467 2020 3543">
    <p class='ocr_par' dir='ltr' id='par_1_68' title="bbox 456 3467 2020 3543">
     <span class='ocr_line' id='line_1_68' title="bbox 456 3467 2020 3543; baseline 0.006 -24"><span class='ocrx_word' id='word_1_444' title='bbox 456 3467 693 3539; x_wconf 68' lang='lat' dir='ltr'><strong>Scythia:</strong></span> <span class='ocrx_word' id='word_1_445' title='bbox 725 3469 1076 3537; x_wconf 88' lang='lat' dir='ltr'><strong>primoribus,</strong></span> <span class='ocrx_word' id='word_1_446' title='bbox 1122 3470 1412 3523; x_wconf 88' lang='lat' dir='ltr'><strong>multorum</strong></span> <span class='ocrx_word' id='word_1_447' title='bbox 1438 3471 1678 3525; x_wconf 82' lang='lat' dir='ltr'><strong>vicorum</strong></span> <span class='ocrx_word' id='word_1_448' title='bbox 1707 3472 1761 3526; x_wconf 73' lang='lat' dir='ltr'><strong>in</strong></span> <span class='ocrx_word' id='word_1_449' title='bbox 1797 3472 2020 3543; x_wconf 85' lang='lat' dir='ltr'><strong>Scythia</strong></span> 
     </span>
    </p>
   </div>
   <div class='ocr_carea' id='block_1_69' title="bbox 455 3558 2023 3631">
    <p class='ocr_par' dir='ltr' id='par_1_69' title="bbox 455 3558 2023 3631">
     <span class='ocr_line' id='line_1_69' title="bbox 455 3558 2023 3631; baseline 0.007 -20"><span class='ocrx_word' id='word_1_450' title='bbox 455 3558 750 3621; x_wconf 87' lang='lat' dir='ltr'><strong>dominum,</strong></span> <span class='ocrx_word' id='word_1_451' title='bbox 815 3568 870 3612; x_wconf 93' lang='lat' dir='ltr'><strong>et</strong></span> <span class='ocrx_word' id='word_1_452' title='bbox 929 3558 1019 3628; x_wconf 92' lang='lat' dir='ltr'><strong>qui</strong></span> <span class='ocrx_word' id='word_1_453' title='bbox 1080 3560 1131 3612; x_wconf 92' lang='lat' dir='ltr'><strong>in</strong></span> <span class='ocrx_word' id='word_1_454' title='bbox 1166 3559 1415 3614; x_wconf 90' lang='lat' dir='ltr'><strong>convivio</strong></span> <span class='ocrx_word' id='word_1_455' title='bbox 1468 3562 1743 3631; x_wconf 90' lang='lat' dir='ltr'><strong>superiore</strong></span> <span class='ocrx_word' id='word_1_456' title='bbox 1785 3563 1905 3620; x_wconf 93' lang='lat' dir='ltr'><strong>loco</strong></span> <span class='ocrx_word' id='word_1_457' title='bbox 1933 3579 2023 3622; x_wconf 83' lang='lat' dir='ltr'><strong>se-</strong></span> 
     </span>
    </p>
   </div>
   <div class='ocr_carea' id='block_1_70' title="bbox 454 3651 2016 3723">
    <p class='ocr_par' dir='ltr' id='par_1_70' title="bbox 454 3651 2016 3723">
     <span class='ocr_line' id='line_1_70' title="bbox 454 3651 2016 3723; baseline 0.005 -18"><span class='ocrx_word' id='word_1_458' title='bbox 454 3651 631 3717; x_wconf 84' lang='lat' dir='ltr'><strong>derat,</strong></span> <span class='ocrx_word' id='word_1_459' title='bbox 665 3651 943 3707; x_wconf 87' lang='lat' dir='ltr'><strong>nobiscum</strong></span> <span class='ocrx_word' id='word_1_460' title='bbox 989 3653 1222 3723; x_wconf 79' lang='lat' dir='ltr'><strong>legatum</strong></span> <span class='ocrx_word' id='word_1_461' title='bbox 1282 3654 1350 3707; x_wconf 91' lang='lat' dir='ltr'><strong>ad</strong></span> <span class='ocrx_word' id='word_1_462' title='bbox 1401 3654 1790 3722; x_wconf 87' lang='lat' dir='ltr'><strong>imperatorem</strong></span> <span class='ocrx_word' id='word_1_463' title='bbox 1844 3657 2016 3713; x_wconf 91' lang='lat' dir='ltr'><strong>misit.</strong></span> 
     </span>
    </p>
   </div>
   <div class='ocr_carea' id='block_1_71' title="bbox 454 3741 2017 3816">
    <p class='ocr_par' dir='ltr' id='par_1_71' title="bbox 454 3741 2017 3816">
     <span class='ocr_line' id='line_1_71' title="bbox 454 3741 2017 3816; baseline 0.006 -20"><span class='ocrx_word' id='word_1_464' title='bbox 454 3741 609 3798; x_wconf 86' lang='lat' dir='ltr'><strong>llnnc</strong></span> <span class='ocrx_word' id='word_1_465' title='bbox 637 3742 780 3798; x_wconf 90' lang='lat' dir='ltr'><strong>enim</strong></span> <span class='ocrx_word' id='word_1_466' title='bbox 810 3753 867 3798; x_wconf 89' lang='lat' dir='ltr'><strong>et</strong></span> <span class='ocrx_word' id='word_1_467' title='bbox 910 3743 1046 3801; x_wconf 88' lang='lat' dir='ltr'><strong>alias</strong></span> <span class='ocrx_word' id='word_1_468' title='bbox 1080 3744 1311 3801; x_wconf 79' lang='lat' dir='ltr'><strong>Romani</strong></span> <span class='ocrx_word' id='word_1_469' title='bbox 1340 3760 1438 3815; x_wconf 90' lang='lat' dir='ltr'><strong>pro</strong></span> <span class='ocrx_word' id='word_1_470' title='bbox 1463 3746 1639 3816; x_wconf 76' lang='lat' dir='ltr'><strong>legato</strong></span> <span class='ocrx_word' id='word_1_471' title='bbox 1664 3747 2017 3805; x_wconf 87' lang='lat' dir='ltr'><strong>admiserant.</strong></span> 
     </span>
    </p>
   </div>
   <div class='ocr_carea' id='block_1_72' title="bbox 454 3832 2018 3910">
    <p class='ocr_par' dir='ltr' id='par_1_72' title="bbox 454 3832 2018 3910">
     <span class='ocr_line' id='line_1_72' title="bbox 454 3832 2018 3910; baseline 0.006 -22"><span class='ocrx_word' id='word_1_472' title='bbox 454 3832 620 3891; x_wconf 81' lang='lat' dir='ltr'><strong>Nobis</strong></span> <span class='ocrx_word' id='word_1_473' title='bbox 666 3845 846 3890; x_wconf 73' lang='lat' dir='ltr'><strong>alitem</strong></span> <span class='ocrx_word' id='word_1_474' title='bbox 883 3835 988 3893; x_wconf 88' lang='lat' dir='ltr'><strong>iter</strong></span> <span class='ocrx_word' id='word_1_475' title='bbox 1019 3838 1439 3894; x_wconf 82' lang='lat' dir='ltr'><strong>conﬂcientibus</strong></span> <span class='ocrx_word' id='word_1_476' title='bbox 1463 3847 1519 3895; x_wconf 90' lang='lat' dir='ltr'><strong>et</strong></span> <span class='ocrx_word' id='word_1_477' title='bbox 1567 3840 1619 3894; x_wconf 92' lang='lat' dir='ltr'><strong>in</strong></span> <span class='ocrx_word' id='word_1_478' title='bbox 1650 3840 1767 3896; x_wconf 87' lang='lat' dir='ltr'><strong>vico</strong></span> <span class='ocrx_word' id='word_1_479' title='bbox 1788 3842 2018 3910; x_wconf 87' lang='lat' dir='ltr'><strong>quodam</strong></span> 
     </span>
    </p>
   </div>
   <div class='ocr_carea' id='block_1_73' title="bbox 454 3930 2019 4008">
    <p class='ocr_par' dir='ltr' id='par_1_73' title="bbox 454 3930 2019 4008">
     <span class='ocr_line' id='line_1_73' title="bbox 454 3930 2019 4008; baseline 0.006 -27"><span class='ocrx_word' id='word_1_480' title='bbox 454 3930 935 3998; x_wconf 88' lang='lat' dir='ltr'><strong>commorantibus,</strong></span> <span class='ocrx_word' id='word_1_481' title='bbox 999 3941 1190 4001; x_wconf 85' lang='lat' dir='ltr'><strong>captus</strong></span> <span class='ocrx_word' id='word_1_482' title='bbox 1267 3941 1350 3988; x_wconf 88' lang='lat' dir='ltr'><strong>est</strong></span> <span class='ocrx_word' id='word_1_483' title='bbox 1420 3933 1507 3989; x_wconf 87' lang='lat' dir='ltr'><strong>vir</strong></span> <span class='ocrx_word' id='word_1_484' title='bbox 1566 3932 1788 4008; x_wconf 89' lang='lat' dir='ltr'><strong>Scytha,</strong></span> <span class='ocrx_word' id='word_1_485' title='bbox 1843 3937 1934 4006; x_wconf 89' lang='lat' dir='ltr'><strong>qui</strong></span> <span class='ocrx_word' id='word_1_486' title='bbox 1988 3950 2019 3991; x_wconf 86' lang='lat' dir='ltr'><strong>a</strong></span> 
     </span>
    </p>
   </div>
   <div class='ocr_carea' id='block_1_74' title="bbox 456 4019 2018 4095">
    <p class='ocr_par' dir='ltr' id='par_1_74' title="bbox 456 4019 2018 4095">
     <span class='ocr_line' id='line_1_74' title="bbox 456 4019 2018 4095; baseline 0.004 -23"><span class='ocrx_word' id='word_1_487' title='bbox 456 4019 712 4075; x_wconf 81' lang='lat' dir='ltr'><strong>Romanis</strong></span> <span class='ocrx_word' id='word_1_488' title='bbox 743 4019 1060 4088; x_wconf 84' lang='lat' dir='ltr'><strong>explorandi</strong></span> <span class='ocrx_word' id='word_1_489' title='bbox 1109 4021 1282 4092; x_wconf 74' lang='lat' dir='ltr'><strong>gratia</strong></span> <span class='ocrx_word' id='word_1_490' title='bbox 1314 4023 1371 4077; x_wconf 91' lang='lat' dir='ltr'><strong>in</strong></span> <span class='ocrx_word' id='word_1_491' title='bbox 1401 4022 1696 4079; x_wconf 85' lang='lat' dir='ltr'><strong>barbaram</strong></span> <span class='ocrx_word' id='word_1_492' title='bbox 1744 4026 2018 4095; x_wconf 74' lang='lat' dir='ltr'><strong>regionem</strong></span> 
     </span>
    </p>
   </div>
   <div class='ocr_carea' id='block_1_75' title="bbox 462 4109 2019 4183">
    <p class='ocr_par' dir='ltr' id='par_1_75' title="bbox 462 4109 2019 4183">
     <span class='ocr_line' id='line_1_75' title="bbox 462 4109 2019 4183; baseline 0.004 -19"><span class='ocrx_word' id='word_1_493' title='bbox 462 4109 847 4174; x_wconf 86' lang='lat' dir='ltr'><strong>deseenderat,</strong></span> <span class='ocrx_word' id='word_1_494' title='bbox 870 4125 1029 4180; x_wconf 89' lang='lat' dir='ltr'><strong>quem</strong></span> <span class='ocrx_word' id='word_1_495' title='bbox 1068 4113 1248 4168; x_wconf 91' lang='lat' dir='ltr'><strong>crucis</strong></span> <span class='ocrx_word' id='word_1_496' title='bbox 1295 4114 1563 4183; x_wconf 88' lang='lat' dir='ltr'><strong>supplicio</strong></span> <span class='ocrx_word' id='word_1_497' title='bbox 1615 4114 1758 4170; x_wconf 80' lang='lat' dir='ltr'><strong>afﬁci</strong></span> <span class='ocrx_word' id='word_1_498' title='bbox 1824 4116 2019 4171; x_wconf 84' lang='lat' dir='ltr'><strong>Attilas</strong></span> 
     </span>
    </p>
   </div>
   <div class='ocr_carea' id='block_1_76' title="bbox 455 4200 2020 4277">
    <p class='ocr_par' dir='ltr' id='par_1_76' title="bbox 455 4200 2020 4277">
     <span class='ocr_line' id='line_1_76' title="bbox 455 4200 2020 4277; baseline 0.006 -24"><span class='ocrx_word' id='word_1_499' title='bbox 455 4202 729 4270; x_wconf 66' lang='lat' dir='ltr'><strong>praecepit.</strong></span> <span class='ocrx_word' id='word_1_500' title='bbox 769 4200 1042 4258; x_wconf 89' lang='lat' dir='ltr'><strong>Postridie</strong></span> <span class='ocrx_word' id='word_1_501' title='bbox 1060 4204 1225 4259; x_wconf 90' lang='lat' dir='ltr'><strong>etiam</strong></span> <span class='ocrx_word' id='word_1_502' title='bbox 1259 4206 1383 4259; x_wconf 92' lang='lat' dir='ltr'><strong>dum</strong></span> <span class='ocrx_word' id='word_1_503' title='bbox 1417 4222 1513 4275; x_wconf 89' lang='lat' dir='ltr'><strong>per</strong></span> <span class='ocrx_word' id='word_1_504' title='bbox 1539 4207 1675 4263; x_wconf 88' lang='lat' dir='ltr'><strong>alios</strong></span> <span class='ocrx_word' id='word_1_505' title='bbox 1706 4209 1853 4262; x_wconf 82' lang='lat' dir='ltr'><strong>vicos</strong></span> <span class='ocrx_word' id='word_1_506' title='bbox 1892 4223 2020 4277; x_wconf 85' lang='lat' dir='ltr'><strong>pro-</strong></span> 
     </span>
    </p>
   </div>
   <div class='ocr_carea' id='block_1_77' title="bbox 453 4293 2015 4371">
    <p class='ocr_par' dir='ltr' id='par_1_77' title="bbox 453 4293 2015 4371">
     <span class='ocr_line' id='line_1_77' title="bbox 453 4293 2015 4371; baseline 0.005 -25"><span class='ocrx_word' id='word_1_507' title='bbox 453 4293 975 4363; x_wconf 77' lang='lat' dir='ltr'><strong>grederemur,duo,</strong></span> <span class='ocrx_word' id='word_1_508' title='bbox 1034 4297 1126 4365; x_wconf 90' lang='lat' dir='ltr'><strong>qui</strong></span> <span class='ocrx_word' id='word_1_509' title='bbox 1195 4298 1336 4366; x_wconf 84' lang='lat' dir='ltr'><strong>apud</strong></span> <span class='ocrx_word' id='word_1_510' title='bbox 1398 4299 1627 4371; x_wconf 85' lang='lat' dir='ltr'><strong>Scythas</strong></span> <span class='ocrx_word' id='word_1_511' title='bbox 1686 4302 2015 4366; x_wconf 84' lang='lat' dir='ltr'><strong>serviebant,</strong></span> 
     </span>
    </p>
   </div>
   <div class='ocr_carea' id='block_1_78' title="bbox 455 4385 2013 4461">
    <p class='ocr_par' dir='ltr' id='par_1_78' title="bbox 455 4385 2013 4461">
     <span class='ocr_line' id='line_1_78' title="bbox 455 4385 2013 4461; baseline 0.008 -24"><span class='ocrx_word' id='word_1_512' title='bbox 455 4385 703 4440; x_wconf 88' lang='lat' dir='ltr'><strong>manibus</strong></span> <span class='ocrx_word' id='word_1_513' title='bbox 735 4385 900 4440; x_wconf 85' lang='lat' dir='ltr'><strong>vincti</strong></span> <span class='ocrx_word' id='word_1_514' title='bbox 927 4395 1050 4456; x_wconf 88' lang='lat' dir='ltr'><strong>post</strong></span> <span class='ocrx_word' id='word_1_515' title='bbox 1080 4396 1228 4459; x_wconf 78' lang='lat' dir='ltr'><strong>terga</strong></span> <span class='ocrx_word' id='word_1_516' title='bbox 1290 4390 1665 4453; x_wconf 86' lang='lat' dir='ltr'><strong>trahebantur,</strong></span> <span class='ocrx_word' id='word_1_517' title='bbox 1721 4395 1866 4461; x_wconf 92' lang='lat' dir='ltr'><strong>quod</strong></span> <span class='ocrx_word' id='word_1_518' title='bbox 1911 4397 2013 4461; x_wconf 89' lang='lat' dir='ltr'><strong>his,</strong></span> 
     </span>
    </p>
   </div>
   <div class='ocr_carea' id='block_1_79' title="bbox 2122 3190 2283 3261">
    <p class='ocr_par' dir='ltr' id='par_1_79' title="bbox 2122 3190 2283 3261">
     <span class='ocr_line' id='line_1_79' title="bbox 2122 3190 2283 3261; baseline 0.006 -18"><span class='ocrx_word' id='word_1_519' title='bbox 2122 3190 2283 3261; x_wconf 81' lang='grc' dir='ltr'>γυνή.</span> 
     </span>
    </p>
   </div>
   <div class='ocr_carea' id='block_1_80' title="bbox 2187 3280 3690 3353">
    <p class='ocr_par' dir='ltr' id='par_1_80' title="bbox 2187 3280 3690 3353">
     <span class='ocr_line' id='line_1_80' title="bbox 2187 3280 3690 3353; baseline -0.001 -17"><span class='ocrx_word' id='word_1_520' title='bbox 2187 3282 2294 3336; x_wconf 83' lang='grc' dir='ltr'><strong>Τοῦ</strong></span> <span class='ocrx_word' id='word_1_521' title='bbox 2334 3280 2391 3335; x_wconf 82' lang='grc' dir='ltr'>δὲ</span> <span class='ocrx_word' id='word_1_522' title='bbox 2422 3282 2722 3351; x_wconf 77' lang='grc' dir='ltr'>συμποσίου</span> <span class='ocrx_word' id='word_1_523' title='bbox 2773 3281 3175 3347; x_wconf 77' lang='grc' dir='ltr'>ὑπεξελθόντες,</span> <span class='ocrx_word' id='word_1_524' title='bbox 3217 3281 3356 3351; x_wconf 80' lang='grc' dir='ltr'>μετὰ</span> <span class='ocrx_word' id='word_1_525' title='bbox 3394 3281 3492 3353; x_wconf 72' lang='grc' dir='ltr'>τὴν</span> <span class='ocrx_word' id='word_1_526' title='bbox 3514 3281 3690 3336; x_wconf 83' lang='grc' dir='ltr'>νύκτα</span> 
     </span>
    </p>
   </div>
   <div class='ocr_carea' id='block_1_81' title="bbox 2118 3372 3693 3445">
    <p class='ocr_par' dir='ltr' id='par_1_81' title="bbox 2118 3372 3693 3445">
     <span class='ocr_line' id='line_1_81' title="bbox 2118 3372 3693 3445; baseline 0.001 -20"><span class='ocrx_word' id='word_1_527' title='bbox 2118 3373 2342 3444; x_wconf 75' lang='grc' dir='ltr'>ἡμερῶν</span> <span class='ocrx_word' id='word_1_528' title='bbox 2378 3373 2778 3445; x_wconf 80' lang='grc' dir='ltr'>διαγενομένων</span> <span class='ocrx_word' id='word_1_529' title='bbox 2831 3374 3024 3444; x_wconf 84' lang='grc' dir='ltr'>τριῶν,</span> <span class='ocrx_word' id='word_1_530' title='bbox 3083 3372 3440 3445; x_wconf 85' lang='grc' dir='ltr'>διηφείθημεν</span> <span class='ocrx_word' id='word_1_531' title='bbox 3493 3372 3693 3443; x_wconf 81' lang='grc' dir='ltr'>δώροις</span> 
     </span>
    </p>
   </div>
   <div class='ocr_carea' id='block_1_82' title="bbox 2118 3465 3691 3543">
    <p class='ocr_par' dir='ltr' id='par_1_82' title="bbox 2118 3465 3691 3543">
     <span class='ocr_line' id='line_1_82' title="bbox 2118 3465 3691 3543; baseline 0.001 -25"><span class='ocrx_word' id='word_1_532' title='bbox 2118 3466 2231 3526; x_wconf 85' lang='grc' dir='ltr'>τοῖς</span> <span class='ocrx_word' id='word_1_533' title='bbox 2280 3465 2617 3534; x_wconf 86' lang='grc' dir='ltr'>προσήκουσι</span> <span class='ocrx_word' id='word_1_534' title='bbox 2666 3465 3008 3536; x_wconf 77' lang='grc' dir='ltr'>τιμηθέντεςο</span> <span class='ocrx_word' id='word_1_535' title='bbox 3058 3465 3272 3534; x_wconf 67' lang='grc' dir='ltr'>ἔπεμπε</span> <span class='ocrx_word' id='word_1_536' title='bbox 3338 3466 3396 3519; x_wconf 85' lang='grc' dir='ltr'>δὲ</span> <span class='ocrx_word' id='word_1_537' title='bbox 3438 3465 3691 3543; x_wconf 75' lang='grc' dir='ltr'>όἋττή-</span> 
     </span>
    </p>
   </div>
   <div class='ocr_carea' id='block_1_83' title="bbox 2118 3555 3692 3629">
    <p class='ocr_par' dir='ltr' id='par_1_83' title="bbox 2118 3555 3692 3629">
     <span class='ocr_line' id='line_1_83' title="bbox 2118 3555 3692 3629; baseline 0.002 -21"><span class='ocrx_word' id='word_1_538' title='bbox 2118 3555 2216 3617; x_wconf 89' lang='grc' dir='ltr'><strong>λας</strong></span> <span class='ocrx_word' id='word_1_539' title='bbox 2250 3555 2344 3608; x_wconf 76' lang='grc' dir='ltr'>καὶ</span> <span class='ocrx_word' id='word_1_540' title='bbox 2377 3556 2601 3627; x_wconf 80' lang='grc' dir='ltr'>Βέριχον</span> <span class='ocrx_word' id='word_1_541' title='bbox 2630 3556 2720 3610; x_wconf 78' lang='grc' dir='ltr'><strong>τὸν</strong></span> <span class='ocrx_word' id='word_1_542' title='bbox 2768 3558 2927 3628; x_wconf 76' lang='grc' dir='ltr'>ἡμῶν</span> <span class='ocrx_word' id='word_1_543' title='bbox 2957 3559 3016 3611; x_wconf 82' lang='grc' dir='ltr'>ὲν</span> <span class='ocrx_word' id='word_1_544' title='bbox 3037 3556 3112 3628; x_wconf 83' lang='grc' dir='ltr'>τῷ</span> <span class='ocrx_word' id='word_1_545' title='bbox 3136 3557 3419 3628; x_wconf 78' lang='grc' dir='ltr'>συμποσίῳ</span> <span class='ocrx_word' id='word_1_546' title='bbox 3444 3559 3692 3629; x_wconf 83' lang='grc' dir='ltr'>προκαθ-</span> 
     </span>
    </p>
   </div>
   <div class='ocr_carea' id='block_1_84' title="bbox 2120 3646 3687 3721">
    <p class='ocr_par' dir='ltr' id='par_1_84' title="bbox 2120 3646 3687 3721">
     <span class='ocr_line' id='line_1_84' title="bbox 2120 3646 3687 3721; baseline 0.001 -22"><span class='ocrx_word' id='word_1_547' title='bbox 2120 3646 2347 3700; x_wconf 84' lang='grc' dir='ltr'>εσθέντα</span> <span class='ocrx_word' id='word_1_548' title='bbox 2372 3686 2387 3712; x_wconf 92' lang='grc'><strong>,</strong></span> <span class='ocrx_word' id='word_1_549' title='bbox 2418 3647 2607 3721; x_wconf 5' lang='grc' dir='ltr'>,ἄνδρα</span> <span class='ocrx_word' id='word_1_550' title='bbox 2670 3649 2777 3702; x_wconf 89' lang='grc' dir='ltr'><strong>τῶν</strong></span> <span class='ocrx_word' id='word_1_551' title='bbox 2833 3648 3071 3717; x_wconf 84' lang='grc' dir='ltr'>λογάδων</span> <span class='ocrx_word' id='word_1_552' title='bbox 3121 3648 3216 3703; x_wconf 81' lang='grc' dir='ltr'>καὶ</span> <span class='ocrx_word' id='word_1_553' title='bbox 3267 3648 3477 3703; x_wconf 79' lang='grc' dir='ltr'>πολλῶν</span> <span class='ocrx_word' id='word_1_554' title='bbox 3512 3652 3570 3703; x_wconf 77' lang='grc' dir='ltr'>ὲν</span> <span class='ocrx_word' id='word_1_555' title='bbox 3619 3652 3687 3721; x_wconf 82' lang='grc' dir='ltr'>τῇ</span> 
     </span>
    </p>
   </div>
   <div class='ocr_carea' id='block_1_85' title="bbox 2120 3720 3691 3814">
    <p class='ocr_par' dir='ltr' id='par_1_85' title="bbox 2120 3720 3691 3814">
     <span class='ocr_line' id='line_1_85' title="bbox 2120 3720 3691 3814; baseline 0.001 -21"><span class='ocrx_word' id='word_1_556' title='bbox 2120 3739 2359 3810; x_wconf 87' lang='grc' dir='ltr'>Σκυθικῇ</span> <span class='ocrx_word' id='word_1_557' title='bbox 2415 3720 2623 3810; x_wconf 70' lang='grc' dir='ltr'><strong>⁸κωμῶν</strong></span> <span class='ocrx_word' id='word_1_558' title='bbox 2671 3741 2929 3811; x_wconf 77' lang='grc' dir='ltr'>ἄρχοντα,</span> <span class='ocrx_word' id='word_1_559' title='bbox 2958 3742 3108 3812; x_wconf 86' lang='grc' dir='ltr'><strong>παρά</strong></span> <span class='ocrx_word' id='word_1_560' title='bbox 3164 3741 3390 3810; x_wconf 84' lang='grc' dir='ltr'>βασιλέα</span> <span class='ocrx_word' id='word_1_561' title='bbox 3418 3742 3691 3814; x_wconf 76' lang='grc' dir='ltr'>πρεσϐευο</span> 
     </span>
    </p>
   </div>
   <div class='ocr_carea' id='block_1_86' title="bbox 2122 3827 3692 3904">
    <p class='ocr_par' dir='ltr' id='par_1_86' title="bbox 2122 3827 3692 3904">
     <span class='ocr_line' id='line_1_86' title="bbox 2122 3827 3692 3904; baseline 0 -18"><span class='ocrx_word' id='word_1_562' title='bbox 2122 3832 2369 3903; x_wconf 85' lang='grc' dir='ltr'>σόμενον.</span> <span class='ocrx_word' id='word_1_563' title='bbox 2412 3831 2585 3896; x_wconf 83' lang='grc' dir='ltr'>ἄλλως</span> <span class='ocrx_word' id='word_1_564' title='bbox 2616 3849 2677 3886; x_wconf 88' lang='grc' dir='ltr'><strong>τε</strong></span> <span class='ocrx_word' id='word_1_565' title='bbox 2724 3835 2818 3887; x_wconf 74' lang='grc' dir='ltr'>καὶ</span> <span class='ocrx_word' id='word_1_566' title='bbox 2868 3832 3028 3886; x_wconf 75' lang='grc' dir='ltr'>αὐτὸν</span> <span class='ocrx_word' id='word_1_567' title='bbox 3058 3827 3147 3886; x_wconf 81' lang='grc' dir='ltr'>οἶα</span> <span class='ocrx_word' id='word_1_568' title='bbox 3175 3833 3239 3903; x_wconf 83' lang='grc' dir='ltr'>δὴ</span> <span class='ocrx_word' id='word_1_569' title='bbox 3271 3833 3515 3903; x_wconf 84' lang='grc' dir='ltr'>πρέσϐυν</span> <span class='ocrx_word' id='word_1_570' title='bbox 3538 3836 3692 3904; x_wconf 71' lang='grc' dir='ltr'>παρὰ</span> 
     </span>
    </p>
   </div>
   <div class='ocr_carea' id='block_1_87' title="bbox 2131 3924 3690 3997">
    <p class='ocr_par' dir='ltr' id='par_1_87' title="bbox 2131 3924 3690 3997">
     <span class='ocr_line' id='line_1_87' title="bbox 2131 3924 3690 3997; baseline 0.001 -21"><span class='ocrx_word' id='word_1_571' title='bbox 2131 3924 2418 3993; x_wconf 87' lang='grc' dir='ltr'>Ῥωμαίων</span> <span class='ocrx_word' id='word_1_572' title='bbox 2456 3925 2729 3993; x_wconf 80' lang='grc' dir='ltr'>δέξασθαι.</span> <span class='ocrx_word' id='word_1_573' title='bbox 2792 3926 3137 3996; x_wconf 85' lang='grc' dir='ltr'>Ποιουμένων</span> <span class='ocrx_word' id='word_1_574' title='bbox 3157 3926 3212 3979; x_wconf 80' lang='grc' dir='ltr'>δὲ</span> <span class='ocrx_word' id='word_1_575' title='bbox 3262 3926 3419 3996; x_wconf 76' lang='grc' dir='ltr'>ἡμῶν</span> <span class='ocrx_word' id='word_1_576' title='bbox 3456 3926 3557 3997; x_wconf 73' lang='grc' dir='ltr'><strong>τὴν</strong></span> <span class='ocrx_word' id='word_1_577' title='bbox 3584 3942 3690 3978; x_wconf 80' lang='grc' dir='ltr'>πο-</span> 
     </span>
    </p>
   </div>
   <div class='ocr_carea' id='block_1_88' title="bbox 2126 4017 3692 4090">
    <p class='ocr_par' dir='ltr' id='par_1_88' title="bbox 2126 4017 3692 4090">
     <span class='ocr_line' id='line_1_88' title="bbox 2126 4017 3692 4090; baseline 0.001 -22"><span class='ocrx_word' id='word_1_578' title='bbox 2126 4017 2276 4085; x_wconf 83' lang='grc' dir='ltr'>ρείαν</span> <span class='ocrx_word' id='word_1_579' title='bbox 2303 4018 2396 4071; x_wconf 81' lang='grc' dir='ltr'>καὶ</span> <span class='ocrx_word' id='word_1_580' title='bbox 2446 4018 2582 4089; x_wconf 82' lang='grc' dir='ltr'>πρὸς</span> <span class='ocrx_word' id='word_1_581' title='bbox 2610 4018 2771 4090; x_wconf 84' lang='grc' dir='ltr'>κώμῃ</span> <span class='ocrx_word' id='word_1_582' title='bbox 2805 4019 3224 4072; x_wconf 81' lang='grc' dir='ltr'>καταλυσάντων</span> <span class='ocrx_word' id='word_1_583' title='bbox 3248 4019 3376 4083; x_wconf 72' lang='grc' dir='ltr'>τινὶ,</span> <span class='ocrx_word' id='word_1_584' title='bbox 3404 4019 3520 4089; x_wconf 76' lang='grc' dir='ltr'>ἥλω</span> <span class='ocrx_word' id='word_1_585' title='bbox 3550 4018 3692 4071; x_wconf 83' lang='grc' dir='ltr'>Σκύ-</span> 
     </span>
    </p>
   </div>
   <div class='ocr_carea' id='block_1_89' title="bbox 2121 4106 3691 4179">
    <p class='ocr_par' dir='ltr' id='par_1_89' title="bbox 2121 4106 3691 4179">
     <span class='ocr_line' id='line_1_89' title="bbox 2121 4106 3691 4179; baseline 0.003 -23"><span class='ocrx_word' id='word_1_586' title='bbox 2121 4107 2220 4177; x_wconf 74' lang='grc' dir='ltr'>θης</span> <span class='ocrx_word' id='word_1_587' title='bbox 2271 4107 2412 4178; x_wconf 84' lang='grc' dir='ltr'>ἀνὴρ</span> <span class='ocrx_word' id='word_1_588' title='bbox 2452 4109 2804 4177; x_wconf 83' lang='grc' dir='ltr'>κατασκοπῆς</span> <span class='ocrx_word' id='word_1_589' title='bbox 2843 4108 3006 4162; x_wconf 71' lang='grc' dir='ltr'>ἕνεκα</span> <span class='ocrx_word' id='word_1_590' title='bbox 3038 4110 3103 4161; x_wconf 80' lang='grc' dir='ltr'>ἐκ</span> <span class='ocrx_word' id='word_1_591' title='bbox 3140 4109 3240 4179; x_wconf 83' lang='grc' dir='ltr'>τῆς</span> <span class='ocrx_word' id='word_1_592' title='bbox 3308 4106 3600 4177; x_wconf 82' lang='grc' dir='ltr'>Ῥωμαίων</span> <span class='ocrx_word' id='word_1_593' title='bbox 3629 4110 3691 4172; x_wconf 65' lang='grc' dir='ltr'>ἐς</span> 
     </span>
    </p>
   </div>
   <div class='ocr_carea' id='block_1_90' title="bbox 2119 4198 3692 4272">
    <p class='ocr_par' dir='ltr' id='par_1_90' title="bbox 2119 4198 3692 4272">
     <span class='ocr_line' id='line_1_90' title="bbox 2119 4198 3692 4272; baseline -0.001 -18"><span class='ocrx_word' id='word_1_594' title='bbox 2119 4201 2216 4272; x_wconf 80' lang='grc' dir='ltr'>τὴν</span> <span class='ocrx_word' id='word_1_595' title='bbox 2255 4200 2527 4272; x_wconf 87' lang='grc' dir='ltr'>βάρϐαρον</span> <span class='ocrx_word' id='word_1_596' title='bbox 2584 4199 2923 4270; x_wconf 84' lang='grc' dir='ltr'>διαϐεϐηκὼς</span> <span class='ocrx_word' id='word_1_597' title='bbox 2975 4200 3178 4272; x_wconf 88' lang='grc' dir='ltr'>χώραν·</span> <span class='ocrx_word' id='word_1_598' title='bbox 3237 4201 3330 4254; x_wconf 78' lang='grc' dir='ltr'>καὶ</span> <span class='ocrx_word' id='word_1_599' title='bbox 3368 4198 3531 4255; x_wconf 76' lang='grc' dir='ltr'>αὐτὸν</span> <span class='ocrx_word' id='word_1_600' title='bbox 3572 4199 3692 4252; x_wconf 79' lang='grc' dir='ltr'><strong>Ἀτ-</strong></span> 
     </span>
    </p>
   </div>
   <div class='ocr_carea' id='block_1_91' title="bbox 2120 4290 3689 4362">
    <p class='ocr_par' dir='ltr' id='par_1_91' title="bbox 2120 4290 3689 4362">
     <span class='ocr_line' id='line_1_91' title="bbox 2120 4290 3689 4362; baseline -0.001 -17"><span class='ocrx_word' id='word_1_601' title='bbox 2120 4292 2284 4361; x_wconf 84' lang='grc' dir='ltr'>τήλας</span> <span class='ocrx_word' id='word_1_602' title='bbox 2319 4290 2848 4361; x_wconf 80' lang='grc' dir='ltr'>ἀνασκολοπισθῆναι</span> <span class='ocrx_word' id='word_1_603' title='bbox 2888 4292 3349 4362; x_wconf 82' lang='grc' dir='ltr'>παρεκελεύσατο.</span> <span class='ocrx_word' id='word_1_604' title='bbox 3375 4292 3453 4361; x_wconf 76' lang='grc' dir='ltr'><strong>Τῇ</strong></span> <span class='ocrx_word' id='word_1_605' title='bbox 3478 4292 3537 4344; x_wconf 77' lang='grc' dir='ltr'>δὲ</span> <span class='ocrx_word' id='word_1_606' title='bbox 3560 4292 3689 4345; x_wconf 75' lang='grc' dir='ltr'>ἑπι-</span> 
     </span>
    </p>
   </div>
   <div class='ocr_carea' id='block_1_92' title="bbox 2119 4382 3686 4456">
    <p class='ocr_par' dir='ltr' id='par_1_92' title="bbox 2119 4382 3686 4456">
     <span class='ocr_line' id='line_1_92' title="bbox 2119 4382 3686 4456; baseline -0.001 -20"><span class='ocrx_word' id='word_1_607' title='bbox 2119 4383 2253 4456; x_wconf 76' lang='grc' dir='ltr'>ούσῃ</span> <span class='ocrx_word' id='word_1_608' title='bbox 2282 4383 2349 4436; x_wconf 84' lang='grc' dir='ltr'>δι’</span> <span class='ocrx_word' id='word_1_609' title='bbox 2396 4384 2596 4452; x_wconf 78' lang='grc' dir='ltr'>ἑτέρων</span> <span class='ocrx_word' id='word_1_610' title='bbox 2655 4382 2857 4451; x_wconf 87' lang='grc' dir='ltr'>κωμῶν</span> <span class='ocrx_word' id='word_1_611' title='bbox 2915 4384 3301 4453; x_wconf 86' lang='grc' dir='ltr'>πορευομένων</span> <span class='ocrx_word' id='word_1_612' title='bbox 3359 4383 3540 4453; x_wconf 66' lang='grc' dir='ltr'><strong>⁴ἡμῶν,</strong></span> <span class='ocrx_word' id='word_1_613' title='bbox 3585 4382 3686 4435; x_wconf 82' lang='grc' dir='ltr'>ἀν-</span> 
     </span>
    </p>
   </div>
   <div class='ocr_carea' id='block_1_93' title="bbox 452 4474 2015 4549">
    <p class='ocr_par' dir='ltr' id='par_1_93' title="bbox 452 4474 2009 4549">
     <span class='ocr_line' id='line_1_93' title="bbox 452 4474 2009 4549; baseline 0.01 -22"><span class='ocrx_word' id='word_1_614' title='bbox 452 4488 590 4541; x_wconf 82' lang='lat' dir='ltr'><strong>quos</strong></span> <span class='ocrx_word' id='word_1_615' title='bbox 610 4474 732 4530; x_wconf 89' lang='lat' dir='ltr'><strong>belli</strong></span> <span class='ocrx_word' id='word_1_616' title='bbox 757 4489 917 4531; x_wconf 88' lang='lat' dir='ltr'><strong>casus</strong></span> <span class='ocrx_word' id='word_1_617' title='bbox 939 4476 1187 4532; x_wconf 89' lang='lat' dir='ltr'><strong>dominos</strong></span> <span class='ocrx_word' id='word_1_618' title='bbox 1211 4477 1449 4544; x_wconf 79' lang='lat' dir='ltr'><strong>fecisset,</strong></span> <span class='ocrx_word' id='word_1_619' title='bbox 1477 4482 1641 4534; x_wconf 88' lang='lat' dir='ltr'><strong>vitam</strong></span> <span class='ocrx_word' id='word_1_620' title='bbox 1663 4482 2009 4549; x_wconf 83' lang='lat' dir='ltr'><strong>eripuissent.</strong></span> 
     </span>
    </p>
   </div>
   <div class='ocr_carea' id='block_1_94' title="bbox 2118 4474 3684 4549">
    <p class='ocr_par' dir='ltr' id='par_1_94' title="bbox 2118 4474 3684 4545">
     <span class='ocr_line' id='line_1_94' title="bbox 2118 4474 3684 4545; baseline -0.002 -17"><span class='ocrx_word' id='word_1_621' title='bbox 2118 4475 2237 4545; x_wconf 83' lang='grc' dir='ltr'>δρες</span> <span class='ocrx_word' id='word_1_622' title='bbox 2285 4474 2379 4528; x_wconf 90' lang='grc' dir='ltr'><strong>δύο</strong></span> <span class='ocrx_word' id='word_1_623' title='bbox 2421 4474 2528 4526; x_wconf 89' lang='grc' dir='ltr'><strong>τῶν</strong></span> <span class='ocrx_word' id='word_1_624' title='bbox 2580 4474 2729 4543; x_wconf 84' lang='grc' dir='ltr'><strong>παρά</strong></span> <span class='ocrx_word' id='word_1_625' title='bbox 2775 4474 3010 4537; x_wconf 80' lang='grc' dir='ltr'>Σκύθαις</span> <span class='ocrx_word' id='word_1_626' title='bbox 3048 4474 3404 4528; x_wconf 84' lang='grc' dir='ltr'>δουλευόντων</span> <span class='ocrx_word' id='word_1_627' title='bbox 3467 4474 3684 4544; x_wconf 72' lang='grc' dir='ltr'>ἢγοντο,</span> 
     </span>
    </p>
   </div>
   <div class='ocr_carea' id='block_1_95' title="bbox 452 4563 2019 4646">
    <p class='ocr_par' dir='ltr' id='par_1_95' title="bbox 452 4563 2019 4646">
     <span class='ocr_line' id='line_1_95' title="bbox 452 4563 2019 4646; baseline 0.008 -30"><span class='ocrx_word' id='word_1_628' title='bbox 452 4563 584 4629; x_wconf 83' lang='lat' dir='ltr'><strong>llos,</strong></span> <span class='ocrx_word' id='word_1_629' title='bbox 628 4565 888 4620; x_wconf 79' lang='lat' dir='ltr'><strong>immissis</strong></span> <span class='ocrx_word' id='word_1_630' title='bbox 912 4566 1053 4621; x_wconf 88' lang='lat' dir='ltr'><strong>inter</strong></span> <span class='ocrx_word' id='word_1_631' title='bbox 1080 4566 1186 4621; x_wconf 92' lang='lat' dir='ltr'><strong>duo</strong></span> <span class='ocrx_word' id='word_1_632' title='bbox 1225 4567 1367 4636; x_wconf 75' lang='lat' dir='ltr'><strong>ligna</strong></span> <span class='ocrx_word' id='word_1_633' title='bbox 1425 4569 1577 4624; x_wconf 84' lang='lat' dir='ltr'><strong>uncis</strong></span> <span class='ocrx_word' id='word_1_634' title='bbox 1628 4573 1851 4639; x_wconf 67' lang='lat' dir='ltr'><strong>praedita</strong></span> <span class='ocrx_word' id='word_1_635' title='bbox 1911 4576 2019 4646; x_wconf 81' lang='lat' dir='ltr'><strong>7o</strong></span> 
     </span>
    </p>
   </div>
   <div class='ocr_carea' id='block_1_96' title="bbox 452 4654 2019 4738">
    <p class='ocr_par' dir='ltr' id='par_1_96' title="bbox 452 4654 2019 4738">
     <span class='ocr_line' id='line_1_96' title="bbox 452 4654 2019 4738; baseline 0.011 -31"><span class='ocrx_word' id='word_1_636' title='bbox 452 4654 739 4724; x_wconf 86' lang='lat' dir='ltr'><strong>capitibus,</strong></span> <span class='ocrx_word' id='word_1_637' title='bbox 768 4658 821 4710; x_wconf 92' lang='lat' dir='ltr'><strong>in</strong></span> <span class='ocrx_word' id='word_1_638' title='bbox 853 4673 1017 4713; x_wconf 90' lang='lat' dir='ltr'><strong>cruce</strong></span> <span class='ocrx_word' id='word_1_639' title='bbox 1040 4669 1327 4714; x_wconf 85' lang='lat' dir='ltr'><strong>necarunt.</strong></span> <span class='ocrx_word' id='word_1_640' title='bbox 1358 4659 1623 4719; x_wconf 84' lang='lat' dir='ltr'><strong>Bericbus</strong></span> <span class='ocrx_word' id='word_1_641' title='bbox 1650 4680 1800 4731; x_wconf 89' lang='lat' dir='ltr'><strong>vero,</strong></span> <span class='ocrx_word' id='word_1_642' title='bbox 1844 4684 2019 4738; x_wconf 87' lang='lat' dir='ltr'><strong>quan-</strong></span> 
     </span>
    </p>
   </div>
   <div class='ocr_carea' id='block_1_97' title="bbox 453 4745 2018 4819">
    <p class='ocr_par' dir='ltr' id='par_1_97' title="bbox 453 4745 2018 4819">
     <span class='ocr_line' id='line_1_97' title="bbox 453 4745 2018 4819; baseline 0.009 -19"><span class='ocrx_word' id='word_1_643' title='bbox 453 4745 542 4800; x_wconf 84' lang='lat' dir='ltr'><strong>diu</strong></span> <span class='ocrx_word' id='word_1_644' title='bbox 581 4746 851 4816; x_wconf 88' lang='lat' dir='ltr'><strong>Scythiam</strong></span> <span class='ocrx_word' id='word_1_645' title='bbox 900 4752 1335 4819; x_wconf 78' lang='lat' dir='ltr'><strong>peragravlmus,</strong></span> <span class='ocrx_word' id='word_1_646' title='bbox 1370 4752 1559 4807; x_wconf 91' lang='lat' dir='ltr'><strong>eadem</strong></span> <span class='ocrx_word' id='word_1_647' title='bbox 1604 4755 1687 4809; x_wconf 90' lang='lat' dir='ltr'><strong>via</strong></span> <span class='ocrx_word' id='word_1_648' title='bbox 1740 4758 2018 4814; x_wconf 88' lang='lat' dir='ltr'><strong>nobiscum</strong></span> 
     </span>
    </p>
   </div>
   <div class='ocr_carea' id='block_1_98' title="bbox 454 4833 2019 4908">
    <p class='ocr_par' dir='ltr' id='par_1_98' title="bbox 454 4833 2019 4908">
     <span class='ocr_line' id='line_1_98' title="bbox 454 4833 2019 4908; baseline 0.012 -20"><span class='ocrx_word' id='word_1_649' title='bbox 454 4836 647 4904; x_wconf 83' lang='lat' dir='ltr'><strong>iverat,</strong></span> <span class='ocrx_word' id='word_1_650' title='bbox 678 4847 732 4892; x_wconf 88' lang='lat' dir='ltr'><strong>at</strong></span> <span class='ocrx_word' id='word_1_651' title='bbox 753 4839 992 4908; x_wconf 87' lang='lat' dir='ltr'><strong>placidus</strong></span> <span class='ocrx_word' id='word_1_652' title='bbox 1030 4833 1086 4896; x_wconf 80' lang='lat' dir='ltr'><strong>et</strong></span> <span class='ocrx_word' id='word_1_653' title='bbox 1113 4845 1322 4898; x_wconf 87' lang='lat' dir='ltr'><strong>amicus</strong></span> <span class='ocrx_word' id='word_1_654' title='bbox 1356 4845 1502 4900; x_wconf 82' lang='lat' dir='ltr'><strong>visus</strong></span> <span class='ocrx_word' id='word_1_655' title='bbox 1530 4855 1667 4902; x_wconf 88' lang='lat' dir='ltr'><strong>erat.</strong></span> <span class='ocrx_word' id='word_1_656' title='bbox 1723 4849 1795 4905; x_wconf 92' lang='lat' dir='ltr'><strong>Ut</strong></span> <span class='ocrx_word' id='word_1_657' title='bbox 1823 4848 2019 4907; x_wconf 77' lang='lat' dir='ltr'><strong>Istrum</strong></span> 
     </span>
    </p>
   </div>
   <div class='ocr_carea' id='block_1_99' title="bbox 453 4929 2011 5007">
    <p class='ocr_par' dir='ltr' id='par_1_99' title="bbox 453 4929 2011 5007">
     <span class='ocr_line' id='line_1_99' title="bbox 453 4929 2011 5007; baseline 0.008 -24"><span class='ocrx_word' id='word_1_658' title='bbox 453 4929 784 4999; x_wconf 74' lang='lat' dir='ltr'><strong>traiecimus.</strong></span> <span class='ocrx_word' id='word_1_659' title='bbox 865 4942 1084 5001; x_wconf 86' lang='lat' dir='ltr'><strong>propter</strong></span> <span class='ocrx_word' id='word_1_660' title='bbox 1170 4938 1429 5003; x_wconf 80' lang='lat' dir='ltr'><strong>quasdam</strong></span> <span class='ocrx_word' id='word_1_661' title='bbox 1505 4953 1676 4993; x_wconf 85' lang='lat' dir='ltr'><strong>vanas</strong></span> <span class='ocrx_word' id='word_1_662' title='bbox 1706 4956 1920 5007; x_wconf 85' lang='lat' dir='ltr'><strong>causas,</strong></span> <span class='ocrx_word' id='word_1_663' title='bbox 1981 4957 2011 4995; x_wconf 91' lang='lat' dir='ltr'><strong>a</strong></span> 
     </span>
    </p>
   </div>
   <div class='ocr_carea' id='block_1_100' title="bbox 452 5022 2017 5090">
    <p class='ocr_par' dir='ltr' id='par_1_100' title="bbox 452 5022 2017 5090">
     <span class='ocr_line' id='line_1_100' title="bbox 452 5022 2017 5090; baseline 0.008 -15"><span class='ocrx_word' id='word_1_664' title='bbox 452 5022 623 5076; x_wconf 81' lang='lat' dir='ltr'><strong>servis</strong></span> <span class='ocrx_word' id='word_1_665' title='bbox 679 5033 849 5090; x_wconf 85' lang='lat' dir='ltr'><strong>ortas,</strong></span> <span class='ocrx_word' id='word_1_666' title='bbox 903 5040 1000 5079; x_wconf 81' lang='lat' dir='ltr'><strong>nos</strong></span> <span class='ocrx_word' id='word_1_667' title='bbox 1068 5026 1415 5083; x_wconf 84' lang='lat' dir='ltr'><strong>inimicorum</strong></span> <span class='ocrx_word' id='word_1_668' title='bbox 1482 5030 1601 5086; x_wconf 88' lang='lat' dir='ltr'><strong>loco</strong></span> <span class='ocrx_word' id='word_1_669' title='bbox 1679 5033 1885 5087; x_wconf 83' lang='lat' dir='ltr'><strong>habuit.</strong></span> <span class='ocrx_word' id='word_1_670' title='bbox 1949 5035 2017 5089; x_wconf 87' lang='lat' dir='ltr'><strong>Et</strong></span> 
     </span>
    </p>
   </div>
   <div class='ocr_carea' id='block_1_101' title="bbox 453 5112 2015 5188">
    <p class='ocr_par' dir='ltr' id='par_1_101' title="bbox 453 5112 2015 5188">
     <span class='ocr_line' id='line_1_101' title="bbox 453 5112 2015 5188; baseline 0.009 -22"><span class='ocrx_word' id='word_1_671' title='bbox 453 5112 686 5181; x_wconf 89' lang='lat' dir='ltr'><strong>primum</strong></span> <span class='ocrx_word' id='word_1_672' title='bbox 746 5115 964 5184; x_wconf 81' lang='lat' dir='ltr'><strong>quidem</strong></span> <span class='ocrx_word' id='word_1_673' title='bbox 1020 5132 1240 5186; x_wconf 89' lang='lat' dir='ltr'><strong>equum,</strong></span> <span class='ocrx_word' id='word_1_674' title='bbox 1303 5136 1466 5188; x_wconf 88' lang='lat' dir='ltr'><strong>quem</strong></span> <span class='ocrx_word' id='word_1_675' title='bbox 1528 5122 1817 5178; x_wconf 73' lang='lat' dir='ltr'><strong>Maximino</strong></span> <span class='ocrx_word' id='word_1_676' title='bbox 1873 5127 2015 5180; x_wconf 89' lang='lat' dir='ltr'><strong>dono</strong></span> 
     </span>
    </p>
   </div>
   <div class='ocr_carea' id='block_1_102' title="bbox 451 5206 2012 5270">
    <p class='ocr_par' dir='ltr' id='par_1_102' title="bbox 451 5206 2012 5270">
     <span class='ocr_line' id='line_1_102' title="bbox 451 5206 2012 5270; baseline 0.005 -8"><span class='ocrx_word' id='word_1_677' title='bbox 451 5206 693 5270; x_wconf 76' lang='lat' dir='ltr'><strong>dederat,</strong></span> <span class='ocrx_word' id='word_1_678' title='bbox 753 5208 822 5261; x_wconf 81' lang='lat' dir='ltr'><strong>ad</strong></span> <span class='ocrx_word' id='word_1_679' title='bbox 866 5221 924 5262; x_wconf 90' lang='lat' dir='ltr'><strong>se</strong></span> <span class='ocrx_word' id='word_1_680' title='bbox 980 5211 1269 5264; x_wconf 85' lang='lat' dir='ltr'><strong>revocavit.</strong></span> <span class='ocrx_word' id='word_1_681' title='bbox 1326 5211 1535 5265; x_wconf 87' lang='lat' dir='ltr'><strong>Etenim</strong></span> <span class='ocrx_word' id='word_1_682' title='bbox 1589 5213 1785 5266; x_wconf 86' lang='lat' dir='ltr'><strong>Attilas</strong></span> <span class='ocrx_word' id='word_1_683' title='bbox 1821 5227 2012 5270; x_wconf 85' lang='lat' dir='ltr'><strong>omnes</strong></span> 
     </span>
    </p>
   </div>
   <div class='ocr_carea' id='block_1_103' title="bbox 453 5298 2007 5373">
    <p class='ocr_par' dir='ltr' id='par_1_103' title="bbox 453 5298 2007 5373">
     <span class='ocr_line' id='line_1_103' title="bbox 453 5298 2007 5373; baseline 0.003 -18"><span class='ocrx_word' id='word_1_684' title='bbox 453 5298 693 5370; x_wconf 65' lang='lat' dir='ltr'><strong>Scythiae</strong></span> <span class='ocrx_word' id='word_1_685' title='bbox 720 5298 1011 5368; x_wconf 84' lang='lat' dir='ltr'><strong>principes,</strong></span> <span class='ocrx_word' id='word_1_686' title='bbox 1047 5300 1140 5369; x_wconf 90' lang='lat' dir='ltr'><strong>qui</strong></span> <span class='ocrx_word' id='word_1_687' title='bbox 1196 5301 1250 5354; x_wconf 90' lang='lat' dir='ltr'><strong>in</strong></span> <span class='ocrx_word' id='word_1_688' title='bbox 1303 5302 1477 5371; x_wconf 85' lang='lat' dir='ltr'><strong>ipsius</strong></span> <span class='ocrx_word' id='word_1_689' title='bbox 1528 5303 1784 5357; x_wconf 88' lang='lat' dir='ltr'><strong>comitatu</strong></span> <span class='ocrx_word' id='word_1_690' title='bbox 1830 5314 2007 5373; x_wconf 87' lang='lat' dir='ltr'><strong>erant,</strong></span> 
     </span>
    </p>
   </div>
   <div class='ocr_carea' id='block_1_104' title="bbox 451 5383 2013 5465">
    <p class='ocr_par' dir='ltr' id='par_1_104' title="bbox 451 5383 2013 5465">
     <span class='ocr_line' id='line_1_104' title="bbox 451 5383 2013 5465; baseline 0.008 -26"><span class='ocrx_word' id='word_1_691' title='bbox 451 5386 609 5441; x_wconf 85' lang='lat' dir='ltr'><strong>donis</strong></span> <span class='ocrx_word' id='word_1_692' title='bbox 639 5383 991 5440; x_wconf 71' lang='lat' dir='ltr'><strong>Maximinum</strong></span> <span class='ocrx_word' id='word_1_693' title='bbox 1024 5402 1223 5443; x_wconf 88' lang='lat' dir='ltr'><strong>ornare</strong></span> <span class='ocrx_word' id='word_1_694' title='bbox 1271 5390 1530 5458; x_wconf 76' lang='lat' dir='ltr'><strong>iusserat,</strong></span> <span class='ocrx_word' id='word_1_695' title='bbox 1560 5400 1615 5446; x_wconf 88' lang='lat' dir='ltr'><strong>et</strong></span> <span class='ocrx_word' id='word_1_696' title='bbox 1644 5395 2013 5465; x_wconf 86' lang='lat' dir='ltr'><strong>unusquisque</strong></span> 
     </span>
    </p>
   </div>
   <div class='ocr_carea' id='block_1_105' title="bbox 452 5477 2008 5553">
    <p class='ocr_par' dir='ltr' id='par_1_105' title="bbox 452 5477 2008 5553">
     <span class='ocr_line' id='line_1_105' title="bbox 452 5477 2008 5553; baseline 0.009 -22"><span class='ocrx_word' id='word_1_697' title='bbox 452 5478 700 5534; x_wconf 75' lang='lat' dir='ltr'><strong>certatim</strong></span> <span class='ocrx_word' id='word_1_698' title='bbox 726 5477 800 5533; x_wconf 88' lang='lat' dir='ltr'><strong>illi</strong></span> <span class='ocrx_word' id='word_1_699' title='bbox 823 5494 1021 5549; x_wconf 88' lang='lat' dir='ltr'><strong>equum</strong></span> <span class='ocrx_word' id='word_1_700' title='bbox 1048 5479 1292 5547; x_wconf 84' lang='lat' dir='ltr'><strong>miserat,</strong></span> <span class='ocrx_word' id='word_1_701' title='bbox 1320 5480 1462 5537; x_wconf 88' lang='lat' dir='ltr'><strong>inter</strong></span> <span class='ocrx_word' id='word_1_702' title='bbox 1484 5498 1623 5553; x_wconf 88' lang='lat' dir='ltr'><strong>quos</strong></span> <span class='ocrx_word' id='word_1_703' title='bbox 1646 5494 1701 5539; x_wconf 92' lang='lat' dir='ltr'><strong>et</strong></span> <span class='ocrx_word' id='word_1_704' title='bbox 1724 5485 2008 5545; x_wconf 87' lang='lat' dir='ltr'><strong>Berichus.</strong></span> 
     </span>
    </p>
   </div>
   <div class='ocr_carea' id='block_1_106' title="bbox 2114 4564 3688 4637">
    <p class='ocr_par' dir='ltr' id='par_1_106' title="bbox 2114 4564 3688 4637">
     <span class='ocr_line' id='line_1_106' title="bbox 2114 4564 3688 4637; baseline -0.001 -17"><span class='ocrx_word' id='word_1_705' title='bbox 2114 4568 2289 4620; x_wconf 80' lang='grc' dir='ltr'>ὀπίσω</span> <span class='ocrx_word' id='word_1_706' title='bbox 2316 4564 2395 4619; x_wconf 84' lang='grc' dir='ltr'>τὼ</span> <span class='ocrx_word' id='word_1_707' title='bbox 2446 4569 2591 4637; x_wconf 87' lang='grc' dir='ltr'>χεῖρε</span> <span class='ocrx_word' id='word_1_708' title='bbox 2630 4565 2923 4637; x_wconf 81' lang='grc' dir='ltr'>δεδεμένοι,</span> <span class='ocrx_word' id='word_1_709' title='bbox 2965 4568 3041 4630; x_wconf 82' lang='grc' dir='ltr'>ὡς</span> <span class='ocrx_word' id='word_1_710' title='bbox 3090 4568 3219 4631; x_wconf 83' lang='grc' dir='ltr'>τοὺς</span> <span class='ocrx_word' id='word_1_711' title='bbox 3253 4568 3394 4621; x_wconf 85' lang='grc' dir='ltr'><strong>κατά</strong></span> <span class='ocrx_word' id='word_1_712' title='bbox 3452 4567 3688 4636; x_wconf 82' lang='grc' dir='ltr'>πόλεμον</span> 
     </span>
    </p>
   </div>
   <div class='ocr_carea' id='block_1_107' title="bbox 2116 4658 3688 4728">
    <p class='ocr_par' dir='ltr' id='par_1_107' title="bbox 2116 4658 3688 4728">
     <span class='ocr_line' id='line_1_107' title="bbox 2116 4658 3688 4728; baseline -0.001 -16"><span class='ocrx_word' id='word_1_713' title='bbox 2116 4658 2400 4722; x_wconf 81' lang='grc' dir='ltr'>ἀνελόντες</span> <span class='ocrx_word' id='word_1_714' title='bbox 2454 4658 2745 4722; x_wconf 75' lang='grc' dir='ltr'>δεσπότας*</span> <span class='ocrx_word' id='word_1_715' title='bbox 2801 4659 2894 4713; x_wconf 79' lang='grc' dir='ltr'>καὶ</span> <span class='ocrx_word' id='word_1_716' title='bbox 2927 4659 3018 4711; x_wconf 73' lang='grc' dir='ltr'><strong>ἐπὶ</strong></span> <span class='ocrx_word' id='word_1_717' title='bbox 3043 4659 3216 4723; x_wconf 81' lang='grc' dir='ltr'>ξύλων</span> <span class='ocrx_word' id='word_1_718' title='bbox 3253 4658 3399 4712; x_wconf 84' lang='grc' dir='ltr'>δυοῖν</span> <span class='ocrx_word' id='word_1_719' title='bbox 3454 4659 3688 4728; x_wconf 84' lang='grc' dir='ltr'>κεραίας</span> 
     </span>
    </p>
   </div>
   <div class='ocr_carea' id='block_1_108' title="bbox 2116 4750 3688 4821">
    <p class='ocr_par' dir='ltr' id='par_1_108' title="bbox 2116 4750 3688 4821">
     <span class='ocr_line' id='line_1_108' title="bbox 2116 4750 3688 4821; baseline 0 -18"><span class='ocrx_word' id='word_1_720' title='bbox 2116 4750 2348 4820; x_wconf 70' lang='grc' dir='ltr'>ἑχόντων</span> <span class='ocrx_word' id='word_1_721' title='bbox 2379 4751 2579 4821; x_wconf 86' lang='grc' dir='ltr'>ἀμφοῖν</span> <span class='ocrx_word' id='word_1_722' title='bbox 2624 4750 2725 4813; x_wconf 75' lang='grc' dir='ltr'><strong>τὰς</strong></span> <span class='ocrx_word' id='word_1_723' title='bbox 2787 4750 3029 4818; x_wconf 87' lang='grc' dir='ltr'>κεφαλὰς</span> <span class='ocrx_word' id='word_1_724' title='bbox 3059 4750 3390 4819; x_wconf 76' lang='grc' dir='ltr'>ἐμϐαλόντες</span> <span class='ocrx_word' id='word_1_725' title='bbox 3423 4750 3688 4803; x_wconf 82' lang='grc' dir='ltr'>ἀνεσταύ-</span> 
     </span>
    </p>
   </div>
   <div class='ocr_carea' id='block_1_109' title="bbox 2120 4839 3689 4911">
    <p class='ocr_par' dir='ltr' id='par_1_109' title="bbox 2120 4839 3689 4911">
     <span class='ocr_line' id='line_1_109' title="bbox 2120 4839 3689 4911; baseline -0.003 -17"><span class='ocrx_word' id='word_1_726' title='bbox 2120 4858 2321 4911; x_wconf 86' lang='grc' dir='ltr'>ρωσαν.</span> <span class='ocrx_word' id='word_1_727' title='bbox 2359 4841 2459 4910; x_wconf 76' lang='grc' dir='ltr'><strong>Ἐφ</strong></span> <span class='ocrx_word' id='word_1_728' title='bbox 2496 4841 2619 4894; x_wconf 84' lang='grc' dir='ltr'>ὅσον</span> <span class='ocrx_word' id='word_1_729' title='bbox 2672 4841 2729 4893; x_wconf 76' lang='grc' dir='ltr'>δὲ</span> <span class='ocrx_word' id='word_1_730' title='bbox 2792 4839 2894 4909; x_wconf 79' lang='grc' dir='ltr'>τὴν</span> <span class='ocrx_word' id='word_1_731' title='bbox 2938 4840 3213 4911; x_wconf 83' lang='grc' dir='ltr'>Σκυθικὴν</span> <span class='ocrx_word' id='word_1_732' title='bbox 3276 4839 3599 4911; x_wconf 77' lang='grc' dir='ltr'>διεξῄειμεν,</span> <span class='ocrx_word' id='word_1_733' title='bbox 3661 4840 3689 4891; x_wconf 84' lang='grc' dir='ltr'><strong>ό</strong></span> 
     </span>
    </p>
   </div>
   <div class='ocr_carea' id='block_1_110' title="bbox 2119 4929 3689 5002">
    <p class='ocr_par' dir='ltr' id='par_1_110' title="bbox 2119 4929 3689 5002">
     <span class='ocr_line' id='line_1_110' title="bbox 2119 4929 3689 5002; baseline -0.003 -17"><span class='ocrx_word' id='word_1_734' title='bbox 2119 4933 2339 5002; x_wconf 83' lang='grc' dir='ltr'>Βέριχος</span> <span class='ocrx_word' id='word_1_735' title='bbox 2393 4931 2663 4984; x_wconf 77' lang='grc' dir='ltr'>ἐκοινώνει</span> <span class='ocrx_word' id='word_1_736' title='bbox 2712 4935 2789 4997; x_wconf 67' lang='grc' dir='ltr'><strong>τεί</strong></span> <span class='ocrx_word' id='word_1_737' title='bbox 2821 4932 2953 5000; x_wconf 82' lang='grc' dir='ltr'>ἡμῖν</span> <span class='ocrx_word' id='word_1_738' title='bbox 3011 4933 3108 5001; x_wconf 82' lang='grc' dir='ltr'>τῆς</span> <span class='ocrx_word' id='word_1_739' title='bbox 3149 4930 3291 4994; x_wconf 81' lang='grc' dir='ltr'>ὁδοῦ,</span> <span class='ocrx_word' id='word_1_740' title='bbox 3337 4931 3430 4983; x_wconf 76' lang='grc' dir='ltr'>καὶ</span> <span class='ocrx_word' id='word_1_741' title='bbox 3486 4929 3689 4999; x_wconf 84' lang='grc' dir='ltr'>ἦσυχός</span> 
     </span>
    </p>
   </div>
   <div class='ocr_carea' id='block_1_111' title="bbox 2118 5022 3691 5094">
    <p class='ocr_par' dir='ltr' id='par_1_111' title="bbox 2118 5022 3691 5094">
     <span class='ocr_line' id='line_1_111' title="bbox 2118 5022 3691 5094; baseline -0.003 -17"><span class='ocrx_word' id='word_1_742' title='bbox 2118 5042 2201 5088; x_wconf 83' lang='grc' dir='ltr'><strong>τις</strong></span> <span class='ocrx_word' id='word_1_743' title='bbox 2241 5026 2333 5078; x_wconf 78' lang='grc' dir='ltr'>καὶ</span> <span class='ocrx_word' id='word_1_744' title='bbox 2381 5024 2687 5093; x_wconf 79' lang='grc' dir='ltr'>ἐπιτήδειος</span> <span class='ocrx_word' id='word_1_745' title='bbox 2734 5022 3031 5094; x_wconf 71' lang='grc' dir='ltr'>ἐνομίζετο.</span> <span class='ocrx_word' id='word_1_746' title='bbox 3090 5024 3176 5085; x_wconf 83' lang='grc' dir='ltr'>Ὧς</span> <span class='ocrx_word' id='word_1_747' title='bbox 3239 5023 3292 5075; x_wconf 82' lang='grc' dir='ltr'>δὲ</span> <span class='ocrx_word' id='word_1_748' title='bbox 3324 5022 3416 5075; x_wconf 80' lang='grc' dir='ltr'>τὸν</span> <span class='ocrx_word' id='word_1_749' title='bbox 3477 5022 3691 5091; x_wconf 81' lang='grc' dir='ltr'>Ἴστρον</span> 
     </span>
    </p>
   </div>
   <div class='ocr_carea' id='block_1_112' title="bbox 2119 5112 3690 5187">
    <p class='ocr_par' dir='ltr' id='par_1_112' title="bbox 2119 5112 3690 5187">
     <span class='ocr_line' id='line_1_112' title="bbox 2119 5112 3690 5187; baseline -0.003 -18"><span class='ocrx_word' id='word_1_750' title='bbox 2119 5115 2562 5187; x_wconf 78' lang='grc' dir='ltr'>ἐπεραιώθημεν,</span> <span class='ocrx_word' id='word_1_751' title='bbox 2606 5116 2665 5168; x_wconf 79' lang='grc' dir='ltr'>ἐν</span> <span class='ocrx_word' id='word_1_752' title='bbox 2690 5114 2893 5185; x_wconf 72' lang='grc' dir='ltr'>ἐχθροῦ</span> <span class='ocrx_word' id='word_1_753' title='bbox 2941 5116 3075 5185; x_wconf 77' lang='grc' dir='ltr'>ἡμῖν</span> <span class='ocrx_word' id='word_1_754' title='bbox 3122 5115 3337 5182; x_wconf 82' lang='grc' dir='ltr'>ἐγένετο</span> <span class='ocrx_word' id='word_1_755' title='bbox 3374 5113 3541 5184; x_wconf 73' lang='grc' dir='ltr'>μοίρᾳ</span> <span class='ocrx_word' id='word_1_756' title='bbox 3601 5112 3690 5165; x_wconf 86' lang='grc' dir='ltr'><strong>διά</strong></span> 
     </span>
    </p>
   </div>
   <div class='ocr_carea' id='block_1_113' title="bbox 2118 5206 3689 5275">
    <p class='ocr_par' dir='ltr' id='par_1_113' title="bbox 2118 5206 3689 5275">
     <span class='ocr_line' id='line_1_113' title="bbox 2118 5206 3689 5275; baseline -0.004 -13"><span class='ocrx_word' id='word_1_757' title='bbox 2118 5226 2270 5272; x_wconf 88' lang='grc' dir='ltr'>τινας</span> <span class='ocrx_word' id='word_1_758' title='bbox 2326 5207 2526 5269; x_wconf 80' lang='grc' dir='ltr'>ἑώλους</span> <span class='ocrx_word' id='word_1_759' title='bbox 2558 5206 2861 5275; x_wconf 77' lang='grc' dir='ltr'>προφάσεις</span> <span class='ocrx_word' id='word_1_760' title='bbox 2911 5208 2976 5258; x_wconf 78' lang='grc' dir='ltr'>ἐκ</span> <span class='ocrx_word' id='word_1_761' title='bbox 3009 5206 3116 5258; x_wconf 81' lang='grc' dir='ltr'><strong>τῶν</strong></span> <span class='ocrx_word' id='word_1_762' title='bbox 3173 5206 3521 5275; x_wconf 82' lang='grc' dir='ltr'>θεραπόντων</span> <span class='ocrx_word' id='word_1_763' title='bbox 3558 5221 3689 5256; x_wconf 85' lang='grc' dir='ltr'>συν-</span> 
     </span>
    </p>
   </div>
   <div class='ocr_carea' id='block_1_114' title="bbox 2118 5297 3685 5370">
    <p class='ocr_par' dir='ltr' id='par_1_114' title="bbox 2118 5297 3685 5370">
     <span class='ocr_line' id='line_1_114' title="bbox 2118 5297 3685 5370; baseline -0.004 -16"><span class='ocrx_word' id='word_1_764' title='bbox 2118 5298 2454 5370; x_wconf 85' lang='grc' dir='ltr'>ενεχθείσας.</span> <span class='ocrx_word' id='word_1_765' title='bbox 2490 5299 2598 5351; x_wconf 68' lang='grc' dir='ltr'><strong>Καὶ</strong></span> <span class='ocrx_word' id='word_1_766' title='bbox 2633 5298 2901 5369; x_wconf 80' lang='grc' dir='ltr'>πρότερον</span> <span class='ocrx_word' id='word_1_767' title='bbox 2947 5298 3047 5367; x_wconf 80' lang='grc' dir='ltr'>μὲν</span> <span class='ocrx_word' id='word_1_768' title='bbox 3098 5299 3188 5352; x_wconf 77' lang='grc' dir='ltr'><strong>τὸν</strong></span> <span class='ocrx_word' id='word_1_769' title='bbox 3223 5299 3386 5353; x_wconf 78' lang='grc' dir='ltr'>ἵππον</span> <span class='ocrx_word' id='word_1_770' title='bbox 3409 5297 3685 5365; x_wconf 82' lang='grc' dir='ltr'>ἀφείλετο,</span> 
     </span>
    </p>
   </div>
   <div class='ocr_carea' id='block_1_115' title="bbox 2118 5386 3688 5462">
    <p class='ocr_par' dir='ltr' id='par_1_115' title="bbox 2118 5386 3688 5462">
     <span class='ocr_line' id='line_1_115' title="bbox 2118 5386 3688 5462; baseline -0.004 -15"><span class='ocrx_word' id='word_1_771' title='bbox 2118 5389 2163 5462; x_wconf 84' lang='grc' dir='ltr'>ᾧ</span> <span class='ocrx_word' id='word_1_772' title='bbox 2218 5394 2312 5447; x_wconf 77' lang='grc' dir='ltr'>τὸν</span> <span class='ocrx_word' id='word_1_773' title='bbox 2365 5391 2671 5460; x_wconf 81' lang='grc' dir='ltr'>Μαξιμῖνον</span> <span class='ocrx_word' id='word_1_774' title='bbox 2721 5390 3107 5461; x_wconf 82' lang='grc' dir='ltr'>δωρησάμενος</span> <span class='ocrx_word' id='word_1_775' title='bbox 3180 5386 3267 5461; x_wconf 82' lang='grc' dir='ltr'><strong>ἦν.</strong></span> <span class='ocrx_word' id='word_1_776' title='bbox 3310 5390 3369 5445; x_wconf 85' lang='lat'><strong>&#39;0</strong></span> <span class='ocrx_word' id='word_1_777' title='bbox 3412 5391 3523 5461; x_wconf 78' lang='grc' dir='ltr'><strong>γὰρ</strong></span> <span class='ocrx_word' id='word_1_778' title='bbox 3570 5389 3688 5441; x_wconf 75' lang='grc' dir='ltr'><strong>Ἀτ-</strong></span> 
     </span>
    </p>
   </div>
   <div class='ocr_carea' id='block_1_116' title="bbox 2119 5483 3690 5558">
    <p class='ocr_par' dir='ltr' id='par_1_116' title="bbox 2119 5483 3690 5558">
     <span class='ocr_line' id='line_1_116' title="bbox 2119 5483 3690 5558; baseline -0.006 -16"><span class='ocrx_word' id='word_1_779' title='bbox 2119 5489 2290 5558; x_wconf 86' lang='grc' dir='ltr'>τήλας</span> <span class='ocrx_word' id='word_1_780' title='bbox 2338 5486 2546 5548; x_wconf 85' lang='grc' dir='ltr'>πάντας</span> <span class='ocrx_word' id='word_1_781' title='bbox 2589 5483 2735 5553; x_wconf 58' lang='grc' dir='ltr'>τοὺς,</span> <span class='ocrx_word' id='word_1_782' title='bbox 2774 5483 2910 5553; x_wconf 76' lang='grc' dir='ltr'>ἀμφ’</span> <span class='ocrx_word' id='word_1_783' title='bbox 2946 5483 3111 5538; x_wconf 78' lang='grc' dir='ltr'>αὑτὸν</span> <span class='ocrx_word' id='word_1_784' title='bbox 3172 5484 3403 5553; x_wconf 84' lang='grc' dir='ltr'>λογάδας</span> <span class='ocrx_word' id='word_1_785' title='bbox 3449 5496 3690 5553; x_wconf 82' lang='grc' dir='ltr'>παρεκε-</span> 
     </span>
    </p>
   </div>
   <div class='ocr_carea' id='block_1_117' title="bbox 1730 5596 2409 5659">
    <p class='ocr_par' dir='ltr' id='par_1_117' title="bbox 1730 5596 2409 5659">
     <span class='ocr_line' id='line_1_117' title="bbox 1730 5596 2409 5659; baseline -0.003 -7"><span class='ocrx_word' id='word_1_786' title='bbox 1730 5598 1965 5654; x_wconf 74' lang='lat' dir='ltr'><strong>VARUE</strong></span> <span class='ocrx_word' id='word_1_787' title='bbox 2006 5596 2409 5659; x_wconf 78' lang='lat' dir='ltr'><strong>LECTIONES.</strong></span> 
     </span>
    </p>
   </div>
   <div class='ocr_carea' id='block_1_118' title="bbox 525 5681 2128 5764">
    <p class='ocr_par' dir='ltr' id='par_1_118' title="bbox 525 5681 2128 5764">
     <span class='ocr_line' id='line_1_118' title="bbox 525 5681 2128 5764; baseline 0.008 -30"><span class='ocrx_word' id='word_1_788' title='bbox 525 5681 1055 5764; x_wconf 58' lang='grc' dir='ltr'>ξζπαρασκευάσειν,</span> <span class='ocrx_word' id='word_1_789' title='bbox 1117 5689 1184 5743; x_wconf 79' lang='grc' dir='ltr'>ἂν</span> <span class='ocrx_word' id='word_1_790' title='bbox 1214 5689 1305 5757; x_wconf 83' lang='grc' dir='ltr'><strong>Η.,</strong></span> <span class='ocrx_word' id='word_1_791' title='bbox 1341 5691 1814 5759; x_wconf 81' lang='grc' dir='ltr'>παρασκευάσειεν</span> <span class='ocrx_word' id='word_1_792' title='bbox 1854 5692 1921 5745; x_wconf 81' lang='grc' dir='ltr'>ἂν</span> <span class='ocrx_word' id='word_1_793' title='bbox 1981 5693 2128 5764; x_wconf 77' lang='lat' dir='ltr'><strong>vulg.</strong></span> 
     </span>
    </p>
   </div>
   <div class='ocr_carea' id='block_1_119' title="bbox 450 5748 759 5818">
    <p class='ocr_par' dir='ltr' id='par_1_119' title="bbox 450 5748 759 5818">
     <span class='ocr_line' id='line_1_119' title="bbox 450 5748 759 5818; baseline 0.013 -16"><span class='ocrx_word' id='word_1_794' title='bbox 450 5748 759 5818; x_wconf 73' lang='grc' dir='ltr'>ψεύδεσθαι.</span> 
     </span>
    </p>
   </div>
   <div class='ocr_carea' id='block_1_120' title="bbox 2229 5686 3685 5761">
    <p class='ocr_par' dir='ltr' id='par_1_120' title="bbox 2229 5686 3685 5761">
     <span class='ocr_line' id='line_1_120' title="bbox 2229 5686 3685 5761; baseline -0.016 2"><span class='ocrx_word' id='word_1_795' title='bbox 2229 5692 2275 5725; x_wconf 83' lang='grc'><strong>⁸⁸</strong></span> <span class='ocrx_word' id='word_1_796' title='bbox 2309 5687 2584 5761; x_wconf 77' lang='grc' dir='ltr'>βασιλικὸν</span> <span class='ocrx_word' id='word_1_797' title='bbox 2615 5686 2761 5759; x_wconf 86' lang='lat' dir='ltr'><strong>conj.</strong></span> <span class='ocrx_word' id='word_1_798' title='bbox 2817 5687 2879 5741; x_wconf 92' lang='lat' dir='ltr'><strong>B.</strong></span> <span class='ocrx_word' id='word_1_799' title='bbox 2915 5687 2962 5721; x_wconf 72' lang='grc' dir='ltr'><strong>υ</strong></span> <span class='ocrx_word' id='word_1_800' title='bbox 2990 5686 3222 5760; x_wconf 79' lang='grc' dir='ltr'>πρέπειν</span> <span class='ocrx_word' id='word_1_801' title='bbox 3260 5688 3399 5745; x_wconf 82' lang='lat' dir='ltr'><strong>add.</strong></span> <span class='ocrx_word' id='word_1_802' title='bbox 3447 5686 3513 5744; x_wconf 76' lang='grc' dir='ltr'><strong>Ν.</strong></span> <span class='ocrx_word' id='word_1_803' title='bbox 3563 5693 3685 5756; x_wconf 63' lang='lat' dir='ltr'><strong>pne:</strong></span> 
     </span>
    </p>
   </div>
  </div>
