2028 3105
172 188 227 221 ’ίιὸ

495 192 498 194 ⁷
551 183 599 213 DE
619 181 900 213 LEGATIONIBUS
921 181 1164 212 ROMANORUM
1194 181 1242 210 AD
1261 180 1420 210 GENTES.

1741 179 1794 210 746

171 243 289 270 λιὺσατο
317 239 415 275 δώροις
445 237 490 264 τὸν
521 237 674 270 Μαειμτνον
699 235 959 271 φιλοφρονήσασθαι,

1018 235 1109 262 Atille
1136 242 1197 262 cum
1224 234 1419 262 moderationis
1441 233 1554 269 gloriam
1571 234 1623 261 sibi
1637 241 1796 270 comparau;

172 289 221 316 καὶ
235 287 353 316 Εκαστος
375 283 544 318 ἐπεπόμφει,
568 282 651 308 ἵππον
668 282 754 316 αὐτῷ,
780 281 846 316 μεθ’
861 279 899 308 ὧν
915 283 961 308 καὶ

172 335 188 361 ὸ
225 333 348 368 Βὲριχος.
375 329 499 362 Ὀλίγους
525 328 553 354 δὲ
585 327 675 354 λαῦὼν
702 327 765 359 τοὺς
791 327 886 358 ἄλλους
909 328 962 354 ὰπ-

172 379 292 413 ἑπεμπε,
325 375 357 402 τδ
378 374 487 408 σῶφρον
514 373 632 408 δηλῶσαι
653 374 686 413 εκ
712 373 761 407 τῆς
786 373 961 407 μετριότητος

172 412 360 454 ἐσπουδακώς.
390 419 490 446 Τοῦτον
519 416 566 445 οὖν
593 412 720 452 ἀφείλετο
735 418 781 445 τὸν
800 417 893 448 ἵππον,
915 418 960 444 καὶ

171 469 237 495 οὔτε
266 465 475 498 συνοδοιπορεῖν,
507 463 569 489 οὒτε
596 462 785 489 συνεστιᾶσθαι
814 461 958 495 ὴνέσχετο⁸

171 514 246 541 ὥστι
271 513 337 548 ἡμῖν
362 511 392 538 ὲν
409 511 443 545 τῇ
471 508 616 544 βαρϐάρων
630 507 707 542 χώρᾳ.
728 507 874 541 γενομένου
890 514 959 540 συμ-

173 559 263 590 ϐόλου,
280 558 309 588 ἐς
332 555 412 582 τοῦτο
434 554 584 589 προελθεῖν.
611 554 665 579 Καὶ
685 551 811 579 ἐντεῦθεν
833 552 877 577 διὰ
905 552 955 584 τῆς

172 604 306 631 Φιλίππου
332 601 378 628 ἐπὶ
407 600 456 635 τὴν
494 598 634 633 Ἀδριανοῦ
661 598 739 624 πόλιν
770 598 819 632 τὴν
843 596 957 632 πορείαν

173 648 375 685 ἐποιησάμεθα.
411 648 456 674 Ἐν
483 644 500 684 ᾖ
532 645 782 680 διαναπαυσὰμενοι
809 645 839 675 ἐς
864 644 959 677 λόγους

173 696 292 732 ἤλθομεν
318 693 357 728 τῷ
384 693 499 728 Βερίχῳ,
530 692 576 718 καὶ
605 691 685 717 αὑτὸν
713 691 762 724 τῆς
791 689 859 724 πρὸς
886 689 959 723 ἡμᾶς

173 741 279 775 σιωπῆς
304 737 552 774 κατεμεμψάμεϐα,
570 737 612 763 ὅτι
637 745 668 771 γε
693 736 725 771 δὴ
748 735 890 770 ὀργίζεται
908 735 958 760 οὐκ

169 787 308 814 ἀδικοῦσιν
335 785 423 812 οὐδέν.
440 782 666 818 Θεραπεύσαντες
679 781 726 808 οὒν
751 780 832 807 αὑτὸν
844 781 891 807 καὶ
906 779 957 806 ἐπὶ

170 832 291 859 ἑστίασιν
315 830 481 861 καλέσαντες
510 829 721 864 ἐξωρμήσαμεν.
735 828 788 854 Καὶ
804 826 843 861 τῷ
858 826 958 860 Βιγίλᾳ

169 879 199 904 ἐν
216 879 249 912 τῇ
257 876 310 912 οδῴ
323 876 530 910 ἀπαντήσαντες
544 874 590 900 ἐπὶ
600 873 649 908 τὴν
661 872 795 907 Σκυθικὴν
807 871 958 902 ὲπαναζευη

1014 281 1146 313 studeret,
1162 288 1193 307 ex
1211 281 1288 314 equis
1306 281 1405 308 oblatis
1433 286 1534 314 paucos
1558 284 1710 315 acceperat,
1732 280 1795 308 reli-

1012 333 1082 360 quos
1111 326 1252 360 reiecerat.
1280 326 1414 353 Berichus
1443 320 1526 361 igitur
1565 333 1675 360 equum,
1714 333 1795 360 quem

1013 371 1158 398 Maximino
1173 371 1297 402 dederat,
1312 371 1422 403 ademit,
1441 378 1527 405 neque
1542 371 1670 404 deinceps
1700 371 1797 398 eadem

1012 417 1054 443 via
1075 416 1115 444 ire
1131 422 1177 443 aut
1192 417 1294 444 ρατηιηί
1321 416 1463 444 ttobiscum
1488 416 1582 444 voluit.
1595 417 1689 451 Itaque
1705 417 1797 452 hospi-

1013 461 1123 489 talitatis
1139 468 1250 494 tessera,
1273 462 1299 489 in
1314 462 1429 488 barbara
1452 462 1562 496 regione
1591 468 1739 496 contracta,
1765 471 1797 491 co

1011 515 1096 542 usque
1122 515 1263 543 progressa
1289 512 1341 535 est.
1367 507 1435 535 Hinc
1455 516 1503 542 per
1529 508 1735 543 Philippopolim
1763 510 1797 536 ait

1010 553 1215 588 Adrianopolim
1232 553 1310 580 nobis
1325 555 1375 580 iter
1394 553 1455 580 fuit.
1472 553 1502 580 In
1531 554 1580 581 hac
1597 554 1707 581 civitate
1719 554 1797 588 quie-

1010 604 1128 632 scentes,
1151 599 1294 626 Berichum
1314 607 1409 627 rursus
1432 599 1541 626 allocuti
1567 607 1628 627 cum
1654 608 1698 634 eo,
1725 601 1795 634 quod

1011 645 1113 671 tamdiu
1135 652 1197 679 erga
1226 653 1275 672 ttos
1299 645 1437 673 silentium
1469 645 1611 677 tenuisset,
1642 646 1797 680 expostula.

1010 689 1107 718 vimus.
1122 689 1178 717 Nec
1198 690 1270 718 enim
1289 691 1370 718 ullam
1399 690 1485 718 fuisse
1510 698 1621 718 causam
1647 698 1695 717 cur
1719 690 1796 717 nobis

1010 728 1186 768 irasceretur,
1199 737 1420 772 quandoquidem
1448 737 1475 763 in
1493 736 1567 763 nulla
1585 743 1614 763 re
1633 743 1695 763 eum
1711 734 1797 762 oit‘en-

1010 782 1148 809 deramus.
1165 781 1260 816 Itaque
1276 789 1309 810 eo
1320 782 1428 817 placato
1444 787 1472 809 et
1489 782 1523 809 ad
1542 789 1648 809 caenam
1671 781 1796 815 invitato,

1009 828 1044 854 ab
1058 827 1230 863 Adrianopoli
1250 828 1392 856 movimus.
1405 827 1434 855 In
1451 827 1548 856 itinere
1560 827 1685 863 Bigilam,
1706 827 1751 862 qui
1769 827 1796 854 in

1010 871 1149 907 Scythiam
1178 873 1375 906 revertebatur,
1404 873 1514 900 obvium
1543 872 1705 901 habuimus:
1740 878 1796 906 quo

169 911 262 957 γνόντι
273 922 320 949 καὶ
334 921 452 955 τὰπαρὰ
479 919 595 954 Ἀττήλα
619 919 686 953 ἡμῖν
707 917 757 952 τῆς
785 917 831 943 ἐπὶ
842 917 876 951 τῇ
890 924 957 950 πρε-

1011 917 1114 950 edocto,
1132 926 1192 952 qua:
1223 919 1322 946 Attilas
1347 919 1381 946 ad
1408 919 1570 953 legationem
1598 923 1720 945 nostram
1752 924 1797 944 re-

169 967 250 1002 σὸείᾳ
261 967 431 1001 ἀποκρίσεως
442 965 573 1000 εἰρημένα
586 963 803 998 ἁφηγησάμενοι,
812 962 861 996 τῆς
875 962 960 988 ἐπαν-

169 1013 230 1040 όδου
254 1011 394 1047 εἰχόμεθα.
419 1010 462 1041 Ὠς
488 1009 517 1036 δὲ
547 1009 577 1041 ἐς
600 1009 648 1044 τὴν
671 1007 875 1034 Κωνσταντίνου
891 1015 960 1042 παρ-

169 1057 330 1093 εγινόμεθα,
352 1055 568 1092 μεταϐεᾶλῆσοαι
587 1055 635 1090 μὲν
651 1054 761 1090 ᾠόμεθα
774 1053 819 1080 τὸν
848 1053 960 1088 Βέριχον

172 1104 224 1138 τῆς
248 1104 341 1139 όργῆς”
369 1103 399 1135 ὃς
422 1102 450 1129 δὲ
471 1101 521 1136 τῆς
544 1101 645 1136 ἀγρίας
666 1101 717 1127 οὐκ
731 1100 895 1134 ἐπελέληστο
910 1099 960 1134 φύ-

173 1158 254 1181 σεως,
271 1148 328 1176 ἀλλ’
344 1150 372 1180 ις
386 1147 518 1184 διαφορὰς
541 1146 652 1182 ἐχώρει,
674 1146 722 1173 καὶ
756 1147 785 1172 ὲν
807 1145 959 1181 κατηγορίᾳ

169 1198 291 1224 ἐποιεῖτο
318 1195 364 1222 τδν
397 1194 601 1230 Μαξιμῖνον,ὼς
613 1193 714 1228 ἔφησεν
728 1193 768 1224 εἰς
780 1192 830 1226 τὴν
863 1191 960 1218 Σκυθι-

170 1243 224 1279 κὴν
254 1242 351 1274 διασὰς
380 1242 425 1268 τὺν
451 1240 620 1276 Ἀρεόὸιιιδον
633 1240 656 1256 ’⁸
675 1239 722 1266 καὶ
747 1237 793 1265 τὸν
816 1237 958 1272 Ἀσπαρα,

170 1289 270 1324 ἄνδρας
297 1288 478 1323 στρατηγοὺς,
496 1286 632 1321 μηδεμίαν
659 1284 734 1318 παρὰ
759 1283 865 1319 βασιλεῖ
886 1282 959 1317 ἔχειν

171 1334 282 1370 μοῖραν,
304 1333 352 1359 καὶ
379 1332 417 1363 ὡς
430 1333 460 1358 ὲν
475 1330 610 1366 ὀλιγωρίᾳ
626 1329 661 1356 τὰ
670 1328 731 1355 κατ’
747 1328 846 1359 αὐτοὺς
865 1327 959 1362 εποιήε

171 1385 251 1409 σατο,
267 1375 318 1411 τὴν
345 1375 516 1411 βαρϐαρικὴν
538 1373 650 1408 ἐλέγξας
676 1372 839 1408 κουφότητα.

167 1418 170 1419 ν
214 1420 414 1454 Ἀναζεύξαντα
426 1420 455 1447 δὲ
466 1420 511 1447 τὸν
523 1419 634 1454 Βιγίλαν
646 1419 692 1446 κο.)⁸
707 1419 736 1445 ἐν
750 1416 789 1449 οἷς
801 1418 846 1444 τὸν
865 1418 959 1452 Ἀττή-

169 1467 222 1494 λαν
237 1467 330 1498 τόποις
348 1465 498 1501 διατρίϐειν
514 1464 672 1491 ουνέσαινεν
695 1463 861 1499 ἀφικόμενον
880 1471 958 1498 περι-

172 1513 287 1544 στάντες
315 1509 388 1547 εῖχον
402 1511 424 1527 ’ί
456 1511 481 1538 οἰ
509 1511 577 1546 πρὸς
599 1510 680 1537 τοῦτο
703 1509 957 1545 παρεσκευασμένοι

1011 964 1168 998 sponderat,
1177 969 1296 998 coeptum
1313 964 1364 991 iter
1375 964 1605 991 continuavimus.
1616 963 1651 990 Ut
1660 962 1796 990 Constan-

1012 1009 1152 1044 tinopolim
1173 1009 1308 1042 venimus,
1325 1009 1469 1038 Berichum
1483 1010 1708 1038 existimabamus
1725 1009 1794 1036 iram

1011 1054 1159 1090 ahjecisse,
1172 1055 1218 1083 sed
1231 1056 1346 1089 agrestis
1362 1060 1387 1083 et
1402 1055 1466 1084 ferre
1479 1063 1533 1083 sua:
1556 1060 1660 1083 natura:
1685 1054 1796 1082 minime

1010 1105 1053 1127 est
1064 1100 1178 1129 oblitus.
1198 1101 1265 1128 Nam
1283 1101 1458 1129 Maximinum
1491 1101 1658 1129 insimulavit
1683 1101 1795 1133 dixisse,

1010 1152 1070 1172 cum
1093 1146 1118 1172 in
1139 1146 1276 1182 Scythiam
1294 1146 1456 1179 transiisset,
1470 1147 1617 1174 Areobindi
1633 1151 1660 1174 et
1672 1145 1795 1181 Asparis,

1009 1191 1177 1218 exercituum
1192 1192 1300 1224 ducum,
1311 1193 1500 1221 auctoritatem
1510 1192 1581 1227 apud
1600 1193 1796 1228 imperatorem

1009 1235 1108 1264 nullius
1118 1244 1178 1265 esse
1190 1237 1326 1272 ponderis,
1338 1243 1365 1265 et
1378 1246 1439 1265 cum
1452 1237 1634 1265 Barbarorum
1657 1238 1794 1267 levitatem

1009 1288 1037 1312 et
1059 1283 1272 1311 inconstantiam
1296 1287 1428 1317 notasset,
1454 1291 1548 1312 eorum
1576 1289 1653 1319 gesta
1667 1284 1694 1312 in
1721 1285 1795 1313 nullo

1010 1331 1099 1366 pretio
1117 1329 1255 1358 habuisse.

1044 1421 1197 1450 Reversum
1215 1420 1339 1456 Bigilam,
1361 1427 1422 1448 cum
1439 1419 1465 1446 in
1491 1419 1525 1447 iis
1550 1416 1617 1447 locis
1634 1420 1791 1448 advenisset

1009 1470 1055 1497 ubi
1094 1475 1149 1497 tum
1178 1468 1277 1496 Attilas
1317 1465 1550 1498 commorabatur,
1586 1465 1797 1494 circumstantes

1008 1515 1120 1542 Barbari
1137 1514 1188 1549 71
1215 1513 1248 1541 ad
1269 1512 1299 1540 id
1313 1512 1456 1547 praeparati
1474 1510 1749 1545 comprehenderunt,
1769 1517 1797 1538 et

173 1557 326 1594 Βάρδαρυι,
344 1557 392 1584 καὶ
407 1557 442 1584 τὰ
452 1557 594 1592 χρήματα,
608 1556 681 1592 ἆπερ
695 1556 733 1591 τῷ
753 1554 880 1582 Ἐδέκωνι
896 1553 957 1581 ἑκό-

1011 1569 1104 1589 manus
1119 1561 1144 1587 in
1161 1559 1301 1593 pecunias,
1317 1565 1384 1592 quas
1407 1557 1525 1584 Edecoui
1539 1556 1677 1590 atierebat,
1694 1557 1797 1593 iniece-

172 1603 263 1639 μιζεν,
277 1601 430 1637 ἀφείλοντο.
449 1603 492 1634 Ὠς
512 1602 540 1628 δὲ
557 1601 605 1629 καὶ
619 1602 700 1629 αὑτὸν
711 1601 788 1636 παρὰ
801 1600 847 1627 τὸν
862 1600 957 1635 Ἀττή-

170 1648 222 1675 λαν
235 1647 313 1684 ἦγον,
328 1647 377 1675 καὶ
390 1648 550 1683 ἀνηρωτᾶτο
565 1648 626 1674 ὅτου
646 1647 727 1682 χάριν
741 1645 868 1673 τοσοῦτον
879 1646 957 1681 φέροι

171 1692 296 1728 χρυσίον,
310 1692 363 1727 ἔφη
381 1693 484 1724 οἰκείας
498 1701 528 1719 τε
547 1692 594 1719 κα)⁸
607 1692 661 1718 τῶν
679 1691 877 1727 παρεπομένων
889 1699 958 1726 προ-

171 1738 247 1770 νοίας
259 1738 350 1770 ἕνεκα,
359 1737 428 1765 ὥστε
446 1738 483 1774 μὴ
497 1738 585 1774 ἐνδείᾳ
599 1737 732 1774 τροφῶνῆ
748 1737 838 1764 ἵππων
850 1736 958 1769 σπάνει,

173 1784 192 1820 ἣ
207 1784 256 1811 καὶ
279 1784 334 1811 τῶν
358 1784 505 1820 φορτηγῶν
527 1784 683 1818 ὑποζυγίων
712 1784 764 1810 ὑπὸ
783 1783 833 1818 τῆς
850 1783 960 1818 μακρᾶς

174 1829 419 1866 ὲκδαπανηθὲντων
429 1830 500 1863 ὀδοῦ,
513 1830 675 1865 διαμαρτεῖν
688 1829 739 1864 τῆς
754 1830 819 1865 περί
831 1829 880 1864 τῆς
890 1837 960 1864 πρε-

173 1875 269 1907 σσιιας
301 1875 437 1910 σπουδῆς·
465 1874 688 1911 παρεσκευάσθαι
718 1875 746 1901 δὲ
767 1874 843 1910 αὐτῷ
869 1874 917 1902 καὶ
931 1875 960 1906 ὲς

172 1920 356 1957 αἰχμαλώτων
376 1921 459 1957 ὠνὴν,
491 1921 598 1948 πολλῶν
625 1921 697 1948 κατὰ
732 1921 781 1956 τὴν
816 1920 960 1955 Ῥωμαίων

171 1966 325 2002 δεηθέντων
336 1966 431 2000 αὐτοῦ,
445 1967 508 1998 τοὺς
517 1966 593 2001 σφίσι
603 1966 801 2001 ζπροοήκοντας
814 1964 958 1997 λύσασθαι,

173 2012 247 2040 καὶὸ
262 2011 410 2048 ’Δττήλαςο
431 2020 440 2038 ι
461 2011 529 2038 Ἀλλ’
547 2011 633 2044 οὗτοι,
653 2020 662 2036 ι
680 2011 744 2046 ἐφη,
759 2011 791 2038 σὺ
812 2020 821 2036 ι
840 2011 960 2046 πονηρὸν

174 2055 281 2091 Θηρίον,
304 2065 314 2082 ι
332 2056 378 2083 τὸν
389 2056 500 2089 Βιγίλαν
513 2056 612 2090 λέγων,
626 2065 635 2082 ι
652 2055 702 2091 τὴν
717 2055 795 2091 δίκην
810 2055 961 2090 σοφιζόμε-

174 2110 219 2135 νος
233 2103 337 2139 λήσεις,
351 2103 374 2120 ⁹¹
389 2104 449 2131 οὐδὲ
463 2104 540 2131 ἔσται
556 2113 600 2131 σοι
617 2104 756 2140 πρόφασις
774 2104 854 2139 ἱκανὴ
875 2105 915 2135 εἰς
930 2103 960 2130 τδ

171 2149 225 2184 τὴν
236 2149 347 2176 κόλασιν
358 2149 512 2183 διαφυγεῖν,
523 2150 645 2184 μείζονος
658 2150 708 2184 μὲν
718 2150 767 2185 τῆς
783 2149 960 2185 σῆςδαπάνης

172 2194 356 2229 παρασκευῆς
371 2203 413 2222 σοι
422 2195 445 2211 ’⁸
456 2195 605 2238 χρημάτων
630 2195 817 2231 ὑπαρχούσης,
833 2195 880 2222 καὶ
905 2195 960 2221 τῶν

1010 1612 1084 1635 runt.
1099 1607 1166 1634 Cum
1196 1606 1283 1640 ipsum
1306 1605 1340 1632 ad
1367 1603 1478 1631 Attilam
1507 1603 1696 1636 adduxissent,
1723 1603 1746 1631 is
1763 1611 1795 1632 ex

1010 1661 1042 1681 eo
1057 1653 1191 1688 quaesivit,
1208 1651 1286 1686 cujus
1307 1650 1344 1678 rei
1365 1649 1453 1685 gratia
1480 1654 1586 1677 tantum
1609 1650 1667 1677 auri
1693 1658 1792 1686 aspor-

1011 1704 1104 1727 tasset.
1128 1698 1172 1726 Ille
1205 1697 1353 1732 respondit,
1372 1701 1401 1723 ut
1419 1696 1476 1723 suis
1497 1699 1523 1723 et
1538 1696 1794 1724 comitum‘suorum

1011 1745 1218 1773 necossitaiibus
1235 1743 1397 1779 provideret,
1423 1750 1457 1770 ne
1472 1749 1560 1769 rerum
1577 1742 1793 1769 necessariarum

1012 1791 1112 1826 inopia,
1136 1794 1184 1817 ant
1211 1797 1353 1825 equorum,
1395 1792 1442 1816 aut
1483 1787 1600 1815 aliorum
1639 1787 1795 1815 animalium

1012 1843 1129 1867 vectura:
1145 1841 1268 1871 aptorum
1286 1835 1407 1870 penuria,
1435 1841 1495 1869 quae
1521 1842 1569 1868 per
1595 1834 1672 1869 longa
1700 1835 1796 1862 itinera

1014 1881 1197 1917 deperierant,
1213 1889 1229 1908 a
1243 1880 1332 1908 studio
1344 1880 1530 1907 obeundarum
1546 1879 1712 1914 legationum
1730 1886 1795 1906 avo-

1011 1933 1130 1957 caretur.
1159 1927 1292 1954 Praeterea
1317 1925 1351 1952 ad
1381 1925 1593 1960 redemptionem
1628 1924 1795 1959 captivorum

1012 1970 1152 2006 pecuniam
1169 1973 1290 2004 paratam
1306 1975 1376 1995 esse.
1390 1967 1486 1996 Multos
1512 1967 1583 1994 enim
1607 1975 1639 1995 ex
1667 1967 1797 1995 Romanis

1011 2023 1027 2043 a
1045 2023 1076 2043 se
1093 2021 1253 2050 magnopere
1266 2013 1386 2047 petiisse,
1410 2017 1440 2040 ut
1469 2012 1633 2048 propinquos
1648 2020 1711 2040 suos
1723 2013 1796 2041 redi-

1012 2064 1109 2088 meret.
1139 2059 1189 2086 Cui
1219 2058 1318 2086 Attilas
1344 2052 1361 2086 ;’
1380 2058 1434 2086 Sed
1461 2065 1550 2093 neque
1578 2058 1646 2093 jam,
1671 2066 1688 2086 ο
1710 2060 1796 2094 turpis

1011 2105 1108 2136 bestia.
1126 2104 1239 2139 Bigilam
1266 2104 1415 2140 appellans,
1435 2103 1519 2132 ullum
1546 2105 1594 2132 tibi
1618 2104 1673 2132 tuis
1684 2105 1796 2132 cavilla-

1013 2149 1239 2185 tionibusjudicii
1253 2150 1386 2177 subeundi
1398 2150 1500 2185 patebit
1529 2149 1679 2186 etl‘ugium:
1709 2158 1796 2186 tneque

1012 2197 1064 2225 ulla
1078 2196 1251 2224 satis‘idonea
1266 2202 1347 2223 causa
1366 2195 1427 2229 erit,
1459 2203 1511 2230 qua
1543 2196 1668 2224 meritum
1698 2196 1798 2232 suppli-

173 2239 230 2267 ὑπὸ
248 2239 296 2267 σοῦ
312 2239 404 2267 ῐππων
421 2240 469 2266 καὶ
482 2235 638 2274 ὑποζυγίων
661 2239 890 2275 ὠνηθησομένων,
911 2240 959 2267 καὶ

1014 2244 1086 2271 clum
1103 2243 1207 2271 evitare
1220 2242 1318 2278 possis.
1334 2241 1424 2278 Longe
1438 2241 1510 2269 enim
1526 2241 1611 2276 major
1622 2250 1727 2270 summa
1743 2247 1794 2275 est,

171 2285 224 2320 τῆς
238 2284 294 2312 τῶν
311 2284 494 2321 αἰχμαλώτων
502 2284 614 2317 λύσεως,
630 2284 663 2320 ἡν
675 2286 722 2312 σὺν
737 2285 882 2320 Μαξιμίνῳ
894 2285 960 2320 παρ’

173 2330 228 2366 ἱμὶ
248 2330 408 2368 ἁφικομίνῳ
424 2332 512 2358 ποιεῖν
535 2330 721 2366 ἀπηγόρευσα.
738 2340 748 2357 ο
767 2331 861 2359 Ταῦτα
876 2329 962 2357 εἰπὼν

173 2377 222 2403 τὸν
241 2375 299 2404 υῑδν
314 2374 359 2413 (ἦν
382 2376 411 2404 δὲ
424 2377 472 2404 καὶ
482 2376 522 2413 τῷ
542 2377 640 2412 Βιγίλᾳ
657 2377 718 2403 τότε
735 2376 843 2412 πρῶτον
860 2377 889 2409 ἐς
912 2377 962 2412 τὴν

174 2421 328 2458 Βαρϐάρων
342 2422 535 2458 ἠκολουθηκὼς
549 2421 652 2458 χώραν)
668 2421 740 2456 ξίφει
754 2422 960 2458 καταόληθῆναι

174 2467 409 2503 παρεκελεύσατο,
421 2468 449 2494 I1
460 2467 498 2504 μὴ
510 2467 617 2502 φθάσας
631 2467 703 2494 ιῐποι
715 2467 768 2502 ὅτῳ
783 2467 818 2493 τὰ
831 2467 962 2502 χρήματα

172 2514 223 2541 καὶ
237 2513 272 2541 δι’
286 2514 321 2549 ἦν
345 2514 437 2541 αἰτίαν
457 2513 577 2549 κομίζει.
599 2513 628 2541 '0
645 2513 674 2540 δὲ
691 2513 728 2545 ὡς
755 2512 888 2540 ἐθεάσατο
916 2512 963 2539 τὸν

172 2558 262 2586 παῖδα
275 2559 323 2586 ἰπὶ
333 2559 448 2587 θάνατον
460 2559 613 2595 στείχοντα,
629 2560 658 2591 ἐς
675 2558 782 2595 δάκρυά
793 2567 821 2586 τε
841 2559 890 2586 καὶ⁸
901 2558 962 2585 ὀλο-

172 2605 302 2641 φυρμοὺς
318 2605 437 2641 ἰτράπη,
459 2605 506 2632 καὶ
524 2604 697 2640 ἀνεσόαάτὴν
723 2603 802 2640 δίκην
821 2605 864 2630 ἐπ’
881 2604 962 2632 αὐτὸν

172 2650 271 2686 φέρειν
283 2650 314 2678 τδ
324 2649 413 2685 ξίφος
427 2650 478 2677 οὐκ
496 2650 543 2677 ἐπὶ
552 2650 599 2677 τὸν
613 2649 673 2677 νέον
693 2650 739 2677 τὸν
756 2650 901 2677 ἀδικοῦντα
917 2650 962 2677 οὺ-

171 2695 230 2723 διν.
248 2695 306 2722 Καὶ
332 2695 418 2732 μηδιν
433 2695 572 2731 μελλήσας
586 2695 621 2722 τά
634 2703 664 2721 τε
684 2694 757 2730 αὑτῷ
775 2695 823 2722 καὶ
834 2695 962 2722 Ἒδέκωνι

172 2741 224 2769 καὶ
236 2741 277 2778 τῷ
292 2741 413 2778 εὐνούχῳ
430 2742 477 2769 καὶ
495 2741 535 2777 τῷ
551 2741 656 2777 βασιλεῖ
672 2740 855 2776 μελετηθέντα
873 2741 960 2776 ἔλεγε,

1013 2294 1093 2322 quam
1110 2295 1163 2322 qua
1177 2287 1225 2314 tibi
1239 2286 1276 2314 sit
1296 2293 1366 2322 opus
1379 2285 1411 2313 ad
1429 2286 1632 2314 sustentandam
1648 2285 1792 2319 familiam.

1012 2332 1054 2361 vel
1073 2333 1154 2360 etiam
1171 2339 1252 2367 quam
1273 2331 1413 2367 impendas
1443 2332 1470 2359 in
1487 2332 1650 2368 emptionem
1666 2339 1796 2368 equorum

1012 2379 1054 2405 vel
1067 2378 1261 2412 iumentorum,
1271 2377 1312 2404 vel
1323 2377 1510 2405 liberationem
1527 2379 1707 2413 captivorum,
1717 2387 1797 2415 quam

1010 2423 1167 2456 jamdudum
1181 2422 1339 2456 Maximino,
1350 2430 1413 2450 cum
1434 2423 1488 2450 huc
1505 2423 1640 2457 veniebat,
1660 2424 1796 2452 interdixi.

1015 2468 1076 2495 Haec
1086 2468 1189 2500 dicens,
1199 2467 1282 2494 tilium
1295 2467 1390 2502 Bigila‘.
1404 2467 1440 2502 (is
1452 2471 1509 2495 tum
1518 2467 1633 2503 primum
1640 2474 1743 2504 patrem
1751 2477 1798 2496 εο-

1014 2518 1093 2542 cutus
1118 2512 1145 2540 in
1163 2512 1305 2540 barbaram
1324 2513 1461 2547 regionem
1480 2513 1602 2547 venerat)
1615 2520 1682 2541 ense
1707 2513 1796 2541 occidi

1012 2559 1098 2595 jubet,
1114 2557 1166 2585 nisi
1181 2562 1269 2593 pater,
1285 2565 1365 2594 quem
1381 2558 1408 2585 in
1429 2566 1508 2587 nsum
1524 2563 1552 2586 et
1565 2567 1646 2594 quam
1675 2558 1710 2586 ob
1732 2566 1799 2586 cau-

1015 2613 1072 2633 sam
1094 2609 1198 2631 tanturn
1209 2605 1268 2632 auri
1284 2604 1450 2637 advexisset,
1463 2605 1592 2640 aperiret.
1616 2604 1662 2632 Ille
1679 2609 1707 2631 ut
1731 2604 1799 2631 vidit
1857 2626 1862 2629 .

1015 2651 1100 2678 tilium
1118 2649 1200 2677 morti
1211 2649 1357 2684 addictum,
1373 2650 1407 2678 ad
1422 2650 1557 2687 lacrymas
1567 2658 1725 2681 conversus,
1751 2649 1797 2684 jus

1015 2696 1171 2731 implorare,
1188 2699 1215 2723 et
1229 2702 1321 2723 ensem
1346 2696 1374 2724 in
1404 2703 1435 2724 se
1462 2696 1530 2724 mitti
1559 2696 1668 2729 debere,
1700 2703 1753 2723 non
1770 2695 1797 2721 in

1015 2742 1111 2774 tilium,
1121 2741 1167 2776 qui
1181 2740 1247 2768 nihil
1260 2742 1477 2770 commeruisset.
1487 2741 1540 2770 Nec
1551 2746 1694 2770 cunctatus
1707 2740 1798 2769 omnia

814 2798 933 2826 \‘ARIE
949 2796 1155 2826 LECTIONES.

174 2879 251 2915 vulg.

295 2929 431 2960 Ρλτιιοι..
446 2931 504 2960 Gn.
520 2928 568 2959 CX
579 2928 633 2960 Ill.

212 2844 236 2881 ξ’
261 2844 432 2880 Ἀρεόμινδον
453 2849 481 2872 et
505 2844 577 2871 inira
602 2844 743 2881 διατριϐὴν
767 2845 837 2881 vnlg.
876 2846 897 2862 "
923 2846 1043 2881 συνεῖχον
1067 2844 1099 2871 Ν.
1137 2845 1160 2861 ⁹¹
1175 2843 1269 2880 λήσεις
1289 2844 1331 2878 Β..
1357 2844 1446 2877 λύσεις
1469 2844 1540 2881 vulg.
1585 2845 1609 2861 "
1631 2854 1672 2872 σοι
1690 2845 1733 2880 Β.¹
1753 2842 1799 2874 οἷα

1602 2928 1640 2958 24
