4010 6210
451 390 553 457 751

1459 381 1847 440 EXCERPTA
1889 380 1985 455 EX
2030 376 2296 437 PRISCO
2344 377 2702 436 RHE'I‘ORE

3608 378 3727 439 7.39.

440 506 513 565 ‘ln
542 504 709 562 verba
733 496 1048 569 superbiora
1070 493 1270 565 erupit.
1298 492 1417 548 Non
1454 492 1594 548 bene
1620 507 1901 548 cessurum
1937 490 2033 555 illi,

2141 489 2337 545 ϐαίνει.
2371 489 2467 551 Ὃς
2497 488 2684 558 ἐπειδὴ
2719 487 2851 558 παρ’
2879 486 3043 541 αύτδν
3075 485 3305 557 ἀφίκετο
3344 491 3438 543 καὶ
3472 488 3615 558 ἔγνω
3652 496 3721 562 τῇ

454 596 503 652 εἰ
538 596 591 650 in
623 589 908 663 praesentia
951 586 1117 640 rebus
1161 583 1419 639 secundis
1450 583 1631 637 elatus
1675 582 1875 637 bellum
1913 596 2033 634 cum

460 683 805 743 orientalium
831 692 1046 750 quoque
1076 678 1445 733 Romanorum
1472 677 1802 745 imperatore
1827 684 2038 731 contra-

454 777 631 839 heret,
670 773 831 843 regiis
871 770 1193 826 mulieribus
1230 784 1335 823 non
1373 770 1424 822 in
1458 769 1765 823 libertatem
1809 768 2037 822 restitu—

456 868 544 924 tis.
584 866 693 921 Sed
723 878 898 932 neque
926 863 1033 916 ulla
1068 862 1354 916 verborum
1386 860 1581 914 lenitas
1614 860 1765 926 prius
1803 876 1832 913 a
1859 860 2037 929 legato

456 966 763 1027 usurpata,
823 965 998 1021 neque
1071 951 1324 1004 incussus
1399 949 1563 1003 timor
1612 949 1757 1003 illum
1838 950 1905 1003 ad
1955 949 2038 1003 ul-

455 1052 560 1104 lam
591 1048 753 1102 animi
776 1044 1204 1100 moderationem
1228 1040 1543 1110 pertrahere
1566 1050 1875 1110 potuerunt.
1902 1042 2035 1096 Nam

456 1140 678 1195 Bledam
729 1137 880 1191 irrita
913 1135 1181 1202 legatione
1213 1133 1438 1198 dimisit,
1474 1140 1529 1187 et
1581 1148 1769 1188 rursus
1809 1133 1873 1197 in.
1897 1131 2037 1187 Sici-

456 1232 586 1286 liam
624 1237 678 1283 et
723 1228 971 1297 proxima
1004 1222 1171 1299 Italia:
1209 1221 1323 1276 loca
1367 1222 1666 1277 exercitum
1716 1222 2033 1288 immittens,

456 1335 671 1377 omnem
699 1318 976 1390 regionem
1002 1315 1261 1369 vastavit.
1293 1314 1481 1368 Avitus
1506 1328 1741 1382 quoque,
1761 1314 2037 1368 Romano-

458 1425 579 1464 rum
620 1405 1034 1463 occidentalium
1072 1404 1387 1472 imperator,
1424 1402 1491 1456 ad
1518 1418 1645 1457 eum
1698 1404 1900 1472 legatos
1941 1404 2039 1458 mi-

453 1502 551 1565 sit,
576 1500 667 1569 qui
701 1506 1006 1563 monerent,
1037 1504 1096 1549 ut
1132 1496 1397 1549 faederum
1426 1495 1632 1564 pridem
1664 1510 1784 1549 cum
1817 1495 1907 1549 illo
1935 1496 2039 1549 ini-

2140 581 2305 635 αὑτοῦ
2333 583 2409 651 μὴ
2432 580 2777 635 ὑπακούοντα
2798 579 3084 652 πρεσϐείᾳ,
3110 580 3525 651 αὐθαδεστέρων
3543 582 3723 651 λόγων

2138 674 2367 744 ἥπτετο,
2403 674 2500 727 καὶ
2538 672 2745 743 ἐφηρμὴ
2780 671 3048 725 συνοίσειν
3071 671 3243 741 αὐτῷ,
3288 672 3447 742 είπερ
3473 672 3579 726 ὑπὸ
3623 676 3727 742 τῆς

2139 764 2423 835 παρούσης
2458 766 2766 835 εὐημερίας
2803 763 2996 833 ἀρθεὶς
3038 765 3134 817 καὶ
3165 765 3274 817 τῶν
3298 765 3440 818 κατά
3474 767 3572 836 τὴν
3603 766 3727 818 Ἕω

2149 853 2439 924 Ῥωμαίων
2469 853 2696 923 βασιλέα
2755 853 2891 925 πρὸς
2940 854 3178 923 πόλεμον
3220 853 3368 926 αὐτῷ
3416 856 3727 923 ἀναστῆναι

2140 944 2574 1013 παρασκευάσοι,
2624 943 2723 1006 τὰς
2778 942 3087 1013 βασιλείους
3132 944 3207 1013 μὴ
3252 943 3394 996 λύων
3430 943 3723 1012 γυναῑκῖις.

2152 1034 2291 1088 Ἀλλ’
2332 1034 2455 1087 οὔτε
2506 1034 2615 1087 τῶν
2662 1034 3143 1105 προηγησαμένων
3192 1036 3285 1087 ἐπὶ
3454 1035 3729 1107 πρεσϐείᾳ

2143 1124 2406 1196 ῥημάτων
2440 1124 2730 1190 ἐπιείκεια,
2762 1125 2888 1178 οὕτε
2945 1124 3265 1195 ἀπειληθεὶς
3294 1126 3459 1195 φόϐος
3520 1128 3725 1198 μέτρια

2139 1218 2231 1269 τὸν
2268 1210 2565 1287 Γεζέριχού
2621 1220 2839 1288 φρονεῖν
2896 1216 3242 1287 ἠνάγκασενο
3282 1217 3569 1286 ἄπρακτον
3609 1219 3725 1287 γὰρ

2141 1307 2236 1361 καὶ
2264 1307 2354 1362 τὸν
2380 1308 2587 1379 Βλήδαν
2612 1309 2932 1379 ἀπέπεμπε,
2970 1312 3063 1362 καὶ
3092 1311 3148 1373 ἐς
3166 1309 3265 1380 τὴν
3287 1310 3537 1363 Σικελίαν
3559 1309 3725 1374 αὖθις

2145 1401 2238 1453 καὶ
2269 1402 2327 1463 ἐς
2353 1401 2452 1471 τὴν
2477 1402 2767 1473 πρόσοικον
2792 1402 2927 1471 αύτῇ
2966 1401 3199 1455 Ἰταλίαν
3228 1401 3459 1472 δύναμιν
3478 1403 3723 1473 διαπεμο

2138 1489 2381 1560 ψάμενος
2432 1494 2613 1546 πᾶσαν
2653 1492 2834 1562 ἐδῄου.
2873 1492 2952 1555 Ὀ,
2977 1492 3034 1545 δὲ
3078 1492 3296 1555 Ἀϐιτος
3324 1493 3351 1543 ὁ
3388 1492 3498 1544 τῶν
3550 1494 3724 1545 ἑσπεο

453 1600 635 1645 torum
697 1588 1061 1651 meminisset.
1116 1586 1200 1641 sin
1262 1585 1460 1648 minus,
1520 1599 1598 1649 se,
1647 1595 1703 1639 et
1748 1585 2033 1641 domestice

2148 1582 2277 1653 ρίων
2333 1584 2622 1653 Ῥωμαίων
2688 1583 2940 1652 βασιλεὺς
2994 1582 3362 1653 ἐπρεσϐεύετο
3410 1584 3505 1636 καὶ
3555 1584 3723 1647 αὐτὸς

456 1681 722 1745 exercitu,
749 1687 801 1733 et
834 1675 1136 1732 auxiliariis
1167 1675 1336 1743 copiis
1381 1674 1601 1743 fretum,
1647 1676 1847 1731 bellum
1888 1693 2044 1747 para-

2144 1673 2295 1743 παρά
2314 1673 2403 1728 τὸν
2426 1675 2465 1726 Γ
2468 1674 2737 1746 εζέριχον,
2762 1675 2871 1726 τῶν
2899 1674 3067 1727 πάλαι
3090 1675 3255 1728 αὑτὸν
3285 1677 3721 1747 ὑπομιμνήσκων

455 1781 659 1825 turum.
702 1768 769 1824 Et
822 1769 969 1823 misit
1020 1780 1151 1823 sane
1194 1766 1538 1824 Recimerum
1582 1770 1867 1839 patricium
1913 1785 2033 1825 cum

2148 1765 2410 1828 σπονδῶν,
2437 1764 2503 1828 ἃς
2539 1766 2588 1817 εί
2619 1764 2695 1836 μὴ
2717 1765 3010 1833 φυλάττειν
3044 1766 3238 1832 ἕλοιτο,
3264 1766 3358 1820 καὶ
3408 1768 3572 1821 αὑτὸν
3606 1785 3720 1823 πα-

453 1864 695 1919 exercitu
724 1862 790 1917 in
807 1860 1081 1918 Siciliam.

527 2128 583 2184 8.
620 2128 845 2183 Retuaui
878 2128 930 2183 in
948 2126 1268 2191 Colchidem
1316 2130 1545 2199 profeeti
1587 2130 1727 2187 bello
1773 2132 2036 2189 adversus

454 2218 626 2274 Laxos
652 2220 951 2285 decertant,
986 2236 1084 2275 nec
1117 2222 1285 2275 multo
1314 2232 1436 2290 post
1475 2224 1841 2279 Romanorum
1874 2239 2029 2279 εχει-ο

454 2313 594 2367 citus
623 2312 690 2366 ad
730 2326 829 2366 sua
878 2311 1059 2366 rediit.
1083 2310 1215 2367 Cum
1264 2322 1443 2368 autem
1495 2313 1795 2385 imperator
1860 2317 2035 2371 demto

454 2402 650 2458 bellum
682 2413 925 2474 repetere
962 2415 1325 2473 praepararet,
1371 2407 1666 2461 consitium
1706 2407 1931 2475 habuit,
1967 2422 2035 2463 an

452 2497 642 2552 eadem
684 2496 768 2549 via
819 2496 1101 2560 insistens,
1143 2512 1210 2551 an
1260 2512 1357 2567 per
1400 2498 1713 2553 Armeniam
1747 2498 2032 2554 Persarum

454 2602 619 2658 regno
645 2587 942 2655 continent,
987 2590 1090 2643 lide
1131 2590 1281 2658 prius
1320 2589 1388 2643 ab
1420 2587 1739 2644 Parthorum
1786 2605 1911 2657 rege
1939 2606 2033 2645 ac-

448 2690 629 2751 cepta.
662 2681 858 2736 bellum
905 2678 1151 2735 inferret.
1200 2679 1310 2750 74
1343 2681 1557 2735 Etenim
1592 2698 1714 2736 cum
1759 2682 2033 2738 Colchidis

455 2783 551 2822 ora
580 2778 725 2824 esset
749 2770 1111 2840 importuosa,
1144 2784 1321 2839 neque
1351 2771 1470 2826 loca
1502 2773 1701 2828 vadosa
1742 2784 2036 2844 praeterna-

453 2859 638 2929 vigare
666 2868 867 2929 posset,
898 2875 1045 2914 mare
1072 2860 1175 2915 sibi
1224 2862 1584 2932 undequaque
1632 2863 1889 2919 infestum
1914 2867 2033 2921 exi-

455 2946 735 3004 stimabat.
761 2947 1007 3005 Gobazes
1032 2965 1248 3021 quoque
1288 2951 1495 3023 legatos
1522 2954 1668 3008 misit
1712 2956 1775 3010 ad
1808 2954 2035 3013 Parthos

454 3046 510 3095 et
541 3040 607 3097 ad
636 3040 1015 3111 imperatorem
1046 3042 1433 3100 Romanorum.
1468 3047 1535 3101 Et
1562 3045 1887 3103 Parthowm
1915 3051 2035 3118 qui-

456 3130 579 3184 dem
621 3146 712 3187 rex
736 3175 750 3201 ,
791 3135 915 3204 quia
970 3134 1167 3189 bellum
1211 3136 1283 3189 illi
1318 3146 1438 3191 erat
1475 3154 1597 3193 cum
1628 3138 1857 3201 llunuis.
1892 3156 2030 3210 quos

2064 1837 2108 1892 Β
2139 1855 2605 1928 ρασκευάσασθαι,
2658 1856 2856 1924 πλήθει
2895 1874 2955 1909 τε
2986 1856 3174 1927 οἰκείῳ
3227 1857 3454 1911 πίσυνον
3504 1861 3601 1913 καὶ
3650 1863 3719 1932 τῇ

2137 1950 2246 2004 τῶν
2281 1950 2586 2020 συμμάχων
2602 1949 2913 2020 ἐπικουρία.
2950 1951 3208 2021 Ἐπεμπε
3240 1950 3298 2003 δὲ
3348 1952 3443 2003 καὶ
3480 1953 3573 2006 τὸν
3602 1970 3718 2006 πα-

2136 2042 2344 2112 τρίκιον
2371 2042 2392 2071 ³
2425 2040 2683 2110 Ῥεκίμερ
2702 2043 2757 2104 ἐς
2783 2040 2880 2110 τὴν
2907 2040 3159 2095 Σικελίαν
3187 2042 3283 2094 σὺν
3319 2042 3562 2113 στρατῷ.

2208 2132 2280 2205 η’.
2318 2133 2444 2187 Ὅτι
2472 2132 2580 2186 τῶν
2619 2130 2908 2202 Ῥωμαίων
2956 2132 3015 2195 ἐς
3046 2131 3289 2203 Κόλχους
3320 2132 3585 2186 ἐλθόντων
3623 2135 3723 2189 καὶ

2139 2223 2524 2295 συμϐαλόντων
2550 2222 2571 2255 ³
2599 2222 2835 2293 πόλεμον
2861 2224 2996 2292 πρὸς
3022 2221 3253 2291 Λαζοὺς,
3283 2224 3311 2275 ό
3346 2224 3444 2293 μὲν
3477 2221 3723 2293 Ῥωμαῖ-

2138 2315 2231 2379 κδς
2272 2315 2502 2386 στρατὸς
2530 2316 2585 2379 ἐς
2609 2316 2676 2367 τὰ
2705 2315 2947 2385 σφέτερα
2968 2313 3349 2380 ἐπανέζευξεν,
3383 2316 3478 2368 καὶ
3502 2318 3553 2368 οί
3576 2318 3719 2387 ἀμφὶ

2135 2408 2205 2462 τὰ
2236 2408 2480 2479 βασίλεια
2501 2408 2638 2480 πρὸς
2664 2407 2764 2479 τὴν
2795 2407 2991 2479 ἑτέραν
3013 2408 3193 2479 μάχην
3218 2409 3719 2480 παρεσκευάζοντο,

2138 2499 2516 2572 βουλευόμενοι
2545 2500 2772 2571 πότερον
2807 2498 2907 2570 τὴν
2932 2499 3102 2569 αὐτὴν
3129 2500 3162 2570 ἦ
3191 2502 3288 2569 τὴν
3315 2499 3385 2553 δι’
3426 2502 3721 2571 Ἀρμενίας

2134 2592 2232 2661 τῆς
2269 2591 2496 2662 Περσῶν
2528 2589 2713 2661 χώρας
2768 2591 3065 2662 προσοίκου
3092 2590 3453 2661 πορευθέντες
3479 2592 3598 2645 ὁδὸν
3629 2593 3721 2645 τὸν

2136 2684 2373 2752 πόλεμον
2399 2674 2689 2747 ἐπάξουσι,
2712 2683 2979 2753 πρότερον
3022 2682 3292 2754 πρεσϐείᾳ
3323 2682 3414 2736 τὸν
3446 2682 3720 2753 μόναρχον
3751 2684 3760 2691 ”

2135 2774 2242 2828 τῶν
2304 2774 2628 2845 Παρθυαίων
2677 2777 2998 2838 πείσαντεςο
3064 2774 3208 2828 κατά
3274 2776 3383 2845 γὰρ
3435 2775 3713 2829 θάλατταν

2136 2867 2337 2938 ἄπορος
2364 2854 2679 2930 αὐτοῖς-’πᾶν
2698 2867 2715 2896 ⁸
2749 2866 3033 2936 ἐνομίζετο
3072 2867 3169 2929 τὰς
3190 2866 3500 2936 δυσχωρίας
3537 2884 3723 2937 παρα·

2136 2957 2311 3024 πλεῖν,
2346 2956 2603 3026 ἀλιμένου
2634 2956 2731 3025 τῆς
2754 2954 2963 3025 Κόλχου
2989 2954 3383 3024 τυγχανούσης.
3423 2953 3480 3007 '0
3507 2954 3566 3007 δὲ
3603 2955 3721 3007 Γωο

2137 3051 2308 3119 ϐἁζης
2339 3048 2703 3120 ἐπρεσϐεύετο
2736 3050 2833 3117 μὲν
2864 3047 2958 3099 καὶ
3013 3047 3177 3111 αὐτὸς
3212 3047 3362 3117 παρά
3393 3046 3520 3108 τοὺς
3570 3046 3721 3117 Παρ-

2137 3142 2379 3205 θυαίους,
2439 3138 2807 3211 ἐπρεσϐεύετο
2861 3137 2919 3190 δὲ
2980 3136 3076 3190 καὶ
3132 3138 3284 3208 παρά
3330 3136 3430 3189 -τδν
3489 3135 3720 3206 βασιλέα

453 3222 726 3280 Cidaritas
747 3200 1030 3291 vocabant,
1050 3224 1216 3281 Lazos
1239 3226 1307 3281 ad
1332 3242 1391 3282 se
1412 3228 1785 3300 confugientes
1813 3200 2023 3300 reiecit.

2149 3200 2465 3303 Ῥωμαίων.
2515 3200 2627 3284 kal
2658 3232 2687 3283 ὀ
2745 3228 2844 3299 μὲν
2905 3229 3013 3282 τῶν
3054 3200 3286 3297 Πάρθων
3317 3200 3611 3298 μόναρχος,
3635 3224 3719 3289 ὡς

454 3314 690 3386 πολέμου
739 3314 889 3385 αὐτῷ
947 3317 1343 3387 συνισταμένου
1398 3318 1535 3388 πρὸς
1598 3318 1832 3384 Ούννους
1887 3325 2012 3387 τοὺς
2050 3324 2351 3399 Κιδαρίτας
2405 3320 2798 3390 καλουμένους,
2855 3317 3190 3371 ἀπεσείσατο
3243 3316 3567 3389 παράὺτὺν
3590 3319 3720 3381 τοὺς

452 3404 666 3470 Λαζοὺς
696 3407 1162 3475 καταφεύγοντας.

526 3498 581 3551 9.
615 3497 697 3565 (Ρ.
727 3496 792 3549 Α.
814 3496 877 3550 C.
901 3496 1029 3551 456.
1059 3495 1227 3551 Leon.
1250 3496 1585 3569 ;imp.'iuit.)
1616 3498 1750 3554 Cum
1786 3501 2031 3559 Balame—

456 3601 559 3643 rus
592 3585 791 3658 Scytha
829 3584 1034 3643 foedera
1062 3587 1357 3643 violaretet
1385 3589 1751 3647 Romanorum
1786 3595 2032 3665 regiones

458 3679 894 3750 depopularetur,
932 3688 988 3734 et
1038 3680 1237 3736 multas
1283 3683 1445 3737 urbes
1473 3694 1766 3750 everteret,
1801 3684 2030 3743 Romani

456 3771 523 3825 ad
547 3786 668 3825 eum
696 3768 898 3841 legatos
923 3770 1212 3839 miserunt,
1242 3771 1333 3841 qui
1363 3771 1430 3827 de
1457 3788 1589 3843 pace
1612 3774 1807 3830 violata
1831 3792 2030 3845 quereo

460 3868 673 3917 rentur.
706 3859 771 3915 Et
802 3870 858 3916 ut
885 3862 1139 3932 deinceps
1165 3878 1194 3917 a
1220 3865 1464 3919 vexanda
1494 3866 1891 3923 incursionibus
1920 3867 2031 3925 Ro-

458 3967 742 4007 manorum
775 3952 992 4023 regione
1027 3954 1347 4019 abstineret,
1402 3965 1672 4011 trecentas
1712 3959 1829 4013 auri
1872 3959 2034 4015 libras

457 4043 533 4099 illi
560 4045 847 4114 quotannis
874 4045 1009 4100 solvi
1040 4047 1460 4104 constituerunt.
1498 4048 1716 4103 Dicebat
1747 4053 1891 4105 enim
1921 4066 2032 4106 sua:

458 4136 637 4204 gentis
660 4134 1057 4193 multitudinem
1088 4151 1268 4193 rerum
1295 4139 1722 4193 necessariarum
1756 4141 1931 4210 inopia
1966 4140 2032 4195 ad

457 4225 652 4281 bellum
684 4241 742 4281 se
768 4228 1120 4283 convertisse.

528 4317 616 4372 10.
649 4314 729 4387 (C.
763 4316 916 4371 A.'C.
958 4318 1080 4385 565,
1117 4318 1230 4373 Ind.
1273 4319 1328 4388 ὅ,
1372 4319 1540 4375 Leon.
1573 4320 1651 4389 9.)
1685 4312 2032 4389 Geusericus,

457 4424 581 4464 cum
613 4424 719 4464 non
752 4408 981 4478 amplius
1032 4408 1326 4465 fmderibus
1359 4427 1480 4465 cum
1526 4411 1821 4481 Majoriauo
1860 4414 2034 4483 pactis

458 4510 606 4555 stare
665 4499 1073 4565 constituisset,
1122 4498 1485 4556 Vandalorum
1538 4510 1593 4556 et
1639 4501 2033 4557 Maurusiorum

458 4590 857 4644 multitudinem
892 4591 959 4643 ad
1003 4591 1354 4646 vastationem
1387 4592 1552 4647 Italia:
1593 4603 1645 4647 et
1687 4591 1887 4650 Siciliae
1931 4595 2032 4649 im-

462 4681 630 4733 misit.
658 4678 1003 4735 Marcellinus
1037 4682 1203 4749 enim,
1243 4682 1353 4751 jam
1397 4694 1523 4737 ante
1566 4684 1739 4739 insula
1775 4697 2032 4750 cesserat,

2204 3502 2271 3555 θ’.
2315 3501 2440 3553 Ὅτι
2473 3496 2567 3551 τοῦ
2600 3495 2915 3567 Βαλάμερος
2944 3494 3039 3550 τοῦ
3078 3493 3290 3548 Σκύθου
3322 3495 3719 3565 παρασπονδή-

2134 3610 2326 3656 σαντος
2354 3593 2447 3644 καὶ
2496 3588 2695 3650 πολλὰς
2732 3586 2919 3649 πόλεις
2966 3587 3322 3657 δῃωσαμένου
3374 3586 3468 3640 καὶ
3523 3586 3715 3657 χώρας

2144 3682 2481 3754 Ῥωμαϊκὰς,
2515 3680 2763 3750 ἔπεμπον
2812 3678 2942 3749 παρ’
2973 3679 3138 3731 αὑτὸν
3179 3679 3228 3731 οί
3280 3679 3541 3748 Ῥωμαῖοι
3583 3681 3719 3749 πρέ-

2135 3777 2306 3840 σϐεις,
2337 3776 2385 3828 οἳ
2413 3774 2563 3845 αὐτῷ
2586 3772 2681 3826 τοῦ
2714 3770 3083 3841 νεωτερισμοῦ
3119 3770 3555 3841 κατεμέμφοντο,
3594 3774 3713 3837 καὶ,

2133 3869 2275 3923 ὥστε
2310 3869 2386 3939 μὴ
2419 3862 2577 3931 αὖθις
2611 3866 2712 3936 τὴν
2740 3864 2924 3936 χώραν
2953 3864 3351 3934 καταδραμεῖν,
3386 3865 3714 3933 τριακοσίας

2133 3964 2323 4034 λίτρας
2352 3963 2539 4032 φέρειν
2593 3960 2739 4030 αὐτῷ
2774 3959 3009 4012 ἑκάστου
3063 3957 3216 4020 ἔτους
3249 3957 3473 4021 ἔταξαν
3506 3959 3706 4011 σπάνει

2134 4054 2245 4124 γάρ
2274 4052 2383 4105 τῶν
2402 4049 2718 4119 ἀναγκαίων
2753 4047 2957 4119 ἔφραζε
2992 4047 3129 4118 πρὸς
3154 4047 3392 4117 πόλεμον
3420 4047 3482 4101 τὸ
3508 4048 3712 4101 οἰκεῖον

2133 4142 2485 4209 διαναστῆναι
2508 4139 2733 4210 πλῆθος.

2208 4318 2260 4373 ι’.
2294 4319 2415 4370 Ὅτι
2441 4318 2469 4370 ὁ
2497 4315 2788 4387 Γεζέριχος
2823 4314 3006 4369 οὐκέτι
3036 4315 3156 4378 ταῖς
3183 4313 3320 4385 πρὸς
3371 4313 3714 4383 Μαῖοριανδν

2134 4409 2407 4473 τεθείσαις
2441 4409 2693 4472 σπονδαῖς
2724 4407 2975 4478 ἐμμένων
3006 4405 3294 4476 Βανδήλων
3320 4405 3415 4459 καὶ
3443 4406 3707 4475 Μαυρου-

2139 4506 2269 4561 σίων
2296 4503 2501 4575 πλῆθος
2543 4503 2634 4557 ἐπὶ
2686 4501 2884 4574 δῃώσει
2918 4504 3017 4573 τῆς
3054 4499 3283 4563 Ἰταλίας
3315 4500 3411 4554 καὶ
3458 4499 3711 4562 Σικελίας

2136 4598 2373 4669 ἔπεμπε,
2405 4594 2777 4666 Μαρκελλίνου
2806 4592 2907 4663 ἤδη
2955 4591 3221 4662 πρότερον
3256 4590 3355 4660 τῆς
3379 4592 3545 4661 νήσου
3578 4592 3712 4642 ἀνα-

2138 4687 2489 4759 χωρήσαντος
2519 4684 2608 4738 διά
2635 4681 2697 4735 τὸ
2728 4680 3029 4751 Ῥεκίμερα
3054 4677 3386 4750 παρελέσθαι
3418 4677 3581 4730 αὑτὸν
3610 4678 3711 4745 τῆς

461 4781 750 4841 propterea
780 4776 920 4844 quod
941 4773 1280 4841 Recimerus,
1309 4776 1401 4847 qui
1430 4777 1547 4846 ejus
1578 4778 1863 4848 imperium
1897 4780 1947 4834 in
1974 4795 2032 4835 se

2141 4780 2416 4849 δυνάμεως
2468 4772 2843 4846 ἐθελήσαντα,
2905 4769 3032 4834 τοὺς
3076 4769 3493 4841 παρεπομένους
3558 4767 3709 4836 αὐτῷ

380 4940 384 4947 1
416 4868 421 4873 ’
464 4864 680 4918 trahere
726 4861 1010 4935 studebat,
1052 4868 1315 4924 militibus
1355 4869 1472 4939 ejus
1512 4871 1768 4939 pecunias
1807 4870 2029 4942 largitus

344 4950 345 4953 “
382 4986 385 5009 ;
458 4966 599 5022 erat,
627 4956 805 5029 (erant
836 4968 1013 5014 autem
1062 4960 1175 5016 fere
1218 4977 1407 5018 omnes
1450 4960 1709 5034 Scythae.)
1764 4979 1871 5032 quo
1926 4963 2030 5018 illis

460 5051 811 5118 persuaderet
849 5066 879 5104 a
908 5050 1218 5107 Marcellino
1255 5053 1505 5109 deficere.
1530 5054 1739 5127 vitaque
1765 5053 2031 5109 Marcelli-

460 5154 563 5194 nus
586 5137 771 5194 Sicilia
798 5150 1128 5208 excesserat,
1160 5144 1362 5199 veritus
1393 5145 1635 5210 insidias,
1674 5147 1799 5214 quia
1838 5146 2031 5215 opibus

461 5247 584 5285 cum
624 5230 910 5287 Recimero
952 5234 1171 5290 minime
1206 5246 1417 5292 certare
1463 5246 1694 5305 poterat.
1737 5235 1897 5291 Missa
1952 5244 2036 5292 est

462 5323 623 5392 igitur
661 5324 727 5378 ad
766 5323 1120 5382 Genserieum
1154 5327 1349 5397 legatio
1382 5344 1396 5380 :
1429 5337 1541 5383 tum
1568 5344 1597 5383 a
1628 5328 1932 5394 Recimero,
1968 5345 2035 5385 ne

2138 4873 2349 4935 Σκὶθας
2382 4864 2542 4942 (ἦσαν
2578 4869 2635 4922 δὲ
2664 4870 2721 4921 ἐν
2752 4865 3025 4928 πλείστοις
3058 4864 3304 4931 ἀνδράσι)
3343 4860 3709 4933 παραπείθειν

2136 4964 2435 5033 χρήμασιν,
2460 4960 2603 5012 ὥστε
2627 4960 2833 5011 ἐκεῖνον
2862 4956 2962 5027 μὲν
2982 4955 3286 5021 ἀπολιπεῖν,
3304 4950 3707 5024 ἀφικέσθαι⁵...

2136 5053 2505 5122 εὐλαϐηθέντα
2540 5052 2639 5121 τὴν
2680 5048 2973 5119 ἐπιϐουλὴν
3002 5049 3084 5121 (ού
3136 5048 3246 5118 γὰρ
3280 5046 3709 5115 ἀντιφιλοτιμεῖ-

2140 5145 2264 5197 σθαι
2293 5143 2369 5213 τῷ
2402 5142 2724 5213 Ῥεκίμερος
2756 5139 2980 5194 ἐδύνατο
3029 5139 3265 5208 πλούτῳ)
3295 5139 3394 5209 τῆς
3452 5135 3708 5198 Σικελίας

2133 5234 2523 5305 ὑπονοστῆσαι.
2556 5233 2863 5287 Ἐστέλλετο
2879 5229 2972 5287 οὖν
2998 5234 3092 5286 καὶ
3124 5230 3273 5302 παρά
3294 5230 3385 5284 τὸν
3418 5227 3709 5299 Γεζέριχον

2134 5325 2421 5396 πρεσϐεία,
2447 5323 2605 5377 τοῦτο
2638 5325 2735 5393 μὲν
2788 5324 2939 5395 παρὰ
2991 5320 3085 5376 τοῦ
3122 5321 3438 5391 Ῥεκίμερος
3460 5360 3475 5384 ,
3510 5319 3586 5383 ὠς
3642 5319 3707 5370 ού

460 5413 663 5472 hedera
692 5416 953 5474 violaret:
999 5428 1107 5474 tum
1143 5421 1210 5476 ab
1246 5435 1331 5488 eo,
1364 5421 1454 5492 qui
1488 5421 1627 5491 apud
1657 5420 1933 5477 Romanos
1966 5422 2021 5475 in

2141 5421 2211 5473 δεῖ
2240 5418 2627 5490 κατολιγωρεῖν
2652 5418 2811 5470 αὐτὸν
2837 5417 2858 5447 ⁸
2897 5416 3007 5470 τῶν
3051 5415 3318 5484 σπονδῶν,
3344 5412 3504 5469 τοῦτο
3522 5413 3579 5466 δὲ
3608 5413 3709 5465 καὶ

1739 5537 1977 5593 γΑιιιΑε
2032 5534 2443 5591 LECTIONES.

490 5650 555 5734 ν’
580 5649 669 5701 τὸν
699 5650 986 5734 πατρίκιον
1179 5650 1327 5734 παρά
1374 5651 1475 5734 τὸν.
1514 5652 1658 5734 vulg.

458 5721 602 5769 εἶναι
658 5721 802 5787 conj.
864 5721 931 5775 N.

463 5786 643 5840 αὔτῶν
690 5789 834 5856 vulg.

1768 5654 1789 5725 ξ
1842 5671 1905 5725 συ
1914 5653 2281 5725 μϐαλλόντωνΔ
2314 5652 2458 5721 vulg.

1035 5722 1055 5752 ⁸
1090 5719 1383 5791 ἀφικέσθαι
1428 5723 1486 5777 δὲ
1546 5719 1684 5793 πρὸς
1734 5719 1925 5779 αὐτόν.’
1978 5724 2124 5777 τοῦτ’
2163 5722 2387 5793 ἐποίησε
2414 5719 2524 5774 ’τὸν
2570 5720 2943 5790 Μαρκελλῖνον
2982 5720 3168 5777 εύλαϐ.
3200 5719 3266 5774 Ν.

2557 5650 2575 5681 ⁸
2609 5650 2812 5720 ἄπορος
2856 5651 3040 5713 αὐτοῖς
3085 5650 3244 5770 πᾶνὺ
3267 5650 3471 5716 ἄπορον
3520 5650 3655 5700 αὐτο

2570 5720 2943 5770 Μαρκελλῖνον
2982 5720 3168 5770 εύλαϐ.
3252 5758 3266 5770 .
3370 5720 3390 5752 ⁸
3418 5718 3580 5770 αὑτὸν
3609 5717 3655 5769 ιι

3418 5734 3580 5772 αυτον
3609 5734 3677 5769 ιι.
3690 5754 3707 5780 ,

3267 5650 3471 5716 ἄπορον
3520 5646 3709 5710 αὐτοῖς
3798 5662 3821 5685 υ
