2003 3107
165 134 219 167 753

548 136 596 165 DE
616 136 897 169 LEGATIONIBUS
916 139 1160 173 ROMANORUM
1181 144 1230 175 AD
1249 144 1405 176 GENTES.

1722 141 1728 143 ’
1741 147 1796 180 7st

166 188 240 223 παρὰ
255 187 300 214 τοῦ
316 187 479 223 κρατοῦντος
489 189 543 214 τῶν
553 190 582 215 ὲν
596 191 628 225 τῇ
643 191 700 225 ’Έῳ
717 191 872 226 Ῥωμαίων,
883 194 915 227 ὲφ

1005 195 1114 223 Oriente
1128 204 1219 225 rerum
1240 199 1403 233 potiebatur,
1421 204 1451 228 ut
1468 201 1502 228 ab
1517 200 1595 230 italia
1605 202 1736 231 et-Sicilia
1751 205 1795 232 sb-

163 233 214 266 τῆς
231 232 354 262 Σικελίας
377 233 425 258 καὶ
439 232 493 267 ξτῆς
519 233 635 266 Ἰταλίας
661 235 811 271 ἀπέχεσθαι
835 239 882 264 καὶ⁸
904 239 954 270 τὰς

165 276 315 311 βασιλείους
323 277 478 311 ἐκπέμπειν
489 280 632 311 γυναῖκας.
649 280 840 316 Γεξέριχοςξδὲ,
849 284 954 311 πολλῶν

165 322 233 357 πρὸς
250 322 330 348 αὑτὸν
354 322 532 356 πρεσϐευτῶν
548 325 618 351 κατὰ
641 325 786 361 διαφόρους
801 328 954 356 σταλέντων

167 369 280 403 χρόνους
293 369 316 399 ⁷,
347 368 396 399 τὰς
413 370 544 402 γυναῖκας
561 371 590 396 οὐ
610 372 742 407 πρότερον
758 373 874 408 διαφῆκε
889 376 953 411 πρὶν

165 415 182 448 ἣ
199 415 249 447 τὴν
276 414 465 449 πρεσϐυτέραν
482 415 536 441 τῶν
562 416 767 445 Βαλεντινιανοῦ
795 420 952 456 θυγατέρων

169 459 298 493 (Εὺξοκὲα
310 460 337 485 δὲ
349 457 381 494 ἦν
394 459 478 495 ονομα
493 460 572 495 αὐτῇ)
581 461 711 498 Ὀνορίχῳ
727 464 766 499 τῷ
773 465 869 491 ἑαυτοῦ
880 467 954 494 παιᾶ

168 505 381 539 κατενεγγύησε.
393 500 459 531 Τὸτὲ
470 506 523 541 γὰρ
533 507 579 533 καὶ
600 508 649 543 τὴν
664 509 790 542 Εὑδοξίαν
799 511 848 545 τὴν
863 512 954 538 Θεοδο-

168 550 226 576 σίου
241 549 377 584 θυγατέρα
389 551 539 586 ἀπέπεμπε
553 552 601 579 σὺν
615 553 748 590 Πλακιδὶᾳ
758 557 790 590 τῇ
807 556 889 591 ἑτέρᾳ
902 557 954 584 αὺ-

167 596 218 629 τῆς
237 596 361 630 θυγατρὶ,
376 597 408 632 ἣν
423 598 592 632 ἐγεγαμήκει
610 599 758 635 Ὀλύόριος.
788 602 840 628 Τοῦ
856 603 885 628 δὲ
904 603 954 634 τὰς

174 639 290 671 Ἰταλίας
302 641 348 667 καὶ
358 642 483 668 Σικελίαν
500 642 578 678 δῃοῦν
589 643 602 669 ὁ
620 643 763 680 Γεζέριχος
771 646 821 672 οὐκ
835 647 952 682 ἀπέστη,

168 686 235 712 ἀλλὰ
248 686 348 720 μᾶλλον
363 687 449 718 αὐτὰς
472 688 624 723 ἐξεπόρθει,
641 690 709 724 μετὰ
724 691 769 718 τὸν
787 692 952 727 Μαῖοριανὸν

168 731 308 766 βουληθεὶς
324 731 477 766 βασιλεύειν
492 733 546 759 τῶν
563 735 591 760 ἐν
606 736 638 770 τῇ
657 735 782 772 Ἑσπέρῳ
805 737 949 773 Ῥωμαίων

174 775 313 810 Ὸλύϐριον
327 776 337 790 ⁸
353 775 397 802 διὰ
407 776 456 811 τὴν
469 777 499 809 ἐξ
511 778 661 813 ἐπιγαμίας
673 782 844 814 συγγένειαν.

203 819 248 847 ια’.
265 820 327 846 Ὅτι
343 822 388 846 ἐπὶ
404 822 517 853 Λέοντος
535 823 667 858 βασιλέως
704 826 846 861 Ῥωμαίων
870 829 953 864 ἐπρε-

167 866 279 892 σὸεύετο
295 867 369 902 παρὰ
381 867 430 902 μὲν
443 868 594 902 Βανδήλους
610 859 795 905 ὑπὲρἸταλιῦν
812 859 951 907 Τατιανὺς,
969 859 991 887 Β

165 912 195 938 ὲν
215 913 247 947 τῇ
259 912 312 939 τῶν
326 913 478 948 πατρικίων
502 914 565 949 ἀξίᾳ
581 916 807 951 καταλεγόμενος,
824 920 899 954 παρὰ
925 921 953 947 δὲ

166 958 276 994 Πέρσας
292 961 490 993 Κωνστάντιος,
522 962 612 996 τρίτον
639 963 688 997 μὲν
706 964 755 998 τὴν
767 966 776 981 ⁹
799 965 918 1000 ἔπαρχον
931 966 952 981 ¹⁰

165 1003 256 1030 λαϐὼν
267 1005 363 1039 ἀρχὴν,
380 1005 447 1040 πρὸς
459 1005 486 1032 δὲ
503 1007 535 1041 τῇ
555 1007 673 1042 ὑπατικῇ
691 1007 753 1043 ἀξίᾳ
769 1010 815 1035 καὶ
832 1010 881 1044 τῆς
898 1019 952 1036 πα-

168 1050 336 1084 τρικιὸτητος
351 1050 451 1085 τυχών.
475 1052 529 1078 Καὶ
543 1052 673 1084 Τατιανὺς
691 1053 740 1088 μὲν
760 1055 792 1080 ἐκ
813 1055 952 1090 Βανδήλων

170 1094 250 1125 εὐθὺς
265 1095 401 1130 ἄπρακτος
417 1097 586 1132 ἀνεχώρησε,
602 1098 655 1124 τῶν
673 1099 754 1126 αὑτοῦ
770 1101 821 1127 ὑπὸ
841 1101 888 1127 τοῦ
904 1102 954 1128 Γε-

169 1138 276 1174 ζερίχου
294 1141 332 1175 μὴ
350 1141 573 1176 παραδεχθέντων
599 1143 705 1177 λόγων·
731 1145 745 1170 ὁ
763 1145 791 1171 δὲ
813 1145 953 1172 Κωνσταν-

167 1193 223 1215 τιος
239 1186 270 1220 τῇ
289 1185 409 1222 Ἐδέσσῃ,
432 1186 573 1222 Ῥωμαῖκῇ
595 1188 681 1221 πόλει,
703 1191 842 1226 προσοίκῳ
856 1192 883 1218 δὲ
904 1193 953 1226 τῆς

168 1230 279 1264 Περσῶν
295 1231 396 1266 χώρας,
413 1233 618 1266 ὲγκατέμεινεν,
633 1234 794 1267 ἐσδέξασθαι
809 1236 890 1263 αὑτὸν
907 1238 954 1264 ἐπὶ

168 1276 235 1302 πολὺ
255 1277 497 1313 διαναὸαλλομένου
513 1279 559 1305 τοῦ
581 1280 734 1315 Παρθυαῖον
752 1282 898 1316 μονάρχου.

205 1322 247 1357 ιβ’.
261 1323 321 1349 ’Ὁτι
330 1323 375 1349 τὸν
387 1325 575 1352 Κωνστάντιον
587 1326 632 1352 τὸν
649 1327 818 1362 πρεσϐευτὴν
829 1329 857 1354 ὲν
867 1330 900 1364 τῇ
909 1330 953 1356 Ἐ-

168 1367 250 1402 δέσσῃ
258 1368 351 1402 χρόνον
362 1369 550 1404 ἐπιμείναντα,
564 1372 601 1402 ὡς
612 1372 719 1406 εἴρηταί
735 1381 790 1407 μοι,
819 1375 868 1408 τῆς
887 1383 954 1410 πρε-

170 1411 262 1442 σϐείας
276 1413 350 1447 πέρι,
365 1414 426 1440 τότε
444 1414 552 1446 ἐδέξατο
563 1416 576 1441 ὸ
591 1416 702 1450 Περσῶν
718 1417 851 1452 μόναρχος
863 1420 891 1450 ἐς
906 1419 954 1455 τὴν

169 1456 359 1491 σφετέρανμαὶ
368 1459 432 1493 παρ’
443 1459 523 1486 αὑτὸν
532 1461 915 1496 ἁφικέσθαιιπροσέταξενρύκ
926 1466 954 1491 ὲν

168 1503 227 1532 ταῖς
237 1503 354 1536 πόλεσιν,
367 1504 434 1531 ἀλλὰ
444 1505 498 1540 γὰρ
509 1507 537 1532 ὲν
547 1508 601 1538 τοῖς
612 1507 748 1543 μεθορίοις
763 1509 852 1536 αὐτῶν
866 1518 894 1536 τε
906 1511 952 1537 καὶ

170 1546 277 1574 Οὗννων
284 1549 336 1575 τῶν
346 1550 500 1585 Κιδαριτῶν
509 1551 556 1582 τὰς
565 1552 705 1587 διατριϐὰς
719 1554 878 1588 ποιούμενος
888 1555 908 1570 “

169 1593 243 1627 αὖτῷ
258 1594 398 1622 συνίστατο
419 1597 509 1623 αἰτίαν
522 1597 601 1631 ἔχων,
620 1598 657 1630 ὡς
680 1599 743 1630 τοὺς
771 1600 869 1634 φόρους
899 1601 952 1628 τῶν

169 1638 278 1666 Οὕννων
291 1641 327 1675 μὴ
343 1641 540 1677 κομιζομένων,
557 1643 603 1675 οὓς
613 1645 638 1671 οἱ
650 1645 733 1671 παλαι
751 1645 800 1680 μὲν
817 1646 870 1673 τῶν
882 1647 953 1682 Περ-

170 1683 223 1709 σῶν
237 1686 283 1710 καὶ
307 1685 421 1720 Πάρθων
437 1687 624 1721 βασιλεύοντες
652 1689 753 1716 ἔθεντο.
767 1687 817 1717 Ὧν
831 1691 845 1716 ὁ
861 1692 952 1727 πατὴρ

169 1728 230 1764 [τὴν
244 1731 290 1757 τοῦ
308 1732 402 1767 φόρου]
415 1733 643 1768 ἀπαρνησάμενος
674 1735 826 1772 ἀπαγωγὴν
845 1737 890 1763 τὸν
906 1737 953 1764 πό-

169 1774 251 1809 λεμον
281 1776 437 1811 ὑπεδέξατο,
471 1779 620 1806 καὶτοῦ-εον
645 1781 712 1815 μετὰ
740 1784 788 1817 τῆς
817 1783 952 1818 βασιλείας

170 1821 332 1857 παρέπεμψε
345 1823 383 1858 τῷ
400 1824 487 1856 παιδὶ,
505 1824 575 1851 ὥστε
602 1828 661 1857 ταῖς
695 1827 795 1862 μάχαις
814 1830 953 1865 ὲπιτριῦο-

171 1867 268 1900 μένους
285 1869 348 1900 τοὺς
366 1870 472 1905 Πέρσας
491 1871 585 1907 ἀπάτῃ
612 1872 738 1907 ἐθελῆσαι
758 1874 807 1909 τὴν
822 1875 875 1901 τῶν
887 1875 953 1902 Οὕν-

168 1922 221 1939 νων
248 1913 326 1942 λῦσαι
350 1915 491 1950 διαφορὰν,
508 1917 554 1942 καὶ
576 1916 644 1951 δῆτα
673 1918 879 1953 διαπέμψασθαι
907 1921 952 1947 τὶν

168 1958 309 1994 Πειρώζην
327 1960 416 1995 (τοῦτο
426 1962 479 1996 γὰρ
493 1960 526 1997 ἧν
542 1962 626 1997 ὄνομα
641 1963 679 1998 τῷ
697 1964 757 1990 τότε
775 1965 889 1999 Περσῶν
903 1966 952 2000 βα-

169 2003 312 2040 σιλεύοντι)
328 2006 396 2041 πρὸς
408 2007 453 2033 τὸν
473 2008 600 2043 Κούγχαν
610 2009 655 2035 τὸν
666 2009 774 2036 Οὓννων
789 2011 951 2045 ἡγούμενον,

169 2050 206 2082 ὡς
234 2051 283 2086 τὴν
310 2053 379 2088 πρὸς
408 2054 487 2080 αὑτὸν
505 2055 525 2070 ¹²
541 2055 696 2090 ἀσμενίζων
719 2056 830 2092 εἰρήνην
851 2057 896 2083 ὲπί
922 2067 952 2084 τε

171 2097 312 2132 συμμαχία
326 2099 486 2126 σπένδεσθαι
512 2099 643 2134 βούλοιτο,
672 2101 719 2128 καὶ
734 2101 784 2136 τὴν
798 2101 880 2128 αὐτοῦ
894 2111 954 2129 κατ-

168 2143 255 2178 εγγυᾷ
287 2144 415 2179 ἁδελιρήν.
445 2145 588 2172 Νεώτατον
611 2146 665 2181 γὰρ
692 2147 774 2173 αὐτὸν
790 2145 859 2174 εἶναι
892 2156 953 2174 συν-

1005 241 1118 270 stineret
1143 248 1171 270 et
1197 245 1285 280 regias
1312 246 1440 274 mulieres
1468 247 1601 275 redderet.
1630 248 1795 277 Gensericus

1004 295 1080 321 vero,
1105 289 1196 317 multis
1216 291 1250 317 ad
1271 297 1332 318 eum
1359 299 1393 319 es
1414 291 1530 319 diversis
1551 293 1674 326 partibus
1700 294 1804 328 legatis—

1004 333 1107 366 missis,
1122 342 1174 362 non
1189 339 1254 363 ante
1266 336 1394 364 mulieres
1411 337 1546 371 liberavit,
1561 345 1641 373 quam
1662 339 1794 374 majorem

1004 383 1068 406 natu
1086 379 1199 407 filiarum
1215 380 1414 415 Valentiniani,
1434 382 1720 417 Eudociam-nomine,
1739 384 1798 412 Ho-

1004 424 1118 452 noricbo
1135 425 1189 453 alio
1204 426 1395 461 desponderet.
1419 427 1496 455 Tunc
1527 429 1600 456 enim
1622 429 1770 458 Eudoxiam
1784 451 1793 465 ,

1005 469 1148 499 Theodosii
1159 471 1256 504 filiam,
1270 472 1374 500 remisit
1390 480 1451 501 cum
1470 473 1603 507 Placidia,
1618 475 1676 509 ejus
1689 483 1793 507 sorore.

1004 523 1084 550 quam
1096 516 1173 544 duxit
1183 516 1320 552 Olybrius.
1338 519 1430 553 Neque
1447 526 1480 547 eo
1490 520 1578 547 secius
1588 520 1691 548 Italiam
1707 526 1734 548 ct
1749 521 1793 549 ει-

1004 561 1092 588 ciliam
1110 558 1275 591 Geusericus
1288 568 1395 592 vastare
1410 565 1525 598 destitit,
1540 566 1589 593 sed
1604 566 1687 594 multo
1703 568 1805 603 magis

1003 607 1131 635 saeviebat
1147 613 1207 642 post
1224 614 1338 637 mortem
1352 609 1504 644 Maioriani,
1526 619 1587 639 cum
1604 611 1743 648 Olybrium
1758 614 1792 640 ad

1005 650 1147 686 imperium
1169 652 1325 681 Occidentis
1341 652 1493 689 provehere
1511 660 1622 690 propter
1636 655 1804 684 affinitatem.

1004 704 1037 724 ex
1050 698 1153 733 nuptiis
1166 699 1308 734 cogitaret.

1039 827 1083 856 li.
1101 827 1158 856 Sub
1174 828 1276 862 Leone,
1293 829 1478 858 Romanorum
1495 831 1668 867 imperatore,
1686 833 1804 868 legatus:

1004 880 1054 908 pro
1075 873 1147 901 Italis
1170 874 1203 902 ad
1222 874 1356 903 Vandalus
1381 876 1520 911 profectus
1540 882 1582 905 est
1603 876 1743 910 Tatianus,
1765 879 1805 906 in,

1003 919 1179 953 patriciorum
1199 928 1342 948 numerum
1354 922 1537 956 conscriptus,
1558 923 1591 950 ad
1609 924 1707 951 Persas
1727 931 1805 951 vero.

1003 963 1187 997 Constantius,
1201 966 1312 993 tertium
1331 966 1485 1001 prtefectus,
1503 973 1531 996 et
1544 976 1596 996 una
1617 977 1678 997 cum
1692 977 1792 998 consu-

1002 1010 1060 1038 latu
1083 1010 1242 1045 patriciatus
1269 1012 1429 1046 dignitatem
1457 1014 1578 1043 sortitus.
1606 1014 1639 1042 Et
1663 1014 1792 1043 Talianus

1003 1055 1111 1090 quidem
1124 1064 1139 1084 a
1159 1056 1286 1086 Vandalis
1309 1058 1379 1086 intra
1397 1059 1478 1087 breve
1496 1064 1612 1095 tempus,
1635 1068 1663 1089 re
1681 1061 1789 1092 infecta.

1004 1108 1129 1130 reversus
1140 1106 1182 1130 est
1196 1104 1344 1138 repudiatis
1356 1111 1371 1131 a
1384 1104 1532 1133 Genserico
1542 1105 1617 1141 pacis
1628 1105 1796 1133 eonditioni~

1003 1147 1064 1174 bus.
1076 1147 1251 1176 Constantius
1267 1156 1331 1177 vero
1347 1149 1467 1182 Edessa,
1485 1158 1549 1185 qua
1559 1151 1623 1179 urbs
1634 1156 1677 1179 est
1692 1151 1719 1178 il
1734 1151 1795 1181 Rue.

1004 1200 1144 1220 manorum
1168 1194 1270 1222 ditione
1281 1195 1367 1230 posita
1382 1200 1410 1223 et
1422 1195 1512 1224 Persis
1528 1197 1714 1229 contermina,
1726 1197 1800 1224 sub-2

1004 1238 1084 1271 stitit,
1105 1239 1131 1265 in
1148 1246 1201 1273 qua
1225 1239 1306 1274 longo
1322 1245 1443 1275 tempore
1460 1247 1644 1270 commoratus
1657 1247 1709 1275 est,
1729 1250 1804 1270 cum.

1004 1283 1048 1310 diu
1063 1291 1124 1311 eum
1145 1284 1198 1319 75
1212 1285 1356 1313 admittere
1369 1286 1531 1315 Parthorum
1548 1288 1737 1316 rex..dil'erret.
1834 1286 1837 1287 ⁷

1042 1329 1085 1356 12.
1103 1329 1222 1359 Tandem
1234 1330 1377 1359 Persarum
1396 1339 1442 1359 rex
1457 1332 1644 1360 Constantium
1661 1334 1790 1369 legatum,
1823 1359 1829 1369 ,

1005 1375 1050 1410 qui
1062 1375 1151 1411 longo,
1175 1381 1306 1412 tempore,
1334 1382 1364 1404 ut
1394 1378 1523 1411 diximus,
1550 1378 1692 1414 legationis
1709 1387 1791 1406 causa

1005 1420 1114 1449 Edesste
1127 1422 1295 1456 substiterat,
1307 1422 1334 1450 iu
1349 1431 1425 1450 suam
1437 1425 1575 1459 regionem
1593 1424 1703 1452 admisit
1712 1425 1805 1453 ettadt

1005 1473 1034 1494 se
1047 1465 1138 1493 venire
1147 1465 1236 1500 jussit.
1253 1467 1285 1494 Et
1298 1474 1344 1494 rex
1359 1468 1468 1502 quidem
1481 1473 1544 1496 tunc
1555 1469 1685 1503 temporis
1697 1475 1751 1495 non
1763 1468 1802 1495 in.

1005 1512 1128 1546 urbibus,
1144 1513 1191 1541 sed
1207 1513 1234 1540 in
1249 1513 1374 1542 confiniis
1390 1514 1508 1549 regionis
1522 1522 1578 1542 suae
1587 1519 1615 1542 et
1628 1514 1788 1542 Hunnorum

1003 1557 1184 1585 Cidaritarum
1207 1562 1328 1586 moratus
1342 1566 1403 1586 cum
1424 1558 1581 1587 Hunnorum
1605 1567 1668 1593 rege
1691 1559 1789 1587 bellqu

1002 1603 1122 1637 gerebat,
1134 1607 1275 1640 propterea
1290 1605 1361 1639 quod
1377 1604 1467 1632 Hunni
1481 1605 1592 1632 minime
1604 1605 1733 1632 tributum
1750 1605 1792 1632 iu-

1003 1649 1138 1682 ferebant,
1153 1649 1224 1684 quod
1249 1649 1301 1677 illis
1322 1649 1386 1677 olim
1407 1650 1551 1678 Persarum
1573 1655 1601 1678 et
1629 1650 1791 1678 Parthorum
1805 1672 1812 1677 ί

1004 1695 1283 1730 regesituposuerant.
1294 1695 1327 1723 Et
1336 1696 1406 1731 regis
1422 1695 1582 1724 Hunnorum
1599 1700 1678 1731 pater
1696 1696 1791 1724 tributi

1003 1740 1149 1769 illationem
1169 1747 1295 1774 renuens,
1306 1740 1404 1768 bellum
1422 1744 1574 1775 exceperat,
1586 1740 1658 1775 quod
1682 1740 1791 1774 quidem
1804 1762 1813 1768 μ

1004 1794 1055 1814 uua
1065 1794 1125 1814 cum
1138 1794 1221 1822 regno
1239 1787 1272 1814 ad
1283 1786 1368 1814 lilium
1384 1787 1573 1815 transmiserat
1584 1794 1591 1813 :
1603 1786 1689 1814 donee
1702 1785 1799 1814 Persis.

1002 1833 1116 1868 longiori
1137 1833 1208 1860 bello
1225 1832 1380 1867 defatigatis
1405 1833 1479 1861 venit
1501 1834 1528 1860 in
1549 1838 1667 1861 mentem
1692 1832 1807 1860 bellum.

1003 1886 1064 1905 cum
1082 1878 1185 1906 llunnis
1206 1878 1304 1909 fraudo
1316 1878 1405 1907 finire.
1419 1879 1513 1913 Itaque
1525 1879 1638 1906 Peroses
1651 1878 1702 1913 (sic
1716 1878 1789 1905 enim

1003 1923 1145 1951 Persarum
1161 1930 1207 1950 rex
1229 1923 1384 1956 vocabatur)
1407 1924 1440 1950 ad
1457 1923 1606 1956 Concham,
1629 1922 1791 1950 Hunnorum
1809 1945 1811 1947 .

1003 1976 1103 2003 regem,
1121 1968 1205 2000 misit,
1222 1972 1348 2003 tanquam
1370 1968 1450 1996 vellet
1473 1975 1534 1996 cum
1555 1968 1608 1996 illis
1632 1975 1724 2003 pacem
1745 1967 1792 1995 tir-

1004 2018 1124 2041 mareet
1141 2021 1277 2041 armorum
1295 2014 1454 2041 societatem
1470 2013 1586 2049 iungere
1606 2018 1634 2041 et
1655 2013 1695 2040 illi
1713 2020 1790 2041 suam

1004 2067 1124 2087 sororem
1141 2059 1205 2087 dare
1218 2066 1342 2087 uxorem.
1359 2058 1405 2086 ille
1426 2059 1498 2086 enim
1512 2063 1570 2087 erat
1585 2064 1645 2087 tum
1659 2059 1730 2087 forte
1742 2059 1791 2087 ad-

1004 2106 1057 2133 huc
1071 2106 1174 2141 junior,
1187 2113 1273 2140 neque
1283 2105 1346 2133 dum
1361 2105 1461 2132 liberos
1474 2104 1542 2133 ullos
1555 2104 1711 2133 sustulerat.
1725 2105 1791 2139 Qui-
1803 2129 1808 2131 .

1004 2153 1054 2180 bus
1069 2151 1241 2180 sermonibus
1265 2158 1325 2178 cum
1343 2150 1469 2178 Conchas
1485 2154 1560 2178 esset
1577 2157 1714 2183 assensus,
1737 2158 1789 2178 non

167 2187 273 2220 ἐδαινε,
290 2189 337 2216 καὶ
357 2190 470 2225 μηδέπω
494 2192 597 2218 παίδων
622 2190 691 2218 εἶναι
708 2193 824 2229 πατέρα.
848 2194 900 2221 Τὸν
924 2194 953 2223 δὲ

1007 2203 1096 2225 tamen
1112 2196 1220 2224 Perosis
1237 2202 1358 2224 sororem
1373 2194 1400 2222 in
1416 2195 1622 2222 matrimonium
1641 2195 1727 2228 duxit,
1743 2196 1790 2223 sed

168 2233 385 2268 προσδεξάμενον
406 2236 468 2268 τοὺς
486 2237 582 2270 λόγους
601 2238 745 2272 γήμασθαι
759 2239 790 2265 οὐ
820 2239 867 2266 τοῦ
891 2240 953 2266 Πει-

170 2279 258 2312 ρώζου
286 2280 412 2316 ἀδελφὴν,
437 2282 495 2309 ἀλλ’
523 2283 621 2318 ἑτέραν
652 2285 770 2317 γυναῖκα
807 2285 953 2320 βασιλικῶς

168 2324 406 2361 διακοσμηθεῖσαν,
422 2328 455 2363 ἦν
480 2329 493 2354 ὁ
507 2329 619 2363 Περσῶν
643 2329 777 2364 μόναρχος
794 2330 948 2366 ἐξέπεμψε,

169 2365 374 2407 παρεγγυήσας,
400 2374 438 2405 ὡς
465 2374 542 2401 οὐδὲν
573 2374 622 2409 μὲν
644 2376 871 2402 ἀνακαλύπτουσα
899 2376 952 2404 τῶν

168 2415 411 2453 ἑσχηματισμένων
423 2419 560 2454 βασιλείας
578 2420 624 2446 καὶ
639 2421 814 2455 εὐδαιμονίας
832 2421 951 2457 μεθέξει,

168 2461 317 2496 ὲκλέγουσα
335 2464 363 2490 δὲ
383 2465 596 2501 τὴψύπόκρισιν
621 2465 736 2493 θάνατον
757 2466 812 2498 ἕξει
832 2466 950 2502 ζημίαν·

167 2507 198 2533 οὐ
214 2508 267 2544 γὰρ
285 2509 426 2542 ἀνέξεσθαι
442 2510 463 2526 ¹³
488 2510 534 2537 τδν
556 2511 711 2546 Κιδαριτῶν
738 2512 857 2546 ἄρχοντα
872 2513 952 2548 θερά-

168 2561 268 2580 παιναν
275 2553 348 2589 ἔχειν
363 2555 486 2590 γαμετὴν
503 2556 563 2582 ἀντὶ
576 2556 624 2590 τῆς
637 2554 667 2583 εὖ
685 2557 842 2591 γενομένης.
852 2558 954 2584 Τούτου

167 2597 248 2632 χάριν
263 2600 445 2634 σπεισάμενος
460 2601 474 2627 ὁ
488 2599 630 2635 Πειρώζης
643 2601 712 2636 πρὸς
724 2601 769 2627 τδν
783 2601 836 2628 τῶν
846 2601 955 2629 Οὒννων

167 2642 320 2678 ἡγούμενον
333 2645 383 2671 οὐκ
397 2646 443 2672 ἐπὶ
457 2646 524 2675 πολὺ
535 2647 585 2681 τῆς
607 2646 715 2682 ἀπάτης
741 2647 870 2674 ἀπώνατο
879 2656 886 2663 ο
907 2649 952 2674 εὑ-

1006 2243 1088 2270 aliam
1103 2243 1242 2270 mulierem
1255 2242 1329 2276 regio
1339 2241 1415 2269 cultu
1429 2241 1601 2269 adornatam.
1615 2240 1689 2268 Hanc
1700 2245 1798 2270 autem.

1006 2288 1150 2316 Persarum
1168 2294 1216 2315 rex
1231 2287 1316 2320 misit.
1327 2290 1367 2320 ut,
1384 2286 1407 2314 si
1425 2286 1499 2315 nihil
1515 2293 1609 2313 eorum
1631 2293 1689 2318 quae
1705 2286 1790 2321 finge-

1006 2334 1117 2366 bantur,
1130 2333 1296 2365 enuntiaret,
1316 2332 1398 2368 regias
1417 2332 1556 2360 felicitatis
1573 2332 1732 2367 participem
1747 2331 1790 2358 fu-

1007 2380 1119 2403 turam:
1136 2375 1177 2402 sin
1199 2375 1298 2408 minus,
1322 2379 1350 2402 et
1374 2375 1502 2403 simulata
1525 2376 1672 2411 detegeret,
1696 2376 1791 2413 mortis

1005 2420 1166 2455 supplicium
1184 2420 1344 2447 subituram.
1363 2420 1422 2448 Non
1433 2421 1503 2448 enim
1523 2428 1664 2455 passurum
1683 2421 1803 2448 Cidari-.

1007 2471 1094 2494 tarum
1109 2473 1211 2500 regem,
1224 2473 1334 2493 ux0rem
1351 2473 1380 2493 se
1395 2466 1496 2493 habere
1514 2466 1621 2494 servilis
1629 2466 1796 2494 conditionis.

1005 2519 1054 2547 pro
1073 2512 1188 2547 ingenua
1204 2515 1232 2538 et
1251 2511 1345 2539 nobili.
1357 2511 1423 2539 Cum
1440 2511 1522 2547 igitur
1533 2511 1576 2539 his
1590 2511 1789 2543 conditionibus

1003 2557 1118 2584 Peroses
1132 2563 1226 2591 pacem
1242 2547 1304 2583 'cum
1321 2555 1477 2583 Hunnorum
1493 2563 1556 2591 rege
1570 2555 1716 2589 sanxisset,
1735 2562 1795 2587 non

1004 2602 1043 2629 illi
1062 2602 1105 2630 diu
1130 2609 1179 2629 sua
1199 2601 1273 2629 fraus
1294 2601 1403 2629 utilitati
1426 2607 1453 2629 et
1478 2602 1576 2630 fructui
1610 2602 1669 2631 fuit.
1697 2602 1791 2629 MulietI

1003 2648 1088 2676 enim.
1107 2648 1205 2677 timens
1221 2655 1255 2676 ue
1273 2647 1296 2675 si
1308 2647 1377 2675 forte
1392 2655 1439 2683 per
1452 2647 1519 2676 alios
1527 2648 1560 2680 de
1571 2655 1619 2676 sua
1635 2647 1790 2675 conditione

827 2703 944 2732 νΑιιιλΕ
971 2704 1174 2733 LECTIONES.

507 2762 518 2778 ⁸
534 2762 678 2798 νὈλύσριον
701 2763 734 2798 t‘l.
750 2782 758 2795 ,

256 2759 360 2794 χρόνων
387 2761 461 2823 vulg.
507 2762 518 2778 ⁸
537 2762 678 2798 Ὀλύσριον
701 2763 734 2790 Ν.
750 2782 758 2795 ,
789 2763 869 2803 Ὀλύβ

273 2795 302 2833 _‘_‘
322 2795 433 2833 πρὸς-ο
454 2806 465 2829 ς
497 2797 615 2833 πόλεμος
641 2797 715 2833 αὺτῷ
742 2798 814 2826 coni.
836 2798 869 2826 Ν.

166 2793 243 2830 vulg.
274 2795 302 2830 ς)
322 2795 394 2830 πρὸς
404 2829 407 2830 ν
419 2804 433 2822 ο

168 2829 240 2864 Vulg.
272 2828 361 2863 ἔξεστι
387 2829 420 2859 ii.

797 2763 928 2799 Ολύϐριος
954 2764 1027 2800 vulg.
1078 2765 1153 2799 ’τὴν
1180 2772 1236 2792 om.
1267 2764 1338 2799 vulg.

797 2798 814 2826 ί.
836 2798 869 2826 Ν.
925 2799 946 2815 ¹⁹
961 2799 1042 2826 αὑτὸν
1067 2800 1113 2832 Η.,
1144 2798 1234 2827 αὐτῶν
1266 2799 1338 2834 vulg.

1397 2764 1418 2779 ¹⁰
1437 2762 1556 2797 ἔπαρχον
1583 2763 1653 2796 Val.,
1686 2762 1789 2790 ὕπατον

1078 2765 1153 2799 ’τὴν
1180 2772 1236 2792 om.
1267 2764 1339 2799 vulg.
1397 2764 1418 2779 ¹⁰
1437 2764 1556 2831 ἔπαξρχον
1583 2764 1653 2796 Val.,
1681 2764 1789 2807 ρπατον

1078 2800 1113 2832 -l.,
1144 2798 1234 2827 αὐτῶν
1266 2799 1338 2834 vulg.
1394 2798 1415 2814 ”
1434 2798 1480 2825 ἀνὲ
1500 2797 1576 2824 εσθαι
1609 2798 1653 2832 Ν.,
1682 2797 1789 2835 aetoliet
