4006 6214
313 277 419 339 757

1086 281 1180 339 DE
1225 280 1791 343 LEGATIONIBUS
1840 283 2327 348 ROMANORUM
2366 287 2466 347 AD
2504 286 2819 347 GENTES.

3472 290 3576 351 758

313 394 474 450 ποσὶν
499 390 652 462 εὖροι
703 392 880 446 καίων
909 408 968 445 τε
994 394 1088 446 καὶ
1120 394 1388 461 φονεύων,
1422 397 1518 448 καὶ
1545 397 1643 466 τὴν
1675 396 1891 467 πρώτηπ

2011 401 2191 456 animo
2211 403 2494 466 conscivit,
2518 412 2573 457 et
2596 403 2805 471 fugiens
2826 401 3081 471 quidquid
3105 410 3229 456 ante
3256 403 3420 471 pedes
3448 418 3577 458 suos

308 487 409 555 τῆς
467 484 808 545 Μακεδονίας
836 484 1014 546 πόλιν,
1052 486 1180 548 τοὺς
1234 488 1467 551 Στόϐους
1502 491 1570 553 ’⁸,
1601 492 1894 562 ἐπόρθησε,

310 590 407 630 και
439 577 549 629 τῶν
578 592 642 643 γε
683 576 1038 645 στρατιωτῶν
1063 577 1173 629 τῶν
1232 578 1407 649 ταύτῃ
1439 581 1896 652 ὲμφρουρούντων

309 668 435 729 τοὺς
468 665 831 729 ἀντιστάντας
855 666 1204 721 ἀπέκτεινεν.
1247 669 1332 732 Ὠς
1363 671 1421 724 δὲ
1471 676 1537 743 τῇ
1574 675 1897 730 Θεσσαλονί-

310 770 384 827 κῃ
413 755 643 823 ἐγγύθεν
672 755 977 825 ἐφεδρεύων
1001 756 1246 828 ἠγγέλθη
1281 760 1309 811 ὀ
1346 761 1655 833 Βάρϐαρος,
1693 766 1892 820 αὐτίκα

306 849 361 900 οἱ
395 848 607 900 πολῖται
638 847 959 916 νομίσαντες
990 849 1055 900 ὲκ
1108 848 1264 912 δόλου
1308 851 1378 904 τά
1408 853 1465 905 ὲν
1497 855 1562 923 τῇ
1595 856 1894 927 προτεραίᾳ

310 938 658 1005 ἀνεγνῶσθαι
706 938 1010 1007 γράμματα
1074 941 1169 994 καὶ
1227 942 1328 1012 τήν
1384 944 1545 998 πόλιν
1605 945 1889 1015 βούλεσθαι

310 1032 541 1099 Ζήνωνά
590 1047 647 1081 τε
689 1030 782 1084 καὶ
811 1030 974 1083 αὐτὸν
1023 1033 1219 1104 ἐκείνῳ
1257 1037 1617 1105 παραδοῦναι,
1652 1056 1892 1109 συστρα-

314 1122 507 1189 φέντες
534 1124 590 1174 ιν
630 1124 812 1189 σφίσιν
845 1125 1028 1187 αὐτοῖς
1048 1125 1149 1188 τὰς
1177 1126 1270 1180 τοῦ
1294 1130 1541 1199 Ζήνωνος
1572 1132 1772 1200 στήλας
1802 1151 1893 1186 κα-

313 1212 638 1267 ταϐάλλουσι
670 1214 874 1280 πάσας,
909 1217 1006 1269 καὶ
1032 1218 1194 1271 αὐτὸν
1218 1221 1565 1289 ὁρμήσαντες
1593 1222 1684 1275 τὸν
1711 1223 1891 1293 ὓπαρ-

312 1320 405 1373 χον
430 1304 498 1335 ’θ’
526 1303 736 1371 ἕτοιμοι
792 1305 1090 1361 διασπάσαι
1128 1304 1288 1378 ἦσαν,
1346 1312 1412 1364 Οί
1436 1313 1493 1365 δὲ
1526 1315 1890 1383 κομισάμενοι

312 1395 424 1464 πῦρ
453 1396 545 1448 ἐπὶ
567 1395 625 1449 τὸ
651 1396 870 1466 ἀρχεῖον
892 1399 1281 1469 ἐμπιμπράναι
1300 1402 1545 1471 ἔμελλον,
1570 1407 1617 1457 εί
1649 1406 1723 1477 μὴ
1754 1406 1889 1459 ὑπο-

313 1487 623 1553 φθάσαντες
682 1489 751 1541 τά
784 1505 844 1540 τε
881 1489 1000 1560 ίερά
1053 1492 1185 1561 γένη
1234 1494 1395 1551 arato!
1428 1496 1488 1548 ὲν
1538 1499 1658 1559 ταῖς
1712 1496 1892 1561 ἀξίαις

310 1572 628 1644 ὲξήρπασάν
657 1591 717 1627 τε
741 1576 906 1629 αὐτὸν
928 1579 1027 1647 τῆς
1058 1578 1230 1649 ὀργῆς
1251 1583 1348 1651 τῆς
1371 1584 1463 1637 τοῦ
1498 1585 1560 1657 δή
1572 1604 1695 1655 μου,
1719 1589 1893 1642 καὶτὸ

308 1665 585 1719 ἀτακτοῦν
605 1668 791 1735 λόγοις
814 1669 1015 1737 πραέσι
1067 1672 1421 1727 κατέστειλαν
1459 1676 1730 1743 λέγοντες,
1768 1680 1890 1733 οὕτε

1998 490 2241 557 oﬂ‘endit,
2278 491 2415 545 ussit
2439 500 2494 544 et
2524 491 2757 551 necavit,
2798 498 2856 544 et
2895 489 3145 557 primam,
3184 502 3305 556 qum
3336 488 3391 542 ili
3420 488 3576 544 obvia

1999 583 2123 649 fuit,
2156 580 2484 637 Macedonia
2513 581 2725 645 urbem,
2750 580 2967 645 Stobos,
2998 577 3216 641 evertit,
3247 586 3302 633 et
3321 578 3575 643 militum,

1996 676 2088 744 qui
2128 675 2237 729 illic
2273 675 2324 727 in
2372 673 2658 743 przesidiis,
2704 682 2882 735 erant,
2921 685 3132 734 omnes,
3179 670 3269 739 qui
3320 670 3577 727 resistere

1996 766 2286 831 audebant,
2322 763 2608 819 interfecit.
2637 761 2707 816 Ut
2740 777 2869 817 vero
2899 762 3200 815 nuntiatum
3234 767 3341 824 est,
3368 759 3575 815 Barba?

1998 873 2115 912 rum
2145 855 2584 911 Thessalonicem
2618 864 2826 923 petere,
2869 854 3054 909 statim
3106 852 3256 907 urbis
3283 853 3474 907 incolae
3508 852 3577 908 ad

1996 949 2241 1003 fraudem
2311 928 2612 1000 faciendam
2673 944 2884 1000 litteras
2926 942 3113 1013 pridie
3144 943 3403 998 recitatas
3456 957 3580 998 esse

1991 1038 2277 1108 suspicati,
2316 1047 2372 1091 et
2404 1035 2677 1090 Zenonem
2720 1035 3000 1103 ipsumque
3033 1033 3348 1104 praefectum
3375 1035 3578 1092 habere

1993 1132 2046 1187 in
2089 1132 2271 1185 animo
2323 1129 2510 1184 urbem
2544 1126 2781 1181 Barbare
2813 1127 3046 1188 tradere,
3097 1124 3362 1180 seditione
3398 1124 3573 1189 facta,

1992 1222 2110 1291 ejus
2130 1230 2339 1275 statuas
2368 1218 2649 1287 dejiciunt,
2680 1226 2735 1272 et
2757 1216 3072 1286 praefectum
3106 1217 3365 1285 aggressi,
3397 1218 3464 1271 ad
3495 1216 3577 1285 ip-

1993 1328 2114 1369 sum
2160 1312 2535 1367 mulctaudum
2576 1310 2747 1380 parati
2779 1316 2957 1372 erant,
2987 1316 3040 1361 et
3086 1306 3419 1376 praetorium,
3455 1307 3578 1376 igne

1995 1403 2164 1467 illato,
2195 1403 2585 1466 incendissent,
2612 1400 2717 1456 nisi
2742 1399 2875 1455 ordo
2906 1412 3056 1453 sacra
3082 1397 3493 1465 procurantinm
3522 1406 3580 1451 et
3635 1405 3649 1411 '

1994 1496 2342 1564 magistratus
2390 1491 2823 1563 praevenientes,
2878 1488 3057 1558 populi
3115 1488 3209 1541 ira:
3263 1485 3577 1557 praefectum

1992 1587 2383 1642 subduxissent
2419 1593 2475 1638 et
2502 1583 2739 1639 furorem
2771 1579 2942 1651 plebis
2982 1578 3193 1635 blandis
3213 1576 3395 1633 verbis
3430 1590 3577 1631 com-

1994 1678 2350 1747 pescuissent.
2404 1675 2667 1730 Dicebant
2703 1674 2871 1733 enim.
2913 1685 3038 1725 eum
3082 1684 3191 1724 non
3231 1682 3352 1723 esse
3383 1668 3576 1723 horum

313 1756 477 1809 αὑτὸν
499 1757 672 1810 αῖτιον
704 1756 843 1813 εἶναι
870 1760 1090 1839 τούτου,
1120 1762 1242 1815 οὔτε
1261 1764 1350 1817 τὸν
1380 1765 1603 1835 βασιλέα
1637 1770 1702 1839 τῇ
1735 1770 1887 1823 πόλει

1996 1770 2261 1824 maiorum
2287 1782 2534 1829 causam,
2562 1779 2736 1833 neque
2769 1764 3151 1831 imperatorem
3185 1758 3329 1813 male
3358 1758 3576 1812 consul-

304 1862 361 1898 τι
392 1847 709 1920 δυσχερὲςῆ
750 1836 925 1906 κακὸν
991 1851 1401 1921 βεϐουλεῦσθαι,
1451 1858 1550 1927 τῆς
1576 1876 1635 1911 τε
1657 1836 1888 1930 gestem;

311 1936 508 2005 χρῆναι
541 1940 873 2008 ποιήσασθαι
905 1944 1175 2016 φυλακὴν,
1210 1947 1317 2017 ὅτῳ
1350 1948 1417 2001 ἂν
1444 1949 1672 2005 ἐθέλωσι
1696 1954 1791 2005 καὶ
1829 1953 1889 2007 δν

311 2026 573 2095 ἡγοῦνται
591 2031 780 2084 πιστὸν
804 2033 1198 2102 ἐπιτρέποντες
1217 2038 1442 2109 ταύτην.
1462 2042 1526 2094 Οἱ
1548 2042 1718 2107 δὲτὰς
1744 2044 1890 2109 κλεῖς

313 2116 422 2168 τῦν
455 2118 635 2171 πυλῶν
655 2122 720 2174 ἐκ
735 2122 830 2175 τοῦ
850 2124 1095 2196 ὑπάρχου
1130 2127 1384 2192 λαϐόντες
1406 2129 1481 2199 τῷ
1502 2132 1753 2205 ἀρχιερεῖ
1780 2135 1891 2189 ἔδο-

323 2225 443 2272 σαν,
498 2212 589 2263 καὶ
619 2214 721 2266 ἀπὸ
758 2216 869 2269 τῶν
899 2218 1127 2273 ἐνόντων
1159 2222 1404 2293 φρουρὰν
1432 2224 1759 2294 ἐπενόησαν,
1814 2227 1891 2291 ὡς

314 2298 591 2367 ἠδύναντο,
627 2302 904 2377 πλείπην,
945 2310 1040 2363 καὶ
1061 2310 1153 2365 τὸν
1178 2313 1482 2382 στρατηγὸν
1511 2313 1796 2386 ἔστεργον.

392 2571 479 2623 Ἐν
510 2570 564 2623 δὲ
595 2573 769 2643 τούτῳ
804 2576 832 2627 ὁ
861 2575 1046 2645 Ζήνων
1092 2559 1395 2649 πυθόμενος
1441 2581 1532 2636 τὸν
1581 2584 1888 2655 κατέχοντα

304 2667 570 2731 κίνδυνον,
621 2670 717 2723 καὶ
771 2670 895 2724 ἰδὼν
920 2709 936 2736 ,
968 2672 1068 2738 ὡς,
1102 2674 1315 2739 οὐδενὸς
1362 2676 1685 2748 βουλομένου
1717 2683 1893 2752 μάχε-

314 2759 460 2821 σθαι,
488 2759 708 2828 ἄριστον
743 2761 829 2829 εἴη
870 2762 1119 2826 σπονδαῖς
1162 2763 1237 2827 ὡς
1284 2764 1341 2817 ὲν
1399 2770 1587 2832 κακοῖς
1644 2771 1897 2840 μετρίαις

1990 1869 2102 1915 tum
2128 1857 2333 1913 civitati
2364 1856 2522 1921 velle,
2554 1863 2649 1908 aut
2676 1852 2749 1906 illi
2786 1853 3011 1905 adversa
3032 1863 3250 1918 cupere.
3277 1847 3385 1917 79
3402 1845 3579 1916 Opor-

1993 1960 2107 2007 tere
2142 1964 2275 2005 sane
2304 1948 2614 2018 diligentem
2638 1942 2938 1998 custodiam
2967 1940 3202 1996 civitatis
3221 1954 3401 2011 agere,
3432 1952 3577 1995 eam-

1991 2056 2097 2110 que
2136 2038 2474 2095 committere
2519 2036 2604 2090 cui
2653 2031 2920 2089 voluerint
2974 2044 3243 2099 quemque
3276 2031 3377 2085 sibi
3412 2030 3574 2083 (idum

1991 2146 2115 2188 esse
2144 2127 2516 2201 cognoverint.
2554 2126 2741 2195 Itaque
2767 2124 2946 2179 claves
2973 2121 3214 2180 civitatis
3248 2136 3276 2175 a
3320 2119 3577 2191 praefecto

1995 2230 2342 2291 acceperunt,
2388 2228 2444 2274 et
2486 2218 2899 2287 archiepiscopo
2953 2214 3329 2280 tradiderunt,
3367 2219 3477 2265 tum
3508 2225 3573 2263 ex

1995 2318 2082 2373 his
2131 2313 2345 2384 opibus,
2396 2326 2519 2383 quae
2572 2310 2673 2365 sibi
2730 2318 2839 2364 tum
2890 2306 3149 2377 temporis
3199 2303 3575 2374 suppetebant,

1996 2423 2157 2479 quam
2180 2405 2647 2476 diligentissimam
2671 2410 2963 2472 potuerunt
2993 2398 3296 2456 custodiam
3324 2396 3576 2452 institue-

1999 2510 2124 2557 runt
2147 2508 2201 2556 et
2232 2499 2422 2553 ducem
2445 2496 2747 2564 elegerunt.

2070 2592 2277 2647 Interea
2296 2590 2445 2645 Zeno
2462 2603 2582 2643 cum
2608 2587 2822 2641 audiret
2846 2585 3139 2640 imminens
3169 2580 3493 2654 periculum,
3522 2588 3586 2634 et

2002 2686 2207 2740 videret
2266 2682 2529 2752 optimum
2578 2694 2719 2745 esse,
2784 2677 3219 2746 quandoquidem
3268 2688 3428 2729 nemo
3476 2687 3577 2740 pu-

2002 2792 2170 2849 gnare
2222 2776 2456 2837 volebat,
2512 2772 2911 2829 conditionibus
2963 2779 3023 2823 ut
3074 2769 3127 2823 in
3186 2766 3363 2823 dubiis
3417 2766 3581 2820 rebus

311 2852 410 2919 τῆς
468 2851 578 2902 τῶν
626 2852 834 2907 πόλεων
881 2852 1087 2923 φθορᾶς
1143 2856 1385 2926 ἐπισχεῖν
1430 2858 1521 2913 τὸν
1571 2860 1891 2932 Βάρϐαρον,

2003 2868 2330 2941 aequissimis
2367 2867 2665 2920 Barbarum
2696 2864 2764 2918 ab
2786 2862 3001 2917 urbium
3040 2861 3213 2916 ruinis
3252 2868 3306 2915 et
3347 2857 3577 2913 excidiis

321 2943 722 3013 Ἀρτεμίδωρον
744 2945 954 3014 πέμπει
1007 2946 1103 2998 καὶ
1146 2949 1342 3003 Φωκᾶν
1368 2951 1461 3003 τὸν
1483 2953 1573 3005 ὅτε
1602 2949 1670 3024 ἦν
1703 2973 1905 3026 στρατ-

2009 2972 2275 3027 avertere,
2301 2957 2699 3017 Artemidorum
2728 2953 2892 3009 mittit
2922 2963 2975 3008 et
2997 2952 3254 3017 Phocam,
3281 2950 3373 3021 qui
3404 2947 3580 3003 Zeno-

309 3035 443 3135 :irb;
488 3035 820 3135 redeuntis
855 3036 1003 3135 αιξτῷ
1031 3039 1129 3109 τῆς
1160 3041 1338 3109 ἀρχῆς
1367 3042 1519 3097 ὅντα.
1548 3046 1611 3098 Οἳ
1641 3047 1888 3114 ἐλθόντες

1997 3062 2103 3124 nis,
2137 3069 2256 3111 cum
2291 3052 2395 3105 duit
2429 3058 2568 3111 erat,
2604 3045 2780 3100 scriba
2826 3044 3025 3099 fuerat.
3072 3045 3141 3097 Hi
3171 3042 3445 3114 progressi
3483 3039 3578 3094 tali

310 3125 515 3192 ἔλεγον,
545 3127 628 3180 ὅτι
670 3146 688 3179 ι
740 3129 806 3180 Σὲ
838 3130 864 3181 ὁ
904 3128 1155 3198 βασιλεὺς
1208 3132 1361 3197 φίλον
1405 3136 1739 3208 ἐποιήσατο,
1796 3142 1892 3195 καὶ

307 3218 507 3282 ἀξίαις,
531 3221 591 3271 αἶ
618 3221 725 3273 εἰσι
749 3220 1135 3292 λαμπρόταται
1173 3223 1483 3296 Ῥωμαίοις,
1518 3231 1731 3299 σεμνῶς
1795 3236 1892 3287 ἐπ-

306 3310 605 3380 εκόσμησε,
624 3314 716 3365 καὶ
732 3314 919 3384 ἄρχειν
934 3315 1045 3367 τῶν
1071 3317 1344 3386 μεγίστων
1371 3323 1671 3390 ταγμάτων
1700 3322 1893 3395 ἐποίη-

310 3418 431 3465 σεν,
492 3402 644 3455 οὐδὲν
684 3397 882 3473 οἷάπερ
926 3405 1081 3475 ἀνδρὶ
1140 3408 1450 3485 ἀπιστήσας
1496 3413 1778 3485 βαρϐάρῳ.
1818 3418 1890 3469 Σὺ

307 3491 385 3555 δὲ,
419 3494 519 3545 οὐκ
577 3492 732 3562 ἴσμεν
789 3495 956 3558 ὅπως,
1007 3498 1130 3560 ταῖς
1191 3498 1297 3552 τῶν
1353 3482 1551 3556 κοίνῶν
1607 3504 1890 3573 δυσμενῶν

310 3583 549 3664 ἀπάταις
579 3585 843 3655 ὑπαχθεὶς
871 3590 938 3643 τά
980 3607 1037 3642 τε
1083 3590 1397 3661 ὑπάρχοντά
1447 3611 1530 3647 σοι
1581 3597 1763 3664 ἀγαθά
1806 3598 1889 3651 δι-

310 3663 594 3743 έφθειρᾶς,
628 3676 721 3728 καὶ
752 3681 853 3747 τῆς
883 3679 1233 3748 εὐδαιμονίας
1263 3682 1364 3754 τῆς
1392 3684 1490 3752 σῆς
1521 3683 1681 3739 ἄλλον
1701 3688 1891 3759 εποίη-

309 3781 430 3827 σας,
467 3765 541 3825 ὠς
564 3767 663 3819 οὐκ
699 3768 827 3833 ῖδεις
847 3772 913 3833 ἰ,
943 3771 1156 3842 κύριον.
1192 3773 1306 3825 Οὐκ
1340 3774 1405 3827 ἂν
1437 3775 1644 3840 δίκαιος
1670 3780 1789 3849 εἴης
1811 3779 1888 3850 τῷ

308 3852 521 3923 βασιλεῖ
556 3857 821 3924 ἐγκαλῶν,
852 3852 925 3913 ὧν
949 3863 1029 3925 είς
1063 3864 1255 3916 ἑαυτὸν
1302 3864 1417 3933 ἅμα
1444 3868 1539 3919 καὶ
1568 3870 1648 3930 είς
1678 3871 1887 3925 ἐκεῖνον

306 3945 636 4019 ἐξήμαρτες.
666 3950 782 4004 Νῦν
814 3947 904 4005 οὖν
956 3954 1146 4025 ἐπειδὴ
1194 3956 1390 4009 σαυτὸν
1446 3959 1525 4019 είς
1553 3958 1709 4012 τοῦτο
1760 3977 1889 4015 κατ-

308 4038 562 4110 έστησας,
595 4043 887 4097 ὑπόλοιπόν
919 4046 1001 4099 σοί
1023 4049 1171 4100 ἐστιν
1186 4050 1249 4101 ὲκ
1280 4049 1381 4117 τῆς
1404 4049 1687 4121 παρούσης
1715 4051 1889 4123 τύχης

307 4130 405 4198 τῆς
438 4148 496 4183 τε
527 4134 666 4187 κατά
688 4133 794 4186 τῶν
825 4135 996 4189 ἐθνῶν
1032 4138 1257 4190 καὶτῶν
1282 4139 1491 4192 πόλεων
1523 4140 1731 4211 βλάϐης
1760 4144 1886 4197 ἐπι-

306 4224 457 4289 σχεῖν
489 4220 659 4277 οἷόνη
698 4242 780 4291 τε,
812 4226 1105 4296 πέμποντα
1138 4229 1194 4281 δὲ
1241 4230 1544 4300 πρεσϐείαν
1598 4235 1890 4303 πειρᾶσθαί

306 4330 359 4366 τι
407 4313 629 4384 μέτριον
672 4318 823 4387 παρά
865 4318 959 4372 τοῦ
997 4320 1260 4390 βασιλέως
1293 4322 1502 4391 ἀγαθοῦ
1544 4325 1697 4390 ὄντος
1740 4328 1891 4398 εὑρί-

1999 3161 2125 3210 sunt
2158 3146 2405 3202 oratione
2439 3142 2519 3196 usi
2552 3157 2566 3196 :
2605 3157 2625 3190 ι
2660 3139 2736 3193 Te
2768 3139 3065 3208 imperator
3112 3137 3349 3191 amicum
3396 3136 3580 3191 conci-

1997 3245 2168 3307 liavit,
2210 3247 2265 3294 et
2297 3231 2670 3305 dignitatibus,
2694 3245 2813 3299 quae
2840 3236 2967 3283 sunt
2988 3227 3130 3298 apud
3162 3227 3438 3283 Romanos
3465 3227 3580 3280 cla~

1994 3338 2251 3395 rissirmn,
2278 3327 2564 3395 magniﬁce
2583 3323 2815 3385 ornavit,
2841 3321 3002 3376 etiam
3034 3321 3303 3390 imperare
3329 3319 3580 3373 maximis

1993 3425 2319 3485 exercitibus
2336 3419 2500 3480 dedit,
2532 3416 2654 3480 tibi,
2687 3414 2889 3469 homini
2920 3413 3043 3467 licet
3070 3411 3331 3478 Barbaro,
3357 3411 3579 3465 minime

1994 3518 2259 3575 diﬁidens.
2291 3514 2369 3570 Tu
2398 3524 2548 3575 vero,
2584 3507 2856 3562 nescimus
2880 3504 3170 3575 quomodo,
3206 3504 3575 3558 communium

1976 3610 2334 3666 inimicorum
2360 3602 2555 3659 fraude
2578 3611 2633 3656 et
2662 3598 2785 3654 dolo
2818 3594 3177 3661 inductus,in
3205 3594 3496 3649 discrimen
3527 3601 3581 3647 te

1992 3702 2351 3767 fortunasque
2380 3706 2500 3751 tuas
2521 3690 2803 3760 conjecisti
2827 3696 2881 3744 et
2902 3703 2995 3745 eas
3019 3689 3085 3743 ad
3111 3687 3297 3751 alium,
3328 3685 3395 3740 ad
3417 3700 3580 3756 quem

1997 3807 2105 3848 non
2139 3789 2400 3849 debebas,
2436 3783 2701 3849 detulisti.
2739 3780 2806 3835 Et
2830 3794 2961 3834 vero
2982 3777 3402 3847 haudquaquam
3457 3777 3581 3846 jure

2004 3879 2319 3951 imperatori
2355 3876 2587 3943 imputes
2627 3886 2712 3935 ea,
2747 3884 2866 3938 qua:
2903 3868 2953 3923 in
2984 3878 3035 3923 te
3065 3867 3239 3936 ipsum
3264 3875 3317 3920 et
3344 3868 3396 3920 in
3426 3866 3577 3919 illum

1997 3967 2292 4039 deliquisti.
2319 3965 2476 4021 Nunc
2501 3964 2682 4033 igitur,
2714 3958 2970 4029 quoniam
3004 3971 3068 4011 eo
3096 3965 3147 4011 te
3176 3956 3451 4031 redegiSti,
3476 3954 3580 4009 hoc

1996 4063 2090 4118 tibi
2131 4068 2391 4131 quantum
2442 4057 2509 4110 ad
2557 4059 2881 4124 prmsentem
2920 4047 3191 4103 fortunam
3239 4047 3427 4115 reliqui
3469 4055 3573 4109 est,

1990 4163 2055 4208 ut
2085 4153 2152 4207 ab
2185 4149 2384 4220 injuria
2417 4156 2472 4203 et
2499 4143 2708 4200 damnis
2736 4141 2958 4196 urbibus
2985 4149 3033 4194 et
3060 4137 3310 4211 gentibus
3338 4136 3576 4191 inferen-

1965 4245 2100 4308 dis,
2133 4251 2393 4312 quantum
2442 4240 2496 4297 in
2550 4246 2600 4292 te
2642 4235 2768 4299 erit,
2821 4244 3111 4301 temperes,
3155 4239 3212 4285 et
3250 4229 3573 4298 legationem

1994 4337 2205 4402 mittas,
2233 4348 2333 4402 qua
2374 4330 2514 4401 apud
2552 4329 2963 4397 imperatorem,
3002 4323 3094 4392 qui
3130 4322 3302 4377 bonus
3332 4329 3437 4384 est,
3463 4334 3576 4399 mo-

309 4407 560 4461 σκεσθαι.
590 4428 608 4460 ι
648 4410 705 4462 Ὀ
734 4411 790 4464 δὲ
824 4412 1090 4476 πεισθεὶς,
1117 4414 1318 4484 ἄνδρας
1349 4417 1449 4485 μὲν
1476 4416 1572 4470 ἐπὶ
1606 4418 1666 4471 τὸ
1692 4420 1890 4485 Βυζάν-

1999 4400 2262 4483 deratu‘m‘
2279 4400 2417 4495 quid
2435 4432 2488 4479 et
2514 4424 2723 4491 aequum
2748 4417 2993 4473 obtinere
3016 4415 3252 4471 coneris.
3291 4432 3310 4465 ι
3337 4412 3428 4467 ille
3452 4426 3576 4467 vero

305 4513 421 4549 τιον
454 4498 550 4551 σὺν
578 4500 758 4564 αὐτοῖς
789 4503 1129 4573 ἀποπέμπει,
1159 4505 1321 4568 αὐτὸς
1358 4506 1416 4559 δὲ
1446 4508 1542 4561 τοῦ
1578 4509 1678 4580 μὲν
1712 4512 1888 4567 καίειν

306 4586 339 4657 ἢ
378 4588 624 4654 φονεύειν
657 4592 783 4655 τοὺς
840 4592 1165 4662 ἀνθρώπους
1193 4596 1412 4665 ἀνεῖργε
1443 4598 1502 4651 τὸ
1550 4601 1887 4673 στράτευμα,

306 4679 370 4730 ού
407 4680 590 4748 μέντοι
619 4682 845 4736 ἐδύνατο
878 4686 1099 4741 πάντων
1128 4685 1289 4749 ὄντας
1308 4688 1352 4719 ³³
1377 4690 1619 4762 ἀπόρους
1649 4693 1719 4747 τά
1758 4694 1891 4761 γοῦν

306 4771 589 4840 ἐπιτήδεια
632 4775 923 4844 ἐκπορίσαι
953 4776 1204 4832 κωλύειν.
1243 4780 1356 4833 Καὶ
1383 4781 1446 4852 δὴ
1491 4783 1696 4854 προῖὼν
1726 4781 1892 4855 ἦλθεν

307 4863 405 4915 ἐπὶ
432 4864 529 4932 τὴν
566 4864 896 4934 Ἡράκλειαν
928 4867 1023 4938 τὴν
1064 4870 1123 4922 ὲν
1164 4871 1499 4942 Μακεδονίᾳ,
1545 4875 1641 4928 καὶ
1669 4877 1761 4929 τοῦ
1791 4880 1895 4948 ἀρ-

306 4954 537 5033 χιερέως
589 4957 685 5007 τοῦ
741 4959 799 5009 ὲν
847 4961 1022 5031 ταύτῃ
1052 4963 1115 5031 τῇ
1160 4962 1312 5015 πόλει
1348 4964 1519 5018 πολλά
1544 4965 1639 5019 καὶ
1693 4984 1894 5022 παντο-

302 5046 455 5098 δαπά
480 5052 545 5119 τῇ
568 5050 613 5080 ’⁸
649 5053 879 5122 στρατιᾷ
928 5054 1022 5105 καὶ
1070 5054 1219 5123 αύτῷ
1259 5056 1684 5125 ἀποστείλαντος
1722 5060 1892 5132 δῶρα,

304 5139 409 5206 τήν
454 5155 513 5191 τε
564 5139 749 5211 χώραν
796 5143 981 5212 ἀπαθῆ
1024 5145 1203 5197 πᾶσαν
1230 5145 1553 5214 διεφύλαξε,
1597 5151 1692 5202 καὶ
1740 5150 1893 5205 οὐδὲν

306 5229 437 5290 τοὺς
466 5230 750 5296 οἰκοῦντας
784 5234 1016 5288 ἐνταῦθα
1046 5235 1385 5307 παραλυπῶν
1415 5240 1459 5270 ’⁸
1484 5239 1551 5292 ὲκ
1581 5241 1691 5294 τῶν
1715 5243 1887 5313 ταύτῃ

307 5317 496 5387 μόρων
532 5318 575 5349 ⁸⁸
608 5319 670 5371 τὺ
700 5321 902 5390 πλῆθος
923 5323 1181 5387 ἐπιεικῶς
1210 5328 1468 5396 ἐπειρᾶτο
1496 5329 1721 5398 διάγειν.

1998 4533 2306 4589 persuasus,
2340 4516 2485 4571 viros
2518 4513 2780 4583 quosdam
2812 4525 2918 4564 una
2952 4524 3073 4564 cum
3105 4507 3234 4576 ipsis
3257 4506 3576 4577 Byzantium

1999 4612 2184 4665 mittit.
2219 4609 2285 4662 Et
2312 4609 2425 4677 ipse
2454 4606 2669 4675 quidem
2698 4602 2999 4656 exercitum
3032 4613 3185 4652 suurn
3210 4612 3367 4650 urere
3406 4605 3458 4647 et
3488 4608 3580 4648 oc-

1996 4683 2181 4758 cidere
2218 4698 2462 4754 homines
2502 4694 2695 4756 vetuit,
2727 4693 2831 4745 etsi
2868 4705 3018 4756 suos,
3053 4704 3174 4744 cum
3213 4685 3453 4741 omnium
3495 4699 3581 4736 rc-

2001 4807 2122 4846 rum
2181 4794 2366 4844 essent
2405 4785 2597 4856 egeni,
2641 4782 2928 4852 quominus
2969 4794 3056 4833 res
3102 4775 3439 4832 necessarias
3477 4772 3580 4827 silli

2002 4887 2421 4950 compararent,
2456 4874 2743 4943 prohibere
2790 4889 2893 4926 non
2936 4870 3127 4938 potuit.
3174 4868 3313 4921 ilinc
3359 4880 3580 4920 movens

2003 4972 2068 5029 ad
2138 4968 2457 5025 Heracleam
2520 4963 2847 5019 Macedonia:
2901 4958 3163 5030 pervenit.
3212 4955 3381 5023 Hujus
3430 4955 3579 5007 urbis

2004 5061 2481 5131 archiepiscopus,
2530 5071 2653 5111 cum
2709 5051 3101 5125 quamplurima
3144 5056 3197 5102 et
3255 5044 3449 5099 diversi
3484 5057 3577 5111 ge-

2002 5156 2150 5211 neris
2186 5166 2409 5208 munera
2440 5151 2506 5207 ad
2535 5164 2657 5204 eum
2706 5156 2761 5201 et
2802 5144 2919 5212 ejus
2972 5143 3269 5198 exercitum
3319 5138 3574 5193 misisset.

1996 5260 2211 5302 Omnem
2253 5245 2522 5314 regionem
2554 5258 2583 5295 a
2624 5240 2925 5309 direptione
2964 5236 3182 5289 illmsam
3210 5228 3574 5286 conservavit,

1997 5350 2171 5406 neque
2199 5336 2492 5405 quidquam
2527 5331 2783 5386 molestiae
2805 5328 3068 5384 exhibens
3095 5325 3331 5379 locorum
3359 5319 3572 5382 incolis,

296 5412 490 5480 copias
527 5428 654 5467 suas
695 5429 762 5470 ex
796 5430 852 5470 te
876 5417 968 5470 lite
1010 5418 1169 5487 hujus
1211 5423 1446 5490 regionis
1481 5424 1627 5479 alere
1667 5442 1885 5495 operam
1921 5430 2085 5484 dedit.

1570 5534 1805 5591 VARUS
1836 5537 2245 5593 LECTIONES.

380 5613 425 5646 ¹⁶
448 5615 677 5701 Στῤϐρρς
708 5618 801 5701 Ν3
831 5619 1022 5701 τόϐους
1074 5622 1219 5701 vulg.
1400 5624 1644 5701 ὕπαρχον
1675 5627 1765 5693 Ν.,
1806 5630 2045 5701 ἔπαρχον
2075 5632 2220 5700 vulg.
2298 5631 2339 5661 ’ί
2362 5630 2507 5701 ,ἔδεις
2536 5627 2679 5701 V_a_l.,
2712 5627 2903 5701 ἔδεισε
3080 5616 3423 5701 ¹¹-οἷόν[-ὡς.
3458 5618 3570 5701 οἷόν

307 5700 379 5763 τε.
402 5686 551 5755 conj.
586 5685 663 5763 Ν.Δ
736 5690 803 5763 _’_'
840 5688 1011 5763 ὄντων
1064 5685 1211 5763 vulg.

312 5754 516 5823 φόρων
544 5758 689 5830 conj.
734 5757 823 5827 N.,
858 5761 1042 5830 μερῶν
1066 5759 1129 5817 Π.

1310 5696 1353 5727 ³³
1394 5700 1457 5768 τῇ
1499 5693 1628 5755 ante
1660 5701 1849 5754 πόλεια
1880 5693 2057 5758 (ΗΠΒ.
2132 5693 2547 5770 ’δ’παρα).υπῶν
2580 5698 2669 5766 11.,
2708 5693 3038 5768 παραλιπὼν
3070 5694 3179 5748 vul.

3285 5697 3328 5727 ’δ
3359 5692 3565 5765 μόρων]
