4006 6214
442 208 551 273 759

1384 207 1777 267 EXCERPTA
1813 208 1915 266 EX
1954 206 2261 266 MALCHO
2297 208 2664 267 RHETURE

3108 94 3147 125 Ι

3575 208 3683 276 760

512 320 700 389 Legati
730 328 906 376 autem
940 319 1006 373 ab
1035 333 1100 373 eo
1136 316 1283 371 missi
1315 317 1480 371 simul
1508 326 1671 384 atque
1694 318 2013 386 Byzantium

2189 319 2280 382 Εἰς
2312 320 2369 371 δὲ
2408 320 2469 371 τὸ
2503 318 2798 381 Βυζάντιον
2832 320 2907 383 ὼς
2933 315 3097 390 ἦλθον
3127 323 3174 375 οἱ
3201 322 3330 393 παρ’
3359 323 3522 377 αὑτοῦ
3554 341 3688 377 στα-

439 422 821 477 accesseruut,
875 412 1256 479 imperatorem
1328 420 1701 476 monuerunt,
1758 418 2010 478 oportere

438 522 600 573 quam
627 504 909 559 celerrime
941 503 1059 556 lleri
1092 511 1295 571 posset,
1327 503 1558 570 legatum
1584 504 1795 557 mittere
1820 502 2011 557 idonea

439 596 760 651 auctoritate
792 595 1135 649 instructum.
1176 593 1285 647 Nec
1319 594 1461 646 enim
1500 594 1550 647 iu
1582 594 1699 661 ejus
1748 601 2011 661 potestate

437 701 578 753 esse,
611 687 769 753 longo
802 695 1043 756 tempore
1069 694 1271 739 tantam
1305 686 1535 739 militum
1557 685 1767 738 turbam
1801 701 1828 737 a
1861 686 2012 738 dam-

436 780 523 833 nis
561 793 660 849 pro
701 778 920 831 libidine
966 776 1262 830 inferendis
1308 776 1602 830 continuere.
1651 775 2009 840 Quamobrem

437 871 737 938 imperator
760 870 904 922 misit
934 868 1337 936 Adamantium,
1378 867 1587 921 Viviani
1615 866 1804 930 lilium,
1843 865 2012 935 patri-

435 960 581 1016 cium
610 968 665 1014 et
693 959 820 1014 olim
857 958 974 1012 urbi
1010 957 1346 1025 praefectum,
1372 970 1531 1024 quem
1561 955 1720 1007 etiam
1754 954 2014 1021 dignitate

435 1050 705 1107 consulari
741 1052 911 1113 auxit,
943 1050 1215 1119 jussitque
1242 1050 1519 1116 regionem
1563 1048 1617 1100 in
1649 1046 1892 1100 Pantalia
1938 1046 2013 1100 illi

437 1145 733 1213 assignare,
768 1157 887 1211 quae
907 1142 1132 1211 illyricae
1153 1140 1321 1209 partis
1342 1148 1426 1194 est
1452 1138 1730 1207 provincia
1774 1152 1877 1191 non
1904 1137 2016 1206 80

435 1236 598 1305 longo
625 1234 907 1289 intervallo
937 1233 1144 1287 distans
1173 1232 1241 1287 ab
1272 1233 1517 1300 ingressu
1552 1229 1821 1284 Thracia.
1855 1229 2015 1292 Quod

438 1344 504 1383 eo
558 1328 785 1383 consilio
830 1326 1109 1391 faciebat,
1167 1334 1247 1389 ut,
1305 1324 1349 1378 si
1410 1338 1513 1392 qua
1569 1321 2012 1385 Theuderichus,

437 1419 639 1474 Triarii
682 1418 842 1483 filius,
878 1433 938 1473 se
972 1429 1313 1485 commovere
1352 1415 1671 1482 susciperet,
1719 1412 1868 1466 illum
1922 1411 2018 1465 ad-

438 1512 743 1568 versarium
789 1511 915 1563 huic
950 1509 1256 1578 oppositum
1304 1507 1492 1570 sciret,
1537 1514 1701 1573 atque
1741 1503 1926 1568 etiam,
1970 1503 2016 1557 si

440 1608 579 1657 alter
610 1609 763 1671 pacta
788 1599 990 1654 violare
1018 1609 1071 1653 et
1101 1613 1292 1668 pacem
1328 1600 1546 1653 turbare
1568 1596 1746 1661 vellet,
1780 1611 1903 1650 cum
1935 1595 2019 1649 in-

442 1707 525 1751 ter
555 1697 687 1750 duos
717 1695 1007 1757 exercitus,
1045 1692 1315 1763 Illyricum
1342 1701 1395 1745 et
1432 1691 1743 1753 Thracium,
1775 1689 2016 1757 degeret,

437 1803 564 1841 eum
614 1786 826 1841 facilius
871 1785 1177 1855 opprimere
1226 1790 1427 1852 posset.
1476 1782 1677 1848 Quodsi
1721 1782 1825 1836 hoc
1870 1796 2016 1836 anno

438 1880 736 1935 exercitum
773 1893 927 1932 suum
965 1875 1145 1945 inopia
1191 1874 1442 1929 laborare
1482 1873 1895 1927 Theuderichus
1924 1874 2008 1927 di-

439 1979 609 2033 ceret,
644 1980 933 2040 pr0ptcrea
965 1969 1105 2037 quod
1137 1966 1338 2020 nullum
1370 1979 1552 2020 semen
1591 1967 1751 2019 terris
1780 1966 2009 2018 manda-

2118 408 2304 471 λέντες
2337 408 2618 479 πρέσϐεις,
2652 408 2861 476 ελεγον,
2888 410 2970 463 ὅτι
3004 411 3114 463 δέοι
3146 412 3358 481 ταχέως
3392 414 3515 482 περὶ
3548 414 3688 467 πάν·

2117 516 2225 551 των
2269 498 2647 568 αὐτοκράτορα
2680 499 2833 568 αὐτῷ
2865 501 3205 570 πρεσϐευτὴν
3246 502 3585 566 ἀποστεῖλαι,
3610 502 3689 565 ὡς

2116 591 2213 659 ούχ
2259 592 2358 659 οἴῳ
2395 608 2456 644 τε
2480 590 2524 623 ⁵⁷
2557 591 2759 662 πλῆθος
2796 593 3023 664 ἄπειρον
3070 593 3278 664 εἴργειν
3322 597 3416 647 ἐπὶ
3464 596 3689 648 πλείονα

2116 683 2306 750 χρόνον
2340 682 2439 751 τῆς
2466 684 2557 750 ἀφ’
2586 677 2659 735 ὧν
2685 682 2751 736 ἂν
2776 682 3026 736 δύναιντο
3044 684 3090 716 ’⁸
3112 684 3339 754 βλάϐης.
3379 685 3437 739 ’0
3449 686 3504 738 δὲ
3540 686 3689 739 Ἀδα-

2118 772 2339 842 μάντιον
2364 773 2455 826 τὸν
2491 774 2746 827 Βιϐιανοῦ
2780 775 2967 840 παῖδα,
2996 776 3283 845 πατρίκιόν
3322 793 3383 828 τε
3420 777 3552 829 ὄντα
3591 780 3688 831 καὶ

2116 861 2577 928 πολιαρχήσαντα,
2612 862 2869 931 προσθεὶς
2896 864 3044 931 αύτῷ
3075 864 3165 916 καὶ
3197 865 3362 933 τιμὴν
3389 866 3683 935 ὑπατικὴν,

2114 951 2329 1021 ἔπεμψε
2386 953 2780 1021 παραγγείλας,
2813 954 2998 1023 χώραν
3043 955 3144 1023 μὲν
3191 956 3340 1027 αύτῷ
3390 956 3575 1009 δοῦναι
3628 958 3689 1010 ὲν

2114 1043 2530 1114 Παυταλία²⁹,ῆ
2556 1044 2653 1112 τῆς
2673 1044 2772 1113 μὲν
2807 1046 3106 1117 Ἰλλυρικῆς
3130 1049 3322 1118 μοίρας
3349 1051 3496 1101 ἐστὶν
3513 1052 3688 1119 ἐπαρ-

2115 1136 2228 1205 χία,
2253 1135 2313 1188 ού
2344 1136 2478 1187 πολὺ
2505 1135 2563 1188 δὲ
2592 1138 2867 1206 ἀπέχουσα
2887 1138 2996 1191 τῶν
3020 1139 3282 1192 εἰσϐολῶν
3318 1141 3414 1209 τῆς
3441 1140 3686 1211 Θρᾴκης,

2116 1228 2284 1290 ὅπως,
2314 1228 2424 1280 εῐτε
2448 1227 2767 1297 Θευδέριχος
2792 1230 2820 1280 ὁ
2848 1230 3105 1298 Τριαρίου
3129 1231 3405 1300 ἐγχειροίη
3434 1248 3486 1283 τι
3516 1234 3691 1284 κινεῖν

2118 1321 2344 1391 ἔφεδρον
2366 1320 2480 1389 ἔχοι
2500 1320 2661 1373 αὐτὸν
2693 1321 2925 1389 ἐγγύθεν
2951 1321 3072 1375 κατ’
3093 1322 3331 1388 ἐκείνου,
3374 1325 3485 1376 εῐτε
3524 1324 3692 1388 asta;

2117 1412 2412 1483 ταράττειν
2431 1412 2501 1465 τὰ
2529 1412 2865 1480 συγκείμενα
2895 1413 3059 1474 θέλοι,
3091 1415 3150 1465 ὲν
3185 1414 3335 1483 μέσῳ
3365 1413 3525 1466 αὑτὸν
3551 1414 3693 1483 ἔχων

2119 1504 2228 1557 τῶν
2261 1521 2321 1557 τε
2378 1503 2690 1574 Ἰλλυρικῶν
2720 1504 2813 1556 καὶ
2852 1504 2963 1556 τῶν
2987 1503 3241 1574 Θρᾳκίων
3284 1504 3576 1574 δυνάμεων
3599 1507 3693 1559 sti-

2123 1596 2427 1667 κολώτερον
2474 1596 2638 1649 αὐτοῦ
2686 1597 2958 1665 περιεῖναι
3013 1595 3250 1651 δύναιτο.
3279 1598 3345 1651 Εί
3387 1596 3444 1650 δὲ
3477 1597 3695 1666 τροφῶν

2124 1690 2351 1756 ἀπορεῖν
2380 1687 2457 1757 τῷ
2485 1686 2854 1759 στρατεύματι
2878 1687 3025 1755 λέγοι
3043 1687 3134 1739 τὸν
3155 1689 3399 1757 παρόντα
3422 1690 3691 1753 ἐνιαυτὸν,

2124 1780 2218 1834 ἅτε
2253 1781 2392 1851 μήτε
2424 1782 2481 1833 ὲν
2516 1782 2739 1849 σπόροις
2757 1780 2802 1811 ⁸⁸
2841 1782 2977 1850 μήτε
3005 1779 3222 1849 καρποῦ
3252 1780 3445 1833 ἐλπίδα
3476 1780 3613 1850 ἔχων
3634 1780 3697 1833 ὲν

2123 1871 2421 1942 Παυταλίᾳ,
2452 1871 2618 1924 ἔδωκε
2646 1870 2835 1941 λίτρας
2864 1873 3088 1941 χρυσίου
3140 1872 3355 1925 ἀπιόντι
3387 1871 3694 1937 διακοσίας,

2115 1964 2182 2028 ἃς
2236 1964 2447 2017 ἐκέλευε
2498 1963 2657 2017 δόντα
2689 1962 2766 2033 τῷ
2801 1963 3031 2033 ὑπάρχῳ
3064 1962 3141 2033 τῷ
3175 1965 3293 2016 ἐκεῖ
3340 1966 3561 2034 ποιῆσαι
3591 1964 3697 2034 τὴν

439 2072 555 2114 tum
597 2070 761 2125 esset,
798 2074 975 2128 neque
1016 2058 1181 2111 ullam
1238 2071 1385 2126 spem
1441 2056 1907 2125 percipiendorum
1956 2054 2009 2108 in

2120 2057 2363 2127 δαπάνην
2394 2057 2579 2122 αὐτοῖς
2608 2060 2688 2122 είς
2719 2059 3035 2113 Παυταλίαν
3061 2061 3368 2131 χορηγῆσαι
3386 2061 3490 2129 τὴν
3516 2063 3620 2113 ἐπα
3632 2076 3701 2132 ρ-

437 2151 685 2207 Pautalia
717 2150 990 2205 fructuum
1020 2149 1269 2213 haberet,
1300 2148 1447 2203 dedit
1471 2145 1796 2201 Adamantio
1834 2147 2000 2216 proli-

440 2248 664 2303 ciscenti
709 2248 970 2301 ducentas
1004 2246 1121 2299 auri
1163 2244 1353 2310 libras,
1388 2258 1522 2313 quas
1560 2243 1725 2313 jussit
1762 2242 2002 2313 regionis

438 2341 583 2396 illius
613 2340 865 2408 praefecto
907 2340 1146 2402 tradere,
1194 2347 1253 2392 ut
1292 2352 1384 2392 eas
1417 2337 1484 2391 ad
1518 2335 1897 2391 convehendos
1946 2338 1998 2391 in

437 2427 735 2483 Pautaliam
763 2437 1116 2491 commeatus,
1141 2427 1231 2497 qui
1270 2426 1376 2481 illis
1408 2425 1615 2480 alendis
1640 2426 1773 2480 satis
1794 2435 1998 2493 essent,

437 2518 791 2588 impenderet.
830 2519 962 2574 Cum
993 2518 1198 2588 legatus
1227 2518 1402 2571 adhuc
1433 2524 1580 2570 esset
1609 2516 1874 2587 Byzantii,
1904 2517 2005 2570 mi-

2118 2150 2341 2206 κοῦσαν.
2378 2151 2500 2204 Ἐτι
2528 2151 2585 2205 δὲ
2608 2150 2700 2205 τοῦ
2735 2151 3078 2223 πρεσϐευτοῦ
3102 2151 3254 2213 ὄντος
3291 2154 3350 2205 ὲν
3390 2152 3698 2222 Βυζαντίῳ,

2120 2241 2448 2315 στρατιῶται
2478 2243 2774 2306 συστάντες
2810 2245 2869 2296 έν
2891 2246 2957 2313 τῇ
2994 2242 3365 2313 Θεσσαλονίκῃ
3388 2241 3485 2295 τὸν
3513 2241 3698 2312 ὓπαρ-

2116 2352 2211 2407 χον
2245 2334 2498 2404 Ἰωάννην
2531 2334 2789 2402 προϊόντα
2832 2333 3165 2403 φυλάξαντες
3209 2333 3458 2403 ξιφήρεις
3504 2331 3703 2404 ὥρμη-

2122 2442 2251 2481 σαν·
2288 2426 2384 2480 καὶ
2406 2425 2616 2495 ὡρίσθη
2644 2425 2797 2496 παρὰ
2830 2425 2993 2479 τῶν³¹
3029 2425 3275 2495 Ζήνωνος
3320 2423 3698 2494 ’Λδαμάντιος,

2124 2519 2221 2572 καὶ
2255 2517 2429 2570 ταῦτα
2461 2518 2821 2587 κατέστησεν.

442 2613 584 2680 lites,
616 2615 706 2684 qui
730 2613 1132 2668 Thessalonicae
1167 2613 1221 2666 in
1250 2610 1515 2679 prmsidiis
1544 2620 1720 2676 erant,
1749 2610 2013 2666 Joannem
2054 2613 2391 2683 praefectum,
2457 2627 2559 2681 qua
2592 2613 2799 2677 exiret,
2830 2614 3182 2667 observantes
3220 2610 3411 2682 gladiis
3452 2608 3698 2682 aggressi

439 2717 587 2763 sunt.
625 2706 765 2761 Huic
799 2706 1013 2771 negotio
1054 2704 1218 2758 linem
1269 2702 1525 2772 imposuit
1566 2704 1921 2760 Adamantius
1952 2720 2019 2760 ex
2059 2706 2375 2777 prtescripto
2398 2704 2626 2759 Zenonis
2654 2714 2709 2758 et
2741 2704 2854 2759 haec
2893 2704 3129 2773 pacavit.

513 2802 647 2854 Ilum
670 2800 785 2854 haec
802 2797 1201 2853 Thessalonica;
1222 2796 1568 2864 gerebantur,
1587 2794 2017 2866 Theudericbus,

2203 2799 2263 2853 Ὀ
2310 2798 2369 2853 δὲ
2421 2798 2752 2869 Βαλαμήρου
2772 2799 2840 2862 ³²,
2873 2798 2930 2851 έν
2957 2791 3001 2865 ᾧ
3034 2798 3102 2851 τὰ
3148 2799 3249 2867 τῆς
3299 2798 3702 2870 Θεσσαλονίκης

446 2893 702 2948 Valamiri
753 2891 916 2955 ﬁlius,
968 2890 1112 2943 circa
1161 2888 1475 2943 Heracleam
1515 2899 1904 2954 commoratus,
1965 2890 2013 2943 in

2120 2893 2359 2960 ἐγένετο,
2391 2892 2519 2962 περὶ
2560 2890 2886 2961 Ἡράκλειαν
2911 2890 3128 2959 ἔμενεν,
3148 2890 3241 2944 καὶ
3261 2891 3354 2944 ἐπὶ
3375 2891 3473 2960 τὴν
3500 2892 3704 2945 Ἤπει-

443 2987 665 3056 Epirum
707 2984 772 3039 ad
805 2982 1181 3038 Sidimundum
1215 2981 1396 3036 mittit.
1422 2981 1579 3045 ls,ex
1608 2981 1797 3036 eodem
1824 2995 2013 3050 genere

2121 3002 2212 3057 ρον
2265 2986 2472 3056 πέμπει
2526 2986 2664 3056 πρὸς
2714 2984 3094 3056 Σιδιμοῦνδον,
3127 2987 3190 3038 ὲκ
3239 2986 3339 3054 μὲν
3384 2985 3482 3053 τῆς
3523 2985 3705 3054 αὐτῆς

441 3090 496 3132 et
530 3078 1037 3149 majoribusortus,
1075 3084 1200 3130 tunc
1246 3076 1506 3146 temporis
1547 3076 1869 3130 credebatur
1910 3075 2013 3129 Ro-

2120 3078 2291 3147 φυλῆς
2316 3078 2376 3130 τὸ
2406 3077 2669 3131 ἀνέκαθεν
2699 3076 2849 3142 ὄντα,
2884 3075 3145 3130 δοκοῦντα
3165 3077 3220 3129 δὲ
3247 3076 3367 3129 τότε
3398 3073 3535 3130 εἶναι
3566 3077 3706 3131 Ῥωο

442 3188 724 3227 manorum
764 3171 972 3225 amicus
1002 3184 1141 3224 esse.
1178 3168 1383 3223 Etenim
1418 3168 1691 3238 regionem
1720 3170 1862 3223 circa
1895 3168 2013 3237 Epi-

2124 3169 2305 3241 μαίοις
2331 3169 2684 3232 ὑπόσπονδον,
2714 3169 2810 3221 καὶ
2846 3172 2903 3221 ὲν
3021 3170 3145 3221 κατ’
3160 3167 3490 3237 Ἐπίδαμνον
3504 3168 3703 3220 Ἠπεί-

443 3266 703 3319 damnum
738 3259 1030 3325 incolebat,
1054 3274 1181 3327 qua:
1204 3257 1277 3310 illi
1313 3270 1379 3310 ex
1403 3258 1717 3311 bareditate
1760 3258 2013 3326 opulenta

2125 3279 2201 3332 ρῳ
2245 3260 2430 3331 χώραν
2458 3278 2518 3313 τε
2549 3261 2849 3330 νεμόμενον
2887 3260 2982 3313 καὶ
3016 3260 3307 3330 εὐδαίμονα
3343 3259 3558 3329 κλῆρον,
3598 3258 3704 3313 καὶ

443 3355 765 3417 obvenerat,
806 3359 861 3405 et
917 3350 1015 3404 sub
1066 3348 1399 3415 imperatore
1435 3348 1703 3417 stipendia
1752 3350 2017 3404 merebat.

446 3442 576 3493 Erat
624 3441 709 3495 hic
742 3438 997 3506 Ᾰίἀοίηεὶ
1021 3437 1299 3505 patruelis,
1334 3438 1424 3506 qui
1470 3438 1627 3492 valde
1674 3438 2021 3495 familiariter

445 3531 638 3583 Berina
670 3530 940 3593 utebatur,
974 3540 1026 3583 et
1051 3543 1166 3594 eos,
1190 3529 1280 3597 qui
1313 3528 1593 3583 domestici
1621 3538 1903 3596 vocantur,
1937 3547 2022 3586 re-

446 3623 625 3687 gebat,
661 3636 778 3689 quze
805 3621 1039 3689 dignitas
1066 3635 1314 3690 magnam
1356 3619 1520 3674 habet
1565 3621 1618 3675 in
1659 3622 1804 3690 regia
1834 3632 2022 3679 aucto-

446 3718 686 3770 ritatem.
717 3715 797 3770 Ad
830 3717 973 3771 hunc
1005 3715 1166 3786 igitur
1200 3715 1379 3782 misit,
1426 3715 1703 3787 antiquam
1740 3719 2019 3789 cognatio-

446 3823 570 3860 nem
609 3807 660 3860 in
697 3806 1013 3861 memoriam
1042 3807 1355 3873 revocabat,
1377 3815 1431 3860 et
1451 3808 1640 3861 orabat
1669 3817 1727 3860 ut
1758 3807 1898 3861 viam
1934 3822 2022 3862 re-

444 3899 649 3967 periret
671 3907 726 3953 et
763 3897 1014 3963 efﬁceret,
1049 3912 1152 3969 qua
1187 3898 1484 3966 Epidamno
1524 3906 1580 3953 et
1627 3896 1844 3966 reliqua;
1874 3897 2019 3967 Epiri

444 3990 725 4045 dominatu
761 3992 1043 4056 potiretur,
1076 3989 1167 4043 ubi
1202 3998 1325 4059 post
1361 3997 1439 4044 tot
1474 4003 1689 4043 errores
1720 3990 2021 4045 consistere

448 4090 652 4147 posset,
677 4089 732 4135 et
758 4082 871 4136 suis
909 4083 1071 4136 rebus
1108 4082 1243 4134 urbe
1269 4088 1320 4134 et
1351 4081 1618 4136 moenibus
1647 4081 1895 4144 ﬁrmatis,
1926 4097 2021 4136 ea-

448 4186 545 4224 sus
573 4185 706 4239 quos
739 4170 949 4224 fortuna
987 4172 1160 4235 daret,
1190 4179 1547 4239 exspectaret.
1572 4170 1642 4225 Ut
1670 4172 2020 4227 Sidimundus

445 4262 563 4316 btec
593 4263 661 4317 ab
712 4261 803 4315 illo
848 4262 1082 4330 accepit,
1118 4260 1391 4315 Barbarus
1443 4275 1564 4314 cum
1611 4261 1852 4316 Barbare
1884 4276 2020 4315 con-

440 4352 617 4421 jungi,
660 4366 822 4420 quam
859 4366 982 4405 cum
1013 4351 1295 4418 Romanis,
1334 4350 1504 4405 satius
1542 4365 1665 4406 esse
1697 4351 1869 4405 duxit.
1913 4350 2017 4405 Ita-

2121 3352 2274 3422 παρὰ
2323 3350 2588 3420 βασιλέως
2617 3351 2902 3421 δεχόμενον
2935 3350 3238 3415 συντάξεις.
3282 3351 3523 3419 ’Δνεψιδς
3549 3351 3603 3403 δὲ
3626 3346 3704 3421 ἦν

2120 3436 2275 3505 οὗτος
2302 3442 2611 3511 Αίδοϊγγου,
2636 3442 2876 3511 Βηρίνης
2902 3442 2946 3473 ³³
2969 3459 3029 3495 τε
3068 3442 3303 3511 μάλιστα
3325 3441 3479 3504 ὄντος
3501 3442 3704 3494 οίκειοο

2121 3536 2283 3588 τάτου
2333 3536 2427 3589 καὶ
2470 3536 2571 3605 τὴν
2626 3534 2734 3588 τῶν
2782 3534 3091 3604 λεγομένων
3134 3533 3470 3605 δομεστίκων
3521 3532 3702 3605 ἀρχὴν

2120 3624 2411 3696 ἄρχοντος,
2477 3625 2722 3696 μεγάλην
2778 3625 2900 3679 τινὰ
2926 3621 3101 3679 ὀὖσαν
3135 3624 3243 3678 τῶν
3285 3624 3413 3693 περὶ
3442 3623 3700 3691 βασιλέα.

2121 3718 2264 3788 Πρὸς
2295 3717 2484 3770 τοῦτον
2512 3713 2605 3771 οὖν
2630 3716 2870 3788 ἔπεμπε,
2898 3716 2998 3785 τῆς
3027 3733 3087 3769 τε
3118 3715 3357 3778 παλαιᾶς
3380 3715 3541 3769 αὐτὸν
3572 3733 3705 3784 συγο

2120 3811 2333 3880 γενείας
2359 3812 2815 3881 ἀναμιμνήσκων,
2841 3810 2937 3863 καὶ
2963 3808 3131 3874 ἀξιῶν
3162 3810 3405 3880 ἐξευρεῖν
3433 3811 3525 3864 καὶ
3557 3827 3703 3880 συμο

2122 3903 2327 3975 πρᾶξαι
2376 3904 2597 3975 τρόπον,
2622 3904 2689 3958 δι’
2738 3898 2799 3956 οὗ
2840 3904 2938 3973 τῆς
2957 3903 3074 3956 re“
3117 3903 3446 3972 Ἐπιδάμνου
3478 3904 3703 3973 καὶτῆς

2120 3997 2287 4064 ἄλλης
2348 3997 2609 4066 Ἠπείρου
2674 3996 2931 4066 δυνηθείη
2986 3996 3270 4066 κρατήσας
3343 3995 3537 4065 στῆναι
3586 3994 3701 4062 τῆς

2122 4088 2323 4157 πολλῆς
2354 4088 2580 4155 πλάνης,
2621 4087 2718 4140 καὶ
2763 4087 2986 4157 ἱδρύσας
3040 4086 3231 4139 ἑαυτὸν
3283 4088 3342 4138 έν
3396 4087 3546 4139 πόλει
3597 4086 3706 4138 καὶ

2120 4179 2356 4248 τείχεσιν
2394 4178 2644 4231 ἐντεῦθεν
2671 4178 2746 4241 ὡς
2770 4178 2836 4232 ἂν
2853 4178 2979 4248 διδῷ
3002 4178 3251 4249 δέχεσθαι
3280 4178 3340 4231 τὸ
3374 4178 3699 4247 συμϐαῖνον.

2122 4269 2463 4338 Σιδιμοῦνδος
2509 4269 2566 4321 δὲ
2618 4269 2790 4323 ταῦτα
2837 4270 2968 4341 παρ’
3012 4270 3177 4325 αὑτοῦ
3224 4270 3549 4339 δεξάμενος,
3598 4268 3705 4323 καὶ

2124 4360 2406 4431 Βάρϐαρος
2438 4360 2710 4432 Βαρϐάρῳ
2760 4362 3089 4432 συνοικεῖνῆ
3134 4361 3430 4431 Ῥωμαίοις
3482 4360 3705 4432 ἡγησά-

445 4458 551 4511 que
582 4444 940 4514 Epidamnum
987 4443 1156 4507 venit,
1200 4451 1254 4498 et
1287 4442 1541 4512 privatim
1579 4458 2013 4513 unumquemque

2129 4423 2285 4521 μενος
2314 4423 2582 4521 κρεῖττον,
2625 4423 2796 4506 έλθὼν
2822 4454 2902 4514 είς
2934 4423 3266 4524 Ἐπίδαμνον
3293 4453 3387 4505 καὶ
3421 4423 3542 4520 ἰδία-
3566 4423 3707 4521 μετ-

445 4534 648 4587 civium
682 4534 1026 4597 circumiens,
1070 4542 1325 4603 tanquam
1368 4534 1609 4602 ipsorum
1644 4533 1801 4588 saluti
1833 4536 2015 4605 provi-

446 4626 599 4689 dens,
637 4625 922 4679 consilium
954 4626 1121 4692 dedit,
1152 4634 1211 4680 ut
1246 4626 1450 4694 omnia,
1483 4641 1603 4696 quae
1641 4628 1869 4699 quisque
1920 4629 2018 4683 ha-

443 4714 614 4779 beret,
652 4725 995 4783 exportaret,
1034 4728 1087 4771 et
1125 4732 1184 4773 se
1225 4732 1431 4788 suaque
1464 4722 1645 4774 omnia
1686 4720 1741 4775 in
1789 4720 2012 4786 insulas,

442 4815 536 4860 aut
579 4807 630 4860 in
676 4809 908 4878 aliquam
942 4810 1102 4864 aliam
1135 4814 1323 4866 urbem
1354 4810 1670 4867 conferret:
1716 4812 2015 4867 Barbarum

442 4901 585 4954 cnim
634 4918 795 4971 quam
836 4905 1070 4972 primum
1106 4906 1461 4975 Epidamnum
1506 4908 1824 4963 invasurum
1866 4926 1879 4961 :
1933 4907 2013 4962 sic

443 4993 587 5045 enim
620 4994 1002 5063 imperatorem
1033 4997 1355 5062 decrevisse,
1388 4998 1480 5068 qui
1517 5000 1582 5053 ad
1621 5013 1739 5054 eam
1776 5013 1887 5052 rem
1918 5012 2013 5052 ex-

442 5086 772 5151 sequendam
804 5086 1180 5143 Adamantium
1205 5091 1434 5146 miserit.
1461 5092 1646 5161 Itaque
1672 5090 1863 5144 melius
1893 5104 2015 5147 em

440 5188 539 5240 per
562 5176 729 5231 otium
752 5217 765 5239 ,
797 5178 922 5231 dum
964 5180 1198 5235 nondum
1240 5182 1488 5249 adesset,
1528 5182 1693 5238 rebus
1728 5182 1840 5236 suis
1886 5197 2012 5251 pro-

2124 4541 2219 4596 ιὼν
2272 4542 2381 4595 τῶν
2432 4542 2666 4598 πολιτῶν
2715 4543 2948 4597 ἕκαστον
2991 4546 3067 4608 ὡς
3096 4544 3256 4614 δῆθεν
3288 4542 3413 4621 κατ’
3477 4541 3701 4595 εὔνοιαν

2124 4633 2503 4687 συνεϐούλευεν
2532 4634 2735 4700 αὐτοῖς,
2763 4635 2797 4689 ἃ
2823 4651 2883 4687 τε
2905 4635 3135 4697 ἕκαστος
3165 4634 3300 4705 ἔχει,
3359 4633 3551 4687 θᾶττον
3583 4634 3699 4684 ὑπ-

2123 4726 2454 4792 εκτίθεσθαι,
2488 4728 2582 4780 καὶ
2605 4727 2799 4790 αὐτοὺς
2823 4727 2855 4797 ἢ
2892 4728 2971 4790 είς
2995 4727 3194 4797 νήσους
3220 4726 3253 4793 ἢ
3295 4725 3441 4779 πόλιν
3466 4742 3558 4777 ποι
3588 4722 3703 4775 σῶ-

2126 4817 2315 4883 ζεσθαι
2365 4818 2560 4887 λέγων,
2611 4819 2687 4882 ὡς
2719 4818 3006 4889 Βάρϐαρος
3051 4818 3143 4871 ἐπὶ
3182 4818 3381 4886 ταύτην
3412 4815 3699 4887 ὥρμηται,

2119 4911 2214 4962 καὶ
2258 4910 2339 4961 ὃτι
2390 4909 2467 4979 τῷ
2518 4909 2730 4979 βασιλεῖ
2783 4909 2958 4962 ταῦτα
3011 4908 3273 4962 δοκοῦντά
3319 4908 3459 4970 ἐστι,
3495 4905 3588 4959 καὶ
3615 4904 3701 4967 ὡς

2133 5001 2487 5072 ’Λδαμάντιος
2561 5001 2653 5054 ἐπὶ
2713 5001 2886 5055 ταῦτα
2940 5002 3253 5073 πεμφθείη·
3308 5002 3553 5070 κρεῖττον
3598 4995 3701 5049 οὖν

2121 5089 2261 5146 εἶναι
2290 5093 2498 5157 αὐτοῖς,
2531 5092 2639 5156 ἕως
2661 5094 2705 5127 ³⁸
2736 5094 2817 5147 ἔτι
2838 5095 3097 5157 ἄπεστιν,
3136 5093 3277 5146 κατὰ
3310 5091 3532 5145 πλείονα
3567 5104 3701 5157 σχον

2120 5180 2219 5252 λην
2264 5183 2333 5235 τὰ
2382 5181 2504 5236 κατ’
2533 5181 2732 5247 αὐτοὺς
2781 5182 3181 5254 διοικήσασθαι.
3227 5181 3412 5235 Ταῦτα
3438 5180 3530 5233 καὶ
3576 5179 3698 5241 τοῖς

1715 5293 1947 5348 VARIAZ
1994 5292 2396 5349 LECTIONES.

515 5407 559 5476 3"
587 5408 683 5475 οἵῳ
704 5425 761 5462 τε
788 5408 877 5469 Ν..
909 5402 1009 5462 οἶοί
1035 5428 1090 5462 τε
1122 5410 1268 5476 vulg.

443 5475 599 5549 ταλξᾳ
643 5479 785 5548 vulg.
865 5480 908 5509 ³ο
936 5481 1154 5546 οπόροις
1194 5475 1282 5544 Ηι,
1324 5481 1565 5549 σπείροις
1594 5497 1662 5533 "ll

1345 5410 1390 5442 "
1416 5408 1683 5533 δύναιντοῖ
1713 5409 1957 5463 δύναιντο
1989 5409 2312 5476 ὠφελεῖσθαι
2337 5419 2391 5463 et
2415 5425 2537 5463 mox
2560 5411 2588 5461 ὁ
2617 5409 2671 5461 δὲ

1345 5481 1565 5533 malost:
1594 5497 1662 5533 vu
1688 5497 1737 5533 ε.
1815 5481 1857 5511 ³¹
1890 5480 1984 5532 τοῦ
2019 5479 2077 5533 Ζ.
2104 5480 2249 5533 coni.
2283 5479 2339 5531 Β.
2432 5481 2474 5509 ³⁸
2504 5479 2671 5533 Βαλαι

1688 5497 1737 5548 g.
1815 5481 1857 5511 ³¹
1890 5480 1984 5532 τοῦ
2019 5479 2077 5533 Ζ.
2104 5480 2249 5547 conti.

2718 5409 2968 5479 βασιλεὺς
3005 5410 3117 5463 Ἀδ.
3148 5424 3295 5477 con].
3323 5408 3389 5461 N.
3467 5410 3510 5441 "
3546 5408 3702 5479 [lav-

2432 5481 2485 5562 3:
2504 5476 2829 5562 Βαλαμήρου
2867 5479 2981 5534 Val.
3017 5480 3108 5533 τὸν
3161 5476 3489 5549 Βαλαμήρου
3536 5476 3694 5549 vulg.

447 5546 490 5576 ³³
525 5533 896 5618 Βὲιρίνηῖνίιί.
938 5533 1185 5621 Γηόήνῆς
1211 5533 1354 5619 νάει.
1434 5533 1476 5581 ³’δ
1507 5533 1562 5603 τέ
1599 5533 1775 5605 13.ξοῦ
1818 5552 1959 5622 νυΙΒ·
2040 5550 2083 5581 ³³
2114 5533 2224 5613 Et”;
2260 5547 2401 5609 Villa
2429 5545 2486 5603 εὖ
2518 5533 2663 5620 “"8:
