2003 3107
198 139 249 172 761

579 142 627 172 DE
647 119 929 175 LEGATIONIBUS
948 143 1194 177 ROMANORUM
1214 147 1265 178 AD
1284 147 1441 178 GENTES.

1767 148 1822 182 762

199 196 381 231 στρατιώταις
395 195 452 227 τοῖς
459 195 481 211 ³⁸
493 196 551 222 ἐκεῖ
558 196 751 230 φυλάττουσιν,
760 195 837 225 οὖσιν
851 198 889 231 ὡς
902 200 988 235 δισχιε

1040 201 1154 235 spicere.
1171 201 1253 228 Erant
1271 209 1378 237 quoque
1393 202 1419 229 in
1438 208 1468 229 ea
1482 201 1548 230 urbe
1561 202 1587 229 in
1601 201 1733 237 pmsidiis
1747 203 1822 230 mili-

199 243 274 273 λίοις,
289 242 313 267 οἳ
338 242 385 267 καὶ
412 241 569 274 ἀμύνασῦαι
585 241 694 267 ἐπιόντα
716 243 784 277 πρός
798 252 828 276 γε
849 244 879 269 τὸ
896 252 986 278 παρα-

199 287 293 322 χρῆμα
312 286 411 321 ῥᾳδίως
425 285 566 319 ἠδύναντο,
581 286 689 313 ἔπεισεν
713 287 781 321 ὁμοῦ
798 288 900 320 πάντας
916 290 987 315 ἐκλι-

201 334 262 359 πιῐν
292 332 455 366 Ἐπίδαμνον
471 352 477 363 ,
505 332 551 357 καὶ
576 331 662 365 λέγων
690 333 737 358 καὶ
763 334 915 367 ταράττων,
940 337 987 360 καὶ

202 380 297 413 φήμην
318 378 360 404 ἀεὶ
382 377 477 411 καινὴν
499 376 669 411 πειρώμενος
697 378 858 411 ἐμϐάλλειν,
876 379 922 404 καὶ
947 379 987 405 ὅτι

205 425 309 459 βασιλεί
328 423 527 458 ἁπεχθήσονται
549 423 648 457 μᾶλλον
675 424 831 457 ἀντιστῆναι
855 424 986 456 θέλοντες,

204 470 252 495 καλ⁵
267 470 333 503 πρὸς
350 468 394 493 τὸν
411 468 572 502 Βαλαμήρου
588 468 687 499 εὐθέως
702 468 873 500 ἐπέστελλεν,
892 470 928 500 ὡς
939 470 988 495 τά-

205 523 251 549 χος
268 514 434 547 ἐπείγεσθαι.
457 514 484 539 '0
503 513 530 539 δὲ
556 513 586 539 τὸ
608 514 654 539 τοῦ
680 514 851 548 Σιδιμούνδου
872 516 987 549 ἐπέμενε

204 561 327 595 δήλωμα,
344 559 390 584 καὶ
402 559 450 593 τὴν
462 558 545 585 αὑτοῦ
561 559 678 593 ἀδελφὴν
699 560 769 594 νόσῳ
791 561 986 594 κατεχομένην,

204 605 234 636 ἐξ
248 603 281 640 ἦς
294 604 462 639 ἐτελεύτησε.
477 605 599 638 titan:in
612 605 702 638 μέντοι
718 605 767 638 τῆς
781 606 912 638 καθέδρας
924 606 990 640 πρό-

204 658 285 683 φασιν
302 649 419 675 ἐποιεῖτο
443 648 492 680 τὴν
517 648 563 673 τοῦ
590 648 757 682 πρεσϐευτοῦ
773 648 848 683 παρὰ
865 649 989 682 Ζήνωνος

203 695 294 729 ἄφιξιν
311 695 358 721 καὶ
381 694 411 720 τὺ
434 693 577 728 βούλεσθαι
605 694 699 728 μαθεῖν
716 694 789 724 ὅπως
815 694 882 728 πρὸς
908 694 988 720 αὑτὸν

203 742 259 776 ἔχει
275 741 309 767 τὰ
322 742 354 766 ἐκ
369 740 416 766 τοῦ
432 740 575 774 βασιλέως,
598 740 676 765 Ἐπεὶ
693 740 720 766 δὲ
737 740 786 774 τὴν
806 740 924 774 ἀδελφὴν
940 740 988 775 μὲν

203 787 390 813 ἀποθανοῦσαν
406 786 514 819 ἔθαψεν,
528 785 562 811 τὰ
572 785 599 811 δὲ
617 786 691 820 παρὰ
708 785 880 820 Σιδιμούνδου
900 786 988 821 ἀπήν-

201 841 267 867 τησε
282 831 426 863 καλοῦντα,
442 831 508 866 πρὸς
524 831 586 863 τοὺς
609 830 811 865 Ἠρακλειώτας
825 831 988 863 ἐκλιπόντας

204 864 253 913 μέν
266 879 314 913 τὴν
325 877 412 909 πόλιν,
424 878 452 908 ἐς
464 864 595 912 ᾦροὺριον
607 877 634 903 δὲ
644 864 756 911 γίσχυρὺν
765 877 988 912 ἀνασκευασαμέ-
1005 864 1026 890 Β

146 949 149 952 ί
202 932 275 954 νους.
286 923 396 957 πέμψας
408 922 506 957 ἀπῄτει
524 924 597 949 σῖτον
607 923 691 949 πολύν
700 923 812 949 τινακαὶ
824 921 906 954 οἶνον,
914 923 987 954 ὃπως

203 970 242 1004 τῷ
250 970 358 1005 στρατῷ
366 969 422 1004 ἔχοι
431 968 518 995 ἀπιὼν
530 969 633 1003 ἐφόδια.
645 970 676 995 Ol
685 969 712 995 δὲ
719 969 793 995 οὐδὲν
802 969 905 1003 ἔφασαν
913 969 987 1004 αῦτῷ

203 1015 381 1042 δύνασθαι....
399 1015 427 1041 ὲν
454 1015 600 1046 τοσαύταις
626 1015 743 1049 ἡμέραις
768 1014 909 1048 λέγοντες,
925 1015 987 1041 ὅσον

205 1060 277 1096 εἶχον
295 1062 340 1087 ἐπὶ
353 1061 473 1096 φρουρίῳ
498 1069 528 1094 γε
560 1060 650 1095 μικρῷ
671 1060 882 1095 δεδαπανῆσθαι.
904 1060 932 1086 '0
959 1060 987 1086 δὲ

206 1107 273 1141 πρὸς
289 1106 371 1141 ὀργὴν
385 1107 419 1133 τὰ
434 1107 547 1133 πλεῖστα
565 1107 614 1140 τῆς
640 1106 744 1137 πόλεως
767 1107 923 1141 ἐμπρήσας,
940 1107 988 1132 ἀν-

204 1152 275 1187 δρῶν
298 1152 379 1186 οὔσης
396 1153 511 1186 ἐρήμου,
526 1151 607 1182 εὐθὺς
629 1152 823 1178 ἀπανίσταται,
841 1152 894 1177 Καὶ
918 1152 988 1178 κατὰ

203 1197 252 1232 τὴν
281 1197 389 1223 δύσοδον
420 1197 467 1223 καὶ
496 1197 593 1231 στενὴν
620 1197 678 1222 ὁδὸν
694 1197 742 1231 τὴν
762 1197 842 1223 ἐπὶ²⁷
854 1197 902 1231 τὴν
925 1196 987 1222 νέαν

202 1243 352 1277 λεγομένην
370 1243 501 1277 Ἤπειρον
521 1242 682 1275 ἀπάγουσαν
706 1242 860 1277 ἀναστήσας
876 1242 987 1276 ἦλαυνε,

203 1289 249 1314 καὶ
273 1288 430 1322 προπέμπει
454 1289 516 1319 τοὺς
542 1289 634 1318 ἱππεῖς
663 1288 697 1313 τὰ
725 1287 796 1322 ἄκρα
819 1289 853 1322 τῇ
873 1288 988 1322 στρατιᾷ

203 1335 512 1369 προκαταληψομένους,
537 1335 583 1361 καὶ
608 1335 660 1366 ἓως
686 1334 841 1361 ἀνέλπιστοί
858 1335 910 1360 εἱσι
927 1334 987 1361 κατ’

203 1384 294 1409 ἐκεῖνα
302 1383 324 1398 ³⁸
343 1384 488 1418 χωρήσειν,
507 1383 536 1414 ἐξ
552 1383 646 1416 ἐφόδου
661 1382 762 1417 ἀθρόας
787 1382 987 1417 ὲκκρούσοντας

203 1430 252 1464 τὴν
268 1429 401 1463 φυλακὴν,
415 1429 475 1463 ἣτις
489 1427 522 1463 ἦν
535 1429 640 1455 αὐτόθι.
657 1430 688 1454 Οἱ
703 1428 730 1454 δὲ
751 1428 788 1459 ὡς
802 1428 948 1462 ἀνέδησαν,
963 1428 987 1453 οι

203 1476 250 1501 ἐπὶ
277 1475 317 1509 τῷ
349 1475 442 1509 τειχίῳ
468 1475 489 1490 ³⁹
519 1473 700 1509 φρουροῦντες
718 1474 881 1508 στρατιῶται
911 1473 941 1499 τό
958 1482 986 1499 τε

203 1520 305 1555 πλῆθος
330 1521 428 1551 ἰδόντες
454 1521 499 1547 καὶ
515 1520 582 1555 πρὸς
599 1520 628 1546 τὸ
648 1519 780 1553 αἰφνίδιον
796 1519 885 1546 αὐτῶν
901 1527 987 1545 κατοι-
1002 1535 1024 1565 c

202 1567 354 1600 πλαγέντες
363 1566 423 1592 οὗτε
436 1567 465 1597 ἐς
475 1566 560 1600 ἀλκὴν
570 1566 602 1581 δ”
613 1565 813 1599 ἔτιτραπέσθαι
825 1565 987 1599 ὑπέμειναν,

201 1612 263 1639 οὔτε
286 1612 416 1647 λογισμὸν
439 1611 518 1646 ἔσχον
549 1611 698 1643 ἀποζεῦξαι
722 1611 752 1637 τὸ
777 1611 914 1644 τείχισμα,
931 1610 987 1636 ἀλλ’

201 1658 336 1693 ὥρμησαν
353 1658 478 1692 φεύγειν,
496 1657 549 1683 ὑπὸ
574 1657 622 1690 τῆς
649 1656 806 1691 ἐκπλήξεως
829 1656 988 1690 ἀπερίοπτοι

201 1704 312 1731 πάντων
338 1703 393 1729 τῶν
421 1704 461 1734 εἰς
485 1703 531 1729 τὸν
554 1703 614 1728 τότε
635 1702 730 1736 καιρὸν
749 1702 888 1736 ὠφελῆσαι.
907 1702 987 1728 δυνα-

204 1750 302 1784 μένων.
318 1750 350 1775 Οἱ
370 1749 398 1775 δὲ
422 1749 492 1775 κατὰ
521 1747 620 1782 πολλὴν
632 1748 655 1764 ⁸ο
683 1747 801 1783 ἐρημίαν
831 1748 989 1782 προσιόντες

202 1793 332 1829 ἐχώρουν,
361 1794 406 1820 ἐπὶ
430 1792 476 1819 τοῦ
506 1793 641 1827 στόματος
669 1793 749 1823 αὐτὸς
775 1793 789 1818 ὁ
816 1792 986 1827 Θευδέριχος,

203 1841 269 1871 Σόας
282 1840 309 1866 δὲ
319 1841 333 1866 ὁ
346 1840 473 1874 μέγιστος
488 1839 542 1865 τῶν
567 1839 612 1865 ὑπ’
629 1839 710 1866 αὑτὸν
735 1838 896 1873 στρατηγῶν
918 1837 987 1864 κατὰ

201 1886 232 1913 τὸ
245 1886 327 1920 μέσον
344 1884 411 1920 εἶχε,
429 1884 623 1919 Θευδιμοῦνδος
638 1885 665 1910 δὲ
687 1885 700 1910 ὁ
721 1884 814 1918 ἔτερος
828 1884 882 1909 τῶν
899 1883 987 1908 Βαλα-

203 1933 291 1967 μήρου
316 1931 419 1958 παίδων
445 1932 491 1958 ἐπὶ
520 1931 569 1965 τῆς
595 1930 737 1965 οὐραγίας.
756 1929 915 1964 Θευδέριχος
938 1928 988 1963 μὲν

200 1979 247 2006 οὖν
262 1977 440 2013 προκαταὸὰς
453 1978 500 2004 καὶ
521 1977 640 2012 Θαρσῶν,
664 1977 701 2006 ὼς
728 1976 815 2006 οὐδεὶς
839 1974 872 2010 ἦν
895 1976 987 2006 αὐτοῖς

201 2026 381 2059 ἐφεπόμενος,
412 2025 468 2056 τοῖς
497 2024 545 2050 ἐπὶ
572 2023 626 2049 τῶν
642 2022 754 2056 ἁμαξῶν
768 2023 815 2048 καὶ
829 2022 885 2053 τοῖς
898 2021 987 2053 ἄλλοις

202 2070 378 2103 σκευοφόροις
402 2067 478 2095 εἶπεν
500 2069 669 2103 προχωρεῖν·
695 2067 777 2097 αὐτὸς
801 2066 829 2093 δὲ
859 2066 987 2099 ἠπείγετο

201 2116 303 2151 φθάσαι
317 2114 532 2150 προκαταλαϐὼν
543 2116 575 2150 ἣν
590 2114 622 2140 ἂν
632 2114 739 2140 δύναιτο
753 2113 839 2140 πόλιν.
854 2112 909 2138 Καὶ
919 2112 986 2146 πρὸς

203 2163 252 2198 μὲν
268 2163 318 2198 τὴν
333 2161 471 2196 Λυχνηδὸν
486 2161 606 2186 ἐπελθὼν
619 2159 806 2194 ἀπεκρούσθη,
824 2158 870 2184 ἐπὶ
887 2158 984 2193 ὀχυροῦ

1042 252 1097 274 tum
1109 247 1162 275 duo
1177 247 1270 280 millia,
1284 249 1329 282 qni
1343 248 1454 275 Barbari
1466 248 1582 283 primum
1595 248 1724 282 impetum
1737 248 1824 283 repel-

1040 293 1094 320 lere
1107 292 1266 327 potuissent.
1281 293 1335 327 ει
1354 287 1402 321 llis
1417 300 1526 328 quoque
1544 292 1656 320 multum
1668 293 1783 320 dicendo
1795 297 1824 321 et

1041 342 1171 366 terrorem
1189 339 1334 372 injicienda
1342 343 1369 366 et
1378 339 1499 373 quotidie
1511 346 1596 367 novos
1611 346 1734 366 rumores
1748 346 1823 373 spar-

1039 384 1126 417 gendo
1142 384 1296 419 persuasit,
1320 388 1350 411 ut
1370 385 1463 412 urbem
1486 384 1662 418 Epidamnum
1688 384 1822 411 desertam

1039 429 1232 464 relinquerem.
1246 429 1342 457 Aiebat
1365 429 1447 461 enim,
1467 436 1527 461 eos,
1549 429 1572 456 si
1593 430 1718 456 resistere
1742 429 1823 456 aude-

1039 479 1109 507 rent,
1122 476 1208 510 magis
1220 475 1391 509 imperatoris
1404 474 1535 502 voluntati
1549 475 1750 502 adversaturos.
1761 474 1823 505 Mox

1040 528 1093 555 quo
1104 520 1220 548 celerius
1230 520 1433 548 Theudericbus
1446 521 1599 551 accederet,
1613 520 1646 547 ad
1658 526 1719 546 eum
1733 519 1822 547 misit:

1041 565 1063 592 is
1078 565 1150 592 circa
1174 564 1333 592 Heracleam
1353 564 1524 595 consederat,
1540 569 1567 592 et
1581 564 1646 597 quid
1664 564 1714 591 sibi
1736 564 1824 591 nuntii

1040 617 1054 636 a
1076 609 1235 637 Sidimundo
1252 609 1373 641 veniret,
1389 614 1416 637 et
1438 614 1547 644 propter
1562 609 1687 637 morbum
1710 610 1822 641 sororis.

1039 662 1099 689 quae
1120 654 1199 690 paulo
1220 659 1279 689 post
1297 655 1425 685 decessit.
1448 655 1633 690 exspectabat.
1650 654 1711 682 Sua:
1734 659 1823 682 autem

1041 707 1122 727 morae
1137 708 1246 727 causam
1263 700 1349 734 palam
1362 700 1480 735 legatum
1502 706 1562 727 esse
1585 699 1730 732 simulavit,
1744 707 1823 733 quem

1041 743 1074 770 ad
1089 750 1149 770 eum
1163 743 1236 770 Zeno
1248 744 1369 775 miserat,
1387 745 1449 779 quia
1467 752 1501 772 ex
1514 750 1556 775 eo,
1575 751 1629 778 quo
1645 744 1734 771 animo
1751 744 1777 771 in
1795 751 1825 772 se

1040 793 1113 816 esset
1128 789 1285 823 imperator,
1297 789 1445 824 intelligere
1456 793 1578 823 cuperet.
1592 788 1646 816 Nec
1656 789 1739 816 multo
1752 793 1823 823 post,

1041 841 1101 861 cum
1119 841 1239 861 sororem
1256 842 1332 862 suam
1349 839 1483 861 mortuam
1498 834 1618 866 eﬂ'erret,
1634 842 1648 860 ιι
1664 834 1825 862 Sidimundo

1043 880 1152 908 nuntius
1164 880 1291 912 occurrit,
1303 880 1349 915 qui
1363 888 1423 908 eum
1438 884 1600 908 arcesseret.
1611 880 1678 907 Tum
1692 880 1725 906 ad
1739 880 1825 907 Hera-

1042 926 1152 959 cleotes,
1170 926 1214 960 qui
1232 926 1325 953 urbem
1341 926 1506 960 reliquerant
1520 930 1547 953 et
1567 933 1596 953 se
1615 925 1642 953 in
1661 932 1750 952 arcem
1766 933 1825 952 mu-

1041 972 1204 1000 nitissimam
1218 976 1386 1007 receperant,
1401 972 1475 998 misit
1492 971 1537 1006 qui
1553 974 1676 1005 peterent
1698 978 1823 1006 magnam

1042 1018 1170 1045 frumenti
1185 1017 1239 1044 vim
1259 1022 1286 1045 et
1299 1017 1365 1050 vini,
1381 1022 1410 1044 ut
1432 1017 1574 1044 discedente
1590 1017 1732 1049 viaticumI
1752 1017 1823 1051 quod

1042 1063 1138 1098 alendo
1154 1062 1282 1090 exercitui
1306 1061 1457 1093 sufﬁceret,
1479 1062 1602 1089 haberet.
1619 1061 1657 1088 Illi
1675 1066 1763 1089 autem
1782 1069 1825 1089 re-

1041 1109 1218 1143 sponderunt,
1240 1107 1305 1135 nihil
1328 1108 1379 1135 sibi
1400 1112 1504 1135 restare
1527 1112 1735 1139 commeatuum,
1756 1115 1825 1142 quos

1042 1155 1133 1189 largiri
1151 1158 1270 1189 possent.
1280 1153 1379 1180 etenim
1391 1160 1458 1188 quos
1472 1153 1630 1180 habuissent
1643 1157 1681 1180 tot
1696 1153 1824 1181 diebusin

1044 1207 1128 1235 parvo
1141 1199 1253 1227 castello
1270 1199 1482 1233 consumpsisse.
1498 1198 1544 1226 llle
1561 1199 1600 1225 ira
1613 1198 1727 1232 exarsit,
1738 1203 1765 1226 et
1779 1206 1826 1226 ur-

1042 1247 1101 1278 bis,
1116 1253 1175 1281 qute
1190 1246 1224 1272 ab
1240 1245 1394 1272 hominibus
1420 1252 1503 1272 vacua
1527 1248 1586 1272 erat
1597 1263 1605 1276 ,
1626 1244 1825 1280 quamplurima

1042 1293 1099 1320 loca
1113 1291 1243 1323 incendit,
1256 1296 1284 1318 et
1297 1291 1439 1318 confestim
1462 1291 1543 1318 motis
1562 1291 1668 1323 castris,
1683 1290 1724 1317 via
1741 1290 1825 1317 ardua

1041 1342 1068 1364 et
1078 1342 1271 1373 angusta,qua:
1286 1337 1319 1364 ad
1331 1344 1426 1364 novam
1437 1337 1546 1371 Epirum
1561 1337 1685 1369 ducebat,
1695 1336 1824 1370 perrexit.

1042 1384 1109 1411 Tum
1127 1383 1231 1418 equites
1245 1382 1393 1417 pmmitlil,
1410 1383 1454 1418 qui
1464 1382 1533 1418 ‘juga
1548 1384 1678 1411 montium
1694 1383 1767 1417 prius
1778 1390 1826 1410 oc-

1041 1433 1184 1463 cuparent,
1204 1432 1242 1460 ut,
1264 1435 1326 1455 cum
1343 1435 1422 1455 nemo
1439 1428 1572 1463 suspicari
1594 1432 1702 1463 posset,
1717 1435 1763 1456 eos
1778 1434 1826 1462 per

1041 1480 1072 1501 ea
1083 1474 1141 1501 loca
1153 1480 1353 1508 progressuros,
1365 1473 1500 1508 prrcsidia,
1512 1475 1534 1501 si
1547 1481 1599 1508 qna
1610 1466 1713 1506 essent,
1726 1473 1827 1507 Impetit

1041 1519 1187 1553 derepente
1199 1519 1269 1546 facto
1285 1519 1460 1553 depellerent.
1473 1519 1524 1552 Qui
1540 1527 1588 1554 pro
1603 1520 1738 1547 moenibus
1750 1519 1826 1547 urbis

1041 1565 1164 1600 prazsidia
1188 1564 1313 1599 agebant,
1339 1569 1368 1591 ut
1397 1564 1597 1592 multitudinem
1622 1564 1739 1592 hostium
1761 1572 1827 1592 con-

1040 1615 1206 1646 spexerunt,
1226 1610 1316 1638 subito
1330 1618 1395 1638 casu
1412 1610 1559 1645 perterriti,
1584 1618 1671 1644 neque
1697 1611 1826 1638 resistere

1040 1657 1098 1684 ausi
1121 1661 1196 1688 sunt,
1218 1663 1305 1690 neque
1325 1655 1379 1683 illis
1396 1659 1498 1683 tantum
1522 1655 1605 1682 animi
1630 1660 1657 1682 et
1678 1655 1826 1689 prudentiae

1040 1702 1102 1736 fuit,
1120 1706 1149 1729 ut
1166 1701 1398 1737 propugnaculum
1420 1701 1605 1733 occluderent,
1623 1701 1669 1729 sed
1695 1701 1721 1728 in
1737 1700 1825 1734 fugam

1039 1748 1163 1776 conversi
1179 1755 1234 1782 pra;
1247 1754 1345 1782 pavore
1359 1747 1436 1780 nihil,
1451 1747 1523 1782 quod
1540 1746 1592 1774 illis
1606 1746 1671 1774 utile
1685 1751 1767 1779 esset,
1782 1751 1826 1774 at-

1040 1794 1195 1821 tenderunt.
1212 1792 1309 1821 Hostes
1331 1798 1421 1821 autem
1434 1799 1483 1827 per
1500 1793 1557 1820 loca
1573 1792 1727 1820 hominibus
1742 1800 1826 1820 vacua

1038 1842 1065 1865 et
1080 1840 1186 1866 deserta
1197 1839 1446 1872 progrediebantur.
1459 1838 1664 1867 Theuderichus
1675 1844 1735 1866 erat
1752 1839 1826 1866 inter

1039 1885 1151 1919 primos,
1168 1883 1236 1911 Soas
1253 1891 1268 1910 a
1289 1883 1479 1911 Tlteudericho
1492 1883 1638 1911 secundum
1662 1884 1686 1910 in
1704 1883 1826 1911 exercitu

1038 1930 1149 1965 gradum
1167 1929 1287 1962 tenebat,
1301 1933 1329 1955 et
1347 1928 1468 1956 medium
1486 1936 1582 1963 agmen
1596 1929 1720 1961 ducebat,
1736 1929 1827 1956 Theu-

1039 1975 1209 2007 demundus,
1234 1974 1304 2001 alter
1331 1981 1364 2001 ex
1394 1972 1524 2001 Valamiri
1555 1974 1635 2006 ﬁliis,
1662 1979 1824 2001 extremum.

1039 2021 1240 2049 Theudericltus
1249 2020 1325 2048 valde
1335 2020 1421 2047 audax
1435 2025 1462 2047 et
1473 2020 1621 2053 conlidens,
1634 2024 1663 2047 ut
1678 2020 1825 2053 neminem,

1038 2067 1083 2102 qui
1098 2066 1151 2094 sibi
1165 2067 1316 2096 resisteret.
1333 2066 1441 2094 obviam
1457 2066 1513 2093 ﬂeri
1531 2066 1607 2098 vidit,
1620 2073 1677 2099 eos,
1691 2066 1737 2098 qui
1754 2065 1824 2100 apud

1038 2121 1132 2140 currus
1146 2117 1173 2140 et
1186 2118 1283 2140 caetera
1298 2112 1488 2147 impedimenta
1503 2115 1590 2143 erant,
1607 2111 1753 2146 procedere
1768 2111 1826 2146 jus-

1038 2159 1083 2187 sit.
1094 2158 1151 2192 Ipse
1166 2159 1290 2194 prmibat,
1304 2162 1333 2184 ut
1346 2165 1534 2192 quamcunque
1547 2161 1638 2193 posset
1648 2158 1741 2184 urbem
1754 2165 1825 2193 pra:-

202 2209 330 2243 κειμένην
353 2209 400 2235 καὶ
425 2207 522 2242 πηγῶν
536 2206 608 2233 ἔνδον
622 2206 724 2241 πλήρη,
742 2207 789 2232 καὶ
811 2205 885 2231 σίτου
919 2213 987 2239 προ-

1044 2205 1173 2233 veniendo
1190 2209 1309 2240 caperet.
1328 2204 1367 2231 Ad
1384 2204 1554 2239 Lyclmidum
1578 2204 1710 2232 accedens
1723 2209 1766 2232 est
1782 2211 1826 2231 re-

201 2255 306 2285 ενόντος
316 2255 348 2281 “.
372 2254 504 2285 Ἀναστὰς
521 2253 548 2279 δὲ
568 2252 672 2279 ἐκεῖθεν
686 2253 735 2286 τήν
761 2259 790 2277 τε
808 2250 954 2285 Σκαμπίαν
963 2250 985 2266 ⁴¹

201 2301 283 2336 αἱρεῖ,
296 2301 350 2326 τῶν
364 2300 513 2334 οἰκητόρων
524 2298 609 2334 αὐτὴν
622 2298 706 2324 πάλαι
725 2296 930 2329 ἐκλελοιπότων,
940 2295 987 2322 καὶ

201 2346 231 2378 ἐξ
245 2347 329 2381 αὐτῆς
345 2346 468 2381 ὁρμήσας
481 2344 644 2379 Ἐπίδαμνον
657 2343 800 2378 λαμϐάνει.

234 2477 411 2513 ’Ᾱδαμάντιος
428 2478 457 2504 δὲ
473 2477 561 2504 ταῦτα
578 2476 731 2511 πυθόμενος
756 2475 915 2510 προπέμπει
931 2475 984 2501 τῶν

200 2524 305 2550 ἱππέων
325 2524 379 2550 τῶν
404 2524 547 2559 βασιλείων
563 2523 634 2554 τινὰ,
649 2522 695 2553 οὓς
711 2521 922 2556 μαγιστριανιιῦς
937 2529 985 2546 κα-

197 2569 284 2602 λοῦσι,
302 2570 476 2606 μεμφόμενός
502 2578 531 2596 τε
559 2568 634 2603 αὐτῷ
664 2567 738 2602 παρὰ
760 2567 808 2601 τὴν
838 2566 983 2600 ὑπόσχεσιν

196 2614 247 2649 τῆς
271 2615 419 2650 πρεσϐείας
442 2615 571 2648 ποιοῦντι,
596 2613 645 2641 καὶ
669 2612 787 2639 κελεύων
806 2613 919 2647 ἠρεμεῖν
934 2611 983 2638 καὶ

199 2661 268 2696 μήτε
280 2661 360 2688 πλοῖα
377 2661 480 2693 λαϐεῖν,
492 2660 554 2695 μήτ’
563 2660 628 2688 ἄλλο
638 2668 663 2686 τι
676 2658 731 2686 τῶν
745 2658 888 2685 παυόντων
901 2658 982 2685 πλέον

1040 2252 1142 2286 pulsus.
1160 2251 1224 2278 Erat
1236 2251 1308 2278 enim
1327 2249 1428 2278 difﬁcili
1451 2249 1510 2277 loco
1523 2250 1575 2277 sita
1592 2254 1619 2276 et
1632 2250 1747 2277 fontium
1764 2258 1826 2278 sca-

1041 2296 1156 2330 turigine
1167 2295 1255 2329 plena,
1269 2300 1297 2322 et
1315 2299 1445 2321 convecto
1459 2294 1534 2328 prius
1550 2294 1686 2322 frumento
1700 2295 1824 2322 abnnda-
1860 2292 1867 2298 ““

1042 2341 1096 2367 bat.
1115 2340 1182 2367 Hinc
1195 2347 1317 2372 movens,
1333 2340 1497 2374 Scampiam,
1514 2346 1595 2373 quam
1608 2339 1764 2374 jamdudum
1784 2340 1826 2367 in-

1033 2386 1098 2413 colm
1114 2386 1293 2420 reliquerant,
1307 2385 1401 2418 diruit,
1418 2391 1445 2413 et
1458 2382 1519 2413 inde
1541 2393 1703 2421 progressus
1723 2385 1824 2421 impetu

1034 2432 1106 2460 facto
1119 2431 1295 2465 Epidamnum
1313 2435 1439 2465 occupat.

1070 2477 1126 2512 82
1138 2476 1216 2509 Quod
1231 2477 1276 2504 ubi
1292 2476 1416 2511 cognovit
1438 2476 1626 2509 Adamantius,
1643 2477 1725 2504 mittit
1740 2484 1822 2503 unum

1037 2529 1070 2549 ex
1090 2522 1226 2557 cqultibus
1254 2522 1438 2557 imperatoris,
1451 2522 1496 2557 qui
1510 2530 1572 2550 cum
1590 2530 1622 2550 eo
1631 2522 1823 2557 expostularet,

1037 2568 1107 2602 quod
1124 2572 1216 2595 contra
1235 2567 1271 2599 id,
1292 2567 1363 2602 quod
1379 2560 1468 2595 missa.
1489 2567 1621 2601 legatione
1648 2568 1824 2601 promiserat,

1036 2613 1148 2645 faceret.
1163 2619 1191 2641 et
1201 2613 1309 2649 jnberet
1322 2613 1357 2641 ab
1370 2615 1479 2649 incepto
1492 2615 1622 2642 desistere
1640 2620 1726 2648 neque
1743 2620 1825 2641 naves

1035 2667 1153 2693 sumere,
1166 2664 1213 2686 aut
1223 2660 1369 2696 quidquam
1380 2660 1452 2688 aliud
1465 2668 1594 2688 novarum
1610 2667 1698 2687 rerum
1708 2662 1825 2691 tentare,

850 2716 966 2744 VARUS
983 2716 1184 2747 LECTIONES.

232 2765 255 2805 ξ’
268 2774 364 2805 στραηξΖ
381 2765 469 2805 λέγων
480 2767 534 2805 τοῖς
553 2765 625 2805 conj.
644 2764 677 2792 Ν.
703 2765 737 2805 _"
756 2764 1030 2805 énl_N.,__t')'rtb_vn_lg.
1106 2766 1198 2805 ἐκεῖνα
1209 2765 1261 2805 vel.
1279 2765 1390 2805 ἐκείνων
1409 2765 1452 2797 Ν..
1469 2765 1566 2805 έκξίνῳ
1586 2765 1661 2805 vulg.
1697 2764 1826 2805 ³⁹.τοιχίῳ

197 2800 287 2837 vulg._
331 2800 467 2837 "'ﬁlxhv
491 2800 537 2834 Νη
555 2800 639 2835 ἀλλην
665 2800 738 2835 vulg.

200 2835 320 2870 καρπίαν
334 2835 407 2871 vulg.

792 2800 812 2815 "
829 2799 929 2833 πολλὴν
949 2799 1017 2832 Val.,
1036 2799 1102 2826 πολὺ
1117 2801 1188 2836 vulg.
1226 2801 1247 2817 δ’
1266 2802 1398 2837 παρόντος
1418 2801 1489 2828 coni.
1505 2800 1537 2828 ll.
1553 2799 1558 2801 ⁷
1585 2800 1608 2817 δ’
1619 2799 1762 2835 Σκαμπίαν
1778 2799 1822 2832 Ν..
