4010 6210
345 212 451 278 763

1300 216 1695 276 EXCERPTA
1734 216 1836 274 EX
1872 213 2184 276 MALCHO
2227 218 2591 280 RHETORE

3507 226 3618 289 764

344 332 516 383 donec
570 330 927 387 adventaret:
958 330 1189 397 denique
1234 328 1406 382 virum
1469 330 1536 383 ad
1572 344 1632 385 se
1686 329 1918 392 mittere,

2037 330 2364 400 νεωτερίσαι,
2398 329 2505 394 ἕως
2543 331 2610 383 ἂν
2655 332 2818 395 αὐτὸς
2861 333 3019 404 ἔλθῃ·
3055 334 3373 387 ἀποστεῖλαι
3410 334 3465 387 δὲ
3517 339 3616 392 καὶ

347 418 438 486 qui
477 418 578 472 sibi
616 419 715 470 tuti
752 427 871 486 post
922 426 1195 484 peractam
1249 416 1573 485 legationem
1633 417 1840 471 reditus
1874 424 1930 471 et

349 509 572 577 reliqure
629 510 934 563 securitatis
982 509 1139 561 [idem
1194 519 1491 578 praestaret.
1552 508 1676 563 Ilaec
1703 526 1823 564 cum
1860 509 1927 563 ad

348 616 467 654 enm
497 598 849 651 Adamantius
899 602 1145 650 mandata
1182 598 1438 662 dedisset,
1472 602 1609 668 ipse,
1642 600 1929 654 Thessalo-

354 690 468 740 nica
498 686 703 747 relicta,
734 688 987 740 Edessam
1014 690 1158 742 venit
1188 699 1241 742 et
1269 706 1371 743 una
1405 706 1527 743 cum
1575 705 1640 745 co
1683 691 1930 746 Philoxe-

354 794 468 831 nus.
510 776 637 828 Erat
666 776 881 833 Edessa:
913 778 1261 842 Sabinianus,
1295 782 1381 835 cui
1404 781 1611 835 litteras
1636 782 1930 850 imperato-

353 870 425 919 ris
452 867 820 935 reddiderunt,
839 885 1105 937 quemque
1126 875 1312 926 ducem
1345 884 1602 926 crearunt
1626 884 1928 943 raetcraque

350 959 529 1011 Olllllla
564 961 753 1013 ordine
808 962 1285 1015 adtninislraruut.
1330 963 1435 1017 Sed
1464 965 1735 1019 Barbaros
1777 981 1926 1020 rece-

354 1053 542 1106 dentes
565 1056 817 1123 persequi
850 1056 1078 1121 minime
1100 1066 1276 1111 tutum
1307 1058 1480 1112 visum
1501 1068 1603 1113 est.
1635 1059 1929 1113 Sabiniano

352 1144 496 1195 enim
530 1146 681 1211 pauci
717 1146 917 1201 milites
943 1150 1261 1202 mercenarii
1298 1164 1360 1202 ex
1392 1150 1506 1215 ejus
1541 1151 1855 1205 domesticis
1877 1161 1932 1207 et

354 1234 715 1290 familiaribus
744 1239 991 1293 aderant.
1046 1239 1178 1292 Nam
1210 1241 1297 1309 qui
1334 1241 1544 1308 publice
1577 1248 1855 1297 merebant
1875 1251 1931 1297 et

356 1330 651 1384 ordinariis
692 1332 990 1400 legionibus
1031 1335 1284 1400 adscripti
1336 1336 1599 1402 stipendia
1638 1335 1928 1401 faciebant,

354 1432 475 1471 cum
504 1434 599 1487 per
633 1420 794 1475 urbes
811 1422 1057 1489 dispersi,
1092 1430 1202 1476 tum
1238 1422 1512 1486 Onulfum,
1534 1423 1725 1477 ducem
1749 1439 1926 1478 suum.

358 1508 549 1570 secuti,
602 1509 869 1563 abierant.
905 1509 1091 1579 Itaque
1147 1512 1321 1565 visum
1377 1522 1458 1567 est
1508 1513 1929 1580 edicta,quibus

2033 421 2229 490 ἄνδρα,
2270 423 2420 485 ὅστις
2465 421 2533 474 τά
2577 424 2743 476 πιστά
2778 422 2937 476 δώσει
2984 424 3085 492 τῆς
3133 425 3271 493 μετὰ
3318 424 3417 495 τὴν
3474 443 3617 495 πρε-

2032 512 2221 567 σϐείαν
2236 512 2391 576 αὖθις
2410 514 2813 585 ἀναχωρήσεως
2827 515 2920 567 καὶ
2939 515 3040 582 τῆς
3060 515 3187 584 ὅλης
3204 515 3407 579 ἀδείας,
3427 518 3619 571 Ταῦτά

2027 621 2087 656 τε
2114 605 2249 671 πρὸς
2290 606 2496 657 ἐκεῖνον
2549 604 2860 667 ἐπέστελλε,
2914 605 3008 657 καὶ
3059 604 3225 667 αὑτὸς
3266 604 3404 673 ἄρας
3440 606 3618 657 ano"

2029 695 2430 762 Θεσσαλονίκης
2466 694 2684 765 ἔρχεται
2732 697 2813 757 εἰς
2855 695 3144 759 Ἔδεσσαν,
3186 696 3319 748 ὅπου
3354 692 3423 766 ἦν
3455 697 3622 749 Σαϐι-

2030 789 2230 851 νιανὸς,
2252 791 2348 842 σὺν
2370 790 2426 842 δὲ
2454 789 2603 859 αὑτῴ
2625 792 2717 843 καὶ
2741 790 3038 853 Φιλόξενος,
3059 791 3169 842 Καὶ
3188 791 3287 852 τας
3310 807 3371 841 τε
3395 790 3621 853 δέλτους

2031 881 2182 952 αὑτῷ
2220 882 2540 952 παρέχουσι,
2597 883 2691 935 καὶ
2742 884 3048 951 στρατηγὸν
3090 883 3475 950 ἀποφαίνουσι,
3525 885 3623 935 καὶ

2030 978 2161 1045 περ)⁹
2210 975 2318 1025 τῶν
2365 974 2648 1044 παρόντων
2698 970 2757 1027 εὖ
2807 974 3227 1029 διεϐουλεύοντο.
3260 975 3369 1025 Καὶ
3411 975 3472 1027 τὸ
3515 975 3619 1043 μέν

2032 1067 2332 1135 ἐπιχειρεῖν
2357 1069 2469 1128 τοῖς
2486 1064 2793 1135 Βαρϐἀροις
2828 1082 2963 1134 πορε
2979 1066 3230 1134 υομένοις
3252 1066 3350 1117 οὐκ
3375 1064 3622 1131 ἀσφαλὲς

2029 1159 2225 1220 ἐδόκει,
2277 1158 2473 1225 ὀλίγων
2529 1159 2627 1227 μὲν
2664 1159 2931 1211 συνόντων
2975 1156 3125 1225 αὑτῷ
3175 1156 3474 1226 Σαϐινιανῷ
3526 1174 3619 1224 μι-

2033 1250 2314 1320 σθοφόρων
2346 1250 2584 1314 οἰκείων,
2612 1250 2709 1318 τῆς
2734 1248 2789 1301 δέ
2809 1249 3073 1319 δημοσίας
3094 1250 3354 1317 στρατιᾶς
3377 1249 3471 1300 καὶ
3498 1247 3611 1299 τῶν

2028 1342 2224 1395 κοινῶν
2254 1340 2553 1409 ταγμάτων
2578 1340 2688 1393 τῶν
2739 1341 2837 1410 μὲν
2875 1339 3294 1409 διεσπαρμένων
3322 1338 3463 1391 κατά
3510 1338 3616 1391 πό-

2030 1433 2163 1496 λεις,
2204 1433 2313 1485 τῶν
2359 1432 2416 1485 δὲ
2460 1431 2595 1501 μετὰ
2623 1430 2718 1484 τοῦ
2760 1429 3070 1501 στρατηγοῦ
3104 1429 3460 1500 Ὀνούλφου“
3490 1430 3623 1482 ἀκο-

2030 1524 2380 1577 λουθούντων.
2427 1521 2634 1575 Ἐδόκει
2687 1521 2744 1574 δὲ
2802 1522 3045 1591 πέμπειν
3094 1519 3408 1589 ἁπανταχοῦ
3445 1536 3619 1587 προσ-

361 1598 560 1653 milites
603 1601 840 1668 undique
879 1612 1260 1665 evocarentur,
1304 1618 1625 1671 proponere,
1654 1614 1707 1657 et
1740 1605 1928 1659 ducem

2037 1617 2287 1685 τάγματα
2354 1612 2729 1681 συγκαλοῦντα
2784 1613 2909 1674 τοὺς
2958 1610 3314 1681 στρατιώτας,
3382 1612 3478 1663 καὶ
3524 1610 3620 1662 τὸν

358 1689 610 1758 legatum,
640 1691 728 1757 qui
765 1705 827 1743 ea
877 1692 1265 1760 promulgaret,
1300 1695 1649 1763 praemittere.
1712 1695 1789 1749 Eo
1813 1698 1929 1764 ipso

2037 1678 2344 1777 στρατηγὸν
2396 1678 2659 1775 δηλοῦντα
2714 1678 3066 1773 προπέμπειν
3109 1702 3203 1754 τὸν
3247 1701 3618 1770 πρεσϐευτήν.

356 1790 599 1850 tempore
626 1798 792 1850 eques
821 1782 887 1835 ab
927 1783 1248 1838 Adamantio
1297 1787 1497 1841 missus
1530 1802 1799 1853 reversus,
1824 1804 1928 1842 una

354 1888 537 1929 secum
556 1874 825 1929 adducens
844 1874 1209 1929 Barbarornm
1232 1881 1585 1940 sacerdotem,
1604 1894 1762 1945 quem
1774 1878 1933 1935 Chri-

354 1965 514 2018 stiani
549 1966 921 2035 presbyterum
954 1976 1167 2028 vocant,
1207 1968 1297 2034 qui
1320 1976 1432 2021 tuto
1450 1969 1830 2023 Adamantium
1863 1970 1929 2025 ad

355 2051 652 2106 Barbarum
684 2057 945 2108 accedere
978 2056 1081 2108 ﬁde
1108 2070 1203 2110 sua
1232 2058 1545 2126 interposita
1568 2060 1803 2127 juberet,
1836 2062 1932 2117 ad-

358 2154 600 2199 venerat.
645 2144 813 2211 Quem
869 2146 1200 2204 Sabinianus
1242 2159 1296 2203 et
1329 2151 1688 2207 Adamantius
1746 2168 1930 2209 secum

357 2235 615 2291 ducentes
642 2240 886 2306 protinus
917 2240 1200 2295 discedunt
1240 2252 1291 2295 et
1318 2241 1652 2312 Lychnidum
1686 2248 1929 2302 veniunt.

360 2325 491 2380 Erat
523 2328 634 2381 hare
670 2331 795 2382 urbs
829 2331 933 2399 jam
982 2332 1105 2387 olim
1136 2335 1385 2403 opulenta
1430 2346 1482 2392 et
1516 2337 1721 2393 divitiis
1759 2340 1934 2394 abun-

358 2416 532 2471 dans:
566 2419 717 2485 cujus
770 2424 1111 2491 magistratus
1160 2434 1214 2479 et
1268 2426 1356 2480 alii
1398 2428 1542 2482 cives
1581 2429 1793 2483 obviam
1830 2431 1935 2485 illis

359 2511 675 2579 prodierunt
695 2552 710 2577 ,
743 2523 797 2567 et
824 2530 919 2569 eos
955 2516 1006 2569 in
1037 2532 1155 2571 eam
1194 2519 1622 2575 introduxerunt.
1651 2521 1781 2576 llinc
1804 2523 1938 2575 Ada-

365 2603 600 2659 mantius
651 2608 827 2661 denuo
895 2608 1250 2675 Epidamnum
1296 2610 1481 2677 mittit,
1554 2614 1817 2683 petiitque
1878 2624 1939 2670 ut

363 2690 775 2749 Theudertchus
818 2699 884 2750 ad
927 2713 985 2752 se
1023 2698 1167 2753 circa
1217 2700 1549 2770 Lychnidum
1580 2718 1703 2759 cum
1752 2707 1937 2775 paucis

358 2784 588 2846 veniret,
622 2794 678 2839 et
709 2788 774 2841 de
810 2789 991 2855 rebus,
1012 2794 1077 2846 de
1100 2792 1296 2861 quibus
1321 2793 1390 2851 ad
1419 2810 1540 2849 eum
1577 2797 1771 2853 missus
1796 2808 1934 2865 erat,

361 2888 548 2928 secum
600 2878 1020 2949 colloqueretur,
1076 2895 1169 2937 aut
1218 2886 1261 2940 si
1295 2886 1368 2940 illi
1414 2887 1708 2956 videretur,
1761 2891 1935 2959 ipsum

358 2962 714 3031 Epidamnum
746 2983 1114 3037 accessurum,
1134 2976 1292 3030 modo
1321 2977 1504 3041 Soam,
1536 2980 1700 3049 ipsius
1723 2982 1935 3045 ducem,

360 3066 414 3110 et
440 3056 783 3128 Dagistbeum
816 3063 1033 3120 obsides
1072 3065 1408 3136 Lychnidum
1463 3072 1721 3138 mitteret,
1754 3075 1842 3143 qui
1871 3075 1937 3129 il-

359 3147 431 3203 lic
456 3163 888 3219 asservarentur,
918 3155 1043 3210 dum
1077 3161 1261 3216 saliuis
1293 3152 1347 3214 et
1378 3161 1663 3220 incolumis
1698 3168 1940 3223 remitte-

360 3252 529 3296 retur.
595 3241 703 3298 llos
740 3246 957 3314 quidem
995 3247 1266 3307 Barbarus
1298 3252 1478 3317 mittit,
1524 3256 1616 3309 sed
1673 3255 1939 3326 Scampiaa

360 3329 659 3384 subsistere
705 3341 758 3385 et
791 3333 1065 3387 hominem
1116 3338 1181 3390 ad
1230 3338 1585 3394 Sabinianum
1615 3343 1941 3409 praemittere

354 3418 542 3488 jussit,
583 3421 673 3489 qui
708 3419 1062 3479 Sabinianum
1098 3424 1452 3495 jurejurando
1477 3432 1737 3498 adigeret,
1768 3434 1811 3487 si
1832 3434 1941 3488 sal-

360 3525 459 3572 vus
500 3520 553 3569 ct
605 3514 891 3570 incolumis
948 3518 1308 3575 Adamantius
1349 3522 1572 3588 rediret,
1622 3539 1682 3579 se
1726 3531 1941 3596 qucque

359 3609 537 3665 salvos
565 3621 617 3664 et
638 3612 934 3667 incolumes
968 3607 1187 3666 obsides
1215 3610 1585 3668 dimissurum.
1638 3613 1744 3669 Sed
1781 3616 1939 3671 Sabi-

361 3702 559 3757 nianus
586 3714 800 3771 negant
832 3719 891 3759 se
916 3704 1251 3773 juraturum.
1310 3701 1420 3759 Nec
1450 3706 1595 3760 enim
1624 3707 1728 3761 ulla
1778 3710 1843 3763 de
1882 3724 1941 3766 re

362 3801 521 3846 antea
572 3807 630 3846 se
667 3794 900 3862 jurasse,
941 3810 1115 3864 neque
1168 3794 1480 3864 opinionem
1512 3799 1650 3865 apud
1700 3801 1938 3856 animum

362 3900 517 3939 somn
556 3901 584 3937 a
620 3896 724 3939 tam
782 3886 941 3955 longo
999 3897 1243 3957 tempore
1273 3890 1632 3945 inveteratam
1660 3891 1932 3961 depositu-

360 3990 502 4030 rum.
537 3976 667 4030 Cum
692 3978 1045 4035 Adamantius
1074 3981 1296 4048 diceret,
1324 3997 1545 4038 necesse
1564 3999 1684 4039 esse
1712 3986 1938 4056 tempori

2040 1799 2183 1868 Ἤδη
2222 1797 2279 1849 δὲ
2310 1796 2654 1867 ὁρμωμένοις
2698 1798 2726 1849 ὁ
2761 1795 2909 1865 παρά
2939 1792 3032 1847 τοῦ
3071 1792 3424 1862 ’Ᾱδαμαντίου
3481 1808 3623 1861 προσ

2036 1889 2450 1958 απεσταλμένος
2493 1888 2695 1949 ἱππεὺς
2725 1886 2941 1954 ἀπαντᾷ
2961 1885 3025 1950 ⁸⁸,
3059 1885 3150 1936 τὸν
3182 1882 3293 1936 τῶν
3317 1881 3623 1952 Βαρϐάρων

2032 1979 2171 2051 ἔχων
2223 1980 2395 2049 ἱερέα,
2428 1979 2487 2032 ὃν
2523 1979 2571 2031 oi
2618 1976 2933 2046 Χριστιανοὶ
2964 1974 3190 2028 καλοῦσι
3225 1973 3623 2044 πρεσϐύτερον,

2032 2073 2109 2135 ὡς
2162 2072 2345 2124 πίστιν
2395 2071 2493 2141 τῆς
2520 2069 2704 2132 ἀδείας
2729 2067 2876 2136 αὑτῷ
2904 2067 3255 2136 ἐπιθήσοντα.
3290 2066 3547 2135 Ἔχοντες
3580 2063 3627 2095 ⁵⁸

2034 2158 2124 2218 οῦν
2154 2164 2319 2217 αὑτὸν
2344 2163 2440 2216 σὺν
2466 2162 2648 2224 αὑτοῖς
2677 2160 2989 2229 ἠπείγοντο,
3034 2158 3129 2213 καὶ
3159 2155 3514 2224 ἀφικνοῦνται
3542 2156 3628 2216 είς

2033 2253 2329 2323 Λυχνηδόν.
2360 2252 2480 2304 Τῶν
2501 2251 2557 2304 δὲ
2587 2253 2650 2304 ὲκ
2683 2250 2781 2320 τῆς
2806 2249 3013 2312 πόλεως
3038 2249 3148 2301 τῶν
3189 2248 3248 2300 ἐν
3278 2250 3400 2309 ταῖς
3439 2246 3626 2310 ἀξίαις

2037 2343 2496 2416 (παλαιὸπλουτὸς
2522 2360 2581 2395 τε
2606 2343 2714 2413 γὰρ
2747 2341 3011 2411 αῦτη,καὶ
3040 2340 3313 2410 εὐδαίμων
3354 2340 3388 2408 ή
3434 2337 3620 2409 πόλις)

2036 2437 2131 2490 καὶ
2156 2436 2262 2488 τῶν
2304 2435 2478 2489 ἄλλων
2510 2433 2959 2503 ἀπαντησάντων,
2990 2431 3326 2502 εἰσέρχονται
3362 2429 3622 2483 ἐνταῦθα.

2036 2528 2149 2581 Καλ⁸
2196 2525 2513 2581 ἀποστέλλει
2566 2526 2729 2579 πάλιν
2762 2526 3116 2595 ’Δδαμάντιος
3146 2523 3229 2586 είς
3254 2522 3625 2590 Ἐπίδαμνον,

2038 2619 2276 2672 κελεύων
2318 2617 2350 2687 ἢ
2401 2618 2565 2670 αὑτὸν
2598 2617 2690 2670 τὸν
2743 2617 3067 2687 Θευδέριχον
3110 2615 3189 2677 εἷς
3238 2632 3292 2667 τι
3338 2614 3446 2667 τῶν
3491 2614 3626 2681 περὶ

2037 2710 2310 2782 Λυχνηδδν
2358 2709 2574 2781 χωρίων
2626 2710 2936 2779 ἀπαντῆσαι
2982 2709 3100 2778 μετ’
3141 2706 3338 2774 ὀλίγων
3379 2704 3626 2768 διαλεξὸ-

2044 2817 2206 2870 μενον
2238 2800 2389 2868 αὑτῷ
2414 2800 2544 2869 περὶ
2568 2792 2643 2852 ὧν
2667 2798 3050 2866 ἀπέσταλτο,ἢ
3083 2797 3131 2847 εί
3163 2796 3426 2865 βούλοιτο,
3461 2793 3628 2847 αὑτὸν

2042 2892 2215 2946 ἐλθεῖν
2244 2892 2322 2954 είς
2353 2890 2703 2959 Ἐπίδαμνον,
2744 2888 2960 2958 πέμψαι
2995 2890 3238 2958 ὁμήρους
3280 2890 3358 2951 είς
3408 2888 3630 2957 Λυχνη-

2039 2979 2128 3031 δὸν
2188 2978 2322 3031 Σόαν
2367 2994 2425 3030 τε
2474 2977 2564 3030 τὸν
2599 2975 2764 3031 αὑτοῦ
2806 2975 3114 3045 στρατηγὸν
3160 2975 3255 3028 καὶ
3305 2974 3629 3052 Δαγίῆσθεον,

2042 3069 2558 3141 φυλαχθησομένους
2604 3069 2710 3132 ἓως
2774 3066 2841 3120 ἂν
2900 3066 3065 3129 αὐτὸς
3122 3065 3419 3137 ἐπανέλθῃ.
3458 3066 3521 3119 ’0
3566 3066 3630 3118 δὲ

2042 3159 2250 3228 πέμπει
2283 3157 2381 3229 μὲν
2405 3156 2648 3219 τούτους,
2682 3154 2936 3207 ἐκέλευσε
2966 3154 3024 3207 δέ
3056 3153 3253 3216 αὐτοὺς
3304 3155 3632 3223 περιμεῖναι

2040 3251 2100 3302 ἐν
2128 3249 2387 3319 Σκαμπίᾳ
2407 3248 2452 3280 ⁸⁷
2478 3248 2571 3301 καὶ
2601 3246 3025 3316 προαποστεῑλαι
3050 3244 3095 3278 ⁵⁸
3115 3245 3304 3316 ἄνδρα,
3324 3246 3383 3309 ὃς
3408 3246 3501 3298 τὸν
3523 3246 3634 3300 Σα-

2040 3341 2281 3394 6ινιανὺν
2341 3338 2598 3408 ὁρκώσει,
2627 3332 2663 3407 ἦ
2692 3336 2798 3407 μὴν
2821 3335 3136 3399 ἐπανιόντος
3164 3335 3304 3389 σὼου
3328 3334 3424 3388 τοῦ
3463 3336 3630 3389 Ἄδα-

2044 3433 2275 3502 μαντίου
2314 3431 2410 3484 καὶ
2468 3429 2631 3483 αὐτὸν
2681 3430 2808 3491 τοὺς
2840 3429 3085 3498 ὁμήρους
3117 3427 3350 3490 ἀπαθεῖς
3374 3427 3635 3495 ἀποπέμ-

2038 3522 2157 3593 ψαι.
2208 3523 2266 3576 '0
2290 3522 2345 3575 δέ
2378 3520 2695 3585 Σαϐινιανδς
2719 3521 2819 3574 οὐκ
2840 3521 2906 3574 ἂν
2946 3519 3049 3591 ἔφη
3090 3519 3369 3590 ὀμοῦσθαι
3400 3520 3447 3553 δ’
3466 3536 3480 3551 ⁸
3506 3520 3633 3573 οὑδέ

2041 3616 2150 3685 γὰρ
2199 3616 2257 3666 ὲν
2292 3613 2371 3685 τῷ
2423 3613 2655 3683 πρόσθεν
2705 3612 2881 3683 χρόνῳ
2932 3614 3289 3683 ὀμωμοκέναι
3336 3612 3425 3666 ἐπ’
3450 3612 3634 3665 οὐδενὶ

2039 3707 2354 3776 πράγματι,
2385 3707 2479 3760 καὶ
2492 3706 2551 3757 τὸ
2576 3704 2746 3758 πάλαι
2768 3704 2919 3774 αὐτῷ
2945 3704 3110 3769 δόξαν
3130 3705 3231 3759 οὑκ
3249 3705 3315 3759 ἂν
3340 3703 3436 3757 νῦν
3458 3722 3634 3758 κατα-

2038 3797 2242 3852 λύσειν.
2267 3798 2375 3851 Καὶ
2394 3796 2488 3850 τοῦ
2502 3796 2860 3866 Ἀδαμαντίου
2878 3795 3149 3864 λέγοντος,
3168 3794 3243 3860 ὡς
3258 3796 3475 3865 ἀνάγκη
3494 3812 3633 3865 συγ-

2039 3890 2289 3960 χωρῆσαι
2318 3888 2395 3959 τῷ
2427 3888 2605 3959 καιρῷ
2636 3888 2668 3958 ἢ
2694 3888 2977 3958 ἄπρακτον
3023 3881 3165 3941 εἶναι
3191 3888 3289 3958 τὴν
3320 3888 3623 3957 πρεσϐείαν

2040 3983 2120 4051 (οὐ
2150 3981 2257 4049 γὰρ
2290 3980 2451 4033 αὑτὸν
2494 3979 2753 4033 ἀπελθεῖν
2786 3980 2859 4050 μή
2900 3996 2956 4033 τι
2989 3978 3087 4032 καὶ
3113 3979 3374 4049 ἐνέχυρον
3403 3979 3497 4031 τοῦ
3518 3978 3629 4031 σώ-

361 4068 556 4122 cedere
586 4077 680 4122 aut
734 4069 1053 4140 legationem
1111 4073 1321 4127 irritam
1378 4074 1534 4134 lorea
1562 4093 1663 4132 nec
1707 4080 1849 4134 enim
1881 4096 1934 4136 se

2044 4089 2212 4144 ματος
2242 4069 2525 4138 λαϐόντα),
2564 4069 2719 4122 οὐδὲν
2744 4067 2947 4139 μᾶλλον
2973 4068 3226 4135 ἐπείσθη,
3254 4068 3369 4121 ἀλλ’
3426 4070 3631 4121 ἐκεῖνον

360 4161 751 4227 protecturum,
782 4162 882 4216 nisi
915 4164 1066 4233 prius
1106 4164 1321 4233 aliquod
1348 4167 1469 4221 vitae
1517 4179 1570 4222 et
1609 4170 1800 4226 salutis
1826 4187 1934 4227 suae

2043 4163 2143 4235 μὲν
2169 4163 2272 4233 ἔφη
2305 4161 2508 4215 εἰδέναι
2533 4160 2593 4213 τὸ
2631 4160 2809 4229 ἐαυτῷ
2828 4160 3122 4229 πρακτέον,
3150 4160 3316 4213 αὑτὸν
3337 4161 3382 4195 ⁸⁸
3398 4160 3455 4212 δὲ
3476 4160 3631 4212 οὐδὲν

361 4254 562 4322 pignus
593 4255 892 4322 accepisset
926 4270 938 4307 :
972 4254 1301 4313 Sabinianus
1356 4265 1536 4314 tamen
1572 4262 1706 4316 nihil
1756 4280 1934 4319 move-

2042 4258 2286 4326 ποιήσειν
2315 4254 2464 4325 παρὰ
2486 4254 2577 4306 τὸν
2620 4252 2784 4305 αὑτοῦ
2811 4253 2995 4323 νόμον.
3036 4253 3300 4306 Ἐνταῦθα
3332 4252 3625 4321 Ἀδαμίαν-

362 4348 545 4401 batur.
570 4344 637 4399 Et
667 4345 813 4399 illum
836 4346 1051 4416 quidem
1082 4348 1155 4402 ait
1184 4350 1346 4413 scire,
1377 4351 1503 4419 quid
1534 4352 1636 4406 sibi
1666 4354 1773 4423 83
1798 4354 1934 4409 facta

2046 4364 2158 4410 τιος
2188 4345 2465 4406 καταστὰς
2489 4347 2567 4407 είς
2597 4345 2826 4414 ἄπορον,
2852 4343 3032 4397 λαϐὼν
3070 4344 3406 4414 στρατιώτας
3438 4342 3622 4395 διακο-

360 4450 500 4506 Opus
535 4438 626 4503 sit,
666 4451 725 4492 se
759 4438 971 4508 quidem
1004 4439 1137 4494 nihil
1166 4440 1457 4509 quidquam
1506 4454 1693 4497 contra
1741 4446 1934 4515 legem,

2046 4437 2212 4497 σίους.
2265 4434 2332 4488 δι’
2364 4434 2539 4504 ὄχθων
2596 4450 2654 4486 τε
2698 4433 2914 4487 ἀϐάτων
2958 4433 3053 4485 καὶ
3103 4432 3223 4486 ὁδοῦ
3264 4432 3476 4502 ’ἀδήλου
3529 4431 3630 4499 μὲν

364 4543 525 4596 quam
555 4529 714 4593 colat,
742 4531 1184 4585 commissurum.
1211 4530 1310 4585 Hic
1339 4548 1460 4587 cum
1491 4531 1847 4591 Adamantius
1883 4538 1934 4591 in

2045 4533 2158 4592 τοῖς
2192 4527 2425 4591 πολλοῖς,
2456 4528 2650 4595 στενῆς
2683 4525 2739 4579 δέ
2775 4526 2869 4578 καὶ
2904 4524 3160 4593 ἀτριϐοῦς
3186 4524 3279 4577 καὶ
3318 4525 3435 4577 τότε
3471 4525 3627 4591 πρῶ-

364 4618 531 4674 dubio
561 4619 806 4682 lnereret,
828 4621 1120 4687 assumptis
1146 4620 1391 4676 ducentis
1422 4624 1699 4691 militibus,
1738 4641 1832 4693 per
1864 4628 1934 4681 ri-

2053 4637 2147 4673 τον
2189 4619 2412 4683 ἵππους,
2458 4618 2533 4680 ὡς
2585 4616 2825 4686 ἐλέγετο,
2866 4615 3193 4686 δεξαμένης,
3246 4616 3338 4684 ἀφ’
3386 4616 3631 4684 ἑσπέρας

364 4724 465 4784 pas
492 4711 796 4765 inaccessas
818 4719 872 4765 et
898 4710 1037 4765 viain
1068 4712 1252 4767 multis
1282 4714 1608 4784 incognitam
1655 4733 1826 4787 neque
1848 4736 1934 4772 an-

2048 4711 2293 4781 ὁρμήσας
2323 4708 2417 4762 καὶ
2443 4708 2627 4777 κύκλῳ
2656 4707 2956 4778 περιελθὼν
2985 4708 3201 4779 ἔρχεται
3247 4708 3329 4768 είς
3369 4706 3631 4776 φρούριον

365 4812 452 4856 tea
490 4802 697 4867 initam,
725 4812 782 4857 et
820 4818 938 4873 qua:
969 4813 1093 4858 tunc
1125 4805 1355 4872 primum
1384 4808 1596 4876 equites
1646 4811 1933 4865 admisisse

2064 4803 2392 4871 Ἐπιδάμνου
2428 4801 2654 4869 πλησίον
2684 4802 2777 4853 ἐπὶ
2805 4800 2967 4868 λόφου
3000 4800 3205 4869 ὑψηλοῦ
3240 4799 3495 4867 κείμενον
3528 4799 3625 4850 καὶ

364 4891 586 4958 dicitur,
612 4893 715 4948 sub
742 4908 1023 4963 vesperam
1053 4896 1330 4964 protectus
1357 4897 1740 4954 circumeundo
1758 4914 1934 4969 perve-

2051 4893 2227 4956 ἄλλως
2248 4893 2481 4962 ἄμαχον,
2511 4885 2557 4959 ᾧ
2585 4889 2800 4960 φάραγξ
2820 4892 3080 4945 ὑπέκειτο
3104 4891 3316 4960 βαθεῖα,
3356 4891 3451 4942 καὶ
3475 4889 3631 4958 παρά

369 4985 451 5038 nit
480 4986 547 5039 ad
578 4986 858 5041 castellum
892 4985 1191 5056 Epidamno
1233 4990 1562 5057 proximum,
1594 4992 1643 5045 in
1677 5002 1948 5061 praerupto

371 5074 580 5128 tumulo
610 5078 798 5140 situm,
826 5076 911 5130 cui
944 5078 1161 5130 suberat
1197 5076 1339 5131 fossa
1374 5078 1661 5147 profunda,
1698 5082 1747 5133 in
1780 5096 1945 5149 quam

368 5165 512 5219 altus
530 5164 723 5221 ﬂuvius
741 5164 1019 5221 inﬂuebat.
1054 5165 1181 5221 llluc
1199 5165 1596 5222 Theudericutn
1625 5170 1942 5236 arcessivit;

367 5266 426 5315 et
460 5258 548 5314 ille
576 5260 790 5328 quidem
809 5262 1189 5330 obtemperans
1224 5258 1385 5325 venit,
1413 5268 1467 5315 et
1496 5260 1759 5314 instructo
1790 5261 1944 5329 longe

2053 4988 2153 5055 τὴν
2191 4985 2452 5056 φάραγγα
2491 4982 2734 5051 ποταμὸς
2769 4982 2939 5051 βαθὺς
2991 4982 3161 5054 ερρει.
3215 4980 3479 5035 Ἐνταῦθα
3531 4997 3631 5049 με-

2051 5076 2400 5145 ταπέμπεται
2428 5074 2519 5127 τὸν
2560 5073 2903 5145 Θευδέριχον.
2953 5075 3062 5127 Καὶ
3091 5075 3121 5127 ὁ
3170 5075 3267 5143 μὲν
3309 5071 3633 5133 ὑπακούσας

2051 5170 2290 5239 ἔρχεται,
2322 5168 2416 5221 καὶ
2447 5168 2546 5238 τὴν
2570 5167 2734 5237 ἀλλην
2760 5167 3023 5237 στρατιὰν
3054 5168 3246 5238 πόρρω
3285 5166 3634 5233 καταστήσας

2056 5263 2153 5314 σὺν
2183 5261 2385 5329 ὀλίγοις
2436 5260 2664 5313 ἱππεῦσι
2709 5260 2844 5331 πρὸς
2890 5260 2983 5314 τὸν
3013 5259 3257 5330 ποταμὸν
3300 5259 3631 5327 ἀφικνεῖται.

1637 5372 1871 5429 VARI/Ii
1902 5372 2305 5432 LECTIONES.

444 5482 490 5556 ξ³
516 5483 607 5556 ἐπὶ
631 5484 775 5556 vulg.

374 5552 491 5627 _\"_al.
505 5596 517 5614 ,
539 5552 798 5627 Δλέγοντες
833 5556 977 5627 vulg.

374 5621 439 5677 ll.
454 5665 468 5691 ,
493 5623 655 5676 αὑτοῦ
675 5626 819 5693 vulg.

852 5485 917 5559 ""_
940 5484 1227 5559 Ὀνοὺλφου
1277 5483 1477 5559 Val.,__6
1502 5483 1785 5559 Etiodltpou
1822 5486 1969 5556 vulg.
2044 5486 2101 5559 "_
2120 5487 2335 5559 ἀπαντᾷ
2360 5484 2450 5551 11.,
2483 5487 2700 5559 ἅπαντα
2722 5489 2863 5559 vulg.

2941 5485 2986 5517 “
3018 5484 3238 5555 ἔχοντες
3282 5484 3367 5551 8.,
3404 5483 3631 5553 ἄγοντες

1056 5558 1100 5590 ⁸⁷
1134 5556 1394 5628 Σκαμπίᾳ
1420 5553 1568 5622 ναι..
1602 5556 1824 5627 καμπία
1864 5553 2008 5627 vulg.
2090 5556 2134 5587 ’⁸⁸
2176 5553 2639 5627 mammam
2669 5553 2841 5629 vulg:
2893 5556 2937 5591 δ’
2970 5553 3225 5627 ὀμεῖσθαι
3255 5555 3313 5611 Β.
3390 5557 3435 5588 ⁸⁰
3468 5556 3631 5607 αὐτὸν
