4006 6214
364 201 468 265 767

1304 193 1697 255 EXCERPTA
1737 193 1839 253 EX
1877 192 2183 254 MALCHO
2220 189 2580 252 RHETORE

3383 174 3387 179 ’
3500 179 3659 243 768'

360 311 592 380 iurando
620 307 927 372 aliirmavit,
962 305 1012 358 id
1066 301 1280 373 quidem
1303 302 1408 356 sibi
1445 301 1596 357 cordi
1630 314 1754 380 esse
1788 318 1802 354 :
1836 298 1927 355 sed

2039 315 2150 363 σαι,
2187 299 2324 368 μήτε
2388 296 2576 366 πρόσω
2621 293 2937 364 χωροῦντας
2987 286 3062 346 ὧν
3082 292 3129 324 ⁸⁸
3158 290 3344 361 ἔχουσι
3371 289 3606 358 πόλεων,

367 398 666 453 exercitum
717 410 871 452 suum
909 391 1298 447 reluctaturum
1347 404 1491 455 csse,
1545 391 1638 460 qui
1674 398 1753 444 tot
1789 388 1930 443 mala

366 501 673 558 perpessus,
717 482 805 537 vix
837 496 977 536 nunc
1020 479 1202 550 quiete
1266 477 1559 535 frueretur.
1615 480 1756 536 Fieri
1784 479 1931 535 enim

371 595 474 634 non
510 592 686 647 posse,
714 584 771 629 ut
802 573 1018 638 milites,
1046 573 1278 626 nondum
1310 587 1340 624 a
1364 571 1634 626 laboribus
1662 573 1933 642 respiran-

2037 390 2174 460 μήτε
2198 387 2616 455 ὲπιφθείροντας
2634 386 2700 417 "-
2731 383 3057 461 συνθέμενον
3068 382 3118 417 ⁸⁸
3147 382 3206 436 δὲ
3234 381 3364 452 περὶ
3390 381 3609 435 πάντων

2033 482 2126 535 ἐπὶ
2156 479 2367 539 τούτοις
2428 478 2543 547 ἄμα
2576 474 2653 546 τῷ
2677 471 2774 546 ἦρι
2804 475 3020 545 πέμψαι
3050 474 3142 527 τὸν
3170 471 3367 537 ἄξοντα
3392 473 3485 525 ἐπὶ
3504 472 3608 543 τὴν

2033 570 2355 642 Δαρδανίαν,
2375 568 2557 637 ἐμϐως
2582 568 2628 600 ⁸³
2649 565 3186 634 ὲπακολουθήσοντας
3199 563 3263 616 ⁸⁸.
3302 561 3495 629 Ἔλεγε
3523 562 3607 625 δὲ,

370 680 472 733 tes,
505 677 710 721 tantum
742 665 950 719 itineris
977 666 1327 717 ducerentur.
1356 663 1462 718 Sed
1496 673 1750 732 oportere
1785 664 1931 734 ipsos

2039 664 2105 726 Lb;
2136 662 2351 733 ἕτοιμος
2370 660 2553 729 ⁸³⁸·εῐη
2615 659 2713 727 τὴν
2778 657 2943 711 αὐτοῦ
3002 654 3344 724 κατασκευὴν
3408 653 3612 707 καὶτὸ

368 760 546 812 sinere
599 759 651 811 in
701 757 784 810 his
821 756 951 810 locis
982 755 1223 810 hiemare
1282 769 1343 808 ea
1375 754 1703 813 conditione.
1736 765 1795 808 ut
1829 771 1930 809 non

2039 756 2244 825 ἄμαχον
2299 751 2503 822 πλῆθος
2548 749 2918 817 καταθέμενος
2944 749 3001 800 ὲν
3056 746 3231 809 πόλει,
3363 744 3609 815 βούλοιτο

370 851 508 903 ultra
537 849 589 902 in
623 848 895 902 tentandis
951 849 1173 901 urbibus
1202 847 1342 910 aliis,
1379 860 1541 915 quam
1585 861 1721 916 quas
1766 847 1934 901 babe-

367 953 507 1005 rent,
546 950 636 994 aut
670 940 1102 1009 populationibus
1148 937 1408 993 faciendis
1457 941 1931 1007 progrederemur.

367 1034 573 1099 Quibus
626 1033 697 1086 ita
731 1030 1069 1099 compositis,
1095 1031 1163 1086 ab
1200 1032 1524 1098 imperatore
1556 1031 1731 1097 petiit,
1761 1039 1819 1083 ut
1854 1030 1938 1083 in-

365 1134 527 1179 eunte
557 1138 681 1177 vere
699 1123 895 1185 virum,
936 1123 1029 1188 qui
1061 1138 1155 1175 eos
1175 1122 1226 1175 in
1260 1122 1581 1176 Dardaniam
1611 1123 1925 1186 deduceret,

367 1216 635 1276 mitteret;
677 1211 824 1277 ipsos
854 1210 997 1263 enim
1038 1223 1162 1264 eum
1199 1208 1424 1263 libenter
1461 1219 1745 1263 secuturos
1791 1222 1931 1263 esse.

304 1284 313 1293 ί
368 1304 607 1367 Addidit,
629 1319 687 1358 se
707 1317 921 1357 onmem
948 1317 1103 1355 sutnn
1129 1310 1441 1371 apparatum
1464 1301 1712 1355 bellicum
1740 1307 1792 1354 et
1820 1316 1937 1354 om-

2036 845 2308 914 βασιλεὺς,
2342 844 2437 898 καὶ
2479 844 2719 912 ὁμήρους
2764 837 3063 909 παρασχὼν
3098 837 3200 906 τῆς
3225 835 3444 906 ἁπάσης
3505 834 3605 888 τι..

2037 954 2202 1001 στεως
2222 938 2321 1009 τήν
2345 954 2403 989 τε
2431 935 2641 1007 μητέρα
2659 932 2755 986 καὶ
2780 932 3035 1002 ἀδελφὴν,
3065 932 3202 1000 μετὰ
3232 928 3611 998 ἑξακισχιλίων

2034 1032 2143 1086 τῶν
2173 1029 2411 1100 μάλιστα
2436 1028 2690 1097 μαχίμων
2713 1025 2886 1078 ἐλθεῖν
2909 1024 2985 1086 ὼς
3011 1023 3241 1092 τάχιστα
3268 1023 3326 1083 ἐς
3350 1020 3602 1092 Θρᾴκην·

2037 1121 2134 1177 καὶ
2153 1118 2530 1189 ὑπισχνεῖσθαι
2554 1119 2652 1171 σὺν
2676 1115 2889 1178 τούτοις
2906 1114 3002 1168 καὶ
3024 1116 3134 1174 τοὶς
3150 1111 3422 1181 Ἰλλυριοῖς
3447 1127 3616 1181 στρα-

2035 1212 2257 1273 τιώταις
2294 1208 2391 1263 xal
2439 1209 2638 1271 ἄλλοις,
2664 1207 2894 1268 ὁπόσους
2917 1203 2985 1257 ἂν
3006 1203 3263 1272 βασιλεὺς
3292 1200 3611 1270 ἀποστείλῃ,

2040 1302 2168 1364 τοὺς
2201 1302 2259 1354 ὲν
2311 1303 2377 1370 τῇ
2408 1299 2598 1371 Θρᾴκῃ
2634 1296 2864 1359 Γὸτθους
2891 1294 3191 1349 ἀναλώσειν
3232 1291 3501 1355 ἅπαντας.
3525 1291 3613 1359 ἐφ’

368 1409 494 1448 nem
548 1393 814 1449 imbellem
875 1395 1087 1447 turbam
1141 1402 1388 1459 paratum
1416 1406 1535 1447 esse
1566 1392 1618 1445 'rn
1666 1406 1731 1446 ea
1777 1393 1933 1458 urbe,

2039 1380 2162 1455 ᾧτε,
2212 1388 2261 1440 εἰ
2316 1384 2476 1441 τοῦτο
2529 1385 2766 1456 ποιήσοι,
2824 1382 2985 1456 αὐτόν
3015 1398 3074 1435 τε
3128 1381 3249 1438 ἀντὶ
3290 1379 3615 1451 Θευδερίχου

370 1499 531 1552 quam
576 1484 872 1551 imperator
920 1482 1336 1554 praescripserit,
1383 1483 1711 1550 relinquere.
1774 1482 1932 1548 Quin,

2042 1478 2342 1550 στρατηγὸν
2370 1475 2647 1545 γενέσθαι,
2699 1475 2794 1529 καὶ
2824 1474 3164 1544 εἰσδεχθῆναι
3191 1473 3272 1535 είς
3320 1471 3418 1542 τὴν
3460 1471 3618 1524 πόλιν

370 1584 545 1630 matre
576 1590 788 1645 quoque
834 1584 890 1630 et
932 1589 1117 1629 sorore
1160 1574 1227 1628 ad
1285 1573 1441 1629 ﬁdem
1508 1574 1934 1629 conﬁrmandam

2039 1569 2132 1623 τὸν
2172 1566 2477 1639 Ῥωμαῖκδν
2509 1567 2895 1621 πολιτεύσοντα
2942 1564 3164 1635 τρόπον’
3197 1563 3414 1632 ἕτοιμος
3456 1561 3536 1626 δὲ,
3564 1563 3618 1616 εἰ

371 1635 649 1717 obsidibus
681 1635 924 1727 datis,se
964 1663 1138 1733 ipsum
1178 1660 1469 1717 Thraciam
1492 1676 1613 1716 cum
1638 1676 1733 1717 sex
1761 1660 1940 1715 homi-

2045 1635 2369 1729 προστάξειε
2404 1656 2674 1728 βασιλεὺς,
2714 1656 2809 1710 καὶ
2853 1656 2934 1718 είς
2977 1653 3311 1725 Δαλματίαν
3336 1653 3617 1715 ἁπελθεῐν,

369 1770 497 1807 num
536 1752 956 1809 fortissimorum
1011 1753 1249 1806 millibus
1293 1768 1456 1821 quam
1490 1752 1769 1806 celerrime
1797 1751 1938 1821 peti-

2047 1748 2122 1811 ὼς
2146 1748 2382 1801 Νέπωτα
2409 1746 2680 1811 κατάξων.
2712 1745 3065 1816 ’Δδαμάντιος
3093 1745 3149 1798 δὲ
3177 1744 3278 1797 οὐκ
3298 1742 3400 1814 ἔφη
3426 1741 3621 1813 κύριος

369 1855 571 1899 turum.
634 1845 766 1900 Cum
786 1846 873 1899 his
898 1853 952 1899 et
980 1842 1208 1913 Illyricis
1243 1843 1501 1897 militibus
1548 1851 1601 1897 et
1636 1844 1774 1908 aliis,
1804 1857 1940 1912 quos

2047 1838 2188 1894 εἶναι
2214 1839 2365 1894 οὐδὲν
2389 1839 2537 1909 αὐτῷ
2564 1838 2852 1892 συνθέσθαι
2874 1837 3089 1909 μένοντι
3117 1838 3178 1890 ὲν
3201 1839 3267 1907 τῇ
3289 1835 3462 1906 χώρᾳ,
3481 1833 3623 1888 ἀλλὰ

370 1935 684 2001 imperatori
711 1935 929 1990 mittere
959 1933 1249 2004 placuerit,
1274 1949 1332 1989 se
1352 1943 1460 1988 tota
1485 1934 1714 1988 Thracia
1739 1932 1940 1990 Gothos

2048 1933 2158 1987 δεῖν
2190 1931 2412 2003 βασιλέα
2446 1931 2659 1993 πρῶτον
2690 1932 2818 2002 περὶ
2846 1931 3051 1984 τούτων
3073 1927 3356 1983 πείθεσθαι
3383 1928 3451 1979 δι.
3497 1927 3623 1980 Ἀν-

366 2025 850 2081 exterminaturum
880 2025 1144 2094 polliceri.
1178 2024 1307 2091 Quae
1346 2026 1391 2078 si
1420 2032 1711 2080 exsecutus
1749 2022 1936 2091 fuerit,

2044 2023 2212 2079 οίσειν
2263 2018 2359 2077 οὖν
2411 2022 2640 2092 ἐκείνῳ,
2672 2022 2769 2077 καὶ
2816 2021 2978 2084 αὐτὸς
3012 2020 3327 2088 ἁπομενεϊν,
3386 2018 3493 2080 ἓως
3521 2016 3627 2088 τὴν

368 2124 569 2183 petere,
602 2122 659 2168 ut
685 2119 791 2168 dux
823 2115 941 2170 loco
970 2114 1331 2170 Theuderichi
1372 2126 1607 2180 creetur,
1629 2125 1685 2169 et
1715 2114 1937 2169 civitate

2044 2114 2141 2169 τοῦ
2199 2115 2532 2186 κρατοῦντος
2580 2115 2906 2186 διαπύθηται
2945 2111 3191 2184 γνώμην.
3245 2110 3371 2165 Ἐπὶ
3411 2110 3625 2175 τούτοις

370 2207 604 2259 donetur
639 2212 694 2259 et
720 2203 1082 2259 Romanorum
1118 2220 1266 2261 more
1299 2206 1681 2275 rempublicam
1705 2204 1806 2260 sibi
1835 2204 1934 2258 ad—

2042 2207 2367 2278 διελύθησαν
2401 2208 2495 2261 ἀπ’
2531 2207 2813 2278 ἀλλήλων.
3204 2262 3207 2263 ,

369 2299 678 2354 ministrare
702 2299 882 2358 liceat.
912 2299 1024 2354 lino
1059 2300 1102 2354 si
1128 2300 1420 2370 imperator
1440 2301 1683 2370 jusserit.
1717 2307 1962 2370 paratum
2002 2316 2123 2358 esse
2151 2310 2205 2358 et
2244 2304 2296 2357 in
2332 2302 2649 2358 Dalmatiam
2690 2303 2792 2369 ire,
2826 2308 2886 2356 ut
2925 2300 3052 2356 inde
3080 2299 3338 2370 Nepotem
3365 2299 3622 2369 expellat.

369 2391 723 2445 Adamantius
765 2392 1062 2464 respondit,
1119 2407 1225 2447 non
1275 2393 1379 2448 sibi
1421 2395 1733 2448 mandatum
1776 2394 2066 2463 quidquam
2095 2411 2215 2450 cum
2257 2394 2347 2449 illo
2395 2394 2622 2465 pacisci,
2663 2394 2906 2465 quandiu
2931 2394 2987 2448 in
3031 2408 3094 2447 ea
3155 2393 3374 2464 regione
3434 2405 3626 2447 mane-

371 2496 498 2549 ret;
540 2485 852 2556 imperatori
901 2486 1017 2542 btec
1048 2489 1227 2541 omnia
1258 2502 1381 2544 esse
1430 2489 1732 2558 probanda.
1775 2490 1955 2554 Quare
1995 2505 2055 2546 se
2081 2490 2156 2546 illi
2211 2490 2326 2546 hac
2372 2490 2666 2546 relaturum
2706 2499 2762 2546 et
2815 2496 3255 2559 exspectaturum
3309 2501 3449 2554 esse,
3494 2487 3623 2543 dum

369 2576 489 2648 ejus
541 2578 861 2633 sententiam
917 2581 1259 2647 compererit.
1317 2581 1438 2637 Post
1501 2581 1615 2638 haec
1661 2584 2047 2641 discesserunt.

445 2668 655 2742 Interea
680 2672 803 2722 dum
832 2671 952 2724 haec
992 2671 1219 2741 gerebat
1245 2672 1619 2742 Adamantius,
1645 2677 1940 2747 complures

2140 2679 2228 2732 ’Ev
2258 2678 2371 2748 ὅσῳ
2403 2677 2460 2731 δὲ
2515 2676 2863 2748 Ἀδαμάντιος
2887 2674 3031 2747 ἀμφὶ
3078 2675 3251 2731 ταῦτα
3280 2670 3368 2748 ἦν,
3401 2672 3628 2744 συνελη-

374 2758 577 2814 milites
609 2760 945 2830 Lychnidum
977 2761 1042 2815 ad
1073 2763 1306 2818 edictum
1354 2764 1507 2820 ducis
1551 2778 1940 2836 convenerant,

2055 2770 2203 2824 λύθει
2235 2769 2337 2841 μιν
2375 2768 2546 2824 πολλὰ
2585 2770 2699 2823 τῶν.
2725 2770 3021 2840 ταγμάτων
3070 2772 3151 2833 είς
3203 2767 3303 2838 τὴν
3350 2766 3627 2838 Δυχνηδὺν

372 2858 427 2905 et
464 2852 530 2904 ad
577 2850 809 2906 ollicium
866 2853 1161 2909 redierant.
1205 2854 1319 2922 Quo
1347 2864 1589 2923 tempore
1616 2859 1797 2913 nescio
1823 2859 1940 2929 quis

2052 2864 2195 2918 κατὰ
2230 2861 2330 2931 τὴν
2387 2862 2483 2915 τοῦ
2519 2861 2821 2933 στρατηγοῦ
2860 2860 3139 2930 ἀγγελίαν,
3173 2858 3320 2928 λέγει
3347 2857 3405 2912 δέ
3435 2875 3516 2921 τις
3545 2856 3626 2927 τῷ

376 2937 669 2997 Sabiniano
693 2943 974 3009 nuntiavit,
1004 2944 1271 2999 Barbaros
1290 2961 1512 3001 securos
1530 2948 1711 3003 soluto
1732 2949 1940 3020 agntine

2048 2951 2372 3023 Σαϐινιανῷ,
2410 2952 2488 3014 ὡς
2524 2952 2573 3007 οἱ
2625 2950 2902 3022 Βάρᾱιροι
2938 2949 3448 3019 καταφρονήσαντες
3494 2962 3629 3016 σχο-

377 3034 704 3090 aCandavia
750 3036 1098 3103 descendere,
1145 3037 1254 3107 85
1287 3054 1408 3092 cum
1452 3039 1534 3093 bis
1562 3040 1940 3109 impedimenta

2043 3044 2287 3113 λαίτερον
2304 3043 2557 3098 κατίασιν
2578 3042 2685 3097 ἀπὺ
2712 3040 2812 3111 τῆς
2835 3042 3168 3104 Κανδαδείας
3189 3042 3255 3104 ⁸⁸,
3280 3039 3407 3093 οἵτε
3431 3055 3630 3093 σκευο-

373 3134 427 3179 et
451 3126 734 3195 plerosque
763 3143 975 3194 currus,
1003 3137 1053 3182 et
1079 3137 1377 3182 extremum
1407 3131 1679 3186 exercitus
1725 3148 1938 3202 agmen,

2045 3134 2200 3205 φόροι
2250 3133 2432 3191 αὐτῶν
2476 3133 2573 3187 καὶ
2630 3131 2739 3186 τῶν
2795 3130 3029 3202 ἁμαξῶν
3057 3131 3114 3184 αἱ
3144 3127 3361 3191 πλείους
3417 3128 3514 3180 καὶ
3570 3129 3629 3191 οι

373 3219 426 3272 in
454 3233 562 3289 quo
592 3217 1067 3284 Theudemundus,
1089 3219 1448 3275 Theuderichi
1474 3222 1659 3288 frater,
1681 3234 1738 3278 et
1771 3236 1944 3279 mater

372 3323 560 3364 eorum
585 3321 916 3365 versaretur.
966 3309 1128 3376 Spem
1153 3326 1271 3364 esse
1302 3313 1492 3365 borum
1525 3314 1758 3367 maxima
1792 3324 1945 3380 parte

374 3399 639 3466 potiundi.
670 3398 1027 3453 -Sabinianus
1061 3400 1289 3465 equites.
1340 3414 1477 3466 quos
1513 3400 1761 3467 habebat,
1796 3412 1945 3457 certo

377 3488 495 3540 loro
528 3490 810 3554 disposuit,
862 3499 914 3543 et
946 3490 1156 3559 pedites
1195 3506 1298 3544 non
1341 3506 1541 3560 paucos
1573 3508 1667 3559 per
1706 3504 1944 3549 montem

375 3591 532 3644 quem
551 3577 936 3630 circumeundo
965 3587 1303 3645 superarent,
1328 3578 1572 3645 immisit,
1599 3587 1733 3646 tam,
1776 3595 1947 3648 quan-

376 3666 445 3720 do
468 3678 520 3720 et
548 3667 636 3721 ubi
676 3682 935 3737 apparere
958 3678 1257 3738 oporteret.
1292 3672 1637 3739 praemonuit.
1670 3670 1738 3726 Ut
1764 3686 1947 3729 cmon-

375 3769 549 3822 verat,
593 3775 714 3814 cum
754 3760 996 3815 exercitu
1043 3776 1141 3816 suo
1191 3762 1291 3818 sub
1343 3778 1621 3831 vesperam
1655 3774 1854 3829 movet,
1891 3773 1947 3821 et

376 3848 548 3917 prima
581 3848 696 3903 luce
746 3849 979 3904 hostium
1022 3865 1211 3920 agmen
1244 3851 1467 3905 invadit.
1494 3851 1947 3909 Theudemundus

374 3947 554 3990 autem
577 3947 631 3991 et
658 3937 774 4008 ejus
792 3949 984 4004 mater,
1005 3939 1132 3994 utin
1168 3955 1227 3995 se
1263 3941 1517 4009 impetum
1542 3942 1657 3997 lieri
1678 3943 1947 4013 viderunt,

375 4027 624 4081 celeriter
661 4028 715 4082 in
758 4029 1034 4097 planitiem
1077 4032 1243 4102 elapsi
1309 4044 1363 4087 et
1407 4043 1655 4103 pontem,
1692 4037 1778 4090 cui
1819 4036 1948 4091 sub-

374 4126 493 4170 erat
523 4115 659 4170 fossa
690 4117 889 4184 ingenti
923 4119 1306 4186 profunditate.
1329 4122 1645 4193 transgressi
1676 4132 1823 4188 sunt,
1840 4139 1947 4194 quo

376 4205 635 4260 dissoluto
684 4211 1113 4278 persecutionem
1165 4226 1376 4277 eorum,
1407 4213 1497 4281 qui
1528 4214 1579 4267 in
1612 4213 1840 4269 alteram
1873 4215 1945 4268 ri-

2044 3223 2136 3280 ἐπὶ
2163 3223 2262 3292 τῆς
2302 3221 2589 3291 οὐραγίας,
2610 3222 2668 3274 ἰν
2715 3214 2797 3286 οἷς
2841 3219 2933 3273 καὶ
2954 3218 3346 3289 Θευδιμοῦνδος
3364 3212 3434 3289 ἦν
3462 3219 3492 3271 ὁ
3528 3215 3629 3270 τοῦ

2052 3310 2373 3383 Θευδερίχου
2407 3310 2656 3380 ἀδελφὸς,
2685 3310 2778 3363 καὶ
2808 3312 2842 3378 ἡ
2875 3312 3061 3383 μήτηρ
3081 3311 3115 3379 ἡ
3147 3308 3372 3368 τούτων.
3414 3308 3511 3362 καὶ
3542 3307 3630 3360 ὅτι

2046 3402 2195 3455 ἐστιν
2218 3403 2374 3465 ἐλπὶς
2426 3402 2532 3455 τῶν
2563 3401 2823 3454 πλειόνων
2852 3401 3168 3471 κρατήσειν.
3199 3400 3257 3453 ’0
3281 3399 3339 3452 δὲ
3354 3399 3418 3452 τό
3443 3416 3503 3452 τε
3534 3400 3632 3451 lar-

2045 3488 2204 3543 πικδν
2237 3489 2357 3558 μεθ’
2403 3487 2598 3542 ἑαυτοῦ
2632 3487 2898 3552 συντάξας
2936 3487 3031 3540 καὶ
3060 3486 3256 3551 πεζοὺς
3278 3486 3379 3540 οὐκ
3406 3485 3625 3554 ὀλίγους

2045 3579 2230 3648 κύκλῳ
2250 3579 2337 3633 διὰ
2359 3579 2467 3632 τῶν
2492 3579 2635 3650 ὁρῶν
2656 3577 3008 3648 περιπέμψας
3038 3578 3133 3630 καὶ
3161 3574 3440 3647 προειπὼν
3460 3575 3626 3628 ὁπότε

2044 3672 2126 3726 δεῖ
2152 3674 2246 3726 καὶ
2273 3671 2435 3725 πόθεν
2454 3671 2779 3740 ἐκφανῆναι,
2804 3669 3096 3739 δειπνήσας
3138 3671 3230 3723 καὶ
3253 3667 3541 3722 ἀναλαϐὼν
3568 3666 3634 3721 ea

2047 3748 2358 3839 στράτευμα
2402 3762 2489 3833 ἐφ’
2520 3762 2759 3832 ἑσπέρας
2792 3760 3009 3831 ἐχώρει.
3056 3760 3167 3814 Καὶ
3182 3760 3300 3830 ἃμα
3338 3761 3405 3829 τῇ
3443 3756 3634 3830 ἡμέρᾳ

2044 3856 2224 3919 αὐτοῖς
2272 3854 2568 3909 ἐπιτίθεται
2623 3853 2725 3924 ήδη
2779 3852 3192 3922 πορευομένοις.
3277 3850 3397 3906 Καὶ
3462 3850 3493 3902 ὁ
3527 3850 3633 3918 μὲν

2045 3943 2433 4016 Θευδιμοῦνδος
2463 3945 2558 3998 καὶ⁵
2581 3944 2614 4013 ἠ
2631 3944 2812 4015 μήτηρ
2828 3943 3018 4006 αὑτοῦ,
3041 3942 3119 4006 ὼς
3135 3939 3271 3996 εἶδον
3295 3941 3396 4012 τὴν
3415 3940 3633 4008 ἔφοδον,

2007 4035 2180 4104 ’ταχὺ
2211 4028 2599 4097 διεκπεσόντες
2639 4033 2925 4101 ὐπὲφυγον
2957 4034 3037 4096 είς
3060 4033 3123 4087 τὸ
3158 4032 3362 4098 πεδίον,
3402 4024 3632 4102 καὶντὴν

2047 4125 2310 4196 γέφυραν,
2330 4125 2451 4178 καθ’
2478 4125 2545 4197 ην
2572 4125 2942 4195 ὑπερέϐησαν,
2963 4124 3164 4189 εὐθέως
3180 4124 3458 4187 ἀνελόντες
3488 4123 3557 4187 ⁸³,
3592 4121 3632 4194 ἦ

2047 4214 2290 4283 φάραγγι
2310 4214 2498 4286 βαθείᾳ
2520 4213 2815 4279 ὲπέζευκτο
2845 4216 2910 4281 ⁸⁸,
2942 4214 3116 4285 μέσης
3148 4213 3317 4287 οὔσης
3346 4214 3446 4283 τῆς
3478 4212 3631 4279 ὁδοῦ,

376 4312 495 4364 pani
528 4309 903 4366 pervenerant,
932 4300 1178 4355 hostibus
1226 4304 1650 4359 intercluserunt
1682 4322 1699 4373 ;
1729 4307 1940 4376 reliquis

2051 4307 2151 4377 τὴν
2182 4305 2363 4369 δίωξιν
2419 4306 2650 4369 ἐκείνοις
2671 4306 2765 4360 ἰπὶ
2807 4307 2935 4371 τοὺς
2967 4306 3315 4370 καταϐάντας
3366 4304 3635 4390 εποίησεν

376 4396 554 4439 autem
610 4403 829 4442 suorum
863 4404 891 4442 a
923 4402 1085 4459 ponte
1113 4391 1349 4446 exclusis
1399 4393 1581 4463 l‘ngam
1637 4395 1940 4462 impeditam

2054 4397 2278 4469 ἄπορον,
2310 4397 2404 4450 καὶ
2429 4398 2610 4467 μέντοι
2630 4398 2857 4461 καὶτοῖς
2882 4398 3090 4451 ἑαυτῶν
3121 4397 3381 4455 ἀδύνατον
3397 4396 3496 4467 τὴν
3529 4413 3639 4465 φυ-

377 4477 747 4531 reddiderunt.
778 4479 849 4533 At
882 4479 958 4531 illi
1011 4494 1123 4549 pra:
1172 4480 1573 4548 desperatione,
1617 4499 1739 4538 cum
1792 4487 1940 4555 pauci

2059 4488 2185 4561 γὴν,
2210 4488 2352 4544 ὥστε
2374 4489 2510 4560 πρὸς
2536 4490 2801 4545 ἀπόνοιαν
2835 4490 3006 4560 ὀλίγοι
3030 4491 3185 4555 ὄντες
3204 4490 3369 4561 ὁμόσε
3395 4484 3506 4552 τοῖς
3538 4489 3632 4542 l1:-

378 4579 581 4630 essent,
607 4568 659 4621 in
699 4568 969 4623 Romanos
998 4572 1210 4638 equites
1243 4571 1536 4637 irruerunl,
1582 4576 1675 4629 sed
1708 4575 1796 4630 ubi
1835 4576 1944 4631 Ro-

376 4673 663 4711 manorum
727 4660 933 4727 pedites
981 4675 1043 4715 ex
1078 4662 1378 4731 composito
1431 4676 1818 4735 proruperunt,
1872 4668 1940 4722 ita

2050 4687 2149 4729 σαν
2162 4671 2301 4723 κατὰ
2319 4669 2380 4723 τὺ
2404 4672 2935 4743 συγκείμενον,οῦτω
2950 4673 3328 4743 διετράποντο,
3351 4673 3442 4726 καὶ
3460 4672 3509 4724 οί
3527 4669 3635 4740 μὲν

379 4748 561 4801 hostes
593 4757 740 4818 terga
774 4761 1072 4817 verterunt,
1094 4760 1153 4806 ut
1185 4752 1379 4822 partim
1407 4755 1458 4809 in
1490 4757 1724 4824 equites.
1745 4757 1940 4826 partim

2051 4761 2133 4826 είς
2168 4761 2293 4825 τοὺς
2332 4762 2541 4827 ἱππεῖς,
2580 4764 2630 4815 οἱ
2664 4763 2723 4816 δὲ
2769 4765 2852 4827 είς
2905 4765 3032 4826 τοὺς
3067 4763 3294 4827 ὁπλίτας
3325 4762 3638 4832 ἐμπίπτον-

380 4838 432 4892 in
462 4839 668 4909 pedites
708 4842 1006 4898 inciderent
1051 4853 1106 4899 et
1141 4844 1557 4901 trucidarentur.
1624 4847 1940 4905 Sabinianus

2051 4868 2144 4915 τες
2174 4850 2458 4922 ἔθνησκον.
2512 4854 2622 4908 Kal
2652 4852 2753 4917 τὰς
2783 4839 2999 4923 ἁμάξας
3028 4853 3210 4908 αὐτῶν
3260 4852 3440 4907 λαϐὼν
3468 4851 3638 4906 Σαϐι-

379 4945 633 4987 cnrrumn
655 4937 782 4998 duo,
810 4936 1143 5003 captivorum
1177 4936 1294 5004 plus
1327 4952 1488 5005 quam
1517 4938 1752 5011 quinque
1784 4938 1940 4993 millia

2046 4943 2269 5008 νιανδς,
2328 4942 2493 5007 οὔσας
2537 4944 2620 5008 ὡςΔ
2682 4944 2990 5014 δισχιλίας,
3031 4944 3415 5016 αἰχμαλώτους
3477 4959 3538 4997 τε
3584 4944 3636 4979 ⁸⁸

379 5020 544 5090 cepit,
580 5034 633 5075 et
658 5037 764 5076 non
792 5038 980 5092 parum
1006 5024 1220 5094 praedae.
1246 5025 1507 5081 Curribus
1536 5036 1719 5085 tamen
1747 5026 1940 5096 aliquot

2048 5031 2267 5096 πλείους
2306 5033 2338 5104 ἢ
2393 5033 2866 5103 πεντακισχιλίους
2903 5034 3000 5088 καὶ
3042 5034 3195 5088 λείαν
3262 5034 3363 5088 οὐκ
3420 5032 3635 5102 ὀλίγην,

381 5128 517 5183 quos
549 5114 763 5171 dilﬁcile
795 5114 989 5171 luisset
1012 5129 1109 5185 per
1139 5124 1219 5172 tot
1240 5126 1504 5189 praerupta
1533 5116 1651 5173 loca
1681 5132 1860 5188 agere,
1894 5119 1940 5174 in

2047 5120 2199 5184 τινὰς
2243 5121 2301 5174 δὲ
2332 5121 2440 5175 τῶν
2494 5119 2721 5193 ἁμαξῶν
2756 5121 2852 5176 καὶ
2887 5104 3243 5189 κατακαύσας
3282 5125 3342 5177 ὲν
3385 5121 3467 5194 τῷ
3487 5121 3634 5193 δρει,

1658 5290 1891 5348 VARUE
1923 5291 2326 5351 LECTIONES.

460 5440 505 5471 "
534 5431 609 5492 ὧν
632 5440 757 5497 add.
784 5439 852 5495 N.
930 5441 976 5477 ’τ
1017 5441 1156 5563 piare
1190 5458 1243 5494 τι
1278 5438 1458 5511 φθείρ.
1494 5437 1559 5494 Ν.
1637 5438 1681 5471 ³⁸
1713 5438 2037 5510 συνθέμενος
2060 5440 2206 5512 vulg.
2262 5440 2459 5563 μὲιτο
2482 5440 2666 5511 ἕμόως
2693 5437 3090 5522 {tramite-N4
3120 5436 3196 5495 cf.
3229 5435 3356 5503 247,
3380 5435 3446 5490 ἑκ
3470 5433 3634 5498 ποδὸς

460 5507 741 5563 τὶιοοεηυε.
836 5512 882 5543 ⁸ο
912 5512 1086 5563 ὲπακο
1118 5511 1459 5563 ουθήσαντας
1508 5509 1652 5563 vuln.
1752 5511 1817 5543 '°‘
1855 5510 2089 5563 ἑτοίμως
2150 5527 2298 5563 com.
2390 5550 2403 5563 .
2494 5512 2534 5544 "
2567 5510 2829 5563 πυθέσθαι
2849 5526 2995 5563 com.
3032 5507 3153 5563 Val.
3227 5506 3272 5539 ”
3293 5503 3634 5563 Κανδαϐείας

398 5507 741 5584 Scitnpenus.
836 5512 882 5584 f°
912 5503 1459 5584 ἐπακολουθήσαντας
1508 5509 1652 5581 vulg.
1718 5503 2298 5584 Α⁶⁰ξμὲτοίμξυςῌξοηῂ
2490 5503 2534 5584 _'"
2567 5503 2829 5584 πυθέσθαι
2849 5503 3153 5584 οοὴ1.“νο1.
3199 5506 3272 5584 _f’
3293 5503 3634 5584 Ιξανδαϐείας

399 5572 921 5650 κὐιίιίανδαμείας
955 5582 1099 5652 vulg.
1177 5572 1564 5643 ⁶³ἆναλύοντες
1603 5572 1753 5650 conj.
1797 5579 1859 5635 Ν.
1937 5572 1984 5613 ⁸⁸
2013 5572 2308 5645 ἐπέζευκὶο
2340 5579 2433 5649 Ν.,
2480 5580 2782 5644 ὑπέζευκτο
2810 5572 3031 5652 γυιεῖη
3056 5595 3114 5632 τε
3148 5576 3271 5633 add.
3311 5572 3378 5632 Ν.

2057 4578 2252 4631 πεῦσιν
2287 4577 2546 4649 ἐχώρουν.
2566 4579 2653 4643 Ὠς
2675 4581 2732 4634 δὲ
2750 4581 2889 4652 ὑπὲρ
2912 4580 3153 4650 κεφαλῆς
3175 4582 3226 4636 οἱ
3248 4579 3404 4643 πεζοὶ
3427 4580 3634 4647 ἐφάνη·
3724 4632 3737 4638 -
