4010 6210
400 362 511 427 769

1164 357 1263 419 DE
1299 355 1861 422 LEGATIONIBUS
1901 354 2390 420 ROMANORUM
2440 360 2535 421 AD
2573 360 2884 424 GENTES.

3544 372 3647 434 770

399 474 467 537 ἃς
507 469 576 543 ἦν
604 470 767 543 ἔργον
794 466 1023 524 ἑλκύσαι
1045 468 1135 523 διὰ
1183 467 1447 539 κρημνῶν
1478 467 1775 536 τοσούτων,
1801 469 1855 530 ἐς
1880 465 1969 537 τὴν

2082 480 2267 525 monte
2318 471 2580 539 incensis,
2626 472 2965 543 Lychnidum
3006 476 3296 530 revertitur
3329 499 3341 533 :
3374 478 3463 534 hic
3504 485 3647 537 Ada-

396 564 672 635 Δυχνηδὸν
728 562 1060 632 ἀφικνεῖται.
1152 560 1263 614 Καὶ
1318 557 1565 628 εὑρίσκει
1618 558 1974 629 Ἀδαμάντιον

397 658 463 709 ἐκ
511 656 609 723 τῆς
639 654 774 724 πρὸς
812 651 1133 722 Θευδέριχον
1176 649 1466 711 συνουσίας
1498 648 1883 703 ἐπανελθόντα*
1912 648 1973 701 οὑ

397 747 505 818 γάρ
552 760 640 798 πω
669 748 714 778 ⁸⁸
736 743 1056 813 Θευδέριχος
1105 741 1382 794 ἐπέπυστο
1426 740 1580 794 οὐδὲν
1630 741 1673 771 ⁸⁷
1713 740 1821 794 τῶν
1870 739 1976 792 ὑπὸ

399 837 717 893 Σαϐινιανοῦ
756 837 815 888 ἐν
846 836 921 904 τῷ
959 834 1076 904 ὅρει
1129 832 1499 902 πραχθέντων.
1552 832 1691 895 Τοὺς
1752 833 1849 901 μὲν
1882 829 1976 887 οὖν

408 925 787 997 αἰχμαλώτους
814 927 940 988 τοὺς
965 923 1024 976 εὖ
1053 923 1345 991 γεγονότας
1375 924 1433 976 ἐν
1469 923 1682 993 φυλακῇ
1716 927 1972 990 ποιεῖται,

397 1019 525 1081 τοὺς
567 1019 624 1071 δὲ
669 1018 862 1079 ἄλλους
905 1018 1043 1086 μετὰ
1090 1016 1188 1084 τῆς
1221 1014 1371 1077 λείας
1403 1015 1625 1069 διέδωκε
1659 1018 1771 1079 τοῖς
1806 1033 1975 1083 στρα-

398 1110 618 1173 τιώταις
646 1148 660 1163 .
724 1108 966 1179 Ἀμάξας
1031 1107 1211 1177 μέντοι
1269 1106 1472 1170 πολλὰς
1536 1106 1803 1170 κελεύσας
1854 1109 1977 1171 ταῖς

405 1202 601 1255 πόλεσι
648 1201 783 1272 πρὸς
835 1201 934 1263 τὰς
986 1198 1081 1251 τοῦ
1139 1199 1533 1270 στρατοπέδουι
1567 1200 1976 1253 κατασκευάσαι

398 1292 609 1363 χρείας,
670 1292 745 1354 ὡς
799 1290 1113 1360 ἐλήφθησαν
1156 1284 1337 1354 αὗται,
1382 1291 1584 1342 ἀπεῖπε
1632 1292 1752 1351 ταῖς
1790 1289 1977 1342 πόλεσι

404 1384 569 1454 μηδὲν
598 1382 957 1452 ἐνοχλεῖσθαι,
989 1381 1066 1443 ώς
1096 1380 1195 1443 τὰς
1222 1381 1498 1450 ἀρκούσας
1530 1381 1691 1450 ἔχων.

469 1476 625 1531 Μετὰ
646 1475 703 1527 δὲ
740 1473 912 1527 ταῦτα
936 1474 1141 1544 γράφει
1172 1476 1271 1543 μὲν
1314 1474 1669 1542 Ἀδαμάντιος
1711 1471 1787 1543 τῷ
1820 1473 1976 1542 βασι-

396 1566 499 1631 λεῖ,
533 1566 609 1628 ὡς
642 1564 928 1633 ὑπέσχετο,
961 1565 1029 1616 τὰ
1051 1564 1188 1632 πρὸς
1217 1563 1539 1633 Θευδέριχον
1574 1563 1723 1633 αὐτῷ
1747 1563 1979 1631 διειλεγ-

399 1654 554 1725 μέναο
586 1652 783 1723 γράφει
806 1653 863 1705 δὲ
897 1655 992 1704 καί
1037 1650 1352 1715 Σαϐινιανὸς
1380 1652 1475 1704 καὶ
1519 1650 1774 1721 Ἰωάννης
1810 1653 1838 1703 ὁ
1868 1648 1978 1703 ὕπ-

394 1762 564 1814 αρχος
592 1744 660 1797 τὰ
683 1746 1024 1813 γεγενημένα
1044 1745 1131 1796 ἐπὶ
1150 1743 1331 1813 μεῖζον
1361 1742 1648 1809 ὀγκοῦντες
1673 1743 1766 1795 καί⁸
1796 1741 1979 1810 λέγον-

393 1852 507 1901 τες,
555 1836 629 1905 μὴ
662 1835 857 1906 χρῆναί
899 1852 951 1888 τι
996 1833 1074 1903 τῷ
1103 1834 1372 1904 Βαρϐάρῳ
1423 1832 1732 1894 συνθέσθαι.
1778 1833 1852 1896 ώς
1878 1834 1970 1887 ἐλ-

393 1926 545 1987 πίδος
583 1926 748 1997 οὔσης
771 1927 805 1996 ἢ
840 1925 981 1980 κατὰ
1014 1924 1217 1995 κράτος
1246 1925 1411 1977 αὑτὸν
1432 1925 1705 1989 ἐξελάσειν
1736 1925 1834 1993 τῆς
1860 1923 1971 1994 χώ-

398 2017 553 2089 ραςή
583 2016 749 2071 αὑτοῦ
781 2016 1016 2086 μένοντα
1048 2015 1424 2085 κατατρίψειν.
1462 2014 1651 2069 Ταῦτα
1678 2015 1971 2084 δεξάμενος

396 2106 650 2177 βασιλεὺς
710 2106 806 2159 καὶ
871 2105 1120 2173 νομίσας,
1178 2104 1416 2175 πόλεμον
1468 2107 1687 2175 εἰρήνης
1741 2106 1971 2173 αἰσχρᾶς

394 2195 535 2252 εἶναι
596 2198 812 2268 βελτίω,
864 2199 1088 2269 πέμψας
1140 2197 1437 2252 ἁνεκὰλεσε
1464 2196 1557 2249 τὸν
1611 2195 1968 2267 πρεσϐευτήν,

394 2288 660 2352 κελεύσας
726 2290 890 2360 μηδὲν
938 2289 1018 2342 ἔτι
1068 2289 1205 2359 πρὸς
1271 2291 1476 2341 ἐκεῖνον
1507 2285 1818 2349 συνθέσθαι,
1854 2285 1970 2338 ἀλλ’

392 2380 571 2431 εἰπεῖν
591 2378 892 2449 Σαϐινιανῴ
916 2382 1011 2433 καὶ
1037 2380 1273 2446 Γέντονι,
1310 2379 1495 2447 Γότθῳ
1526 2377 1626 2447 μὲν
1648 2377 1761 2430 ὄντι
1788 2377 1968 2446 ἀνδρὶ,

391 2471 630 2538 γυναῖκα
661 2469 718 2521 δὲ
752 2470 1039 2538 Ῥωμαίων
1076 2471 1184 2523 τῶν
1221 2471 1350 2540 περὶ
1377 2469 1476 2541 τὴν
1514 2471 1779 2539 Ἤπειρον
1803 2485 1970 2536 γεγα-

393 2561 594 2633 μηκότι
656 2563 751 2615 καὶ
801 2561 1030 2632 δύναμιν
1080 2562 1280 2632 ἔχοντι,
1331 2561 1550 2631 ἐχεσθαι
1601 2559 1697 2613 τοῦ
1728 2560 1967 2628 πολέμου

392 2654 540 2725 πάσῃ
592 2654 757 2724 χειρὶ,
793 2653 867 2717 ώς
897 2654 1051 2706 οὐδὲν
1080 2653 1343 2724 βασιλέως
1381 2657 1515 2722 πρὸς
1560 2652 1805 2713 ἐκείνους
1834 2668 1959 2703 συν·-

392 2743 719 2815 θησομένου.
774 2744 883 2797 Καὶ
938 2745 1279 2811 συγκαλέσας
1322 2744 1449 2805 τοὺς
1521 2740 1862 2812 στρατιώτας
1929 2741 1958 2792 ὁ

404 2835 763 2904 Ἀδαμάντιος
820 2834 1051 2905 ἐπῄνεσε
1108 2835 1308 2897 αὐτοὺς
1361 2833 1462 2902 τῆς
1503 2832 1837 2903 προθυμίας,
1868 2832 1967 2884 καὶ

390 2927 645 2980 ἐκέλευσε
693 2926 979 2993 γενναίως,
1008 2924 1199 2995 ῶσπερ
1248 2926 1477 2996 πάτριον
1510 2925 1717 2986 αὐτοῖς,
1751 2923 1968 2993 ἔχεσθαι

388 3017 501 3070 τῶν
546 3016 890 3087 πραγμάτων
918 3056 933 3081 ,
992 3019 1085 3069 καὶ
1133 3015 1194 3068 τὸ
1239 3016 1304 3069 ἐκ
1359 3014 1621 3084 βασιλέως
1686 3014 1969 3080 ἐπανέγνω

389 3110 739 3180 πρόσταγμα.
774 3108 906 3172 Ταῖς
930 3109 978 3161 τ’
1007 3106 1218 3160 ἐλπίσιν
1247 3108 1443 3170 αὐτοὺς
1478 3105 1780 3177 μετεώρους
1808 3105 1967 3175 ποιή-

391 3217 511 3266 σας,
530 3200 605 3263 ώς
635 3200 899 3270 βασιλέως
926 3199 1014 3251 ἀεὶ
1044 3203 1176 3252 πᾶσι
1202 3198 1298 3268 τὴν
1329 3197 1639 3268 προθυμίαν
1667 3198 1767 3249 οὐκ
1796 3195 1969 3265 ἄκαρ-

389 3309 490 3347 πον
522 3294 739 3357 ἐῶντος,
766 3291 1039 3361 εὐφημίας
1066 3292 1224 3360 ἔτυχε
1285 3291 1379 3343 καὶ
1428 3290 1565 3358 μετὰ
1600 3288 1768 3358 τιμῆς
1820 3304 1967 3357 παρ·

386 3385 665 3455 επέμφθη.
693 3386 803 3439 Καὶ
834 3386 862 3437 ὁ
883 3384 979 3455 μὲν
999 3384 1287 3452 ἀπηλλάγη
1337 3382 1501 3452 μηδὲν
1520 3382 1680 3434 πλέον
1712 3382 1963 3450 ποιήσας.

460 3476 527 3545 β’.
572 3479 695 3529 Ὅτι
753 3476 845 3529 ἐπὶ
913 3477 1162 3545 Ζήνωνος
1219 3472 1316 3527 τοῦ
1382 3473 1647 3543 βασιλέως
1726 3473 1965 3535 στάσεως

389 3567 693 3636 γενομένης
730 3566 881 3637 παρὰ
927 3563 1247 3634 Μαρκιανοῦ
1287 3564 1381 3617 καὶ
1412 3563 1585 3617 ἄλλων
1614 3561 1797 3628 τινῶν,
1828 3562 1968 3615 Θευ-

384 3656 599 3725 δέριχος
625 3658 652 3708 ὁ
694 3656 951 3726 Τριαρίου
991 3654 1173 3724 μαθὼν
1218 3654 1286 3706 τὰ
1321 3654 1600 3721 γεγονότα,
1639 3653 1731 3707 καὶ
1760 3651 1963 3704 ὑπολασ

390 3745 502 3800 ϐὼν
532 3748 721 3817 καιρδν
744 3746 838 3799 νῦν
860 3745 1006 3814 αὑτῴ
1036 3745 1371 3814 παρεστάναι
1406 3748 1470 3815 τῇ
1501 3745 1652 3797 πόλει
1683 3743 1963 3796 ἐπιθέσθαι

391 3839 487 3892 καὶ
544 3838 621 3907 τῷ
679 3837 887 3906 βασιλεῖ
933 3837 1101 3902 αὐτῷ,
1154 3839 1260 3889 πᾶν
1315 3836 1475 3897 εὐθὺς
1536 3837 1849 3903 ἀναστήσας
1906 3834 1964 3884 τὸ

392 3926 727 3997 βαρϐαρικὸν
766 3922 890 3999 ἧκε,
919 3926 1079 3995 δῆθεν
1115 3926 1215 3995 μὲν
1258 3926 1333 3988 ώς
1368 3925 1685 3995 βουλόμενος
1718 3924 1863 3992 αύτῴ
1905 3940 1965 3976 τε

389 4016 468 4085 τῷ
502 4016 712 4086 βασιλεῖ
758 4018 852 4068 καὶ
904 4018 970 4084 τῇ
1024 4015 1179 4067 πόλει
1232 4014 1458 4083 ἀμῦναι,
1496 4014 1756 4083 πρόδηλος
1803 4012 1857 4064 δέ
1889 4012 1965 4067 ῶν

390 4110 555 4160 πᾶσιν
582 4106 665 4175 ἐφ’
699 4107 805 4175 ὅτῳ
835 4106 1113 4175 ἠπείγετο.
1150 4104 1411 4166 Βασιλεὺς
1435 4104 1493 4157 δὲ
1525 4104 1762 4167 ἀκούσας
1796 4103 1964 4156 ἱππέα

388 4198 662 4268 ἐξέπεμψε
714 4198 809 4252 καί
862 4198 1109 4268 βασίλεια
1134 4198 1459 4267 γράμματα,
1491 4197 1587 4265 τῆς
1626 4196 1725 4266 μὲν
1758 4196 1963 4266 προθυ-

392 4292 522 4363 μίας
544 4290 707 4343 αὑτὸν
734 4290 990 4353 ἐπαινῶν,
1018 4288 1255 4341 κελεύων
1284 4289 1341 4341 δὲ
1374 4287 1647 4353 ἀπελθεῖν,
1681 4286 1756 4349 ὡς
1782 4285 1963 4338 οὐκέτι

389 4382 556 4451 οὗσης
616 4382 827 4453 χρείας,
884 4380 959 4450 μὴ
1019 4380 1173 4449 μόλις
1234 4381 1577 4433 καταστᾶσαν
1627 4380 1690 4431 ἐκ
1722 4377 1961 4429 τοιούτου

2076 564 2346 616 mantium
2373 565 2598 631 reperit,
2651 567 2745 634 qui
2774 565 3099 635 acolloquio
3147 584 3267 624 cum
3310 570 3649 631 Theuderico

2077 655 2334 709 redierat.
2365 654 2615 711 Nondum
2639 658 2781 710 enim
2807 656 3194 726 Theudericus,
3230 676 3349 731 qua:
3384 665 3434 718 in
3467 676 3650 721 monte

2076 759 2106 797 a
2144 742 2436 798 Sabiniano
2479 754 2625 813 gesta
2670 756 2849 810 erant,
2905 759 3250 817 cognoverat.
3301 751 3646 821 Captivorum

2076 846 2256 889 autem
2293 836 2583 889 nobiliores
2608 836 2866 891 custodiae
2923 841 3161 906 tradidit,
3203 842 3441 911 reliquos
3464 846 3651 900 militi-

2075 927 2180 981 bus
2200 942 2321 981 cum
2376 929 2556 997 praeda
2582 928 2878 983 distribuit.
2909 930 2975 983 Et
3008 946 3129 985 cum
3164 949 3269 988 non
3316 937 3486 991 multo
3525 948 3651 992 ante

2075 1034 2173 1089 per
2197 1020 2443 1074 civitates
2469 1020 2535 1073 ad
2565 1034 2717 1073 usum
2745 1022 3018 1077 exercitus
3047 1038 3236 1080 currus
3266 1030 3648 1097 praeparandos

2076 1111 2422 1180 imperasset,
2454 1120 2512 1163 ut
2542 1110 2660 1164 istis
2690 1118 2771 1164 est
2797 1112 3017 1177 potitus,
3052 1117 3218 1169 vetuit
3246 1118 3491 1173 civitates
3535 1134 3652 1172 am-

2076 1201 2217 1270 plius
2236 1202 2303 1255 de
2340 1200 2592 1255 curribus
2616 1198 2886 1267 laborare,
2909 1203 3035 1270 quia
3061 1206 3203 1273 quod
3234 1209 3369 1263 satis
3403 1219 3520 1264 erat
3551 1210 3649 1264 ba-

2076 1292 2259 1348 bebat.

2148 1469 2243 1524 His
2274 1471 2346 1526 ita
2376 1475 2565 1542 gestis,
2599 1474 2789 1529 scribit
2827 1474 3183 1529 Adamantius
3212 1473 3552 1544 imperatori,
3588 1485 3649 1530 ut

2080 1558 2453 1617 Theuderiebo
2475 1566 2818 1632 promiserat,
2837 1579 3134 1628 sermones,
3160 1582 3295 1635 quos
3314 1582 3433 1619 cum
3459 1582 3523 1620 eo
3552 1567 3651 1621 ba-

2078 1652 2287 1708 buerat.
2316 1654 2573 1709 Scribunt
2606 1664 2658 1710 et
2675 1657 3001 1710 Sabinianus
3024 1666 3078 1710 et
3099 1658 3338 1712 Joannes
3362 1659 3648 1726 praefectus

2052 1763 2166 1800 res
2193 1762 2224 1800 a
2254 1763 2313 1803 se
2332 1757 2537 1818 gestas,
2571 1758 2625 1802 et
2646 1748 2829 1802 omnia
2867 1749 2919 1803 in
2952 1750 3124 1819 majus
3157 1750 3497 1813 extollentes,
3527 1765 3651 1803 sua-

2079 1838 2281 1892 debant
2319 1851 2376 1891 ut
2406 1854 2592 1907 pacem
2625 1855 2749 1893 cum
2796 1839 3033 1894 Barbaro
3075 1854 3179 1893 non
3211 1839 3434 1896 faceret.
3484 1840 3647 1908 Spem

2072 1930 2214 1984 enim
2262 1945 2383 1985 esse
2414 1932 2464 1984 vi
2496 1946 2617 1985 eum
2662 1932 2887 2001 regione
2916 1931 3127 2001 depelli,
3155 1940 3247 1985 aut
3280 1933 3326 1986 si
3368 1932 3646 2027 man\serit,

2080 2024 2311 2091 opprimi
2361 2038 2545 2093 posse.
2580 2024 2706 2078 Haec
2738 2024 2828 2078 ubi
2870 2025 3166 2093 imperator
3193 2024 3648 2088 rescivit,bcllum

2074 2118 2212 2181 turpi
2238 2129 2369 2182 pace
2394 2117 2574 2181 potius
2592 2118 2820 2181 ducens,
2853 2120 3003 2172 misit
3028 2118 3118 2186 qui
3168 2118 3406 2185 legatum
3443 2116 3643 2179 redire,

2073 2219 2247 2271 neque
2268 2205 2563 2274 quidquam
2583 2209 2658 2260 rei
2677 2209 2906 2276 amplius
2924 2224 3042 2262 cum
3067 2208 3305 2261 Barbaro
3327 2210 3648 2261 contrahere

2067 2293 2302 2361 juberet,
2321 2297 2414 2349 sed
2439 2296 2618 2350 verbis
2639 2300 2751 2352 suis
2775 2298 3068 2353 Sabiniano
3093 2300 3362 2353 diceretet
3386 2298 3643 2363 Gentoni,

2070 2385 2182 2456 86
2206 2387 2275 2455 (is
2300 2398 2420 2440 erat
2450 2388 2534 2441 vir
2563 2387 2798 2453 Gothus,
2826 2400 2877 2444 et
2901 2390 3117 2443 mulieri
3148 2389 3405 2444 Romana:
3429 2390 3481 2442 in
3516 2389 3647 2458 Epi-

2077 2491 2137 2529 ro
2169 2486 2446 2544 nupserat,
2495 2487 2549 2530 et
2577 2479 2762 2548 copias
2810 2479 3083 2545 ducebal,)
3142 2489 3199 2532 ut
3232 2494 3354 2534 cum
3389 2479 3643 2533 omnibus

2069 2568 2260 2637 copiis,
2280 2583 2399 2636 qua:
2432 2568 2562 2636 ipsis
2592 2570 2865 2632 adessent,
2911 2572 3106 2625 bellum
3157 2580 3427 2640 gererent,
3464 2587 3561 2625 nec
3589 2586 3648 2625 e-

2070 2660 2179 2713 nim
2209 2661 2310 2713 sibi
2342 2661 2446 2713 ulla
2481 2660 2537 2713 in
2574 2674 2630 2714 re
2657 2676 2779 2714 cum
2808 2660 3043 2714 Barbaro
3071 2664 3381 2715 convenire.
3417 2661 3645 2714 AtAda-

2075 2751 2333 2813 mantius,
2386 2751 2697 2804 convocatis
2741 2750 3023 2813 militibus,
3056 2765 3241 2804 eorum
3275 2750 3645 2805 fortitudinem

2070 2841 2333 2908 laudavit,
2358 2850 2413 2895 et
2437 2852 2493 2894 ut
2524 2840 2694 2895 fortes
2714 2856 2834 2896 esse
2861 2852 3169 2911 pergerent,
3204 2850 3262 2895 ut
3292 2858 3408 2894 mos
3438 2844 3645 2909 patrius

2070 2934 2257 2997 ferret,
2282 2935 2527 2988 hortatus
2541 2942 2646 2987 est.
2677 2932 2813 2987 Tum
2842 2935 3182 3002 imperatoris
3213 2934 3520 2987 mandatunt
3540 2934 3645 2989 illis

2073 3026 2338 3090 recitavit,
2367 3036 2419 3079 et
2449 3026 2500 3079 in
2528 3040 2754 3095 magnas
2780 3040 2904 3095 spes
2930 3041 3024 3080 eos
3046 3028 3240 3088 erexit,
3265 3028 3642 3095 imperatorem

2073 3116 2441 3171 fortitudinem
2471 3127 2524 3172 et
2569 3120 2860 3171 navitatem
2893 3132 3078 3172 eorum
3112 3134 3216 3171 non
3259 3120 3377 3171 sine
3435 3119 3645 3185 magnis

2072 3208 2437 3277 prmmiisesse
2455 3212 2969 3278 praetermissurum.
2990 3207 3111 3261 llazc
3131 3208 3279 3260 illum
3304 3223 3497 3277 magno
3519 3224 3641 3261 cum

2068 3300 2261 3369 plausu
2292 3299 2525 3353 locutum
2556 3299 2854 3353 honorifice
2878 3298 3079 3352 milites
3111 3299 3380 3366 prosecuti
3409 3308 3551 3352 sunt.
3580 3300 3645 3352 Et

2067 3392 2147 3445 sic
2159 3391 2396 3461 quidem,
2420 3389 2687 3458 legatione
2699 3390 2837 3442 haud
2856 3386 3087 3441 feliciter
3111 3398 3351 3455 peracta,
3370 3386 3638 3441 discessit.

2136 3482 2189 3536 2.
2221 3482 2331 3552 (Δ.
2366 3482 2425 3535 C.
2464 3480 2589 3547 481,
2616 3479 2733 3533 Ind.
2779 3480 2833 3545 4,
2866 3478 3070 3533 Zenon.
3098 3476 3150 3530 8.
3177 3477 3193 3545 )
3216 3475 3433 3532 Zenone
3470 3477 3643 3546 impe-

2066 3582 2223 3627 rante
2254 3571 2558 3625 Marcianus
2600 3579 2654 3623 et
2674 3569 2765 3623 alii
2799 3566 3043 3621 nonnulli
3085 3567 3408 3620 seditionem
3457 3580 3641 3619 move-

2068 3672 2209 3718 runt.
2234 3663 2331 3716 Ubi
2356 3678 2416 3716 ea
2441 3677 2529 3716 res
2545 3661 2612 3715 ad
2633 3660 3061 3714 Theoderichum
3081 3656 3276 3712 Triarii
3300 3658 3371 3713 fil.
3392 3668 3473 3713 est
3497 3658 3643 3711 dela-

2069 3762 2141 3816 ta,
2168 3752 2269 3805 sibi
2293 3750 2527 3804 oblatam
2552 3751 2897 3813 occasionem
2943 3750 3132 3801 urbem
3174 3755 3226 3801 et
3260 3747 3638 3814 imperatorem

2066 3843 2241 3910 ipsum
2285 3838 2564 3891 adoriendi
2609 3838 2951 3899 existimans,
2999 3852 3243 3904 inagnam
3280 3835 3638 3889 Barbarorum

2068 3943 2285 3982 manum
2319 3928 2512 3995 coegit,
2550 3926 2811 3978 simulans
2834 3940 2892 3977 se
2933 3926 2998 3976 ad
3041 3924 3417 3992 imperatorem
3452 3936 3506 3979 et
3553 3942 3641 3978 ur-

2064 4017 2185 4072 bcm
2225 4032 2254 4069 a
2282 4016 2519 4086 periculo
2544 4014 2877 4067 liberandum
2917 4013 3172 4066 accedere
3204 4029 3220 4077 ;
3272 4014 3365 4067 sed
3419 4014 3642 4068 tnanife-

2067 4119 2209 4165 stum
2233 4118 2348 4163 erat
2372 4107 2642 4172 omnibus,
2666 4120 2772 4175 qua
2810 4106 2873 4159 de
2895 4120 3058 4159 causa
3089 4116 3417 4160 accurreret.
3455 4105 3640 4174 Itaque

2066 4198 2381 4267 imperator,
2415 4197 2503 4251 ubi
2536 4198 2636 4250 hoc
2655 4196 2879 4259 audivit,
2906 4196 2972 4249 ad
3005 4208 3126 4248 eum
3162 4210 3287 4249 cum
3320 4197 3513 4250 litteris
3555 4211 3640 4250 re-

2065 4290 2167 4359 giis
2220 4290 2455 4357 equitem
2499 4288 2688 4353 mittit,
2715 4288 2954 4341 animum
2995 4295 3049 4339 et
3072 4286 3396 4341 voluntatem
3424 4301 3550 4354 erga
3581 4301 3639 4340 se

2067 4378 2272 4441 laudat,
2306 4376 2401 4433 sed
2427 4375 2581 4445 jubet
2630 4390 2752 4431 eum
2786 4378 3060 4440 recedere,
3098 4376 3221 4445 quia
3270 4376 3361 4430 illo
3390 4391 3493 4429 non
3525 4391 3640 4428 am-

392 4474 552 4528 σάλου
580 4476 680 4543 τήν
712 4473 865 4525 πόλιν
896 4472 1051 4534 αὖθις
1074 4473 1155 4534 είς
1188 4471 1441 4524 ὑπόνοιαν
1469 4469 1795 4539 ἐμϐαλόντες
1843 4468 1963 4521 ἐτέ-

2072 4472 2212 4541 plius
2238 4473 2341 4527 sibi
2371 4486 2505 4540 Opus
2541 4478 2706 4535 esset,
2734 4485 2801 4525 ne
2830 4471 3104 4525 civitatem
3138 4470 3225 4523 vix
3256 4488 3284 4524 a
3318 4479 3465 4523 tanto
3505 4478 3638 4523 aestu

394 4583 495 4637 ραν
525 4563 587 4617 τὸ
634 4561 987 4634 θορυϐεῖσθαι
1045 4562 1234 4631 φιλοῦν
1271 4563 1350 4625 εἰς
1405 4562 1571 4632 χείρω
1604 4562 1695 4614 καὶ
1744 4560 1965 4631 μείζονα

391 4660 734 4731 ἐκταράξωσι
766 4658 956 4712 στάσιν
984 4659 1051 4715 ⁸⁸.
1099 4657 1157 4711 Ὀ
1205 4659 1261 4710 δὲ
1292 4657 1451 4721 αὐτὸς
1487 4657 1583 4726 μὲν
1627 4656 1729 4726 ἔφη
1760 4656 1837 4725 τῷ
1877 4654 1968 4725 βα-

394 4753 531 4804 σιλεῖ
561 4750 864 4813 πείθεσθαι,
901 4749 961 4803 τὸ
1000 4749 1055 4801 δὲ
1095 4748 1300 4818 πλῆθος
1330 4748 1514 4800 οὐκέτι
1543 4747 1799 4800 δύνασθαι
1839 4748 1969 4799 ἀνα-

394 4840 690 4913 στρέφειν,
749 4840 1003 4892 τοσοῦτόν
1058 4854 1119 4891 τε
1180 4838 1432 4905 συλλεγέν
1469 4837 1559 4889 καὶ
1595 4836 1758 4904 μέρος
1806 4852 1857 4887 τι
1906 4835 1967 4887 οὐ

395 4932 570 5003 βραχὺ
599 4930 951 4984 διαναπαύων
976 4930 1044 4983 ⁸⁸.
1099 4927 1273 4998 ’Υπέρ
1296 4944 1355 4979 τε
1384 4926 1492 4997 γὰρ
1533 4926 1728 4995 τειχῶν
1776 4925 1970 4978 οὐδένα

394 5024 639 5093 ἐνόμιζεν
673 5022 822 5094 αὐτῷ
851 5019 1287 5092 ἀντιστήσεσθαι,
1329 5021 1465 5090 μήτε
1504 5019 1778 5082 ἐπάλξεως
1807 5016 1970 5087 μηδε-

399 5112 528 5182 μιᾶς
564 5112 701 5182 μήτε
755 5111 967 5179 πύργου
1008 5107 1265 5172 ἑστῶτος,
1327 5106 1421 5162 καὶ
1474 5106 1767 5160 εἰσελθόντι
1796 5106 1980 5158 πάντα.

393 5202 484 5255 τὸν
514 5202 686 5271 δῆμον
718 5199 1086 5272 προσέσεσθαι
1143 5202 1209 5269 τῇ
1240 5199 1349 5251 τῶν
1389 5197 1647 5268 Ἱσαύρων
1678 5197 1966 5268 ἀπεχθείᾳ.

400 5291 468 5342 Ἀ
521 5290 712 5360 δήκαὶ
765 5289 1102 5359 φοϐούμενος
1154 5289 1340 5359 Ζήνων
1393 5288 1668 5355 ἐκπέμπει
1703 5288 1968 5356 Πελάγιον

394 5384 656 5453 χρήματα
686 5382 878 5451 ἔχοντα
904 5381 1096 5434 πολλάο
1158 5382 1228 5434 τὰ
1262 5380 1359 5450 μὲν
1387 5381 1434 5411 ⁷⁸
1464 5381 1611 5450 αύτῷ
1640 5380 1967 5452 Θευδερίχῳ,

392 5475 465 5526 τὰ
511 5474 569 5526 δέ
600 5475 695 5527 καί
743 5473 822 5543 τῷ
896 5471 1137 5542 Γοτθικῷ
1190 5472 1267 5543 τῷ
1302 5472 1466 5525 παντὶ
1522 5471 1724 5525 διδόασι
1750 5474 1817 5539 ⁷⁸,
1876 5473 1972 5530 καὶ

2070 4564 2352 4617 liberatam
2383 4563 2633 4617 homines
2662 4578 2921 4616 novarum
2954 4578 3131 4616 rerum
3153 4562 3330 4631 cupidi
3366 4561 3418 4615 in
3474 4561 3635 4615 aliam

2071 4656 2531 4728 perturbationem
2555 4664 2609 4709 et
2649 4656 3013 4724 suspicionem
3048 4655 3380 4722 conjicerent
3400 4662 3455 4707 et
3483 4652 3638 4720 longe

2072 4748 2519 4820 perniciosiorem
2553 4756 2608 4801 et
2634 4748 2894 4814 majorem
2923 4748 3104 4816 priore
3153 4748 3455 4802 excitarent
3497 4745 3639 4800 sedi-

2075 4844 2295 4896 tionem.
2325 4840 2415 4893 llle
2439 4854 2569 4894 vero
2590 4839 2887 4909 respondit,
2921 4852 2981 4891 se
3008 4840 3316 4905 imperatori
3344 4839 3633 4893 obsecutu-

2070 4948 2188 4987 rum
2220 4946 2393 4999 neque
2428 4940 2605 4984 tamen
2637 4944 2796 4998 posse
2832 4929 3126 4982 exercitum
3153 4931 3407 4984 reducere
3434 4941 3637 4982 tantum

2070 5031 2125 5078 et
2179 5022 2469 5075 maximam
2502 5027 2706 5088 partem
2751 5019 2900 5073 dicto
2943 5034 3041 5073 suo
3070 5034 3256 5087 parum
3304 5021 3633 5073 audientem.

2072 5116 2336 5184 Sperabat
2364 5112 2527 5175 enim,
2575 5110 2865 5177 neminem,
2895 5112 2985 5181 qui
3016 5112 3292 5166 resisteret
3324 5126 3422 5180 pro
3449 5110 3641 5164 maeni-

2070 5208 2193 5271 bus,
2222 5221 2339 5274 quae
2364 5204 2507 5259 nullo
2529 5204 2930 5274 propugnaculo
2954 5215 3045 5259 aut
3063 5216 3210 5259 turre
3238 5203 3441 5258 munita
3459 5210 3637 5266 erant,

2071 5299 2172 5353 sibi
2226 5308 2601 5357 occursurum,
2651 5303 2706 5347 et
2732 5297 2796 5346 ad
2828 5309 2887 5348 se
2927 5294 2978 5346 in
3026 5297 3213 5347 urbem
3250 5290 3637 5361 ingredientem

2070 5402 2283 5443 omnem
2309 5386 2617 5455 popularem
2636 5385 2848 5438 turbam
2869 5383 3196 5438 defecturam
3218 5390 3437 5453 propter
3457 5378 3637 5433 odium

2072 5488 2179 5541 quo
2204 5473 2416 5527 Isauros
2448 5472 2896 5540 prosequebatur.
2946 5472 3093 5527 Idem
3120 5470 3265 5525 Zeno
3292 5470 3493 5524 veritus
3512 5468 3639 5523 mit-

1684 5584 1917 5640 VARUE
1952 5586 2360 5644 LECTIONES.

473 5678 519 5710 ⁸⁸
550 5694 652 5731 που
681 5678 825 5749 vulg.
904 5679 951 5749 'T
987 5677 1175 5749 οὐδενί
1212 5677 1358 5748 vulg.

1461 5677 1505 5709 “
1533 5676 2114 5757 ἐκταράξωσιηστά-σιν
2146 5678 2260 5757 Δῌ.,
2306 5677 2592 5757 ὲκταράξω
2640 5679 2899 5736 σύστασιν
2940 5676 3085 5750 vulg.

3193 5680 3236 5713 ”
3266 5674 3636 5752 διαναπαύων]

401 5748 522 5803 λίαν
555 5747 796 5813 ἀπειθές
833 5747 978 5819 conj.
1016 5748 1081 5802 N.
1158 5748 1204 5779 7°
1228 5750 1318 5801 καὶ
1344 5760 1469 5803 ante
1522 5751 1587 5801 τὰ
1619 5750 1716 5818 μὲν
1742 5749 1846 5803 ins.
1878 5747 1941 5804 ll.
2019 5752 2063 5783 ⁷⁸
2091 5750 2287 5805 διδόναι
2336 5747 2479 5818 conj.
2521 5749 2587 5803 N.
