4006 6214
343 315 446 379 ’ΠΙ

1335 311 1728 372 EXCERI’I‘A
1769 312 1873 370 EX
1911 307 2218 371 MALCHO
2257 304 2622 370 RBETORE

3502 303 3614 366 ἨΞ

354 431 420 483 tit
446 425 723 496 Pelagium
749 439 868 479 eum
893 422 1078 476 multis
1095 422 1362 489 pecuniis,
1383 438 1516 491 quas
1541 424 1737 492 partim
1759 423 1937 476 Theu-

2046 419 2213 482 ἄλλας
2250 417 2572 488 ὑποσχέσεις
2628 413 2849 485 δωρεῶν
2901 413 3001 466 οὐκ
3054 410 3260 480 ὀλίγας.
3307 411 3511 467 Ἐλθὼν
3559 416 3620 470 δὲ

353 521 563 580 derico,
612 516 807 585 partim
855 513 1072 576 Gothis,
1113 516 1167 567 in
1215 514 1526 574 universum
1561 516 1844 579 divideret,
1881 523 1936 570 et

350 608 456 662 alia
495 624 596 660 non
633 620 792 671 parva
822 620 1048 659 munera
1093 620 1154 660 se
1192 605 1445 660 daturum
1479 609 1792 674 sponderet.
1831 605 1934 661 Ita-

355 713 460 766 que
490 709 544 748 ut
587 694 836 763 Pelagius
889 699 1058 760 venit,
1098 698 1297 765 partim
1355 697 1538 764 minis,
1583 699 1784 766 partim
1813 712 1938 767 pro—

361 788 570 850 missis,
602 789 796 854 partim
853 789 1162 856 ingcntibus
1199 789 1442 857 pecuniis
1482 788 1766 853 Barbaros,
1801 789 1938 843 insi-

351 891 468 935 tam
501 895 690 936 eorum
719 883 1003 936 avaritiam
1036 881 1277 947 abortus,
1309 882 1376 936 ad
1408 882 1764 936 recedendum
1793 895 1938 936 com-

355 975 541 1028 movit.
595 973 673 1028 Ex
730 989 839 1043 quo
899 975 1241 1029 existimatus
1284 983 1371 1028 est
1433 988 1538 1027 non
1575 989 1742 1042 parvo
1792 983 1935 1028 metu

349 1065 625 1118 civitatem
684 1066 918 1120 levasse.
952 1064 1111 1128 Nam,
1181 1063 1521 1119 Theoderico
1560 1065 1622 1120 in
1658 1064 1933 1120 civitatem

353 1157 685 1222 introducto,
743 1156 876 1210 nihil
924 1156 1089 1220 aliud,
1141 1170 1305 1224 quam
1366 1156 1560 1210 bellum
1617 1157 1933 1210 intestinum

348 1255 410 1300 et
478 1247 791 1301 universum
863 1248 1208 1314 incendium,
1264 1259 1581 1314 exspectare
1632 1250 1932 1316 oportebat.

352 1338 626 1392 Statutum
653 1341 793 1391 enim
812 1339 952 1408 apud
975 1339 1212 1392 animum
1252 1355 1411 1394 suum
1437 1339 1608 1394 Isauri
1641 1339 1926 1406 habebant,

355 1430 403 1502 si
441 1431 490 1484 vi
518 1439 861 1498 cogerentur,
894 1430 1032 1484 haud
1068 1429 1276 1497 placide
1301 1431 1435 1485 urbe
1479 1431 1692 1486 cedere.
1752 1430 1936 1501 Itaque

355 1529 548 1574 contos
571 1521 916 1589 praegrandes
933 1535 1109 1589 pmpa
1120 1535 1176 1576 ra
1187 1529 1393 1587 verant,
1421 1536 1649 1590 quorum
1680 1522 1732 1576 in
1757 1533 1936 1577 extre-

359 1628 444 1666 ma
477 1624 629 1682 parte
670 1613 835 1666 linum
858 1627 977 1666 cum
1001 1613 1260 1682 sulphure
1286 1613 1658 1684 alligaverant,
1687 1623 1740 1670 et
1763 1616 1806 1670 si
1833 1617 1934 1673 sibi

2043 495 2312 576 Πελάγιος
2342 507 2527 561 καὶτὰ
2561 509 2659 575 μὲν
2691 504 3014 573 ἀπειλήσας,
3045 503 3116 557 τά
3137 503 3196 556 δὲ
3228 504 3621 573 ὑποσχόμενος,

2037 603 2107 657 τὰ
2135 602 2195 655 δὲ
2231 601 2326 656 καὶ
2353 602 2466 662 τοῖς
2490 598 2767 670 χρήμασιν
2795 597 2898 650 οὐκ
2929 596 3133 664 ὀλίγοις
3161 594 3246 666 [τε
3274 598 3318 634 τ’
3353 595 3373 664 ]
3407 596 3526 650 οὖσι
3559 598 3622 653 τὸ

2041 694 2201 762 φύσει
2236 692 2572 762 φιλάργυρον
2602 688 2696 742 τοῦ
2728 688 2934 758 τρόπον
2971 686 3265 756 μετελθὼν,
3295 687 3621 756 διαπέμπει.

2039 787 2149 838 Καὶ
2176 782 2324 848 εδοξε
2346 784 2412 853 δὴ
2445 780 2602 836 τοῦτο
2625 779 2718 834 τοῦ
2744 779 2912 848 φόϐου
2939 777 3033 833 τοῦ
3061 779 3306 842 πλείονος
3327 781 3624 852 ἀναφέρειν

2037 877 2138 946 τὴν
2199 877 2374 930 πόλιν.
2436 873 2602 928 Οὐδὲν
2635 871 2743 944 γάρ
2797 867 2870 943 ἦν
2928 870 3149 927 ἐλπίσαι
3195 873 3242 904 ⁷⁸
3269 872 3531 936 εἰσιόντος
3587 874 3622 942 ἢ

2039 970 2277 1039 πόλεμόν
2315 985 2378 1021 τε
2407 967 2556 1022 ἔνδον
2611 949 2706 1020 καὶ
2739 966 2833 1018 τοῦ
2888 966 3090 1028 παντὸς
3141 965 3441 1036 ἔμπρησιν.
3486 967 3626 1022 Οὐδὲ

2039 1061 2146 1130 γὰρ
2219 1061 2270 1112 ei
2346 1056 2588 1127 Ἴσαυροι
2649 1054 2837 1117 ἁπλῶς
2896 1055 3252 1126 ἀναχωρῆσαι
3312 1056 3626 1125 βιαζόμενοι

2039 1151 2317 1213 ἐπενόουν,
2352 1148 2489 1203 ἀλλά
2517 1147 2739 1210 κοντοὺς
2787 1146 3026 1216 ὑψηλοὺς
3057 1149 3626 1218 προπαρασκευάσαν-

2041 1259 2156 1308 τες,
2187 1241 2333 1295 λίνον
2367 1241 2451 1293 ἐπ’
2475 1241 2668 1309 ἄκροις
2685 1238 2867 1300 αὐτοῖς
2896 1236 3301 1308 προσδήσαντες
3329 1239 3421 1292 καὶ
3449 1238 3612 1301 θεῖον,

2046 1333 2274 1395 πολλοὺς
2310 1327 2456 1402 εἶχον
2503 1331 2777 1399 ἑτοίμους,
2812 1329 2865 1382 εἴ
2897 1345 3030 1382 ποτε
3073 1327 3370 1398 βιασθεῖεν,
3406 1329 3626 1383 ἃπασαν

2041 1426 2250 1496 ὑφάψαι
2279 1425 2377 1495 τὴν
2406 1423 2584 1478 πόλιν.
2609 1421 2721 1476 Καὶ
2755 1424 2784 1473 ό
2817 1421 2915 1489 μὲν
2957 1419 3274 1488 Θευδέριχος
3311 1418 3482 1480 οὕτως
3518 1421 3627 1472 ἀπο

2037 1518 2217 1589 εχὼρη
2226 1535 2307 1581 σε,
2324 1517 2451 1580 τοὺς
2461 1515 2518 1569 δὲ
2535 1515 2664 1585 περὶ
2677 1514 2984 1583 Προκόπιον
3006 1512 3100 1567 καὶ
3118 1511 3422 1566 Βούσαλϐον
3436 1512 3630 1574 πολλὰ.

2037 1629 2124 1673 κις
2163 1609 2508 1665 ἀποστέλλων
2533 1607 2686 1678 παρὰ
2713 1605 3036 1674 Θευδερίχου
3061 1604 3322 1675 ὲξῄτεινδ,
3358 1605 3620 1674 ἔνδειγμα

355 1705 437 1758 vis
456 1704 775 1770 inferretur,
809 1704 1099 1758 multorum
1125 1705 1348 1772 auxilio,
1367 1722 1503 1776 quos
1534 1707 1634 1761 sibi
1656 1709 1935 1761 consocia-

2046 1701 2150 1770 τῆς
2199 1701 2414 1762 εὐνοίας
2443 1697 2536 1752 καὶ
2579 1697 2894 1759 εὐπειθείας
2929 1696 3094 1749 αὐτὸν
3119 1695 3281 1748 τοῦτο
3311 1694 3480 1760 ἀξιῶν
3520 1713 3628 1749 παν

357 1807 570 1857 verant.
606 1797 794 1851 urbem
844 1797 1092 1852 incendio
1138 1811 1391 1851 cremare
1424 1799 1838 1853 constituerant.
1872 1798 1937 1852 Et

2045 1767 2369 1863 ρασχέσθαι.
2418 1788 2584 1843 ’0.δὲ
2638 1787 2818 1841 πάντα
2867 1788 2970 1856 μὲν
3016 1787 3170 1853 ἔλεγε
3228 1786 3517 1839 πείθεσθαι
3545 1787 3627 1857 τῷ

357 1885 433 1938 ita
463 1882 872 1940 Theuderichus
911 1886 1183 1940 discessit.
1214 1885 1330 1954 87
1357 1885 1681 1955 Procopium
1714 1902 1844 1941 vero
1884 1897 1937 1941 et

2046 1880 2274 1951 βασιλεῖ,
2304 1881 2379 1950 μὴ
2410 1878 2590 1949 μέντοι
2619 1879 2766 1932 ὅσιον
2807 1877 3044 1942 Γότθοις,
3077 1876 3270 1946 ὥσπερ
3296 1877 3415 1944 agat
3446 1877 3630 1940 ἄλλοις

350 1973 643 2028 Busalbum
681 1975 877 2043 saepius
901 1989 931 2028 a
967 1974 1345 2029 Tlieuderieho
1371 1975 1472 2030 sibi
1527 1977 1662 2028 tradi
1694 1977 1935 2044 petebat,

356 2071 418 2116 ut
453 2062 507 2116 in
533 2063 637 2116 hoc
659 2077 814 2115 suam
843 2077 968 2130 erga
993 2077 1051 2117 se
1079 2061 1505 2117 benevolentiam
1535 2071 1588 2117 et
1615 2064 1936 2133 obsequium

351 2151 676 2207 declararet.
703 2149 811 2207 Sed
833 2153 921 2206 ille
949 2153 1248 2222 respondit,
1279 2169 1336 2208 se
1365 2153 1582 2222 quidem
1616 2154 1668 2208 in
1685 2155 1938 2209 omnibus

357 2244 501 2297 dicto
529 2245 836 2299 audientem
870 2243 986 2300 fore
1037 2245 1375 2316 imperatori,
1405 2254 1582 2301 tamen
1619 2245 1770 2300 nefas
1796 2258 1920 2300 esse

351 2329 569 2398 Gothis,
601 2335 742 2390 sicut
770 2344 823 2389 et
851 2335 1064 2391 caeteris
1085 2336 1430 2402 mortalibus,
1457 2337 1731 2407 supplices
1748 2347 1807 2392 et
1831 2351 1927 2392 eos

2043 1972 2375 2042 ἀνθρώποις,
2409 1971 2593 2033 ἱκέτας
2625 1970 2719 2024 καὶ
2765 1969 3038 2040 σωτηρίας
3089 1969 3377 2038 δεομένους
3415 1969 3628 2039 ἀνθρὼ-

2045 2079 2178 2125 πους
2211 2063 2324 2124 τοῖς
2376 2060 2562 2114 λαϐεῖν
2603 2061 2950 2131 βουλομένοις
2984 2060 3248 2114 ἐκδιδόναι
3298 2062 3629 2132 προχείρως.

2054 2155 2242 2226 -Ἐᾷνη
2291 2152 2385 2207 οὖν
2430 2154 2630 2216 αὐτοὺς
2677 2153 2852 2222 ἠξίου,
2913 2153 3100 2225 μηδενὶ
3149 2154 3287 2225 πλὴν
3319 2155 3352 2225 ἢ
3385 2156 3485 2208 ὅσα
3531 2155 3633 2223 ζῇν

2035 2244 2303 2315 ὀχληροὺς
2333 2245 2655 2312 ἐσομένους.
2691 2245 2802 2298 Καὶ
2849 2245 2900 2297 οί
2936 2245 3035 2314 μὲν
3068 2244 3212 2298 οὕτω
3237 2245 3412 2318 βραχύ
3443 2264 3495 2300 τι
3520 2247 3630 2316 γή-

2037 2335 2154 2388 διον
2176 2333 2469 2405 νεμόμενοι
2508 2335 2660 2404 παρά
2699 2335 3006 2405 Θευδερίχῳ
3038 2335 3246 2405 διῆγον.

355 2431 446 2500 qui
483 2432 709 2488 salutem
745 2445 1056 2503 precentur,
1111 2435 1214 2499 liis,
1243 2436 1336 2504 qui
1385 2450 1483 2490 eos
1511 2435 1973 2505 comprehendere
2015 2432 2205 2497 velint,
2262 2433 2509 2500 prodere.
2563 2432 2670 2488 Eos
2721 2435 2886 2504 igitur
2944 2445 3003 2489 ut
3054 2436 3346 2495 omitteret,
3409 2433 3628 2491 orabat.

357 2529 654 2592 praesertim
685 2543 806 2582 cum
838 2528 984 2582 nulla
1023 2542 1102 2592 re,
1133 2529 1237 2582 nisi
1263 2529 1406 2598 quod
1439 2529 1698 2594 viverent,
1724 2539 1906 2584 essent
1931 2527 2141 2582 molesti
2171 2525 2362 2590 futuri,
2393 2534 2448 2580 et
2479 2525 2554 2580 illi
2581 2526 2800 2598 quidem
2829 2529 2971 2598 apud
3001 2526 3460 2591 Theudericbum,
3483 2527 3632 2595 quod

355 2617 624 2686 reliquum
652 2620 775 2674 vita:
807 2620 929 2686 fuit,
969 2623 1238 2677 modicum
1279 2637 1470 2690 agrum
1521 2623 2197 2693 colentes,traasegerunt.

428 2711 480 2764 5.
520 2711 606 2782 (Α.
637 2714 699 2766 0.
735 2713 860 2781 475,
893 2715 1011 2766 Ind.
1032 2714 1120 2778 t5,
1142 2714 1444 2786 Zenon.2.)
1475 2715 1610 2771 Cum
1644 2717 1793 2771 multi
1829 2733 1931 2770 un-

357 2802 523 2872 dique
569 2804 831 2859 tumultus
876 2807 1048 2860 exorti
1087 2818 1290 2872 essent,
1334 2808 1558 2874 Zenoni,
1589 2811 1794 2864 homini
1840 2810 1934 2864 ad-

359 2893 580 2945 modum
632 2891 857 2956 imbelli,
893 2895 1041 2948 venit
1073 2894 1126 2948 iu
1165 2905 1400 2951 mentem
1432 2899 1498 2951 ad
1532 2895 1828 2952 Vandalum
1859 2899 1934 2954 le-

358 2983 634 3054 gationem
694 2982 1077 3053 Carthaginem
1137 2988 1371 3055 mittere,
1430 2997 1486 3044 et
1543 2988 1805 3045 Severum
1867 3005 1934 3044 ex

359 3085 553 3129 senatu
604 3076 841 3146 legatum
885 3079 1091 3148 deligit,
1123 3080 1320 3148 virum,
1371 3081 1462 3151 qui
1497 3083 1855 3152 temperantia
1883 3091 1938 3137 et

355 3165 570 3235 juSIitia
603 3177 861 3237 prtnstare
891 3169 1304 3224 existimabatur
1335 3187 1351 3226 :
1387 3172 1590 3241 itaque,
1627 3183 1686 3226 ut
1713 3171 1941 3242 legatio-

360 3258 446 3312 nis
493 3259 740 3328 dignitati
791 3259 965 3327 majus
999 3262 1164 3316 decus
1205 3263 1450 3329 adderet,
1500 3265 1786 3333 patricium
1817 3279 1943 3320 eum

359 3351 586 3404 creavit.
617 3349 684 3405 Et
709 3351 798 3404 ille
822 3351 1042 3420 quidem
1081 3354 1374 3422 navigavit.
1395 3354 1501 3409 Sed
1537 3354 1826 3420 Vandalus,
1851 3356 1941 3410 ubi

357 3442 548 3495 didicit
606 3443 926 3510 legationem
971 3445 1037 3496 ad
1065 3459 1121 3498 se
1154 3446 1358 3511 venire,
1403 3448 1555 3515 prius
1598 3462 1722 3502 cum
1771 3449 1945 3506 classe

360 3533 596 3602 trajecit,
638 3543 692 3588 et
725 3533 1026 3604 Nicopolim
1057 3538 1217 3604 cepit.
1244 3537 1479 3594 Severus
1508 3551 1686 3596 autem
1715 3541 1941 3612 legatus,

361 3625 578 3678 solvens
615 3641 642 3678 a
681 3625 892 3689 Sicilia,
925 3625 1306 3698 Carthaginem
1338 3631 1504 3691 venit,
1538 3643 1592 3687 et
1621 3649 1946 3705 magnopere

355 3727 585 3786 questus
612 3725 694 3774 est
714 3733 836 3772 cum
869 3717 1128 3784 Vandale,
1154 3723 1294 3791 quod
1322 3724 1496 3780 classe
1527 3727 1942 3784 transmisisset.

359 3807 452 3862 Ille
475 3821 603 3860 vero
624 3807 784 3873 dixit,
804 3812 996 3866 solnec
1023 3823 1079 3866 ut
1103 3815 1308 3870 hostem
1330 3815 1541 3874 fecisse.
1562 3817 1714 3874 Nunc
1738 3833 1858 3878 eum
1882 3822 1947 3876 de

359 3913 494 3970 pace
518 3899 584 3954 ad
610 3917 667 3956 se
687 3901 893 3972 legatus
918 3905 1116 3961 missus
1136 3907 1222 3971 sit,
1244 3910 1579 3965 conditiones
1596 3911 1712 3982 ejus
1729 3928 1787 3967 se
1807 3913 1950 3967 exci‘

361 4008 512 4062 pere.
541 3992 728 4049 Severi
775 4007 954 4051 autem
989 4000 1154 4052 vitam
1183 3998 1322 4068 frugi
1353 4009 1406 4056 et
1439 4005 1739 4057 modestam
1771 4003 1945 4058 admi-

365 4095 539 4149 ratus,
575 4087 693 4154 ejus
727 4091 1119 4145 consuetudine
1150 4101 1222 4145 et'
1244 4092 1514 4160 colloquio
1545 4093 1943 4161 delectabatur,

367 4173 567 4242 quippe
593 4175 684 4242 qui
715 4175 1077 4246 ejusjustitite
1107 4181 1347 4248 qumidie
1378 4183 1672 4251 perieulum
1715 4182 1944 4238 faceret,

363 4276 427 4315 ex
479 4276 587 4330 quo
625 4265 810 4316 omnia
849 4267 1097 4334 exsequi,
1149 4283 1266 4333 qua:
1313 4270 1669 4338 proponebat,
1725 4281 1948 4336 paratus

261 4425 264 4429 η
361 4366 498 4407 erat.
541 4353 776 4409 Maxime
815 4355 889 4410 illi
921 4359 1070 4412 visus
1104 4360 1386 4428 estjustus
1417 4376 1536 4416 esse
1578 4363 1629 4416 in
1658 4379 1741 4425 eo,
1776 4365 1944 4432 quod,

2104 2721 2176 2784 γ’.
2238 2715 2360 2768 Ὅτι
2410 2715 2599 2784 Ζήνων
2645 2712 2788 2784 ἀνὴρ
2853 2712 2928 2766 ὢν
2983 2712 3257 2782 ἀπόλεμος
3316 2715 3475 2782 ἄγαν,
3531 2714 3632 2768 καὶ

2037 2807 2238 2878 πολλῆς
2317 2805 2656 2877 πανταχόθεν
2748 2806 2998 2876 ταραχῆς
3063 2807 3379 2874 ἐφεστώσης
3409 2847 3421 2868 ,
3487 2805 3632 2873 ἔγνω

2037 2901 2174 2972 πρὸς
2201 2902 2294 2953 τὸν
2334 2898 2604 2969 Βάνδηλον
2662 2900 2745 2962 είς
2801 2897 3124 2969 Καρχηδόνα
3159 2898 3628 2968 πρεσϐεύσασθαι.

2038 2994 2151 3049 Καὶ
2198 2993 2448 3063 Σευῆρον
2502 2995 2564 3046 ὲκ
2639 2993 2738 3062 τῆς
2805 2991 3000 3062 βουλῆς
3059 2991 3404 3063 πρεσϐευτὴν
3451 2993 3634 3064 αἱρεῖσ-

2045 3103 2170 3148 ται,
2227 3085 2399 3156 ἄνδρα
2473 3083 2568 3138 καὶ
2630 3083 2954 3155 σωφροσύνῃ
3015 3082 3296 3152 διαφέρειν
3369 3084 3634 3138 δοκοῦντα

2043 3179 2136 3231 καὶ
2165 3177 2242 3248 τῷ
2261 3178 2306 3210 ⁷⁸
2340 3177 2552 3231 ἐθέλειν
2594 3177 2664 3229 τά
2714 3175 2920 3229 δίκαια.
2967 3175 3077 3228 Καὶ
3127 3177 3416 3246 πατρίκιον
3464 3176 3632 3230 αὑτὸν

2045 3271 2280 3342 ποιήσας
2327 3271 2668 3340 ἀποπέμπει,
2701 3271 2850 3332 ὅπως
2895 3269 2960 3322 ὲκ
2991 3271 3088 3339 τῆς
3141 3267 3301 3332 ἀξίας
3355 3271 3455 3337 τῆς
3493 3285 3632 3338 πρε-

2049 3363 2235 3427 σϐείας
2298 3363 2356 3416 τὸ
2422 3362 2610 3432 σχῆμα
2661 3361 3062 3415 κατασκευάσοι
3124 3361 3465 3432 σεμνότερον.
3516 3361 3633 3414 Καὶ

2041 3456 2074 3508 ὁ
2129 3456 2227 3526 μὲν
2270 3454 2615 3521 ἐξέπλευσεν,
2651 3455 2678 3506 ό
2719 3453 2777 3506 δὲ
2809 3453 3077 3523 Βάνδηλος
3133 3452 3340 3522 μαθὼν,
3386 3456 3466 3506 ὅτι
3505 3453 3630 3524 ἥξοι

2047 3546 2336 3619 πρεσϐεία,
2371 3546 2583 3615 φθάσας
2625 3544 2861 3599 ἔκπλουν
2920 3550 3176 3610 ποιεῖται,
3239 3547 3334 3599 καὶ
3388 3545 3630 3598 Νικόπο-

2045 3640 2129 3694 λιν
2170 3635 2332 3693 εἷλεν.
2399 3638 2458 3692 Ὅ
2485 3639 2542 3692 δὲ
2596 3638 2940 3708 πρεσϐευτὴς
2992 3638 3231 3708 Σευῆρος
3275 3637 3463 3698 διαϐάς
3515 3637 3631 3690 ἀπὸ

2047 3731 2294 3794 Σικελίας
2323 3732 2398 3792 είς
2444 3730 2768 3801 Καρχηδόνα
2817 3730 3034 3798 ἀφῖκτο,
3071 3731 3163 3782 καὶ
3196 3729 3363 3783 πολλὰ
3406 3728 3495 3782 διὰ
3534 3729 3629 3782 τὸν

2048 3825 2286 3878 ἔκπλουν
2322 3823 2602 3894 ἐμέμφετο
2629 3824 2722 3874 τὸν
2767 3820 3057 3892 Βάνδηλον.
3111 3821 3168 3874 '0
3194 3820 3249 3874 δὲ
3275 3822 3343 3874 τά
3378 3821 3476 3891 μὲν
3506 3820 3629 3873 ἔλε-

2049 3934 2144 3986 γεν
2172 3916 2247 3979 ὡς
2279 3914 2538 3985 πολέμιος
2570 3913 2775 3983 πρᾶξαι
2796 3913 2840 3957 ⁷7
2861 3930 2876 3946 ·
2903 3913 2993 3966 τὸν
3019 3913 3074 3965 δὲ
3100 3911 3230 3980 περὶ
3258 3913 3354 3980 τῆς
3379 3913 3627 3983 είρὴνης,

2050 4007 2238 4078 ἐπειδὴ
2275 4006 2649 4075 πρεσϐεύοιτο,
2682 4003 2775 4056 νῦν
2813 4002 2915 4074 ἔφη
2947 4002 3106 4072 λόγον
3130 4003 3176 4036 ⁷³
3207 4003 3628 4074 προσδέχεσθαι.

2049 4100 2157 4152 Τοῦ
2192 4099 2247 4151 δὲ
2277 4100 2514 4167 Σευῆρον
2549 4097 2609 4149 τό
2647 4110 2705 4148 τε
2763 4097 2981 4165 σῶφρον
3025 4095 3118 4148 τοῦ
3175 4095 3290 4166 βίου
3335 4095 3630 4164 θαυμάσας

2051 4192 2143 4244 καὶ
2202 4190 2309 4242 τῶν
2358 4190 2532 4256 λόγων
2583 4186 2822 4257 ἠγάσθη,
2875 4187 2970 4240 καὶ
3015 4187 3115 4255 τῆς
3147 4187 3494 4257 δικαιοσύνης
3531 4187 3630 4239 ἀεὶ

2054 4285 2252 4350 πεῖραν
2284 4281 2581 4350 λαμϐάνων
2613 4282 2721 4332 πᾶν
2750 4279 2967 4349 ἕτοιμος
2993 4275 3061 4350 ἦν
3087 4279 3276 4342 ποιεῖν,
3311 4278 3449 4348 ὅπερ
3478 4279 3629 4330 ἐκεῖ-

2048 4393 2137 4438 νος
2178 4371 2555 4444 προϐάλλοιτο.
2593 4371 2844 4424 Μάλιστα
2883 4370 2939 4423 δὲ
2987 4369 3164 4436 ἔδοξεν
3217 4369 3365 4440 αὐτῷ
3411 4369 3626 4433 δίκαιος

357 4461 480 4500 cum
513 4447 558 4501 ci
588 4446 857 4501 Barbarus
891 4451 1148 4518 pecunias
1174 4451 1463 4519 largi-retur
1497 4463 1553 4507 et
1597 4469 1825 4508 munera
1858 4455 1937 4508 le-

2045 4461 2204 4528 εἷναι,
2234 4465 2336 4528 ὅτι,
2371 4463 2440 4517 τὰ
2471 4464 2728 4534 χρήματα
2753 4463 2908 4533 αὐτῷ
2940 4461 3035 4516 τοῦ
3077 4462 3363 4532 Βαρϐἀρου
3387 4462 3626 4527 ὀδόντος

359 4548 490 4605 gato
538 4537 718 4589 debita
769 4539 992 4591 daturus
1049 4548 1212 4600 esset,
1281 4542 1461 4595 omnia
1509 4541 1696 4609 rejeeit
1733 4545 1934 4612 dicens,

363 4628 566 4680 nullum
605 4630 804 4681 donum
836 4631 952 4684 viro
983 4630 1154 4698 legato
1185 4632 1398 4700 dignius
1427 4645 1480 4688 et
1510 4638 1936 4706 convenientins,

360 4731 522 4784 quam
567 4720 810 4786 captivos
856 4720 906 4772 iu
944 4720 1584 4782 libertatemvindicare.
1634 4727 1702 4783 At
1735 4728 1938 4786 Barba~

359 4822 477 4870 rus,
514 4807 851 4864 humanitate
878 4812 995 4882 ejus
1023 4814 1326 4870 collaudata
1367 4835 1380 4872 :
1416 4835 1436 4870 ι
1481 4818 1703 4887 Omnes,
1738 4823 1936 4892 inquit,

355 4899 625 4967 captivos,
669 4899 761 4970 qui
813 4903 944 4956 mihi
989 4913 1044 4958 et
1082 4905 1208 4959 filiis
1253 4907 1388 4962 meis
1422 4919 1570 4964 sorte
1604 4911 1935 4981 obtigerunt,

357 4989 458 5043 tibi
499 4991 791 5059 permitto;
831 4993 1070 5062 reliquos
1099 5011 1228 5052 vero
1271 4997 1415 5054 inter
1446 5003 1749 5057 exercitum
1790 5011 1937 5057 sorte

361 5083 562 5138 divisos
599 5099 695 5152 per
750 5100 836 5141 me
873 5086 967 5141 tibi
1007 5087 1150 5156 licet,
1181 5100 1238 5145 ut
1275 5091 1441 5160 lubet,
1482 5096 1549 5150 ab
1585 5098 1687 5164 bis,
1721 5099 1938 5167 quieos

351 5174 660 5244 possident,
721 5177 765 5230 si
827 5178 988 5233 modo
1041 5185 1440 5250 consenserint,
1493 5187 1775 5245 redimere.
1831 5187 1940 5243 Nec

360 5265 503 5316 enim
532 5280 740 5335 possem
767 5280 881 5331 eos,
908 5283 1134 5336 quorum
1156 5271 1397 5328 dominio
1415 5288 1712 5344 cesserunt,
1745 5278 1940 5335 invitos

357 5368 574 5422 cogere.
625 5357 806 5426 Itaque
847 5357 1080 5415 Severus
1115 5375 1230 5426 eos,
1272 5378 1408 5432 quos
1443 5365 1716 5423 Vandalus
1755 5373 1930 5438 possi-

2055 4554 2149 4606 καὶ
2179 4552 2247 4606 τά
2283 4553 2560 4621 πρέποντα
2590 4552 2738 4622 δῶρα
2772 4552 3086 4623 πρεσϐευτῇ
3119 4552 3482 4623 δωρούμενος,
3508 4554 3625 4606 ἀπ-

2052 4643 2367 4695 εσείσατο⁷⁹
2427 4643 2626 4709 πάντα,
2686 4641 2857 4695 εἰπὼν
2898 4643 2972 4705 ὡς
3018 4643 3140 4698 ἀντὶ
3189 4643 3396 4698 τούτων
3445 4644 3625 4717 δῶρόν

2044 4733 2194 4786 ἔστιν
2242 4731 2518 4803 εὔσχημον
2577 4735 2935 4804 πρεσϐεύοντι
2977 4735 3249 4806 ἀνθρώπῳ
3286 4737 3414 4800 τοὺς
3456 4739 3626 4806 αἰχμ-

2045 4824 2284 4890 αλώτους
2303 4825 2654 4895 κομίσασθαι.
2678 4827 2735 4879 '0
2761 4826 2818 4880 δὲ
2840 4826 2938 4896 τῆς
2961 4825 3200 4890 διανοίας
3221 4829 3513 4890 ἐπαινέσας
3525 4832 3622 4881 τὸν

2046 4915 2244 4988 ἄνδρα·
2281 4934 2300 4968 t
2339 4916 2447 4978 Οὓς
2481 4918 2599 4988 μὲν,
2637 4934 2656 4968 ι
2700 4916 2890 4988 ἔφησε,
2923 4935 2945 4970 ‹
2984 4918 3082 4972 σὺν
3135 4924 3248 4984 τοῖς
3288 4921 3440 4990 ἐμοῖς
3475 4921 3622 4974 υίέσι

2042 5009 2148 5063 τῶν
2179 5009 2542 5080 αἰχμαλώτων
2568 5010 2858 5079 ἀπέλαχον,
2893 5010 3114 5075 τούτους
3149 5029 3231 5066 σοι
3267 5014 3477 5076 πάντας
3506 5015 3621 5083 ἀφ-

2045 5099 2163 5171 ίημι
2186 5118 2200 5134 ·
2234 5103 2320 5172 ἢν
2352 5102 2407 5154 δὲ
2442 5103 2501 5154 τὸ
2529 5101 2750 5173 ,πλῆθος
2797 5103 3040 5156 αύτῶν⁸⁹
3087 5105 3449 5175 κατενείματο
3490 5111 3618 5176 μοῖ-

2047 5209 2166 5263 ραν,
2204 5193 2426 5257 τούτους
2455 5193 2538 5247 σοὶ
2575 5194 2676 5264 μὲν
2710 5193 2923 5258 ἐξέσται
2954 5185 3085 5267 παρ’
3119 5197 3373 5258 ἑκόντων,
3412 5199 3459 5249 εἰ
3489 5197 3620 5265 βού-

2045 5287 2149 5347 λει,
2182 5287 2449 5355 πρίασθαι
2481 5287 2588 5342 τῶν
2620 5288 2874 5358 ἑχόντων,
2910 5288 3070 5351 αὐτὸς
3101 5274 3242 5343 δ”ἂν
3265 5288 3324 5341 ού
3347 5288 3621 5358 δυναίμην

2046 5378 2146 5430 οὐκ
2198 5379 2479 5442 ἐθέλοντας
2522 5379 2696 5430 ταῦτα
2726 5377 2854 5441 τοὺς
2899 5377 3186 5449 εἰληφότας
3240 5376 3547 5448 βιάσασθαι.
3591 5396 3610 5428 ι

1654 5482 1883 5541 νιιιιιιΕ
1917 5487 2320 5548 LECTIONES.

432 5586 480 5617 "
511 5603 568 5674 tle
599 5591 755 5674 une_i_s
789 5593 1130 5674 inclitissimus.
1211 5595 1258 5628 ⁷³
1288 5599 1515 5663 ἐλπίσας
1541 5603 1684 5674 vulg.

359 5653 627 5747 ξοὲυιεὲ.
662 5661 1010 5747 ’τί-πράξειν
1046 5664 1188 5747 vulg.
1281 5671 1325 5703 ⁷⁸

366 5726 510 5792 vulg.
587 5726 1017 5797 ἰπροτρέχονσι
1072 5726 1217 5804 vulg.
1426 5726 1437 5742 ’
1521 5726 1581 5746 τ’

1774 5606 2024 5683 “eam
2061 5609 2146 5683 Β..
2183 5611 2366 5683 arma
2428 5613 2572 5683 vulg.

1827 5679 1870 5711 ’³
1896 5679 2225 5734 ἀπεσείσατο
2270 5679 2374 5738 Π..
2435 5679 2758 5738 ἀπέσώσατο
2811 5680 2952 5750 vulg.

2673 5612 2721 5644 "
2754 5611 2845 5678 ἒᾷν
2868 5607 2956 5676 Ν.,
2990 5611 3085 5664 ἐὰν
3132 5610 3276 5674 vulg.
3352 5613 3395 5643 "
3419 5607 3496 5680 τῷ
3520 5609 3614 5671 Η..

3029 5682 3075 5716 ⁸ο
3115 5681 3294 5736 αὐτῶν
3352 5681 3440 5746 Ν.,
3481 5683 3615 5736 αὐτὸ
