4006 6214
413 315 522 378 773

1189 312 1284 373 DE
1323 307 1890 372 LEGATIONl-BUS
1928 307 2418 369 ROMANORUM
2456 309 2556 370 AD
2589 309 2906 371 GENTES.
3557 307 3664 372 774

423 425 690 480 Ἐνταῦθα
722 423 750 476 0
785 421 1025 494 Σευῆρος
1069 421 1310 476 ἀπέλυσε
1347 422 1446 493 μὲν
1474 424 1678 494 προῖκα
1703 421 1799 484 οὒς
1825 420 1987 482 αὐτὸς

2110 421 2270 485 lebat,
2300 423 2418 478 sine
2449 424 2622 492 pretio
2647 424 2698 478 in
2724 423 3032 479 libertatem
3059 424 3316 490 restituit,
3349 434 3404 479 et
3437 429 3668 495 pecunia

410 518 556 590 εἶχεν
611 521 640 572 0
693 516 964 582 Βάνδηλος
987 531 998 545 ·
1041 513 1076 567 ἃ
1099 511 1302 584 δὲεῖχε
1343 512 1622 584 χρήματα,
1662 513 1755 564 καὶ
1789 511 1992 582 ἐσθῆτα

347 659 358 662 -
410 593 506 667 καὶ
561 611 732 678 σκεύη
793 607 972 660 πάντα
1025 605 1130 658 ὑπὸ
1184 607 1388 676 κήρυκι
1423 603 1659 674 δημοσίᾳ
1709 604 1991 674 πωλήσας,

411 706 623 766 τούτοις
645 705 802 764 ὅσους
833 701 1023 769 ῖσχυσε
1051 697 1160 751 τῶν
1193 693 1554 766 αἰχμαλώτων
1576 694 1824 764 ἐπρίατο.

487 793 527 848 δ’
536 835 551 850 .
588 794 711 847 Ὀτι
745 794 926 861 Ζήνων
953 790 980 842 0
1017 787 1270 858 βασιλεὺς
1300 787 1436 854 πρὸς
1468 786 1560 838 τὸν
1591 786 1835 856 ἀρχηγὸν
1883 783 1993 838 τῶν

416 886 631 940 Γότθων
663 881 1142 954 πρεσϐευσάμενος
1171 879 1302 949 περί⁸
1329 877 1653 948 Ἡρακλείου
1675 879 1770 931 τοῦ
1796 893 1995 947 στρατω

417 975 554 1046 ηγοῦ
587 973 679 1026 τοῦ
713 969 1075 1043 κρατηθέντος
1116 968 1267 1040 παρὰ
1311 968 1420 1021 τῶν
1456 965 1688 1032 Γότθων,
1726 965 1996 1035 ὑπέσχετο

418 1063 513 1115 ἐπὶ
539 1061 751 1130 λύτροις
785 1059 1035 1128 ἀφήσειν,
1060 1058 1152 1110 καὶ
1177 1056 1243 1109 τά
1277 1055 1448 1126 λύτρα
1496 1057 1695 1110 ἑκατὸν
1749 1071 1998 1124 συνωμο-

417 1154 614 1222 λόγησε
629 1151 884 1204 τάλαντα.
909 1148 1093 1203 Ταῦτα
1120 1149 1245 1212 τοὺς
1274 1147 1648 1220 προσήκοντας
1693 1147 1997 1218 Ἡρακλείῳ

417 1244 600 1314 Ζήνων
629 1242 882 1294 ἐκέλευσε
913 1241 1236 1310 παρασχεῖν,
1270 1232 1353 1292 ἕνα
1390 1239 1464 1311 μὴ
1494 1239 1675 1308 δοκοίη
1706 1238 1997 1308 λελυμένος

419 1334 511 1385 ὑπ’
540 1331 712 1384 ἄλλων
737 1333 795 1384 ὲν
828 1329 1014 1384 δούλου
1043 1328 1295 1398 γενέσθαι
1328 1330 1592 1398 σχήματι.
1625 1329 1913 1397 Πέμπεται
1940 1329 1996 1381 δὲ

417 1425 498 1484 εἰς
517 1420 742 1491 Θρᾴκην
768 1423 880 1483 τοῖς
928 1418 1148 1481 Γότθοις
1174 1408 1242 1472 τά
1275 1419 1552 1490 χρήματα.
1587 1418 1650 1472 0i
1673 1419 1730 1472 δὲ
1749 1417 1998 1496 ἐδέξαντο

422 1514 544 1583 μὲν,
580 1513 672 1566 καὶ
705 1511 864 1582 δῆθεν
889 1511 953 1564 ὲκ
983 1510 1081 1578 τῆς
1109 1511 1352 1581 φρουρᾶς
1385 1511 1601 1563 ἀνιᾶσιν
1633 1510 1956 1580 Ἡράκλειον
1980 1529 1994 1542 ·

416 1604 661 1675 προῖόντι
693 1603 750 1656 δὲ
778 1602 924 1673 αὐτῷ
952 1605 1010 1656 ὲν
1042 1601 1328 1673 Ἀρκαδίου
1352 1600 1504 1654 πόλει
1534 1602 1932 1673 προστρέχουσι
1952 1602 1997 1634 ⁸¹

415 1712 563 1758 τινες
618 1694 826 1760 Γότθοι,
875 1694 970 1748 καὶ
996 1693 1265 1764 βαδίζοντι
1294 1692 1372 1762 τῷ
1401 1692 1712 1763 Ἡρακλείῳ
1777 1709 1862 1757 τις
1932 1695 1998 1746 ὲκ

2094 512 2261 578 omni,
2298 525 2459 581 quam
2495 511 2726 564 habebat
2754 522 3022 580 quamque
3047 525 3112 564 ex
3139 510 3378 565 vestibus
3408 522 3460 566 et
3485 511 3668 579 supel-

2097 604 2272 658 lectile
2303 602 2512 672 publice
2538 618 2565 654 a
2591 618 2838 670 praecone
2877 602 3106 657 venditis
3133 602 3396 670 solvebat,
3428 603 3669 672 captivos

2095 709 2448 762 quoscunque
2476 694 2644 762 potuit
2673 693 2917 747 redemit.

2165 783 2219 836 ι.
2261 784 2407 837 Zeno
2447 784 2744 851 imperator
2793 798 2886 852 per
2921 782 3129 852 legatos
3160 798 3427 837 summum
3465 782 3670 838 Gotho-

2095 886 2214 926 rum
2263 872 2451 925 ducem
2503 873 2727 942 rogavit,
2783 881 2842 925 ut
2883 870 3186 926 Heracliam
3223 877 3436 937 ducem,
3473 874 3563 942 qui
3615 873 3670 927 in

2098 961 2330 1016 hostium
2365 970 2481 1015 erat
2511 971 2797 1031 potestate,
2838 963 3013 1015 soluto
3060 964 3440 1032 redemptionis
3474 965 3668 1032 pretio,

2103 1052 2383 1119 liberaret,
2417 1061 2471 1107 et
2512 1065 2608 1122 pro
2639 1054 3008 1122 redemptione
3035 1054 3300 1122 pollicitus
3328 1062 3410 1108 est
3433 1068 3490 1108 se
3519 1055 3674 1108 datu-

2097 1159 2218 1198 rum
2244 1151 2461 1198 centum
2508 1144 2731 1199 talenta.
2777 1143 2846 1196 Ea
2877 1144 3030 1197 Zeno
3081 1145 3329 1198 Heraclio
3359 1147 3674 1214 propinqui-

2100 1246 2212 1290 tate
2265 1233 2580 1303 coniunctos
2627 1234 2936 1303 persolvere
2969 1235 3152 1301 jussit,
3203 1235 3317 1305 88
3350 1252 3415 1290 ne
3451 1237 3516 1290 ab
3554 1237 3674 1291 aliis

2101 1330 2432 1396 redemptus,
2475 1327 2614 1382 servi
2649 1327 2764 1380 loco
2795 1327 3103 1381 haberetur.
3140 1325 3318 1382 Missa
3352 1339 3477 1381 sunt
3513 1327 3676 1397 igitur

2097 1428 2342 1495 pecuniae
2375 1425 2565 1480 Gothis
2610 1426 2662 1480 in
2707 1424 3015 1491 Thraciam,
3052 1441 3187 1495 quas
3236 1437 3582 1495 receperunt,
3621 1437 3677 1481 et

2101 1517 2406 1572 lleraclinm
2465 1533 2494 1572 e
2536 1518 2774 1572 custodia
2822 1518 3046 1571 liberum
3094 1518 3244 1572 abire
3295 1518 3559 1573 siverunt.
3617 1518 3676 1574 lu

2099 1608 2266 1673 hunc,
2317 1623 2438 1662 cum
2486 1609 2588 1662 iter
2635 1608 3017 1677 Arcadiopolin
3074 1609 3341 1671 tenderet,
3392 1611 3676 1666 incurrunt

2101 1702 2340 1758 nonnulli
2391 1701 2573 1766 Gothi,
2617 1715 2846 1771 quorum
2892 1717 3030 1755 unus
3079 1700 3381 1756 lleraclium
3450 1703 3676 1757 humero

419 1787 530 1840 τῶν
580 1787 799 1840 Γότθων
834 1785 925 1857 βίᾳ
969 1763 1060 1839 τὸν
1086 1779 1236 1856 ὦμον
1269 1785 1314 1817 ⁸¹
1353 1785 1569 1840 ἔπαισε.
1611 1785 1732 1839 Τῶν
1753 1785 1810 1839 δὲ
1863 1787 1993 1857 περὶ

2110 1794 2422 1848 vulneravit.
2473 1793 2834 1859 Quamobrem
2889 1792 3085 1862 aliquis
3140 1808 3206 1846 ex
3237 1791 3364 1858 'ltis,
3405 1793 3492 1860 qui
3550 1809 3674 1848 cum

417 1875 510 1928 τδν
550 1875 866 1946 Ἡράκλειόν
896 1891 981 1938 τις
1002 1870 1276 1944 ἐπέπληξε
1308 1873 1357 1907 ⁸⁸
1397 1874 1473 1945 τῷ
1498 1873 1702 1947 Γότθῳ,
1731 1876 1824 1929 καί
1853 1891 1990 1945 πως,

2110 1882 2351 1938 Heraclio
2377 1892 2553 1946 erant,
2585 1883 2638 1936 in
2678 1880 2914 1936 Gothum
2947 1883 3191 1938 invectus
3225 1899 3238 1938 :
3273 1901 3290 1934 ι
3325 1883 3388 1937 Ει
3421 1884 3548 1952 quid
3579 1883 3674 1938 tibi

420 1963 597 2020 εἶπενο
637 1984 656 2019 ι
681 1967 817 2020 Οῦτε
841 1967 1038 2019 σαυτὸν
1058 1963 1226 2031 οἶδας,
1252 1966 1526 2034 ἄνθρωπε,
1554 1965 1678 2020 οὔτε
1704 1968 1994 2035 γινώσκεις

2110 1977 2218 2032 ris?
2245 1978 2349 2044 ait;
2376 1977 2536 2032 satin‘
2574 1986 2625 2030 tu
2645 1985 2713 2030 'te
2746 1977 2919 2047 ipsum
2951 1977 3091 2031 nosti
3119 1985 3173 2032 et
3202 1993 3323 2032 eum
3370 1993 3527 2048 quem
3557 1978 3674 2031 vul-

423 2059 482 2111 ὃν
525 2057 779 2129 ἔπληξας.
820 2076 840 2110 ι
891 2058 951 2111 '0
1006 2058 1063 2110 δὲ
1123 2060 1266 2112 πάνυ
1304 2057 1594 2128 γινώσκειν
1649 2057 1752 2128 ἔφη
1783 2057 1873 2111 τὸν
1901 2059 1995 2112 ὑπ’

2110 2069 2343 2125 nerasti?
2383 2086 2402 2121 ι
2440 2067 2506 2122 At
2558 2067 2785 2134 Gothus,
2830 2070 2994 2136 probe
3036 2073 3106 2124 'se
3153 2083 3314 2124 nosse
3355 2083 3478 2121 eum
3518 2069 3676 2133 dixit,

427 2147 591 2202 αὐτοῦ
617 2150 848 2202 κάκιστα
879 2147 1248 2218 ἀπολούμενον
1277 2163 1293 2180 '
1351 2149 1446 2203 καὶ
1485 2151 1602 2219 ἅμα
1656 2149 1996 2220 σπασάμενοι

2110 2175 2258 2230 quem
2290 2161 2428 2215 male
2470 2161 2779 2230 perditurus
2811 2170 2971 2214 esset.
3003 2160 3070 2215 Et
3118 2159 3275 2214 simul
3321 2157 3481 2215 ϐοιὴί
3521 2175 3678 2214 enses

427 2241 455 2292 0
485 2238 584 2308 μέν
607 2255 690 2302 τις
723 2239 823 2311 τὴν
881 2238 1125 2310 κεφαλὴν
1183 2237 1276 2292 τοῦ
1323 2238 1668 2310 Ἡρακλείου,
1730 2242 1759 2293 0
1797 2240 1854 2294 δὲ
1901 2242 1998 2305 τὰς

2110 2255 2448 2323 stringenles,
2475 2266 2613 2306 unus
2642 2261 2822 2319 caput,
2851 2252 2987 2307 alter
3016 2265 3204 2306 manus
3234 2250 3482 2305 Heraclio
3502 2251 3681 2305 absci-

426 2333 612 2400 χεῖρας
639 2331 902 2401 ἀπέτεμε.
956 2330 1064 2385 Καί
1091 2347 1298 2400 φασιν,
1321 2332 1402 2384 ὅτι
1457 2332 1601 2388 κατά
1644 2333 1998 2388 ἀνταπόδοσιν

425 2422 627 2475 ἔπαθεν
676 2422 997 2495 Ἡράκλειος
1026 2439 1042 2455 ο
1123 2423 1341 2490 ἐλέγετο
1387 2424 1496 2495 γάρ
1550 2431 1701 2488 τινας
1756 2425 1865 2479 τῶν
1909 2426 1998 2495 ὑφ’

429 2514 580 2584 αύτῷ
609 2514 914 2569 τελούντων
946 2517 1316 2586 στρατιωτῶν,
1341 2516 1599 2584 δόξαντάς
1653 2535 1707 2572 τι
1748 2518 2002 2590 πλημμε-

427 2607 538 2662 λεῖν
571 2608 667 2660 οὐκ
692 2607 841 2673 ἄξιον
871 2608 1126 2673 Θανάτου,
1158 2608 1457 2680 εἰςβόθρον
1515 2609 1838 2665 καταϐαλὼν
1893 2613 2002 2666 πᾶν

427 2699 487 2754 τὸ
515 2698 828 2772 στράτευμα
861 2700 1172 2768 ἀναγκάσαι
1222 2701 1422 2765 αὐτοὺς
1483 2703 1838 2758 καταλεῦσαι.
1873 2704 2005 2757 Ἐκ-

427 2808 548 2844 τοτε
605 2788 698 2846 οῦν
739 2795 773 2864 ἡ
840 2791 933 2846 τοῦ
965 2793 1102 2847 Θεοῦ
1153 2793 1530 2865 ἀγανάκτησις
1580 2798 1661 2859 είς
1691 2796 1853 2851 αὑτὸν
1877 2798 2004 2868 ἐτη-

431 2885 596 2952 ρεῖτο.

502 2981 562 3026 ε’.
594 2973 716 3026 Ὅτι
761 2973 808 3005 ⁸⁸
835 2973 1056 3043 φεύγειν
1081 2991 1142 3028 τε
1170 2975 1276 3027 καὶν
1287 2973 1595 3030 πλανᾶσθαι
1619 2977 1713 3030 καὶ
1738 2976 2003 3048 μηδαμῶς

2102 2347 2198 2401 dit.
2250 2345 2315 2399 Et
2363 2345 2436 2398 illi
2473 2345 2688 2414 quidem
2734 2345 2904 2408 aiunt,
2943 2359 3028 2410 ea,
3069 2360 3188 2415 qua:
3247 2347 3554 2411 meruisset,
3595 2361 3680 2399 re-

2102 2452 2290 2508 pensa.
2329 2436 2525 2491 Fertur
2558 2437 2702 2491 enim
2750 2439 3036 2507 quosdam,
3069 2439 3161 2507 qui
3192 2437 3290 2492 sub
3321 2452 3384 2492 eo
3413 2435 3679 2505 stipendia

2104 2529 2399 2591 faciebant,
2449 2529 2744 2599 judicatos,
2794 2530 3009 2599 aliquod
3055 2529 3285 2595 facinus,
3339 2544 3444 2583 non
3500 2537 3679 2582 tamen

2104 2631 2279 2678 morte
2322 2622 2575 2692 dignum,
2607 2621 2982 2686 commisisse,
3031 2621 3085 2676 in
3140 2621 3350 2676 foveam
3408 2620 3679 2688 conjectos

2103 2714 2373 2783 lapidibus
2402 2713 2470 2767 ab
2499 2713 2646 2768 onmi
2676 2713 2912 2784 exercitu
2942 2713 3346 2783 obruijussisse
3367 2730 3382 2780 ;
3403 2729 3466 2766 ex
3496 2728 3560 2767 eo
3586 2713 3679 2767 Dei

2106 2803 2237 2858 iram
2267 2804 2320 2858 in
2359 2818 2480 2859 eum
2516 2811 2842 2857 commotam
2867 2802 3055 2870 fuisse,
3081 2803 3426 2858 observatum
3452 2813 3553 2857 est.

2184 2967 2237 3029 5.
2268 2973 2322 3028 lu
2358 2983 2616 3045 perpetua
2643 2973 2766 3044 iuga
2800 2972 2874 3028 fui
2911 2983 2964 3029 ct
2997 2975 3195 3039 erravi,
3235 2991 3408 3045 neque
3441 2991 3677 3046 unquam

427 3065 689 3118 δύνασθαι
740 3066 847 3118 τῶν
903 3066 1088 3119 κακῶν
1135 3066 1493 3132 ἀναπνεῦσαι,
1525 3068 1650 3139 παρ’
1675 3064 1756 3132 οἷς
1791 3086 1881 3140 μοι
1906 3068 2000 3124 τοῦ

2118 3078 2147 3118 a
2186 3063 2343 3119 malis
2373 3064 2646 3132 respirare
2674 3064 2802 3116 tuibi
2832 3064 3016 3117 datum
3049 3072 3153 3126 est,
3188 3080 3254 3118 ne
3293 3067 3505 3134 quidem
3536 3065 3679 3134 apud

431 3155 768 3224 πταίσματος
797 3156 1024 3225 ἤλπιζον
1068 3152 1211 3210 εἶναι
1260 3156 1612 3229 παραψυχήν.

505 3341 580 3401 ς’.
617 3335 740 3387 Ὅτι
771 3333 861 3388 τδν
894 3333 1130 3406 ἄρχοντα
1157 3335 1435 3402 Αἰγύπτου
1461 3335 1554 3388 ἐπὶ
1586 3331 1742 3404 μόλις
1781 3339 2003 3409 χρυσίου

434 3428 647 3500 λίτραις
690 3434 734 3481 ν’
781 3427 1221 3498 ἐκπεμπόμενον,
1278 3425 1468 3497 ὥσπερ
1511 3427 2002 3501 εὐδαιμονεστέρας

434 3522 728 3591 γενομένης
750 3520 784 3590 ἢ
807 3518 1064 3591 πρόσθεν,
1095 3518 1187 3571 ἐπὶ
1218 3518 1602 3583 πεντακοσίαις
1627 3519 1764 3590 ὁμοῦ
1795 3519 2008 3592 λίτραις

438 3609 776 3663 ἀπέστειλεν.

509 3699 574 3766 ζ’.
605 3703 728 3754 Ὀτι
757 3703 814 3754 ἐν
834 3698 911 3769 τῷ
946 3697 1098 3768 αύτῷ
1131 3698 1310 3769 χρόνῳ
1336 3698 1364 3751 0
1425 3699 1612 3770 Ζήνων
1667 3698 2007 3770 αἰσθόμενος,

435 3795 511 3859 ὡς
540 3795 608 3848 τὰ
643 3793 742 3864 μὲν
779 3793 1107 3863 Θευδερίχυυ
1146 3792 1238 3844 τοῦ
1285 3790 1473 3854 παιδὸς
1537 3791 1864 3862 Βαλαμήρου
1923 3792 2010 3846 ἀεὶ

436 3884 806 3951 ἀσθενέστερα
827 3880 921 3932 καὶ
947 3880 1205 3931 ἐλάττονα
1238 3878 1530 3945 γίγνοιντο,
1560 3879 1588 3930 0
1612 3878 1668 3931 δὲ
1699 3878 1792 3931 τοῦ
1836 3880 2012 3949 Τρια-

441 3976 556 4047 ρίου
603 3973 732 4043 έθνη
758 3989 818 4025 τε
871 3959 1211 4040 συναθροίζει
1251 3971 1344 4022 καὶ
1391 3969 1681 4039 συστρέφει
1730 3970 2008 4040 δυνάμεις,

444 4067 658 4135 ἐνόμισε
721 4063 926 4135 βέλτιον
989 4062 1082 4114 ἐπὶ
1124 4061 1366 4132 μετρίοις
1427 4060 1600 4130 αὐτῷ,
1655 4060 1706 4113 εί
1737 4060 2011 4130 συμϐῆναι

444 4158 705 4228 βούλοιτο,
777 4151 1078 4208 καταλῦσαι
1127 4152 1225 4224 τὴν
1276 4151 1496 4224 ἔχθραν.
1570 4151 1680 4204 Καὶ
1756 4154 2013 4224 πρέσϐεις

441 4246 766 4309 ἀποστείλας
799 4245 951 4313 ἠξίου
977 4244 1068 4296 τόν
1121 4258 1180 4296 τε
1229 4243 1344 4296 υίὺν
1390 4242 1725 4313 παραδοῦναι
1783 4244 2009 4315 ὅμηρον,

441 4339 516 4402 ῶς
568 4339 735 4392 πάλαι
766 4335 1146 4406 προύκαλεῖτο,
1202 4335 1296 4388 καὶ
1349 4335 1566 4405 ἰδιώτην
1622 4335 1749 4388 ὄντα
1793 4337 1851 4389 ἐν
1900 4338 2013 4398 τοῖς

2105 3170 2218 3218 eos,
2244 3155 2384 3226 apud
2425 3169 2558 3225 quos
2588 3154 2848 3208 malorum
2891 3170 2976 3210 me
3019 3156 3439 3212 consolationem
3478 3172 3670 3229 reper-
3735 3187 3738 3191 ~

2108 3255 2285 3300 turum
2313 3247 2620 3314 sperabam.

2176 3337 2229 3392 6.
2259 3337 2520 3392 Praefecto
2547 3335 2787 3407 Egypti,
2821 3336 2910 3404 qui
2941 3334 3028 3389 vix
3052 3339 3440 3408 quinquaginta
3473 3338 3586 3391 auri
3615 3337 3681 3392 li-

2105 3432 2232 3488 bras
2285 3429 2554 3485 conficere
2609 3429 2850 3492 solebat,
2906 3437 3162 3500 tanquam
3233 3430 3482 3486 uberiore
3537 3429 3678 3486 facta

2108 3520 2407 3592 provincia,
2439 3520 2763 3589 quingentas
2787 3519 2995 3574 tribuit.

2183 3700 2229 3755 7.
2274 3700 2356 3772 (C.
2389 3698 2457 3752 Α.
2485 3697 2548 3752 C.
2571 3697 2832 3761 4⁵17,ιηι1.
2858 3697 2943 3760 15,
2979 3697 3184 3752 Zenon.
3207 3698 3284 3770 4.)
3316 3697 3514 3754 Eodem
3548 3709 3683 3753 teut-

2113 3807 2240 3862 pore
2287 3805 2408 3845 cum
2475 3788 2622 3842 Zeno
2665 3788 2959 3854 imperator
3003 3789 3343 3856 przesentiret
3386 3787 3682 3843 Theoderi-

2111 3886 2291 3946 cbmn,
2345 3878 2600 3934 Valamiri
2651 3878 2845 3942 lilium,
2884 3877 3074 3946 opibus
3124 3887 3177 3931 et
3220 3879 3453 3946 potentia
3485 3879 3590 3933 labi
3627 3889 3681 3932 et

2113 3972 2305 4034 minui,
2333 3977 2524 4024 contra
2564 3967 2999 4023 Theudericbum
3046 3967 3238 4022 Triarii
3281 3970 3458 4023 varias
3493 3981 3679 4039 gentes

2113 4063 2216 4119 sibi
2257 4062 2550 4118 conciliare
2585 4071 2640 4116 et
2687 4061 2871 4128 copias
2898 4075 3024 4115 suas
3053 4061 3328 4130 colligere,
3368 4061 3682 4116 inimicitias

2112 4155 2279 4224 aequis
2326 4153 2750 4218 conditionibus,
2796 4153 2839 4208 si
2880 4153 3171 4208 convenire
3207 4152 3381 4218 vellet,
3411 4157 3682 4223 deponere

2113 4249 2310 4303 melius
2346 4262 2488 4315 esse,
2536 4247 2888 4300 existimavit.
2931 4246 3116 4316 Itaque
3161 4261 3256 4315 per
3285 4245 3682 4314 legatos,quos

2115 4324 2490 4407 misit,'petiit,
2515 4346 2566 4390 ttt
2604 4335 2794 4402 (illum,
2815 4336 2954 4404 quod
2973 4336 3082 4402 jam
3107 4336 3312 4405 pridem
3341 4341 3680 4405 poposcerat,

446 4428 638 4482 ἑαυτοῦ
685 4427 891 4497 μένειν,
923 4425 1089 4496 μηδὲν
1123 4424 1536 4494 ἐνοχλούμενον,
1592 4423 1782 4495 ὥσπερ
1838 4426 2004 4497 ᾔτησε

2114 4431 2354 4484 obsidem
2394 4429 2569 4493 daret,
2615 4438 2672 4482 ut
2715 4429 2978 4497 privatam
3021 4428 3186 4480 vitam
3235 4435 3439 4498 ageret,
3475 4436 3528 4482 et
3559 4427 3683 4482 siue

443 4521 588 4582 τότε,
619 4519 803 4572 λαϐεῖν
831 4533 890 4571 τε
952 4516 1050 4586 τὴν
1101 4516 1289 4570 ούσίαν
1352 4517 1555 4585 ὁπόσης
1613 4516 1885 4588 ἀφῄρητο,
1918 4519 2013 4570 καὶ⁹

443 4609 614 4664 τᾶλλα
640 4608 955 4680 ἡσυχάζειν,
1011 4608 1164 4661 οὐδὲν
1193 4606 1385 4677 ἔχοντα
1431 4608 1602 4660 κακὸν
1643 4608 1764 4661 οὐδὲ
1839 4609 2012 4679 ἑτέρῳ

445 4703 773 4772 παρέχοντα.
829 4701 886 4752 '0
923 4699 981 4751 δὲ
1031 4699 1388 4768 ἀπεκρίνατο,
1414 4700 1498 4752 ὅτι
1524 4698 1648 4752 οὔτε
1683 4700 1730 4732 ⁸⁸
1773 4700 1865 4753 τὸν
1898 4702 2013 4754 υίδν

446 4792 528 4845 ἔτι
554 4795 757 4862 ὅμηρον
775 4789 962 4855 δώσοι,
989 4788 1114 4842 ούτε
1142 4788 1404 4842 δύνασθαι
1443 4791 1523 4842 ἔτι
1568 4791 1634 4843 εκ
1697 4791 1865 4861 μόνης
1915 4793 2015 4863 τῆς

445 4885 632 4948 οὐσίας
665 4883 874 4954 ἰδιώτης
909 4883 1136 4951 διάγειν.
1195 4882 1341 4946 Ἕως
1406 4883 1504 4954 μὲν
1545 4883 1655 4954 γάρ
1708 4880 1777 4954 ἦν
1830 4885 2009 4955 μόνος,

451 4977 616 5046 μήπω
642 4973 768 5044 έθνη
832 4973 1070 5027 τοσαῦτα
1107 4974 1239 5042 περὶ
1285 4973 1450 5026 αὑτὸν
1507 4972 1668 5042 ἔχων,
1722 4975 1892 5046 μόνην
1946 4975 2013 5029 ἂν

446 5071 546 5138 τὴν
573 5068 760 5122 οὐσίαν
787 5065 990 5136 σφόδρα
1015 5067 1427 5137 συστελλομὲνῳ
1460 5065 1508 5098 ⁸⁸
1558 5068 1688 5130 ἴσως
1719 5067 1786 5120 ἂν
1841 5060 2014 5137 ἐπαρ-

447 5162 608 5216 κέσαι
639 5176 655 5190 ⁸
714 5160 810 5214 νῦν
840 5159 918 5222 δὲ,
947 5157 1176 5228 ἐπείπερ
1203 5157 1363 5212 αὑτὸν
1394 5160 1452 5221 ἐς
1491 5158 1739 5226 ἀνάγκην
1765 5158 1859 5212 τοῦ
1885 5159 2012 5230 έθνη

450 5253 698 5317 συλλέξαι
743 5251 1106 5320 κατέστησαν,
1135 5253 1200 5303 ὲκ
1227 5250 1326 5320 τῆς
1356 5252 1603 5321 ἀνάγκης
1649 5247 1787 5303 εἶναι
1816 5251 1848 5320 ἢ
1883 5252 2011 5322 τρέ-

450 5361 573 5412 φειν
602 5346 728 5406 τοὺς
759 5341 1014 5403 ἐλθόντας
1068 5341 1101 5412 ἢ
1157 5342 1254 5394 σὺν
1310 5342 1492 5403 αὐτοῖς
1556 5340 1834 5411 πολεμεῖν,
1910 5342 2014 5407 ἕως

449 5435 638 5491 παθὼν
660 5435 694 5506 ἢ
716 5434 920 5504 δράσας
948 5432 1006 5485 ἓν
1033 5431 1514 5504 ἀναμφισϐήτητον
1533 5432 1612 5503 τῷ
1645 5433 1811 5486 παντὶ
1842 5433 2015 5504 πέρας

2116 4529 2220 4582 ulla
2261 4525 2504 4580 molestia
2545 4523 2600 4577 in
2631 4538 2728 4577 sua
2769 4533 3030 4593 potestate
3073 4532 3351 4590 maneret;
3388 4534 3444 4577 ut
3477 4524 3679 4587 omnia,

2115 4634 2234 4688 quae
2270 4624 2542 4684 rapuerat,
2589 4614 2692 4668 sibi
2731 4614 2972 4677 haberet,
3013 4625 3263 4669 (telorum
3292 4614 3615 4682 quiesceret,
3652 4629 3681 4666 a

2115 4708 2331 4764 nemine
2363 4706 2498 4759 mala
2526 4719 2806 4773 passurus,
2846 4707 3043 4760 nemini
3078 4721 3292 4775 quoque
3333 4705 3583 4760 inferret.
3611 4705 3682 4758 At

2118 4797 2227 4861 ille,
2261 4809 2318 4850 se
2363 4808 2540 4864 neque
2582 4794 2746 4847 lilium
2778 4794 3020 4848 obsidem
3061 4797 3340 4858 daturum,
3381 4794 3681 4863 respondit,

2085 4901 2292 4956 'neque
2330 4885 2592 4954 privatam
2642 4884 2805 4937 vitam
2854 4891 3126 4951 agentem,
3161 4883 3292 4937 solis
3329 4884 3441 4937 suis
3486 4883 3681 4952 opibus

2121 4994 2276 5035 casus
2302 4992 2428 5032 suos
2457 4987 2780 5032 sustentare.
2809 4973 2942 5030 Cum
2981 4976 3124 5028 enim
3160 4975 3305 5030 solus
3340 4988 3508 5044 neque
3537 4983 3684 5028 tanta

2121 5069 2464 5126 multitudine
2493 5069 2884 5137 circumseptus
2915 5067 3096 5132 fuerit,
3126 5067 3264 5122 bona
3291 5065 3532 5136 quidem,
3562 5079 3685 5136 qua:

2123 5171 2249 5217 tunc
2280 5158 2612 5231 possidebat,
2637 5158 2682 5214 si
2710 5173 2770 5213 ea
2796 5158 3038 5229 diligenti
3071 5159 3279 5212 ratione
3307 5156 3684 5210 administras-

2121 5260 2224 5319 set,
2257 5252 2465 5320 privato
2500 5249 2730 5305 fortasse
2759 5249 3116 5305 sulfecissent.
3154 5247 3308 5303 Nunc
3345 5233 3598 5318 quoniam
3631 5245 3686 5298 in

2123 5359 2186 5399 ea
2217 5358 2275 5398 se
2310 5341 2632 5396 necessitate
2659 5340 3058 5406 constituerint,
3083 5347 3142 5392 ut
3173 5338 3369 5392 milites
3386 5335 3685 5404 colligeret,

2123 5448 2346 5490 necesse
2377 5446 2520 5500 esse,
2549 5441 2607 5487 ut
2631 5441 2724 5488 aut
2755 5440 2979 5500 omnes;b
2994 5430 3084 5502 qui
3113 5430 3178 5486 ad
3203 5443 3262 5485 se
3285 5428 3548 5494 venerint,
3577 5427 3689 5480 ale—

1703 5545 1942 5603 VAIHAB
1966 5547 2370 5605 LECTIONES.

520 5643 570 5675 ⁸·
589 5643 680 5712 τον
727 5635 879 5712 ὦμον
901 5639 1094 5693 ἔπαισε
1119 5639 1220 5712 l_l_.,
1239 5635 1544 5712 fetida)wa
1585 5637 1769 5712 έπεισε
1794 5640 1938 5712 vulg.

2049 5642 2096 5674 ⁸³
2125 5641 2398 5717 ἐπέπληξε
2431 5641 2525 5709 Η.,
2553 5617 2753 5717 ἔπληξε
2782 5643 2930 5717 vulg.

3040 5641 3085 5674 ⁸⁵
3117 5636 3222 5712 ὅτι]
3253 5639 3538 5710 συμῗαίνει
3592 5629 3686 5708 μοι

451 5714 578 5768 add.
603 5711 669 5766 Ν.
745 5708 791 5745 ⁸⁸
824 5710 946 5764 ούτε
971 5712 1094 5766 adi].
1127 5709 1246 5764 Val.
1326 5709 1374 5741 ⁸⁸
1405 5708 1816 5780 συστελλομένῳ
1846 5708 1992 5779 vaL,
2053 5708 2474 5784 συστελλόμενον
2505 5708 2648 5783 Vulg.
