4006 6214
344 348 457 413 776'

1347 339 1743 401 EXCERPTA
1783 338 1885 399 EX
1923 336 2232 397 MALCIIO
2272 337 2638 398 RHETORE

3501 334 3611 396 ’176

349 472 453 526 ret,
482 468 574 514 aut
614 474 718 513 una
744 472 865 513 cum
914 456 1048 525 ipsis
1096 434 1294 509 bellum
1324 462 1557 523 gereret,
1594 452 1720 506 dum
1762 452 1934 508 victus

2046 452 2323 516 ὲξοίσειεν.
2356 450 2541 504 Ταῦτα
2571 450 2648 513 ὡς
2695 446 3039 518 ἀπηγγέλθη,
3067 444 3245 510 ἔδοξεν
3274 446 3356 508 είς
3405 445 3611 515 ἀκριϐῆ

346 562 443 606 aut
498 551 672 605 victor
728 556 935 604 certum
975 546 1211 615 denique
1262 545 1339 598 rei
1382 545 1541 597 linem
1597 543 1920 611 imponeret.

352 640 476 693 llaec
523 638 610 691 ubi
660 636 904 689 nuntiata
956 645 1102 699 sunt,
1136 634 1347 688 censuit
1387 633 1684 702 imperator
1723 633 1922 687 bellum

348 729 492 783 omni
535 742 665 781 cura
698 736 755 781 et
792 726 1068 794 diligentia
1101 724 1492 796 apparandum.
1531 723 1714 793 ltaque
1741 740 1930 780 omnes

258 876 261 877 ν
348 818 606 886 legiones,
648 831 768 885 quae
796 825 955 870 erant
994 817 1140 869 circa
1180 815 1408 868 Pontum
1441 812 1554 883 89
1602 824 1657 869 et
1686 830 1821 883 quas
1864 816 1930 869 ad

341 905 531 958 Asiam
577 913 631 959 et
677 905 917 959 Orientis
959 914 1143 974 partes
1172 902 1486 967 collocarat,
1520 913 1723 969 quanta
1760 905 1932 972 potuit

344 996 623 1050 celeritate
656 995 923 1059 evocavit,
950 1004 1007 1047 et
1036 994 1269 1061 undique
1286 1000 1487 1061 praesto
1511 992 1613 1047 fuit
1632 1008 1739 1047 non
1764 1009 1928 1063 parva

346 1086 655 1142 multitudo.
710 1086 1179 1155 Comparabantur
1232 1099 1451 1150 currus,
1520 1085 1613 1155 qui
1674 1086 1933 1140 veherent

347 1180 624 1244 utensilia,
645 1188 697 1233 et
728 1180 888 1234 boves
916 1177 1233 1231 emebantur
1263 1184 1318 1230 et
1352 1176 1679 1231 frumentum
1708 1186 1761 1231 et
1786 1192 1931 1245 qua:-

2032 540 2539 605 κατασκευάζεσθαι
2576 540 2829 610 πόλεμον.
2859 537 2969 591 Καὶ
3001 537 3259 607 τάγματα
3289 536 3386 605 μὲν
3411 536 3607 597 πάντα,

2030 633 2134 687 ὅσα
2158 651 2218 687 τε
2252 634 2389 703 πρὸς
2412 633 2490 703 τῷ
2521 634 2705 702 Πόντῳ
2745 632 2838 684 καὶ
2887 629 3031 683 κατὰ
3088 629 3189 697 τὴν
3247 628 3454 690 Ἀσίαν,
3514 626 3613 679 καὶ

2032 726 2135 780 ὅσα
2161 728 2274 788 τοῖς
2308 724 2463 795 ἑῴοις
2494 724 2738 794 ὲνίδρυτο
2765 723 2978 793 μέρεσι,
3036 720 3177 775 κατὰ
3208 720 3372 787 τάχος
3400 718 3608 770 ἐκάλει.

2033 819 2145 871 Καὶ
2182 818 2364 887 παρῆν
2392 816 2730 885 πανταχόθεν
2758 815 2859 867 ούκ
2887 814 3068 881 ὀλίγον
3109 829 3160 864 τι
3199 810 3424 878 πλῆθος.
3462 810 3613 860 Κατ-

2034 908 2393 972 εσκευάζοντο
2418 908 2473 960 δὲ
2527 907 2734 976 ἄμαξαι
2774 905 3121 974 σκευοφόροι,
3175 904 3270 956 καλ⁵
3318 902 3437 970 βόες
3500 903 3607 952 ἐω-

2035 999 2245 1063 νοῦντο,
2279 1000 2375 1053 καὶ
2411 1000 2554 1063 σῖτός
2584 1017 2644 1053 τε
2668 1000 2762 1052 καὶ
2810 999 2910 1051 ὅσα
2956 997 3203 1067 χρήσιμα
3265 992 3614 1063 στρατοπέδῳ

2034 1090 2213 1144 πάντα
2242 1092 2453 1158 ἐγίνετο
2481 1091 2696 1161 ἕτοιμα,
2727 1089 2801 1153 ὡς
2835 1089 3000 1142 αὐτοῦ
3029 1104 3091 1156 γε
3120 1086 3403 1157 μέλλοντος
3433 1083 3612 1135 Ἰλλου

2034 1179 2256 1243 ἐξιέναι.

345 1283 580 1337 cumque
623 1268 929 1322 necessaria
963 1276 1120 1321 erant
1172 1264 1365 1319 alendo
1408 1266 1693 1332 exercitui,
1763 1280 1827 1320 ea
1895 1268 2077 1322 omnia
2113 1270 2580 1339 praeparabantur
2625 1269 2948 1339 diligenter,
3019 1268 3278 1339 quoniam
3332 1264 3459 1320 lllus
3496 1264 3613 1333 ipse

343 1364 487 1419 intra
516 1360 675 1414 breve
701 1370 908 1426 tempus
938 1362 1121 1427 copias
1155 1357 1444 1411 educturus
1474 1366 1611 1411 erat.

417 1452 472 1506 8.
506 1454 595 1521 (A.
630 1449 692 1504 Ο.
730 1450 857 1514 478,
888 1449 1005 1503 Ind.
1040 1449 1090 1513 Ι,
1123 1447 1325 1502 Zenon.
1360 1448 1437 1516 5.)
1470 1448 1603 1501 Cum
1639 1450 1931 1516 exercitus,

346 1542 667 1595 Martiniano
702 1541 837 1594 duce
868 1552 1071 1604 creato,
1100 1541 1150 1592 iu
1189 1554 1438 1607 magnam
1475 1536 1747 1593 licentiam
1794 1539 1933 1594 inci-

343 1634 536 1698 disset,
591 1632 735 1684 Zeno
779 1630 844 1684 ad
901 1630 1363 1696 Tbeudericbum,
1422 1629 1679 1684 Valamiri
1738 1630 1928 1696 lilium,

346 1722 534 1788 mittit,
561 1721 653 1790 qui
698 1720 961 1783 dicerent,
998 1734 1102 1774 non
1139 1718 1249 1787 jam
1284 1719 1514 1788 amplius
1548 1728 1797 1788 oportere
1830 1719 1932 1774 dif-

2108 1452 2178 1525 η’.
2216 1453 2339 1506 Ὅτι
2368 1452 2395 1504 6
2441 1450 2624 1519 Ζήνων
2692 1444 3061 1516 Μαρτινιανὸν
3125 1442 3529 1513 προϐαλόμενος
3558 1442 3609 1475 '7

2038 1544 2364 1617 στρατηγὸν,
2420 1542 2515 1595 καὶ.
2545 1539 2639 1592 τοῦ
2669 1536 2902 1608 στρατοῦ
2934 1538 2992 1599 ἐς
3039 1535 3270 1600 ἀταξίαν
3335 1533 3605 1598 ἐλθόντος,

2031 1638 2108 1701 ὡς
2157 1636 2326 1689 ταῦτα
2358 1633 2537 1695 καλῶς
2569 1632 2716 1701 ἔχειν
2746 1630 2943 1693 ἐδόκει,
2992 1627 3201 1697 πέμπει
3258 1626 3455 1695 ἄνδρας
3512 1626 3605 1677 a6-

2032 1729 2161 1782 τίκα
2186 1725 2338 1797 παρὰ
2370 1724 2461 1776 τὸν
2499 1722 2828 1792 Βαλαμήρου
2852 1720 3129 1787 λέγοντας,
3156 1719 3238 1771 ὅτι
3271 1721 3332 1770 ού
3356 1717 3437 1769 δεῖ
3488 1717 3611 1787 τρί-

343 1813 491 1868 ferre
524 1828 784 1883 pugnam,
829 1812 922 1867 sed
982 1820 1192 1879 tempus
1222 1827 1342 1866 esse
1378 1812 1572 1880 proelio
1618 1810 1927 1866 decertandi

2037 1820 2151 1873 ϐειν
2184 1818 2263 1871 ἔτι
2305 1817 2405 1887 τὴν
2453 1814 2657 1885 μάχην,
2706 1812 2821 1867 ἀλλ’
2865 1810 3026 1881 ἔργου
3088 1808 3183 1863 νῦν
3244 1808 3461 1879 ἔχεσθαι
3513 1809 3611 1862 καὶ

344 1914 402 1960 et
425 1906 904 1974 exspectationem,
932 1918 1096 1973 quam
1125 1904 1434 1967 excitasset,
1466 1918 1587 1957 cum
1634 1904 1790 1957 ducis
1819 1904 1929 1957 Ro-

350 2010 638 2051 manorum
669 1995 933 2065 dignitate
971 1996 1257 2047 decoratus
1298 2002 1462 2059 esset,
1515 1993 1787 2063 explendi.
1834 1993 1929 2049 His

346 2086 600 2156 cognitis,
650 2083 909 2139 Valamiri
961 2083 1103 2138 ﬁlius
1158 2083 1324 2137 mittit
1361 2097 1576 2153 quoque
1614 2083 1929 2153 Byzantium

346 2170 572 2246 legatus,
606 2176 695 2244 qui
724 2175 986 2239 dicerent,
1035 2174 1177 2228 illum
1210 2190 1318 2229 non
1362 2176 1509 2245 prius
1536 2175 1588 2230 id
1618 2178 1798 2246 operis
1833 2192 1929 2248 ag-

350 2281 689 2333 gressurum,
738 2280 915 2335 quam-
954 2265 1249 2335 imperator
1281 2274 1584 2321 etsenatus
1622 2266 1931 2335 iuramento

351 2359 511 2411 fidem
544 2358 837 2422 dedissent,
886 2372 1159 2426 nunquam
1193 2372 1250 2417 se
1292 2358 1344 2411 in
1398 2359 1626 2428 gratiam
1662 2360 1932 2416 redituros

354 2464 484 2504 cum
518 2447 923 2516 Tbeudericho,
956 2448 1152 2504 Triarii
1181 2448 1309 2504 ﬁlio.
1348 2450 1535 2520 itaque
1577 2463 1853 2507 senatores
1877 2460 1933 2507 et

350 2547 514 2601 duces
545 2552 887 2599 sacramenta
923 2544 1198 2607 dixerunt,
1235 2557 1508 2612 nunquam
1532 2557 1589 2597 se
1618 2542 1670 2596 in
1703 2544 1930 2612 gratiam

348 2650 475 2688 eum
511 2634 622 2697 illo,
656 2634 759 2688 nisi
808 2633 1103 2701 imperator
1136 2632 1385 2694 voluerit,
1414 2631 1700 2685 redituros.
1738 2631 1803 2684 Et
1829 2630 1931 2685 im-

349 2732 591 2793 perator,
643 2736 701 2775 se
750 2735 1025 2789 nunquam
1083 2735 1111 2772 a
1166 2719 1371 2773 findere
1415 2732 1779 2784 recessurum,
1829 2720 1932 2774 nisi

349 2814 502 2882 prius
548 2826 616 2866 ea
663 2812 779 2881 ipse
830 2820 975 2865 esset
1029 2821 1423 2880 transgressus.
1475 2808 1568 2863 llis
1610 2809 1935 2879 juramentis

350 2904 628 2973 przesutis,
679 2902 1117 2958 Theudericlium
1162 2916 1381 2956 movere
1408 2916 1529 2955 cum
1555 2901 1804 2957 omnibus
1844 2917 1936 2956 co-

349 2996 476 3065 piis,
522 3011 655 3064 qnas
698 2997 764 3050 ad
794 2994 1222 3064 MartianOpolim
1270 2995 1324 3049 in
1367 2994 1559 3049 castris
1607 2994 1857 3061 habebat,
1883 3002 1937 3050 et

350 3086 582 3142 ulterius
613 3087 861 3158 progredi
888 3086 1048 3156 jussit
1080 3103 1095 3139 :
1139 3087 1228 3142 ubi
1258 3087 1325 3141 ad
1364 3096 1547 3157 portas
1573 3086 1741 3143 Haemi
1778 3106 1935 3144 mon-

1955 1863 2004 1922 B

2033 1911 2272 1982 πληροῦν
2298 1907 2396 1970 τὰς
2430 1906 2669 1968 ἐλπίδας,
2701 1902 2785 1973 ἐφ’
2805 1899 2894 1966 αἷς
2914 1903 3013 1972 τῆς
3044 1900 3376 1971 στρατηγίας
3402 1899 3608 1967 ἠξιώθη

2043 2000 2355 2071 Ῥωμαίων.
2399 1999 2458 2052 ὐ
2490 1999 2546 2053 δὲ
2576 1996 2817 2058 ἀκούσας
2848 1995 3180 2063 ἀντιπέμπει
3212 1994 3305 2046 καὶ
3335 1992 3497 2053 αὐτὸς
3548 1994 3609 2054 ἐς

2032 2092 2326 2157 Βυζάντιον
2360 2087 2638 2161 πρέσϐεις,
2664 2086 2862 2154 λέγων,
2892 2084 2969 2141 ὼς
2998 2082 3061 2134 ού
3108 2081 3371 2150 πρότερον
3425 2080 3610 2147 ἐγχει-

2033 2186 2189 2258 ρήσοι
2211 2182 2289 2253 τῷ
2318 2181 2484 2253 ἔργῳ,
2518 2182 2565 2233 εί
2600 2178 2674 2249 μὴ
2703 2178 2797 2230 καὶ
2823 2178 2851 2230 6
2895 2173 3146 2246 βασιλεὺς
3172 2172 3266 2226 καὶ
3297 2172 3329 2241 ή
3367 2168 3609 2237 σύγκλη-

2032 2295 2126 2340 τος
2163 2275 2314 2346 αὐτῷ
2340 2272 2671 2343 ὲπομόσαιτο
2705 2271 2877 2333 πᾶσα,
2922 2266 2997 2329 ὡς
3045 2264 3298 2318 ούδέποτε
3338 2261 3429 2313 ὲπὶ
3454 2259 3499 2291 ⁸⁵
3529 2260 3611 2330 τῷ

2033 2367 2294 2438 Τριαρίου
2328 2363 2722 2434 συμϐήσονται.
2752 2361 2814 2414 Οί
2860 2358 2961 2429 μὲν
2994 2356 3087 2410 οὖν
3120 2355 3227 2410 ἀπὸ
3272 2353 3468 2424 βουλῆς
3511 2352 3609 2405 καὶ

2032 2461 2081 2515 οἱ
2112 2460 2370 2531 ἄρχοντες
2409 2456 2632 2526 ὤμοσαν
2666 2453 2740 2524 μὴ
2768 2451 3107 2523 συμϐαίνειν,
3141 2452 3191 2501 εί
3239 2446 3310 2519 μὴ
3352 2445 3610 2506 ϐασιλεὺς

2034 2551 2176 2605 Θέλοι
2198 2565 2213 2581 °
2248 2550 2409 2613 αὐτὸς
2442 2548 2499 2602 δὲ
2526 2549 2555 2600 6
2590 2545 2841 2617 βασιλεὺς
2869 2543 3034 2615 μηδὲν
3065 2539 3468 2610 ἀποστήσεσθαι
3498 2537 3608 2589 τῶν

2033 2642 2134 2715 ἤδη
2164 2641 2558 2710 συγκειμένων,
2593 2638 2745 2709 εἰμὴ
2801 2638 3017 2705 πρῶτον
3072 2635 3280 2693 ἐκεῖνον
3329 2631 3609 2703 παραϐαί-

2034 2752 2194 2789 νοντα
2245 2734 2365 2789 ῐδοι.
2421 2732 2638 2786 Τούτων
2666 2732 2722 2784 δὲ
2761 2730 3086 2801 ὀμοθέντων,
3139 2728 3303 2781 αὐτὸν
3336 2726 3435 2796 μὲν
3470 2726 3608 2777 Θευ-

2035 2827 2247 2896 δέριχον
2279 2824 2424 2889 ἔδοξε
2452 2824 2753 2893 κινήσαντα
2780 2821 2877 2891 τὴν
2910 2819 3075 2874 αὑτοῦ
3104 2818 3354 2889 δύναμιν,
3382 2820 3437 2869 ἐν
3456 2819 3615 2886 Μαρ-

2036 2916 2226 2971 κιανοῦ
2290 2916 2442 2969 πόλει
2492 2915 2590 2985 τὴν
2648 2930 2828 2967 πασαν
2889 2912 3200 2983 ἱδρυμένην,
3249 2911 3329 2973 είς
3386 2909 3446 2961 τὸ
3480 2908 3616 2961 εἴσω

2037 3011 2282 3066 ἐλαύνειν
2304 3027 2318 3041 ·
2360 3009 2581 3063 ἐπειδὰν
2606 3007 2662 3060 δὲ
2692 3007 2914 3076 γένηται
2949 3005 3085 3075 πρὸς
3106 3005 3225 3066 ταῖς
3285 3001 3480 3061 πύλαις
3516 2996 3614 3051 τοῦ

2037 3107 2235 3175 Αἴμου,
2270 3104 2392 3158 τότε
2427 3102 2517 3155 τὸν
2564 3100 2661 3169 τῆς
2704 3098 2925 3169 Θρᾴκης
2974 3094 3276 3165 στρατηγὸν
3331 3089 3616 3159 δισχιλίοις

352 3179 425 3233 tis
485 3180 840 3249 pervenisset,
894 3177 1141 3235 Thracia:
1192 3179 1504 3248 praefectum
1553 3196 1675 3235 cum
1732 3183 1934 3237 duobus

2042 3200 2267 3253 ἱππεῦσι
2297 3199 2390 3251 καὶ
2416 3194 2665 3256 ὁπλίταις
2719 3190 2932 3262 μυρίοις
2957 3186 3279 3242 ἀπαντῶντα
3309 3182 3576 3252 συμμίξαι
3594 3195 3613 3211 ο

350 3270 593 3341 equitqu
622 3271 857 3325 millibus
883 3280 936 3325 et
960 3272 1141 3325 decem
1173 3272 1407 3325 millibus
1435 3272 1615 3342 gravis
1648 3283 1937 3328 armatura“:

351 3375 412 3417 se
436 3362 947 3433 illiconjuncturum
975 3378 1128 3428 esse;
1159 3361 1397 3416 Haemum
1428 3373 1767 3433 transgresso
1804 3366 1937 3419 alias

352 3449 429 3505 illi
461 3454 648 3520 copias
686 3455 753 3505 ab
791 3452 969 3505 Hebro
1002 3451 1221 3505 flumine
1247 3461 1302 3505 et
1333 3452 1681 3521 Adrianopoli
1713 3455 1923 3508 obviam

354 3543 550 3607 iturOs,
580 3546 815 3611 peditum
842 3543 1053 3611 viginti,
1082 3544 1325 3611 equitum
1348 3558 1439 3597 sex
1467 3544 1935 3603 millia.Cmterum

355 3631 633 3686 Heracleae
658 3642 712 3687 et
734 3631 787 3686 iu
820 3631 944 3686 aliis
973 3632 1280 3687 civitatibus
1303 3642 1357 3687 et
1385 3632 1519 3688 locis
1547 3634 1767 3689 munitis
1792 3635 1936 3689 circa

355 3727 672 3799 Byaantium
699 3726 955 3782 dicebant
981 3742 1101 3783 esse
1129 3727 1265 3784 alias
1291 3730 1497 3798 copias,
1529 3731 1573 3785 si
1604 3746 1739 3800 opus
1773 3731 1933 3797 foret,

356 3817 431 3871 ita
465 3826 523 3871 ut
558 3816 699 3871 nulla
733 3832 811 3883 re,
838 3833 956 3885 quae
981 3818 1047 3872 ad
1075 3819 1282 3873 felicem
1320 3831 1573 3875 eventum
1610 3822 1934 3891 sperandum

356 3907 585 3972 faceret,
622 3907 1027 3963 destitueretur.
1052 3909 1177 3963 Haec
1201 3907 1345 3965 Zeno
1373 3913 1693 3981 promittens
1720 3914 1933 3983 legatis,

356 3997 541 4053 statim
596 4012 687 4052 eos
737 3999 964 4055 dimisit.
1008 3997 1193 4069 Itaque
1248 3992 1655 4058 Tlieudcrieltus
1714 4019 1937 4060 movens

358 4105 479 4145 cum
523 4105 622 4145 suo
652 4093 915 4159 exercitu,
959 4106 1016 4146 ut
1055 4105 1401 4160 convenerat,
1438 4097 1505 4150 ad
1536 4095 1721 4151 fauces
1766 4096 1935 4152 limini

359 4185 559 4237 montis
619 4184 787 4238 venit.
846 4184 978 4239 Cum
1037 4185 1166 4240 illuc
1224 4186 1561 4250 accessisset,
1613 4203 1786 4257 neque
1828 4190 1933 4243 dux

359 4270 604 4329 Thracia:
631 4274 823 4329 obvius
848 4274 970 4339 fuit,
998 4290 1170 4343 neque
1211 4277 1260 4329 lii
1302 4276 1392 4345 qui
1418 4280 1485 4330 ab
1515 4277 1693 4331 Hebro
1726 4279 1932 4332 venturi

360 4368 705 4421 dicebantur.
754 4364 963 4421 Interea
1025 4382 1353 4437 percurrens
1412 4368 1648 4433 deserta,
1704 4383 1823 4436 qua:
1878 4368 1934 4422 in

361 4461 539 4515 medio
586 4467 764 4525 erant,
804 4459 873 4513 ad
923 4458 1040 4512 loca
1084 4460 1231 4512 circa
1285 4458 1490 4512 Soudin
1538 4460 1803 4526 pervenit.
1843 4459 1937 4514 Est

359 4562 539 4607 autem
571 4549 767 4605 Sondis
798 4566 956 4605 mons
979 4550 1119 4604 altus
1150 4560 1205 4603 et
1234 4560 1557 4619 praeruptus,
1593 4552 1683 4619 qui
1714 4551 1934 4606 ascendi
1964 4529 2012 4587 Ῑ)

362 4641 584 4695 minime
619 4649 817 4708 potest,
850 4640 895 4692 si
925 4639 1049 4707 quis
1081 4640 1173 4704 sit,
1204 4640 1293 4707 qui
1321 4654 1387 4694 ex
1422 4640 1529 4695 alto
1560 4640 1835 4710 impediat.
1876 4642 1935 4696 lu

361 4746 429 4786 eo
477 4728 907 4795 Theudericbus,
958 4729 1155 4783 Triarii
1205 4730 1368 4795 filius,
1426 4741 1605 4785 castra
1659 4741 1934 4802 posuerat,

363 4821 545 4891 ibique
596 4819 809 4876 levibus
865 4821 1073 4890 prmliis
1128 4822 1272 4877 inter
1320 4837 1399 4887 se,
1452 4837 1571 4877 cum
1628 4824 1937 4893 pabulatum

363 4912 533 4980 ibant,
561 4913 994 4984 congredientes,
1036 4925 1302 4982 armenta,
1337 4929 1504 4983 equos
1534 4924 1587 4969 et
1615 4916 1774 4969 aliam
1804 4931 1959 4984 praem

365 5008 486 5062 dam
518 5017 706 5061 mutuo
730 5008 831 5061 sibi
863 5007 1185 5075 eripiebant.
1213 5008 1319 5061 Sed
1349 5005 1548 5062 Triarii
1575 5008 1717 5061 filius
1748 5010 1939 5061 crebro

363 5104 689 5172 obequitans
710 5104 857 5158 circa
881 5111 1060 5156 castra
1087 5101 1311 5158 alterius
1334 5104 1624 5165 exercitus,
1650 5117 1772 5157 eum
1803 5117 1939 5156 con-

366 5192 648 5248 tumeliose
688 5192 1085 5258 insectabatur,
1124 5202 1180 5247 et
1206 5194 1387 5261 ,multa
1432 5196 1678 5249 convicia
1720 5195 1771 5247 in
1812 5208 1933 5247 eum

358 5285 616 5357 iaciebat,
639 5285 916 5355 perjurum
938 5299 1063 5339 eum
1096 5298 1317 5348 vocans,
1350 5300 1594 5354 puerum,
1631 5285 1934 5339 dementem

367 5386 421 5432 et
450 5378 534 5434 sui
573 5377 790 5447 generis
821 5374 933 5447 90
961 5376 1169 5432 hostem
1213 5386 1268 5430 et
1316 5377 1672 5445 proditorem,
1698 5377 1788 5443 qui
1826 5374 1937 5429 Ro-

2041 3289 2341 3361 ύπερϐάντι
2370 3288 2425 3340 δὲ
2456 3280 2625 3354 Αἷμον
2648 3283 2815 3351 ἄλλην
2852 3276 3258 3349 ἀπαντήσεσθαι
3287 3275 3329 3306 ⁸⁸
3384 3274 3618 3341 δύναμιν

2041 3384 2175 3455 πρὸς
2204 3382 2282 3452 τῷ
2308 3379 2494 3448 Ἕϐρῳ
2526 3375 2625 3430 καὶ
2689 3373 2970 3444 Ἀδριανοῦ
3024 3371 3195 3434 πόλει,
3251 3366 3446 3430 πεζοὺς
3508 3364 3619 3455 ,μὲν

2039 3472 2381 3543 δισμυρίους,
2417 3464 2814 3534 ἑξακισχιλίους
2843 3463 2899 3514 δὲ
2939 3460 3077 3531 μετὰ
3129 3458 3334 3511 τούτων
3389 3454 3611 3511 ἱππέας.

2050 3564 2183 3617 Ἀπὸ
2215 3562 2272 3614 δὲ
2316 3557 2641 3629 Ἡρακλείας
2667 3556 2759 3609 καὶ
2788 3555 2897 3607 τῶν
2927 3554 3061 3623 πρὸς
3090 3548 3364 3614 Βυζαντίῳ
3402 3545 3617 3599 πόλεων

2038 3653 2134 3706 καὶ
2163 3651 2437 3720 φρουρίων
2462 3647 2625 3715 ἀλλην
2652 3646 2835 3711 ἔλεγον
2875 3639 3013 3697 εἶναι
3044 3641 3294 3710 δύναμιν,
3322 3640 3370 3690 εἰ
3402 3637 3614 3705 δεήσοι,

2038 3744 2179 3797 ὥστε
2210 3741 2374 3812 μηδὲν
2410 3738 2674 3793 ἐλλείπειν
2714 3738 2822 3790 τῶν
2844 3740 2899 3799 ὲς
2931 3735 3121 3789 ἐλπίδα
3151 3731 3391 3803 χρηστὴν
3418 3746 3619 3781 συντε-

2036 3832 2273 3885 λούντων
2302 3830 2379 3901 τῷ
2412 3830 2577 3901 ἔργῳ.
2607 3827 2792 3880 Ταῦτα
2838 3823 3206 3894 ὑποσχόμενος
3237 3823 3265 3873 6
3295 3821 3477 3889 Ζήνων
3498 3820 3620 3881 τοῖς

2038 3923 2300 3995 πρέσϐεσι
2331 3924 2470 3975 κατὰ
2499 3920 2660 3989 τάχος
2689 3918 2979 3988 ἐκπέμπει.
3021 3917 3193 3995 ’Δρ-ας
3223 3912 3281 3964 δὲ
3326 3912 3354 3963 6
3420 3909 3622 3962 Θευδέ-

2041 3989 2191 4087 ρίχος
2222 4014 2300 4086 τῷ
2340 4013 2504 4067 αὑτοῦ
2548 4011 2921 4080 στρατεύματι
2988 4008 3076 4079 ᾔει
3120 3989 3223 4060 ’ἐπὶ
3264 4004 3361 4066 τὰς
3412 4002 3613 4066 πύλας,

2036 4107 2286 4177 καθάπερ
2310 4106 2601 4159 συνέκειτο.
2648 4102 3019 4173 Ἐρχομένῳδὲ
3046 4097 3323 4170 αύτῷοῦτε
3345 4100 3374 4150 6
3418 4112 3619 4163 στρατ-

2038 4198 2167 4268 ηγὸς
2188 4198 2283 4266 τῆς
2301 4198 2519 4267 θρᾴκης
2532 4197 2762 4265 ἀπήντα,
2782 4193 2902 4245 οὔτε
2923 4194 2971 4244 οί
2990 4191 3123 4262 πρὸς
3135 4191 3211 4261 τῷ
3233 4188 3474 4258 Ἔϐρῳνο
3489 4187 3619 4240 67:6-

2041 4290 2313 4358 καθῆσθαι
2339 4289 2644 4359 λεγόμενοι,
2681 4286 2817 4340 ἀλλὰ
2843 4286 2909 4338 δι’
2941 4286 3176 4355 ἐρημίας
3208 4283 3251 4317 ⁹¹
3284 4282 3509 4336 διελθὼν
3544 4280 3618 4331 τὰ

2039 4380 2097 4431 ὲν
2131 4381 2277 4448 μέσῳ
2310 4379 2387 4440 είς
2410 4378 2536 4433 τοὺς
2552 4378 2679 4447 περὶ
2703 4375 2885 4429 Σονδὶν
2906 4376 2952 4408 ’³
2983 4374 3343 4443 παραγίνεται
3380 4370 3616 4440 χώρους.

2046 4472 2208 4539 Ὄρος
2233 4470 2289 4522 δέ
2316 4471 2431 4522 ἐστι
2454 4468 2613 4522 τοῦτο
2643 4468 2844 4538 ὑψηλόν
2874 4484 2933 4519 τε
2973 4468 3066 4519 καί
3107 4466 3247 4535 μέγα
3268 4464 3365 4517 καὶ
3409 4465 3619 4532 ἄπορον

2041 4562 2309 4626 ἐπελθεῖν,
2338 4564 2487 4625 εῐτις
2517 4562 2628 4615 ἄνω
2671 4560 2871 4613 κωλύει
2891 4576 2905 4590 ·
2946 4560 3004 4611 ὲν
3031 4552 3076 4625 ᾧ
3111 4555 3555 4628 στρατοπεδεύων
3588 4555 3621 4605 6

2040 4651 2299 4722 Τριαρίου
2347 4650 2390 4681 ⁸³
2425 4648 2708 4719 ἐτύγχανε.
2752 4647 3059 4702 Κάντεῧθεν
3098 4646 3534 4716 προσϐάλλοντες
3559 4644 3622 4709 ἐξ

2039 4743 2244 4811 ἐφόδων
2258 4741 2507 4813 ἀλλήλοις
2529 4741 2618 4793 ποί
2625 4741 2754 4809 μνιά
2768 4756 2827 4792 τε
2840 4741 2934 4792 καὶ
2958 4739 3157 4800 ἵππους
3179 4740 3272 4791 καὶ
3284 4737 3433 4789 λείαν
3451 4735 3621 4804 ἄλλην

2040 4833 2388 4904 ἀφήρπαζον.
2421 4831 2545 4884 Ὀδὲ
2558 4829 2652 4883 τοῦ
2673 4829 2935 4901 Τριαρίου
2964 4827 3205 4897 συνεχῶς
3226 4822 3621 4896 προσιππεύων

2043 4925 2139 4979 ἐπὶ
2174 4925 2235 4978 τὸ
2276 4922 2638 4995 στρατόπεδον
2669 4922 2729 4975 τὸ
2758 4920 2987 4985 ἐκείνου,
3031 4919 3220 4989 ὕϐριζε
3243 4917 3338 4970 καὶ
3374 4915 3622 4977 ὠνείδιζε

2041 5017 2290 5083 πλεῖστα,
2315 5015 2570 5086 ὲπίορκόν
2592 5030 2650 5066 τε
2675 5013 2855 5067 καλῶν
2877 5014 2972 5067 καὶ
2994 5011 3161 5064 παῖδα
3181 5011 3268 5063 καὶ
3292 5008 3503 5077 ἄφρονα
3524 5006 3624 5059 καὶ

2040 5106 2134 5160 τοῦ
2148 5107 2338 5174 γένους
2361 5104 2455 5158 τοῦ
2482 5102 2660 5158 κοινοῦ
2692 5103 2884 5174 ἐχθρόν
2898 5120 2956 5154 τε
2978 5101 3071 5154 καὶ
3086 5099 3366 5171 προδότην,
3394 5098 3542 5157 ὅστις
3560 5094 3623 5146 ού

2042 5198 2254 5269 συνίησι
2270 5198 2369 5267 τῆς
2386 5198 2609 5266 γνώμης
2631 5197 2730 5265 τῆς
2762 5188 3077 5264 Ῥωμαίων,⁴
3089 5190 3220 5262 μηδὲ
3242 5191 3342 5259 ὁρᾷ
3373 5187 3472 5256 τὴν
3496 5184 3629 5238 σκέ·

2043 5291 2136 5357 ψιν
2164 5290 2229 5355 ³³⁵,
2263 5290 2345 5342 ὃτι
2376 5289 2530 5341 αὐτοὶ
2566 5286 2845 5357 βούλονται
2879 5286 3180 5355 καθήμενοι
3202 5280 3381 5353 ἡσυχῆ
3420 5276 3626 5337 αὐτοὺς

2045 5397 2112 5431 πε
2123 5381 2174 5449 ρὶ
2192 5380 2413 5441 ἑαυτοὺς
2427 5396 2597 5433 κατατ
2607 5378 2759 5449 ρίψαι
2772 5378 2896 5440 τοὺς
2908 5377 3105 5429 Γότθου
3112 5393 3157 5438 ς.
3169 5394 3187 5426 ι
3201 5373 3503 5429 Κάκεῖνοι⁹⁸
3522 5370 3627 5441 μὲν

1648 5527 1879 5582 γΑιιικεΕ
1920 5526 2328 5584 ιΕοΤιΟΜΞδ.

440 5670 484 5704 ’τ
515 5674 950 5775 προϐαλλόμενος
971 5675 1120 5745 vulg.
1195 5674 1240 5706 ”
1269 5672 1349 5726 ἔτι
1376 5673 1522 5742 conj.
1551 5672 1635 5736 Β..

440 5738 466 5775 ΔΙ
588 5743 608 5773 I
637 5743 826 5775 νίκην...
858 5743 950 5775 ναι
1050 5746 1097 5775 I8
1132 5745 1389 5775 ’νιπιιηλρ
1424 5747 1545 5775 ι-ινιη

369 5738 487 5796 Val.
560 5738 608 5775 δ’
637 5738 826 5795 Σοῦκίν
858 5738 975 5801 Val.
1050 5738 1097 5780 ’ἶ
1132 5745 1389 5815 Τριάριος
1424 5738 1564 5815 vulg.

1712 5674 1755 5704 ⁸⁹
1790 5674 1934 5744 ἁπαν

2037 5672 2207 5744 ταρσοαι
2232 5672 2376 5743 vulg.
2453 5675 2497 5704 ’°
2536 5672 2718 5744 Ἕϐρῳ
2742 5670 2878 5734 ναι..
2912 5670 3059 5744 εὔρῳ
3086 5669 3229 5737 vulg.
3307 5666 3349 5699 "
3384 5660 3630 5737 ἠρεμίας

1641 5744 1687 5777 οδ
1714 5743 1903 5812 σκέψιν
1935 5760 2040 5813 mg.
2079 5743 2165 5808 ll.,
2202 5744 2324 5813 διξιν
2355 5744 2497 5813 vulg.
2575 5744 2619 5776 ³⁵
2652 5745 2871 5798 κάκεῖνο
2901 5743 3044 5811 vulg.
