2003 3107
173 152 227 184 777

562 152 610 182 DE
628 149 909 181 LEGATIONIBUS
927 148 1169 179 ROMANORUM
1188 148 1240 178 AD
1254 147 1414 178 GENTES.

1745 147 1798 181 77$

179 211 254 246 δίκην
267 208 375 236 ἀκονιτὶ
389 207 507 242 ἔχουσιν,
519 207 644 242 ὁπότεροι
668 207 799 242 πέσοιμεν
811 215 818 222 ⁵
845 206 923 241 ἡμῶν
937 206 959 222 ’⁸

1015 213 1157 233 manorum
1176 211 1293 233 mentem
1309 213 1360 232 non
1378 209 1480 237 nosset.
1495 212 1581 239 neque
1595 212 1648 239 quo
1664 205 1794 233 tenderet:

175 257 203 284 δὲ
217 256 343 290 ὁπότεροι
359 253 421 285 τοὺς
434 253 545 288 ἐτέρους
565 253 718 288 φθείρουσι,
733 252 782 288 τὴν
809 252 857 279 τοῦ
880 252 960 286 λόγου

176 299 315 336 Καδμείαν
329 300 351 316 ’⁷
368 299 554 334 ἀποφέρονται
565 299 655 333 νίκην,
682 298 810 329 ἐλάττους
835 297 962 332 λειπόμε-

174 354 217 374 νοι
233 345 303 381 πρὸς
327 345 376 380 τὴν
408 344 550 379 Ῥωμαίων
581 343 736 379 ἐπιϐουλήν.
761 343 818 370 Νῦν
846 342 911 376 γοῦν
931 342 962 368 σὲ

177 392 344 423 καλέσαντες
373 391 420 418 καὶ
454 390 686 425 ἐπαγγειλάμενοι
724 388 891 424 παρέσεσθαι
915 388 963 416 καὶ⁵

177 438 256 465 αὐτοὶ
266 437 289 453 ³⁸
307 437 354 464 καὶ
368 437 441 471 κοινῇ
463 435 666 469 συστρατεύειν,
683 435 745 462 οὔτε
759 434 877 462 ἐνταῦθα
891 434 962 469 πάρ-

184 493 264 516 εισιν,
295 483 356 510 οὔτε
370 483 416 509 ἐπὶ
430 482 479 514 τὰς
494 482 585 514 πόλεις
610 482 779 517 ἀπήντησαν,
805 480 843 512 ὡς
876 478 962 512 εἷπον,
979 492 981 495 ·

180 530 261 565 μόνον
278 529 306 556 δὲ
318 530 340 545 ’⁸
355 528 488 555 ἀπέλιπον
501 527 649 554 ἀπολέσθαι
666 527 782 554 κάκιστα
799 526 848 553 καὶ
862 526 912 561 τῆς
931 534 963 559 γε

178 574 346 610 θρασύτητος
358 572 450 599 δοῦναι
462 572 541 607 δίκην
554 572 631 604 ἀξίαν
654 568 676 606 ᾦ
699 571 855 606 προέδωκας
872 571 880 586 ¹
918 570 963 604 γέ-

178 628 228 647 νει.
248 628 258 645 ι
286 618 378 646 Ταῦτα
405 617 608 649 ἐπακούσαντες
648 617 742 644 πολλοὶ
772 617 818 644 τοῦ
841 618 851 633 ¹
880 616 963 644 αὑτοῦ

177 665 299 699 πλήθους
315 664 429 700 συνῇδον
454 665 509 695 τοῖς
524 663 625 697 λόγοις,
639 664 687 690 καὶ
707 664 745 699 τῷ
761 663 883 699 σφετέρῳ
913 663 963 689 αὐ-

176 710 231 737 τῶν
245 710 392 746 στρατηγῷ
406 710 563 746 προσιόντες
593 710 696 744 ελεγον,
708 709 746 741 ὡς
773 710 866 736 είκότα
892 709 964 735 ὀνει-

178 755 247 787 δίζοι
271 756 385 789 ἐκεῖνος,
406 757 452 782 καὶ
467 756 507 782 ὃτι
523 756 553 782 οὐ
565 757 698 791 προσήκει
725 754 882 791 φθείρεσθαι
915 763 965 781 πε-

178 800 307 836 ραιτέρω,
322 801 383 827 οὐδὲ
404 800 454 835 τῆς
467 801 628 835 συγγενείας
641 802 690 836 τῆς
707 802 798 836 κοινῆς
813 800 965 835 ἀμελοῦντα

176 848 232 878 τοῖς
259 846 388 881 προδοῦσι
404 846 559 881 προσέχειν.
583 847 622 882 Τῇ
660 846 689 872 δὲ
717 846 849 881 ὑστεραίᾳ
883 845 964 872 πάλιν

177 893 282 924 ἀναϐὰς
295 893 454 927 Θευδέριχος
474 893 520 919 ἐπί
531 901 591 919 τινα
601 892 720 927 γήλοφον
735 892 804 927 ὑπὲρ
821 891 868 918 τοῦ
880 899 963 926 στρα-
980 884 1001 912 Β

176 938 291 966 τοπέδου
306 938 352 965 τοῦ
366 938 478 965 ἐκείνων
494 938 558 964 ἐϐόα
573 945 581 954 '
605 947 614 964 ι
637 937 670 964 Τί
682 938 745 969 τοὺς
758 937 842 972 ἐμοὺς
859 945 959 971 συγγε-

176 986 243 1016 νεῖς,
274 981 298 1011 ὦ
326 983 450 1016 κάκιστε,
481 983 616 1016 ἀπόλλυς;
632 983 658 1010 τί
683 983 817 1015 τοσαύτας
831 984 964 1018 γυναῖκας

178 1030 310 1064 ἐποίησας
324 1029 476 1065 χηρεύειν;
504 1028 555 1055 ποῦ
576 1029 603 1055 δὲ
625 1029 650 1055 οι
674 1028 778 1055 τούτων
806 1029 922 1064 ἄνδρες;
946 1028 962 1063 ἢ

181 1075 239 1107 πῶς
256 1074 408 1107 ἐξαπόλωλε
426 1067 534 1101 πάντων
549 1074 565 1109 ή
582 1074 709 1109 εὐπορία,
731 1074 765 1110 ἢν
793 1073 900 1109 ἔχοντες
923 1073 963 1101 οἴ.

181 1121 259 1148 κοθεν
274 1120 503 1156 συνεστράτευσαν
523 1129 584 1153 σοι;
602 1120 650 1147 καὶ
668 1120 762 1147 σύνδυο
780 1119 826 1147 καὶ
841 1120 964 1155 σύντρεις

179 1167 294 1198 ἕκαστος
316 1166 415 1198 ἵππους
442 1166 522 1202 ἔχων,
547 1165 595 1193 νῦν
633 1166 746 1193 ἄνιπποι
775 1165 894 1201 χωροῦσι
917 1166 964 1192 καὶ

179 1211 267 1244 πεζοὶ,
285 1212 333 1238 καὶ
352 1211 395 1238 διὰ
408 1211 520 1247 Θρᾴκης
535 1212 629 1246 ὥσπερ
651 1212 680 1238 ἐν
702 1210 876 1245 ἀνδραπόδων
900 1210 964 1238 ἑπό-

180 1265 256 1293 μενοι
292 1257 399 1293 μερίδι’
429 1257 496 1284 ἀλλὰ
511 1257 538 1284 κ’
561 1256 697 1292 ἐλεύθεροί
711 1265 741 1283 τε
759 1257 806 1283 καὶ
823 1257 919 1291 γένους
932 1257 963 1285 οὐ

178 1303 309 1339 χείρονος,
326 1304 343 1339 ή
359 1303 480 1339 μεδίμνῳ
504 1302 616 1338 χρυσίου
648 1302 772 1335 ἐλθόντες
801 1304 962 1339 ἀπομετρή-

179 1357 271 1376 σονται
298 1349 330 1382 ³;
351 1357 360 1374 ι
399 1348 491 1375 Ταῦτα
515 1348 553 1380 ὡς
578 1348 715 1384 ἐπήκουσε
741 1348 772 1375 τὸ
784 1347 965 1384 στρατόπεδον

179 1395 265 1425 ᾶπαν,
281 1394 376 1430 ἄνδρες
394 1403 424 1420 τε
441 1394 488 1422 καὶ
505 1394 634 1429 γυναῖκες
649 1395 717 1430 ὁμοῦ
743 1394 845 1426 πάντες
857 1394 941 1430 ᾔεσαν
955 1395 965 1410 ⁵

179 1440 227 1468 ἐπὶ
249 1439 296 1467 τὸν
322 1439 483 1475 Θευδέριχον
501 1439 547 1465 τδν
576 1439 668 1467 αὐτῶν
684 1439 817 1474 ἡγεμόνα,
857 1440 964 1474 κραυγῇ

178 1494 210 1515 τε
223 1486 271 1512 καὶ
287 1485 395 1521 θορύϐῳ
409 1485 548 1518 ἀξιοῦντες
562 1485 737 1518 συμϐαίνειν·
754 1485 778 1513 εί
795 1484 823 1511 δὲ
840 1484 888 1520 μὴ,
902 1485 967 1511 ἀπο-

179 1531 282 1567 λείψειν
295 1531 376 1561 αὑτὸν
386 1531 490 1565 ἔφασαν
513 1530 622 1564 πάντες,
641 1532 669 1563 ές
682 1530 713 1558 τὸ
725 1530 863 1566 συμφέρον
879 1531 967 1566 χωρή·
980 1544 1003 1575 c

180 1586 286 1609 σαντες.
332 1576 464 1604 Ἐνταῦθα
494 1576 655 1603 ἀποστέλλει
694 1576 763 1612 πρὸς
804 1576 964 1612 Θευδέριχον

179 1623 320 1659 πρέσϐεις,
348 1623 395 1650 καὶ
432 1622 606 1658 συνέρχονται
631 1622 715 1657 ἄμφω
739 1621 815 1657 παρά
844 1622 965 1656 ποταμόν

178 1678 240 1697 τινα
252 1668 294 1704 ἐφ’
309 1668 443 1705 ἑκατέρας
455 1668 547 1703 ϐχθης.
569 1667 658 1695 Μέσον
673 1667 704 1693 δὲ
728 1666 907 1702 ποιησάμενοι
919 1666 966 1694 τὸν

179 1715 302 1749 ποταμὸν
313 1715 473 1749 διελέγοντο,
499 1713 545 1740 καὶ
581 1713 723 1740 ποιοῦνται
752 1712 901 1748 συνθήκας,
927 1712 965 1748 μὴ

179 1760 309 1795 πολεμεῖν
323 1760 449 1795 ἀλλήλοις
463 1759 511 1786 καὶ
526 1759 536 1777 ³
563 1759 614 1786 ὅσα
640 1759 743 1794 ἥγηντο
780 1758 963 1794 συμφέροντα.

180 1807 236 1834 Καὶ
254 1806 338 1836 ταῦτα
359 1806 507 1840 ὀμόσαντες
543 1804 698 1843 πέμπουσιν
725 1805 809 1841 ἄμφω
835 1804 965 1840 πρέσϐεις

181 1854 228 1879 ιπὶ
241 1852 272 1880 rb
286 1852 443 1884 Βυζάντιον.

1011 258 1105 278 eorum
1119 252 1242 285 consilia,
1266 252 1379 279 videret.
1406 261 1414 278 ι
1440 251 1545 279 Etenim
1571 251 1673 283 volunt,
1699 252 1795 287 inquit,

1013 297 1063 332 ipsi
1079 297 1158 326 otiosi
1173 297 1290 330 allicere,
1304 303 1332 324 ut
1342 296 1423 325 Gothi
1442 305 1488 332 per
1498 297 1602 324 Gothos
1612 297 1754 325 deleantur
1771 305 1798 327 et

1013 342 1200 374 conﬁciantur,
1217 350 1271 377 quo
1282 342 1341 369 sine
1361 341 1414 369 ullo
1434 341 1536 373 labore,
1557 341 1654 369 utrivis
1676 346 1799 369 nostrqu

1012 388 1171 420 ceciderint,
1192 388 1308 416 victores
1324 388 1466 415 exsistant.
1486 387 1655 423 Quicumque
1680 393 1800 418 nostrum

1013 433 1183 461 adversarios
1204 433 1400 468 oppresserint,
1423 432 1578 466 Cadmeam,
1599 441 1679 468 quam
1695 433 1800 465 dicunt,

1013 479 1156 507 victoriam
1180 480 1368 514 reportabunt,
1378 479 1427 514 ipsi
1444 480 1560 511 scilicet,
1572 480 1675 507 viribus
1688 480 1800 513 attritis,

1013 525 1197 552 Romanorum
1215 525 1323 552 insidiis
1337 525 1423 560 magis
1433 525 1553 552 obnoxii.
1567 525 1643 552 Nunc
1657 531 1800 560 postquam

1015 574 1040 597 te
1056 570 1232 601 advocarunt,
1256 574 1283 597 et
1300 577 1330 597 se
1350 571 1423 605 ipsos
1448 578 1556 606 quoque
1571 576 1701 599 venturos
1721 575 1759 604 et,
1774 576 1803 601 ut

1016 623 1076 642 cum
1099 620 1145 643 tuo
1157 616 1279 643 exercitu
1295 616 1466 650 coniunctos,
1481 616 1579 644 bellum
1598 621 1722 652 gesturos
1743 625 1803 644 esse

1003 661 1212 695 .promiserunt,
1231 667 1320 696 neque
1334 661 1478 696 quisquam
1494 662 1538 689 hic
1553 662 1648 693 adluit,
1666 669 1753 696 neque
1768 663 1801 689 ad

1016 706 1108 740 urbes,
1131 708 1211 735 sicuti
1227 707 1364 741 dixerant,
1387 711 1574 740 occurrerunt,
1602 714 1681 742 teque
1704 708 1802 742 solum,

1016 759 1045 780 ut
1059 754 1130 781 male
1151 754 1255 789 perires
1269 758 1296 782 et
1315 760 1411 789 poenas
1428 755 1588 782 temeritatis
1603 760 1653 782 tum
1668 755 1720 786 his,
1735 763 1803 790 quos

1015 799 1168 833 prodidisti,
1183 800 1272 833 dares,
1289 800 1468 835 reliquerunt.
1482 811 1492 827 ι
1508 801 1570 829 llazc
1585 802 1630 829 ubi
1647 802 1802 836 audierunt,

1016 845 1107 878 plures
1125 853 1157 874 ex
1176 846 1359 880 multitudine,
1374 854 1433 882 qua:
1448 855 1509 874 cum
1527 847 1714 875 Theudericho
1731 853 1801 881 erat,

1015 898 1058 923 ea,
1074 898 1135 926 qua:
1150 892 1222 919 dicta
1242 897 1330 925 erant,
1353 893 1512 927 probarunt,
1527 898 1554 920 et
1572 894 1702 921 adversus
1723 901 1801 921 suum

1014 937 1109 965 ducem
1129 937 1301 972 insurgentes
1316 938 1454 971 dixerunt,
1475 939 1572 967 merito
1588 940 1659 968 hunc
1680 940 1718 967 illi
1733 947 1800 967 con-

1013 983 1082 1010 vicia
1098 983 1199 1016 dicere.
1213 991 1263 1012 nec
1278 989 1404 1019 oportere
1422 985 1523 1012 diutius
1539 986 1564 1012 in
1577 990 1696 1013 mutuam
1710 987 1801 1021 perni-

1013 1030 1082 1057 ciem
1102 1035 1222 1058 armatos
1240 1038 1363 1066 pergere,
1381 1035 1408 1058 et
1430 1031 1502 1058 nulla
1517 1031 1608 1058 ltabita
1628 1032 1799 1066 cognationis

1015 1076 1129 1109 ratione,
1144 1084 1175 1104 se
1190 1077 1223 1104 ad
1238 1084 1332 1104 eorum
1350 1084 1472 1110 causam,
1491 1077 1536 1112 qui
1552 1077 1624 1111 ipsos
1643 1078 1799 1112 proderent,

1013 1122 1170 1157 adiungere.
1193 1121 1327 1150 Postridie
1350 1123 1448 1150 iterum
1472 1123 1623 1150 ascendens
1650 1123 1802 1151 Theuderi~

1015 1168 1081 1195 chus
1090 1167 1185 1196 collem
1199 1167 1318 1195 hostiunt
1330 1168 1427 1195 castris
1435 1168 1632 1202 imminentem,
1645 1169 1778 1196 clamabat
1792 1179 1799 1197 t

1017 1221 1027 1239 ι
1046 1213 1110 1246 Cur,
1130 1213 1255 1247 pessime,
1272 1220 1348 1241 meos
1368 1218 1497 1248 cognatos
1516 1214 1649 1249 perditum
1671 1214 1735 1241 isti?
1753 1222 1801 1241 cur

1017 1263 1056 1286 tot
1076 1259 1204 1286 mulieres
1218 1257 1458 1287 vlduas'eﬂ'ecisti‘l
1472 1260 1579 1287 ubinam
1597 1260 1716 1287 locorum
1735 1266 1796 1289 sunt

1015 1312 1110 1332 eorum
1136 1305 1207 1332 viri?
1231 1304 1367 1339 quomodo
1382 1310 1549 1340 consumptae
1566 1311 1629 1333 sunt
1646 1306 1797 1339 facultates,

1015 1357 1083 1385 quas
1104 1350 1267 1382 habuerunt,
1283 1358 1344 1378 cum
1359 1351 1438 1378 domo
1461 1351 1495 1379 ad
1515 1352 1682 1379 militandum
1701 1353 1751 1380 sub
1773 1357 1800 1381 te

1016 1395 1130 1431 profecti
1151 1396 1233 1424 sunt?
1258 1394 1451 1431 Unusquisque
1475 1403 1569 1425 eorum
1598 1397 1666 1425 duos
1680 1402 1727 1425 aut
1745 1403 1801 1428 tres

1016 1448 1101 1477 equos
1120 1442 1247 1474 habebat,
1267 1449 1341 1470 nunc
1357 1443 1435 1477 equis
1459 1443 1584 1471 destituti
1606 1443 1708 1477 pedites
1727 1444 1801 1472 ince«

1017 1488 1094 1521 dunt,
1112 1492 1139 1515 et
1156 1492 1183 1515 te
1200 1495 1249 1523 per
1264 1487 1409 1516 Thraciam
1433 1489 1629 1524 mancipiorum
1653 1491 1741 1518 instar
1760 1498 1803 1519 se-

1018 1537 1149 1568 quuntur,
1158 1533 1281 1567 quamvis
1290 1532 1369 1560 liberi
1383 1533 1437 1561 sint
1448 1541 1538 1569 neque
1550 1535 1683 1563 deteriore
1693 1543 1801 1571 genere,

1016 1588 1097 1615 quam
1112 1585 1158 1613 tu;
1179 1586 1207 1607 et
1222 1580 1355 1611 venerint,
1377 1584 1406 1607 ut
1428 1587 1524 1608 aurum
1543 1582 1633 1609 modio
1650 1582 1802 1609 admetian.

1017 1632 1071 1654 tur.
1090 1636 1100 1652 ι
1121 1626 1184 1654 Haec
1210 1626 1255 1653 ubi
1277 1629 1352 1652 totus
1372 1625 1510 1653 exercitus
1532 1626 1646 1659 audivit,
1665 1631 1719 1655 tam
1740 1628 1802 1662 viri,
1852 1652 1853 1655 η

1016 1679 1097 1708 quam
1114 1672 1250 1702 mulieres,
1269 1670 1501 1704 'l‘heuderichum,
1515 1671 1610 1699 ducem
1626 1679 1715 1705 suum,
1729 1673 1803 1700 adie-

1016 1721 1090 1750 runt,
1107 1720 1134 1744 et
1150 1724 1210 1743 cum
1228 1716 1343 1743 tumultu
1360 1721 1386 1743 et
1400 1715 1593 1745 vociferatione
1605 1722 1761 1751 oraverunt,
1774 1724 1804 1748 ut

1017 1762 1076 1797 paci
1096 1762 1233 1795 studeret;
1259 1762 1300 1790 sin
1327 1763 1425 1796 minus,
1449 1770 1478 1790 se
1502 1763 1573 1797 quod
1591 1763 1643 1791 sibi
1663 1764 1728 1792 utile
1750 1765 1805 1792 erit

1018 1809 1190 1843 atuplexuros
1212 1813 1240 1836 et
1266 1816 1328 1838 eum
1355 1809 1518 1837 deserturos.
1547 1809 1587 1838 0b
1614 1817 1675 1838 eam
1693 1818 1805 1839 causam

1019 1852 1104 1879 mittit
1122 1852 1155 1879 ad
1172 1850 1388 1882 Theuderichum
1406 1853 1519 1887 legatos,
1532 1859 1559 1881 et
1575 1855 1654 1884 ambo
1669 1862 1806 1883 convene-

180 1902 245 1935 runt
259 1899 291 1926 ad
307 1898 416 1927 ﬂuvium
433 1896 590 1932 quemdam,
606 1897 641 1926 ab
662 1900 778 1931 utraque
797 1895 866 1931 ripa.
901 1895 1002 1924 Deinde
1022 1895 1110 1923 medio
1132 1895 1273 1930 interjecto
1295 1895 1417 1930 ﬂumine,
1442 1897 1566 1924 collocuti
1593 1903 1724 1932 statuunt,
1750 1908 1803 1928 non

179 1944 295 1978 amplius
320 1944 418 1972 bellum
434 1951 464 1971 se
480 1947 616 1978 gesturos,
632 1946 658 1970 et
674 1941 804 1977 quidquid
825 1941 890 1968 ulilc
911 1941 962 1969 sibi
983 1941 1136 1969 videbatur.
1151 1939 1213 1969 [lac
1226 1940 1270 1968 ubi
1289 1946 1402 1976 uterque
1430 1941 1541 1977 juravit,
1560 1944 1671 1971 mittunt
1702 1944 1805 1981 legatos

178 1990 347 2025 Byzantium.

215 2036 248 2064 θ’.
262 2037 324 2064 ὀτι
341 2037 444 2072 Ζήνων,
467 2037 528 2065 ἐπεὶ
539 2036 644 2065 διέλυσε
667 2035 715 2071 τὴν
735 2034 874 2069 στρατιὰν,
896 2034 966 2070 πέμ-

1051 2033 1078 2062 0.
1100 2033 1143 2068 (Δ.
1156 2032 1187 2061 C.
1205 2032 1267 2065 479,
1287 2033 1345 2061 lnd.
1360 2033 1388 2064 2.
1408 2033 1510 2062 Zenon.
1527 2034 1567 2070 6.)
1580 2035 1662 2071 Zeno.
1682 2040 1802 2071 exercitu

180 2091 225 2109 πει
248 2083 317 2120 πρὸς
329 2083 500 2119 Θευδέριχον,
524 2082 574 2117 τὴν
597 2082 708 2118 εἰρήνην
737 2081 880 2108 συνθέσθαι
898 2080 966 2116 πρὸς

1018 2080 1100 2107 misso
1118 2079 1200 2113 facto,
1217 2080 1300 2107 mlttit
1316 2080 1350 2107 ad
1364 2079 1593 2114 Theuderichum,
1612 2088 1641 2110 ut
1655 2091 1748 2118 pacem
1762 2086 1802 2113 in<

179 2127 271 2160 αὑτὸν,
287 2128 360 2159 ὅπως
372 2128 420 2155 καὶ
433 2127 567 2155 δύναιντο.
586 2127 629 2155 Ἑν
656 2126 683 2153 δὲ
705 2126 792 2161 τούτῳ
814 2125 966 2161 συστρέψας

1018 2129 1060 2153 ter
1076 2133 1114 2159 se,
1130 2126 1265 2161 quomodo
1283 2130 1404 2161 possent,
1417 2125 1547 2155 facerent.
1565 2128 1637 2157 lnter
1649 2130 1706 2158 haec
1724 2131 1802 2160 Vala-

179 2174 230 2210 τὴν
245 2173 342 2200 ἑαυτοῦ
357 2173 472 2208 δύναμιν
500 2174 514 2200 ὁ
536 2173 601 2204 παῖς
616 2173 630 2199 ὁ
662 2172 825 2207 Βαλαμήρου
857 2171 905 2198 ἐπὶ
934 2171 966 2198 τὰ

1020 2171 1084 2198 miri
1113 2171 1201 2205 illius,
1231 2173 1378 2199 contractis
1407 2172 1491 2206 copiis
1518 2174 1575 2202 suis
1588 2174 1621 2202 ad
1646 2175 1800 2211 Rbodopent

181 2219 251 2254 πρὸς
271 2218 398 2253 Ῥοδόπην
413 2218 593 2254 παραγίνεται
610 2218 691 2254 μέρη,
711 2217 759 2245 καὶ
773 2217 969 2252 κατατεινάμε-

1019 2221 1137 2244 montem
1159 2217 1301 2251 processit,
1325 2221 1353 2245 et
1368 2217 1534 2245 fertilissima
1547 2227 1661 2255 quaeque
1680 2220 1803 2250 Thracia:

181 2252 227 2296 νος
240 2264 251 2280 ⁶
265 2264 299 2291 τὰ
313 2252 444 2293 κάλλιστα
456 2252 506 2299 τῆς
522 2252 616 2300 χώρας
633 2263 688 2291 τῶν
719 2264 834 2299 Θρᾳκῶν
846 2262 966 2296 ἅπαντα,

1020 2262 1078 2289 loca
1098 2266 1214 2295 vastans,
1237 2262 1327 2290 omnia
1344 2270 1441 2297 pecora
1459 2252 1565 2298 rapuit;
1583 2252 1717 2299 agricolas
1731 2267 1804 2302 agris

180 2310 229 2338 καὶ
248 2310 276 2338 εί
286 2319 314 2337 τι
331 2308 365 2346 ἦν
376 2310 501 2348 κτηνικὸν
514 2310 680 2345 ἀφαρπάζει.
703 2309 842 2344 Ἐξέτριψε
854 2309 883 2338 δὲ
894 2308 967 2337 ἅπαν

179 2356 211 2384 se
223 2356 316 2386 αὐτόθι
331 2356 479 2393 γεωργοῦν,
495 2357 608 2382 κτείνων
634 2364 662 2382 τε
685 2355 732 2382 καὶ
756 2355 929 2390 εἰσπράττων
943 2355 965 2386 ⁷,

180 2402 230 2430 ὅσα
275 2401 313 2438 μὴ
353 2402 445 2436 φέρειν
468 2400 608 2436 ἠδύναντο.
636 2399 796 2436 Θευδέριχος
827 2399 856 2427 δὲ
880 2399 966 2427 ταῦτα

180 2447 301 2479 ἀκούσας
314 2447 454 2482 γινόμενα,
481 2445 592 2480 ἥδεσθαι
617 2445 665 2481 μὲν
683 2444 795 2478 Ἔλεγεν,
820 2444 860 2471 ὅτι
891 2444 967 2477 φίλος

179 2493 272 2522 αὐτῶν
306 2493 353 2520 καὶ
384 2492 440 2524 υίὸς
472 2492 616 2527 λεγόμενος
647 2491 732 2519 ταῦτα
756 2491 854 2521 αὐτοὺς
880 2490 965 2527 δρῴη,

179 2538 311 2573 ἄχθεσθαι
345 2538 446 2573 μέντοι,
466 2538 508 2564 ὅτι
534 2538 584 2572 τῆς
603 2536 714 2564 ἐκείνων
740 2535 832 2567 ἀνοίας
856 2535 886 2562 ὲν
911 2536 968 2565 τοῖς

179 2585 313 2620 γεωργοῖς
338 2584 431 2619 βλέπει
452 2584 600 2619 γινομένην
627 2583 677 2617 τὴν
702 2582 791 2616 δίκην,
815 2578 852 2609 ὧν
883 2580 965 2608 οὒδὲ⁸

179 2630 365 2666 φθειρομένων
394 2629 504 2665 Ζήνωνά
535 2638 565 2663 τε
589 2629 606 2664 ἢ
635 2628 753 2663 Βηρίναν
768 2627 822 2655 οὐδ’
843 2627 966 2656 ὁπωσοῦν

1019 2307 1076 2334 suis
1092 2307 1207 2341 expulit,
1222 2307 1349 2335 occidens
1361 2312 1386 2335 et
1398 2307 1518 2343 exigens,
1536 2317 1596 2344 qua
1607 2315 1736 2345 praestare
1750 2319 1804 2342 non

1019 2358 1154 2387 poterant.
1167 2353 1229 2381 Haec
1249 2354 1293 2381 ubi
1310 2354 1381 2382 facta
1399 2354 1451 2392 οι
1470 2355 1673 2386 ’l‘heudericbus
1687 2359 1801 2393 audivit.

1018 2406 1048 2425 se
1059 2399 1166 2433 quidem
1178 2399 1262 2426 laetari
1279 2399 1356 2436 dix‘it,
1374 2407 1447 2433 eum,
1462 2401 1507 2436 qui
1526 2402 1631 2431 amicus
1642 2408 1669 2432 et
1685 2404 1756 2434 ﬁlius
1769 2406 1803 2435 ab

1018 2444 1052 2471 iis
1077 2444 1267 2478 appellaretur,
1293 2431 1354 2472 talia
1380 2446 1405 2472 in
1431 2431 1503 2480 ipsos
1518 2453 1689 2483 perpetrare;
1714 2455 1803 2481 tamen

1019 2489 1134 2518 moleste
1147 2489 1230 2522 ferre,
1245 2490 1315 2524 quod
1328 2490 1430 2519 videret
1442 2492 1574 2527 agricolas
1587 2494 1622 2521 ob
1636 2494 1740 2522 illorum
1755 2496 1804 2523 de-

1020 2535 1148 2563 mentiam
1173 2536 1252 2570 plecti
1275 2541 1302 2564 et
1321 2544 1416 2571 pmnas
1438 2538 1513 2570 dare,
1533 2547 1600 2573 quos
1622 2540 1647 2567 iit
1669 2548 1803 2568 summam

1018 2580 1199 2609 calamitatem
1216 2581 1300 2617 redigi
1319 2582 1385 2609 nihil
1400 2584 1499 2611 morari
1514 2583 1649 2613 Zenonem
1664 2590 1711 2613 aut
1728 2585 1805 2614 Veri-

1019 2634 1092 2655 nam.
1115 2626 1148 2654 Ut
1164 2634 1227 2654 vero
1245 2627 1325 2662 legati
1346 2635 1487 2662 venerunt,
1502 2637 1595 2664 pacem
1612 2630 1755 2662 fecerunt:
1774 2637 1804 2663 ut

818 2698 935 2727 VARle
955 2698 1154 2727 LECTIUNES.

216 2763 240 2781 ’⁸
251 2761 415 2797 ἡμίνᾲνιιιε.
456 2758 869 2797 "ﬁduciaeVal.,_xat't_sl;
898 2758 961 2797 μίαν
981 2757 1053 2797 vulg.
1134 2757 1211 2784 αὐτοὶ
1223 2757 1293 2797 Val...
1308 2758 1383 2797 αὐτῷ
1401 2759 1471 2797 vulg.
1510 2759 1532 2775 "
1553 2759 1581 2797 δὲ
1605 2759 1647 2791 8,,
1674 2769 1703 2788 τε
1730 2763 1802 2797 vulg,

183 2802 192 2819 ¹
208 2792 299 2839 ζτροὲδ-
313 2792 601 2839 ΥὲΙ-πξπροσέδιινωῧέ
639 2793 718 2839 ’,τῶι
735 2793 777 2839 By
793 2793 947 2839 τῶζινυιξβο
982 2794 994 2839 ξ
1020 2793 1043 2818 οἳ
1059 2792 1178 2839 μεδίμνῳ
1205 2793 1315 2834 χρυςίου
1340 2792 1395 2839 ξξθι.
1428 2792 1653 2839 ιξπεμετρήσαντο

182 2814 194 2852 ί
320 2814 601 2891 ἱνῖῗῖεὲἕιῖἶέἱιιξδέ
617 2814 809 2855 καὶ-ξιῖιενέσα
821 2814 886 2855 add:
908 2814 940 2854 If.

182 2868 255 2891 noni.
269 2867 298 2891 Β.
335 2867 346 2882 ³
360 2866 420 2891 οὐδὲ
435 2879 471 2885 -
484 2872 516 2891 γε
556 2885 565 2891 .
578 2863 653 2890 οὐδὲν
665 2878 699 2883 -
712 2863 740 2889 δὲ
755 2863 839 2891 vulg"
854 2861 904 2890 ὧδε
924 2878 940 2883 -

181 2866 255 2903 conj.
269 2867 298 2894 Β.
335 2867 346 2882 ³
360 2866 420 2892 οὐδὲ
435 2879 471 2885 -
484 2872 516 2898 γε

344 2913 480 2946 Ρλτιιοι..
502 2912 560 2944 Gn.
583 2910 692 2945 CXIII.

982 2829 992 2843 ⁸
1004 2827 1227 2869 κατασινάμενος
1242 2827 1314 2863 c'onj.
1344 2827 1401 2856 Val.
1438 2829 1448 2845 ⁷
1463 2827 1626 2864 σπαράττων
1638 2845 1673 2853 —-
1688 2827 1804 2869 ἡδῦνατὸ

578 2863 653 2890 οὐδὲν
665 2878 699 2883 ——
712 2863 740 2889 δὲ
755 2863 839 2898 vulg.,
854 2861 904 2890 ὧδε
924 2877 951 2883 ——
962 2871 990 2890 τε
1010 2862 1066 2893 Val.

1607 2912 1645 2945 25
