4006 6214
315 292 419 359 781

1121 296 1218 357 DE
1254 296 1828 361 LEGATIONIBUS
1868 301 2222 366 GENTIUM
2265 307 2366 367 AD
2405 308 2766 370 ROMANOS

3478 311 3584 373 78?.

312 409 587 479 πολέμους
634 409 924 479 Ῥωμαίων
967 411 1065 481 μὲν
1100 411 1300 477 οὐδενὶ,
1339 417 1445 477 τοῖς
1486 415 1542 467 δὲ
1580 416 1666 469 ἀεὶ
1699 418 1756 469 ὲν
1799 434 1896 470 πο-

2002 418 2052 471 iu
2090 419 2322 473 vicinam
2365 420 2547 474 Persis
2584 421 2838 475 Arabiam
2877 420 3145 492 migravit.
3206 422 3341 477 llinc
3385 439 3582 480 excur—

310 502 398 557 σὶν
428 501 845 572 εὑρισκομένοις
882 502 1241 573 Σαρακηνοῖς.
1302 504 1422 573 Ἀφ’
1456 508 1499 538 ¹⁶
1543 500 1621 559 ὦν
1653 508 1746 560 καὶ
1794 509 1893 577 τὴν

309 593 545 663 δύναμιν
569 592 752 659 αὔξων
790 594 983 664 προῄει
1011 595 1153 647 κατά
1200 598 1417 667 μικρόν.
1446 600 1621 652 ’Μίαν
1670 600 1729 652 δὲ
1786 602 1895 653 τῶν

323 684 615 757 Ῥωμαίων
649 687 1049 757 παρεσπάσατο
1082 687 1246 756 νῆσον
1277 687 1542 761 Ἰωτάϐην
1564 690 1755 761 ὄνομα,
1800 692 1895 745 καὶ

312 777 441 840 τοὺς
475 776 871 846 δεκατηλόγους
928 777 1175 831 ἐκϐαλὼν
1220 780 1326 832 τῶν
1384 781 1673 851 Ῥωμαίων
1732 783 1895 847 αὐτὸς

311 867 439 935 ἔσχε
477 867 576 936 τὴν
607 867 787 937 νῆσον,
820 869 914 920 καὶ
936 866 1004 920 τὰ
1031 869 1160 939 τέλη
1189 870 1395 941 ταύτης
1442 872 1734 941 λαμϐάνων
1761 891 1894 944 χρη-

319 957 510 1026 μάτων
540 958 968 1028 εύπόρησενεούκ
1018 961 1216 1027 ὀλίγων
1265 962 1538 1020 ἐντεῦθεν.
1585 965 1694 1018 Καὶ
1731 965 1894 1028 ἄλλας

318 1049 429 1099 δὲὸ
498 1048 659 1111 αὐτὸς
721 1050 1052 1121 Ἀμόρκεσος
1106 1053 1215 1104 τῶν
1264 1052 1493 1123 πλησίον
1558 1055 1894 1124 ἀφελόμενος

317 1139 542 1208 κωμῶν,
570 1139 836 1209 ἐπεθύμει
907 1142 1201 1211 Ῥωμαίοις
1252 1144 1587 1207 ὑπόσπονδος
1640 1145 1892 1212 γενέσθαι

319 1232 412 1282 καὶ
455 1230 728 1301 φύλαρχος
745 1235 853 1285 τῶν
880 1233 1023 1286 κατά
1055 1234 1095 1263 ¹¹
1150 1236 1421 1306 Πετραίαν
1452 1237 1558 1289 ὑπὸ
1602 1237 1893 1307 Ῥωμαίοις

316 1323 483 1374 ὄντων
508 1324 862 1393 Σαρακηνῶν.
910 1326 1126 1396 Πέμπει
1155 1324 1247 1381 οὖν
1286 1330 1423 1399 πρὸς
1447 1330 1650 1383 Λέοντα
1675 1331 1765 1383 τὸν
1794 1331 1893 1399 βα-

315 1412 467 1464 σιλέα
510 1415 796 1484 Ῥωμαίων
825 1417 1032 1487 Πέτρον
1072 1419 1374 1472 ἐπίσκοπον
1426 1424 1526 1491 τῆς
1586 1424 1758 1492 φυλῆς
1793 1424 1894 1488 τῆς

315 1503 531 1569 ἑαυτοῦ,
566 1506 620 1557 εί
643 1525 757 1570 πως
788 1507 1004 1561 δύναιτο
1031 1509 1204 1563 ταῦτα
1255 1513 1451 1575 πείσας
1488 1514 1616 1566 ποτὲ
1656 1515 1893 1583 διαπρά-

315 1591 531 1656 ξασθαι.
599 1596 687 1660 Ὠς
724 1598 769 1651 δ’
810 1600 1037 1667 ἀφίκετο
1077 1602 1169 1655 καὶ
1226 1602 1469 1675 διελέχθη
1516 1604 1594 1675 τῷ
1655 1605 1890 1675 βασιλεῖ,

1998 523 2142 574 rens,
2177 511 2393 577 rapinas
2421 522 2473 565 et
2501 527 2693 566 cratera
2728 513 2941 569 hostilia
2973 516 3261 569 exercebat
3292 515 3344 568 in
3378 515 3583 571 Itoma-

1998 615 2189 655 norum
2238 602 2349 671 92
2395 605 2611 671 quidem
2669 609 2962 672 neminem,
3015 607 3109 661 sed
3159 606 3211 659 in
3260 607 3584 671 Saracenos,

2000 708 2137 760 quos
2170 696 2375 764 passim
2412 705 2539 749 ante
2563 698 2725 763 pedes
2751 711 2878 751 suos
2900 697 3227 754 offendebat.
3265 698 3357 752 Sic
3389 708 3585 768 poten-

2000 783 2129 835 tiatn
2180 799 2332 837 suam
2382 800 2605 854 augens,
2657 788 2913 855 paulatim
2964 790 3156 856 crevit,
3200 801 3254 845 et
3303 806 3467 846 unam
3518 807 3583 847 ex

1998 871 2211 938 insulis,
2244 890 2362 943 qua:
2391 874 2654 930 Romanis
2688 879 2971 946 parebant,
3012 880 3119 934 sibi
3168 881 3398 949 subjecit
3428 881 3583 937 Jota-

1997 963 2116 1015 bem
2150 966 2386 1027 nomine,
2419 982 2543 1032 qua,
2576 969 2816 1036 expulsis
2848 970 3179 1025 decimarum
3213 975 3582 1040 exactoribus,

1996 1055 2201 1122 potitus
2234 1066 2337 1111 est.
2382 1056 2567 1126 Itaque
2603 1060 2803 1113 triltuta
2840 1060 3117 1131 colligens,
3156 1079 3280 1118 eum
3314 1067 3482 1133 etiam
3514 1080 3582 1121 ex

1996 1144 2259 1213 proximis
2293 1149 2426 1201 vicis
2476 1150 2675 1202 multas
2728 1152 2936 1218 praedas
2967 1155 3186 1221 egisset,
3218 1172 3321 1209 non
3362 1172 3581 1225 parvam

1996 1236 2348 1304 pecuniarum
2381 1254 2647 1292 summam
2679 1240 2779 1293 sibi
2810 1243 3041 1308 paravit.
3074 1242 3278 1299 Deinde
3313 1248 3584 1301 Romano-

1998 1343 2115 1380 rum
2156 1331 2564 1384 coul'mdcratns
2596 1340 2648 1385 et
2688 1332 3111 1399 Saracenorum,
3161 1338 3250 1403 qui
3290 1338 3341 1390 in
3383 1339 3583 1393 Arabia

1997 1420 2205 1475 Petra‘a
2237 1423 2338 1476 sub
2369 1422 2629 1479 Romanis
2658 1426 2881 1496 degunt,
2913 1427 3167 1496 princeps
3198 1444 3317 1483 esse
3356 1445 3583 1496 magno—

1995 1528 2123 1581 pere
2165 1516 2442 1583 CUpieltat.
2491 1517 2855 1582 Quamobrem
2905 1523 2969 1574 ad
3023 1521 3255 1595 Leonem
3295 1524 3587 1593 imperato-

2000 1621 2110 1659 rem
2149 1608 2314 1665 mittit
2350 1607 2590 1675 Petrum,
2628 1612 2744 1676 ejus
2791 1614 2967 1680 gentis
3007 1616 3342 1685 episcopum,
3378 1619 3490 1686 qui,
3538 1618 3581 1671 si

312 1687 531 1756 δέχεται
555 1691 682 1753 τοὺς
706 1691 897 1759 λόγους
930 1696 958 1746 ὁ
1019 1694 1290 1763 βασιλεὺς,
1353 1698 1446 1748 καὶ
1502 1697 1894 1769 μετάπεμπτον

2002 1712 2100 1764 qua
2140 1698 2350 1753 ratione
2387 1710 2590 1769 posset,
2629 1702 2697 1755 ab
2730 1703 3057 1770 imperatore
3091 1707 3204 1759 haec
3245 1708 3583 1776 impetraret.

312 1780 476 1843 εὐθὺς
525 1785 756 1836 ποιεῖται
780 1785 871 1838 τὸν
914 1787 1242 1858 ’Λμόρκεσον
1293 1789 1469 1843 ἐλθεῖν
1516 1790 1654 1860 πρὸς
1705 1792 1889 1855 αὑτὸν,

2002 1787 2070 1842 Ut
2094 1792 2258 1853 venit,
2295 1799 2350 1843 et
2381 1806 2501 1869 cum
2538 1793 2865 1860 imperatore
2900 1798 3063 1850 verba
3113 1798 3258 1862 fecit,
3301 1814 3582 1855 sermones

314 1871 651 1927 ἀϐουλότατα
684 1875 843 1930 τοῦτο
901 1878 1328 1950 διανοησάμενος
1362 1882 1457 1933 καὶ
1513 1886 1768 1952 ποιήσας.
1832 1883 1893 1935 Et

314 1963 423 2034 γὰρ
450 1966 515 2037 δὴ
554 1969 653 2046 καὶ.
678 1969 953 2040 φύλαρχον
1010 1975 1388 2044 χειροτονῆσαι
1438 1975 1738 2046 προῄρητο,
1785 1976 1895 2029 ἔδει

318 2061 600 2131 πόρρωθεν
626 2044 736 2115 ὄντι
772 2062 848 2132 τῷ
901 2063 1219 2135 Ἀμορκέσῳ
1247 2065 1404 2119 τοῦτο
1438 2044 1758 2137 προστάξαι,
1791 2067 1895 2132 ἕως

323 2157 418 2206 καὶ
449 2154 517 2206 τὰ
549 2155 836 2224 Ῥωμαίων
857 2156 1078 2225 ἐνόμιζε
1102 2157 1332 2228 φοϐερὰ,
1363 2159 1455 2211 καὶ
1498 2162 1610 2222 τοῖς
1635 2160 1894 2231 ἄρχουσιν

320 2245 409 2296 ἀεὶ
451 2247 563 2309 τοῖς
606 2246 824 2316 τυχοῦσι
884 2247 1171 2318 Ῥωμαίων
1226 2251 1451 2319 ἔμελλεν
1490 2253 1644 2323 ἣκειν
1692 2254 1896 2307 ὑποπε-

320 2336 545 2407 πτηχὼς
566 2376 582 2403 ,
626 2338 718 2391 καὶ
745 2339 842 2410 τήν
883 2355 944 2408 γε
974 2343 1345 2412 προσηγορίαν
1393 2342 1652 2413 βασιλέως
1683 2345 1896 2397 ἁκούων

322 2429 511 2499 αὐτήν.
549 2429 661 2483 Καὶ
684 2430 791 2499 γὰρ
823 2432 912 2485 διὰ
945 2434 985 2465 ¹⁸
1034 2434 1230 2486 πολλοῦ
1263 2436 1511 2506 κρεῖττόν
1542 2454 1595 2490 τι
1634 2438 1741 2491 τῶν
1801 2440 1896 2491 ἀν-

318 2520 549 2591 θρώπων
573 2519 715 2577 εἶναι
760 2525 869 2578 τῶν
902 2525 1078 2580 ἄλλων
1108 2527 1347 2598 ἐνόμιζε.
1382 2529 1495 2582 Νῦν
1561 2530 1618 2583 δὲ
1676 2530 1894 2601 πρῶτον

323 2613 420 2682 μὲν
450 2615 611 2667 αὑτὸν
635 2615 724 2669 διὰ
777 2617 984 2670 πόλεων
1033 2613 1190 2689 ἦγεν,
1251 2619 1321 2683 ἃς
1381 2620 1607 2690 ἔμελλεν
1666 2623 1894 2692 ὄψεσθαι

320 2708 531 2778 τρυφῆς
567 2710 727 2778 μόνον
754 2711 1058 2781 γεμούσας,
1108 2712 1293 2775 ὅπλοις
1330 2713 1387 2767 δὲ
1442 2714 1503 2767 ού
1559 2717 1844 2786 χρωμένας
1877 2734 1892 2749 ο

321 2795 509 2850 ἔπειτα
535 2798 611 2863 δὲ,
658 2800 735 2863 ὡς
772 2801 1006 2871 ἀνῆλθεν
1030 2804 1083 2865 ές
1117 2802 1430 2867 Βυζάντιον,
1485 2805 1699 2875 δέχεται
1747 2808 1895 2878 παρά

320 2888 413 2940 τοῦ
454 2887 715 2957 βασιλέως
749 2895 1020 2962 ἀσμένως,
1046 2895 1142 2948 xci.
1178 2897 1457 2967 τραπέζης
1490 2900 1747 2953 κοινωνὸν
1795 2902 1894 2969 βα-

323 2979 532 3051 σιλικῆς
611 2984 924 3056 ἐποιήσατο,
978 2990 1073 3041 καὶ
1137 2989 1178 3020 ¹⁹
1250 2988 1447 3060 βουλῆς
1530 2978 1895 3063 προκειμένης

326 3073 465 3139 μετά
516 3072 616 3143 τῆς
656 3076 950 3146 γερουσίας
978 3084 1350 3151 συμπαρεῖναι
1380 3084 1573 3135 ἐποίει.
1608 3084 1716 3135 Καὶ
1751 3085 1810 3135 τό
1832 3101 1893 3152 γε

321 3161 385 3231 δὴ
410 3164 686 3233 αἴσχιστον
714 3166 914 3231 ὄνειδος
953 3169 1063 3222 τῶν
1120 3172 1427 3241 Ῥωμαίων,
1494 3175 1577 3227 ὃτι
1625 3176 1894 3245 καθέδραν

321 3254 468 3324 αὐτῷ
521 3255 1179 3332 τὴνκπρωτοπατρικίων
1252 3264 1585 3336 ἀποδοθῆναι
1637 3266 1893 3320 ἐκέλευσε

324 3348 796 3418 σῃματισάμενος
828 3353 855 3404 ὁ
884 3352 1158 3421 βασιλεὺς,
1194 3356 1275 3408 ὅτι
1314 3357 1379 3426 δὴ
1426 3358 1751 3428 Χριστιανὸς
1797 3362 1897 3413 ἀν·-

323 3440 550 3510 επείσθη
579 3441 858 3510 γενέσθαι·
890 3448 983 3498 καὶ
1003 3446 1152 3509 τέλος
1169 3448 1496 3520 ἀπέπεμψεν
1514 3451 1697 3515 αὐτὸν,
1727 3452 1832 3523 ίδίᾳ
1853 3452 1896 3484 ¹⁵

330 3530 433 3600 μὲν
456 3535 587 3603 παρ’
632 3535 797 3589 αὐτοῦ
818 3538 1004 3590 εἰκόνα
1033 3540 1156 3593 τινὰ
1210 3543 1413 3611 χρυσῆν
1452 3543 1546 3596 καὶ
1604 3544 1896 3598 κατάλιθον

323 3622 593 3687 λαϐὼνυ,
628 3627 835 3698 σφόδρα
861 3645 918 3680 τε
957 3625 1123 3683 οὖσαν
1146 3633 1433 3702 πολυτελῆ,
1485 3634 1578 3686 καὶ
1631 3635 1739 3688 τῶν
1804 3636 1898 3690 ἀλ-

327 3712 439 3768 λων
464 3714 721 3782 κελεύσας
785 3719 1015 3775 ἕκαστον
1045 3723 1397 3791 εἰσενεγκεῖν,
1428 3727 1541 3778 ὅσοι
1566 3726 1784 3780 ἐτέλουν
1839 3729 1898 3790 ἐς

323 3806 425 3878 τὴν
452 3807 671 3881 βουλήν.
724 3810 837 3883 Τὴν
880 3813 938 3866 δὲ
962 3814 1122 3884 νῆσον
1159 3815 1396 3882 ἐκείνην,
1424 3812 1493 3887 ἧς
1539 3818 1895 3890 ἐμνήσθημεν

322 3901 581 3973 πρόσθεν,
615 3904 677 3956 οὐ
712 3909 872 3974 μόνον
895 3907 1189 3962 κατέλιπεν
1223 3908 1374 3979 αὐτῷ
1430 3911 1577 3979 ἔχειν
1644 3910 1896 3981 βεϐαίως,

321 3992 458 4047 ἀλλὰ
478 3996 574 4048 καὶ
610 3996 775 4061 ἄλλας
808 3999 956 4068 αύτῷ
985 4002 1203 4071 [κώμας
1260 4001 1570 4073 προσέθηκε
1626 4003 1899 4067 πλείονας.

323 4084 510 4140 ταῦτα
542 4088 840 4161 παρασχὼν
880 4092 1199 4164 Ἀμορκέσῳ
1228 4095 1256 4146 ὁ
1286 4094 1439 4147 Λέων
1474 4096 1570 4147 καλ⁵
1624 4093 1733 4148 τῶν
1794 4113 1897 4163 φυ-

326 4177 432 4231 λῶν
459 4180 719 4253 ἄρχοντα,
771 4178 846 4239 ὧν
871 4185 1052 4257 ἡθελε,
1093 4188 1350 4258 ποιήσας,
1378 4187 1704 4258 ἀπέπεμψεν
1759 4188 1899 4259 ὑψη-

323 4269 436 4337 λὸν,
472 4274 567 4327 καὶ
599 4274 723 4338 ὅσος
766 4276 865 4330 οὐκ
897 4276 1085 4346 ἔμελλε
1106 4282 1215 4342 τοῖς
1239 4277 1553 4349 δεξαμένοις
1580 4278 1899 4334 λυσιτελεῖν.

396 4363 463 4432 β’.
503 4364 624 4418 Ὅτι
671 4368 700 4418 ὁ
745 4368 906 4432 αὐτὸς
951 4370 1101 4421 Λέων
1141 4370 1394 4439 βασιλεὺς
1439 4370 1728 4424 ἀπέστειλε
1765 4372 1903 4442 πρὸς

1998 1882 2115 1948 ejus
2153 1883 2448 1951 imperator
2475 1886 2698 1953 excipit,
2740 1898 2793 1940 et
2831 1887 3180 1943 Amorcesum
3209 1891 3391 1945 statim
3424 1892 3488 1945 ad
3522 1906 3584 1946 se

1998 1983 2176 2028 vocat.
2213 1976 2341 2040 Quae
2373 1991 2503 2031 sane
2544 1978 3007 2035 inconsultissime
3048 1992 3101 2037 et
3135 1986 3305 2039 sensit
3338 1994 3392 2039 et
3432 1985 3581 2040 fecit.

2000 2059 2233 2124 Etenim,
2267 2063 2311 2116 si
2348 2063 2523 2132 ipsum
2554 2067 2669 2135 ejus
2699 2070 2874 2137 gentis
2902 2070 3200 2140 principem
3235 2088 3424 2129 creare
3453 2091 3583 2129 con-

1998 2152 2287 2216 stituisset,
2319 2165 2634 2223 oportuerat
2657 2173 2779 2212 eum
2802 2175 2830 2213 e
2854 2161 3149 2231 longinquo
3173 2166 3274 2220 hoc
3299 2168 3577 2232 mandare,

1999 2252 2058 2296 ut
2096 2240 2466 2301 Romanorum
2502 2249 2784 2319 imperium
2823 2252 2897 2306 illi
2936 2268 3154 2323 semper
3184 2257 3457 2313 formidini
3490 2276 3581 2316 es-

1998 2344 2105 2397 set,
2146 2346 2202 2390 et
2246 2338 2313 2393 ad
2357 2338 2529 2393 solum
2581 2351 2789 2397 nomen
2838 2344 3203 2413 imperatoris,
3250 2352 3585 2419 quibuslibet

1999 2425 2371 2482 Romanorum
2409 2430 2815 2500 magistratibus
2843 2436 2908 2487 ad
2940 2450 3000 2489 se
3032 2439 3437 2506 accedentibus,
3471 2452 3585 2497 tre-

2001 2527 2191 2572 meret.
2228 2519 2358 2574 Nam
2406 2524 2700 2579 remotiora
2748 2526 2994 2583 homines
3038 2539 3092 2583 et
3138 2534 3441 2600 potentiora
3485 2535 3585 2589 ha-

1998 2608 2127 2665 bere
2152 2612 2343 2668 solent.
2376 2614 2556 2671 Atille
2573 2618 2846 2674 hominem
2874 2636 2970 2690 per
3002 2623 3162 2678 urbes
3192 2625 3579 2693 circumduxit,

1998 2690 2135 2773 quas
2180 2706 2397 2761 visurus
2421 2719 2543 2763 erat
2585 2712 2752 2765 arntis
2792 2728 2991 2768 vacuas
3038 2724 3093 2769 et
3134 2716 3342 2771 deliciis
3376 2719 3580 2787 plenas.

2000 2793 2173 2861 Hunc,
2217 2806 2275 2850 ut
2316 2798 2637 2869 Byzantium
2670 2803 2842 2868 venit,
2890 2805 3185 2873 imperator
3224 2809 3454 2879 benigne
3485 2825 3585 2865 ex-

1999 2888 2150 2954 cipit,
2176 2898 2230 2943 et
2256 2890 2414 2959 regiae
2442 2905 2647 2948 mensa:
2670 2895 2989 2964 participem
3020 2897 3167 2952 iecit.
3196 2897 3418 2954 Senatui
3449 2917 3585 2970 quo-

2000 2992 2122 3048 que,
2158 2994 2322 3048 quem
2351 2980 2567 3047 indixit,
2610 2984 2895 3049 interesse,
2928 2996 2983 3040 et
3030 2987 3125 3053 illi,
3158 2991 3299 3058 quod
3348 2990 3585 3046 foedissi-

1923 3105 1967 3164 C
2002 3084 2147 3122 mum
2186 3068 2555 3125 Romanorum
2609 3075 2867 3142 probrum
2918 3076 3038 3144 fuit,
3087 3079 3271 3133 sellam
3320 3080 3475 3150 juxta
3524 3097 3585 3137 se

2003 3163 2129 3230 poni
2164 3171 2290 3219 ante
2319 3179 2506 3219 omnes
2539 3168 2794 3236 patricios
2823 3167 3009 3236 jussit,
3053 3171 3175 3226 ficta
3222 3190 3407 3240 causa,
3441 3179 3585 3245 quod

2002 3259 2347 3315 Christianus
2383 3262 2497 3317 ﬁeri
2530 3278 2822 3333 persuasus
2858 3276 3020 3321 esset.
3056 3268 3338 3323 Postremo
3378 3272 3586 3327 dimisit

1999 3368 2143 3419 eum,
2194 3364 2476 3424 postquam
2528 3358 2642 3426 ipse
2672 3358 2957 3427 imaginem
3005 3376 3245 3428 auream,
3299 3366 3584 3435 magnifice

2001 3447 2232 3515 gemmis
2260 3456 2598 3510 exornatam,
2628 3449 2676 3503 ei
2709 3449 3024 3517 donaverat,
3065 3462 3115 3505 et
3160 3453 3211 3506 in
3262 3468 3383 3507 eum
3418 3457 3582 3510 etiam

2000 3554 2211 3603 omnes,
2238 3541 2328 3608 qui
2354 3541 2407 3594 in
2432 3552 2678 3596 senatum
2729 3554 2887 3597 erant
2939 3545 3182 3613 ascripti,
3217 3546 3321 3601 alia
3356 3564 3580 3604 munera

2003 3629 2254 3684 conferre
2278 3631 2462 3701 jussit.
2508 3632 2741 3686 Insulam
2776 3649 2927 3696 vero,
2966 3633 3121 3701 cujus
3156 3651 3316 3705 supra
3354 3641 3586 3695 mentio-

2004 3737 2127 3774 nem
2175 3722 2425 3787 fecimus,
2470 3739 2574 3776 non
2608 3726 2779 3778 solum
2825 3726 2943 3795 ejus
3000 3729 3256 3795 potestati
3312 3732 3581 3798 permisit,

2003 3821 2062 3864 ut
2093 3827 2210 3864 eam
2238 3812 2355 3866 sine
2385 3815 2754 3867 controversia
2788 3816 3088 3883 possideret
3126 3836 3139 3872 :
3185 3820 3279 3873 sed
3319 3830 3372 3874 et
3406 3821 3584 3889 plures

2006 3905 2144 3958 alios
2177 3905 2326 3958 vicos
2356 3905 2572 3971 adjecit.
2606 3904 2739 3959 Cum
2772 3906 2856 3961 his
2894 3907 3043 3960 illum
3081 3910 3361 3965 beneﬁciis
3390 3928 3581 3967 ornas-

2004 4007 2087 4053 set
2106 3997 2169 4052 et
2203 3998 2581 4067 pltylarcltum,
2619 4006 2676 4051 ut
2706 4008 3011 4069 Optaverat,
3048 4002 3443 4072 constituisset,
3474 4008 3587 4060 ela-

2007 4100 2117 4144 tum
2159 4100 2213 4143 et
2252 4089 2650 4158 superbientem
2701 4101 2756 4145 et
2793 4091 2976 4157 talem,
3028 4094 3119 4162 qui
3158 4109 3263 4148 non
3310 4109 3455 4151 esset
3496 4099 3584 4165 iis,

2007 4182 2097 4251 qui
2128 4180 2360 4249 benigne
2385 4196 2506 4235 cum
2539 4192 2888 4252 exceperant,
2919 4185 3253 4254 profuturus,
3287 4187 3513 4245 dimisit.

2079 4364 2133 4418 Ξ.
2200 4365 2312 4420 Leo
2374 4366 2670 4437 imperator
2717 4368 2862 4423 misit
2910 4368 3183 4439 Pelagium
3231 4372 3587 4429 silentiariutn

323 4455 454 4518 τοὺς
502 4457 560 4509 ὲν
595 4460 660 4529 τῇ
729 4460 920 4532 Θρᾴκῃ
987 4461 1307 4532 Βαρϐἁρους
1353 4463 1694 4535 πρεσϐευτὴν
1736 4464 1900 4516 Τελὸ-

2005 4456 2237 4524 legatum
2276 4459 2341 4510 ad
2382 4456 2671 4522 Barbaros,
2702 4459 2790 4527 qui
2824 4458 2875 4512 in
2905 4456 3133 4513 Thracia
3162 4471 3335 4517 erant.
3367 4463 3436 4516 At
3461 4463 3591 4516 Bar-

323 4563 446 4615 γιον
502 4548 546 4580 ’⁸
589 4555 682 4603 τὸν
738 4552 1116 4624 σιλεντιάριον.
1177 4556 1238 4607 Ol
1287 4553 1345 4607 δὲ
1385 4555 1660 4627 Βὰρὸαροι
1710 4556 1902 4609 τοῦτον

326 4640 582 4710 ἀσμένως
631 4643 915 4718 δεξάμενοι
988 4640 1394 4717 ἀντιπέμπουσι
1449 4648 1709 4719 πρέσϐεις
1769 4653 1906 4720 πρὸς

2012 4550 2126 4603 bari
2170 4549 2371 4602 lubenti
2414 4550 2594 4603 animo
2640 4551 2873 4619 legatum
2908 4555 3256 4621 ekceperunt,
3303 4564 3355 4607 et
3391 4554 3591 4624 legatos

2014 4657 2228 4710 quoque
2250 4644 2316 4696 ad
2340 4643 2742 4712 imperatorem,
2769 4642 3140 4700 Romanorum
3167 4648 3329 4702 amici
3351 4664 3473 4703 esse
3495 4664 3591 4704 cu—

322 4730 419 4785 τδν
446 4732 689 4803 βασιλέα,
714 4736 857 4805 φίλοι
893 4737 1178 4807 Ῥωμαίων
1206 4735 1345 4792 εἶναι
1368 4739 1703 4810 βουλόμενοι.
1743 4741 1910 4814 ᾜτή-

2008 4736 2248 4805 pientes,
2288 4735 2572 4801 miserunt,
2615 4751 2710 4805 per
2745 4751 2882 4804 quos
2918 4738 3021 4790 tria
3066 4736 3134 4791 ab
3175 4753 3240 4793 eo
3279 4740 3588 4810 petierunt:

332 4839 500 4879 σαντο
556 4827 614 4880 δὲ
671 4829 800 4900 τρία
828 4844 844 4862 ο
879 4832 1096 4901 πρῶτον
1139 4831 1464 4904 Θευδέριχον
1502 4834 1545 4865 ⁸⁷
1574 4832 1667 4886 τὸν
1699 4833 1909 4903 κατάρ-

327 4932 495 4985 χοντα
556 4918 737 4973 αὐτῶν
774 4920 874 4993 τὴν
905 4922 1270 4993 κληρονομίαν
1324 4923 1641 4991 ἀπολαϐεῖν,
1691 4927 1757 4996 ἣν
1806 4927 1909 4993 ἀφ-

330 5007 467 5077 ῆκεν
496 5011 644 5082 αὐτῷ
670 5013 917 5086 Ἀσπαρ,
951 5015 1209 5087 δεύτερον
1240 5016 1503 5087 νέμεσθαι
1535 5015 1634 5086 τὴν
1685 5017 1906 5088 Θρᾴκην

330 5103 951 5178 ωτχωρηθῆναιαύτῷ,
981 5107 1164 5178 τρίτον
1219 5108 1312 5187 καὶ
1370 5107 1751 5181 στρατηλάτην
1808 5126 1903 5177 γε·

328 5192 515 5249 νέσθαι
553 5197 665 5250 τῶν
693 5199 1010 5269 ταγμάτων,
1034 5194 1217 5271 ὧνπερ
1240 5201 1335 5255 καὶ
1379 5201 1618 5276 ’Δοπαρῇ
1641 5202 1901 5273 ἡγήσατο.

330 5286 443 5340 Καὶ
468 5291 498 5342 ὁ
539 5289 642 5359 μὲν
694 5290 945 5361 βασιλεὺς
983 5294 1121 5364 πρὸς
1147 5294 1216 5347 τά
1262 5295 1355 5348 δύο
1418 5293 1701 5357 παντελῶς
1750 5295 1906 5349 ἀπεί-

332 5396 493 5447 πατο,
544 5382 706 5453 μόνον
733 5384 791 5438 δὲ
835 5386 967 5454 περὶ
1030 5387 1129 5459 τῆς
1168 5387 1502 5460 στρατηγίας
1559 5388 1903 5452 κατένευσεν,

2015 4826 2246 4894 primum
2277 4835 2335 4878 ut
2359 4825 2790 4890 Tlteuderichus,
2825 4842 3011 4880 eorum
3048 4829 3177 4893 dux,
3204 4832 3349 4884 omni
3376 4832 3591 4887 heredi-

2017 4929 2145 4983 tate,
2175 4933 2337 4986 quam
2377 4918 2451 4971 illi
2495 4918 2790 4986 reliquerat
2816 4918 3012 4987 Aspar,
3045 4918 3320 4973 frueretur
3350 4940 3365 4975 :
3396 4937 3595 4976 secun-

2014 5012 2164 5073 dum,
2184 5019 2241 5062 ut
2261 5010 2447 5063 liceret
2470 5009 2578 5079 93
2603 5008 2678 5062 illi
2700 5010 2753 5062 in
2783 5008 3017 5063 Thracia
3048 5010 3295 5065 habitare
3312 5013 3590 5075 :-tertium,

2013 5111 2151 5157 utet
2198 5116 2384 5155 eorum
2426 5102 2697 5163 ordinum,
2744 5116 2971 5169 quorum
3016 5104 3189 5172 Aspar
3240 5102 3436 5168 fuerat,
3487 5104 3594 5157 dux

2012 5205 2176 5251 esset.
2245 5194 2426 5248 Prima
2483 5193 2592 5249 duo
2646 5195 2869 5248 omnino
2935 5195 3220 5264 denegavit
3276 5198 3592 5265 imperatOr.

2015 5288 2199 5344 Solum
2226 5288 2464 5349 tertium,
2501 5296 2559 5341 ut
2585 5286 2691 5340 dux
2727 5288 2903 5352 ﬁeret,
2939 5288 3230 5346 dummodo
3257 5290 3373 5344 sine
3403 5288 3596 5342 fraude

2013 5384 2131 5453 ejus
2158 5383 2367 5436 amicus
2398 5389 2562 5445 esset,
2590 5381 2883 5445 concessit,
2916 5390 2971 5436 et
3014 5384 3086 5437 ita
3124 5381 3330 5453 legatos
3364 5379 3591 5436 dimisit.

1591 5504 1823 5560 VABUE
1859 5499 2263 5560 LECTIONES.

403 5592 768 5670 {EﬁrLB-ér'
799 5599 948 5670 vulso

1027 5600 1069 5632 "
1105 5598 1249 5652 κατά
1280 5598 1365 5663 8.,
1399 5598 1494 5650 ἐπὶ
1522 5597 1664 5662 ναι..
1724 5597 1829 5650 ὑπὸ
1881 5596 2023 5665 vulg.

2104 5595 2146 5625 ι’
2194 5593 2303 5664 διὰ]
2348 5593 2412 5663 δὴ
2464 5595 2612 5661 conj.
2665 5594 2781 5649 Val.
2860 5596 2901 5627 ¹³
2931 5592 3070 5664 Ante
3100 5590 3209 5664 xci.
3241 5590 3409 5664 inser.
3439 5587 3596 5664 bc_N.

332 5661 377 5743 ς
408 5656 628 5743 ίδίᾳᾚτ,
657 5656 797 5723 ἰδίαν
825 5656 970 5743 ναῖε.
1049 5671 1092 5704 ⁸⁷⁵
1122 5656 1363 5725 λαϐόντα
1399 5670 1545 5741 conj.
1588 5656 1661 5724 Νξ
1732 5668 1776 5700 ⁸⁸
1805 5656 2080 5736 Τελόγῖον]
2126 5656 2502 5733 Πελάῄονίθὶ
2554 5656 2809 5734 Εὑλόγιον
2842 5662 2983 5732 conj.
3026 5661 3090 5716 N.
3169 5661 3210 5693 "
3253 5661 3470 5731 πρῶτον
3510 5656 3599 5712 ἶνα

331 5730 501 5789 Θευδ.⁷
518 5734 664 5806 vulg.
