4006 6214
381 259 493 321 783

1325 263 1723 323 EXCERPTA
1766 264 1865 324 ex
1902 230 2211 324 Marene
2250 260 2614 321 BHETORE

3540 260 3645 323 78L

392 381 502 435 Sed
529 377 959 445 Theuderichus,
980 380 1340 434 Barbarorum
1363 380 1635 450 princeps,
1657 384 1742 435 ubi
1769 384 1963 452 legatos

2076 384 2123 434 st
2176 382 2325 449 φίλος
2358 378 2525 434 αὐτοῦ
2565 377 2785 448 γένηται
2844 377 3047 443 ἀδόλως
3074 380 3138 432 ¹⁸.
3187 379 3298 433 Καὶ
3347 378 3493 435 οὕτω
3518 382 3645 445 τοὺς

388 484 519 524 suos
544 469 612 524 ab
638 470 962 538 imperatore
988 484 1047 523 re
1081 470 1278 523 inlecta
1302 484 1552 526 reversos
1580 474 1815 541 excepit,
1839 488 1963 527 sua-

390 578 511 618 rum
545 562 819 630 copiarum
849 570 1055 629 partem
1096 560 1372 632 Philippos
1404 563 1550 617 misit
1586 582 1599 619 :
1642 579 1765 621 cum
1795 564 1963 620 altera

388 661 545 721 parte
592 649 996 718 Arcadiopolim
1051 652 1199 706 omni
1253 665 1514 721 apparatu
1563 665 1966 725 oppugnaturus

386 740 616 796 obsedit.
650 738 837 811 Neque
878 751 1059 798 tamen
1095 758 1215 798 eam
1250 745 1418 799 armis
1460 748 1625 814 cepit,
1669 747 1763 800 sed
1802 746 1961 812 fame,

385 847 504 900 quae.
539 833 836 901 oppidanos
864 834 999 889 adeo
1025 836 1325 904 premebat,
1353 846 1410 891 ut
1450 837 1606 906 equis
1639 847 1693 892 et
1734 838 1852 894 aliis
1878 839 1966 909 ju-

385 923 584 981 mcntis
624 932 677 977 et
722 934 1059 979 mortuorum
1100 926 1438 995 corporibus,
1474 938 1878 997 exspectantes,
1917 930 1962 986 si

382 1030 487 1082 qua
519 1030 585 1069 ex
621 1026 776 1084 parte
806 1015 1066 1071 auxilium
1098 1016 1399 1083 adveniret,
1440 1028 1807 1073 vescerentur.
1847 1021 1963 1087 Quo

384 1122 492 1161 non
539 1109 883 1173 adveniente,
936 1108 987 1159 iu
1034 1117 1336 1161 extremam
1385 1110 1818 1177 desperationem
1868 1112 1965 1166 ad-

384 1199 532 1253 ducti
573 1198 900 1253 deditionem
950 1197 1213 1254 fecerunt.
1267 1197 1366 1266 Qui
1428 1214 1552 1254 vero
1602 1201 1751 1256 missi
1807 1209 1964 1256 erant

386 1291 662 1360 Philippos
695 1291 868 1344 solum
912 1306 997 1358 ea,
1032 1307 1148 1358 qua:
1178 1292 1322 1345 circa
1364 1292 1554 1346 urbem
1589 1303 1766 1358 erant,
1817 1309 1961 1349 cem-

379 1383 710 1445 lmsserunt,
767 1399 938 1453 neque
992 1384 1286 1453 quidquam
1336 1394 1594 1454 prasterea
1657 1396 1816 1441 atrox
1872 1397 1965 1441 aut

389 1490 553 1540 grave
575 1476 981 1530 commiserunt.
1012 1475 1105 1530 IIis
1140 1477 1211 1530 ita
1233 1476 1285 1529 in
1316 1477 1544 1531 Thracia
1572 1479 1961 1548 grassantibus,

382 1566 558 1619 nihilo
602 1567 779 1620 secius
830 1566 929 1635 ipsi
977 1566 1204 1621 Barbari
1261 1567 1401 1622 fame
1440 1569 1612 1623 coacti
1654 1570 1859 1641 legatos
1896 1571 1963 1625 ad

380 1657 769 1726 imperatorem
805 1660 1089 1723 miserunt,
1125 1660 1220 1729 qui
1273 1661 1339 1715 de
1382 1675 1515 1730 pace
1555 1671 1797 1731 agerent,
1846 1676 1964 1731 qua:

2069 471 2326 543 πρέσϐεις
2384 469 2728 538 ἀπέπεμψεν.
2779 468 2835 522 '0
2864 468 2920 521 δὲ
2948 468 3273 539 Θευδέριχος
3307 472 3335 523 ὁ
3361 470 3472 524 τῶν
3501 471 3642 542 Βαρ-

2065 562 2248 632 ϐάρων
2274 561 2538 631 ἀρχηγὸς,
2574 560 2703 627 τοὺς
2741 559 3005 631 πρέσϐεις
3034 560 3205 613 αὑτοῦ
3252 561 3544 631 δεξάμενος
3577 564 3647 617 ὲκ

2064 652 2158 706 τοῦ
2224 652 2490 720 βασιλέως
2540 652 2880 722 ἀπράκτους,
2940 649 3002 703 τὸ
3057 650 3158 720 μὲν
3222 651 3322 720 τῆς
3359 652 3648 723 δυνάμεως

2066 742 2229 797 αὑτοῦ
2264 745 2320 805 ἐς
2351 742 2651 804 Φιλίππους
2677 741 2972 811 ἐκπέμπει,
3005 740 3083 811 τῷ
3130 741 3189 796 δὲ
3258 742 3644 813 προσεκάθητο

2064 834 2163 905 τὴν
2210 831 2656 903 Ἀρκαδιούπολιν
2695 834 2909 902 μηχανῇ
2949 832 3095 903 πάσῃ
3154 832 3481 902 πολιορκῶν.
3530 836 3649 888 Καὶ

2066 926 2274 996 ταύτην
2302 923 2719 996 παραλαμϐάνει
2749 925 2848 993 οὐχ
2904 921 3108 989 ὅπλοις,
3152 923 3287 977 ἀλλά
3331 924 3475 994 λιμῷ
3518 924 3647 988 τοὺς

2065 1017 2211 1072 ἔνδον
2275 1016 2369 1070 τοῦ
2431 1016 2619 1077 ἄστεος
2692 1014 2926 1084 ίσχυρῶς
2974 1016 3464 1085 στενοχωρήσαντι.
3531 1017 3649 1070 Καὶ

2065 1108 2174 1180 γὰρ
2209 1107 2305 1161 καὶ
2337 1109 2521 1162 ἵππων
2554 1108 2648 1160 καὶ
2700 1107 3016 1173 ὑποζυγίων
3070 1108 3164 1159 καὶ⁵
3199 1107 3410 1175 νεκρῶν
3449 1108 3644 1176 σωμά-

2065 1220 2173 1255 των
2225 1202 2454 1270 ἥψαντο,
2494 1200 2891 1271 καρτεροῦντες
2949 1201 3000 1252 εί
3040 1199 3209 1252 ποθεν
3265 1200 3449 1263 αὐτοῖς
3496 1199 3642 1253 ἔλθοι

2068 1294 2311 1365 βοήθεια.
2340 1295 2450 1363 Τῆς
2489 1294 2543 1346 δὲ
2589 1294 2662 1362 μὴ
2699 1291 3003 1362 παρούσης,
3047 1292 3365 1359 ἀπήλπισαν
3411 1292 3505 1345 καὶ
3551 1292 3643 1343 ἑν-

2067 1385 2275 1438 έδωκαν
2337 1386 2403 1439 ¹¹.
2457 1386 2518 1437 Οἱ
2569 1384 2627 1436 δὲ
2669 1381 3076 1453 ἐκπεμφθέντες
3109 1384 3199 1435 ἐπὶ
3231 1384 3528 1446 Φιλίππους
3566 1384 3640 1437 τὰ

2066 1480 2173 1545 πρὸ
2228 1475 2321 1529 τοῦ
2378 1476 2588 1539 ἄστεως
2646 1475 2955 1546 ἐνέπρησαν
3005 1474 3190 1543 μόνον,
3239 1474 3394 1529 οὐδὲν
3423 1475 3479 1528 δὲ
3510 1476 3643 1528 ἄλλο

2065 1569 2236 1622 δεινὸν
2268 1568 2612 1638 εἰργάσαντο.
2645 1567 2753 1621 Καὶ
2791 1567 2994 1619 τούτων
3021 1566 3165 1627 οὕτω
3225 1566 3641 1637 λυμαινομένων

2064 1663 2162 1732 τὴν
2188 1661 2429 1732 Θρᾴκην,
2470 1660 2618 1729 ὅμως
2651 1660 2746 1712 καί⁵
2777 1660 2935 1712 αὐτοὶ
2952 1660 3001 1712 οἱ
3055 1657 3329 1729 Βάρϐαροι
3384 1659 3488 1711 ὑπὸ
3544 1660 3642 1713 τοῦ

386 1752 472 1805 his
501 1751 896 1805 conditionibus
927 1762 1010 1806 est
1038 1752 1177 1805 facta
1208 1792 1221 1815 ,
1257 1763 1314 1807 ut
1356 1755 1462 1808 duo
1503 1754 1668 1808 millia
1697 1754 1957 1809 librarum

2066 1752 2222 1823 λιμοῦ
2273 1751 2625 1821 συνεχόμενοι
2653 1749 2951 1819 πρεσϐείαν
2982 1754 3263 1821 πέμπουσι
3324 1751 3453 1823 περὶ
3482 1754 3643 1823 εἰρή-

390 1845 507 1897 auri
537 1842 728 1897 Getltis
760 1842 989 1911 singulis
1022 1843 1179 1898 anuis
1222 1846 1623 1913 penderentur:
1660 1845 1960 1901 'l'heuderi-

387 1935 522 1989 (IIIIS
546 1935 802 2004 magister
824 1935 1066 2003 equitum
1098 1944 1153 1988 et
1185 1935 1421 2003 peditum
1455 1938 1734 2004 praesentis
1761 1937 1964 1992 militiae

381 2028 827 2089 constitueretur,
860 2042 980 2094 qua:
1005 2026 1236 2096 dignitas
1272 2027 1502 2082 Inarima
1532 2028 1779 2095 habetur,
1820 2029 1961 2098 ipso-

385 2136 617 2189 rumque
685 2135 778 2173 rex
850 2117 1148 2174 Gothorum
1209 2128 1377 2187 esset,
1438 2134 1611 2190 neque
1672 2122 1958 2191 quisquam

382 2228 598 2279 eorum,
635 2213 726 2281 qui
757 2212 823 2266 ab
855 2227 918 2267 eo
954 2212 1184 2267 deﬁcere
1216 2212 1501 2278 voluerint,
1537 2212 1605 2267 ab
1637 2214 1961 2281 imperatore

388 2307 441 2360 in
474 2306 747 2374 regionem
777 2319 930 2360 suam
970 2304 1383 2370 admitteretur;
1422 2304 1654 2374 denique
1687 2313 1743 2359 ut
1773 2314 1960 2359 contra

384 2412 764 2467 quemcunque
798 2396 1027 2451 voluerit
1071 2397 1377 2467 imperator,
1414 2398 1652 2467 exceptis
1688 2396 1958 2464 Vandalis,

384 2505 421 2543 a
456 2498 610 2559 parte
645 2488 986 2559 imperatoris
1018 2500 1301 2561 pugnaret.

453 2670 511 2724 3.
555 2669 645 2738 (A.
689 2668 753 2723 C.
799 2667 926 2731 476,
972 2666 1089 2722 Ind.
1140 2666 1227 2730 14,
1275 2665 1479 2720 Zenon.
1536 2665 1617 2738 5.)
1665 2665 1958 2735 Augustus,

384 2758 597 2815 Orestis
631 2759 794 2825 tilius,
830 2766 891 2812 ut
928 2758 1155 2824 audivit,
1188 2757 1460 2812 Zenonem
1494 2759 1689 2813 iterum
1719 2757 1964 2814 Orientis

389 2850 699 2919 imperium,
730 2848 954 2919 expulso
981 2847 1261 2915 Basilisco,
1304 2863 1671 2917 recuperasse,
1714 2859 1960 2909 senatum

387 2940 586 2995 veteris
652 2938 838 2993 Roma:
906 2938 1226 3009 legationem
1287 2937 1356 2991 ad
1422 2937 1692 2997 Zenonem
1749 2939 1965 2994 mittere

385 3031 585 3102 coegit,
620 3046 739 3097 qua:
770 3030 844 3085 illi
888 3031 1243 3100 signiﬁcaret,
1278 3031 1495 3101 proprio
1533 3032 1860 3101 imperatore
1904 3045 1964 3087 se

389 3138 497 3179 non
564 3124 832 3194 indigere.
890 3122 1067 3180 Unum
1117 3123 1497 3193 imperatorem
1542 3124 1806 3189 sullicere,
1872 3124 1963 3194 qui

390 3219 675 3288 utriusque
732 3218 944 3287 imperii
997 3216 1134 3272 lines
1189 3226 1432 3273 tueretur
1482 3237 1495 3274 :
1552 3219 1854 3274 Odoacrum
1908 3233 1967 3274 se

391 3313 644 3383 elegisse,
692 3311 783 3381 qui
832 3311 972 3365 hanc
1011 3318 1220 3379 partem
1260 3319 1424 3364 tutam
1472 3318 1772 3378 praestaret.
1815 3310 1968 3365 Hunc

378 3405 530 3459 enim
562 3411 622 3458 et
668 3402 898 3457 scientia
946 3400 1255 3469 reipublicae
1299 3400 1743 3455 administranda
1797 3409 1851 3455 et
1887 3401 1967 3457 rei

389 3496 644 3550 militaris
697 3494 890 3561 peritia
940 3500 1217 3561 praestare.
1264 3490 1450 3560 Itaque
1483 3506 1663 3555 orare,
1714 3501 1773 3546 ut
1817 3493 1968 3547 illum

393 3586 539 3641 Zeno
566 3586 887 3654 patriciatus
913 3583 1179 3653 dignitate
1219 3593 1399 3649 ornet,
1434 3591 1491 3638 et
1527 3583 1733 3639 Italiam
1772 3599 1967 3655 regen-

390 3677 513 3731 dam
544 3676 594 3731 ei
627 3674 954 3730 committat.
999 3672 1239 3729 Profecti
1280 3682 1407 3730 sunt
1450 3674 1612 3744 igitur
1660 3689 1725 3730 ex
1774 3685 1966 3731 senatu

388 3765 637 3820 Romano
674 3765 801 3831 viri,
837 3765 927 3835 qui
976 3763 1074 3819 hos
1118 3778 1397 3820 sermones
1429 3764 1744 3836 Byzantium
1791 3765 1969 3822 deier-

394 3865 536 3911 rent.
570 3854 762 3911 Iisdem
796 3856 985 3911 diebus
1009 3864 1273 3910 venerunt
1297 3864 1351 3909 et
1376 3870 1403 3909 a
1430 3853 1632 3924 Nepote
1656 3858 1848 3924 nuntii,
1874 3859 1966 3928 qui

390 3944 597 4000 Zenoni
629 3943 938 3998 restitutum
963 3944 1245 4013 imperium
1269 3943 1694 4014 gratularentur,
1714 3958 1771 4002 et
1792 3948 1965 4016 ipsum

390 4038 821 4103 obtestarentur,
870 4045 928 4095 ut
977 4036 1123 4091 omni
1163 4050 1326 4104 opera
1357 4046 1409 4091 et
1452 4037 1632 4092 studio
1662 4038 1832 4104 illum,
1873 4036 1965 4109 qui

385 4129 575 4183 eodem
612 4138 871 4199 tempore,
894 4128 1083 4182 eodem
1108 4141 1215 4195 quo
1241 4128 1378 4196 ipse,
1400 4143 1529 4183 casu
1551 4127 1780 4185 amictus
1801 4140 1965 4197 esset,

385 4221 444 4276 in
469 4219 778 4289 recipiendo
803 4219 1028 4286 imperio
1053 4218 1349 4285 adiuvaret,
1376 4228 1429 4272 et
1451 4220 1711 4287 pecunias
1736 4229 1790 4274 et
1812 4236 1967 4291 exer-

382 4314 528 4368 citus
554 4320 609 4366 et
644 4310 771 4376 alia,
802 4325 920 4379 qua:
948 4324 1082 4378 opus
1118 4308 1314 4376 forent,
1339 4310 1725 4378 suppeditaret,
1751 4326 1859 4381 quo
1888 4294 1962 4367 illi

2062 1862 2162 1916 νης
2217 1844 2355 1915 πρὸς
2407 1843 2499 1897 τὸν
2548 1842 2793 1913 βασιλέα.
2850 1842 2961 1898 Καὶ
3005 1841 3214 1911 γίνεται
3258 1846 3291 1915 ἡ
3361 1844 3642 1914 σύμϐασις

2062 1936 2171 1990 τῶν
2210 1937 2390 2007 ὅρκων
2428 1936 2519 1990 ἐπὶ
2550 1934 2781 1999 τούτοις,
2835 1936 2948 1996 τοῖς
2992 1933 3092 2004 μὲν
3136 1933 3358 1999 Γότθοις
3403 1935 3643 1991 δίδοσθαι

2064 2028 2185 2082 κατ’
2220 2028 2340 2092 ἑτος
2375 2028 2600 2099 χρυσίου
2630 2027 2819 2097 λίτρας
2848 2024 3134 2096 δισχιλίας,
3165 2024 3259 2080 τὸν
3293 2027 3350 2080 δὲ
3381 2027 3643 2099 Θευδέρι-

2064 2139 2158 2191 χον
2225 2120 2585 2175 καθίστασθαι
2620 2118 2926 2188 στρατηγὸν
2977 2117 3072 2171 δύο
3135 2117 3480 2189 στρατηγιῶν
3528 2117 3643 2171 τῶν

2062 2211 2206 2282 ἀμφὶ
2237 2210 2487 2281 βασιλέα,
2520 2211 2686 2279 αἴπερ
2732 2208 2843 2261 είσὶ
2878 2207 3134 2278 μέγισται
3184 2210 3266 2271 είς
3310 2209 3407 2278 τὴν
3448 2209 3645 2279 ἑτέραν

2063 2304 2167 2373 γῆν
2198 2304 2243 2341 ⁸ο
2274 2318 2288 2333 ·
2325 2301 2505 2356 αὐτῶν
2538 2300 2583 2333 ²¹
2616 2300 2674 2353 δὲ
2711 2299 2822 2354 τῶν
2840 2299 3054 2353 Γότθων
3080 2299 3455 2369 αὐτοκράτορα
3477 2294 3641 2367 εἶναι,

2063 2397 2156 2448 καὶ
2211 2394 2447 2464 μηδένας
2478 2393 2535 2460 ἑξ
2565 2391 2746 2447 αὐτῶν
2775 2391 3080 2461 ἀποστῆναι
3127 2390 3383 2454 θέλοντας
3407 2391 3499 2447 τὸν
3536 2390 3636 2463 βα-

2066 2489 2217 2542 σιλέα
2244 2487 2537 2558 δέχεσθαι,
2570 2487 2878 2558 συμμαχεῖν
2907 2484 2961 2539 δὲ
3013 2484 3092 2554 τῷ
3137 2483 3347 2555 βασιλεῖ
3383 2485 3462 2549 εἰς
3506 2486 3640 2549 πᾶν,

2063 2584 2091 2635 ὃ
2146 2599 2201 2634 τι
2232 2580 2463 2645 κελεύει,
2511 2579 2649 2649 πλὴν
2673 2579 2767 2635 ἐπὶ
2814 2577 2989 2648 μόνων
3029 2579 3139 2631 τῶν
3188 2577 3494 2647 Βανδήλων.

2132 2674 2203 2736 γ’.
2240 2668 2363 2720 Ὅτι
2385 2669 2413 2719 ὁ
2436 2666 2742 2734 Αὔγουστος
2761 2668 2806 2699 ⁸⁸
2836 2666 2864 2717 ὁ
2903 2665 2996 2719 τοῦ
3036 2667 3290 2737 Ὀρέστου
3315 2668 3429 2729 υίὸς
3459 2668 3629 2723 ἀκού.

2067 2774 2162 2820 σας
2196 2758 2417 2827 Ζήνωνα
2450 2756 2612 2811 πάλιν
2642 2756 2739 2827 τὴν
2772 2756 3052 2827 βασιλείαν
3081 2757 3488 2827 ἀνακεκτῆσθαι
3528 2758 3635 2827 τῆς

2065 2849 2200 2914 Ἕω,
2220 2849 2311 2902 τὸν
2339 2848 2664 2903 Βασιλίσκον
2683 2848 2974 2915 ἐλάσαντα,
3005 2849 3285 2920 ἠνάγκασε
3317 2850 3415 2919 τὴν
3446 2850 3642 2921 βουλὴν

2066 2940 2382 2996 ἀποστεῖλαι
2407 2941 2705 3013 πρεσϐείαν
2728 2942 2936 3012 Ζήνωνι
2973 2943 3366 3013 σημαίνουσαν,
3395 2943 3472 3006 ὼς
3506 2943 3645 3006 ιδίας

2072 3033 2169 3103 μὲν
2218 3032 2402 3096 αὐτοῖς
2433 3030 2709 3101 βασιλείας
2753 3032 2814 3085 οὐ
2850 3031 2980 3096 δέοι,
3028 3032 3208 3094 κοινὸς
3242 3031 3297 3084 δὲ
3334 3032 3641 3103 ἀποχρήσει

2072 3126 2231 3195 μόνος
2257 3125 2331 3179 ὢν
2364 3123 2839 3195 αὑτοκράτωρὲπ⁹
2870 3123 3206 3195 ἀμφοτέροις
3252 3125 3365 3187 τοῖς
3414 3125 3642 3193 πέρασι,

2069 3219 2111 3270 Τ
2114 3218 2172 3271 ὸν
2204 3218 2389 3287 μέντοι
2435 3217 2724 3287 Ὀδόακρον
2757 3214 2848 3269 ὑπ’
2877 3215 3055 3268 αὐτῶν
3084 3213 3483 3285 προϐεϐλῆσθαι
3514 3214 3643 3267 ικα-

2069 3309 2157 3363 νδν
2185 3311 2313 3363 ὄντα
2337 3308 2531 3372 σώζειν
2552 3308 2620 3360 τὰ
2647 3305 2780 3378 παρ’
2803 3306 2983 3369 αὐτοῖς
3012 3305 3333 3376 πράγματα,
3354 3304 3646 3376 πολιτικὴν

2068 3401 2261 3471 ἔχοντα
2290 3400 2504 3454 σύνεσιν
2533 3400 2669 3471 ὁμοῦ
2700 3400 2789 3452 καὶ
2814 3398 3053 3467 μάχιμον
3071 3398 3115 3430 ’³
3134 3411 3147 3424 ·
3178 3399 3273 3451 καὶ
3305 3396 3509 3477 δεῖσθαι
3542 3396 3643 3450 τοῦ

2070 3493 2317 3561 Ζήνωνος
2342 3491 2638 3561 πατρικίου
2665 3508 2724 3543 τε
2748 3489 2791 3521 ’⁸
2815 3488 2964 3561 αὐτῷ
3001 3487 3318 3541 ἀποστεῖλαι
3351 3486 3526 3553 ἀξίαν,
3544 3486 3657 3549 καὶ,

2069 3585 2167 3655 τὴν
2190 3586 2297 3638 τῶν
2314 3584 2535 3643 Ἰταλῶν
2575 3584 2751 3656 τούτῳ
2780 3585 2991 3653 ἐφεῖναι
3020 3582 3302 3651 διοίκησιν.
3324 3578 3643 3649 ’Λφικνοῦν-

2069 3691 2159 3727 ται
2190 3673 2255 3745 δὴ
2286 3673 2477 3744 ἄνδρες
2508 3674 2605 3743 τῆς
2656 3673 2854 3743 βουλῆς
2883 3672 2981 3740 τῆς
3017 3673 3074 3723 ἐν
3113 3656 3297 3741 Ῥώμῃ
3330 3669 3551 3730 τούτους
3580 3669 3646 3732 ές

2071 3763 2365 3829 Βυζάντιον
2394 3763 2713 3833 κομίζοντες
2738 3762 2865 3824 τοὺς
2900 3761 3114 3829 λόγους,
3166 3760 3263 3813 καὶ
3292 3761 3410 3822 ταῖς
3444 3759 3641 3821 αὑταῖς

2070 3855 2305 3929 ἡμέραις
2335 3855 2399 3907 ὲκ
2424 3852 2518 3906 τοῦ
2544 3853 2808 3916 Νέπωτος
2838 3851 3081 3920 ἄγγελοι,
3110 3850 3221 3904 τῶν
3249 3866 3307 3901 τε
3333 3847 3644 3917 γεγενημέ-

2070 3966 2176 4001 νων
2214 3944 2744 4017 συνησθησόμενοι²⁸
2766 3943 2844 4016 τῷ
2876 3945 3085 4015 Ζήνωνι
3111 3940 3243 4013 (56),
3282 3943 3375 3994 καὶ
3395 3941 3648 4010 δεόμενοι

2072 4040 2193 4110 ἅμα
2239 4040 2362 4103 ταῖς
2410 4039 2556 4101 ἴσαις
2587 4036 2663 4108 τῷ
2697 4035 2919 4091 Νέπωτι
2972 4037 3280 4105 συμφοραῖς
3310 4031 3647 4103 χρησαμένῳ

2071 4128 2444 4182 συσπουδάσαι
2477 4126 2775 4197 προθύμως
2811 4124 3087 4196 βασιλείας
3132 4125 3450 4195 ἀνάκτησιν,
3501 4123 3647 4193 χρή·-

2070 4220 2221 4288 ματά
2245 4236 2303 4272 τε
2350 4218 2445 4273 καὶ
2476 4218 2704 4288 στρατὸν
2749 4218 2841 4271 ἐπὶ
2893 4216 3069 4271 ταῦτα
3100 4214 3333 4281 διδόντα,
3390 4214 3481 4267 καὶ
3525 4215 3648 4277 τοῖς

2070 4309 2272 4375 ἄλλοις,
2305 4305 2386 4372 οἷς
2423 4308 2553 4374 δέοι,
2586 4308 3020 4363 συνεκπονοῦντα
3047 4307 3148 4378 τὴν
3178 4307 3425 4362 κάθοδον.
3452 4304 3647 4359 Ταῦτά

308 4446 319 4453 .
388 4408 621 4464 ιτειιῖιιιιιι
673 4403 743 4463 δά
773 4403 1069 4472 pristinam
1125 4401 1397 4459 fortunam
1422 4399 1533 4471 94
1557 4413 1792 4470 pararet.
1839 4402 1963 4459 Haec

2066 4418 2125 4453 τε
2179 4399 2432 4465 λέξοντας
2479 4401 2508 4453 ὁ
2566 4400 2764 4462 Νέπως
2797 4398 3147 4453 ἀπέστελλεν.
3210 4399 3393 4468 Ζήνων
3430 4395 3485 4447 δὲ
3524 4396 3647 4457 τοῖς

384 4498 478 4565 qui
510 4496 790 4560 dicerent,
821 4493 997 4563 Nepos
1037 4492 1204 4546 misit.
1228 4491 1297 4551 At
1340 4491 1485 4548 Zeno
1531 4492 1634 4557 his,
1670 4494 1762 4563 qui
1798 4508 1961 4549 vene-

2066 4494 2284 4565 ἥκουσι,
2318 4494 2427 4554 τοῖς
2463 4492 2560 4560 μὲν
2593 4492 2701 4544 ἀπὸ
2731 4492 2829 4561 τῆς
2853 4490 3048 4561 βουλῆς
3078 4490 3414 4558 ἀπεκρίνατο
3443 4485 3643 4551 ταῦτα,

388 4596 533 4651 rant,
576 4587 689 4645 hate
744 4598 1003 4652 responsa
1050 4581 1197 4637 dedit
1244 4600 1257 4636 :
1303 4582 1672 4648 senatoribus,
1725 4583 1844 4644 illos
1896 4598 1961 4639 ex

2066 4584 2140 4645 ώς
2163 4582 2255 4636 δύο
2274 4584 2339 4638 ὲκ
2362 4581 2463 4651 τῆς
2497 4582 2611 4636 Ἕω
2633 4582 2885 4651 βασιλέας
2916 4581 3171 4644 λαϐόντες
3192 4581 3284 4632 τὸν
3311 4579 3409 4648 μὲν
3441 4577 3648 4646 ἐξηλά-

389 4677 598 4732 duobus
634 4690 772 4743 quos
805 4674 873 4728 ab
898 4670 1124 4733 Oriente
1152 4673 1511 4743 accepissent,
1546 4674 1963 4744 imperatoribus

2066 4674 2548 4745 κασιν,’Δνθέμιον
2578 4674 2634 4727 δὲ
2669 4674 2999 4728 ἀπέκτειναν
3019 4690 3034 4705 ’
3058 4675 3150 4727 καὶ
3180 4671 3275 4725 νῦν
3294 4670 3354 4723 τὸ
3386 4669 3648 4736 ποιητέον

386 4782 554 4823 unmu
603 4765 896 4835 expulisse,
944 4773 1000 4820 et
1049 4764 1397 4823 Anthemium
1451 4765 1737 4823 occidisse.
1807 4766 1963 4823 Nunc

2067 4768 2264 4831 αὐτοὺς
2292 4765 2396 4837 ἔφη
2425 4766 2741 4835 γινώσκειν·
2762 4766 2824 4820 οὐ
2850 4767 2959 4835 γάρ
2990 4766 3056 4819 ἂν
3088 4763 3354 4836 βασιλέως
3385 4761 3465 4813 ἔτι
3485 4760 3647 4822 ὄντος

384 4858 513 4929 quid
558 4858 662 4923 sibi
709 4855 854 4915 Iacto
892 4872 1030 4929 opus
1070 4866 1236 4923 esset,
1288 4857 1432 4928 ipsos
1461 4857 1597 4913 dixit
1631 4858 1959 4928 perspicere.

2066 4858 2261 4929 ἑτέραν
2296 4858 2600 4928 ἡγήσεσθαι
2620 4859 2664 4891 ’⁸
2694 4857 2921 4928 γνώμην
2967 4857 3002 4927 ἢ
3053 4854 3367 4909 κατιόνται⁷
3405 4848 3649 4921 προσδέ-

389 4951 719 5021 Imperatore
742 4951 886 5007 enim
914 4951 1207 5019 superstite
1232 4964 1338 5006 uou
1368 4948 1529 5005 aliam
1552 4950 1751 5005 debere
1778 4949 1957 5005 valere

2066 4951 2279 5023 χεσθαι.
2301 4949 2426 5011 Τοῖς
2449 4949 2504 5001 δὲ
2538 4950 2603 5002 ἑκ
2635 4948 2730 5000 τοῦ
2755 4948 3042 5019 Βαρϐάρου
3063 4948 3143 5001 ὅτι
3166 4944 3346 5008 καλῶς
3379 4939 3576 5012 πράξοι
3594 4939 3650 4971 ⁸⁸

386 5044 730 5107 sententiam,
771 5055 930 5111 quam
971 5049 1029 5094 ut
1070 5040 1216 5095 illum
1258 5040 1567 5096 redeuntem
1614 5040 1946 5111 exciperent.

2068 5040 2223 5111 παρά
2256 5038 2350 5094 τοῦ
2385 5036 2648 5109 βασιλέως
2682 5038 2943 5099 Νέπωτος
2974 5037 3073 5109 τὴν
3112 5038 3272 5101 ἀξίαν
3313 5032 3408 5086 τοῦ
3443 5047 3650 5100 πατρι-

384 5137 465 5191 Ad
494 5151 555 5191 ea
579 5150 726 5200 vero,
754 5148 874 5203 quae
906 5132 1178 5189 Barbarus
1204 5135 1509 5199 nuntiarat,
1543 5143 1691 5189 recte
1730 5145 1785 5189 et
1810 5134 1956 5205 juste

2069 5134 2189 5187 κίον
2211 5132 2505 5201 δεξάμενος
2530 5129 2720 5184 Ὀδόακ
2731 5146 2838 5201 ρος.
2861 5129 3199 5199 Ἐκπέμψειν
3230 5127 3338 5197 γὰρ
3364 5124 3549 5186 αὑτὸν,
3590 5123 3651 5175 εί

386 5227 675 5294 facturum,
720 5227 767 5283 si
814 5240 845 5280 a
888 5226 1089 5296 Nepote
1138 5226 1483 5296 imperatore}
1512 5223 1762 5281 Odoacer
1790 5227 1962 5294 patri-

2076 5225 2150 5296 μὴ
2182 5224 2382 5285 Νέπως
2420 5222 2739 5291 ἑπεφθάκει.
2780 5221 3051 5275 Ἐπαινετν
3101 5221 3178 5287 δὲ,
3206 5220 3281 5284 ώς
3311 5215 3484 5289 ἀρχὴν
3518 5216 3651 5266 ἑπι-

1687 5359 1920 5416 vanus
1957 5340 2364 5414 Lacrimis.

464 5480 741 5548 “eliditur;
776 5480 861 5543 B.,
890 5479 1075 5540 ἄδολος
1123 5478 1269 5546 vulg.
1350 5480 1390 5511 "
1426 5477 1690 5531 ἐνέδωκαν
1747 5476 1837 5540 N.,
1871 5479 2177 5533 συνέδωκαν
2205 5478 2348 5546 vulg.
2425 5478 2469 5509 “
2493 5477 2571 5537 είς
2598 5478 2696 5546 τὴν
2739 5478 2931 5546 ἑτέραν
2967 5475 3096 5548 γῆν]
3129 5478 3208 5539 είς
3232 5474 3651 5548 τὴνγσφιτέραν

387 5548 490 5614 γῆν
520 5547 663 5615 Vah,
685 5552 845 5617 idque
871 5560 989 5618 post
1019 5544 1292 5618 θέλοντας.
1340 5550 1381 5580 ’ί
1415 5550 1577 5618 αὑτὸν
1602 5550 1747 5615 vulg.
1803 5551 1846 5581 ¹²
1873 5550 1900 5600 ό
1925 5554 1963 5601 Α

2092 5551 2121 5601 ὁ
2158 5566 2208 5602 τ.
2254 5544 2331 5601 Ὁ.
2359 5548 2433 5599 υἱ.
2472 5549 2630 5618 male,
2653 5544 2809 5618 culpa
2833 5544 3119 5617 ‘eclogarii,
3152 5563 3249 5618 pro
3278 5544 3641 5618 Odoacro.l\'.

388 5613 457 5647 ⁸³⁷
471 5613 737 5719 μάκλμον]
760 5613 1081 5719 ’ὄνταηθιιιιῦ
1105 5617 1168 5671 Ν.
1226 5619 1273 5719 ’λδ
1320 5636 1378 5671 τε
1395 5617 1498 5719 ιβ’,
1544 5618 1601 5670 δὲ
1646 5613 1790 5719 Ἶηίνῖ.
1868 5620 1918 5719 ’ἶ
1960 5646 1963 5664 ι

2066 5618 2419 5719 ησθηοιόεμενοι
2466 5616 2711 5719 ‘Cantocl.
2747 5613 3169 5688 ⁷ουνθησόμενοί
3204 5618 3348 5687 vulg.
3425 5616 3470 5646 "
3520 5613 3646 5665 είσ-

386 5686 687 5757 ηγήσεσθαι
733 5690 873 5755 conj.
907 5690 965 5741 Β.
1039 5692 1081 5720 ’τ
1110 5690 1363 5743 κατιόντα
1395 5688 1509 5742 Val.
1541 5686 1776 5741 κατιόντι
1834 5690 1958 5760 vulg

2066 5686 2098 5719 ⁸³
2132 5686 2354 5755 πράξοιε
2391 5688 2535 5757 vulg.
