4006 6214
436 270 537 338 737

1380 275 1780 339 EXCERPTA
1830 275 1935 338 EX
1970 273 2279 339 MALCHO
2312 274 2676 342 RHETORE

3570 280 3678 350 788

439 383 792 455 gerebantur,
809 384 989 440 sciret.
1013 383 1221 439 interea
1248 387 1625 455 comprehensi
1652 395 1777 442 sunt
1803 385 1898 456 qui
1921 399 2007 452 ea,
2035 442 2036 447 η

2141 405 2379 460 πεμπον,
2414 391 2549 445 ἀλλὰ
2580 392 2673 445 καὶ
2701 390 2809 445 τῶν
2842 392 2900 445 ἐν
2932 394 3075 447 τέλει
3110 386 3469 465 πλαττόμενοι
3497 398 3679 468 γράμ-

441 490 561 544 αιιω
594 476 646 529 in
678 475 810 528 urbe
842 474 978 528 facta
1014 482 1189 538 erant,
1222 476 1289 530 ad
1312 475 1742 532 Theuderichum
1773 476 2003 546 scripsea

2119 497 2263 550 ματα
2296 481 2491 552 ἐκείνῳ
2547 484 2866 538 ἐπέστελλον
2884 485 2953 550 ³⁸,
3005 485 3295 556 θαρσύνειν
3343 488 3683 559 βουλόμενοι,

446 575 590 629 rant,
611 563 899 618 Anthimus
930 563 1195 628 medicus,
1221 564 1563 621 Marcellinus
1591 576 1645 621 et
1674 566 2003 635 Stephanus,

2140 571 2189 633 b:
2234 573 2448 636 ἱκανοὺς
2476 574 2671 643 ἔχοντα
2711 576 2837 639 τοὺς
2878 577 3333 648 συμπράττοντας
3354 579 3521 632 ἔνδον.
3574 579 3688 632 Καὶ

442 664 497 708 et
526 668 629 707 non
659 651 831 707 solum
869 666 997 729 quas
1030 654 1269 724 ipsorum
1295 655 1528 721 litteras,
1561 655 1656 711 sed
1688 656 1854 711 etiam
1887 671 2005 709 ma-

439 743 761 817 gistratuum
793 747 1148 815 quorumdam
1179 748 1551 816 supposititias
1587 748 1652 801 ad
1681 762 1803 803 eum
1840 748 2007 801 mise-

442 844 588 901 runt,
614 836 810 905 quibus
837 835 1101 906 iubebant
1128 839 1273 893 illum
1318 840 1460 895 bono
1488 839 1670 894 animo
1715 854 1858 905 esse,
1891 849 2010 892 tan-

2117 664 2265 733 τρεῖς
2313 664 2423 716 τῶν
2457 664 2565 716 ἀπὸ
2623 663 2835 733 βουλῆς,
2891 665 2984 719 τοῦ
3038 667 3341 738 μαγίστρου
3394 669 3686 739 παρόντος.

2119 752 2479 818 ἰξετάσαντες
2506 755 2699 819 ταῦτα,
2717 757 2808 810 καὶ
2836 757 3054 828 πληγὰς
3072 759 3144 813 τὰ
3170 758 3398 829 σώματα
3420 756 3621 821 πολλὰς
3638 761 3689 793 ³⁸

2119 843 2451 914 ἐπιθέμενοι,
2501 846 2680 918 φυγὴν
2727 847 2961 915 εἰσάπαξ
3013 849 3312 919 ἐπέθηκαν.
3367 850 3537 913 Δῆθεν
3576 850 3690 921 γὰρ

441 940 605 994 quam
636 927 833 984 multos
858 944 1079 985 suarum
1110 931 1341 999 partium
1376 931 1613 985 fautores
1657 931 1796 984 intra
1827 930 2012 984 urbem

2140 934 2418 1005 ιπέχεσθαι
2476 938 2709 992 θανάτου
2759 940 2852 993 καὶ
2904 942 3130 1010 σφαγῶν
3185 940 3363 995 δοκεῖν
3412 943 3441 994 ὁ
3496 944 3693 1013 Ζήνων

443 1027 589 1073 esset
614 1018 914 1077 habiturus.
946 1017 1083 1076 Tres
1116 1037 1180 1076 ex
1229 1031 1416 1077 senatu
1464 1031 1730 1092 praesente
1758 1022 2016 1090 magistro
2116 1024 2392 1082 ἐϐούλετο.

445 1107 512 1161 de
543 1107 628 1163 his
672 1109 1028 1178 quaestionem
1080 1110 1402 1174 habuerunt,
1446 1125 1580 1178 quos
1634 1110 1815 1164 multis
1876 1110 2042 1166 illatis
2079 1113 2249 1182 plagis
2278 1129 2538 1187 perpetuo
2569 1122 2760 1176 exsilio
2785 1122 3228 1180 condemnarunt.
3278 1124 3486 1196 Quippe
3556 1141 3697 1197 ευρ-

448 1199 623 1267 pliciis
652 1198 798 1255 Zeno
823 1210 875 1256 et
907 1201 1142 1256 cmdibus
1169 1202 1441 1257 abstinere
1471 1202 1641 1256 videri
1672 1202 1902 1258 volebat.

517 1288 573 1345 5.
609 1288 764 1361 (Eod.
795 1288 859 1344 A.
890 1288 953 1345 C.
984 1289 1068 1344 vel
1097 1289 1220 1353 4⁵18,
1250 1288 1364 1344 Ind.
1398 1306 1436 1355 ι,
1471 1291 1675 1347 Zenon.
1708 1289 1785 1362 5.)
1816 1290 2018 1346 Eodem

449 1396 665 1453 quoque
700 1395 842 1435 anno
894 1381 1049 1451 legati
1083 1397 1111 1434 a
1142 1381 1471 1455 Carthagine
1500 1381 1820 1452 Byzantium
1858 1397 2019 1437 vene-

451 1481 599 1536 runt,
635 1487 772 1542 quos
816 1470 1142 1537 Alexander,
1193 1473 1377 1527 uxoris
1427 1470 1633 1543 Olybrii
1674 1483 2020 1541 procurator,

451 1565 704 1628 ducebat,
737 1565 826 1635 qui
859 1564 972 1634 jam
1012 1564 1139 1618 olim
1188 1579 1217 1617 a
1256 1563 1489 1625 Zenone,
1525 1562 1760 1618 Placidia
1794 1578 2024 1618 consen-

455 1655 643 1721 tiente,
676 1657 870 1710 missus
901 1654 1095 1709 fuerat.
1133 1655 1395 1710 Dicebant
1422 1669 1549 1708 vero
1583 1654 1767 1723 legati,
1794 1653 2026 1709 Honori-

2190 1304 2252 1351 ε’.
2282 1299 2406 1354 Ὅτι
2432 1300 2512 1371 τῷ
2539 1300 2688 1374 αὐτῷ
2714 1303 2825 1358 ἔτει
2854 1306 3116 1376 πρέσϐεις
3144 1309 3209 1361 ὲκ
3249 1305 3593 1377 Καρχηδόνος
3626 1308 3695 1371 ἐς

2122 1391 2417 1456 Βυζάντιον
2449 1390 2634 1465 ἦλθον,
2671 1394 2766 1459 οὓς
2803 1397 3149 1467 Ἀλέξανδρος
3177 1394 3314 1468 ἦγεν
3338 1401 3367 1453 ὁ
3393 1399 3494 1467 τῆς
3532 1402 3698 1453 Ὀλυ-

2122 1480 2278 1552 6ρίου
2306 1483 2351 1515 ³⁸
2375 1484 2634 1552 γυναικὸς
2663 1486 2962 1557 ἐπίτροπος
2982 1504 2995 1518 ·
3024 1487 3083 1549 ὃς
3117 1487 3381 1558 ἐτύγχανε
3414 1490 3698 1559 πεμφθεὶς

2125 1576 2228 1629 ὑπὸ
2260 1578 2509 1646 Ζήνωνος
2544 1579 2733 1645 πάλαι,
2782 1578 3150 1648 συνθελούσης
3197 1579 3293 1632 καὶ
3332 1578 3503 1648 αὐτῆς
3528 1579 3711 1633 τοῦτο·

2124 1670 2224 1739 τῆς
2251 1669 2800 1738 Πλακιδίας.Ἐλεγον
2833 1670 2890 1723 δὲ
2917 1671 2965 1724 οί
2992 1669 3275 1739 πρέσόεις,
3299 1669 3694 1741 ὃτιὈνώριχος

452 1746 614 1801 cltum
651 1739 786 1799 v‘elle
815 1759 933 1797 cum
984 1744 1313 1813 imperatore
1351 1744 1471 1797 sine
1516 1742 1704 1795 fraude
1729 1743 2023 1798 amicitiam

2140 1733 2281 1831 φίλος
2314 1778 2371 1814 τε
2396 1761 2474 1831 τῷ
2506 1733 2729 1833 βασιλεῖ-
2750 1733 3079 1833 καθεστήκοι
3109 1733 3446 1825 ἀδόλως,καὶ
3470 1733 3693 1833 erepte-{ot

454 1834 779 1890 contrahere
815 1841 870 1888 et
924 1830 1286 1888 Romanorum
1345 1840 1526 1903 partes
1577 1831 1848 1899 amplecti.
1896 1831 2026 1897 Qua:

456 1938 614 1983 antea
673 1925 977 1997 repetiisset
1030 1925 1096 1979 de
1145 1923 1407 1977 reditibus
1452 1929 1506 1977 et
1545 1922 1792 1991 pecuniis
1841 1925 2027 1982 uxoris

457 2036 589 2085 sum,
621 2035 738 2088 qua:
769 2016 880 2074 Leo
912 2017 1010 2087 ipsi
1068 2014 1451 2086 prteripuisset,
1482 2029 1709 2084 quaeque
1761 2025 2029 2070 mercato-

460 2114 612 2192 ribus
659 2106 1197 2180 Carthaginiensibus
1248 2123 1342 2178 per
1391 2107 1610 2173 bellum,
1661 2108 1803 2176 quod
1862 2122 2031 2177 nuper

464 2202 658 2266 fuerat,
687 2209 836 2270 rapta
869 2210 923 2255 et
971 2200 1149 2254 ablata
1185 2207 1385 2266 essent,
1415 2208 1470 2253 et
1514 2198 1567 2252 in
1600 2199 1909 2254 universum
1942 2214 2026 2265 ea,

464 2294 530 2346 de
558 2288 756 2361 quibus
781 2301 934 2361 pater
956 2291 1070 2360 ejus
1099 2305 1218 2344 cum
1251 2288 1509 2346 Romanis
1538 2289 1818 2359 litigassct,
1847 2291 2031 2345 remit-

462 2394 578 2441 tere
609 2395 663 2441 et
693 2389 1021 2442 condonare.
1072 2384 1305 2441 Firmam
1339 2394 1393 2440 et
1421 2385 1667 2440 stabilem
1703 2398 1886 2453 pacem
1940 2398 2032 2452 pe-
2066 2381 2069 2384 ⁴

463 2487 597 2544 tere,
645 2492 822 2547 neque
867 2478 1162 2551 quidquam
1204 2476 1525 2545 suspicionis
1574 2475 1830 2531 Romanis
1869 2476 2032 2530 relin-

461 2584 628 2640 quere
653 2570 930 2634 statuisse,
969 2569 1258 2639 quominus
1294 2582 1395 2636 pax
1420 2576 1473 2622 et
1492 2566 1669 2621 foedus
1701 2566 1819 2621 sine
1847 2566 2035 2620 fraude

463 2671 878 2731 componeretur
939 2679 954 2716 :
1019 2661 1238 2715 multam
1295 2674 1506 2727 quoque
1562 2659 1789 2728 gratiam
1838 2658 2037 2713 habere

464 2753 799 2823 imperatori,
829 2753 971 2823 quod
1011 2751 1218 2823 Olybrii
1249 2765 1473 2807 uxorem
1524 2750 1730 2805 honore
1758 2747 2036 2814 .all‘ecerit,

466 2844 607 2913 quod
636 2842 762 2912 quia
794 2841 1142 2909 intellexerit,
1169 2842 1383 2905 adduci,
1407 2850 1466 2896 ut
1496 2840 1699 2906 omnia,
1721 2854 1839 2911 qua:
1866 2840 2039 2909 impe-

470 2943 618 2991 rator
656 2934 902 3000 voluerit,
937 2933 1117 2989 facere
1145 2943 1365 3002 paratus
1391 2934 1479 2989 sit.
1519 2934 1625 2989 ista
1657 2948 1787 2999 vero
1825 2933 1892 2988 ad
1917 2946 2037 3002 spe-

466 3028 605 3083 ciem
633 3036 837 3082 tantum
868 3027 1095 3083 conﬁcta
1140 3036 1296 3081 erant
1330 3044 1344 3081 :
1383 3041 1569 3081 revera
1600 3026 1743 3082 enim
1790 3023 2040 3095 quamvis

468 3118 593 3175 belli
640 3117 984 3174 occasionem
1038 3103 1318 3173 timebant.
1367 3110 1581 3172 Etenim
1632 3124 1753 3184 post
1808 3123 2036 3170 mortem

467 3209 745 3268 Gcnserici
781 3208 834 3264 in
864 3223 1075 3264 onmem
1122 3209 1401 3264 mollitiem
1448 3208 1807 3273 devenerant;
1863 3218 2039 3275 neque

467 3301 692 3372 pristim
722 3298 1039 3356 fortitudine
1090 3300 1158 3355 ad
1196 3299 1335 3355 bella
1372 3298 1604 3368 gerenda
1632 3298 1910 3369 vigebant,
1948 3311 2039 3352 ne-

467 3405 574 3460 que
602 3390 821 3445 eosdem
857 3389 1124 3445 exercitus
1164 3388 1401 3451 alebant,
1434 3402 1569 3456 quos
1617 3386 1946 3441 Gensericns
1972 3389 2040 3441 ad

468 3496 660 3537 omnes
718 3480 1033 3536 occasiones
1089 3480 1382 3533 instructos
1436 3478 1690 3544 habebat,
1722 3484 1780 3529 ut
1831 3492 2043 3548 semper

469 3570 747 3625 celeritate
796 3568 1124 3639 exsequendi
1159 3568 1271 3639 96
1307 3567 1532 3621 aliorum
1581 3566 1808 3622 consilia
1839 3583 2041 3637 praeve-

471 3659 613 3715 niret
647 3670 705 3714 et
733 3666 1113 3714 anteverteret.
1148 3657 1376 3728 Legatos
1411 3655 1558 3712 Zeno
1597 3655 1898 3711 liberaliter
1948 3671 2045 3712 ex-

471 3752 617 3822 cepit
646 3762 702 3808 et
726 3752 928 3827 honore
953 3752 1135 3808 debito
1156 3760 1239 3806 est
1269 3759 1613 3819 prosecutus,
1645 3759 1700 3802 et
1730 3750 2046 3803 muneribus

472 3858 571 3914 pro
600 3844 794 3899 merito
813 3852 1036 3899 ornatos
1068 3842 1291 3904 dimisit,
1319 3850 1375 3896 et
1393 3840 1756 3897 Alexandrum
1782 3840 2040 3897 comitem

370 3962 379 3971 -
472 3938 805 4005 privatarum
834 3950 1013 3991 rerum
1044 3934 1194 3991 fecit.

542 4029 598 4084 6.
632 4029 720 4100 (A.
758 4029 819 4084 C.
861 4030 987 4094 479,
1020 4029 1136 4085 1nd.
1180 4030 1235 4097 2,
1270 4018 1570 4101 Zenon.6.)
1612 4030 2045 4094 Theuderichus,

479 4120 699 4186 Triarii,
747 4130 803 4175 et
850 4119 1276 4185 Theuderichus,
1307 4121 1597 4188 .Balameri
1650 4121 1810 4188 ﬁlius,
1860 4121 2045 4188 Gothi,

475 4211 680 4267 findere
705 4220 987 4277 caverunt,
1031 4226 1100 4266 ne
1145 4212 1286 4266 inter
1332 4226 1391 4265 se
1441 4210 1640 4265 bellum
1687 4220 1959 4280 gererent,
1995 4218 2052 4265 et

476 4301 682 4372 legatus
711 4298 1026 4370 Byzantium
1061 4299 1305 4354 mittunt.
1335 4296 1600 4353 Balameri
1630 4297 1773 4352 ﬁlius
1815 4297 2049 4367 impera-

2127 1857 2195 1912 τὰ
2225 1856 2535 1926 Ῥωμαίων,
2561 1856 2659 1911 καὶ
2692 1854 2886 1926 ἀφίησι
2917 1856 3114 1917 πάντα,
3133 1855 3169 1906 ἃ
3189 1855 3423 1926 πρόσθεν
3442 1854 3697 1907 ἐνεκάλει

2128 1949 2256 2021 περί
2284 1955 2343 2003 τε
2373 1949 2480 2002 τῶν
2522 1948 2800 2020 προσόδων
2834 1947 2929 2002 καὶ
2965 1946 3074 2001 τῶν
3098 1946 3274 2000 ἄλλων
3300 1947 3621 2017 χρημάτων,
3656 1945 3700 2000 ἃ

2129 2042 2227 2112 τῆς
2254 2039 2421 2095 αὐτοῦ
2450 2040 2709 2110 γυναικὸς
2738 2038 3056 2111 προειλήφει
3082 2038 3110 2092 ό
3140 2037 3312 2101 Λέων,
3343 2037 3437 2091 καὶ
3457 2039 3558 2091 ὅσα
3587 2036 3699 2089 τῶν

2130 2135 2386 2205 ἐμπόρων
2411 2133 2519 2187 τῶν
2542 2134 2604 2186 ὲκ
2640 2134 2738 2201 τῆς
2766 2131 3114 2202 Καρχηδόνος
3138 2131 3261 2201 ἄρτι
3291 2127 3698 2198 καθισταμένου

2129 2227 2224 2282 τοῦ
2260 2225 2498 2297 πολέμου
2549 2224 2781 2297 ἐλήφθη,
2813 2225 2908 2277 καὶ
2938 2223 2992 2277 εί
3016 2240 3067 2276 τι
3096 2222 3226 2276 ἄλλο
3248 2220 3413 2277 πάλαι
3450 2221 3479 2272 ό
3514 2216 3699 2287 πατὴρ

2133 2319 2270 2390 πρὸς
2308 2317 2614 2387 Ῥωμαίους
2645 2314 2896 2369 ὁπωσοῦν
2939 2314 3096 2385 ἔσχεν
3137 2312 3351 2366 αἰτίαν
3383 2311 3483 2381 τήν
3520 2326 3582 2362 τε
3623 2309 3701 2360 εί-

2137 2411 2304 2483 ρήνην
2334 2409 2478 2481 ἔχειν
2524 2408 2703 2479 ἀξιοίη
2740 2405 2985 2478 βεϐαίαν,
3019 2406 3113 2459 καὶ
3144 2404 3310 2474 μηδὲν
3345 2397 3482 2455 εἶναι
3510 2398 3701 2452 λοιπδν

2134 2503 2246 2565 τοῖς
2285 2499 2577 2571 Ῥωμαίοις
2626 2497 2867 2560 ὕποπτος
2910 2495 2991 2566 τῷ
3039 2495 3114 2565 μὴ
3157 2495 3278 2563 οὐχὶ
3325 2492 3563 2562 γνησίοις
3599 2488 3703 2550 τὰς

2137 2593 2371 2656 σπονδὰς
2395 2590 2733 2662 ἐμπεδώσειν
2750 2591 2816 2655 ³⁷,
2863 2590 2959 2643 καὶ
2989 2590 3089 2642 ὅσα
3128 2586 3229 2658 ἥδη
3260 2585 3559 2638 συνέκειτο.
3609 2580 3701 2634 El-

2135 2686 2284 2740 δέναι
2331 2686 2442 2755 γὰρ
2484 2685 2666 2755 χάριν,
2706 2683 2788 2738 ὅτι
2833 2683 2933 2754 τὴν
2975 2669 3574 2751 Ὀλυϐρίου’τετιμήκοι
3602 2688 3703 2741 γυ-

2137 2780 2303 2833 ναῖκα
2322 2794 2336 2809 ·
2369 2779 2466 2832 καὶ
2500 2776 2676 2831 ταῦτα
2706 2774 3011 2846 πυθόμενος
3040 2773 3218 2827 πάντα
3256 2770 3473 2838 ἕτοιμος
3505 2762 3573 2837 ἦν
3603 2764 3704 2836 βα-

2141 2867 2279 2924 σιλεῖ
2312 2870 2590 2939 πράττειν,
2644 2867 2740 2921 ἃ¹⁸
2801 2866 3061 2938 βούλοιτο.
3105 2858 3215 2916 Ἧν
3256 2860 3313 2913 δὲ
3358 2858 3517 2913 τοῦτο
3565 2856 3708 2927 πρόο

2142 2979 2243 3033 σχη
2254 2978 2328 3030 μα
2357 2959 2634 3031 εὐπρεπὲς
2649 2958 2694 2992 ³³
2713 2957 2790 3030 τῷ
2818 2957 2982 3027 λόγῳ,
3001 2954 3121 3010 ἐπεὶ
3144 2954 3205 3008 τό
3225 2971 3289 3022 γε
3305 2950 3505 3019 ἀληθὲς
3525 2951 3710 3002 πᾶσαν

2067 3065 2113 3124 c
2142 3054 2476 3108 ἐδεδοίκεσαν
2501 3051 2737 3121 ὑποψίαν
2762 3049 3024 3117 πολέμου,
3059 3047 3155 3100 καὶ
3183 3044 3320 3115 μετὰ
3350 3041 3442 3096 τὸν
3477 3040 3712 3094 θάνατον

2140 3144 2450 3216 Γινςιρίχου
2501 3143 2761 3206 πεσόντες
2811 3142 2870 3204 ἐς
2908 3140 3091 3192 πᾶσαν
3143 3135 3413 3207 μαλακίαν
3443 3131 3567 3186 οὔτε
3611 3131 3713 3199 τὴν

2142 3238 2315 3307 αὐτὴν
2363 3234 2555 3308 ῥώμην
2604 3233 2662 3296 ὲς
2690 3233 2990 3303 πράγματα
3018 3227 3194 3298 ἔσχον,
3243 3226 3369 3279 οὕτε
3410 3225 3506 3287 τὰς
3536 3221 3717 3285 αὐτὰς

2141 3327 2222 3381 ἔτι
2271 3328 2512 3396 συνεῖχον
2550 3321 2930 3393 παρασκευὰς,
2973 3318 3041 3384 ἃς
3081 3320 3288 3380 ἐκεῖνος
3331 3316 3467 3386 πρὸς
3528 3315 3717 3366 πᾶσαν

2144 3418 2346 3490 πρᾶξιν
2387 3414 2533 3487 εἶχεν
2563 3416 2863 3486 ὲφόρμους,
2892 3412 2970 3476 ὡς
3010 3412 3204 3466 θᾶττον
3238 3409 3327 3463 ἀεὶ
3354 3407 3639 3477 πράττειν,
3674 3404 3712 3474 ἢ

2144 3514 2220 3574 ὡς
2264 3512 2331 3565 ἂν
2370 3510 2529 3573 ἄλλος
2583 3506 2934 3579 βουλεύσαιτο
2950 3506 3019 3560 ⁸ο.
3073 3503 3373 3573 Δεξάμενος
3411 3499 3468 3551 δὲ
3512 3492 3720 3558 αὐτούς

2146 3602 2485 3674 φιλοφρόνως
2516 3600 2545 3653 δ
2562 3597 2952 3671 Ζήνων,τιμῆς
2978 3595 3075 3665 μὲν
3103 3594 3302 3664 ἠξίωσε
3331 3589 3556 3658 δεούσης
3583 3586 3722 3648 τοὺς

2145 3691 2439 3763 πρέσϐεις,
2495 3690 2589 3743 καὶ
2659 3686 2855 3758 δώροις
2910 3682 3202 3754 ἀπέπεμψε
3264 3682 3379 3744 τοῖς
3440 3678 3720 3749 πρέπουσι

2146 3784 2469 3854 κοσμήσας,
2537 3779 2884 3850 Ἀλέξανδρον
2942 3776 3001 3832 δὲ
3065 3776 3214 3830 ποιεῖ
3267 3772 3379 3826 τῶν
3434 3769 3723 3841 πριδὰτων

2147 3875 2391 3946 κόμητα.⁰

2219 4125 2296 4184 ς’.
2342 4116 2467 4171 Ὅτι
2517 4114 2791 4184 συνθήκας
2837 4111 2972 4184 πρὸς
3030 4110 3297 4179 ἀλλήλους
3354 4105 3726 4176 ποιησάμενοι

2149 4207 2472 4278 Θευδόριχος
2499 4207 2595 4260 καὶ
2628 4209 2657 4260 ό
2678 4204 2939 4275 Τριαρίου
2958 4204 3000 4237 ⁵⁸
3035 4205 3084 4257 oi
3125 4202 3311 4255 Γότθοι
3343 4198 3419 4271 μὴ
3459 4197 3729 4266 πολεμεῖν

2147 4298 2420 4370 ἀλλήλοις,
2462 4297 2773 4367 πέμπουσιν
2813 4296 2983 4366 ἄμφω
3011 4294 3270 4365 πρέσϐεις
3301 4291 3395 4343 ἐπὶ
3419 4289 3481 4342 τὸ
3513 4287 3730 4350 Βυζάν-

478 4401 647 4446 torem
679 4391 987 4455 accusabat,
1020 4391 1162 4460 quod
1188 4404 1247 4445 se
1286 4388 1627 4457 prodidisset,
1658 4397 1712 4443 et
1755 4388 1880 4457 quia
1911 4388 2036 4443 nihil

2151 4406 2288 4454 τιον,
2317 4391 2346 4443 ό
2372 4388 2471 4461 μὲν
2497 4386 2591 4441 τού
2617 4386 2947 4458 Βαλαμήρου
2986 4385 3066 4456 τῷ
3092 4383 3302 4449 βασιλεῖ
3331 4377 3601 4449 ἐγκαλῶν,
3635 4376 3729 4429 ὅτι

479 4481 601 4536 tidei
651 4480 835 4535 inesse
890 4480 996 4546 his,
1053 4494 1172 4549 quae
1226 4480 1576 4548 promiserat,
1634 4477 1946 4547 reperisset,
1996 4478 2036 4532 id

2153 4479 2545 4553 προδεδομένος
2572 4478 2662 4531 ὑπ’
2695 4478 2907 4532 ἐκείνου
2932 4477 3214 4547 τυγχάνει,
3236 4474 3333 4528 καὶ
3359 4473 3436 4534 ὡς
3463 4469 3573 4524 τῶν
3584 4480 3734 4521 ’συν-

479 4587 659 4627 causa!
691 4570 875 4637 fuisse,
910 4579 969 4624 ut
995 4583 1117 4624 cum
1148 4570 1524 4624 Theudericbo
1560 4569 1893 4626 conveniret.
1944 4569 2051 4626 Pc-

483 4676 596 4718 tere
618 4669 796 4716 autem
828 4661 1098 4731 regionem
1128 4662 1254 4726 sibi,
1280 4661 1467 4732 inqua
1494 4671 1884 4728 commoretur,
1907 4660 2048 4729 dari,

480 4764 536 4810 et
584 4752 916 4807 frumentum
963 4753 1320 4823 suppeditari,
1367 4753 1506 4823 quod
1558 4751 1752 4808 alemlo
1789 4754 2050 4810 exercitui

480 4860 653 4918 usque
705 4847 771 4902 ad
803 4862 1031 4903 messem
1080 4847 1216 4901 satis
1258 4855 1422 4903 esset.
1460 4844 1530 4902 Ut
1571 4847 1731 4901 etiam
1784 4847 2050 4901 reditunm

485 4938 698 5010 imperii
724 4950 1028 5003 coactores,
1055 4954 1190 5008 quos
1224 4939 1547 4994 domesticos
1572 4936 1800 4993 Romani
1830 4944 2045 5001 vocant,

479 5048 644 5102 quam
684 5032 916 5102 primum
949 5032 1149 5095 mittat,
1180 5032 1270 5099 qui
1306 5033 1571 5084 rationem
1622 5029 1913 5084 redderent
1956 5043 2050 5082 eo-

486 5140 626 5191 rum,
656 5138 776 5194 quaa
803 5122 1122 5192 receperint.
1161 5120 1224 5175 Ni
1252 5136 1315 5175 ea
1343 5121 1570 5175 Romani
1604 5119 1852 5182 fecerint,
1872 5121 1924 5172 in
1952 5134 2045 5172 sua

483 5224 748 5285 potestate
774 5228 879 5268 non
907 5227 1027 5267 esse
1061 5222 1166 5265 tam
1201 5227 1448 5282 uiaguam
1496 5210 1709 5264 turbam
1742 5209 2047 5275 continere,

481 5309 612 5377 quin
649 5307 866 5377 rapinas
895 5316 951 5360 et
979 5305 1189 5374 pradas
1217 5312 1400 5373 agant,
1428 5318 1495 5357 cx
1523 5300 1722 5371 quibus
1751 5316 1903 5354 suam
1935 5300 2050 5353 iuo-

2151 4567 2416 4622 τεθέντων
2446 4566 2598 4620 οὐδὲν
2630 4566 2807 4639 εὑρὼν
2846 4564 3045 4635 ἀληθὲς
3089 4563 3395 4634 Θευδερίχιρ
3446 4557 3726 4629 συμϐαίη.

2153 4658 2329 4725 αἰτῶν
2349 4658 2407 4713 δὲ
2439 4656 2623 4728 χώραν
2654 4643 2826 4728 αύτῷ,
2849 4657 2909 4710 ὲν
2931 4650 2966 4729 ᾗ
2993 4655 3167 4727 μένοι,
3186 4651 3540 4723 δοθῆναι,καὶ
3556 4652 3733 4712 σῖτον,

2152 4750 2302 4813 ὅστις
2327 4747 2477 4819 αύτῷ
2514 4748 2612 4801 καὶ
2640 4746 2804 4819 μέχρι
2848 4743 3064 4816 καρποῦ
3094 4743 3190 4797 τδν
3223 4740 3455 4814 στρατὸν
3498 4736 3731 4807 ἔξαρχός

2157 4861 2242 4897 σει
2265 4843 2495 4911 διάγειν,
2520 4842 2616 4895 καὶ
2638 4839 2764 4903 τοὺς
2789 4835 3151 4909 προαγωγῆς
3170 4833 3279 4887 τῶν
3301 4832 3605 4901 λημμάτων
3628 4827 3734 4895 τῆς

2156 4936 2373 5006 ἀρχῆς,
2423 4932 2521 4995 οὒς
2577 4929 2930 5001 δομεστίκους
2975 4924 3204 4980 καλοῦσι
3274 4920 3573 4990 Ῥωμαῖοι,
3633 4920 3735 4969 ὲκ-

2158 5029 2399 5097 πέμπειν
2428 5025 2502 5087 ὡς
2526 5023 2777 5089 τάχιστα,
2811 5020 2970 5089 λόγον
2997 5017 3238 5079 διδόντας
3262 5007 3338 5068 ὧν
3372 5011 3567 5065 Ιλαόον
3586 5024 3602 5040 ·
3632 5009 3669 5079 ἢ
3690 5009 3735 5040 ⁸³

2161 5117 2236 5187 μὴ
2259 5116 2432 5169 ταῦτα
2457 5111 2801 5182 ποιουμένων
2830 5110 2967 5179 πρὸς
2995 5109 3158 5161 αύτδν
3183 5104 3293 5158 τῶν
3327 5099 3643 5185 Ῥωμαίων,
3669 5097 3737 5149 ού

2157 5206 2485 5278 δυνήσεσθαι
2524 5204 2687 5266 αὐτὸς
2731 5202 2897 5256 πολὺν
2935 5199 3092 5270 δχλον
3139 5196 3391 5267 κατέχειν
3446 5191 3604 5246 τοῦ¹⁵⁸
3659 5188 3746 5259 μὴ

2158 5299 2282 5351 ὅθεν
2327 5296 2574 5349 δύναιντο
2619 5295 2686 5348 δι’
2731 5292 2988 5362 ἁρπαγῆς
3031 5291 3245 5352 ἑαυτοῖς
3294 5281 3743 5354 ἐπανορθοῦσθαι

1741 5393 1970 5450 γΑιιιέΕ
2001 5391 2402 5448 LECTIONES.

488 5570 503 5581 ,
552 5522 598 5554 ιι
626 5517 953 5575 ἀπέστελλον
1002 5515 1143 5587 conj.
1169 5513 1229 5587 Β,
1265 5513 1353 5587 μη
1377 5510 1575 5587 «fama;
1609 5509 1711 5587 e._._
1750 5488 2133 5587 πολλοῖςνιείετ

2203 5508 2250 5540 ³⁸
2292 5505 2572 5574 Ὀλυὸρίου
2618 5503 2754 5567 Val.,
2782 5501 3053 5574 νὰλυαρίου
3082 5500 3226 5574 vuig.
3304 5498 3362 5574 ’ζ
3391 5496 3749 5574 ἐκήπεδώσειν

485 5570 541 5642 et
575 5565 1120 5658 -ι-ιξιθ-όμιξνιῖς*νηΙεῖἾ
1133 5565 1184 5618 δέ
1265 5583 1353 5640 Η..
1380 5576 1425 5646 ᾧ
1449 5565 1591 5649 ιιιιεξ.
1669 5565 1713 5611 ³7³
1744 5565 2013 5658 εὐπρεπὲς
2036 5565 2175 5637 Val“
2201 5565 2483 5658 εύπρεπεξ
2496 5575 2638 5658 v‘ulg.
2678 5574 2727 5658 δῖ
2743 5565 2900 5658 ἄλλος
2934 5565 3287 5658 βουλεύ,σιξ1ιτο
3327 5568 3368 5649 1}
3397 5608 3412 5631 ,
3438 5565 3589 5658 ἁλλοι
3613 5566 3759 5635 βου-

486 5650 768 5711 λεύσαιντό
806 5657 944 5723 νει,
976 5650 1154 5717 ἄλλοις
1188 5652 1565 5724 βουλεύσαιντο
1592 5650 1732 5718 vulg.

1812 5647 1859 5680 “7
1883 5647 2136 5719 Τριάριος
2165 5647 2309 5716 vulg.

2391 5645 2434 5675 "
2457 5644 2488 5713 ἢ
2515 5638 2651 5709 Val,
2683 5645 2729 5696 εί
2758 5645 2899 5712 vulg.
2934 5638 2945 5643 ⁷
2975 5641 3021 5673 ι’
3053 5640 3148 5693 τοῦ
3169 5639 3259 5703 Ν..
3288 5638 3366 5708 τῷ
3398 5640 3542 5705 vulg.
