4006 6214
357 281 463 347 789

1146 284 1241 346 DE
1282 267 1856 351 LEGATIONIBUS
1892 290 2249 353 GENTIUM
2287 293 2385 353 AD
2426 294 2807 356 nummos.

3500 297 3605 358 790

356 392 457 460 τὴν
487 389 718 444 ἔνδειαν.
752 390 935 445 Ταῦτα
969 392 1067 462 μὲν
1097 395 1123 447 ὁ
1155 396 1337 465 ἕτερος
1373 398 1697 470 Θευδέριχτις
1722 401 1927 469 ἔλεγεν,
1960 454 1963 461 ,

2049 403 2173 456 iiam
2198 405 2405 471 possint
2422 407 2721 461 sublevare.
2743 405 2864 460 llaec
2884 405 3099 474 quidem
3127 405 3265 459 alter
3284 409 3564 474 proposuit
3594 430 3603 460 :

354 485 382 534 ό
416 482 599 553 μέντοι
646 484 909 553 Τριαρίου
960 486 1028 539 τά
1075 505 1133 539 τε
1180 488 1275 540 ἐπὶ
1322 490 1547 554 Λέοντος
1605 494 1930 547 συντεθέντα

353 573 504 643 ⁴ήξίου
559 574 712 644 αύτῷ
744 576 958 639 πάντως
992 579 1283 644 γενέσθαι,
1334 584 1428 633 καὶ
1484 586 1591 636 τῶν
1650 568 1932 656 προτέρων

354 667 563 736 χρόνων
588 668 690 731 τὰς
728 669 1012 732 συντάξεις
1041 666 1365 738 λαμϐάνειν,
1407 674 1534 738 τούς
1578 694 1639 729 τε
1664 678 1933 748 κηδεστὰς

355 757 507 825 αύτῷ
536 756 748 820 ζῶντας
779 757 1111 826 ἀποδοθῆναι
1130 773 1144 788 ⁸
1191 760 1319 813 εἰδὲ
1349 763 1444 815 καὶ
1476 763 1585 833 ἄρα
1615 766 1932 835 τεθνήκασι,

357 847 450 898 τόν
490 847 691 900 Ἰλλοῦν
741 848 1106 915 περὶτούτων
1136 850 1404 921 ἐπομόσαι
1447 853 1540 907 καὶ
1584 854 1808 919 ἄλλους,
1851 852 1935 921 οἷς

361 935 526 999 αὐτὸς
555 938 648 989 ἐπὶ
678 938 881 990 τούτων
917 938 1027 991 τῶν
1070 940 1332 1012 ’ῐσαύρων
1366 945 1633 1000 πιστεύει.
1664 948 1848 1017 Ζήνων
1878 948 1936 1001 δὲ

362 1026 689 1096 πυθόμενος,
721 1028 855 1096 πρὸς
884 1029 981 1097 μὲν
1002 1029 1094 1082 τὸν
1123 1029 1450 1103 Βαλαμήρου
1476 1035 1833 1106 ἀπεκρίνατο,
1852 1040 1933 1092 ὄτι

363 1117 526 1180 αὐτὸς
552 1118 634 1186 εἴη
668 1119 937 1190 προδότης
971 1122 1067 1174 καὶ
1102 1122 1280 1178 πάντα
1310 1124 1532 1179 ἐναντία
1563 1120 1645 1190 οἷς
1668 1127 1935 1199 ὑπέσχετο

363 1209 587 1278 δράσας,
642 1210 791 1274 ὅστις
823 1210 1174 1283 διαπολεμεῖν
1207 1216 1580 1287 ὑποσχόμενος
1618 1219 1778 1289 μόνος
1813 1218 1934 1275 εἶτα

364 1299 456 1350 καὶ
496 1298 748 1367 βοήθειαν
806 1302 1253 1374 προσκαλέσηται
1302 1306 1491 1376 ἄλλην,
1529 1310 1691 1362 πάλιν
1747 1312 1805 1365 δὲ
1834 1313 1934 1382 τὴν

365 1388 594 1458 δύναμιν
622 1389 730 1442 τῶν
777 1390 1064 1462 Ῥωμαίων
1092 1395 1332 1460 καλέσας
1361 1398 1545 1468 κρύφα
1575 1402 1711 1471 πρὸς
1741 1402 1936 1456 Θεοδέ-

371 1496 519 1548 ριχον
556 1479 788 1550 πράττει
836 1484 966 1551 περὶ
1004 1484 1222 1553 φιλίας’
1268 1481 1329 1541 οὗ
1363 1488 1425 1560 δὴ
1475 1492 1569 1544 καὶ
1617 1492 1936 1564 αἰσθόμενον

366 1570 458 1621 τὸν
487 1570 795 1640 στρατηγὸν
823 1571 923 1642 τῆς
954 1574 1177 1646 Θρᾴκης
1218 1577 1464 1645 καὶτοὺς
1496 1582 1717 1651 ἄλλους,
1752 1586 1937 1640 ὀπόσοι

363 1658 434 1711 τά
467 1659 758 1727 Ῥωμαίων
815 1662 1104 1729 φρονοῦσι,
1161 1668 1297 1737 μήτε
1345 1670 1744 1741 ἀπηντηκέναι,
1798 1678 1935 1746 μήτε

2037 496 2173 549 alter
2199 495 2627 565 Tbcutlericbus,
2681 499 2902 563 Triarii,
2951 498 3274 568 postulabat,
3328 507 3385 550 ut
3424 500 3605 551 omnia

2037 588 2138 641 sibi
2170 604 2196 641 a
2228 588 2407 643 Leone
2449 592 2711 658 promissa
2764 599 3149 660 praestarentur
3171 632 3185 657 ,
3220 599 3273 645 et
3307 590 3609 658 praeterito-

2040 694 2154 731 rum
2186 694 2448 733 annorum
2484 682 2750 749 stipendia
2780 682 3140 744 solverentur,
3186 692 3239 735 et
3284 681 3477 735 attines
3525 681 3606 733 sui

2036 772 2355 839 superstites
2376 771 2476 826 sibi
2510 772 2895 838 redderentur;
2916 776 2987 828 'de
3014 775 3099 829 bis
3120 784 3322 836 autem,
3343 774 3431 841 qui
3459 788 3605 826 mor-
3646 832 3651 843 λ

2037 861 2113 913 tui
2143 871 2345 928 essent,
2386 863 2539 918 Illum
2569 873 2624 920 et
2649 879 2714 919 ex
2767 865 2966 920 lsauris
2994 866 3152 930 alios,
3185 881 3414 934 quorum
3465 880 3609 919 curae

2037 961 2091 1006 et
2126 955 2385 1009 custodite
2434 956 2711 1023 commissi
2760 956 3203 1026 fuerant,jurare
3244 957 3425 1026 jussit.
3486 955 3607 1008 llaec

2038 1040 2127 1095 ubi
2154 1040 2300 1097 Zeno
2332 1042 2555 1107 audivit,
2586 1041 2962 1099 Theudericho
2994 1045 3248 1099 Bal‘amiri
3289 1058 3605 1112 responsum

2037 1133 2205 1199 dedit,
2234 1147 2359 1187 eum
2386 1147 2507 1189 esse
2526 1134 2877 1203 proditorem,
2896 1135 2987 1203 qui
3009 1136 3191 1190 omnia
3216 1144 3426 1199 contra,
3445 1148 3606 1203 quam
3658 1206 3659 1209 η

2035 1226 2382 1294 promiserat,
2409 1226 2656 1293 fecisset;
2705 1228 2796 1295 qui
2830 1242 2951 1282 cum
2983 1242 3040 1282 se
3074 1229 3245 1281 solum
3286 1227 3483 1281 bellum
3516 1240 3610 1295 ge-

2037 1327 2248 1371 sturum
2281 1317 2439 1371 ﬁdem
2479 1318 2738 1383 dedisset,
2770 1318 2985 1373 aliunde
3020 1318 3221 1373 auxilia
3274 1318 3373 1372 sibi
3422 1332 3611 1370 accere

2038 1408 2199 1462 sisset
2229 1425 2242 1460 :
2277 1416 2480 1463 etcum
2516 1408 2883 1465 Romanorum
2940 1410 3144 1478 copias,
3173 1423 3292 1476 quae
3338 1407 3611 1476 suppetias

2039 1499 2266 1563 ferrent,
2295 1501 2602 1564 accivisset,
2637 1500 2797 1565 clam,
2825 1511 2879 1556 et
2913 1501 3017 1555 illis
3048 1501 3254 1564 insciis,
3288 1513 3409 1553 eum
3437 1496 3615 1551 Then—

2041 1590 2261 1645 dericbo
2289 1590 2582 1645 amicitiam
2605 1590 2999 1656 contraxisset;
3025 1604 3142 1659 quae
3169 1604 3291 1643 cum
3315 1590 3422 1641 dux
3442 1584 3614 1639 'l'bra«

2044 1682 2142 1737 cia!
2170 1691 2223 1737 et
2253 1683 2365 1749 alii,
2394 1682 2704 1753 quicunque
2751 1696 2781 1735 a
2812 1681 3178 1736 Romanorum
3215 1681 3458 1749 partibus
3506 1688 3615 1732 sta-

368 1750 700 1821 συμὸάλλειν
728 1752 878 1822 αὐτῷ
905 1755 1003 1817 τὰς
1028 1734 1287 1826 δυνάμεις
1315 1734 1608 1833 θαρσῆσαι,
1664 1734 1937 1839 (potabilis.-

2049 1778 2186 1832 rent,
2219 1770 2503 1836 vidissent,
2536 1771 2738 1825 veritos
2774 1770 3000 1825 insidias
3049 1771 3115 1823 ad
3167 1770 3315 1824 illum
3356 1768 3617 1823 accedere

368 1855 492 1901 νους
526 1840 768 1912 ἐνέδραν.
795 1842 909 1895 Νῦν
932 1861 989 1895 τε
1015 1847 1061 1897 εἰ
1094 1848 1317 1917 θελήσαι
1353 1851 1488 1921 πρὸς
1510 1854 1673 1909 αὐτὸν
1704 1858 1943 1931 πολεμῆ-

347 1938 492 1993 ’σαι,
536 1932 970 1999 ἐπαγγέλλεσθαι
1029 1938 1177 2008 αὐτῷ
1223 1940 1395 1995 ταῦτα
1441 1942 1634 2015 δώσειν
1670 1949 1935 2002 νικῶντι·

369 2022 594 2090 χρυσίου
618 2022 807 2095 λίτρας
830 2026 1025 2095 χιλίας,
1048 2031 1312 2103 μυριάδας
1334 2032 1375 2086 δ’
1393 2035 1438 2066 ’⁸⁸
1463 2035 1751 2109 ἀργυρίου,
1770 2043 1939 2112 πρόσ-

372 2113 488 2165 οδόν
519 2131 578 2166 τε
612 2117 745 2186 πρὸς
795 2118 1007 2182 τούτοις
1041 2124 1394 2193 νομισμάτων
1426 2130 1664 2201 μυρίων’
1714 2133 1806 2185 καὶ
1841 2134 1941 2202 γά-

379 2204 655 2295 μονγαῦτῷ
687 2206 879 2261 δώσειν
912 2213 1011 2280 τῆς
1054 2213 1337 2287 Ὀλυ6ριου
1366 2220 1551 2284 παιδὸς
1580 2222 1613 2293 ἢ
1641 2224 1807 2295 ἄλλης
1835 2227 1943 2279 τῶν

376 2292 606 2357 ἐνδόξων
629 2297 906 2363 γυναικῶν
940 2300 996 2352 ἐν
1026 2305 1090 2372 τῇ
1123 2303 1300 2358 πόλει.
1330 2307 1516 2361 Ταῦτά
1536 2292 1607 2361 τε
1631 2314 1746 2383 ἅμα
1764 2292 1943 2382 λέγων

372 2384 479 2437 τῶν
524 2404 582 2439 τε
630 2390 1048 2448 ἀποσταλέντων
1100 2398 1230 2467 παρ’
1284 2399 1450 2452 αὑτοῦ
1498 2404 1627 2466 τοὺς
1688 2406 1942 2472 πλείονας

372 2475 552 2540 ἀξίαις
584 2479 815 2551 ἐτίμησε
833 2482 899 2550 ⁸³,
948 2487 1042 2538 καὶ
1092 2489 1351 2558 πρέσϐεις
1396 2492 1685 2549 ἀπέστειλε
1726 2499 1944 2567 πρῶτον

376 2574 476 2642 μὲν
507 2574 811 2645 Φιλόξενον,
843 2575 959 2634 εἶτα
1004 2582 1308 2651 Ἰουλιανόν,
1342 2588 1394 2641 εί
1412 2605 1528 2652 πως
1562 2590 1670 2661 ἄρα
1694 2594 1945 2648 δύναιντο

377 2671 702 2732 μεταπεῖσαι
729 2670 1072 2745 ξυρραγῆναι
1104 2677 1320 2749 ἐκείνῳ.
1351 2679 1439 2743 Ὠς
1469 2681 1525 2734 δέ
1550 2683 1702 2735 οὐδὲν
1730 2684 1939 2750 ἔπειθε,

375 2757 596 2827 πέμψας
626 2762 752 2825 τοὺς
779 2765 1118 2834 στρατιώτας
1154 2770 1210 2831 ἐς
1240 2771 1329 2823 τὸν
1360 2772 1597 2843 πόλεμον
1632 2773 1813 2846 ὥρμα,
1847 2777 1946 2831 καὶ

378 2851 680 2919 παρεκάλει
710 2852 931 2926 θαρσεῖν
961 2859 1036 2921 ὡς
1056 2861 1216 2925 αὐτὸς
1237 2865 1651 2934 ἐκστρατεύσων
1682 2870 1944 2941 καὶκοινῇ

376 2940 476 2993 σὺν
511 2944 741 3008 ἐκείνοις
766 2946 793 2999 ὃ
821 2962 874 3000 τι
900 2949 965 3002 ἂν
994 2950 1103 3003 δέοι
1138 2953 1479 3023 πεισόμενος.
1524 2956 1587 3010 Οἱ
1616 2957 1672 3009 δὲ
1723 2959 1799 3022 ὼς
1846 2961 1945 3014 ἐπ·

2042 1872 2136 1916 aut
2170 1877 2297 1917 suas
2336 1862 2520 1932 copias
2546 1862 2662 1930 ejus
2708 1863 2877 1931 copiis
2920 1861 3251 1932 conjungere
3298 1877 3461 1916 ausos
3510 1876 3627 1937 non.

2044 1970 2183 2009 esse.
2218 1954 2368 2008 Nunc
2398 1954 2585 2018 etiam,
2609 1954 2654 2009 si
2688 1954 2816 2009 velit
2847 1970 2969 2008 cum
3002 1955 3377 2009 Tlieudcriclio
3418 1952 3617 2007 bellum

2043 2044 2246 2109 facere,
2294 2058 2354 2100 se
2405 2044 2644 2111 polliceri
2698 2045 2831 2110 haec,
2877 2045 2922 2099 si
2976 2045 3253 2100 victoriam
3304 2044 3614 2113 reportarit,

2044 2135 2118 2189 illi
2152 2136 2400 2191 daturum
2449 2138 2567 2190 auri
2598 2136 2763 2201 mille,
2808 2136 3012 2207 argenti
3068 2136 3424 2207 quadraginta
3447 2135 3614 2190 millia

2044 2227 2324 2293 librarum,
2360 2236 2415 2282 et
2452 2229 2684 2283 reditum
2729 2228 2915 2284 decem
2963 2228 3189 2283 millium
3229 2241 3516 2281 aureorum
3564 2236 3621 2280 ct

2045 2328 2266 2387 nuptum
2298 2318 2373 2372 illi
2405 2318 2794 2373 collocuturum
2849 2320 3052 2389 Olybrii
3106 2318 3295 2383 tiliam,
3327 2327 3425 2372 aut
3453 2318 3614 2372 aliam

2014 2424 2110 2462 .ex
2168 2409 2555 2465 illustrioribus
2611 2410 2928 2465 mulieribus
2973 2410 3228 2466 civitatis.
3300 2410 3429 2477 Quae
3492 2424 3617 2498 qum

2046 2501 2296 2567 dixisset,
2329 2502 2619 2579 plerosque
2667 2517 2878 2570 eorum,
2907 2505 2999 2574 qui
3043 2503 3193 2559 missi
3236 2511 3415 2568 erant,
3442 2503 3621 2570 digni-

2048 2590 2248 2646 tatibus
2271 2594 2505 2655 ornavit.
2525 2605 2580 2649 et
2606 2594 2720 2663 ipse
2743 2595 2948 2663 legatos
2971 2595 3117 2652 misit
3141 2596 3377 2665 primum
3399 2592 3619 2665 quidem

2048 2682 2432 2751 Pliiloxenum,
2463 2686 2659 2742 deinde
2689 2688 2851 2741 etiam
2881 2686 3175 2751 lulianum,
3203 2687 3247 2744 si
3274 2703 3378 2756 qua
3411 2686 3621 2739 ratione

2047 2786 2273 2847 possent
2313 2793 2435 2832 eum
2466 2779 2755 2846 adducere,
2786 2789 2846 2834 ut
2876 2778 3052 2835 ftedus
3080 2795 3201 2835 cum
3242 2778 3620 2835 Tbeudericho

2048 2869 2303 2923 solveret.
2345 2870 2481 2925 Cum
2529 2871 2661 2926 nihil
2695 2887 2817 2926 eum
2856 2880 3117 2935 moveret;
3147 2871 3385 2927 evocatis
3432 2868 3620 2923 militi-

2050 2956 2152 3013 bus
2204 2959 2403 3014 bellum
2460 2962 2721 3031 suscepit,
2766 2977 2902 3031 quos
2941 2962 3187 3017 hortatus
3238 2970 3340 3028 ρει,
3380 2968 3440 3014 ut
3484 2961 3639 3013 bono.

378 3033 640 3125 ήκουσαν,
671 3036 755 3089 ὅτι
784 3039 947 3103 αὐτὸς
980 3040 1235 3111 βασιλεὺς
1282 3046 1499 3115 ἐξάγειν
1532 3049 1727 3116 ἐθέλοι,
1772 3052 1944 3117 οὕτως

2049 3051 2231 3105 animo
2259 3060 2461 3108 essent.
2495 3051 2566 3109 Se
2612 3053 2755 3108 enim
2795 3054 3154 3108 communiter
3195 3069 3317 3108 eum
3354 3052 3457 3108 illis
3500 3051 3626 3105 belli

377 3121 607 3188 ἕκαστος
653 3128 833 3183 αὐτῶν
862 3133 1125 3203 ἠπείγετο
1177 3137 1365 3192 ἑαυτὸν
1419 3140 1685 3205 ἐπιδεῖξαι
1742 3142 1951 3212 βασιλεῖ

380 3212 578 3271 πολλοῦ
609 3219 759 3282 ἄξιον
782 3222 936 3289 ὄντα,
993 3225 1136 3280 ὥστε
1174 3231 1268 3281 καὶ
1307 3231 1355 3281 οἱ
1387 3232 1653 3302 πρότερον
1682 3238 1795 3298 τοῖς
1829 3239 1954 3307 ήγε-

381 3304 537 3395 μόσιν
581 3309 782 3376 αὐτῶν,
830 3314 918 3383 ἐφ’
961 3310 1004 3385 ᾧ
1045 3322 1119 3387 μὴ
1168 3319 1568 3390 στρατεύοιντο,
1623 3304 1950 3395 ἀργύριον⁴⁶

376 3393 609 3487 διδόντες
633 3401 795 3455 πάλιν
825 3405 906 3467 είς
942 3405 1002 3458 τὸ
1036 3408 1287 3477 μετέχειν
1319 3411 1416 3480 τῆς
1450 3409 1629 3475 ἐξόδου
1664 3393 1947 3487 παρ-εἰχον.

379 3483 492 3536 Καὶ
520 3487 721 3553 πάντες
768 3492 1105 3565 ἀνθήπτοντο
1153 3497 1246 3550 τοῦ
1267 3498 1310 3534 ⁵⁷
1358 3501 1595 3571 πολέμου
1642 3483 1949 3575 ὀργώντες·

383 3576 481 3629 καὶ
524 3578 649 3669 τρύς
698 3597 759 3634 τε
810 3587 1185 3649 κατασκόπους
1229 3590 1355 3652 τοὺς
1415 3592 1569 3662 παρὰ
1628 3595 1950 3669 Θευδερίχου

385 3666 739 3761 πεμφθέντας
784 3675 1128 3746 ἐζώγρησαν,
1174 3680 1268 3731 καὶ
1318 3681 1419 3752 τῆς
1476 3684 1569 3737 τοῦ
1620 3666 1951 3761 Βαλαμήρου

383 3758 631 3829 φυλακῆς
654 3766 865 3833 ιμοῖραν
895 3766 1155 3821 ἐλθοῦσαν
1199 3771 1291 3824 ἐπὶ
1328 3772 1389 3825 τό
1439 3775 1653 3844 μακρὸν
1686 3758 1869 3848 τεῖχος
1903 3784 1951 3834 οἱ

379 3848 499 3901 ἐκεῖ
526 3851 888 3919 φυλάττοντες
938 3857 1257 3931 διαπρεπῶς
1319 3864 1754 3934 ἀπεκρούσαντο.
1800 3870 1953 3925 Ἐπεὶ

379 3939 440 3992 δὲ
463 3942 544 4005 είς
573 3945 674 4017 τὴν
703 3948 869 4002 αὐτοῦ
915 3951 1217 4022 φερόμενος
1245 3957 1272 4007 ὁ
1295 3958 1483 4026 Ζήνων
1506 3960 1825 4032 ἀνεχώρησε
1850 3964 1967 4032 φύ-’

381 4048 491 4101 σιν,
523 4040 618 4091 καὶ
649 4040 754 4094 ὑπὸ
781 4043 880 4113 τῆς
928 4046 1210 4115 συμφύτου
1257 4049 1572 4122 ἀπεσϐέσθη
1610 4053 1834 4121 δειλίας,
1865 4059 1957 4111 ἐν-

378 4126 555 4182 ταῦθα
585 4129 896 4200 ὀργίζονται
926 4138 1021 4190 καὶ
1045 4140 1296 4209 χαλεπῶς
1319 4144 1540 4213 ἔφερον,
1572 4148 1715 4201 κατὰ
1749 4152 1954 4205 συστά-

383 4232 500 4313 est?
554 4239 616 4313 τε
679 4225 953 4296 γινόμενοι
1008 4231 1319 4301 ἐμέμφοντο
1365 4235 1629 4307 ἀλλήλους
1682 4240 1783 4309 τῆς
1827 4243 1955 4313 ὅλης

377 4310 668 4382 ἀτολμίας,
702 4317 813 4370 ei“
868 4324 1061 4391 χεῖράς
1089 4341 1148 4377 τε
1181 4324 1396 4394 ἔχοντες
1446 4329 1541 4381 καὶ
1590 4310 1955 4400 βαστάζοντες

376 4401 524 4454 ὅπλα
574 4404 845 4472 μαλακίας
891 4414 1147 4483 τοιαύτης
1177 4415 1398 4470 ἀκούειν
1437 4419 1740 4489 ἀνέχονται,
1784 4424 1849 4477 δι’
1888 4420 1955 4496 ἧς
1988 4413 2034 4470 Ῑ)

379 4492 569 4557 πόλεις
603 4495 814 4553 ἅπασαι
845 4502 939 4553 καὶ
972 4504 1006 4573 ή
1043 4505 1192 4558 πᾶσα
1235 4506 1526 4579 Ῥωμαίων
1570 4513 1723 4582 ἰσχὺς
1749 4492 1952 4579 ἐξαπό-

380 4582 543 4652 λωλε,
574 4588 792 4643 πάντων
822 4592 910 4645 ἐπ’
943 4594 1193 4662 ἐξουσίας
1239 4603 1703 4671 περικοπτόντων,
1752 4606 1788 4661 ἃ
1824 4608 1953 4678 βού-

382 4679 581 4763 λοιντρ.
619 4681 820 4737 Τοῦτον
853 4686 880 4737 ό
911 4687 1225 4759 Μαρτιανδς
1266 4694 1620 4764 σιινελόμενος
1653 4698 1745 4750 τὸν
1771 4699 1956 4770 θροῦν,

380 4772 592 4842 πέμπει
623 4778 830 4848 Ζήνωνι
876 4781 1071 4850 λέγων,
1122 4786 1205 4837 ὅτι
1253 4786 1335 4839 δεῖ
1373 4789 1434 4841 τὸ
1480 4792 1840 4861 στρατόπεδον
1878 4795 1955 4858 ὼς

378 4864 610 4936 τάχιστα
638 4870 904 4938 διαλύειν,
942 4877 1015 4945 μή
1041 4894 1096 4929 τι
1124 4880 1221 4930 καὶ
1249 4880 1515 4952 νεώτερον
1561 4888 1955 4956 συνεστηκότες

378 4954 743 5023 ἐργάσωνται.
770 4964 1001 5034 Πέμψας
1038 4967 1131 5020 οὖν
1168 4970 1417 5024 ἐκέλευεν
1442 4972 1662 5027 ἀπιέναι
1688 4954 1954 5041 ἑκάστους

374 5048 471 5100 ἐπὶ
498 5052 564 5103 τά
594 5054 874 5122 χειμάδια,
908 5056 982 5118 ὠς
1010 5059 1145 5128 πρὸς
1192 5061 1285 5113 τὸν
1316 5062 1641 5134 Θευδέριχον
1687 5069 1955 5139 ἐσομένης

375 5141 622 5211 εἰρήνης.
657 5148 719 5198 Οἱ
742 5148 798 5200 δὲ
816 5149 860 5181 "9
891 5150 981 5203 τὸν
1004 5152 1224 5222 χάρακα
1251 5154 1476 5208 ἔλυσαν*
1508 5157 1602 5210 καὶ
1634 5158 1879 5228 ἀπῆλθον
1898 5161 1955 5213 οἱ

377 5231 599 5299 πλείους
622 5240 689 5308 τῇ
713 5238 957 5293 διαλύσει
987 5243 1303 5313 ἀχθόμενοι,
1333 5248 1426 5299 καὶ
1449 5248 1531 5300 ὅτι
1556 5248 1750 5302 θᾶττον
1771 5250 1956 5313 αὐτοῖς

378 5328 715 5397 χωρισθῆναι
770 5334 995 5405 συνέϐη,
1032 5335 1163 5404 πρὶν
1206 5337 1375 5407 ἄνδρα
1427 5339 1803 5409 σκεψαμένους
1840 5344 1955 5405 τοῖς

2054 3143 2316 3211 pericula,
2351 3144 2442 3199 ubi
2472 3160 2607 3214 opus
2642 3145 2826 3210 fuerit,
2859 3146 3155 3200 aditurum.
3209 3145 3334 3200 Haec
3367 3159 3500 3199 cum.
3525 3144 3624 3196 nii-

2056 3233 2177 3289 lites
2226 3233 2545 3300 audiissent,
2583 3235 2965 3305 imperatorem
3008 3235 3132 3290 huic
3177 3235 3317 3289 bello
3362 3234 3627 3290 interesse

2054 3326 2331 3391 statuisse,
2360 3325 2436 3379 ita
2469 3340 2528 3380 se
2557 3325 2624 3379 ad
2660 3325 2760 3380 hoc
2793 3332 3198 3394 compararunt,
3236 3334 3293 3378 ut
3321 3323 3430 3394 97
3461 3322 3621 3375 talem

2055 3433 2113 3473 se
2142 3416 2514 3486 unusquisque
2552 3417 2841 3471 ostendere
2886 3417 3151 3481 studeret,
3183 3430 3343 3485 quem
3389 3415 3625 3481 impera—

2058 3517 2142 3563 tor
2172 3508 2367 3563 merito
2401 3523 2500 3563 suo
2534 3507 2749 3577 plurimi
2794 3507 3021 3563 faceret.
3057 3505 3126 3561 Et
3171 3515 3275 3561 tam
3310 3504 3627 3559 ardentibus

2056 3601 2249 3655 animis
2287 3600 2353 3654 ad
2385 3602 2729 3668 pugnandum
2782 3598 3009 3670 profecti
3056 3610 3202 3664 sunt,
3236 3606 3293 3652 ut
3325 3597 3419 3666 qui
3468 3604 3625 3648 antea

2060 3693 2265 3746 militia:
2304 3692 2637 3745 vacationem
2672 3707 2702 3745 a
2742 3692 2969 3745 ducibus
3001 3692 3226 3759 pecunia
3261 3692 3623 3745 redemerant,

2058 3784 2331 3851 pecunias,
2371 3793 2428 3836 ut
2460 3782 2558 3837 sibi
2611 3783 2663 3835 in
2708 3782 2892 3836 hostes
2926 3780 3167 3835 exeundi.
3194 3788 3513 3846 potestatem
3552 3778 3628 3831 fa—

2057 3884 2268 3938 cerent,
2292 3880 2661 3927 numerarent.
2694 3873 2882 3940 Itaque
2905 3871 3374 3940 etexploratores,
3395 3884 3423 3921 a
3448 3868 3629 3921 Theu-

2059 3964 2282 4020 dericho
2339 3964 2665 4032 prmmissus,
2713 3963 2863 4016 vivos
2909 3969 3186 4031 ceperunt,
3221 3970 3275 4014 et
3323 3959 3631 4023 cohortem,-

2059 4073 2178 4126 quze
2207 4056 2465 4110 Balainiri
2518 4055 2614 4109 lilii
2657 4056 2960 4110 custodiam
3002 4053 3216 4123 agebat,
3260 4060 3314 4106 et
3362 4066 3531 4120 usque
3561 4052 3631 4105 ad

2060 4151 2249 4220 longos
2267 4163 2450 4202 muros
2474 4162 2763 4217 progressa
2785 4156 2923 4211 erat,
2948 4154 3249 4215 opportune
3286 4143 3630 4210 depulerunt.

2061 4242 2168 4298 Sed
2194 4258 2299 4298 nuu
2330 4241 2496 4295 multo
2529 4250 2768 4310 tempore
2802 4253 2889 4294 res
2919 4244 3202 4303 steterunt,
3227 4238 3353 4307 quin
3390 4236 3534 4289 Zeno
3563 4237 3637 4289 ad

2064 4337 2343 4406 pristinam
2376 4344 2621 4388 naturam
2654 4332 2871 4396 rediret,
2904 4333 2957 4385 Et
2993 4330 3055 4385 ad
3106 4330 3322 4384 insitam
3360 4329 3630 4398 ignaviam

2063 4428 2427 4481 delaberetur.
2479 4426 2555 4492 Ex
2586 4440 2693 4493 quo
2725 4423 2926 4478 milites
2978 4423 3263 4491 indignati,
3310 4437 3407 4491 per
3451 4422 3634 4474 turbas

2062 4530 2339 4585 coeuntes,
2376 4533 2495 4573 sese
2550 4518 2779 4572 invicem
2813 4518 3039 4587 ignavia:
3087 4516 3433 4578 accusabant,
3488 4514 3633 4583 quod

2064 4628 2253 4666 manus
2286 4612 2549 4666 habentes
2576 4619 2631 4665 et
2664 4624 2814 4664 arma
2845 4617 3122 4678 gestantes
3156 4616 3321 4661 tanta)
3369 4605 3631 4669 mollitici,

2063 4720 2182 4772 qua:
2215 4719 2403 4758 omnes
2457 4703 2707 4759 civitates
2752 4712 2807 4756 et
2857 4716 3047 4756 omnes
3088 4700 3457 4755 Romanorum
3491 4699 3635 4753 vires

2063 4795 2454 4863 pessumdaret,
2486 4794 2711 4863 obsequi
2752 4795 3111 4857 sustinerent,
3142 4808 3320 4861 neque
3349 4792 3633 4861 quisquam

2061 4887 2239 4940 omnis
2271 4886 2484 4954 generis
2527 4885 2871 4941 contumeliis
2921 4884 3204 4937 abstinuit.
3240 4883 3393 4936 llunc
3431 4890 3634 4934 motum

2061 4994 2182 5033 cum
2209 4975 2505 5031 Martianus
2534 4976 2909 5041 intellexisset,
2929 4977 2993 5028 ad
3017 4973 3287 5028 Zenonem
3322 4972 3487 5025 mittit
3511 4986 3636 5024 sua-

2064 5070 2221 5133 dens,
2252 5077 2307 5121 ttt
2346 5080 2504 5135 quam
2537 5065 2797 5121 citissime
2842 5065 2957 5121 lieri
2990 5073 3190 5133 posset,
3216 5063 3538 5123 exercitum,
3569 5077 3637 5114 ne

2064 5160 2191 5229 quid
2243 5173 2511 5213 novarum
2575 5172 2756 5211 rerum
2820 5158 3124 5219 moliretur,
3169 5153 3510 5209 dissolveret.
3553 5152 3633 5203 Ad
3714 5168 3719 5173 ·

2062 5267 2220 5321 quem
2252 5250 2400 5305 Zeno
2434 5248 2666 5315 remisit,
2704 5258 2759 5303 et
2785 5250 2970 5318 jussit,
3000 5258 3060 5302 ut
3088 5247 3457 5316 unusquisque
3494 5242 3633 5296 mili-

2063 5351 2195 5406 tum,
2229 5350 2482 5410 tanquam
2533 5353 2658 5394 cum
2693 5336 3072 5393 Tlieudericho
3102 5353 3201 5406 pax
3250 5335 3431 5390 futura
3461 5338 3630 5394 esset,

1671 5474 1903 5532 VARI/8
1942 5473 2341 5531 LECTIONES.

454 5604 497 5633 "°
529 5602 697 5676 6'_1\'.,
728 5605 784 5657 δὲ
822 5607 966 5676 vulg.

381 5672 474 5736 Ν,
499 5673 656 5727 τοῦτο
688 5676 855 5746 vulg.,
892 5672 1047 5733 τέὕιε
1091 5672 1173 5732 ll.
1234 5682 1275 5712 "‘
1304 5682 1351 5732 εἰ
1378 5672 1473 5745 Ν.,’
1499 5682 1577 5743 εἰς
1635 5672 1779 5751 vulg.

1045 5609 1288 5673 ⁸³,ἀξίαις
1313 5608 1541 5678 ἐτίμησε
1592 5609 1634 5663 Ν
1666 5654 1679 5673 ,
1719 5611 1875 5676 ἀξίας
1922 5611 2155 5735 ἠτίμησε
2200 5612 2341 5683 vulg.

1045 5721 1047 5726 .
1091 5679 1156 5732 ll.
1234 5682 1275 5712 "‘
1304 5680 1467 5735 εἰΝ..
1499 5682 1577 5735 εἰς
1635 5684 1779 5735 vnlu.
1857 5684 1976 5735 "as
2026 5683 2146 5735 aid.
2200 5681 2264 5734 N.

1922 5698 1976 5736 οε
2026 5698 2073 5736 τι(

2440 5614 2483 5644 ’⁸⁸
2506 5610 2765 5684 ἀργύριον
2817 5610 2906 5675 ΙΙ..
2943 5609 3204 5680 ἀργυρῖου
3238 5611 3381 5683 "0,5"
3464 5612 3504 5643 Η
3542 5612 3634 5671 Ws

2096 5683 2146 5737 tl.
2200 5681 2264 5734 N.
