4006 6214
339 318 444 383 79}

1148 312 1247 375 DE
1279 306 1846 389 LEGATIONIBUS
1876 306 2229 373 GENTIUM
2257 309 2357 371 AD
2392 308 2771 372 ROMANOS.

3474 308 3584 375 79$

340 426 597 506 μέγιστόν
621 446 681 485 τε
720 424 814 483 καὶ
835 426 1221 498 ἀλκιμώτατον
1254 430 1366 484 τῶν
1398 429 1589 494 ἐθνῶν,
1625 428 1720 484 καὶ
1754 429 1831 494 ὡς
1850 426 1910 481 τὸ

2024 435 2247 482 ratorem
2296 426 2569 488 venisset,
2623 426 2777 490 dixit,
2829 422 3024 479 adesse
3061 418 3291 495 gentem
3344 424 3587 477 omnium

337 522 505 593 φῦλον
534 522 584 573 οἱ
611 519 844 587 Ἀϐαροι
876 518 1295 589 ἀκαταμάχητοί
1326 519 1386 572 τὲ
1418 522 1527 573 εισι
1557 519 1651 574 καὶ
1684 520 1745 573 τὺ
1764 522 1914 574 ἀντι-

338 615 570 669 στατοῦν
591 608 780 667 οἷοίτε
814 611 1016 685 ῥᾳδίως
1045 612 1372 665 ἀπώσασθαί
1420 629 1480 665 τε
1534 614 1631 666 καὶ
1667 611 1909 681 διαφθεί-

339 725 481 779 ρειν,
511 706 608 760 καὶ
628 706 703 769 ὡς
731 704 1013 775 προσῆκόν
1040 705 1158 757 ἔστι
1178 704 1256 776 τῷ
1285 704 1497 775 βασιλεῖ
1522 705 1579 767 ἐς
1607 704 1914 773 ὁμαιχμίαν

340 802 485 870 σφᾶς
520 797 921 867 ἑταιρίσασθαι,
954 796 1294 867 ἀλεξητῆράς
1346 811 1405 850 τε
1457 796 1603 867 ἔχειν
1650 797 1911 863 ἀγαθοὺς,

340 896 437 946 καὶ
477 894 526 928 ⁸⁸
554 892 632 956 ὡς
664 892 764 944 οὐκ
795 888 971 954 ἄλλως
996 887 1344 943 εὐνούστατοι
1397 888 1612 942 ἔσονται
1662 891 1729 959 τῇ
1776 888 1913 941 Ῥω-

346 982 519 1055 μαῗκῇ
552 984 793 1053 πολιτείᾳ.
813 1024 827 1046 ,
849 983 881 1054 ἢ
914 981 1105 1052 δώροις
1128 983 1184 1045 ὲς
1210 981 1280 1034 τά
1304 980 1541 1051 μάλιστα
1566 980 1916 1051 τιμιωτάτοις

342 1077 441 1129 καὶ
469 1076 747 1146 χρήμασιν
768 1074 1010 1144 ἐτησίοις
1031 1074 1125 1126 καὶ
1144 1068 1249 1143 γῆς
1272 1074 1657 1145 εὐφορωτάτης
1681 1074 1910 1145 οἰκήσει.

344 1164 531 1217 Ταῦτα
578 1163 657 1234 τῷ
694 1163 1058 1234 αὐτοκράτορι
1093 1163 1280 1233 ἐπειδὴ
1329 1163 1583 1233 ἦγγειλεν
1624 1165 1653 1216 ὁ
1688 1163 1912 1233 Κανδὶχ,

343 1251 675 1307 αὐτίκα-οὐ
701 1254 745 1285 ⁸⁷
773 1253 881 1323 γάρ
912 1252 1151 1322 ἐσφρίγα
1184 1252 1235 1305 οί
1263 1252 1325 1305 τὸ
1354 1251 1536 1323 σῶμα,
1570 1252 1693 1306 οὐδὲ
1727 1252 1915 1322 ἠκμα-

345 1344 438 1409 ζεν
472 1346 504 1415 ὴ
548 1344 711 1415 ἀλκὴ,
748 1344 936 1414 ὥσπερ
966 1344 1186 1414 ἀμέλει,
1232 1344 1395 1415 ἡνίκα
1428 1343 1697 1415 Γελίμερά
1725 1360 1786 1397 τε
1823 1343 1916 1397 τὸν

350 1436 616 1507 Βάνδηλον
636 1436 730 1489 καὶ
757 1436 1035 1505 Οὐῖττιγιν
1061 1435 1152 1489 τὸν
1172 1435 1368 1490 Γότθον
1399 1435 1572 1506 ἄμφω
1599 1437 1678 1490 ἐτι
1708 1436 1916 1500 νεάζων

347 1527 500 1580 ἔθετο
536 1526 873 1597 δορυάλωτον
896 1543 913 1559 ο
960 1526 1078 1579 ἀλλ’
1122 1527 1223 1599 ἤδη
1285 1527 1551 1597 γηραλέος
1584 1545 1642 1581 τε
1688 1523 1779 1598 ἦν,
1824 1529 1918 1582 καὶ

348 1620 411 1673 τὸ
462 1620 704 1689 ἀνδρεῖον
743 1620 920 1673 ἐκεῖνο
963 1619 1216 1691 φρόνημα
1245 1623 1338 1675 καὶ
1385 1620 1747 1691 φιλοπόλεμον
1797 1639 1918 1692 μετ-

349 1708 607 1777 εϐέϐλητο
637 1711 694 1772 ἐς
718 1709 780 1762 τὸ
814 1710 1188 1782 ῥᾳθυμότερον
1227 1710 1399 1765 ταῦτα
1425 1714 1569 1781 ἔγνω
1589 1714 1762 1785 ἑτέρῳ
1794 1712 1918 1784 τρὸ-

348 1812 437 1869 πῳ
468 1772 563 1852 καὶ
599 1798 723 1869 οὐχὶ
1023 1772 1122 1871 τὴν
1167 1772 1513 1871 βαρϐαρικήν
1567 1772 1916 1872 ἀωὲρούσα-
1946 1772 1997 1830 ’Β

348 1890 475 1943 σθαι
532 1889 766 1959 δύναμιν
801 1906 816 1921 ο
860 1889 956 1943 καὶ
1006 1892 1420 1961 κατηγωνίσατο
1475 1891 1542 1946 ἀν
1599 1892 1693 1945 καὶ
1748 1892 1918 1963 ἄρδην

346 1984 631 2052 ἠφάνισεν,
659 1984 708 2037 εί
734 1983 830 2036 καὶ
872 1983 946 2054 μὴ
991 1983 1236 2054 πολέμῳ,
1278 1983 1393 2037 ἀλλ’
1439 1981 1534 2038 οὖν
1563 1984 1835 2055 εὐϐουλίᾳ,
1869 1986 1923 2038 ετ

348 2089 414 2142 γε
455 2074 531 2144 μὴ
565 2074 640 2141 τῷ
666 2074 1003 2145 ὁφειλομένῳ
1027 2076 1169 2129 τέλει
1204 2074 1472 2147 πρότερον
1495 2076 1772 2148 ἠφανίσθη
1816 2078 1917 2130 αὒ-

353 2166 443 2227 τὸς
464 2182 479 2197 ο
504 2166 565 2218 οὺ
599 2167 707 2237 γὰρ
739 2166 922 2237 πολλῷ
952 2166 1178 2237 ὕστερον
1199 2169 1376 2239 ᾤχετο
1406 2170 1608 2225 ἐκεῖσε.
1646 2169 1799 2222 Ἐπεὶ
1826 2169 1919 2224 οὖν

352 2258 555 2326 ἥκιστα
586 2252 654 2327 ἦν
692 2254 802 2321 οἷός
835 2274 896 2310 τε
936 2261 1228 2328 περιεῖναι,
1260 2259 1363 2330 τὴν
1393 2259 1588 2330 ἑτέραν
1626 2260 1916 2330 ἐτράπετο.

424 2435 639 2508 β’.¹’οτι
682 2434 1079 2511 δημηγορήσας
1126 2442 1155 2495 ὁ
1196 2440 1468 2511 βασιλεὺς,
1522 2441 1616 2495 τοῦ
1661 2460 1721 2496 τε
1773 2442 1918 2515 ίεροῦ

350 2530 610 2599 συλλόγου
644 2529 706 2584 τὸ
729 2531 986 2601 ἀγχίνουν
1007 2549 1067 2585 τε
1103 2534 1195 2585 καὶ
1230 2533 1574 2604 βουλευτικὸν
1617 2534 1713 2588 τοῦ
1744 2534 1921 2605 φασι-

350 2617 487 2686 λέως
520 2624 934 2691 ἐπαινέσαντος,
962 2627 1303 2697 παραχρῆμα
1328 2627 1397 2680 τά
1422 2643 1480 2679 τε
1504 2625 1652 2699 δῶρα
1678 2627 1916 2695 ἔστελλε,

350 2715 538 2780 σειράς
583 2732 643 2768 τε
706 2715 894 2786 χρυσῷ
956 2714 1473 2788 διαπεποικιλμένας
1534 2719 1630 2772 καὶ
1690 2720 1916 2785 κλίνας,

348 2806 585 2874 ἐσθῆτάς
607 2824 667 2859 τε
695 2808 929 2878 σηρικάς
944 2809 1039 2863 καὶ
1061 2808 1225 2877 ἕτερα
1248 2809 1473 2864 πλεῖστα
1493 2811 1917 2882 ὲκμαλθακῶσαι

348 2890 436 2949 οἷά
464 2913 524 2948 τε
553 2896 683 2950 ὄντα
708 2897 1031 2962 ἀλαζονείας
1053 2900 1297 2955 ἀνάπλεα
1326 2903 1648 2972 φρονήματα
1681 2902 1750 2967 ⁵⁸,
1780 2904 1918 2974 πρὸς

347 2990 460 3052 τοῖς
491 2992 584 3043 καὶ
624 2990 1096 3062 πρεσϐευσόμενον
1137 2991 1455 3047 Βαλεντϊνον
1515 2990 1619 3062 (εἷς
1668 2996 1731 3067 δὴ
1766 2992 1919 3059 οὗτος

2017 518 2310 572 maximam
2343 524 2399 570 et
2429 515 2805 577 fortissimam,
2843 516 3072 579 Avares,
3105 529 3275 585 genus
3304 513 3585 568 hominum

2016 608 2298 672 invictum,
2347 606 2439 675 qui
2482 604 2599 675 ejus
2633 620 2821 660 omnes
2853 605 3037 660 hostes
3073 604 3335 673 repellere
3370 612 3426 657 et
3460 601 3587 656 l‘un-

2016 695 2562 767 ditus‘exstinguere
2612 706 2850 765 possent.
2906 695 3057 750 illius
3096 694 3392 749 rationibus
3436 692 3593 747 valde

2016 790 2319 844 conducere
2366 802 2486 841 cum
2518 786 2596 840 eis
2635 800 2912 840 armorum
2954 786 3271 841 societatem
3316 785 3496 839 facere
3536 793 3593 837 et

2016 877 2335 934 auxiliarios
2375 875 2610 945 optimos
2651 876 2752 930 sibi
2786 876 3096 941 asciscere;
3142 875 3234 944 qui
3268 884 3448 929 tamen
3483 888 3588 927 non

2017 970 2119 1025 alia
2150 968 2461 1024 conditione
2494 967 2744 1021 Romano
2775 966 3001 1035 imperio
3036 966 3324 1029 servirent,
3360 979 3519 1033 quam
3545 964 3588 1015 si

2018 1062 2174 1117 donis
2222 1060 2499 1130 pretiosis,
2546 1060 2741 1113 annuis
2787 1060 2949 1113 etiam
3001 1057 3287 1128 stipendiis
3324 1066 3378 1111 et
3424 1054 3591 1110 fertili

2018 1154 2264 1224 regione,
2306 1167 2468 1220 quam
2511 1151 2840 1215 habitarent,
2891 1149 3246 1204 donarentur.
3292 1146 3417 1202 llaec
3449 1147 3593 1202 Can-

2016 1244 2141 1299 dieh
2178 1242 2337 1312 ιοο
2366 1239 2711 1311 imperatori.
2744 1238 2873 1293 Erat
2915 1253 2977 1293 ea
3012 1244 3332 1306 tempestate
3364 1237 3591 1306 impera-

2017 1345 2103 1388 tor
2143 1332 2325 1387 eli'teto
2355 1343 2584 1397 corpore
2617 1343 2630 1381 :
2672 1342 2780 1383 non
2814 1327 3002 1382 eadem
3034 1325 3112 1380 illi
3146 1324 3228 1379 vis
3263 1324 3454 1388 animi,
3484 1337 3590 1390 qua

2017 1423 2263 1486 ﬂorebat,
2292 1436 2413 1477 cum
2453 1420 2669 1490 juvenis
2710 1418 2887 1474 adhuc
2928 1416 3253 1473 Gelimerem
3294 1412 3589 1469 Vandalum

2018 1526 2071 1571 et
2097 1513 2351 1582 Vittigem
2381 1511 2614 1568 Gothum
2661 1512 2909 1581 captivos
2945 1510 3093 1564 fecit.
3128 1508 3318 1576 Itaque
3359 1506 3467 1572 jam
3504 1520 3593 1559 se-

2018 1622 2125 1663 nex
2149 1614 2341 1661 exacta
2370 1614 2552 1670 aetate,
2585 1617 2708 1659 cum
2737 1601 2901 1656 animi
2948 1600 3115 1655 robur
3162 1606 3216 1654 et
3264 1596 3391 1652 belli
3440 1609 3597 1650 amo-v

2020 1715 2136 1757 rem
2160 1698 2365 1755 desidia
2391 1706 2445 1752 et
2466 1696 2579 1752 otio
2598 1700 3007 1758 commutasset,
3038 1688 3402 1744 Barbarorum
3433 1700 3593 1741 exer-

2022 1794 2189 1850 citum
2223 1806 2330 1847 non
2360 1791 2524 1857 bello,
2558 1788 2655 1843 sed
2686 1786 2789 1840 alia
2834 1786 3046 1839 ratione
3074 1797 3105 1837 a
3146 1780 3347 1836 ﬁnibus
3380 1777 3590 1847 imperii

2022 1884 2291 1956 depellere
2318 1881 2622 1938 constituit.
2648 1878 2715 1934 Et
2740 1890 2873 1934 sane
2902 1876 3122 1932 vicisset
3142 1888 3266 1929 eum
3301 1880 3356 1927 et
3377 1870 3593 1941 penitus

2021 1975 2405 2036 exstinxisset,
2430 1972 2477 2027 si
2511 1970 2689 2026 minus
2713 1967 2934 2035 pmliis,
2967 1976 3022 2021 at
3055 1962 3338 2035 prudentia
3372 1970 3428 2017 et
3459 1974 3594 2016 con-

2020 2068 2162 2131 silio,
2204 2065 2305 2121 nisi
2351 2065 2465 2134 ipse
2499 2062 2680 2118 debito
2734 2060 2841 2141 line
2892 2058 3040 2128 prius
3085 2056 3387 2111 exstinctus
3427 2061 3592 2107 esset.

2020 2156 2233 2213 Etenim
2296 2168 2401 2209 non
2449 2150 2619 2205 multo
2669 2139 2821 2220 post.
2860 2162 2928 2201 ex
2974 2145 3081 2199 vita
3131 2141 3403 2213 migravit.
3459 2139 3594 2195 Cum

2020 2248 2186 2319 igitur
2252 2246 2305 2300 vi
2357 2244 2629 2298 Barbaros
2690 2253 2963 2311 superare
2999 2251 3105 2293 nou
3155 2241 3377 2304 posset,
3433 2231 3593 2287 aliam

2020 2344 2163 2396 viam
2204 2340 2482 2410 ingressus
2508 2344 2615 2392 est.

2088 2435 2147 2489 2.
2187 2432 2263 2487 De
2299 2446 2361 2487 ea
2391 2445 2449 2485 re
2495 2430 2788 2498 imperator
2832 2437 3148 2481 concionem
3196 2418 3337 2492 apud
3378 2430 3594 2474 sacrum

2021 2530 2266 2580 senatum
2318 2520 2544 2583 habuit,
2592 2517 2686 2587 qui
2720 2516 2837 2585 ejus
2884 2511 3226 2584 prudentiam
3263 2518 3318 2564 et
3346 2508 3401 2562 in
3432 2505 3596 2560 rebus

2022 2616 2274 2686 gerendis
2304 2611 2518 2668 consilii
2553 2610 2662 2664 vim
2695 2616 2751 2662 et
2785 2605 3114 2662 acerrimum
3150 2599 3412 2673 judicium
3442 2595 3598 2650 valde

2022 2712 2369 2770 collaudavit.
2421 2694 2536 2763 Hoc
2574 2703 2720 2760 facto
2768 2699 2951 2757 statim
2996 2698 3292 2768 imperator
3337 2691 3481 2747 dona
3529 2688 3598 2742 ad

2020 2806 2227 2877 legatos
2274 2802 2441 2866 misit,
2476 2809 2700 2855 catenas
2734 2808 2870 2849 auro
2902 2792 3212 2860 variegatas
3254 2796 3310 2842 et
3342 2786 3511 2840 lectos
3543 2789 3599 2834 et

2021 2876 2225 2957 sericas
2252 2906 2432 2951 vestes
2468 2902 2522 2948 et
2550 2894 2655 2947 alia
2686 2907 2847 2962 quam
2882 2886 3133 2960 plurima,
3169 2881 3367 2951 quibus
3396 2876 3592 2930 leniret

2022 3002 2076 3049 ct
2110 2988 2446 3047 demulceret
2491 2986 2704 3039 animos
2736 2979 3004 3049 superbia:
3054 2983 3109 3029 et
3141 2968 3441 3027 insolentiae
3478 2964 3597 3035 ple-

348 3081 458 3133 τῶν
487 3057 781 3150 βασιλιιιῶν
816 3057 1281 3155 μαχαιροφόρων),
1310 3086 1404 3138 καὶ
1438 3085 1482 3118 ⁸⁸
1523 3057 1920 3156 *προύτρέπετο

2024 3099 2144 3139 nos.
2196 3080 2340 3135 Misit
2391 3089 2603 3148 quoque
2652 3072 2885 3142 legatum
2942 3064 3289 3122 Valentinum
3350 3057 3422 3125 (is
3481 3061 3600 3110 erat

347 3171 410 3223 τὸ
448 3172 613 3239 φῦλον
667 3171 969 3242 ὁμαιχμίαν
1030 3175 1250 3242 ἐσάγειν
1294 3174 1584 3245 Ῥωμαίοις
1630 3179 1721 3230 καὶ
1780 3178 1922 3233 κατὰ

349 3261 461 3315 τῶν
505 3263 819 3317 ἀντιπάλων
862 3262 1217 3329 ὁπλίζεσθαι,
1270 3266 1703 3336 ἐμφρονέστατα,
1745 3263 1920 3339 οἶμαι,

351 3352 873 3423 προμηθευσάμενος
902 3355 930 3406 ὁ
960 3352 1235 3423 βασιλεὺς,
1267 3355 1393 3425 ὠςῆ
1435 3356 1693 3421 νικῶντες
1727 3359 1775 3412 οί
1822 3361 1888 3415 Ἀ
1907 3391 1922 3402 -

350 3446 509 3515 ϐαροι
535 3444 568 3514 ἢ
606 3446 700 3499 καὶ
725 3445 1034 3516 ἡσσώμενοι
1063 3445 1121 3509 ἐξ
1144 3447 1346 3516 ἀμφοῖν
1379 3449 1649 3519 περιθῶσι
1691 3451 1736 3483 ⁶⁰
1787 3451 1923 3505 Ῥω-

355 3530 538 3599 μαίοις
567 3531 628 3583 τὸ
657 3534 919 3586 συνοῖσον.
945 3532 1053 3586 Τοῦ
1078 3532 1132 3585 δὲ
1164 3534 1482 3591 Βαλεντίνου
1522 3539 1702 3605 ἐκεῖσε
1732 3541 1924 3611 ἀφικο-

356 3622 518 3692 μένου
544 3624 639 3677 καὶ
669 3624 737 3677 τὰ
752 3624 900 3696 δῶρα
922 3626 1363 3696 παρασχομένου,
1399 3631 1492 3682 καὶ
1520 3631 1621 3684 ὅσα
1650 3634 1923 3705 ἐσήμηνεν

351 3713 381 3766 6
420 3712 668 3783 βασιλεὺς
698 3714 1026 3781 ἐξειπόντος,
1066 3716 1284 3786 πρῶτον
1310 3720 1409 3787 μὲν
1442 3720 1923 3795 ἐξεπολεμήθησαν

351 3806 699 3878 Οὑτιγούροις
749 3810 813 3876 σί,
850 3804 970 3860 εἶτα
1016 3806 1227 3874 Ζάλοις,
1283 3810 1529 3881 Οὐννικῷ
1581 3812 1771 3883 φύλῳνο
1827 3815 1924 3867 καὶ

349 3898 643 3970 Σαϐείρους
674 3902 735 3954 δὲ
766 3901 1034 3957 καθεῖλον.

416 4159 488 4223 γ’.
516 4156 642 4210 Ὀτι
674 4158 795 4211 ἐπεὶ
826 4158 876 4212 οί
907 4159 1166 4230 ἄρχοντες
1212 4160 1413 4214 ’Δντῶν
1449 4161 1495 4195 ⁸⁸
1521 4160 1721 4227 ἀθλίως
1750 4162 1925 4229 διετέτ

351 4246 522 4316 θησαν
547 4247 643 4302 κα)⁴
663 4250 812 4319 παρά
847 4250 945 4320 τὴν
973 4252 1127 4321 σφῶν
1155 4252 1335 4306 αὐτῶν
1369 4253 1561 4306 ἐλπίδα
1598 4253 1919 4307 ἐπεπτώκε-

351 4354 473 4404 σαν,
505 4340 700 4394 αὺτίκα
733 4342 782 4394 οἱ
818 4342 1044 4413 Ἀϐαροι
1068 4343 1282 4417 ἕκειρόν
1313 4362 1372 4398 τε
1396 4345 1499 4416 τὴν
1518 4346 1622 4416 γῆν
1655 4348 1748 4400 καὶ
1771 4346 1922 4417 ἐληΐ-

2024 3190 2164 3230 unus
2187 3187 2251 3227 ex
2290 3165 2653 3239 imperatoriis
2675 3158 3044 3226 satellitibus),
3074 3154 3160 3210 cui
3192 3147 3454 3239 praecepit
3486 3185 3503 3211 ,
3539 3153 3600 3197 ut

2024 3273 2237 3335 gentem
2263 3234 2526 3313 Romanis
2560 3253 2827 3309 societate
2874 3246 3227 3314 coniungeret
3255 3246 3310 3293 et
3338 3234 3597 3335 efﬁceret,

2025 3323 2083 3409 ut
2136 3367 2264 3408 suos
2318 3347 2569 3404 inimicos
2615 3342 2754 3398 bello
2806 3337 3252 3409 aggrederentur.
3302 3326 3396 3381 Sic
3452 3323 3597 3378 enim

2024 3444 2178 3499 valde
2208 3440 2535 3511 prudenter,
2568 3434 2796 3504 opinor,
2827 3431 3124 3497 imperator
3156 3416 3455 3479 sentiebat,
3485 3412 3601 3468 sive

2022 3539 2227 3593 Avares
2272 3533 2573 3594 vincerent,
2622 3527 2737 3580 sive
2773 3522 3156 3579 vincerentur,
3204 3514 3258 3567 in
3311 3518 3602 3574 utramque

2024 3640 2255 3700 partem,
2310 3633 2364 3679 et
2396 3632 2453 3677 ut
2488 3636 2576 3677 res
2619 3618 2935 3679 cecidisset,
2986 3626 3073 3676 ea,
3128 3620 3247 3678 qua:
3294 3604 3600 3665 evenirent,

2024 3691 2123 3775 suo
2160 3691 2445 3773 commodo
2487 3726 2729 3767 cessura.
2778 3705 2918 3762 Cum
2970 3704 3135 3773 igitur
3173 3698 3492 3754 Valentinus
3535 3691 3602 3745 ad

2023 3824 2117 3865 eos
2159 3804 2437 3876 profectus
2478 3812 2623 3857 esset
2650 3810 2705 3855 et
2736 3811 2958 3853 munera
2988 3792 3315 3863 praebuisset
3349 3796 3405 3841 et
3440 3797 3600 3838 man-

2025 3875 2520 3958 dataimperatoris
2556 3890 2918 3961 exposuisset,
2949 3886 3183 3954 primum
3226 3879 3445 3949 quidem
3470 3875 3597 3929 Utio

2024 4003 2208 4059 guros,
2242 3997 2354 4040 tum
2392 3982 2569 4043 Salus,
2597 3978 2900 4035 Hunnicam
2956 3981 3192 4043 gentem,
3240 3967 3603 4029 debellarunt,

2024 4091 2079 4137 et
2096 4080 2320 4135 Sabiros
2349 4081 2685 4132 everterunt.
2958 4090 2963 4091 ί

2092 4172 2146 4226 3.
2177 4170 2313 4224 Cum
2340 4168 2504 4221 duces
2527 4168 2793 4220 Antarum
2839 4140 3030 4231 parum
3056 4167 3316 4227 prospere
3346 4165 3435 4206 res
3484 4162 3605 4220 ges-

2024 4266 2226 4319 sissent
2274 4270 2327 4315 et
2365 4273 2461 4328 spe
2492 4270 2591 4313 sua
2638 4254 3003 4315 excidissent,
3059 4244 3344 4303 confestim
3403 4242 3607 4295 Avares

2025 4355 2260 4410 hostium
2292 4360 2491 4408 terram
2522 4353 2835 4409 vastarunt,
2882 4351 2937 4398 et
2971 4342 3244 4411 regionem
3278 4343 3405 4391 sunt
3444 4338 3606 4400 depo-

351 4426 507 4490 ζοντο
530 4428 626 4498 τὴν
662 4430 867 4501 χώραν.
904 4431 1224 4503 Πιεζόμενοι
1267 4435 1313 4488 δ’
1356 4435 1449 4489 οὖν
1481 4439 1600 4497 ταῖς
1627 4436 1734 4490 τῶν
1760 4438 1921 4491 πολε-

2024 4444 2211 4515 pulati.
2240 4441 2304 4496 iii
2328 4455 2454 4497 vero
2499 4438 2843 4494 inimicorum
2871 4429 3291 4487 excursionibus
3327 4422 3509 4479 vexati
3537 4420 3605 4475 ad

354 4518 493 4586 μίων
520 4520 839 4592 ἐπιδρομαῖς
876 4524 957 4589 ὡς
992 4519 1104 4578 οἷόν
1154 4542 1213 4579 τε
1259 4526 1326 4590 ⁸³,
1370 4528 1809 4598 ἐπρεσϐεύσαντο
1845 4529 1921 4593 ὡς

2024 4539 2221 4591 Avares
2268 4534 2586 4602 legationem
2637 4530 2935 4591 miserunt,
2987 4524 3053 4578 ad
3105 4535 3267 4591 quam
3311 4514 3603 4588 gerendam

351 4609 548 4675 αὐτοὺς
569 4614 901 4685 Μεζάμηρον
933 4617 1024 4672 τὸν
1056 4616 1358 4687 Ἰδαριζίου,
1386 4620 1734 4689 Κελαγαστοῦ
1769 4622 1920 4676 ἀδελ-

2024 4625 2392 4688 Meaamirum,
2426 4621 2635 4677 ltlarisii
2677 4619 2869 4684 lilium,
2902 4614 3168 4684 Celagasti
3201 4612 3426 4665 fratrem
3448 4646 3464 4673 ,
3494 4604 3608 4661 suf-

352 4696 473 4766 φὸν,
505 4702 597 4755 ἐπὶ
628 4704 727 4775 τὴν
750 4705 1048 4774 πρεσϐείαν
1073 4712 1550 4780 χειροτονήσαντες
1579 4729 1594 4744 ο
1623 4712 1834 4767 ἐδέοντό
1861 4731 1921 4767 τε

2024 4720 2192 4789 l'ragio
2235 4717 2537 4788 elegerunt,
2567 4722 2622 4769 et
2648 4711 2717 4766 ab
2750 4726 2814 4766 eo
2852 4708 3144 4780 petierunt,
3178 4714 3238 4760 ut
3265 4703 3602 4774 captivorum

352 4790 614 4857 πρίασθαι
647 4795 755 4847 τῶν
782 4813 935 4860 τινας
977 4798 1073 4850 τοῦ
1108 4800 1313 4854 οἰκείου
1340 4801 1506 4868 φύλου
1545 4802 1919 4874 δορυαλώτων.

350 4884 462 4936 Καὶ
488 4885 668 4939 τοίνυν
705 4888 1042 4961 Μεζάμηρος
1082 4892 1112 4944 ὁ
1151 4892 1510 4963 πρεσϐευτὴς,
1554 4893 1836 4963 στωμύλος
1862 4910 1922 4946 τε

350 4973 427 5029 ὢν
456 4977 549 5029 καὶ
580 4978 880 5050 ὑψαγόρας,
919 4981 996 5043 ὡς
1053 4983 1316 5055 Ἀϐάρους
1369 4984 1702 5052 ἀφικόμενος
1748 4986 1921 5058 ἀπέρ-

353 5066 477 5136 ριψε
521 5071 745 5139 ῥήματα
797 5073 1125 5145 ὑπερήφανά
1159 5094 1220 5130 τε
1271 5076 1368 5131 καὶ
1425 5075 1737 5147 θρασύτερά
1785 5094 1922 5139 πως.

350 5156 541 5211 Ταῦτά
564 5176 649 5213 τοι
668 5162 697 5214 6
719 5163 1082 5234 Κοτράγηγος
1116 5167 1162 5199 ⁸⁵
1196 5170 1426 5231 ἐκεῖνος,
1457 5171 1485 5223 ὁ
1512 5172 1625 5232 τοῖς
1672 5169 1922 5238 Ἀϐάροις

350 5247 652 5320 ἐπιτήδειος
678 5256 706 5307 ὁ
732 5259 851 5310 κατ’
883 5260 1084 5318 Ἀντῶν
1108 5262 1153 5298 ⁸⁸
1183 5264 1252 5316 τά
1284 5262 1508 5331 ἐῄστα
1556 5262 1923 5331 βουλευσάμε-

349 5354 460 5401 νος.
481 5344 607 5397 ἐπεὶ
621 5347 649 5399 ὁ
663 5346 1000 5421 Μεζάιιηρος
1023 5353 1353 5425 ὑψηλότερον
1372 5353 1404 5424 ἢ
1423 5353 1563 5407 κοιτά
1581 5352 1925 5424 πρεσϐευτὴν

2020 4809 2229 4878 aliquos
2282 4807 2457 4878 gentis
2505 4820 2615 4860 suae
2672 4803 2984 4858 redimeret.
3040 4797 3364 4852 Mezamirus
3436 4793 3604 4862 igitur

2029 4901 2259 4970 legatus,
2292 4898 2379 4951 vir
2423 4911 2595 4951 vanus
2632 4904 2687 4948 et
2726 4893 3125 4962 magniloquus,
3171 4890 3260 4942 ubi
3298 4886 3365 4940 ad
3401 4887 3611 4937 Avares

2031 4989 2294 5062 pervenit,
2328 4989 2381 5042 in
2412 4987 2578 5042 verba
2618 4986 2934 5055 superbiora
2974 4992 3028 5037 et
3058 4980 3433 5049 arrogantiora
3465 4979 3606 5045 ‘pro-

2030 5081 2192 5150 rupit.
2239 5079 2569 5147 Cotragegus
2599 5087 2779 5132 autem
2815 5075 2925 5139 ille,
2964 5075 3200 5127 Avarum
3233 5081 3494 5138 perquam
3523 5064 3605 5118 fa-

2033 5167 2262 5223 miliaris
2295 5176 2348 5222 et
2371 5166 2733 5230 necessarius,
2761 5180 2879 5219 cum
2906 5162 3231 5218 Mezamirus
3264 5156 3611 5216 insolentius,

2033 5274 2196 5329 quam
2254 5259 2486 5328 legatum
2540 5256 2806 5322 decebat,
2857 5265 3001 5309 esset
3056 5253 3291 5315 locutus,
3347 5247 3615 5315 Chagano

2035 5351 2214 5404 dixit:
2261 5368 2279 5401 ι
2322 5347 2418 5403 Vir
2451 5348 2540 5403 ille
2597 5363 2806 5417 magnae
2835 5356 2920 5401 est
2964 5346 3104 5415 apud
3152 5344 3322 5397 Amas
3370 5334 3610 5393 auctori-

1617 5445 1849 5500 VAiil/E
1902 5444 2302 5499 LECTIONES.
2812 5476 2823 5485 ο

422 5538 467 5569 ³⁸
492 5540 587 5622 θεαὶ
613 5540 741 5622 add:
770 5541 830 5595 Β.
915 5542 934 5571 ⁷
957 5542 1019 5622 οὐ
1038 5540 1189 5622 Χοιη
1226 5544 1254 5595 6
1276 5542 1419 5622 vulg.
1439 5614 1478 5622 μ
1496 5542 1881 5622 ’ζιρρονῇματα
1911 5540 1939 5593 1‘

2034 5540 2377 5622 φρονήμμτοξ
2402 5538 2565 5622 vulg._
2609 5538 2653 5569 ‘9
2683 5536 2777 5618 κριὶ
2805 5536 2959 5622 deest
2981 5534 3127 5622 vulg.
3149 5535 3199 5621 ξο
3223 5529 3487 5622 περιθῶσι
3513 5528 3606 5622 ἷξη

352 5608 638 5692 παραδῶσι
678 5610 783 5692 .H.,
829 5612 978 5692 ’περὶ
1034 5611 1163 5692 ϐῶσι
1217 5613 1361 5680 vuig.

351 5681 553 5733 οἴονται
604 5681 748 5750 vulg.

1438 5614 1479 5643 “
1531 5610 1846 5681 Οὺῖγοὺροις
1901 5610 2047 5681 vulg.

827 5681 869 5713 ⁵³
900 5676 1263 5752 Κοτρίγουρος
1293 5676 1435 5752 conj.
1471 5682 1536 5737 N.
1612 5676 1655 5714 ⁸⁸
1690 5676 1747 5737 οἱ
1798 5681 1933 5734 infra

2024 5680 2173 5733 mdiv
2215 5676 2353 5743 Val.,
2378 5678 2555 5732 αὐτῶν
2591 5677 2734 5747 vulg.

2125 5602 2418 5678 δ”ξΑντῶν
2472 5602 2612 5669 Val.,
2667 5608 2777 5678 τῶν
2824 5606 2968 5678 vulg.
3046 5602 3099 5638 5"
3133 5606 3207 5669 ὡς
3252 5602 3362 5659 οἷόν
3418 5620 3474 5656 τε
3518 5602 3609 5668 Β..
