4010 6210
394 301 497 367 797

1180 301 1278 366 DE
1316 303 1886 367 LEGATIONIBUS
1919 305 2277 370 GENTIUM
2315 311 2415 371 AD
2456 309 2839 373 ROMANOS.

3546 309 3659 373 798

462 426 523 473 ε’.
554 419 676 473 Ὀτι
708 418 801 473 ἐπὶ
841 417 1129 473 Ἶουστίνου
1183 419 1277 471 τοῦ
1320 418 1461 471 Νέου
1509 421 1556 471 οἱ
1585 419 1695 472 τῶν
1732 418 1977 489 Ἀϐἀρων

2150 402 2334 492 5.1(A.
2366 423 2427 476 c.
2462 422 2567 477 566
2600 424 2708 476 ind.
2739 424 2828 488 lt,
2859 420 3058 476 Justini
3092 420 3171 491 ε.)
3199 420 3413 476 Iustino
3435 418 3661 474 Juniore

386 511 647 583 πρέσϐεις
677 511 1043 581 παρεγένοντο
1066 511 1123 563 ὲν
1152 510 1449 578 Βυζαντίῳ,
1478 510 1547 564 τά
1576 513 1782 583 συνήθη
1815 512 1963 584 δῶρα

384 604 703 675 ληψόμενοι,
731 603 875 674 ἅπερ
903 603 981 671 τῷ
1034 604 1155 658 κατ’
1205 603 1404 666 aereis;
1453 604 1595 657 ἔθνει
1651 606 1966 660 Ἰουστινια-

386 698 479 760 νδς
505 698 533 749 ό
566 697 673 767 πρὸ
710 697 803 750 τοῦ
833 697 1085 766 βασιλεὺς
1113 697 1283 751 ἐδίδου
1311 712 1324 727 ·
1367 693 1509 768 ἦσαν
1548 699 1606 751 δὲ
1639 700 1874 754 καλώδια
1905 718 1964 753 τε

385 791 573 861 χρυσῷ
600 790 1113 861 διαπεποικιλμένα,
1142 793 1199 853 ἐς
1228 790 1288 844 τὸ
1319 792 1524 862 εἵργειν
1554 808 1606 843 τι
1634 791 1743 844 τῶν
1773 794 1967 847 ἀποδι-

384 880 731 950 δρασκόντων
809 881 1222 952 ἐπινενοημένα,
1284 883 1379 934 καὶ
1443 883 1621 935 κλῖναι
1670 883 1718 915 ’⁸
1764 883 1966 952 ὁμοίως

386 974 483 1026 καὶ
520 972 655 1027 ἀλλα
683 972 805 1025 τινὰ
841 973 898 1036 ἐς
950 973 1009 1026 τὸ
1048 973 1344 1044 ἁδρότερον
1383 973 1665 1043 ἀνειμένα.
1717 972 1853 1025 Τότε
1901 972 1965 1042 δὴ

386 1060 481 1117 οὖν
508 1066 556 1116 οί
592 1064 851 1135 πρέσϐεις
886 1064 994 1117 τῶν
1043 1064 1289 1137 Ἀϐἀρων
1342 1065 1400 1127 ὲς
1438 1068 1635 1134 πεῖραν
1690 1064 1825 1118 ἰέναι
1870 1063 1965 1117 τοῦ

387 1156 650 1227 βασιλέως
688 1156 994 1220 ἐϐούλοντο,
1028 1157 1141 1225 εἴγε
1180 1157 1281 1211 οὐκ
1312 1157 1489 1220 ἄλλως
1540 1158 1585 1190 ⁷⁷
1634 1156 1780 1228 δῶρα
1827 1157 1967 1226 λαμ-

387 1244 571 1298 ϐάνειν
602 1246 809 1310 αὐτοῖς,
844 1248 941 1300 καὶ
992 1249 1060 1317 τῇ
1104 1245 1394 1316 Ῥωμαίων
1438 1246 1679 1317 ῥαθυμίᾳ
1710 1247 1967 1312 ὲπεντρυ-

387 1340 515 1409 egw,
547 1339 640 1392 καὶ
686 1339 749 1390 τὺ
784 1338 985 1407 ἀμελὲς
1023 1337 1201 1389 αὐτῶν
1228 1338 1428 1389 οίκεῖον
1461 1336 1709 1389 τίθεσθαι
1759 1336 1966 1405 κέρδος.

387 1431 500 1483 Καὶ
537 1431 600 1501 δὴ
639 1429 788 1500 παρὰ
823 1428 1048 1499 βασιλέα
1081 1428 1274 1497 φοιτᾷν
1303 1426 1511 1495 ἠξίουν.
1549 1428 1657 1479 Καὶ
1689 1426 1782 1478 οὖν
1815 1426 1971 1479 τοῦτο

390 1519 679 1588 ἐφειμένον
712 1520 916 1585 αὐτοῖς,
946 1518 1026 1570 ἔτι
1051 1535 1113 1587 γε
1150 1517 1260 1588 μὴν
1288 1518 1385 1572 καὶ
1432 1518 1520 1571 διά
1541 1518 1652 1571 τῶν
1685 1519 1971 1589 ἑρμηνέων

387 1612 471 1664 ὅτι
526 1610 803 1680 βούλονται
854 1610 1056 1678 λέγειν,
1115 1609 1342 1663 τοιοῖσδε
1383 1611 1689 1681 ἐχρήσαντο
1739 1609 1919 1675 λόγοις
1952 1626 1969 1643 ·

396 1723 414 1754 ι
447 1705 660 1774 Χρεὼν,
690 1697 735 1756 ὧ
769 1702 1010 1775 βασιλεῦ,
1033 1681 1479 1774 κληρονομοῦντά
1508 1722 1566 1757 σε
1586 1706 1687 1773 τῆς
1713 1706 1973 1776 πατρῴας

2078 513 2382 582 imperante
2413 515 2651 568 Avarum
2712 514 2869 583 legati
2906 512 3224 583 Byzantium
3268 518 3567 573 venerunt,
3601 515 3661 561 ut

2067 616 2325 661 consueta
2358 620 2583 659 munera
2616 607 2926 674 acciperent
2947 646 2962 670 ,
2992 620 3110 673 qua:
3154 603 3489 657 Justinianus
3511 641 3527 663 ,
3563 603 3655 669 qui

2068 706 2195 752 ante
2232 713 2355 752 eum
2408 698 2689 765 imperium
2722 707 3000 760 tenuerat,
3044 696 3199 764 102
3252 694 3503 749 conferre
3535 704 3656 748 erat

2069 784 2295 851 solitus;
2323 794 2480 839 erant
2515 794 2698 838 autem
2737 786 2945 839 catelbe
2981 800 3115 837 auro
3142 784 3453 852 variegatae.
3502 786 3656 851 quasi

2069 877 2136 930 ad
2178 877 2492 932 vinciendos
2546 877 2811 946 fugientes
2862 885 3227 945 comparatrc,
3274 874 3503 939 lecti,‘et
3553 875 3657 927 alia

2070 968 2316 1035 quzedam
2360 968 2426 1021 ad
2473 968 2839 1022 delicatiorem
2874 968 3077 1021 cultum
3134 967 3467 1035 spectantia.
3506 965 3660 1018 Tunc

2069 1058 2275 1113 Avares
2326 1058 2622 1114 voluntatis
2697 1058 3044 1126 imperatoris
3110 1057 3410 1127 periculum
3482 1056 3664 1111 facere

2071 1142 2400 1215 statuerunt,
2440 1165 2507 1204 an
2548 1150 2688 1204 forte
2738 1149 2999 1218 ampliora
3059 1164 3285 1203 munera
3330 1162 3527 1216 capere
3583 1156 3659 1207 et,

2073 1240 2264 1296 inertia
2318 1240 2684 1295 Romanorum
2745 1241 3008 1310 decepta,
3066 1255 3163 1294 sua
3223 1240 3327 1295 sibi
3375 1239 3660 1294 commoda

2072 1331 2197 1387 inde
2224 1347 2540 1401 comparare
2568 1341 2810 1399 possent.
2852 1331 3040 1401 itaque
3064 1332 3410 1402 imperatoris
3429 1331 3660 1386 adeundi

2073 1424 2175 1478 sibi
2223 1432 2542 1492 potestatem
2584 1423 2699 1477 fieri
2745 1425 3049 1492 petierunt,
3086 1424 3227 1491 quod
3263 1424 3371 1477 illis
3412 1432 3499 1476 est
3538 1437 3665 1490 per-

2074 1514 2325 1577 missum,
2360 1516 2490 1583 quin
2517 1522 2568 1567 et
2602 1528 2696 1580 per
2731 1515 3103 1583 interpretem,
3141 1514 3404 1583 quidquid
3439 1513 3650 1567 libitum

2075 1614 2258 1670 esset,
2305 1620 2628 1673 proponere.
2688 1604 2796 1660 [lac
2861 1622 2988 1660 vero
3047 1608 3129 1660 usi
3197 1616 3322 1661 sunt
3374 1607 3663 1662 oratione:

2080 1714 2099 1748 ι
2139 1696 2387 1766 Oportet,
2416 1711 2450 1750 0
2482 1696 2797 1765 imperator,
2832 1706 2903 1761 te,
2937 1697 3028 1765 qui
3068 1699 3355 1766 imperium
3381 1705 3664 1765 paternum

387 1772 585 1864 ἀρχῆς,
618 1772 862 1855 καὶτοὺς
896 1772 1187 1865 πατρῴους
1232 1772 1422 1864 φίλους
1463 1795 1564 1847 οὐκ
1592 1772 1789 1860 ἄλλως,
1827 1772 1971 1865 ἤπερ

2079 1790 2395 1843 haereditate
2416 1788 2722 1856 suscepisti,
2751 1796 3005 1855 paternos
3026 1804 3240 1857 quoque
3265 1788 3470 1842 amicos
3490 1803 3663 1856 teque,

388 1884 417 1934 ὁ
446 1884 627 1953 πατὴρ
660 1885 687 1936 ὁ
721 1883 832 1948 σὸς,
863 1879 922 1936 εὖ
958 1884 1154 1949 ποιεῖν,
1180 1885 1275 1937 καὶ
1308 1882 1480 1954 ταύτῃ
1514 1883 1803 1952 φαίνεσθαι
1836 1883 1974 1954 μᾶλ-

388 1973 480 2027 λον
506 1973 748 2044 διάδοχον
769 1971 908 2028 εἶναι
932 1975 1384 2045 τετελευτηκότος
1412 1974 1489 2044 τῷ
1516 1975 1683 2046 μηδὲν
1716 1976 1974 2029 ἐναλλάτ-

390 2081 504 2117 τειν
550 2058 625 2119 ὧν
674 2067 879 2128 ἐκεῖνος
938 2066 1176 2135 ἔπραττε
1225 2065 1454 2137 περιών.
1515 2067 1674 2120 Οὕτω
1719 2067 1827 2138 γὰρ
1881 2069 1976 2122 καὶ

392 2155 557 2224 ἡμεῖς
590 2157 687 2224 τῆς
723 2155 893 2224 αὐτῆς
939 2156 1279 2225 ἀνθεξόμεθα
1321 2155 1568 2226 γνώμης,
1622 2158 1716 2210 καὶ
1746 2159 1845 2227 οὐχ
1872 2153 1972 2229 ἧτ-

391 2262 483 2300 τον
510 2245 687 2315 τὺιτῆς
719 2247 1030 2315 εὐεργεσίας
1044 2247 1223 2316 Ιδνομα
1251 2248 1702 2317 μεταθήσομεν,εξ
1722 2248 1782 2301 σὲ
1806 2249 1851 2279 ⁷⁸
1881 2249 1977 2302 καὶ¹

396 2333 514 2405 μετ’
547 2337 753 2388 ἐκεῖνον
774 2336 1069 2407 εὐεργέτην
1102 2337 1540 2406 ἀποκαλέσοιμεν
1567 2356 1582 2370 ο
1620 2340 1756 2409 πρός
1791 2356 1851 2408 γε
1881 2342 1977 2394 καὶ⁴

391 2426 868 2497 αίσχυνθησόμεθα
896 2428 973 2497 τῷ
1002 2428 1333 2483 πεπονθέναι
1357 2430 1538 2492 καλῶς
1573 2431 1647 2500 μὴ
1678 2434 1791 2494 τοῖς
1818 2432 1975 2499 ὁμοί·-

390 2534 471 2578 οις
502 2515 827 2585 ἀμείϐεσθαι
851 2516 943 2568 τὸν
975 2516 1293 2585 δεδρακότα.
1344 2518 1456 2570 Καὶ
1497 2518 1607 2588 γὰρ
1641 2519 1854 2589 πατέρα
1884 2520 1977 2572 τὸν

391 2606 484 2658 σὸν
517 2606 709 2675 δώροις
738 2607 782 2638 τ’
811 2608 960 2675 ἡμᾶς
998 2607 1492 2678 φιλοφρονούμενον
1523 2610 1975 2679 ἀντεδωρούμεθαι

389 2700 492 2768 τῷ,
516 2700 611 2753 καὶ
652 2697 962 2768 δυνάμενοι,
989 2701 1064 2769 μὴ
1088 2702 1449 2771 κατατρέχειν
1490 2703 1589 2771 τὴν
1633 2702 1971 2774 Ῥωμαϊκὴν.

392 2791 526 2844 ἀλλὰ
561 2790 723 2843 πλέον
750 2791 1121 2845 ὲνδείκνυσθαί
1154 2810 1207 2845 τι
1235 2808 1248 2821 ’
1291 2794 1419 2856 τοὺς
1467 2794 1576 2863 γὰρ
1625 2796 1689 2847 ἐκ
1717 2796 1976 2862 γειτόνων

390 2882 522 2950 ὑμῖν
575 2882 914 2953 Β²ρ⁶ἀρουςν
961 2881 1060 2951 τὴν
1104 2882 1330 2953 Θρᾴκην
1384 2884 1473 2936 ἀεὶ
1522 2886 1973 2954 περικόπτοντας,

389 2974 740 3043 ἠφανίσαμεν
772 2973 987 3041 ἀθρόον,
1020 2973 1111 3027 καὶ
1131 2975 1305 3038 οὐδεὶς
1324 2976 1574 3028 ὁστισοῦν
1605 2976 1783 3029 αὐτῶν
1820 2988 1976 3049 περι-

390 3064 762 3119 λέλειπταιτά
801 3065 1033 3136 Θρᾳκῶν
1081 3067 1352 3136 ὁρίσματα
1400 3067 1921 3139 καταδραμούμενος
1959 3086 1974 3101 ’

391 3156 597 3210 δεδίασι
624 3157 733 3227 γὰρ
762 3157 870 3208 τῶν
921 3156 1167 3227 Ἀϐἀρων
1211 3158 1310 3228 τὴν
1341 3156 1572 3226 δύναμιν
1602 3160 1795 3226 φιλίως
1820 3162 1977 3230 έχου-

394 3267 491 3303 σαν
523 3250 659 3320 πρὸς
681 3251 783 3319 τὴν
826 3250 1111 3319 Ῥωμαίων
1134 3250 1330 3320 ἀρχήν.
1367 3251 1719 3321 Πεπείσμεθα
1748 3252 1811 3323 δὴ
1859 3250 1974 3319 οὖν,

391 3342 467 3405 ὡς
502 3344 558 3395 ἐν
603 3342 777 3410 τούτῳ
825 3342 970 3411 μόνῳ
1025 3344 1444 3413 καινοτομήσεις
1495 3345 1766 3414 ἡμᾶς,τῷ
1815 3346 1978 3401 πλέον

392 3435 655 3505 παρέχειν
687 3437 838 3505 ἡμῖν,
871 3435 903 3503 ἢ
936 3436 964 3487 ό
998 3436 1087 3498 σὸς
1131 3436 1303 3489 ἐδίδου
1358 3439 1540 3508 πατήρ
1566 3455 1580 3468 '
1631 3439 1749 3492 ἀνθ’
1775 3433 1851 3494 ὧν
1884 3441 1978 3494 καὶ

391 3530 553 3597 ἡμεῖς
586 3529 726 3597 ἢπερ
760 3528 954 3593 ἐκείνῳ
983 3528 1329 3598 γενησόμεθά
1364 3546 1446 3582 σοι
1504 3531 1647 3584 κατά
1694 3533 1753 3585 τὸ
1812 3533 1976 3587 πλέον

315 3679 328 3698 Ι
390 3616 705 3681 ὑπεύθυνοι,
739 3618 832 3670 καὶ
863 3617 1114 3687 μείζονας
1148 3621 1531 3691 ὲποφλήσομέν
1558 3639 1641 3675 σοι
1672 3624 1771 3687 τὰς
1815 3625 1976 3696 χάρι-

391 3724 510 3772 τας.
563 3710 849 3779 Πάρεσμεν
886 3704 979 3762 οὖν
1025 3709 1323 3778 ληψόμενοι
1362 3712 1429 3764 τὰ
1457 3715 1601 3765 κατὰ
1640 3714 1703 3766 τὸ
1761 3717 1973 3777 εἰωθός.

391 3798 565 3851 Γνῶθι
622 3801 751 3866 γὰρ,
806 3798 879 3857 ὡς
930 3798 1105 3861 ἄλλως
1160 3800 1205 3833 ⁸ο
1252 3801 1352 3852 οὐκ
1423 3801 1539 3855 ἔστι
1606 3803 1831 3855 δυνατὸν
1887 3805 1977 3857 τὸν

392 3892 514 3943 καθ’
541 3892 686 3959 ἡμᾶς
717 3890 960 3958 ἡγεμόνα
988 3890 1069 3941 σοί
1115 3907 1175 3942 τε
1230 3892 1323 3944 καὶ
1348 3894 1413 3960 τῇ
1453 3892 1748 3961 Ῥωμαίων
1784 3895 1979 3947 εὐνού-

395 4001 590 4036 στατον
626 3982 844 4035 ἔσεσθαι
871 3982 1140 4052 πολιτεία,
1168 3983 1220 4035 εί
1245 3999 1309 4050 γε
1344 3982 1418 4053 μὴ
1445 3986 1814 4056 ὲγχειρισθείη
1842 3988 1978 4057 πρό-

390 4091 551 4145 τερον
564 4073 727 4139 »αὑτῷ
754 4074 820 4125 τὰ
850 4073 937 4141 ἐφ’
966 4069 1047 4137 οῖς
1072 4073 1133 4125 οὐ
1165 4077 1334 4126 κινεῖν
1358 4074 1499 4128 ὅπλα
1522 4075 1663 4129 κατά
1692 4077 1978 4147 Ῥωμαίων

390 4168 552 4234 ἔγνω.
595 4186 613 4217 ι
643 4167 706 4218 Οἱ
737 4165 833 4234 μὲν
868 4164 976 4217 τῶν
1006 4164 1267 4235 ,Ἀϐἀρων
1300 4166 1560 4235 πρέσϐεις
1585 4167 1809 4221 τοιαῦτα
1838 4168 1981 4234 διεξο

389 4258 552 4328 ἦλθον
585 4258 1117 4328 έπαμφοτερίζοντες
1163 4260 1229 4327 τῇ
1262 4256 1456 4329 γνώμῃ
1482 4275 1497 4287 ⁸
1530 4258 1691 4311 τοῦτο
1736 4261 1835 4328 μὲν
1870 4262 1977 4330 γὰρ

392 4350 610 4402 ἐδόκουν
667 4348 957 4412 ἱκετεύειν,
1012 4348 1171 4402 τοῦτο
1210 4348 1266 4402 δὲ
1302 4349 1565 4403 ἀπειλεῖν,
1610 4351 1800 4420 ’ῼοντο
1845 4352 1973 4422 γὰρ,

2078 1898 2142 1937 ac
2173 1882 2282 1947 ille,
2317 1880 2595 1936 beneficiis
2642 1896 2859 1951 augere,
2901 1891 3058 1950 teque
3105 1882 3156 1934 in
3203 1896 3269 1934 eo
3307 1880 3540 1933 maxime
3567 1894 3664 1947 pa-

2080 1975 2180 2029 tris
2228 1987 2603 2028 successorem
2665 1973 2941 2040 prtebere,
2990 1972 3038 2027 si
3085 1972 3217 2026 nihil
3274 1986 3485 2035 eorum,
3547 1986 3667 2040 qua:

2077 2067 2231 2120 vivus
2276 2064 2485 2127 statuit,
2524 2080 2590 2119 eo
2636 2074 2853 2119 mortuo
2886 2065 3160 2117 immutes.
3197 2062 3275 2117 Ita
3310 2064 3397 2116 fiet
3421 2104 3435 2127 ,
3470 2072 3525 2116 ut
3565 2077 3667 2117 nos

2078 2156 2324 2209 eamdem
2354 2169 2483 2224 erga
2526 2164 2577 2209 te
2629 2154 2959 2208 voluntatem
3010 2167 3438 2216 conservemus,
3495 2165 3670 2221 neque

2078 2246 2258 2300 minus
2292 2246 2344 2299 in
2392 2256 2444 2300 te
2482 2245 2853 2300 beneficentiae
2900 2261 3094 2301 nomen
3148 2245 3539 2300 transferamus
3563 2285 3579 2311 ,
3614 2253 3668 2300 te

2080 2348 2199 2406 pOSl
2231 2339 2407 2406 ipsum
2439 2346 2716 2392 auctorem
2767 2347 3074 2393 nostrarum
3124 2338 3470 2393 fortunarum
3523 2354 3661 2391 nun-

2078 2439 2359 2498 cupantes.
2410 2430 2479 2483 Et
2512 2444 2644 2483 sane
2673 2429 3142 2493 erubesceremus,
3174 2430 3220 2483 si
3254 2445 3284 2481 a
3329 2438 3379 2483 te
3419 2442 3669 2482 commo-

2079 2522 2162 2574 dis
2183 2521 2358 2573 ornati
2393 2536 2497 2574 non
2532 2521 2723 2574 eadem
2772 2520 2865 2574 tibi
2898 2522 3345 2575 retribueremus.
3385 2520 3477 2573 Sic
3523 2518 3669 2572 enim

2078 2621 2287 2681 patrem
2329 2621 2499 2674 tuum,
2539 2611 2626 2680 qui
2663 2610 2715 2663 in
2754 2626 2851 2665 nos
2883 2610 3125 2665 liberalis
3148 2620 3201 2665 et
3233 2610 3522 2664 munificus
3555 2609 3673 2662 fue-

2079 2713 2184 2765 rat,
2219 2702 2547 2755 retnunerati
2583 2717 2796 2756 sumus.
2833 2701 3043 2755 Etenim
3088 2717 3213 2756 cum
3272 2701 3388 2769 ejus
3424 2701 3673 2769 regiones

2078 2804 2292 2847 vastare
2333 2808 2654 2862 possemus,
2712 2808 2815 2845 non
2864 2792 3025 2846 modo
3059 2793 3440 2857 abstinuimus,
3484 2806 3671 2844 verum

2077 2886 2266 2948 etiam,
2293 2899 2399 2954 quo
2443 2900 2543 2939 nos
2588 2884 2972 2953 propensiores
3018 2898 3145 2953 erga
3182 2884 3361 2953 ipsum
3415 2883 3672 2936 ostende-

2077 2992 2297 3041 remus,
2344 2976 2549 3030 vicinos
2578 2974 2849 3030 Barbaros
2888 2974 3522 3029 Thraciamiuvadeutes
3565 2988 3675 3027 uno

2005 3100 2051 3160 ο
2083 3070 2287 3138 impetu
2334 3068 2654 3131 delevimus,
2708 3082 2884 3136 neque
2930 3069 3217 3135 quisquam
3253 3081 3441 3121 eorum
3486 3074 3673 3133 postea

2082 3170 2165 3215 est
2229 3161 2518 3225 inventus,
2583 3159 2673 3229 qui
2732 3159 2979 3213 Thraciae
3030 3160 3164 3213 ﬁnes
3228 3158 3673 3228 populationibus

2081 3258 2327 3308 vexaret.
2359 3250 2670 3305 Metuebant
2718 3251 2861 3305 enim
2917 3252 3154 3304 Avarum
3205 3250 3520 3317 potentiam,
3574 3249 3667 3315 qui

2083 3344 2380 3399 amicitiam
2402 3342 2654 3398 colebant
2673 3357 2794 3396 cum
2827 3341 3110 3396 Romanis.
3148 3339 3476 3394 Persuasum
3505 3339 3670 3408 igitur

2081 3439 2365 3501 habemus,
2406 3446 2456 3491 te
2490 3435 2633 3489 nulla
2682 3435 2785 3488 alia
2836 3435 2889 3489 in
2929 3449 2985 3488 re
3033 3434 3101 3487 ab
3145 3434 3230 3496 iis,
3280 3448 3401 3501 qua:
3440 3448 3468 3485 τ.
3522 3440 3676 3501 patre

2080 3540 2281 3585 statuta
2319 3539 2469 3592 sunt,
2506 3530 2898 3592 discessurum,
2937 3528 3037 3582 nisi
3092 3528 3142 3579 in
3196 3543 3279 3591 eo,
3329 3527 3469 3594 quod
3522 3524 3677 3579 nobis

2081 3623 2285 3692 majora
2321 3622 2614 3691 largiturus
2646 3622 2743 3685 sis,
2775 3637 2937 3690 quam
2984 3631 3138 3689 pater
3174 3621 3399 3689 largitus
3434 3631 3538 3677 est.
3570 3619 3676 3673 Pro

2080 3715 2277 3781 quibus
2304 3722 2358 3765 et
2390 3728 2486 3773 nos
2518 3712 2687 3765 multo
2727 3713 2860 3776 tibi,
2898 3728 3059 3781 quam
3101 3714 3237 3779 patri
3265 3753 3278 3774 ,
3310 3713 3676 3765 devinctiores

2081 3806 2308 3867 erimus,
2358 3811 2411 3854 et
2441 3803 2533 3855 tibi
2568 3802 2741 3854 multo
2764 3818 2981 3869 quoque
3015 3804 3247 3869 majores
3278 3805 3489 3869 gratias
3518 3802 3678 3855 retri-

2082 3895 2325 3948 buemus.
2356 3893 2627 3946 Adsumus
2654 3893 2837 3960 igitur,
2864 3894 2951 3960 qui
2992 3903 3251 3946 consueta
3282 3909 3506 3945 munera
3536 3894 3675 3946 acci-

2082 3987 2316 4053 piamus.
2353 3982 2457 4037 Sed
2489 3983 2649 4045 scito,
2688 3964 2790 4034 non
2820 3983 2976 4034 aliter
3007 3982 3119 4034 fieri
3159 3995 3319 4049 posse
3343 4021 3356 4040 ,
3394 3991 3451 4033 ut
3492 3991 3676 4034 uosmr

2082 4075 2191 4130 dux
2250 4073 2345 4127 tibi
2395 4082 2449 4127 et
2498 4070 2864 4126 Romanorum
2930 4070 3242 4141 reipublicm
3304 4071 3376 4123 sit
3428 4070 3672 4134 amicus,

2082 4182 2242 4237 quam
2278 4166 2322 4220 si
2350 4181 2410 4219 ea
2438 4165 2729 4233 acceperit,
2766 4164 2960 4231 quibus
2996 4162 3227 4230 receptis
3249 4170 3437 4214 contra
3468 4160 3671 4213 Roma-

2083 4276 2180 4315 nos
2228 4274 2377 4313 arma
2442 4273 2545 4311 non
2594 4270 2811 4309 movere
2857 4254 3159 4308 constituit.
3204 4272 3221 4303 ι
3263 4252 3386 4306 llaec
3434 4254 3673 4305 Avarum

2082 4353 2242 4423 legati
2284 4352 2687 4413 disseruerunt,
2721 4358 2775 4403 et
2822 4348 2981 4401 modo
3017 4362 3074 4401 se
3112 4348 3164 4400 iu
3201 4348 3360 4411 hanc,
3412 4347 3572 4399 modo
3620 4346 3674 4399 in

390 4439 465 4502 ὡς
499 4440 671 4511 ταύτῃ
692 4438 987 4503 δεδίξονταί
1020 4439 1063 4470 ⁸⁸
1100 4455 1160 4491 τε
1182 4440 1278 4491 καὶ
1304 4438 1673 4508 έκφοϐήσουσι
1704 4440 1794 4492 τὸν
1826 4441 1978 4510 βασι-

2082 4445 2240 4497 aliam
2285 4453 2497 4513 partem
2551 4442 2839 4495 vertebant
2874 4458 2886 4493 :
2927 4439 3085 4493 modo
3116 4428 3371 4507 pret-ibus
3418 4438 3674 4508 agebant,

391 4528 509 4587 λέα,
541 4529 635 4582 καὶ
674 4528 749 4591 ὡς
781 4530 845 4580 ὲκ
893 4527 1086 4580 τούτου
1139 4528 1649 4598 ἀναγκασθήσονται
1712 4528 1978 4599 Ῥωμαῖοι

393 4620 582 4692 ὥσπερ
612 4622 875 4691 ὑπόφοροι
906 4617 1049 4673 εἶναι
1096 4619 1364 4689 Ἀϐάρων.
1408 4620 1468 4672 ’0
1502 4620 1559 4673 δὲ
1599 4620 1851 4689 βασιλεὺς
1879 4622 1975 4674 οὒ-

392 4713 487 4765 δὲν
541 4713 732 4783 ἕτερον
784 4712 816 4781 ἣ
876 4712 1048 4780 ψόφον
1093 4713 1137 4743 ⁵³³
1175 4712 1525 4782 ἡγησάμενος
1563 4712 1674 4764 τῶν
1732 4712 1977 4782 ’Λϐἀρων

397 4805 642 4873 ῥήματα,
674 4802 956 4865 ἀντέλεξεν
982 4802 1148 4854 οὕτω
1183 4820 1201 4853 ι
1241 4802 1703 4873 Προϐαλλομένων
1734 4804 1889 4873 ὑμῶν
1930 4802 1978 4835 ⁸³

396 4897 495 4947 σὺν
533 4894 744 4965 ἱκετείᾳ
770 4894 867 4963 τὴν
901 4892 1333 4963 μεγαληγορίαν,
1364 4894 1630 4962 οἰομένων
1662 4911 1720 4946 τε
1749 4898 1812 4964 τῇ
1852 4911 1981 4963 συγ-

393 4986 588 5054 κράσει
622 4984 794 5055 ταύτῃ
848 4984 956 5037 τῶν
1010 4983 1184 5051 λόγων
1240 4983 1301 5035 τὸ
1363 4982 1802 5051 σπουδαζόμενον
1827 4985 1981 5055 δὺμῖν

395 5074 638 5138 ἀνύσειν,
684 5073 1025 5144 ἀμφοτέρας,
1079 5072 1154 5135 ὡς
1199 5074 1393 5137 εἰπεῖν,
1448 5073 1849 5127 ἐκπεπτώκατε
1879 5076 1980 5144 τῆς

394 5166 608 5228 ἐλπίδος
635 5182 648 5197 ·
673 5167 793 5218 οὐδὲ
825 5166 935 5235 γὰρ
972 5164 1421 5227 ὑποθωπεύοντες
1459 5166 1605 5234 ἡμᾶς
1644 5165 1979 5235 ἀπατήσετε,

395 5258 518 5311 οὐδὲ
552 5257 658 5327 μὴν
702 5257 1056 5321 ἀπειλοῦντες
1092 5258 1444 5326 ὲκφοϐήσετε.
1491 5257 1720 5311 Πλείονα
1759 5258 1815 5311 δὲ
1851 5259 1979 5328 σμῖν

395 5348 507 5415 ἐγὼ
566 5351 791 5416 παρέξω
847 5349 941 5401 τοῦ
995 5350 1269 5419 ἡμετέρου
1310 5348 1519 5419 πατρὸς
1576 5348 1637 5401 τὸ
1687 5350 1829 5419 πέρα
1883 5351 1978 5404 τοῦ

393 5443 606 5505 δέοντος
631 5442 977 5511 ἐπηρμένους
1006 5442 1149 5511 ὑμᾶς
1183 5442 1261 5513 τῷ
1295 5441 1561 5511 πρέποντι
1586 5443 1941 5513 σωφρονίζειν
1960 5459 1974 5473 ⁸

2082 4537 2242 4591 modo
2270 4536 2447 4589 minas
2480 4534 2813 4603 ingerebant.
2852 4531 3248 4586 Exisﬁmabant
3281 4531 3449 4594 enim,
3478 4544 3537 4583 se
3569 4530 3674 4581 im-

2081 4638 2387 4697 peratorem
2433 4626 2953 4695 perterrefacturos,
2992 4633 3043 4677 et
3094 4638 3159 4677 ex
3208 4638 3271 4676 eo
3316 4632 3565 4676 coactum
3599 4620 3674 4673 iri

2081 4722 2356 4775 Romanos
2390 4720 2495 4774 illis
2527 4719 2678 4787 quasi
2734 4718 3050 4771 tributarios
3086 4732 3225 4771 esse.
3255 4714 3454 4770 Verum
3504 4717 3676 4782 impe-

2085 4823 2233 4866 rator
2289 4825 2414 4865 cum
2464 4810 2595 4863 nihil
2628 4808 2792 4870 aliud,
2824 4823 2983 4875 quam
3020 4822 3185 4861 vanos
3218 4807 3505 4868 clamores,
3538 4805 3678 4857 Ava-

2086 4918 2205 4956 rum
2263 4902 2566 4955 orationem
2611 4914 2732 4953 esse
2782 4899 3155 4960 existimaret,
3217 4899 3298 4951 sic
3346 4897 3672 4966 respondit:

2094 5009 2112 5041 ‹
2169 4991 2278 5045 Vos
2318 4988 2538 5057 quidem
2602 4988 2833 5043 lmmiles
2885 5002 3074 5055 preces
3110 5002 3301 5055 magna
3348 5002 3469 5040 cum
3518 5000 3672 5039 arro—
3762 5013 3770 5020 -

2087 5081 2265 5152 gantia
2294 5082 2346 5135 in
2391 5078 2625 5133 medium
2663 5078 2919 5147 profertis
2950 5086 3003 5132 et
3034 5078 3084 5130 in
3135 5092 3285 5146 spem
3317 5074 3676 5141 adducimini,

2086 5172 2187 5227 hac
2224 5171 2491 5226 sermonis
2525 5170 2681 5240 103
2712 5170 3090 5223 commistione
3139 5168 3352 5221 facilius
3389 5166 3531 5235 quod
3575 5181 3674 5220 cu-

2084 5262 2212 5331 pitis
2239 5260 2515 5329 consequi.
2545 5261 2650 5314 Sed
2689 5274 2753 5314 ex
2781 5268 3012 5327 utraque
3041 5272 3155 5327 spe,
3184 5266 3242 5309 ut
3271 5272 3457 5309 verum
3482 5264 3668 5323 aperte

2085 5354 2282 5416 dicam,
2319 5351 2620 5405 excidistis.
2654 5348 2788 5402 Nam
2840 5364 3014 5418 neque
3046 5348 3429 5404 blandimentis
3459 5362 3545 5401 me
3574 5347 3672 5401 des

2085 5444 2317 5511 cipietis,
2371 5456 2546 5511 neque
2593 5442 2757 5494 minis
2799 5441 3092 5496 terrebitis.
3152 5441 3329 5508 Atque
3369 5452 3468 5508 ego
3503 5439 3673 5495 multo

1692 5557 1922 5612 VARI/ﬁ
1955 5557 2357 5612 LECTIONES.

468 5655 514 5684 ’δ
545 5654 727 5714 κλίνας
756 5652 898 5717 vulg.

395 5726 589 5787 ἄλλους
620 5723 707 5788 ΙΙ.,
750 5724 807 5785 ἐς
837 5724 1013 5786 ἄλλως
1046 5722 1191 5791 vulg.

978 5652 1018 5682 "’
1046 5651 1145 5703 οὐκ
1186 5649 1381 5721 ἄλλως]
1429 5652 1679 5722 οὐδαμῶς
1712 5652 1927 5717 ἐξέσται
1958 5653 2103 5721 conj.
2142 5650 2217 5703 Ν.

1270 5722 1312 5753 ⁸¹
1341 5717 1633 5786 δεδέξονται
1670 5722 1758 5788 ΙΙ.,
1790 5717 2113 5787 δεδεέξονται
2159 5723 2303 5793 vulg.
2346 5720 2390 5750 ‘”
2427 5720 2597 5789 ’ᾂτὶῑιον
2672 5718 2753 5781 Ιῖι,
2801 5717 2965 5786 ψὸγον
3026 5718 3172 5788 vulg.

2298 5652 2340 5682 ⁷⁸
2373 5649 2428 5700 σε
2447 5649 2716 5701 Cautocl..
2746 5648 2800 5698 δὲ
2826 5648 2968 5715 vulg.
3049 5649 3094 5681 7"
3135 5649 3278 5717 ὑμᾶς
3342 5648 3483 5715 vulg.
3519 5645 3565 5677 ⁸ο
3595 5648 3672 5712 ὡς

3250 5719 3295 5750 ⁸³
3322 5718 3480 5789 ἡμῶν
3517 5717 3663 5785 vulg.
