4010 6210
371 268 477 333 739

1218 254 1609 318 EXCERPTA
1649 257 1752 317 EX
1789 251 2217 315 MENANDRO
2255 248 2749 311 PROTECTORE

3542 247 3650 309 800

377 390 532 459 plura
557 385 712 441 vobis
740 383 993 444 tribuam,
1020 394 1178 448 quam
1207 386 1362 446 pater
1392 390 1547 429 meus
1578 392 1593 429 :
1627 374 1827 429 etenim
1864 388 1960 429 vos

2061 376 2090 425 6
2122 370 2230 441 γὰρ
2259 366 2722 439 μεταρρυθμίζων
2751 363 2878 427 τοὺς
2902 360 3179 426 ἀτάκτως
3209 360 3319 414 τῶν
3350 360 3656 430 λογισμῶν.

376 481 444 535 ad
477 477 727 546 majores,
776 487 934 541 quam
962 484 1061 540 par
1082 476 1185 534 est,
1222 468 1446 535 spiritus
1492 465 1734 520 sublatos
1762 465 1829 519 ad
1881 479 1962 519 te-

381 570 647 639 quitatem
694 575 751 620 ct
800 567 1015 619 saniora
1066 560 1294 615 consilia
1338 558 1618 613 reducam.
1664 556 1764 622 Qui
1814 556 1960 610 enim

374 661 653 715 hominum
701 657 755 711 in
796 656 1021 710 exitium
1057 650 1421 707 voluntarium
1460 651 1733 704 ruentium
1765 650 1955 704 turba-

378 765 461 806 tos
496 750 721 805 aﬂ'ectus
752 748 971 803 cohibet
1001 756 1056 801 et
1087 745 1405 800 obedientes
1455 743 1651 796 rationi
1684 741 1835 807 facit,
1866 741 1963 795 be-

374 842 697 898 neﬁcentior
728 850 812 893 est
840 853 905 894 eo
928 878 942 903 ,
979 838 1070 907 qui
1103 846 1351 906 sumptus
1384 835 1439 889 in
1482 834 1710 888 delicias
1736 834 1960 903 praebet,

374 942 429 990 et
470 948 655 988 amare
695 932 929 995 videtur,
990 931 1083 985 sed
1131 929 1349 983 minima
1396 935 1610 996 captata
1648 925 1961 989 occasione,

372 1043 517 1092 eum,
549 1041 709 1097 quem
738 1024 1001 1080 beneflcio
1034 1022 1239 1088 aﬂecit,
1264 1020 1448 1075 statim
1500 1018 1679 1088 perdit
1707 1027 1762 1073 et
1800 1017 1958 1072 tollit.

374 1119 533 1173 Abite
556 1119 745 1188 igitur,
773 1118 863 1187 qui
900 1117 1079 1184 magni
1105 1114 1263 1184 pretii
1300 1126 1413 1167 rem
1442 1126 1470 1164 a
1497 1111 1652 1166 nobis
1680 1109 1958 1173 obtinetis,

375 1211 519 1279 quod
550 1210 705 1264 vobis
740 1209 904 1277 salvis
933 1209 1057 1262 licet
1080 1209 1244 1262 vitam
1275 1196 1564 1278 peragere,
1612 1216 1665 1257 et
1702 1202 1962 1272 pecunia-

374 1316 497 1354 rum
546 1301 686 1366 loco,
725 1316 860 1370 quas
888 1316 915 1354 a
951 1301 1207 1355 Romanis
1259 1301 1505 1370 accipere
1552 1298 1714 1351 vultis
1738 1334 1753 1358 ,
1790 1292 1959 1348 nostri

380 1394 630 1447 timorem
687 1393 755 1446 ad
821 1392 1046 1446 salutem
1114 1401 1350 1446 vestram
1426 1399 1717 1460 reportate.
1774 1385 1962 1450 Neque

376 1483 523 1537 enim
558 1498 655 1538 nos
682 1493 860 1537 vestro
894 1484 1170 1551 egebimus
1206 1482 1424 1546 auxilio,
1460 1492 1635 1549 neque
1665 1476 1957 1547 quidquam

378 1589 407 1626 a
435 1574 591 1629 nobis
617 1573 1036 1644 accipietis.lnisi
1071 1582 1330 1638 quantum
1373 1571 1528 1626 nobis
1562 1572 1735 1623 visum
1764 1568 1945 1631 fuerit,

378 1663 540 1731 idque
559 1670 815 1730 tanquam
841 1664 1143 1717 mercedem
1168 1664 1466 1727 servitutis,
1493 1675 1599 1715 non
1620 1670 1717 1730 pro
1734 1660 1957 1723 tributo,

2064 464 2160 518 καὶ
2182 463 2371 530 ὥσπερ
2402 457 2678 513 παιδεύων
2714 472 2773 510 τε
2801 457 2896 510 καὶ
2925 456 3254 510 ἀνακόπτων
3300 459 3399 524 τῆς
3430 456 3516 508 ἐπ’
3541 458 3663 509 ὀλέ-

2063 555 2177 625 θρῳ
2199 554 2309 606 τῶν
2338 548 2782 619 αύθαδιζομένων
2812 547 3010 617 ὁρμῆς,
3068 546 3382 617 ὀφθήσεται
3424 548 3566 600 κατὰ
3598 550 3665 598 τὸ

2065 646 2269 717 μᾶλλον
2301 644 2600 714 εὐεργέτης
2633 642 2776 711 ἢπερ
2807 642 2836 692 6
2874 640 3113 711 χορηγὸς
3166 640 3268 709 τῆς
3324 640 3564 710 τρυφῆς.
3600 639 3665 701 ὃς

2062 739 2240 808 φιλεῖν
2298 736 2397 806 μὲν
2440 735 2611 795 δοκεῖ,
2654 734 2985 802 προφάσεως
3038 732 3096 786 δὲ
3151 733 3356 801 μικρᾶς
3397 732 3667 784 ἐπιλαϐὸ-

2065 847 2225 901 μενος
2257 828 2347 881 τὸν
2386 825 2547 895 δῆθεν
2600 823 3064 895 εὐεργετούμενον
3112 822 3375 891 ἠφάνισεν
3426 822 3669 884 εὐθέως.

2066 925 2263 976 ’Δπιτε
2326 916 2618 991 τοιγαροῦν
2660 918 2917 970 πλεῖστον
2971 916 3269 987 πριάμενοι
3317 916 3447 987 παρ’
3493 917 3667 986 ήμῶν

2062 1014 2165 1067 κᾶν
2192 1010 2325 1079 γοῦν
2351 1011 2408 1063 ἐν
2436 1009 2573 1074 ζῶσι
2607 1007 2804 1071 τελεῖν,
2847 1007 2941 1060 καὶ
2991 1008 3113 1060 ἀντὶ
3160 1005 3273 1059 τῶν
3323 1007 3665 1076 Ῥωμαϊκῶν

2062 1102 2362 1175 χρημάτων
2388 1100 2479 1153 τὸν
2510 1098 2632 1153 καθ’
2682 1098 2830 1167 ἡμᾶς
2878 1096 3044 1165 φόϐον
3082 1098 3161 1159 είς
3196 1096 3471 1166 σωτηρίαν
3502 1096 3664 1164 εἰλη-

2063 1196 2245 1265 φότες.
2277 1193 2417 1247 Οὔτε
2450 1190 2563 1260 γὰρ
2607 1189 2861 1260 δεηθείην
2895 1187 3027 1241 ποτέ
3078 1191 3178 1258 τῆς
3233 1188 3358 1241 καθ’
3411 1187 3556 1256 ὑμᾶς
3609 1188 3670 1218 με

2064 1280 2402 1353 συμμαχίας,
2430 1278 2553 1332 οὕτε
2590 1296 2641 1330 τι
2687 1277 2924 1347 λήψεσθε
2954 1276 3087 1347 παρ’
3141 1276 3361 1347 ἠμῶνῆ
3411 1277 3662 1330 καθόσον

2061 1373 2193 1441 ἡμῖν
2248 1370 2415 1432 δοκεῖ,
2472 1366 2667 1433 ὥσπερ
2714 1366 2962 1429 δουλείας
3008 1366 3224 1436 ἔρανον,
3281 1367 3378 1419 καὶ
3424 1368 3521 1437 οὐχ
3571 1366 3659 1429 ὡς

2061 1460 2261 1525 οἴεσθε,
2319 1457 2646 1528 φορολογίαν
2692 1447 2834 1511 τινά.
2874 1474 2892 1508 ι
2959 1456 3216 1511 Τοιοῦτον
3273 1458 3657 1523 ἐπισείσαντος

2063 1551 2230 1620 φόϐον
2275 1548 2371 1603 τοῦ
2418 1548 2684 1619 βασιλέως
2735 1550 2849 1611 τοῖς
2878 1548 3143 1618 πρέσϐεσι
3197 1549 3309 1601 τῶν
3378 1549 3657 1617 ’Δϐἀρων,

2062 1641 2470 1711 κατεγνωκότες
2493 1642 2559 1694 ἐκ
2580 1639 2689 1693 τῶν
2711 1639 3021 1711 εἰρημένων
3041 1640 3089 1692 οἱ
3119 1639 3418 1711 Βάρϐαροι,
3452 1630 3528 1701 ὡς
3549 1642 3658 1693 οὐκ

377 1729 560 1802 ιιι-νος
588 1729 726 1802 falso
761 1749 1105 1805 existimatis.
1148 1768 1169 1802 ι
1198 1750 1490 1820 Postquam
1517 1750 1813 1818 imperator
1840 1757 1960 1800 tan-s

2065 1736 2313 1801 ἀνέξεται
2349 1733 2501 1802 σφῶν
2530 1733 2631 1801 τῆς
2662 1729 3001 1797 πλεονεξίας,
3036 1732 3130 1784 καὶ
3164 1732 3238 1793 ὠς
3268 1733 3423 1785 οὐδὲν
3464 1731 3656 1796 αὐτοῖς

376 1848 487 1891 tum
520 1841 601 1892 sui
631 1849 891 1894 terrorem
939 1841 1131 1909 legatis
1171 1841 1409 1893 Avarum
1462 1839 1688 1893 incussit
1716 1877 1731 1900 ,
1780 1844 1835 1891 et
1868 1852 1961 1891 co-

374 1940 675 1998 gnoverunt
723 1943 786 1984 ex
847 1931 950 1993 his,
1004 1945 1125 1998 quae
1182 1931 1413 1993 dixerat,
1460 1929 1678 1982 minime
1727 1943 1849 1982 eum
1874 1942 1962 1981 su-

374 2021 619 2089 perbiam
651 2020 893 2091 ipsorum
922 2022 1294 2086 toleraturum,
1334 2034 1509 2088 neque
1541 2018 1839 2088 quidquam
1868 2032 1959 2073 eos

376 2125 518 2175 rum,
546 2124 668 2179 qua:
717 2111 869 2178 prius
916 2112 1167 2180 accipere
1198 2119 1632 2175 consueverant,
1681 2112 1955 2173 daturum,

373 2214 476 2253 nec
499 2215 629 2256 vero
657 2202 803 2270 ipsos
860 2202 1078 2271 impune
1111 2203 1695 2272 posthacincursiones
1740 2201 1793 2256 in
1821 2200 1961 2255 ﬁnes

376 2290 649 2347 Romanos
698 2292 936 2348 facturos
962 2334 977 2360 ,
1032 2295 1086 2348 in
1121 2310 1370 2365 magnam
1406 2295 1573 2349 animi
1623 2293 1958 2347 anxietatem

376 2382 707 2449 inciderunt,
747 2394 804 2441 et
851 2401 1033 2441 secum
1077 2387 1421 2457 cogitarunt,
1463 2402 1570 2455 quo
1607 2387 1822 2440 tandem
1870 2399 1958 2439 res

374 2487 583 2526 casura:
616 2484 824 2541 essent,
852 2486 907 2530 et
931 2477 1052 2545 quis
1080 2477 1293 2531 futurus
1338 2486 1483 2531 esset
1532 2490 1721 2529 earum
1753 2475 1953 2529 exitus.

370 2560 485 2619 Nec
527 2565 670 2621 enim
713 2566 997 2638 Byzantii,
1028 2569 1464 2637 quandoquidem
1511 2568 1645 2621 nihil
1690 2566 1953 2636 prolicere

370 2664 643 2725 poterant,
687 2660 1013 2715 manendum
1055 2661 1256 2716 diutius
1287 2661 1843 2730 statuebant,,neque
1891 2674 1951 2713 re

2061 1826 2142 1879 ἐτι
2172 1825 2456 1893 δοθήσεται
2484 1825 2530 1855 ⁸⁸
2563 1816 2638 1877 ὧν
2670 1823 2990 1890 ἐκομίζοντο
3035 1822 3236 1892 προτοῦ
3260 1861 3274 1886 ,
3322 1825 3417 1876 καὶ
3455 1823 3532 1886 ὡς
3585 1825 3665 1876 τὸ

2060 1918 2246 1971 λοιπὸν
2284 1916 2454 1978 ἀδεῶς
2511 1916 2611 1968 ούκ
2662 1913 3092 1984 ἐπιδραμοῦνται
3140 1914 3239 1983 τὴν
3307 1914 3651 1984 Ῥωμαϊκὴν,

2061 2011 2119 2063 ἐν
2143 2008 2419 2078 δυσθυμία
2447 2016 2507 2060 τι
2532 2004 2828 2076 ἐτύγχανον
2859 2004 3052 2075 πολλῇ,
3083 2006 3179 2057 καὶ
3200 2004 3657 2074 ἀναλογιζόμενοι

2065 2097 2206 2173 ἦσαν
2231 2101 2354 2154 ὅποι
2384 2100 2453 2153 τὰ
2476 2097 2724 2169 παρόντα
2756 2096 3053 2165 ἐκϐήσεται
3084 2098 3178 2149 καὶ
3207 2097 3332 2150 ὅποι
3354 2096 3529 2166 τύχης
3552 2097 3661 2151 αύ-

2059 2196 2175 2258 τοῖς
2208 2194 2449 2264 χωρήσοι
2489 2191 2559 2245 τά
2582 2192 2889 2261 πράγματα
2914 2208 2930 2223 ο
2959 2189 3085 2243 ούδέ
3108 2188 3219 2260 γὰρ
3245 2188 3431 2259 μένειν
3455 2190 3515 2243 ἐν
3548 2190 3657 2242 Bo.

2063 2287 2261 2357 ζαντίῳ
2290 2286 2526 2354 ἀνόνητα
2553 2284 2766 2354 ἦθελον,
2799 2282 2927 2336 οὔτε
2957 2283 3065 2353 μὴν
3099 2282 3374 2352 ἄπρακτοι
3419 2282 3651 2335 ἀπιέναι

2059 2378 2365 2432 ἐϐούλοντο.
2395 2377 2587 2445 Ὅμως
2619 2374 2760 2428 δὀύν
2799 2376 2909 2429 τῶν
2942 2374 3130 2428 κακῶν
3180 2373 3365 2436 αὐτοῖς
3412 2371 3652 2442 αἱρετώ-

2058 2487 2218 2541 τερον
2266 2470 2515 2541 ὑπῆρχεν
2568 2468 2938 2537 ἀπονοστῆσαι
2992 2467 3068 2529 ὡς
3131 2467 3257 2528 τοὺς
3316 2465 3649 2535 ὁμοφύλουςο

2059 2560 2157 2615 καὶ
2186 2558 2397 2620 τούτοις
2423 2556 2713 2616 ἐνωθέντες
2748 2559 2804 2620 ἐς
2832 2556 2930 2627 τὴν
2978 2556 3088 2609 τῶν
3143 2556 3413 2625 Φράγγων
3462 2553 3651 2625 χώραν

2057 2654 2317 2723 ἀφίκοντο
2335 2692 2351 2716 ,
2382 2651 2477 2703 τοῦ
2506 2650 2769 2720 βασιλέως
2788 2648 2887 2717 τὴν
2916 2647 3213 2716 ἀπολογίαν
3242 2647 3648 2717 θαυμάσαντες.

371 2737 572 2803 infecta
622 2751 899 2807 discedere
956 2751 1227 2809 volebant.
1290 2751 1483 2809 Tutius
1532 2763 1714 2808 tamen
1783 2752 1956 2807 visum
1991 2747 2096 2803 illis
2138 2755 2220 2800 est
2249 2759 2277 2798 a
2334 2742 2591 2797 ltomanis
2646 2741 2924 2796 discedere
2953 2749 3008 2794 et
3034 2741 3100 2793 ad
3134 2754 3264 2794 suos
3294 2754 3351 2794 se
3380 2740 3647 2807 recipere.

378 2836 470 2893 Sic
512 2840 586 2894 illi
632 2841 976 2911 imperatoris
1019 2860 1335 2915 responsum
1373 2846 1620 2900 admirati
1659 2844 1927 2915 conjuncti
1973 2857 2091 2897 cum
2116 2839 2230 2894 suis
2262 2838 2313 2890 itt
2346 2835 2676 2889 Francorum
2710 2835 2985 2903 regionem
3020 2831 3288 2885 abierunt.

445 2929 501 2984 6.
533 2928 747 2986 Justino
806 2934 1110 2987 nuntiatum
1166 2943 1248 2988 est
1283 2949 1313 2988 a
1360 2934 1649 2990 Persarum
1701 2937 1948 3004 imperio,

2130 2934 2204 2992 ς’.
2248 2928 2370 2979 Ὅτι
2420 2924 2659 2995 ἠγγέλθη
2704 2924 3000 2994 ’ίουστίνῳ,
3044 2923 3121 2986 ὡς
3170 2924 3237 2976 ἐκ
3276 2923 3376 2992 τῆς
3417 2925 3649 2996 Περσῶν

375 3021 598 3077 Zichum
629 3023 862 3093 legatum
888 3025 954 3079 ad
988 3041 1048 3080 se
1086 3026 1311 3081 missum
1343 3042 1485 3093 esse,
1520 3028 1609 3097 qui
1635 3028 1700 3081 de
1750 3026 1948 3081 Suanis

2058 3021 2411 3093 ἐπικρατείας
2437 3019 2759 3091 ἐξώρμησεν
2794 3021 2823 3071 6
2844 3019 2943 3089 le
2965 3018 3436 3087 πρεσϐευσάμενος
3465 3037 3522 3072 τε
3552 3022 3647 3073 καὶ

373 3122 579 3183 ageret,
611 3116 1014 3187 Persarumque
1049 3133 1177 3189 erga
1208 3119 1593 3188 imperatorem
1626 3120 1947 3173 benevolen-

2058 3087 2684 3182 διαλεχθησόμενοςπερὶ
2715 3087 2964 3163 Σουάνων
2994 3107 3042 3142 ⁸⁸
3068 3112 3125 3162 έν
3153 3110 3340 3181 ταυτῷ
3369 3112 3464 3163 καί⁵
3490 3110 3645 3180 φιλο-

374 3204 505 3258 tiam
533 3204 935 3273 testiﬁcaretur,
968 3215 1021 3262 et
1053 3222 1136 3272 ea,
1170 3209 1237 3261 de
1268 3210 1464 3277 quibus
1493 3209 1723 3264 Romani
1756 3225 1951 3277 quere-

372 3303 581 3357 rentur,
612 3296 787 3349 amice
814 3305 1182 3363 componeret.
1205 3295 1454 3352 Justinus
1484 3308 1632 3363 vero,
1658 3308 1751 3351 aut
1788 3298 1950 3349 mini-

374 3399 461 3437 me
485 3384 805 3453 legationem
832 3389 1142 3451 admittere,
1182 3396 1295 3451 aut,
1329 3388 1372 3442 si
1412 3388 1742 3461 admitteret,
1780 3386 1951 3442 Zicho

372 3469 684 3536 signiﬁcare
717 3473 1022 3539 constituit,
1054 3489 1393 3542 nequaquam
1423 3488 1537 3527 rem
1567 3484 1805 3543 optatum
1837 3476 1952 3528 exi-

378 3564 488 3609 tum
537 3558 866 3613 habituram.
910 3562 975 3615 Et
1030 3564 1319 3617 accedente
1353 3574 1574 3618 senatus
1622 3567 1952 3621 auctoritate

372 3650 605 3711 censuit,
651 3659 709 3703 ut
758 3648 995 3707 Joannes
1031 3668 1128 3721 per
1163 3654 1369 3710 litteras
1403 3654 1579 3711 'Zieho
1624 3657 1801 3710 adhuc
1849 3657 1953 3710 iter

371 3739 647 3807 peragenti
706 3740 881 3809 palam
920 3742 1145 3809 faceret,
1168 3746 1546 3815 imperatorem
1582 3748 1634 3802 in
1681 3749 1827 3803 nullo
1860 3764 1951 3804 eo-

370 3841 516 3893 rum,
551 3844 669 3899 quae
712 3845 977 3903 Speraret,
1015 3853 1393 3896 assensurum.
1447 3839 1564 3907 Quo
1596 3840 1739 3896 facto
1768 3841 1952 3897 Timo-

367 3920 521 3985 theo,
555 3936 618 3974 ex
654 3938 881 3979 numero
904 3940 1117 3993 eorum,
1144 3929 1234 3998 qui
1255 3928 1369 3996 jam
1402 3940 1560 3984 antea
1592 3947 1713 3986 cum
1738 3931 1949 3988 Joanne

368 4014 424 4061 in
478 4010 697 4067 Perside
748 4015 984 4082 fuerant,
1018 4019 1212 4074 littera:
1249 4022 1463 4075 traditae
1510 4034 1654 4077 sunt.
1701 4022 1953 4078 Iusserat

368 4100 668 4166 imperator
725 4102 1028 4170 Timotheo,
1066 4116 1124 4160 ut
1180 4109 1292 4177 regi
1351 4108 1510 4180 104
1546 4110 1835 4166 Persarum
1882 4113 1953 4167 ob

366 4190 818 4257 signiﬁcationem
882 4199 933 4250 in
969 4213 1027 4253 se
1051 4201 1435 4255 benevolentiae
1482 4204 1688 4271 gratias
1743 4215 1947 4272 ageret,

368 4280 579 4337 litteras
602 4300 730 4339 vero
752 4286 975 4343 Joannis
992 4289 1188 4360 legato,
1221 4306 1382 4361 quem
1401 4293 1621 4347 obvium
1652 4296 1707 4349 in
1726 4295 1949 4360 itinere,

2052 3206 2326 3277 φροσύνης
2376 3205 2597 3276 ῥήματα
2635 3200 2994 3271 ἀποκομίσων
3030 3200 3262 3270 βασιλεῖ,
3316 3200 3397 3253 ἔτι
3448 3217 3509 3255 τε
3545 3204 3645 3255 καὶ

2048 3299 2118 3352 τὰ
2170 3297 2257 3364 ἐφ’
2289 3292 2372 3358 οἷς
2435 3297 2699 3364 Ῥωμαῖοι
2756 3290 3227 3362 προσεγκαλοῦσιν
3278 3287 3339 3345 εὖ
3382 3292 3641 3360 διαθησό-

2054 3404 2234 3458 μενος.
2269 3387 2329 3439 '0
2353 3386 2410 3437 δὲ
2446 3386 2733 3447 ἰουστῖνος
2756 3386 2814 3438 ἐν
2838 3384 3003 3455 βουλῇ
3032 3383 3326 3452 ἐποιεῖτοῆ
3356 3384 3431 3453 μὴ
3464 3400 3635 3453 προσο

2049 3479 2304 3544 δέξασθαι
2363 3478 2462 3547 τὴν
2519 3476 2838 3548 πρεσϐείαν,
2876 3477 2908 3543 ἢ
2964 3475 3395 3547 προσδεχόμενον
3434 3475 3640 3529 εἰδέναι

2050 3575 2143 3626 τὸν
2178 3572 2298 3641 Ζὶχ,
2327 3571 2404 3633 ὡς
2439 3571 2508 3623 τά
2560 3570 2702 3622 κατὰ
2753 3569 2876 3622 νοῦν
2930 3568 3082 3638 αὐτῷ
3126 3568 3489 3638 ἀνυσθήσεται
3544 3570 3639 3620 ού-

2050 3665 2257 3735 δαμώς.
2312 3664 2421 3718 Καὶ
2473 3665 2536 3733 δὴ
2587 3662 3049 3732 ξυγκροτηθείσης
3103 3661 3254 3731 αὐτῷ
3310 3661 3634 3727 ἐκκλησίας,

2050 3756 2199 3810 δοκεῖ
2234 3754 2534 3826 κατάδηλον
2574 3752 2827 3823 γενέσθαι
2885 3753 2965 3804 ἐτι
3018 3751 3391 3822 ὁδοιποροῦντι
3424 3752 3502 3822 τῷ
3535 3754 3638 3821 Ζὶχ

2051 3849 2139 3901 διὰ
2184 3846 2465 3900 συλλαϐῶν
2517 3846 2788 3909 Ἰωάννου,
2846 3845 2923 3907 ὼς
2952 3843 3015 3897 τὸ
3044 3844 3309 3914 παράπαν
3338 3843 3492 3896 οὐδὲν
3517 3845 3635 3896 τῶν

2052 3940 2387 4011 δοκηθέντων
2415 3937 2775 4010 προσεδέξατο
2799 3938 2827 3989 6
2858 3935 3131 4005 βασιλεύς.
3173 3934 3377 3987 Τούτου
3405 3934 3636 4002 γενομέ-

2052 4046 2143 4087 νου
2176 4034 2244 4099 ⁸⁷,
2276 4034 2336 4086 τὸ
2371 4033 2609 4102 γράμμα
2656 4029 2997 4101 ἐνεχειρίσθη
3055 4027 3305 4097 Τιμοθέῳ
3356 4027 3464 4079 τῶν
3512 4026 3633 4095 ἅμα

2066 4124 2286 4198 Ἰωάννῃ
2315 4124 2620 4194 γενομένων
2666 4124 2747 4176 ἐνὶ
2800 4121 2945 4175 κατά
2979 4120 3045 4190 δὴ
3086 4120 3182 4190 τὴν
3227 4120 3453 4191 Περσῶν
3497 4136 3635 4188 πρε-

2051 4218 2167 4271 τοῦ.
2224 4217 2335 4271 Καὶ
2392 4211 2486 4269 οὖν
2524 4208 2787 4283 Τιμοθέῳ
2812 4213 3201 4267 ἐνεκελεύσατο
3246 4212 3497 4282 βασιλεὺς
3532 4214 3631 4281 ρήο

2056 4324 2200 4377 ματα
2247 4309 2348 4377 μὲν
2388 4307 2549 4375 δῆθεν
2576 4306 2675 4376 τῆς
2706 4309 2764 4370 ἐς
2807 4306 3110 4376 Ῥωμαίους
3146 4304 3329 4373 φιλίας
3360 4304 3633 4372 ἀποκομί-

367 4373 733 4433 sicut'rtineris
771 4380 910 4435 ratio
944 4381 1175 4449 ferebat,
1238 4384 1522 4441 habiturus
1549 4396 1713 4451 esset,
1764 4390 1944 4443 trade-

2058 4415 2145 4451 σαι
2172 4398 2383 4468 βασιλεῖ
2412 4398 2519 4451 τῶν
2567 4398 2819 4468 Περσῶν,
2868 4399 3257 4460 ύπαντιάζοντι
3313 4398 3391 4460 δὲ,
3439 4396 3631 4464 ὥσπερ

370 4471 472 4560 ret,
509 4474 568 4520 ut
608 4466 807 4523 Zichus
836 4470 1169 4540 exploratam
1208 4486 1658 4547 perspectamque
1704 4478 1940 4550 impera-

2058 4466 2215 4555 εἰκὸς,
2245 4490 2322 4560 τῷ
2355 4466 2670 4560 πρεσϐευτῇ
2698 4489 2964 4555 ἐπιδεῖξαι
2984 4491 3083 4559 τὴν
3131 4488 3377 4543 Ἰωάννου
3402 4491 3629 4540 ἐπιστο-

306 4597 317 4629 ,
368 4554 501 4607 toris
531 4556 856 4612 voluntatem
890 4561 1137 4616 haberet.
1178 4563 1304 4619 Haec
1332 4564 1420 4618 ubi
1470 4563 1753 4621 Timotheo
1811 4577 1936 4620 sunt

368 4639 650 4710 imperata,
687 4645 754 4698 ad
816 4646 1019 4703 limites
1080 4653 1379 4707 contendit.
1434 4653 1547 4709 lllic
1574 4670 1695 4710 cum
1732 4671 1933 4727 cogno-

2044 4582 2161 4652 λὴν,
2196 4581 2271 4642 ὡς
2310 4582 2376 4635 ἂν
2422 4581 2599 4635 ἔσοιτο
2628 4581 3055 4651 ἐξεπιστάμενος
3086 4584 3115 4635 6
3162 4582 3261 4651 Ζὶχ
3307 4582 3403 4635 καὶ
3451 4581 3630 4646 σαφέ-

2050 4683 2221 4723 στατα
2272 4669 2667 4741 προγινώσκων
2717 4672 2818 4741 τὴν
2842 4672 3105 4742 βασιλέως
3184 4671 3401 4741 βουλήν.
3457 4670 3630 4738 Τιμό-

316 4814 319 4819 .
365 4732 536 4787 visset
588 4735 822 4790 nondum
874 4740 1156 4797 advenisse
1190 4741 1479 4798 Persarum
1519 4745 1773 4815 legatum,
1804 4764 1933 4803 con-

2058 4758 2159 4821 ise;
2191 4753 2304 4821 οὖν,
2351 4748 2525 4812 τοῦτο
2553 4760 3029 4829 ἐπιτετραμμένον
3086 4760 3234 4829 αύτῷ
3290 4758 3631 4828 παρεγένετο

367 4822 545 4877 testim
569 4824 637 4879 ad
667 4826 963 4909 Chosroem
998 4840 1080 4887 est
1115 4832 1411 4901 profectus.
1449 4834 1608 4890 Forte
1628 4837 1771 4891 enim
1802 4853 1931 4892 con-

362 4914 600 4985 tigerat,
640 4927 699 4974 ut
767 4921 966 4978 Zichus
1009 4924 1112 4978 alia
1176 4928 1260 4980 via
1324 4925 1552 4982 Nisibim
1598 4929 1891 4985 diverteret
1920 4971 1935 4995 ,

360 5006 545 5078 ibique
574 5010 901 5068 valetudinis
941 5029 1104 5070 causa
1133 5018 1487 5075 detineretur.
1518 5019 1723 5075 Interea
1756 5023 1939 5076 Timo-

361 5100 524 5155 theus
557 5115 587 5153 a
612 5099 898 5158 Persarum
929 5120 1055 5177 rege
1100 5108 1357 5165 dimissus
1389 5112 1622 5173 rediens,
1650 5110 1816 5166 Nisibi
1843 5112 1932 5165 Zi-

359 5192 525 5245 chum
571 5196 747 5250 adhuc
794 5208 1148 5267 :egrotantetn
1200 5212 1480 5257 assecutus

2039 4850 2097 4902 ἐν
2161 4851 2270 4911 τοῖς
2324 4849 2513 4919 ὁρίοις.

2594 4851 2761 4912 Γνοὺς
2827 4851 2913 4916 δέ,
2990 4851 3066 4914 ὡς
3140 4850 3297 4904 οὔπω
3352 4851 3624 4920 πάρεστιν

2045 4937 2075 4988 6
2156 4938 2383 5007 Περσῶν
2454 4937 2837 5008 πρεσϐευτὴς,
2900 4939 3197 5008 ἐπορεύετο
3267 4939 3361 5005 ὅγε
3425 4936 3626 4990 αὐτίκα

2046 5028 2182 5098 πρὸς
2234 5028 2753 5099 Χοσρόην.Ξυμϐἀν
2777 5028 2834 5082 δὲ
2863 5029 3006 5084 οὕτω
3029 5029 3101 5093 ⁸⁸,
3152 5030 3246 5083 τοῦ
3305 5032 3403 5100 Ζὶχ
3452 5029 3521 5082 δι’
3568 5031 3628 5083 ἐς

2041 5118 2207 5185 τέρας
2252 5116 2500 5184 ἀτραποῦ
2532 5119 2588 5179 ἐς
2629 5117 2728 5189 τὴν
2768 5118 2986 5171 Νίσιϐιν
3032 5120 3389 5191 ἀφικομένου,
3421 5121 3538 5172 ἐκεῖ
3563 5135 3624 5170 τε

1536 5242 1551 5267 ,
1604 5204 1651 5258 ei
1708 5202 1934 5260 Joannis
2038 5207 2416 5279 διατρίψαντος
2440 5208 2517 5277 τῷ
2545 5208 2857 5283 διατεθῆναι
2911 5213 2973 5266 τὸ
3005 5211 3163 5282 σῶμα
3214 5213 3533 5284 ἀρρώστως,
3566 5212 3625 5262 ἐν

364 5280 574 5375 litteras
627 5288 866 5344 tradidit.
907 5291 958 5347 ls
1018 5308 1141 5347 cum
1183 5293 1557 5359 intellexisset,
1619 5296 1722 5350 iter
1774 5310 1929 5350 suum

2058 5298 2281 5369 τοσούτῳ
2328 5299 2595 5368 Τιμόθεος
2647 5280 2786 5373 πρὸς
2828 5304 2935 5356 τῶν
2975 5280 3199 5375 Περσῶν
3234 5280 3496 5374 βασιλέως
3519 5304 3625 5370 ἀφ’

365 5370 509 5429 llaud
553 5391 812 5449 prospere
845 5383 1061 5449 cedere,
1112 5398 1283 5453 neque
1314 5401 1380 5440 ex
1438 5394 1561 5440 votn
1608 5385 1929 5455 legationem

2058 5389 2341 5453 ,θεὶς,ἐπεὶ
2372 5392 2639 5447 κατέλαϐε
2676 5370 2771 5449 τὸν
2790 5397 2887 5465 Ζὶχ
2914 5370 3347 5467 ἐπανερχόμενος
3384 5397 3526 5449 κατᾶ
3555 5394 3620 5463 δὴ

1701 5505 1934 5562 VABUE
1982 5508 2388 5565 LECTIONES.

406 5655 414 5675 γ
438 5587 493 5675 1"
513 5588 661 5669 ὴμᾷς
684 5596 830 5665 vulg.
887 5595 1357 5675 “_Ett_6601'}osrgtt
1384 5597 1463 5675 B_.;
1489 5598 1836 5675 ἐκδοθήσεται
1862 5601 2006 5675 vulg.

378 5652 518 5723 νει..
547 5660 626 5728 τῷ
654 5689 721 5702 -η
747 5652 1022 5737 γ’ἑνομένῳ
1047 5652 1200 5721 ἐνίκα
1229 5668 1354 5721 τάδε
1382 5654 1478 5738 τὴν
1503 5652 1678 5740 vulg”.
1704 5672 1781 5723 ἐνὶ
1817 5652 2057 5739 κατάῡγε
2085 5652 2273 5742 τῷ

2068 5604 2127 5677 ⁸¹³ν
2147 5605 2359 5677 Σοάνων
2382 5608 2521 5675 vnlg.
2574 5606 2633 5677 “_
2648 5605 3153 5677 τῶν-έγενομένων
3172 5605 3252 5659 ἐνὶ
3276 5605 3418 5677 κατά
3441 5606 3503 5675 δὴ
3519 5607 3616 5677 τὴν

2354 5680 2395 5709 κς
2428 5676 2569 5729 οὓτω
2619 5675 2702 5741 8.,
2766 5676 2914 5747 αὐτῷ
2939 5676 3081 5746 vulg.
3164 5678 3237 5746 τῷ
3262 5676 3323 5733 Ζ.
3360 5676 3503 5746 vulg.
