4010 6210
354 284 473 355 £01

1173 295 1268 353 DE
1309 294 1872 359 LEGATIONIBUS
1905 298 2254 361 GEXTIUM
2290 303 2389 361 AD
2428 303 2803 365 ROMANOS.

3530 311 3635 375 302

360 409 459 476 τὴν
499 404 718 459 Νίσιϐιν
747 403 828 457 ἔτι
867 402 1073 473 νοσώδη
1096 402 1218 445 "-"
1240 406 1310 458 τά
1344 421 1404 457 τε
1450 408 1733 476 γραφέντα
1754 406 1955 476 οἰπρδς

2064 421 2337 477 peractqu
2374 411 2462 473 iri,
2516 414 2698 467 animo
2725 413 2942 477 cecidit,
2969 422 3020 469 et
3045 430 3111 469 ex
3158 418 3365 482 morbo,
3409 433 3519 489 quo
3540 423 3636 477 de-

380 497 627 551 Ἰωάννου
649 497 1002 567 ἐνεχείρισεν.
1046 496 1105 549 Ὀ
1128 496 1183 548 δὲ
1212 496 1570 565 καταμαθὼν,
1611 498 1686 560 ὡς
1716 499 1776 561 ἐς
1815 498 1941 551 τού-

364 588 580 643 ναντίον
610 587 762 659 αὐτῷ
797 588 909 641 τῶν
937 588 1305 645 ἐλπισθέντων
1353 591 1386 658 ἠ
1429 589 1548 653 ὁδὸς
1592 591 1803 659 γίνεται
1848 596 1944 649 καὶ

362 682 439 743 ὡς
464 680 565 733 οὐκ
594 680 787 743 αἰσίως
840 682 889 733 οἰ
943 680 1283 751 προϐήσεται
1331 682 1401 735 τὰ
1454 682 1557 751 τῆς
1618 686 1940 752 πρεσϐείας,

354 771 636 841 ,δυσθυμία
670 770 988 841 περιπεσὼν
1023 773 1117 825 καὶ
1142 776 1209 842 τῇ
1252 775 1394 841 νόσῳ
1437 774 1668 843 κάτοχος
1697 776 1772 828 ὢν
1811 794 1944 832 κατ-

308 904 311 915 .
364 860 593 930 έστρεψε
616 862 708 915 τὸν
742 859 879 931 βίον.
914 861 1022 915 Καὶ
1066 861 1165 931 μὲν
1193 862 1256 930 δὴ
1316 865 1409 915 καὶ
1453 861 1707 934 Ἰωάννην
1746 865 1944 920 αὐτίκα

367 952 567 1023 συνέϐη
617 953 893 1008 τεθνάναι.
938 952 1095 1007 Μετὰ
1137 952 1313 1007 ταῦτα
1360 955 1687 1023 ἀγγέλλεται
1736 959 1795 1011 ἐν
1836 960 1943 1011 Βυ-

365 1042 587 1111 ζαντίῳ,
618 1042 692 1104 ὡς
726 1042 915 1113 ἕτερος
948 1042 1068 1113 ἥξει
1098 1043 1440 1114 πρεσϐευτὴς
1476 1046 1504 1096 6
1531 1051 1943 1119 προσαγορευό-

367 1150 527 1201 μενος
560 1131 846 1203 Μεϐώδης.
880 1127 1052 1196 Οὗτος
1095 1133 1152 1195 ἐς
1204 1132 1302 1204 τὴν
1355 1134 1601 1203 βασιλίδα
1650 1140 1943 1209 ἐπορεύετο

2053 501 2351 567 tinebatur,
2402 504 2569 557 vitam
2631 515 2805 559 morte
2853 509 3227 562 commutavit.
3287 508 3397 564 Nec
3464 512 3636 568 multo

2057 605 2178 663 post
2203 594 2440 650 Joannes
2464 610 2678 664 quoque
2709 608 2957 651 mortuus
2992 609 3093 653 est.
3124 598 3247 653 Post
3278 601 3390 655 haec
3424 601 3635 669 Byzan-

2048 690 2177 740 tium
2215 688 2497 741 nuntiatur
2562 688 2819 743 advenire
2862 690 3027 744 alium
3059 691 3314 760 legatum,
3354 692 3633 749 Mebodem

2045 779 2287 832 nomine.
2347 777 2399 832 ls
2460 794 2595 832 vana
2660 780 2984 835 conﬁdentia
3051 782 3266 836 inﬂatus
3328 784 3380 837 in
3430 784 3633 853 regiam

2044 869 2315 937 pervenit,
2348 884 2599 939 magnam
2632 886 2782 940 spem
2816 872 3039 935 habens,
3073 888 3379 929 sermonem
3426 888 3629 931 motum

2046 960 2209 1028 irizde
2237 960 2462 1024 Suania,
2508 977 2673 1030 seque
2715 965 2890 1018 fmdus
2916 979 2986 1023 ex
3037 965 3324 1020 Persarum
3354 967 3624 1020 sententia

2045 1054 2337 1109 facturum.
2375 1053 2486 1110 Hac
2519 1056 2850 1125 cogitatione
2885 1056 3081 1120 elatus,
3114 1058 3239 1113 dum
3304 1059 3624 1129 Byzantium

2044 1144 2148 1199 iter
2166 1146 2348 1211 habet,
2370 1147 2734 1215 arrogantius,
2769 1160 2929 1212 quam
2952 1148 3186 1217 legatum
3218 1149 3466 1212 decebat,
3501 1164 3628 1218 erga

367 1223 763 1292 ὲξογκούμενος
797 1226 840 1258 ⁸⁸
874 1225 970 1278 καὶ
1001 1225 1150 1294 μάλα
1192 1225 1607 1295 βρενθυόμενος,
1635 1229 1729 1282 καὶ
1752 1231 1943 1284 ἐλπίδα

2045 1252 2253 1300 omnes,
2304 1234 2629 1307 quibuscdm
2685 1240 2961 1304 convenit,
2989 1254 3047 1293 se
3094 1239 3285 1307 gessit.
3351 1237 3423 1292 Ut
3453 1241 3625 1301 venit,

367 1316 525 1385 ἔχων,
561 1316 636 1380 ὡς
666 1319 796 1388 περὶ
847 1316 1109 1378 Σουανίας
1152 1317 1304 1388 αὑτῷ
1346 1319 1738 1389 κινηθήσονται
1768 1322 1940 1390 λόγοι,

2045 1328 2364 1398 imperator,
2412 1330 2503 1398 qui
2557 1329 2795 1384 hominis
2826 1329 3195 1399 arrogantiam
3245 1337 3301 1381 et
3361 1328 3624 1399 importu-

367 1408 462 1459 κα)⁸
508 1408 591 1460 ὅτι
644 1408 859 1475 Πέρσας
905 1406 1239 1476 ἀρέσκουσαι
1282 1409 1603 1480 γενήσονται
1658 1411 1942 1480 ξυνοῆκαι.

2045 1418 2294 1479 nitatem.
2340 1429 2395 1474 et
2431 1435 2661 1489 quorum
2695 1420 3112 1475 obtinendorum
3152 1434 3249 1488 spe
3306 1420 3413 1473 iter
3464 1421 3623 1475 insti-

367 1500 604 1571 Τοιαύτη
645 1501 692 1533 ⁹¹
720 1500 930 1570 διανοίᾳ
998 1500 1309 1568 ἐπηρμένος
1366 1501 1422 1552 ὲν
1476 1501 1758 1573 Βυζαντίῳ
1808 1502 1896 1574 ᾔει
1926 1542 1942 1568 ,

2047 1511 2258 1576 tuisset,
2284 1511 2398 1579 jam
2450 1513 2750 1576 didicerat,
2800 1512 3195 1581 gratulationes
3251 1526 3282 1565 a
3340 1510 3631 1566 Persarum

368 1592 768 1662 αὐθαδέστερον
802 1590 834 1661 ἢ
867 1591 1009 1643 κατὰ
1038 1589 1384 1662 πρεσϐευτὴν
1406 1591 1637 1662 θέμενος
1670 1596 1785 1658 τοῖς
1805 1595 1945 1649 κατὰ

2045 1620 2171 1677 rege
2236 1606 2486 1676 benigne,
2546 1615 2607 1661 ut
2639 1622 2753 1661 mos
2775 1608 3150 1673 erat,excepit.
3185 1607 3292 1663 Sed
3345 1606 3627 1665 Mebodem

365 1686 468 1753 τὴν
504 1682 837 1753 ὁδοιπορίαν.
905 1683 1362 1752 Παραγενομένου
1411 1682 1468 1735 δὲ
1510 1682 1786 1752 (βασιλεὺς
1835 1685 1944 1756 γὰρ

2046 1699 2344 1769 imperator
2395 1700 2731 1769 contemptui
2782 1698 2989 1763 habuit,
3025 1713 3198 1766 neque
3230 1699 3306 1752 illi
3352 1699 3516 1752 ullum
3552 1700 3632 1753 fa-

364 1774 470 1844 ἥδη
505 1775 784 1827 ἐπέπυστο
841 1771 1101 1826 Μεδὼδου
1149 1771 1250 1841 τῆς
1303 1772 1625 1837 ἀλαζονείας
1671 1774 1821 1845 πέρι,
1847 1777 1941 1828 καὶ

2050 1760 2380 1844 miiiaritatis
2412 1760 2632 1860 signum
2660 1789 2922 1842 exhibuit.
2963 1760 3056 1842 Sic
3110 1760 3186 1840 illi
3238 1796 3435 1855 praeter
3481 1803 3629 1856 spem

365 1864 527 1915 ὁποῖα
553 1861 691 1916 ἄττα
718 1859 955 1927 ἐλπίζων
985 1861 1082 1931 τὴν
1114 1860 1299 1931 ἄφιξιν
1336 1863 1687 1933 ἐποιήσατο),
1708 1863 1809 1927 τὰς
1842 1866 1941 1934 μὲν

365 1955 429 2005 ἐκ
458 1952 725 2022 βασιλέως
748 1951 972 2023 Περσῶν
989 1951 1136 2017 ἔδοξε
1160 1953 1415 2022 δέχεσθαι
1437 1954 1775 2024 προσρήσεις
1798 1957 1941 2013 κατὰ

362 2046 456 2098 τὸν
482 2044 715 2098 εἰωθότα
737 2043 963 2115 θεσμὸν,
981 2045 1393 2115 ’περιεφρόνησε
1439 2045 1495 2097 δὲ
1529 2045 1676 2115 ὅμως
1708 2046 1801 2100 τὸν
1830 2048 1942 2101 Με-

366 2135 510 2203 ϐώδη
536 2134 631 2187 καὶ
660 2132 1038 2204 ἁπεφλαύριξε
1068 2134 1203 2203 μηδὲ
1248 2134 1349 2204 τὴν
1385 2134 1602 2195 οἱανοῦν
1656 2135 1942 2189 συνουσίαν

364 2226 440 2288 ὡς
482 2225 646 2279 αὑτὸν
688 2224 1033 2295 ποιούμενος.
1071 2224 1160 2289 Ὠς
1216 2226 1274 2279 δὲ
1323 2228 1382 2289 ές
1422 2226 1757 2293 τούναντίον,
1796 2227 1942 2299 ἥπερ

366 2317 638 2384 ἐϐούλετο,
666 2318 737 2371 τὰ
755 2317 857 2387 τῆς
878 2318 1175 2387 πρεσϐείας
1212 2319 1261 2373 oi
1292 2316 1512 2388 ἐχώρει,
1546 2318 1640 2371 καὶ
1668 2318 1730 2371 τδ
1761 2320 1942 2390 παρά-

330 2414 476 2459 ’παν
518 2407 669 2459 οὐδὲν
727 2407 875 2477 αὐτῷ
918 2407 1066 2471 ἔλεξε
1120 2408 1250 2474 περὶ
1296 2409 1559 2471 Σουανίας
1593 2408 1622 2460 6
1663 2408 1938 2479 βασιλεὺς,

365 2497 555 2550 ἔπειτα
590 2496 904 2567 ὲξελιπάρει
941 2499 969 2551 6
1012 2497 1278 2567 Μεϐώδης
1304 2499 1430 2561 τοὺς
1473 2498 1587 2569 ἅμα
1609 2501 1659 2552 οἰ
1687 2500 1941 2571 Σαρακη-

365 2588 489 2651 νοὺς
523 2589 582 2651 ές
609 2588 802 2656 λόγους
834 2588 971 2642 ἰέναι
1018 2588 1098 2659 τῷ
1145 2589 1531 2661 αὐτοκράτορι.
1568 2591 1797 2645 Εἵποντο
1829 2593 1939 2662 γὰρ

364 2680 514 2749 ἀμφὶ
549 2681 671 2743 τοὺς
704 2682 1115 2752 τεσσαράκοντα
1133 2678 1317 2749 οἰκείῳ
1340 2681 1450 2735 τινὶ
1476 2682 1782 2753 πρεσϐευτῇ
1807 2699 1939 2736 τατο

361 2772 603 2840 τὸμενοι.
651 2772 711 2827 '0
738 2772 847 2843 γὰρ
887 2772 996 2825 τῶν
1023 2771 1665 2844 Σαρακηνῶν’φύλαρχος
1693 2774 1937 2847 Ἀμϐρος

366 2863 660 2933 ἐκπέμψας
714 2864 925 2934 ὑπῆρχε
978 2863 1069 2916 καὶ
1112 2865 1142 2917 ὅ
1174 2880 1239 2932 γε
1288 2864 1385 2930 ξὺν
1411 2864 1490 2934 τῷ
1531 2866 1767 2936 Μεϐώδῃ
1804 2883 1939 2938 πρε-

369 2955 558 3010 σϐείαν
595 2954 1118 3025 διαλεχθησομένους
1151 2956 1279 3027 περί
1324 2949 1399 3010 ὧν
1453 2955 1751 3026 χρημάτων
1800 2958 1939 3027 πρὸς

376 3045 757 3101 ἰουστινιανοῦ
778 3045 1119 3116 ἐκομίζοντο.
1152 3044 1420 3117 Μεϐὠδης
1457 3042 1551 3101 οὖν
1589 3046 1683 3100 τοῦ
1727 3049 1934 3101 σκοποῦ

360 3136 457 3189 τοῦ
484 3138 612 3207 περὶ
636 3136 899 3201 Σουανίας
942 3135 1225 3207 ἁμαρτὼν,
1254 3136 1328 3200 ὡς
1357 3136 1424 3191 ἂν
1452 3137 1526 3207 μὴ
1545 3138 1724 3208 πάντη
1754 3139 1935 3209 ἄπρα-

365 3245 492 3292 κτος
524 3229 896 3300 ἀναχωρήσοι,
929 3228 1335 3299 ἐπιμελέστατα
1383 3247 1499 3293 πως
1540 3230 1808 3299 ἠντιϐόλει
1838 3234 1939 3302 τῆς

300 3352 304 3357 »
362 3319 439 3383 ὡς
494 3319 718 3390 βασιλέα
768 3323 955 3391 τυχεῖν
1012 3320 1220 3375 εἰσόδου
1265 3321 1394 3385 τοὺς
1423 3323 1795 3392 Σαρακηνούς.
1828 3325 1939 3377 Καὶ

364 3411 545 3465 τοίνυν
567 3412 851 3466 ὑπολαϐὼν
878 3415 906 3466 6
924 3414 1302 3484 αὐτοκράτωρ,
1334 3432 1352 3465 ι
1391 3413 1457 3466 Τί
1478 3413 1586 3484 γὰρ
1612 3414 1769 3483 δῆτα,
1804 3415 1929 3486 ἔφη,

366 3504 646 3579 βούλονται
674 3507 722 3559 οἰ
745 3505 869 3560 καθ’
893 3507 1038 3576 ὑμᾶς
1059 3508 1105 3537 ’³
1126 3507 1433 3578 Σαρακηνοί
1460 3522 1477 3573 ;
1510 3524 1529 3557 ι
1572 3507 1658 3570 Ὠς
1683 3508 1741 3560 δὲ
1759 3509 1939 3576 ἐγκεί-

369 3614 528 3665 μενον
584 3597 751 3666 έώρα,
796 3598 1088 3652 κατένευσε
1138 3600 1284 3669 μόνῳ
1336 3601 1562 3653 εἰσιέναι
1601 3599 1678 3669 τῷ
1713 3602 1938 3655 ἐκείνων

366 3688 698 3760 πρεσϐευτῇ.
742 3690 1048 3743 Ἦπίστατο
1086 3690 1218 3759 γὰρ,
1279 3692 1354 3755 ὡς
1397 3692 1937 3763 ἀπαυθαδιαζόμενος

363 3783 466 3834 οὐκ
493 3780 560 3834 ἂν
591 3781 766 3832 ἕλοιτο
812 3780 942 3834 ἄνευ
991 3782 1099 3834 τῶν
1142 3783 1426 3851 ἑπομένων
1467 3782 1542 3845 ὡς
1570 3784 1791 3851 βασιλέα
1820 3802 1940 3852 φοι-

365 3874 554 3944 τῆσαι,
610 3873 725 3927 ἀλλ’
773 3872 964 3941 ὥσπερ
1018 3871 1185 3940 ἡνίκα
1241 3872 1393 3942 παρὰ
1431 3872 1808 3926 Ἰουστινιανὸν
1847 3872 1939 3937 ξὺν

368 3967 538 4021 ἅπασι
574 3965 684 4027 τοῖς
720 3964 836 4033 ἅμα
867 3962 1049 4024 αὐτοῖς
1098 3960 1209 4015 τῶν
1238 3962 1569 4032 Σαρακηνῶν
1600 3964 1649 4016 οἰ
1682 3963 1940 4033 πρέσϐεις

366 4058 631 4126 ἐγίνοντο,
667 4054 875 4109 καὶτὸν
906 4055 953 4086 ’δ
982 4052 1125 4106 οὕτω
1157 4052 1444 4125 βούλεσθαι
1472 4054 1533 4106 τὸ
1556 4052 1787 4122 σύνηθες
1822 4054 1940 4108 δια-

366 4148 611 4213 σώζονται
661 4148 933 4218 ποιήσειν.
989 4144 1270 4199 Ἐντεῦοέν
1316 4162 1376 4199 τε
1421 4145 1776 4216 εὐπρόσωπον
1804 4146 1941 4217 ᾤετο

363 4243 504 4309 ἕξειν
553 4240 754 4304 αἰτίαν,
805 4238 879 4301 ὡς
912 4238 1075 4301 αὐτὸς
1116 4238 1216 4307 μὲν
1246 4237 1315 4291 τὰ
1358 4238 1595 4309 ἁρμόδια
1628 4239 1841 4310 βασιλεῖ
1858 4239 1939 4293 δι-

366 4331 662 4405 επράξατο,
687 4335 715 4385 6
739 4331 795 4384 δὲ
825 4328 1145 4401 Σαρακηνὸς
1172 4329 1377 4399 ἥκιστα
1414 4329 1558 4396 ἔγνω
1598 4330 1668 4383 τὰ
1710 4330 1899 4387 δέοντα
1921 4347 1935 4361 ’

2048 1882 2246 1952 legatio
2275 1882 2462 1943 cessit.
2494 1897 2672 1952 neque
2712 1882 2883 1934 ullum
2935 1881 3154 1934 omnino
3185 1880 3409 1936 verbum
3459 1881 3631 1948 impe-

2049 1983 2196 2028 rator
2229 1974 2295 2029 de
2324 1973 2527 2027 Suania
2562 1972 2711 2027 fecit.
2771 1970 2975 2025 Deinde
3008 1969 3262 2027 Mebudes
3294 1985 3632 2040 magnopere

2046 2066 2221 2135 petiit,
2254 2075 2315 2119 ut
2351 2063 2660 2128 Saracenis,
2704 2063 2796 2133 qui
2827 2077 2952 2117 cum
2987 2076 3057 2117 eo
3117 2069 3293 2125 erant,
3332 2061 3629 2131 imperato.

2049 2168 2163 2207 rem
2208 2154 2439 2209 adeundi
2475 2162 2722 2221 potestas
2754 2155 2934 2221 {esset.
2989 2151 3162 2206 Erant
3200 2151 3345 2204 enim
3412 2152 3464 2205 in
3505 2152 3632 2221 ejus

2048 2246 2308 2300 comitatu
2364 2245 2583 2299 circiter
2624 2242 2980 2312 quadraginta
3043 2242 3264 2311 proprio
3315 2241 3493 2311 legato
3532 2256 3627 2309 pa-

2047 2347 2249 2392 rentes.
2281 2336 2696 2391 Miseratautem
2741 2350 2862 2389 cum
2913 2332 3134 2387 Mebode
3171 2334 3426 2397 Ambrus,
3459 2332 3628 2387 Sara-

2047 2440 2301 2483 cenorum
2338 2426 2688 2497 phylarchus.
2720 2434 2776 2477 et
2816 2426 2930 2493 ipse
2964 2426 3196 2491 legatos,
3245 2425 3334 2492 qui
3365 2424 3431 2476 de
3464 2439 3627 2492 pecu—

2046 2518 2174 2581 niis,
2220 2531 2360 2586 quas
2404 2531 2433 2569 a
2504 2514 2812 2569 Justiniano
2877 2515 3321 2583 impetraverant,
3375 2522 3618 2581 agerent.

2046 2611 2234 2681 Itaque
2253 2624 2373 2664 cum
2429 2607 2702 2670 Meliodes,
2730 2616 2989 2675 quantum
3015 2605 3081 2659 ad
3108 2604 3367 2658 Suaniam
3422 2604 3626 2658 attine-

2046 2702 2278 2769 bat,spe
2312 2713 2409 2753 sua
2444 2698 2761 2761 excidisset,
2805 2710 2870 2749 ue
2909 2696 3051 2748 nulla
3102 2711 3161 2749 re
3189 2696 3416 2750 obtenta
3445 2694 3625 2749 disce-

2046 2790 2218 2851 deret,
2250 2801 2382 2842 cura
2412 2785 2558 2838 omni
2586 2783 2886 2848 contendit,
2933 2792 2990 2835 ut
3022 2780 3415 2837 Saracenorum
3460 2782 3621 2849 legati

2046 2883 2249 2937 aditum
2280 2882 2347 2933 ad
2406 2878 2785 2946 imperatorem
2843 2875 3311 2929 nanciscerentur.
3338 2873 3414 2926 De
3452 2888 3515 2927 ea
3566 2887 3624 2925 re

2045 2987 2167 3026 cum
2226 2968 2469 3023 Mebodis
2518 2966 2820 3021 orationem
2888 2964 3182 3032 imperator
3252 2962 3556 3029 excepisset
3601 3000 3620 3025 ,

2052 3083 2071 3117 ι
2108 3062 2245 3131 Quid
2285 3059 2440 3115 nobis
2469 3058 2674 3121 volunt,
2710 3055 2901 3124 inquit,
2929 3054 3228 3108 Saraceni?
3263 3072 3281 3104 ι
3314 3051 3383 3108 Ut
3411 3053 3622 3106 instan-

2046 3164 2151 3208 tem
2198 3151 2350 3213 vidit,
2386 3147 2657 3202 concessit
2700 3158 2888 3198 eorum
2934 3142 3131 3210 legato,
3166 3150 3226 3193 ut
3260 3141 3407 3195 solus
3448 3141 3514 3194 ad
3561 3155 3623 3194 se

2042 3242 2343 3298 accederet.
2368 3238 2550 3306 Neque
2582 3234 2725 3289 cnim
2759 3232 3013 3302 legatum,
3042 3230 3137 3299 qui
3167 3231 3450 3297 superbior
3467 3239 3609 3292 erat,

2044 3334 2396 3392 toleraturum
2450 3327 2817 3387 existimabat.
2881 3332 2940 3377 ut
2990 3322 3210 3377 remotis
3250 3321 3537 3375 comitibus
3567 3321 3622 3374 in

2042 3420 2383 3495 imperatoris
2422 3418 2578 3489 105
2600 3424 2950 3485 conspectum
2991 3413 3241 3467 veniret:
3280 3411 3375 3465 sed
3428 3426 3621 3480 quem-

2042 3516 2329 3572 admodum
2365 3512 2637 3582 quondam
2682 3511 3071 3577 imperatorem
3120 3503 3483 3559 Iustinianum
3529 3517 3623 3557 eo-

2042 3618 2160 3657 rum
2196 3601 2495 3672 legaticum
2549 3597 2801 3653 omnibus
2849 3596 3139 3649 comitibus
3186 3593 3301 3649 suis
3336 3593 3619 3655 adiisseut,

2044 3695 2185 3747 hunc
2206 3705 2420 3761 quoque
2459 3687 2792 3758 pertinacius
2836 3685 2888 3737 iu
2919 3699 2983 3739 eo
3016 3683 3364 3751 perstiterum
3387 3695 3528 3747 esse,
3564 3691 3623 3735 ut

2043 3798 2161 3837 mos
2197 3782 2387 3837 solitus
2418 3783 2820 3835 observaretur.
2847 3777 2963 3842 Qua
3022 3777 3075 3829 in
3110 3790 3168 3828 re
3231 3776 3525 3842 imperator
3561 3788 3622 3827 se

2043 3873 2229 3942 optimi
2262 3873 2403 3942 juris
2442 3872 2677 3940 speciem
2708 3884 2818 3938 pne
2847 3884 2905 3922 se
2937 3868 3168 3921 laturum
3199 3882 3322 3920 esse
3354 3866 3619 3934 Speravit,

2042 3964 2184 4032 quod
2215 3964 2327 4032 ipse
2347 3974 2466 4031 qua:
2494 3963 2873 4030 imperatorem
2904 3958 3179 4018 decereut,
3226 3956 3466 4018 fecisset,
3514 3955 3618 4008 Sa-

2046 4071 2274 4111 racenus
2299 4062 2477 4109 autem
2504 4052 2749 4113 minime,
2787 4064 2908 4119 qua:
2938 4048 3054 4100 ﬁeri
3082 4049 3432 4116 oportuisset,
3461 4046 3620 4101 intel-

2045 4136 2319 4202 lexisseté‘
2360 4146 2425 4200 'se
2476 4144 2637 4213 igitur
2691 4153 2909 4195 omnem
2958 4138 3172 4206 culpam
3222 4139 3274 4191 in
3323 4139 3618 4191 Barbarum

2043 4236 2438 4306 conjecturum.
2488 4233 2674 4301 Neque
2703 4230 2863 4287 aliter
2897 4244 2982 4284 res
3007 4229 3225 4293 cecidit,
3244 4243 3401 4298 quam
3442 4228 3620 4297 suspi~

2043 4341 2198 4385 catus
2255 4332 2431 4385 fuerat
2482 4331 2795 4397 imperator.
2837 4323 3053 4378 Etenim
3110 4320 3414 4377 Saracenus
3474 4321 3617 4377 haud

365 4421 484 4478 εἶτα
504 4424 644 4478 κατὰ
664 4424 729 4493 δὴ
759 4422 854 4476 τοῦ
883 4420 1173 4492 Βαρϐάρου
1204 4422 1702 4492 ἁντιστραφήσεται
1730 4423 1792 4475 τὸ
1826 4423 1940 4477 ἑπι-

2045 4421 2301 4479 decorum
2329 4420 2433 4476 sibi
2472 4432 2594 4476 esse
2629 4416 2969 4478 existimans,
3012 4413 3183 4468 solum
3215 4413 3331 4469 sine
3368 4412 3474 4466 ullo
3524 4426 3617 4465 co-

366 4517 571 4587 κλημα.
619 4515 730 4568 Καὶ
776 4514 877 4569 οὐκ
921 4512 1034 4585 [ἂν]
1072 4513 1249 4576 ἄλλως
1290 4511 1492 4581 ἀπέϐη,
1540 4513 1573 4584 ἢ
1607 4514 1654 4548 ⁸⁵
1688 4514 1938 4584 βασιλεὺς

366 4609 718 4679 ἐστοχάσατο.
760 4608 819 4661 '0
850 4609 957 4678 γὰρ
994 4607 1059 4676 δὴ
1088 4606 1407 4675 Σαρακηνὸς
1431 4605 1678 4677 ἀπρεπὲς
1705 4602 1845 4661 εἰναι
1875 4611 1939 4663 τὸ

368 4703 621 4771 παρεῖναι
655 4702 703 4754 οἰ
738 4701 884 4770 μόνῳ
913 4699 987 4763 ὡς
1017 4698 1240 4770 βασιλέα
1261 4698 1638 4768 ὑποτοπήσας,
1677 4699 1771 4752 καὶ
1810 4699 1872 4753 τὸ
1890 4700 1937 4732 ⁸⁸

366 4796 650 4864 κρατῆσαν
682 4793 845 4864 δῆθεν
895 4790 1189 4847 καταλύειν
1223 4791 1321 4861 οὐχ
1354 4791 1598 4861 αἱρετέον
1628 4790 1796 4861 αὐτῷ,
1830 4794 1937 4846 ὰπ-

365 4886 600 4956 ηνήνατο
640 4883 739 4956 τὴν
791 4884 848 4947 ἐς
887 4882 1111 4953 βασιλέα
1150 4883 1404 4950 πάροδον.
1446 4882 1579 4935 Τότε
1623 4883 1652 4934 6
1686 4883 1938 4953 βασιλεὺς

364 4975 454 5028 τὸν
486 4974 587 5044 μὲν
620 4973 939 5045 Σαρακηνδν
992 4973 1300 5026 τελεώτατα
1348 4974 1798 5044 περιεφρόνησεν,
1828 4976 1858 5027 ό
1881 4975 1937 5029 δὲ

365 5068 423 5129 ἐς
445 5068 537 5119 τὸν
557 5065 790 5137 Μεϐὠδη
818 5065 1113 5136 παρήγαγε
1138 5066 1239 5127 τὰς
1270 5065 1473 5127 αίτίας.
1504 5063 1563 5117 ’0
1590 5064 1648 5118 δὲ
1670 5064 1778 5118 τῶν
1800 5066 1937 5137 Περ·

365 5155 476 5208 σῶν
510 5156 873 5227 πρεσϐευτὴς,
908 5175 926 5207 ι
960 5152 1031 5208 '0
1063 5156 1317 5219 δέσποτα,
1350 5153 1552 5221 ἔλεξεν,
1591 5156 1652 5208 οὺ
1706 5157 1937 5227 πάρειμι

367 5247 784 5317 συνεπαμύνων,
838 5249 955 5315 εἴγε
997 5248 1025 5300 6
1061 5248 1377 5317 Σαρακηνδς
1422 5246 1813 5317 ἐπλημμέλησὲ
1862 5266 1937 5312 τι,

366 5337 542 5401 ἄλλως
595 5338 653 5392 δὲ
708 5341 1095 5410 ἀκουσόμενος,
1132 5341 1301 5404 ὅπως,
1352 5338 1399 5390 εἰ
1460 5339 1559 5409 μὲν
1600 5340 1835 5410 ἁρμόδια
1861 5342 1938 5411 τῷ

366 5432 561 5503 δικαίῳ
583 5432 755 5501 λέγοι,
797 5434 872 5504 μὴ
903 5432 1259 5505 περιόψομαι,
1290 5435 1338 5485 εἰ
1360 5431 1416 5485 δέ
1442 5448 1505 5500 γε
1538 5432 1597 5495 ές
1624 5433 1938 5488 τούναντίον

2044 4518 2238 4573 mitatu
2293 4514 2360 4570 ad
2415 4513 2798 4582 imperatorem
2829 4508 3110 4571 accedere,
3140 4520 3315 4575 neque
3354 4520 3383 4557 a
3436 4517 3609 4566 more,

2040 4610 2131 4680 qui
2174 4605 2492 4678 jamdudum
2542 4603 2874 4669 obtinuerat,
2930 4599 3031 4656 sibi
3080 4596 3440 4653 recedendum
3493 4608 3615 4649 esse

2040 4709 2217 4763 ratus,
2251 4697 2597 4767 imperatoris
2655 4696 2859 4751 aditum
2886 4692 3085 4750 renuit.
3140 4690 3293 4747 Tunc
3321 4689 3619 4757 imperator

2041 4792 2198 4846 valde
2234 4790 2477 4859 despexit
2523 4787 2852 4843 Saracenum
2886 4824 2903 4850 ,
2952 4785 3020 4839 de
3068 4798 3175 4851 qua
3212 4797 3272 4836 re
3315 4796 3435 4837 cum
3478 4778 3616 4847 apud

2041 4882 2318 4937 Mebodem
2363 4889 2587 4949 questus
2646 4888 2813 4942 esset,
2848 4876 3137 4932 Persarum
3182 4875 3397 4942 legatus
3443 4873 3617 4941 impe-

2042 4974 2207 5031 ratori
2254 4974 2387 5028 dixit
2413 4990 2429 5026 :
2461 4991 2480 5024 ι
2535 4971 2646 5041 Ego
2669 4970 2915 5037 quidem,
2938 4968 3173 5029 domine,
3203 4972 3419 5030 adsum,
3471 4964 3614 5021 haud

2044 5069 2410 5127 defensionem
2441 5074 2793 5136 suscepturus
2822 5060 3105 5124 Saraceni,
3135 5058 3182 5114 si
3216 5058 3268 5111 in
3305 5056 3489 5124 aliquo
3520 5055 3615 5109 de-

2041 5160 2282 5232 liquerit,
2343 5159 2437 5215 sed
2490 5170 2606 5211 rem
2631 5156 2967 5226 cogniturus,
2997 5161 3075 5218 ut,
3113 5151 3158 5206 si
3194 5164 3379 5205 verum
3411 5148 3479 5203 ad
3529 5160 3615 5200 me

2044 5253 2315 5318 detulerit,
2363 5265 2586 5307 causam
2620 5248 2738 5315 ejus
2784 5262 2891 5303 non
2954 5246 3201 5300 deseram
3236 5280 3252 5308 ,
3288 5240 3372 5297 sin
3416 5238 3611 5308 injuria
3714 5310 3721 5313 _

2043 5360 2330 5403 accusasse
2356 5340 2658 5413 apparebit,
2687 5354 2787 5410 ego
2825 5339 3002 5409 ipsum
3039 5338 3415 5392 condemnem.
3455 5350 3474 5384 ι
3514 5331 3612 5384 Cui

2046 5441 2339 5508 imperator
2372 5436 2666 5491 mordens:
2729 5450 2748 5484 ι
2794 5430 2997 5488 Venisti
3031 5431 3196 5499 igitur
3240 5442 3345 5482 non
3390 5425 3617 5491 legatio-

1661 5543 1897 5600 VARl/E
1932 5546 2338 5602 LECTIONES.

436 5640 561 5714 39‘..."
613 5639 850 5714 νοσώδης
891 5640 1033 5714 “118-
1077 5640 1134 5714 ⁹,¹,
1163 5636 1536 5714 εξργκῷμξνος
1569 5638 1732 5714 yulg.
1804 5641 1849 5673 θ’
1874 5641 2095 5714 τοιαύτῃ
2132 5641 2217 5706 Β..
2261 5639 2431 5711 ταύτῃ
2454 5637 2601 5711 vulg.
2677 5637 2724 5670 "
2762 5637 2907 5709 ἡμᾶς
2933 5635 3076 5707 vulg.
3152 5635 3195 5666 ”
3219 5631 3312 5685 καὶ
3347 5626 3499 5684 τόνδε
3532 5623 3604 5685 ll.

367 5712 411 5750 ’τ
438 5710 467 5783 ἦ
498 5708 587 5780 N.,
620 5728 671 5765 τι
698 5712 866 5782 vulg.,
894 5713 926 5784 ἦ
950 5708 1058 5766 δήτι
1092 5708 1158 5763 ll.
1232 5710 1276 5741 ⁰⁶
1306 5708 1367 5761 τὸ
1397 5709 1489 5775 H.,
1527 5709 1603 5783 τῷ
1646 5708 1789 5783 vnlg.
