4006 6214
396 262 505 326 803

1357 258 1754 319 EXCERPTA
1790 254 1894 314 EX
1937 253 2365 314 MENANDRO
2403 251 2899 316 PROTECTORE

3571 253 3673 320 804

397 376 486 430 nis
523 388 720 429 munus
745 374 1021 436 obiturus,
1055 370 1151 426 sed
1173 369 1371 438 judicis
1401 369 1583 424 ofﬁcio
1615 367 1920 422 Iuncturus.
1954 384 1972 417 ι

2084 366 2381 436 ὀφθήσεται
2416 367 2619 430 ἀδίκως
2643 366 2984 435 ἐπεγκαλῶν,
3017 364 3179 430 αὐτὸς
3222 365 3334 436 ἐγὼ
3373 367 3658 422 καταδιαιο

394 467 466 520 At
509 465 760 522 Mebodes
785 465 978 518 acerba
1017 470 1072 516 et
1101 460 1342 516 mordaci
1383 459 1730 529 imperatoris
1758 472 1985 528 respou-

397 561 554 615 sione
583 557 840 613 confusus
871 554 1094 609 erubuit
1137 553 1312 620 vultu,
1339 563 1503 622 atque
1529 553 1822 608 confestim
1885 552 1988 604 im-

395 659 668 718 peratore,
699 645 842 698 sicut
881 644 962 698 fas
1017 652 1157 707 erat,
1199 644 1457 707 salutato,
1495 646 1742 699 recessit.
1792 641 1985 695 Paucis

397 748 518 809 post
548 738 737 793 diebus
773 737 970 791 iterum
1009 737 1267 794 Mebodes
1297 738 1686 808 imperatorem
1736 735 1893 798 adiit,
1929 740 1986 788 et

395 829 718 898 suppliciter
779 829 1096 897 postulavit,
1149 830 1484 884 Saracenum
1519 829 1586 882 ad
1637 843 1762 881 eum
1815 827 1987 880 intro-

394 921 542 982 duci,
577 928 632 974 et
659 920 995 988 imperatore
1026 921 1324 985 abnuente,
1351 919 1576 973 minime
1597 918 1804 988 justum
1842 931 1982 980 esse,

395 1013 532 1066 dixit
570 1011 822 1066 Mebodes
867 1051 882 1078 ,
923 1011 1024 1066 sibi
1073 1026 1178 1065 non
1218 1011 1406 1066 eadem
1457 1010 1724 1078 perﬁcere
1773 1007 1937 1061 licere
1965 1047 1981 1071 ,

395 1119 517 1171 quae
572 1101 772 1156 Zicltus
827 1111 955 1156 ante
1013 1116 1073 1156 se
1129 1100 1336 1170 legatus
1379 1099 1721 1168 perfecisset.
1767 1115 1786 1148 ι
1846 1093 1982 1148 Nam

283 1233 300 1247 κ
398 1204 586 1248 nostra
623 1193 908 1259 memoria,
938 1193 1138 1263 inquit,
1173 1190 1460 1246 Saraceni'
1494 1189 1560 1244 ad
1595 1189 1985 1259 imperatorem

355 1302 500 1356 una
558 1301 682 1341 cum
760 1287 881 1354 ipso
937 1294 1307 1340 accesserunt.
1375 1285 1561 1354 Itaque
1611 1291 1827 1352 Oportet
1901 1293 1986 1333 me

397 1376 588 1431 iisdem
623 1377 749 1439 lrui,
785 1376 988 1444 quibus
1024 1376 1134 1441 ille,
1169 1390 1237 1430 ne
1278 1375 1331 1427 in
1383 1374 1568 1444 aliquo
1606 1373 1748 1426 inter
1781 1371 1984 1425 Roma-

399 1484 498 1523 nos
527 1479 578 1522 et
607 1469 800 1522 Persas
844 1469 1074 1522 induciae
1105 1468 1218 1521 sint
1250 1465 1651 1535 quodammodo
1674 1463 1906 1516 violatae.
1959 1480 1978 1513 ι

398 1560 478 1615 Ad
505 1575 624 1630 qua:
652 1560 951 1630 imperator
994 1556 1274 1612 iracundia
1327 1558 1615 1627 percitus:
1657 1574 1676 1606 ι
1721 1553 1779 1608 Si
1816 1554 1985 1624 igitur

401 1651 600 1706 Zicbus
645 1652 698 1706 in
730 1650 1019 1717 adulterio,
1053 1661 1147 1704 aut
1177 1650 1360 1718 aliquo
1407 1650 1513 1704 alio
1566 1647 1716 1717 gravi
1755 1646 1986 1701 crimine

2094 460 2250 528 τήσω
2300 459 2394 512 τοῦ
2468 459 2812 529 Σαρακηνού.
2851 459 2911 511 Ὀ
2963 445 3220 528 βασιλεὺς
3271 458 3672 523 ἐπιτωθάζων,

2096 572 2114 604 ι
2133 553 2323 615 ’Ἥκεις
2351 552 2418 617 ’⁷,
2447 551 2522 615 ὡς
2547 551 2744 618 ἔοικεν,
2762 551 2882 622 οὐχὶ
2903 551 3373 622 πρεσϐευσόμενος
3395 592 3412 618 ,
3433 551 3567 606 ἀλλά
3594 553 3679 606 δι·

2091 646 2298 697 κάσων.
2327 662 2346 695 ι
2386 643 2444 696 '0
2478 642 2743 712 Μεϐὡδης
2774 643 2972 696 αὐτίκα
3001 643 3030 696 ὅ
3067 660 3130 711 γε
3163 644 3238 713 τῷ
3268 643 3555 715 πληκτικῷ
3579 645 3680 699 τοῦ

2090 735 2251 802 λόγου
2288 736 2530 806 συγχέας
2556 736 2618 787 τὸ
2653 735 2950 804 πρόσωπον
2981 735 3338 803 ὲφοινίττετο.
3373 737 3684 808 Τοιγαροῦν

2093 825 2440 895 παραχρῆμα
2468 823 2560 877 τὸν
2579 823 2959 894 αὐτοκράτορα
2985 823 3303 894 προσειπὼν
3323 818 3470 896 ᾗπερ
3491 823 3678 889 θέμις,

2089 916 2262 980 οὕτως
2285 914 2660 986 ἀνεχώρησεν.
2703 913 2948 982 Ὀλίγαις
2974 915 3032 968 δὲ
3058 913 3290 985 ὕστερον
3314 915 3553 985 ἡμέραις
3574 913 3682 970 αὗ-

2089 1008 2172 1072 θις
2219 1009 2276 1071 ἐς
2321 1008 2392 1060 τά
2440 1007 2692 1077 βασίλεια
2745 1005 3033 1077 παρελθὼν
3084 1009 3385 1078 παρῃτεῖτο
3419 1007 3680 1078 λιπαρῶς

2090 1098 2350 1168 περὶτῆς
2373 1097 2482 1151 τῶν
2513 1098 2851 1168 Σαρακηνών
2890 1098 3121 1152 εἰσόδου,
3156 1097 3260 1151 Τοῦ
3307 1098 3363 1151 δὲ
3408 1098 3684 1168 βασιλέως

2090 1189 2442 1252 ἀνανεύοντος
2469 1228 2484 1250 ,
2512 1190 2610 1258 οὐχ
2641 1190 2790 1242 ὅσιον
2843 1190 3082 1258 ἔφασκεν
3133 1183 3275 1242 εἶναι
3311 1191 3385 1259 μὴ
3411 1190 3479 1242 τά
3507 1189 3554 1221 ⁸⁸
3572 1191 3684 1242 ὅσα

2091 1283 2342 1336 ἐπετέλει
2399 1281 2505 1352 πρὸ
2556 1280 2652 1334 τοῦ
2697 1280 2850 1348 παρὰ
2881 1279 3185 1348 Ῥωμαίους
3232 1279 3685 1350 πρεσϐευόμενος

2088 1375 2117 1427 ὁ
2145 1375 2264 1443 Ζὶχ,
2295 1373 2390 1427 καὶ
2441 1373 2543 1440 ἐμὲ
2587 1368 2746 1433 αὖθις
2794 1372 3087 1428 ἐπιτελεῖν.
3116 1372 3177 1424 Οἱ
3214 1371 3318 1442 γὰρ
3372 1371 3495 1423 καθ’
3521 1373 3681 1440 ἡμᾶς

2089 1465 2401 1535 Σαρακηνοὶ⁷
2434 1463 2550 1533 ἅμα
2598 1463 2749 1534 αύτῷ
2803 1465 2956 1534 παρά
3005 1461 3233 1532 βασιλέα
3281 1461 3543 1530 ἐγίνοντο.
3582 1463 3688 1514 Δεῖ

2087 1553 2182 1612 οὖν
2211 1560 2306 1611 καὶ
2331 1557 2433 1627 ἐμὲ
2457 1557 2566 1612 τῶν
2595 1559 2727 1610 ἴσων
2761 1557 2960 1626 ἐκείνῳ
2991 1556 3309 1618 ἀπολαύειν,
3357 1555 3434 1618 ὡς
3483 1557 3550 1608 ἀν
3596 1553 3683 1625 μὴ

2089 1648 2278 1718 ὥσπερ
2317 1648 2699 1718 λελωϐημέναι
2746 1641 2881 1702 ὦσιν
2937 1650 2992 1700 αἱ
3025 1648 3229 1717 μεταξὺ
3266 1645 3554 1716 Ῥωμαίων
3607 1663 3681 1698 τε

399 1742 776 1810 deprehensus
827 1715 1088 1805 esset,vtu
1136 1715 1284 1794 illius
1315 1715 1688 1808 vestigiis—tibi
1724 1737 1980 1790 insisten-

2085 1742 2176 1794 καὶ
2197 1715 2422 1811 Περσῶν
2453 1715 2741 1810 συνθῆκαι.
2800 1740 2859 1793 '0
2891 1715 3147 1810 βασιλεὺς
3185 1740 3321 1810 πρὸς
3360 1715 3535 1793 ταῦτα
3561 1741 3678 1810 69-

397 1837 522 1888 dum
577 1833 1064 1903 putares?Annon
1114 1831 1311 1894 sentis,
1356 1839 1408 1883 te
1441 1845 1561 1883 cum
1608 1827 1981 1881 Romanorum

2085 1831 2254 1900 γίλως
2274 1833 2413 1902 ἔχων
2442 1848 2456 1863 ·
2491 1849 2511 1882 ι
2548 1833 2612 1884 Τί
2666 1827 2782 1898 οὖν,
2817 1833 2866 1884 εί
2894 1833 2988 1884 καὶ
3023 1830 3347 1901 πεφώραται
3376 1831 3406 1882 ὁ
3435 1833 3534 1902 Ζὶχ
3577 1833 3683 1884 ἐπὶ

397 1921 731 1991 imperatore
780 1930 835 1976 et
866 1919 1080 1974 Justino
1129 1933 1439 1974 sermonem
1474 1917 1727 1971 habere?
1761 1935 1779 1966 ι
1842 1914 1984 1969 Tum

2089 1921 2307 1994 μοιχείᾳ
2349 1923 2444 1976 καὶ
2473 1922 2647 1992 ἑτέρῳ
2697 1921 2804 1992 ὅτῳ
2852 1921 3284 1992 πλημμελήματι
3327 1922 3436 1975 τῶν
3467 1923 3676 1991 ἀνηκέ-

394 2020 780 2066 consternatus
819 2010 1072 2064 Mebodes
1122 2023 1234 2077 pra:
1288 2021 1489 2076 pavore
1540 2021 1743 2076 pronus
1780 2005 1833 2059 iu
1875 2013 1985 2058 ter-

2088 2032 2230 2068 στων
2265 2014 2450 2079 ἁλοὺς,
2483 2016 2579 2066 καὶ
2625 2013 2710 2067 σοὶ
2752 2013 2872 2066 κατ’
2915 2015 3058 2084 ἴχνος
3112 2014 3308 2084 ἐκείνῳ
3342 2014 3494 2080 Icta;
3532 2015 3566 2085 ἢ
3603 2017 3676 2068 οὖ

397 2115 513 2152 ram
548 2113 609 2154 se
656 2099 724 2153 ad
758 2099 875 2165 ejus
927 2097 1092 2166 pedes
1141 2097 1441 2167 prostravit
1491 2105 1547 2150 et
1595 2095 1661 2150 ad
1702 2096 1980 2150 mendacia

2091 2105 2422 2176 ξυναισθάνῃ
2481 2104 2695 2175 βασιλεῖ
2741 2104 3029 2174 Ῥωμαίων
3087 2107 3182 2156 και
3228 2106 3498 2172 Ἰουστίνῳ
3553 2105 3678 2157 δια·

395 2185 714 2258 conl‘ugiens
758 2189 998 2257 negavit,
1050 2204 1080 2242 a
1123 2202 1181 2242 se
1214 2188 1338 2242 talia
1369 2188 1579 2259 prolata
1613 2185 1805 2242 fuisse.
1865 2186 1980 2254 Qua

395 2277 750 2332 excusatione
779 2293 901 2333 cum
929 2285 1197 2346 uteretur,
1253 2278 1553 2349 imperator
1588 2279 1747 2334 [idem
1781 2277 1983 2332 habere

394 2369 706 2434 videbatur,
761 2380 818 2426 et
870 2371 1050 2425 dixit:
1114 2391 1133 2424 ι
1196 2369 1422 2426 Videtur
1485 2371 1647 2441 igitur
1711 2371 1983 2439 interpres

399 2462 556 2518 nobis
585 2463 688 2516 alia
711 2477 808 2532 pro
835 2463 959 2517 aliis
990 2463 1353 2534 suggessisse.
1378 2463 1569 2533 Itaque
1597 2464 1642 2516 si
1691 2463 1827 2516 nihil
1865 2477 1894 2516 a
1927 2472 1981 2516 te

397 2555 602 2610 dictum
633 2565 717 2610 est
759 2554 934 2610 ollicio
969 2564 1027 2610 et
1049 2557 1248 2611 decoro
1301 2555 1559 2618 alienum,
1591 2553 1729 2608 scito
1765 2563 1818 2607 te
1863 2554 1980 2608 cri-

397 2661 523 2702 men
555 2660 840 2716 purgasse.
882 2665 901 2698 »
936 2647 1015 2701 Ad
1040 2650 1181 2700 hunc
1212 2646 1765 2716 modum'imperator
1786 2655 1980 2716 sponte

395 2753 484 2801 ea,
547 2753 667 2806 qua:
704 2739 845 2793 dicta
876 2739 1114 2802 fuerant,
1180 2753 1302 2792 cum
1333 2752 1521 2792 eorum
1581 2737 1975 2807 ignorationem

397 2827 696 2894 simularet,
759 2829 1196 2886 dissimulatione
1255 2831 1542 2899 transegit,
1572 2839 1627 2884 et
1683 2831 1750 2885 ad
1808 2831 1976 2885 animi

397 2918 706 2987 aequitatem
742 2925 824 2974 est
865 2919 1141 2987 delapsus,
1180 2935 1248 2976 ue
1305 2920 1446 2977 forte
1507 2921 1760 2978 Mebodes
1820 2923 1979 2995 106

399 3010 451 3063 in
511 3019 783 3079 posterum
825 3011 979 3066 ﬁeret
1033 3012 1313 3080 audacior,
1371 3024 1467 3069 aut
1522 3017 1701 3071 verbis
1756 3016 1972 3080 elatior,

2003 3064 2050 3127 (Ξ

2085 2195 2377 2264 λεγόμενος
2403 2211 2419 2260 ;
2445 2213 2464 2244 ι
2506 2192 2640 2245 Τότε
2665 2191 3091 2262 κατορῤωδήσας
3122 2194 3150 2244 ὁ
3185 2191 3472 2260 Μεῦώδης,
3510 2210 3678 2260 περισ-

2085 2285 2212 2356 δεὴς
2249 2302 2309 2338 τε
2338 2284 2654 2354 γενόμενος,
2684 2283 2898 2354 πρηνὴς
2928 2283 3108 2336 ἔκειτο
3139 2285 3227 2334 ἐπ’
3255 2283 3504 2353 ἐδάφους³
3530 2286 3678 2352 πρ“ς

2085 2377 2316 2448 ἄρνησίν
2347 2393 2407 2430 τε
2457 2374 2821 2445 καταφεύγων
2877 2375 2971 2427 καὶ
3018 2375 3369 2444 ἀναινόμενος
3417 2375 3676 2446 εἰρῆσθαι

2083 2470 2134 2523 οἱ
2164 2469 2233 2523 τὰ
2265 2469 2465 2524 τοιάδε.
2503 2468 2744 2540 Τοιαύτη
2776 2469 2821 2500 ⁹⁹
2852 2466 3122 2538 ἀπολογίᾳ
3164 2465 3471 2538 χρωμένου,
3503 2468 3531 2519 ὁ
3562 2469 3673 2520 αύ-

2081 2561 2372 2632 τοκράτωρ
2431 2560 2609 2626 ἔδοξεν
2677 2559 2986 2627 ὑπάγεσθαι
3031 2562 3095 2630 τῇ
3143 2561 3338 2623 πειθοῖ,
3375 2558 3526 2624 ἐλεξέ
3567 2576 3669 2612 τε·

2089 2671 2108 2704 ι
2149 2654 2364 2705 Ἔοικεν
2394 2651 2488 2706 οὖν
2533 2655 2560 2705 ὁ
2617 2651 2895 2723 ἑρμηνεὺς
2944 2652 3077 2722 ἡμῖν
3106 2650 3270 2721 ’ἐτερα
3316 2650 3431 2704 ἀνθ’
3460 2651 3674 2723 ἐτέρων

2081 2744 2308 2814 φράσαι.
2339 2745 2401 2798 Εἰ
2429 2744 2612 2798 τοίνυν
2633 2743 2784 2798 οὐδὲν
2814 2743 3067 2798 λέλεκταί
3109 2761 3190 2797 σοι
3224 2745 3372 2814 παρά
3401 2743 3461 2796 τὸ
3492 2759 3672 2813 προσ-

2080 2837 2234 2907 ῆκον,
2266 2837 2374 2891 ἴσθι
2391 2837 2452 2890 τὸ
2469 2836 2747 2909 ἐπίκλημα
2769 2837 3197 2908 ἀπονιψάμενος.
3222 2855 3240 2887 ι
3265 2835 3451 2899 Οὕτως
3468 2839 3496 2889 ὁ
3517 2837 3677 2906 βασι-

2080 2923 2204 2986 λεὺς
2253 2925 2433 2978 ἑκοντὶ
2481 2927 3108 2997 ἀποπροσποιησάμενος
3135 2924 3204 2978 τὰ
3234 2926 3495 2996 λεχθέντα
3523 2927 3672 2998 πρὸς

2081 3010 2243 3064 αὐτοῦ
2266 3011 2486 3078 εἰδέναι,
2505 3013 2615 3066 τῶν
2632 3015 2939 3085 εἰρημένων
2959 3015 3055 3086 τὴν
3072 3014 3295 3083 ἄγνοιαν
3312 3015 3669 3087 ὑπεκρίνετο.

396 3115 518 3154 cum
595 3100 977 3157 recordaretur
1057 3103 1445 3174 imperatorem
1519 3106 1791 3161 sermonis
1855 3105 1974 3173 ejus

2083 3105 2177 3156 καὶ
2213 3103 2282 3174 δὴ
2315 3105 2372 3167 ἐς
2397 3105 2457 3158 τὸ
2500 3104 2809 3178 ἠπιώτερον
2857 3107 3197 3178 μετηνέχθη,
3229 3108 3302 3170 ὡς
3325 3108 3391 3161 ἀν
3425 3107 3502 3179 μὴ
3529 3109 3672 3180 θρα-

395 3193 790 3261 impudentiam
823 3195 1298 3252 animadvertisse.
1342 3195 1532 3266 Itaque
1564 3213 1688 3252 cum
1734 3199 1816 3253 sic
1867 3198 1976 3252 im-

394 3286 618 3356 pe'rator
642 3289 786 3358 quod
844 3290 1038 3355 sensit,
1072 3291 1453 3357 repressisset,
1483 3291 1738 3346 Mebodes
1785 3292 1976 3347 exclac

399 3380 619 3434 mavit:
682 3397 702 3431 ι
744 3380 958 3434 Abeant
1016 3381 1069 3434 in
1127 3383 1326 3435 malam
1373 3399 1488 3435 rem
1529 3394 1583 3437 et
1635 3383 1976 3440 Saracenicaz

396 3479 586 3538 gentes
635 3484 827 3524 onmes
883 3481 938 3524 et
969 3471 1206 3525 Ambrus
1252 3473 1373 3542 ipse
1401 3482 1458 3527 et
1493 3472 1692 3543 legatio
1735 3489 1923 3530 eorum
1956 3492 1972 3530 :

399 3559 529 3612 mihi
555 3574 683 3613 vero
711 3561 778 3615 de
808 3561 939 3629 ipsis
973 3561 1250 3617 silentium
1296 3565 1370 3618 sit
1395 3579 1571 3633 neque
1595 3566 1890 3636 quidquam
1921 3569 1974 3623 in

398 3658 678 3718 posterum
709 3651 908 3707 dicam.
945 3671 963 3705 ι
1018 3652 1149 3720 Quae
1199 3670 1323 3710 cum
1372 3657 1618 3723 dixisset,
1680 3659 1977 3728 imperator

395 3755 615 3810 quoque
643 3742 932 3798 maledicta
967 3745 1020 3799 in
1076 3746 1411 3801 Saracenum
1446 3747 1701 3818 conjecit,
1739 3765 1975 3820 eumque

396 3833 703 3890 institorem
742 3844 798 3890 et
843 3852 1144 3907 cauponem
1179 3839 1489 3909 appellavit.
1524 3841 1604 3896 Ad
1650 3843 1764 3898 haec
1813 3843 1972 3907 dixit,

395 3943 454 3982 se
483 3928 699 3983 silentio
723 3930 1004 3997 praeterire
1032 3946 1137 3986 non
1167 3947 1346 4001 posse,
1389 3950 1494 4002 qua
1520 3937 1588 3989 de
1617 3949 1781 3991 causa
1799 3934 1975 4006 impe-

396 4020 595 4075 ratoris
616 4035 966 4091 congressum
1012 4030 1297 4094 tantopere
1349 4027 1714 4096 concupisset.
1751 4045 1771 4078 ι
1807 4027 1975 4082 Scili-

395 4119 485 4165 cet
519 4111 668 4176 dicit,
703 4127 761 4168 se
786 4128 816 4167 a
844 4115 1003 4170 nobis
1034 4115 1225 4171 solitas
1255 4119 1519 4187 pecunias
1542 4119 1790 4188 accipere
1813 4119 1969 4186 velle,

394 4217 490 4272 pro
514 4205 709 4275 quibus
738 4207 1098 4275 calamitates,
1131 4210 1350 4278 opinor,
1392 4210 1658 4265 scelestus
1685 4213 1974 4280 etimpro-

395 4295 494 4348 bus
555 4294 714 4350 feret.
758 4295 1065 4350 Ridiculum
1107 4299 1253 4352 enim
1294 4308 1459 4363 esset,
1513 4298 1559 4352 si
1593 4313 1694 4352 nos
1739 4296 1969 4353 Romani

395 4389 655 4443 tributum
708 4389 1051 4445 Saracenicis
1101 4391 1353 4461 gentibus
1407 4391 1583 4460 iisque
1646 4393 1972 4446 nomadibus

393 4479 778 4548 penderemus.
810 4497 829 4530 ι
873 4478 1010 4533 Tum
1041 4478 1316 4544 Mebodes,
1352 4497 1371 4531 ι
1411 4479 1560 4544 Esto,
1595 4481 1790 4550 inquit,
1820 4496 1852 4535 ο
1878 4481 1975 4534 (Ιο-

393 4574 586 4636 mine;
641 4581 696 4624 at
723 4580 778 4624 tu
814 4571 986 4637 illum,
1033 4570 1159 4626 licet
1187 4585 1245 4624 re
1277 4569 1500 4635 infecta,
1552 4571 1784 4627 dimitte.
1827 4591 1845 4624 ι
1905 4570 1975 4627 Ει

393 4664 730 4732 imperator:
771 4680 790 4714 ι
839 4662 1102 4729 Quamvis
1132 4662 1329 4718 melius
1361 4678 1468 4718 non
1509 4664 1768 4729 venisset,
1799 4680 1972 4734 quan-

393 4765 505 4808 tum
537 4754 591 4806 in
651 4768 737 4808 me
765 4765 867 4817 est,
895 4754 1054 4810 abeat
1084 4762 1288 4809 tamen.
1329 4774 1346 4806 ι
1379 4785 1449 4797 -
1483 4774 1500 4808 ι
1540 4755 1606 4810 Ει
1651 4771 1736 4812 me
1758 4771 1972 4827 quoque

386 4841 535 4912 iube,
581 4843 759 4914 inquit
793 4843 1072 4913 Mebodes,
1111 4862 1232 4901 cum
1260 4847 1380 4917 ipso
1404 4849 1577 4904 abire.
1622 4869 1640 4901 ι
1682 4847 1738 4902 In
1771 4849 1856 4905 his
1906 4850 1970 4903 II-

391 4937 529 4993 nivit
565 4937 780 5010 legatio.
830 4939 1015 5009 Itaque
1065 4939 1356 4996 Persarum
1413 4942 1648 5012 legatum
1705 4951 1762 4996 et
1801 4940 1968 4996 Sara-

392 5043 556 5085 cenos
641 5032 709 5085 ad
799 5045 896 5087 sua
976 5033 1249 5088 redituros
1342 5033 1639 5103 imperator
1736 5033 1965 5089 dimisit.

393 5121 570 5191 Atque
643 5123 721 5176 ita
798 5122 1153 5192 Imperatoris
1218 5125 1504 5194 prudentia
1575 5135 1763 5194 pacata
1840 5131 1970 5177 sunt

391 5221 448 5268 et
505 5214 793 5268 emendata
847 5214 1030 5268 omnia
1081 5229 1202 5284 qua:
1241 5213 1481 5270 Joannes
1549 5217 1602 5268 in
1659 5230 1753 5269 sua
1819 5213 1969 5283 lega-

2003 4421 2047 4476 D

2085 3193 2312 3266 σύτερός
2359 3212 2420 3248 τε
2471 3196 2566 3248 καὶ
2621 3197 2760 3251 κατά
2806 3197 2867 3251 τὸ
2890 3197 3091 3268 μᾶλλον
3121 3197 3402 3268 ὑψαγόρας
3427 3198 3608 3252 ἔσοιτο
3634 3201 3670 3251 ὁ

2083 3285 2354 3356 Μεδώδης
2384 3286 2462 3357 τῷ
2502 3289 2558 3351 ἐς
2608 3289 2818 3343 ἔννοιαν
2869 3289 3014 3360 ἔχειν
3043 3290 3342 3343 συνειδέναι
3377 3290 3466 3342 τὸν
3497 3290 3667 3343 αὐτος

2083 3380 2327 3452 κράτορα
2355 3383 2421 3450 τῇ
2451 3380 2715 3450 ῥημάτων
2764 3381 3087 3452 τραχύτητι.
3145 3379 3301 3434 Οὕτω
3347 3380 3412 3450 δὴ
3445 3377 3536 3432 οὖν
3563 3381 3663 3435 τοῦ

2085 3470 2344 3540 βασιλέως
2394 3473 2923 3544 παρακρουσαμένου
2959 3473 3058 3544 τὴν
3107 3474 3379 3535 ὑπόνοιαν,
3406 3492 3424 3524 ι
3456 3475 3666 3544 Οἰμω-

2082 3563 2240 3628 ζέτω,
2277 3560 2313 3636 ἦ
2345 3565 2401 3618 δὲ
2433 3567 2446 3596 ¹
2481 3568 2510 3618 ό
2535 3566 2822 3637 Μεῦώδης,
2865 3568 2958 3620 καὶ
2999 3569 3066 3620 τὰ
3113 3567 3468 3638 Σαρακηνικά
3515 3567 3664 3638 φῦλα

2082 3657 2300 3710 ἅπαντα
2325 3656 2417 3710 καὶ
2457 3657 2702 3728 ’Ἂμὸρος
2741 3657 2902 3716 αὐτὸς
2951 3657 3045 3712 καὶ
3095 3660 3125 3727 ή
3185 3658 3506 3729 πρεσϐείαή
3533 3665 3663 3712 κατ’

2083 3746 2278 3809 αὐτούς
2307 3763 2320 3777 ο
2357 3747 2480 3816 ἐμοὶ
2519 3746 2630 3817 γὰρ
2658 3747 2786 3816 σιγὴ
2833 3747 3008 3801 ἔσοιτο
3031 3747 3189 3800 ἕκατί
3213 3764 3272 3800 τε
3308 3747 3508 3811 αὐτῶν,
3546 3747 3666 3803 ούδ⁹

2081 3839 2292 3908 εἴποιμί
2363 3857 2415 3892 τι
2467 3839 2674 3893 λοιπόν.
2722 3858 2741 3891 ι
2772 3840 2988 3892 Τούτων
3051 3838 3194 3892 οὕτω
3255 3840 3659 3910 κεκινημένων,

2081 3933 2310 3987 πλεῖστα
2352 3934 2452 4003 μὲν
2509 3934 2604 3986 καὶ
2660 3932 2797 3987 ἄλλα
2834 3934 2862 3986 ὁ
2910 3931 3163 4002 βασιλεὺς
3199 3931 3294 3985 τὸν
3342 3933 3663 4004 Σαρακηνδν

2081 4019 2202 4079 εἷπε
2251 4026 2456 4090 κακῶς,
2505 4025 2603 4078 καὶ
2637 4025 2712 4088 ὡς
2761 4024 3094 4094 μεταϐολεύς
3143 4041 3203 4077 τε
3261 4024 3353 4078 καὶ
3389 4025 3665 4092 παλιγκά-

2081 4115 2252 4186 πηλος
2283 4117 2430 4188 ἥκοι.
2470 4116 2612 4188 Πρὸς
2655 4118 2766 4179 τοῖς
2818 4116 2864 4168 δ’
2909 4116 3167 4185 ἔφασκεν,
3207 4116 3388 4187 ὡσούχ
3435 4112 3546 4179 οἷός
3598 4134 3661 4170 τε

2082 4209 2295 4276 πέφυκε
2338 4208 2543 4277 λήσειν,
2599 4207 2723 4260 ὅτου
2796 4206 2959 4260 ἕνεκα
3017 4206 3226 4277 βασιλεῖ
3272 4207 3662 4278 ἐντευξόμενος

2079 4299 2326 4368 ἀφίκετο.
2372 4317 2390 4348 ι
2413 4299 2551 4368 Φησὶ
2584 4296 2719 4366 γὰρ,
2749 4295 2824 4360 ὡς
2862 4297 3034 4349 ἐθέλοι
3056 4295 3125 4349 τὰ
3151 4297 3357 4366 συνήθη
3392 4298 3495 4368 χρη
3507 4313 3658 4366 ματα

2080 4388 2411 4458 κομίσασθαι
2431 4388 2566 4458 πρὸς
2580 4390 2613 4458 ὴ
2623 4389 2760 4458 μῶν,
2781 4387 2897 4440 ἀνθ’
2913 4380 3008 4454 ὧν,
3032 4381 3207 4456 οἶμαι,
3231 4389 3500 4456 κομιεῖται
3520 4387 3658 4456 ξυμ-

2077 4481 2250 4551 φορὰς
2279 4481 2307 4533 ὁ
2350 4480 2656 4550 κατάρατός
2681 4498 2741 4534 τε
2772 4479 2870 4534 καὶ
2893 4479 3266 4550 ἀπολούμενος
3300 4481 3340 4533 ³.
3364 4479 3658 4544 Γελοιῶδες

2071 4571 2204 4640 γὰρ,
2228 4571 2276 4624 εί
2299 4571 2634 4642 Σαρακηνῶν
2665 4571 2829 4632 ἔθνει,
2854 4569 3137 4623 καὶταῦτα
3157 4569 3404 4639 νομάδων
3430 4570 3472 4633 ³,
3511 4569 3654 4622 Ῥω-

2073 4664 2222 4734 μαῖοι
2244 4679 2306 4729 γε
2339 4663 2491 4726 ὅντες
2511 4663 2847 4732 τεταξόμεθα
2871 4664 2928 4726 ἐς
2962 4663 3144 4732 φόρων
3163 4662 3496 4731 ἀπαγωγήν.
3530 4680 3548 4712 ι
3594 4661 3656 4713 '0

2069 4756 2354 4826 Μεϐώδης,
2382 4774 2399 4806 ι
2430 4752 2578 4819 Εἶεν,
2635 4755 2764 4826 ἔφη,
2783 4749 2828 4808 ὢ
2851 4755 3085 4808 δέσποτα
3104 4771 3118 4785 ο
3150 4755 3199 4806 εί
3231 4753 3323 4806 καὶ
3348 4754 3654 4823 ἄπρακτον,

2071 4849 2223 4920 ὅμως
2243 4849 2573 4918 ἀπόπεμψον
2599 4848 2620 4879 ⁸
2641 4848 2826 4901 αὐτόν.
2854 4865 2872 4897 ι
2909 4847 2966 4899 Ὀ
2985 4845 3240 4915 βασιλεύς
3258 4861 3270 4874 ·
3297 4864 3314 4897 ι
3355 4847 3462 4898 Καὶ
3493 4846 3541 4898 εί
3575 4846 3654 4917 μὴ

2073 4942 2429 5012 παρεγένετο,
2471 4941 2593 4994 ὅσον
2622 4940 2682 4992 τό
2732 4955 2795 5007 γε
2826 4940 2911 5007 ἐφ’
2945 4940 3098 5010 ἡμῖν,
3137 4938 3252 4990 ἀλλ’
3274 4934 3367 4991 οὖν
3391 4937 3594 4992 ἀπίτω.
3629 4958 3647 4988 ι

2073 5033 2186 5086 Καὶ
2216 5032 2316 5102 ἐμὲ
2344 5032 2440 5099 ξὺν
2473 5030 2620 5101 αύτῷ
2656 5030 2933 5094 κέλευσον,
2971 5027 3007 5101 ἦ
3054 5030 3110 5082 δὲ
3141 5029 3162 5060 ⁸
3195 5031 3224 5083 ό
3261 5029 3545 5100 Μεϐώδης.
3584 5059 3655 5072 ~—

2078 5141 2096 5173 ι
2127 5123 2221 5186 Et;
2239 5124 2389 5187 τέλος
2414 5123 2674 5195 ἐλθούσης
2694 5124 2791 5194 τῆς
2825 5122 3119 5194 πρεσϐείας
3143 5123 3203 5175 ἐν
3226 5121 3453 5185 τούτοις,
3469 5124 3562 5176 τόν
3592 5141 3654 5175 τε

2074 5215 2299 5285 Περσῶν
2327 5216 2667 5286 πρεσϐευτὴν
2707 5215 2802 5268 καὶ
2850 5213 2979 5275 τοὺς
3025 5215 3378 5284 Σαρακηνοὺς
3432 5217 3460 5266 6
3494 5215 3652 5284 βασι-

397 5305 540 5362 tione
570 5320 855 5375 perperam
890 5314 1097 5376 egerat.
1132 5303 1204 5360 Ut
1253 5321 1383 5361 vero
1431 5305 1689 5361 Saraceni
1744 5307 1964 5359 domum

2083 5309 2199 5368 tebc
2226 5307 2341 5377 ἅμα
2377 5307 2589 5377 ἀφῆκεν
2649 5307 2707 5370 ἐς
2755 5305 2824 5359 τά
2858 5306 3064 5377 πάτρια
3102 5304 3208 5376 ἢθη
3247 5305 3652 5376 ἁπονοστήσον.

1653 5415 1890 5472 ἺΑΒΙίΕ
1941 5416 2351 5475 LECTIONES.

466 5509 510 5581 ξτ
543 5509 700 5581 ἥκεις
749 5509 840 5570 Ν..
895 5510 1052 5580 ἥκειν
1088 5510 1230 5581 vulg.
1301 5511 1353 5581 _"
1399 5510 1474 5578 μὴ
1518 5510 1585 5564 τὰ
1639 5510 1776 5572 ναὶ..

1849 5512 1984 5578 μετὰ
2039 5511 2183 5581 vulg.

2262 5511 2306 5542 "
2338 5512 2561 5583 τοιαύτῃ
2610 5511 2694 5576 B.,
2737 5511 2911 5583 ταύτῃ

2966 5514 3111 5586 vulg.
3192 5511 3270 5587 ’ἦ
3314 5513 3386 5592 ’δὲ
3419 5510 3503 5592 Β..
3541 5511 3652 5592 ,ἤδη

394 5577 538 5664 vuls-
567 5569 578 5578 ’
664 5569 1033 5664 (ξπρλλιύμὲνος
1071 5569 1213 5664 νυ.ιεῖ
1297 5569 1512 5651 δτούτὶμ
1563 5582 1656 5634 καὶ
1697 5601 1746 5636 ν.
1768 5569 1924 5652 τώς.
2001 5582 2021 5612 ⁸
2049 5569 2328 5651 cingat-410v
2358 5591 2411 5636 et
2440 5569 2765 5652 ἀπόπεμψον
2798 5569 3180 5656 Β.,”ἄπραῖιτοι
3213 5569 3270 5642 εί
3302 5569 3654 5651 ἀποπέμψέιν

399 5645 544 5715 Vulg.
616 5649 635 5679 '
737 5650 792 5702 δὲ
823 5645 917 5717 ΝΖ,
943 5647 1032 5722 ᾖδε
1063 5645 1202 5720 vulg.
