4006 6214
343 264 451 323 ἓθὸ

1130 264 1226 322 DE
1263 262 1821 321 LEGATIONIBUS
1860 262 2211 322 GENTIUM
2252 266 2349 324 AD
2393 263 2770 328 ROMANOS.

3484 273 3589 337 806

333 393 453 437 τας.
488 372 645 427 Οὕτω
674 374 729 424 δὲ
761 374 1076 442 ἁπεσιγήθη
1102 374 1320 427 ἅπαντα
1350 376 1413 443 τῇ
1448 373 1542 425 τοῦ
1575 375 1907 443 αὐτοκράτο-

2020 384 2399 441 reverterunt,
2470 383 2752 436 consilium
2812 384 3151 451 imperatoris
3216 387 3280 441 de
3362 386 3591 443 Sarace-

341 482 430 535 ρος
472 462 755 531 νουνεχείᾳ
798 462 867 513 τὰ
919 463 1018 514 ὅσα
1065 461 1313 530 Ἰωάννης
1365 463 1459 515 ἐπὶ
1512 464 1577 532 τῇ
1639 463 1905 533 πρεσϐείᾳ

334 553 664 623 διεπράξατο
690 554 749 605 οὐ
782 552 923 605 κατὰ
953 553 1015 605 τὸ
1053 553 1351 623 προσῆκον.
1389 554 1476 616 Ὠς
1501 554 1557 605 δὲ
1584 555 1633 605 οἱ
1654 555 1906 623 Σαρακη-

337 647 420 697 νοὶ
471 644 618 697 ἔνδον
672 644 770 713 τῆς
832 643 1039 697 ἑαυτῶν
1070 644 1337 709 ἐγένοντο,
1379 644 1719 714 ἀπήγγειλάν
1745 661 1805 696 τε
1830 643 1908 713 τῷ

345 736 577 805 ’Λμϐρῳ
615 737 713 805 τὴν
763 736 859 788 τοῦ
920 736 1186 804 βασιλέως
1211 736 1407 806 βουλὴν
1449 738 1574 807 περὶ
1601 737 1724 798 τοὺς
1758 734 1910 804 μηδί-

339 827 533 890 ζοντας
566 827 673 879 τῶν
703 828 1055 896 Σαρακηνῶν,
1084 828 1205 879 τότε
1236 830 1263 879 6
1292 828 1537 897 Ἀμϐρος
1569 826 1856 897 Καμϐὠσῃ
1881 826 1901 857 ⁸

339 918 419 987 τῷ
477 919 709 987 ἀδελφῷ.
754 920 812 983 ὃς
866 920 1282 989 Ἀλαμουνδάρῳ
1340 920 1418 988 τῷ
1457 919 1567 971 τῶν
1630 919 1735 971 ὑπὸ
1782 917 1913 970 Ῥω-

2011 466 2117 533 nis,
2171 470 2264 537 qui
2326 470 2602 526 Medorum
2654 475 2900 543 partibus
2957 480 3324 545 adhaerebant,
3388 481 3590 536 Ambro

2013 557 2337 613 retulerunt.
2370 558 2521 615 Tunc
2552 563 2789 617 Ambrus
2818 565 3095 621 Camboso
3135 570 3310 634 fratri,
3347 572 3435 637 qui
3467 571 3591 624 Ala-

2014 648 2296 712 manduro,
2330 649 2723 706 Saracenorum
2761 666 2942 723 partes
2985 658 3256 713 Romanas
3294 660 3584 715 foventium

2016 739 2161 802 duci,
2188 749 2306 793 erat
2333 742 2633 809 oppositus,
2672 746 2968 813 mandavit,
3000 760 3055 801 ut
3090 750 3444 804 Alamanduri
3476 764 3586 806 ter-

2018 844 2158 894 ram,
2204 847 2324 899 qua:
2364 833 2578 888 Arabiae
2614 838 2946 890 contermina
2994 850 3132 901 erat,
3168 844 3587 897 excursionibus

2019 932 2265 976 vexaret.

345 1010 540 1073 μαίους
595 1009 924 1079 Σαρακηνῶν
969 1010 1255 1079 ἡγουμένῳ
1303 1010 1821 1081 ἀντικαθιστάμενος
1905 1003 1995 1077 ἦν,
2052 1012 2310 1080 σημαίνει
2387 1015 2754 1084 καταδραμεῖν
2824 1018 2921 1088 τὴν
2976 1020 3404 1095 Ἀλαμουνδάρου
3461 1025 3585 1094 γῆν.

345 1098 476 1149 "Hae
504 1099 559 1150 δὲ
594 1100 625 1167 ἡ
662 1099 733 1169 γῆ
767 1099 869 1150 ὑπὸ
911 1100 1169 1168 Ἀραϐίαν
1198 1101 1362 1155 τελεῖ.

415 1188 482 1252 ζ’.
511 1189 633 1240 Ὅτι
668 1189 972 1259 ἀρχομένου
1034 1190 1129 1242 τοῦ
1161 1193 1419 1261 τετάρτου
1466 1192 1616 1255 ἔτους
1651 1193 1745 1261 τῆς
1779 1191 1910 1244 ἰου-

345 1280 521 1332 στίνου
549 1280 821 1349 βασιλείας
858 1280 1126 1351 πρεσϐεία
1171 1282 1279 1335 τῶν
1309 1283 1566 1353 Τούρκων
1596 1284 1823 1349 ἀφίκετο
1852 1284 1910 1334 ἐν

345 1368 644 1438 Βυζαντίῳ.
694 1368 783 1430 Ὠς
812 1369 921 1439 γὰρ
948 1368 1016 1420 τὰ
1042 1369 1152 1423 τῶν
1182 1370 1439 1440 Τούρκων
1463 1372 1553 1423 ἐπὶ
1582 1371 1722 1441 μέγα
1744 1371 1907 1441 ἧρθη,

343 1464 391 1514 οἱ
424 1459 709 1527 Σογδαῖται
747 1460 795 1513 οί
846 1459 1045 1529 προτοῦ
1076 1462 1176 1529 μὲν
1220 1461 1571 1529 Ἐφθαλιτῶν,
1609 1463 1911 1532 τηνικαῦτα

2127 1226 2141 1240 .
2176 1188 2259 1251 (Α.
2291 1189 2351 1242 C.
2378 1189 2502 1253 568,
2533 1189 2649 1245 Ind.
2681 1191 2933 1253 t,.lustini
2961 1194 3038 1264 4.)
3068 1197 3226 1253 lnitio
3256 1204 3432 1269 quarti
3460 1207 3586 1258 anni

2016 1274 2228 1344 imperii
2259 1278 2460 1333 Justini
2496 1282 2689 1349 legatio
2719 1281 3018 1339 Turcorum
3053 1288 3367 1357 Byzantium
3402 1310 3587 1351 acces-

2016 1366 2108 1419 sit.
2164 1365 2235 1421 Ut
2272 1369 2415 1421 enim
2449 1368 2613 1423 Turci
2662 1373 2856 1437 opibus
2884 1382 2935 1425 et
2976 1378 3214 1441 potentia
3273 1394 3582 1452 creverunt,

2019 1457 2309 1527 Sogdaitze,
2360 1461 2450 1529 qui
2500 1462 2651 1530 prius
2689 1464 2904 1531 quidem
2939 1464 3400 1538 prthalitarum,
3460 1485 3589 1529 tunc

344 1556 402 1607 δὲ
432 1554 691 1622 Τούρκων
721 1554 1002 1622 κατήκοοι,
1047 1554 1141 1608 τοῦ
1189 1557 1336 1623 σφῶν
1393 1558 1653 1627 βασιλέως
1703 1557 1913 1611 ἐδέοντο

2020 1561 2146 1603 vero
2176 1549 2473 1604 Turcorum
2509 1554 2707 1608 subditi
2742 1566 2918 1620 erant,
2976 1574 3002 1609 a
3043 1575 3165 1628 rege
3196 1578 3295 1617 suo
3338 1569 3589 1633 precibus

347 1642 646 1712 πρεσϐείαν
680 1643 884 1697 στεῖλαι
916 1645 990 1708 ὡς
1021 1648 1255 1713 Πέρσας,
1287 1649 1360 1711 ὡς
1391 1649 1456 1701 ἂν
1487 1652 1665 1703 ἐκεῖσε
1716 1650 1908 1703 ἀπιόν-

2020 1640 2431 1704 contenderunt,
2495 1653 2553 1696 ut
2603 1644 2923 1711 legationem
2978 1650 3041 1701 ad
3082 1649 3276 1707 Persas
3324 1656 3584 1723 mitteret,

342 1750 435 1794 τες
471 1734 517 1786 οί
550 1732 802 1788 Σοδαῗται
825 1734 981 1787 ὢνιον
1005 1739 1370 1808 παράσχοιντο
1392 1740 1488 1811 τὴν
1517 1742 1751 1811 μέταξαν
1800 1744 1912 1805 τοῖς

340 1823 568 1892 Μήδοις.
608 1826 716 1878 Καὶ
751 1822 843 1879 οὖν
879 1827 1122 1882 πείθεται
1167 1832 1194 1882 ὀ
1238 1830 1579 1895 Διζάϐουλος,
1631 1833 1824 1903 ἀφίησί
1848 1851 1907 1884 τε

341 1913 851 1985 πρεσϐευσομένους
903 1919 1219 1987 Σογδαῖτας.
1288 1924 1595 1994 Ἐξηγεῖται
1672 1926 1728 1978 δὲ
1812 1927 1910 1997 τῆς

344 2005 646 2074 πρεσϐείας
676 2008 915 2078 Μανιάχ.
965 2011 1310 2083 Ἀφικόμενοι
1353 2016 1415 2083 δὴ
1450 2012 1543 2070 οὖν
1580 2019 1727 2088 παρὰ
1754 2018 1909 2088 βασι-

344 2094 445 2147 λέα
477 2097 698 2165 Περσῶν
729 2098 936 2155 ἐδέοντο
980 2104 1077 2173 τῆς
1110 2106 1346 2175 μετάξης
1401 2108 1545 2179 πέρι,
1585 2112 1731 2173 ὅπως
1780 2111 1910 2164 ἄνευ

349 2185 493 2249 τινὸς
518 2187 779 2259 κωλ-ύμης
805 2192 987 2261 aevi;
1015 2196 1264 2265 προέλθοι
1296 2199 1380 2251 ἐπ’
1414 2201 1551 2272 αὐτῇ
1593 2190 1659 2254 τά
1685 2204 1782 2271 τῆς
1816 2204 1912 2271 έμ-

350 2277 569 2345 πορίας.
614 2278 674 2332 Ὀ
712 2280 767 2333 δὲ
793 2281 1017 2352 Περσῶν
1042 2284 1291 2353 βασιλεὺς
1326 2286 1598 2359 (οὒδαμῶς
1627 2290 1736 2361 γὰρ
1763 2288 1912 2360 αὐτῷ

348 2368 548 2437 ἤρεσκε
593 2372 661 2424 τὰ
708 2374 909 2441 τοιάδε,
969 2376 1045 2439 ὼς
1094 2378 1160 2431 ἂν
1212 2380 1286 2449 μὴ
1320 2380 1527 2435 ἐνθένδε
1552 2383 1707 2437 ἄδεια
1734 2383 1912 2436 ἔσοιτο

348 2461 608 2531 Τούρκοις
639 2464 657 2494 ⁷
691 2468 803 2529 τοῖς
857 2467 1084 2537 Περσῶν
1122 2471 1445 2540 ἐμϐατεύειν
1482 2475 1670 2547 ὁρίοις)
1722 2479 1914 2534 ἀνεϐά-

347 2551 470 2642 λετο
504 2554 561 2612 ἐς
581 2553 641 2607 τὸ
662 2555 870 2626 αὔριον.
904 2560 1014 2614 Καὶ
1043 2561 1141 2630 μὲν
1164 2560 1256 2617 οὖν
1279 2565 1433 2631 αὖθις
1464 2568 1698 2640 ἀναϐολῇ
1715 2572 1914 2642 ἐχρῆτο

348 2640 511 2693 πάλιν
544 2643 732 2715 ἑτέρᾳ.
777 2645 864 2709 Ὠς
913 2647 968 2699 δὲ
1002 2648 1188 2703 ἄλλοτε
1236 2653 1410 2718 ἄλλως
1449 2656 1508 2709 τὸ
1537 2655 1559 2688 ⁸
1587 2640 1915 2730 παρὸνηάπ-

349 2732 630 2801 εκρούετο,
686 2736 795 2790 τῶν
846 2739 1148 2807 Σογδαῖτῶν
1212 2746 1652 2818 ἐκλιπαρούντων
1702 2770 1760 2806 τε
1820 2756 1912 2808 καὶ

350 2826 710 2896 ἐγκειμένων,
766 2830 887 2883 τότε
922 2832 1171 2905 Χοσρόης
1227 2837 1595 2908 ἐκκλησιάσας
1627 2844 1647 2874 ⁹
1679 2845 1916 2914 ἀνελογίο

350 2916 491 2987 ζετο.
534 2919 646 2972 Καὶ
703 2915 795 2974 οὗν
822 2924 849 2974 ὁ
895 2924 1210 2993 Κάτουλφος
1263 2930 1461 2994 ἐκεῖνος
1502 2932 1530 2983 6
1568 2932 1910 3007 Ἐφθαλίτης,

2018 1744 2123 1798 quo
2178 1731 2449 1799 Sogdaitis
2477 1749 2541 1788 eo
2597 1736 3070 1804 proﬁciscentibus
3109 1744 3340 1798 sericum
3390 1762 3583 1802 venum

2018 1837 2287 1890 exponere
2347 1827 2487 1893 apud
2552 1826 2732 1882 Medos
2790 1830 2995 1886 liceret.
3052 1832 3337 1891 Disabulus
3397 1855 3585 1896 eorum

2017 1914 2267 1983 precibus
2310 1916 2690 1985 obtemperans
2728 1924 2975 1989 permisit
3028 1925 3299 1994 Sogdaitis
3364 1931 3589 2001 legatio-

2018 2020 2137 2059 nem
2175 2008 2411 2070 mittere,
2448 2009 2599 2075 eujus
2631 2012 2881 2080 princeps
2914 2014 3010 2068 fuit
3037 2015 3306 2075 Maniach.
3346 2022 3583 2080 Profecti

1972 2134 1973 2137 η
2018 2095 2183 2162 igitur
2217 2098 2281 2149 ad
2313 2097 2597 2151 Persarum
2637 2116 2814 2169 regem
2851 2108 3052 2172 precati
3084 2120 3231 2173 sum,
3260 2120 3315 2164 ut
3350 2112 3577 2168 liberum

2018 2182 2125 2237 illis
2155 2195 2296 2238 esset
2323 2186 2440 2239 sine
2474 2187 2582 2240 ullo
2618 2188 3004 2257 impedimento
3034 2200 3173 2266 apud
3224 2200 3367 2269 ipsus
3424 2206 3587 2260 serici

2016 2278 2423 2329 commercium.
2462 2277 2531 2330 At
2585 2277 2869 2334 Persarum
2915 2301 3027 2351 rex,
3094 2275 3179 2341 (ἶιὶ
3221 2292 3443 2348 minime
3488 2296 3588 2351 boc

2017 2376 2227 2433 gratum
2260 2378 2398 2430 erat,
2436 2383 2501 2422 ne
2552 2369 2765 2437 impune
2818 2374 2921 2429 illis
2953 2389 3095 2431 esset
3134 2379 3416 2438 Persarum
3451 2389 3588 2443 fines

2020 2454 2248 2521 ingredi,
2315 2470 2630 2525 responsum
2669 2461 2875 2515 distulit
2930 2465 2980 2517 in
3020 2469 3337 2533 crastinum,
3397 2476 3589 2529 deinde

2018 2548 2122 2600 alia
2148 2558 2307 2615 atque
2334 2550 2436 2603 alia
2465 2553 2718 2608 dilatione
2741 2557 2934 2610 iterum
2971 2574 3098 2614 usus
3122 2574 3221 2617 est.
3253 2563 3384 2618 Cum
3444 2567 3586 2621 diem

2019 2652 2081 2692 ex
2124 2639 2208 2692 die
2238 2642 2509 2705 traxisset,
2543 2652 2596 2697 et
2616 2645 2812 2699 obnixe
2850 2648 3117 2715 Sogdaitae
3152 2662 3398 2719 peterent
3429 2656 3588 2726 107

2019 2738 2072 2783 et
2121 2740 2433 2798 urgerent,
2497 2732 2768 2789 Cbosroes
2846 2776 2861 2801 ,
2915 2740 3142 2793 consilio
3214 2757 3512 2799 convocato
3570 2786 3586 2811 ,

2019 2819 2355 2875 deliberavit.
2408 2824 2650 2879 Catullus
2702 2836 2882 2881 autem
2923 2829 3013 2883 ille
3059 2830 3397 2899 prtbalites
3441 2876 3455 2899 ,
3498 2840 3587 2904 qni

2020 2921 2242 2980 propter
2272 2922 2566 2982 ‘stuprum,
2618 2930 2646 2968 a
2687 2932 2811 2987 rege
2843 2922 2993 2972 uxori
3038 2938 3144 2976 sua:
3180 2938 3275 2991 per
3308 2927 3412 2979 vim
3472 2928 3588 2982 illa-

352 3006 411 3070 ὂς
443 3007 533 3060 διὰ
568 3008 666 3079 τὴν
696 3011 761 3065 ἐκ
792 3011 885 3065 τοῦ
908 3014 1031 3066 κατ’
1058 3015 1219 3069 αὐτὸν
1251 3015 1511 3087 βασιλέως
1540 3002 1915 3097 γεγενημένην

2021 3009 2153 3066 tum,
2188 3011 2397 3067 gentem
2433 3002 2623 3058 Turcis
2663 3007 2969 3072 prodiderat
2998 3019 3050 3063 et
3081 3011 3273 3066 deinde
3310 3015 3375 3068 ad
3404 3014 3590 3070 Medo-

356 3095 535 3164 βιαίαν
576 3098 807 3183 μίξιντῇ
836 3103 1057 3165 γυναικὶ
1084 3106 1359 3177 προύδωκε
1386 3108 1447 3163 τὸ
1489 3113 1758 3183 ὁμόφυλον
1804 3095 1916 3181 toi;

356 3183 646 3253 Τούρκοις,
679 3182 832 3253 οὗτος
864 3192 907 3222 ¹⁰
936 3192 1066 3254 γοῦν
1102 3193 1468 3269 (μετανάστης
1491 3182 1688 3271 γὰρέν
1714 3205 1790 3275 τῷ
1816 3224 1914 3274 με-

353 3273 487 3339 ταξὺ
521 3275 763 3343 ἐγεγόνει
807 3279 901 3331 τοῦ
936 3281 1127 3352 χρόνου
1174 3285 1267 3337 καὶ
1318 3288 1574 3358 ἐμήδιζεν
1618 3273 1920 3365 ἤδηγπαρ-

352 3365 512 3436 ῄνεσε
556 3366 767 3436 βασιλεῖ
796 3372 904 3424 τῶν
955 3374 1179 3444 Περσῶν
1232 3375 1332 3447 τὴν
1373 3379 1613 3447 μέταξαν
1670 3384 1919 3454 οὐδαμῶς

353 3455 804 3526 ἀποπέμψασθαι,
856 3461 994 3515 ἀλλὰ
1037 3464 1144 3531 γὰρ
1202 3467 1296 3519 καὶ
1346 3468 1662 3539 ὠνήσασθαι
1710 3473 1804 3526 καὶ
1851 3474 1921 3528 τὰ

354 3544 499 3635 ὑπὲρ
536 3547 705 3618 αὐτῆς
746 3550 844 3620 μὲν
875 3554 1206 3611 καταθέσθαι
1264 3561 1576 3630 τιμήματα,
1630 3562 1918 3635 θεωμένων

354 3634 413 3687 δὲ
461 3637 641 3691 αὐτῶν
679 3641 719 3672 ⁸⁸
751 3641 859 3695 τῶν
904 3644 1187 3714 πρέσϐεων
1216 3648 1418 3720 ταύτην
1451 3654 1710 3719 ἀφανίσαι
1744 3634 1921 3726 Ῠπυρὶ,

355 3725 434 3788 ὡς
487 3726 553 3813 ἂν
594 3730 729 3800 μήτε
786 3732 993 3788 ἀδικεῖν
1030 3736 1070 3766 ¹²
1108 3737 1254 3810 δόξῃ,
1291 3745 1427 3810 μήτε
1479 3743 1585 3813 μὴν
1637 3725 1919 3814 βούλεσθαι

355 3810 591 3885 χρῆσθαι
618 3822 682 3890 τῇ
714 3822 777 3874 ὲκ
803 3823 1061 3894 Τούρκων
1091 3829 1319 3903 μετάξῃ.
1358 3810 1550 3902 Καλή⁷
1573 3810 1671 3903 μὲν
1717 3835 1922 3903 μέταξα

356 3905 710 3995 ἐπυρπολήθη
737 3926 751 3941 ο
785 3912 939 3965 αὐτοὶ
969 3913 1024 3966 δὲ
1056 3916 1115 3977 ἐς
1158 3917 1226 3969 τὰ
1265 3922 1469 3988 πάτρια
1504 3921 1608 3993 ἢθη
1635 3916 1921 3995 ἀνεχώρη-

359 4008 480 4058 σαν,
514 3994 594 4063 τῷ
634 4000 983 4072 γεγενημένῳ
1017 4003 1215 4072 ἥκιστα
1261 4007 1563 4077 χαίροντες.
1608 3994 1829 4081 Ἐπειδὴ
1865 4010 1922 4063 δὲ

358 4083 438 4155 τῷ
470 4085 780 4160 Διζαϐούλῳ
826 4089 894 4143 τά
945 4090 1358 4166 ξυγκυρήσαντα
1411 4098 1678 4169 ἔφρασαν,
1726 4102 1922 4155 αὐτίκα

358 4172 387 4224 ὅ
413 4189 475 4241 γε
499 4178 591 4229 καί
618 4178 781 4249 ἑτέρᾳ
807 4183 1078 4255 πρεσϐείᾳ
1127 4186 1325 4257 ἐχρῆτο
1371 4187 1446 4250 ὡς
1485 4190 1721 4260 Πέρσας,
1772 4192 1919 4259 φιλο-

360 4266 689 4335 ποιήσασθαι
722 4271 822 4342 τὴν
866 4274 1010 4327 κατὰ
1060 4275 1202 4345 σφᾶς
1253 4278 1527 4333 πολιτείαν
1581 4281 1921 4352 βουλόμενος.

2021 3106 2137 3143 rum
2185 3101 2364 3160 partes
2410 3094 2718 3158 transierat,
2768 3095 3011 3150 hortatus
3048 3110 3131 3151 est
3179 3100 3464 3157 Persarum
3506 3120 3591 3159 re-

2019 3195 2162 3250 gem,
2199 3183 2506 3237 utsericum
2540 3185 2760 3239 minime
2793 3188 3250 3255 prwtermitteret,
3287 3195 3380 3246 sed
3410 3205 3591 3262 empto

2019 3288 2104 3336 eo,
2133 3274 2361 3342 pretium
2413 3276 2644 3329 traderet
2679 3293 2695 3342 ;
2728 3286 2838 3330 tum
2874 3288 3049 3331 autem
3079 3288 3205 3333 ante
3226 3281 3412 3336 oculos
3446 3282 3588 3350 lega-

2022 3372 2195 3419 torum
2245 3363 2379 3417 illud
2426 3365 2476 3418 in
2524 3366 2699 3434 ignem
2745 3366 3011 3435 injiceret,
3071 3385 3138 3423 ne
3172 3370 3367 3440 injnste
3406 3386 3589 3441 agere,

2021 3470 2155 3511 neve
2214 3454 2513 3510 Turcorum
2560 3457 2736 3512 serico
2769 3460 2843 3513 uti
2875 3459 3012 3513 velle
3046 3460 3340 3515 videretur.
3398 3462 3462 3517 Et
3505 3479 3590 3518 se-

2022 3548 2189 3600 ricum
2223 3547 2435 3615 quidem
2480 3548 2585 3616 igni
2617 3560 2916 3603 crematum
2950 3560 3053 3616 est,
3094 3551 3255 3621 legati
3297 3568 3424 3608 vero
3447 3554 3590 3609 baud

2022 3635 2125 3687 laeti
2180 3637 2246 3687 ad
2300 3636 2545 3703 pmprias
2598 3638 2755 3692 sedes
2810 3650 3141 3694 remearunt.
3204 3641 3407 3697 Deinde
3464 3659 3587 3698 cum

2022 3725 2292 3789 Disabulo,
2352 3741 2468 3793 quae
2522 3727 2741 3781 decreta
2787 3727 3022 3794 fuerant,
3062 3733 3481 3799 renuntiassent,
3544 3736 3592 3791 is

2022 3813 2301 3865 confestim
2347 3812 2446 3865 alia
2489 3813 2758 3881 legatione
2811 3817 2877 3868 ad
2910 3815 3100 3870 Persas
3147 3833 3273 3872 usus
3321 3833 3425 3885 εει,
3484 3838 3588 3891 qua

2024 3901 2330 3970 reipublicae
2383 3917 2493 3956 suae
2547 3918 2641 3957 eos
2681 3905 2973 3959 conciliare
3022 3907 3291 3963 studebat.
3341 3908 3430 3963 Uti
3466 3927 3592 3966 vero

2023 3992 2221 4047 iterum
2249 3993 2439 4061 legatio
2470 4009 2499 4046 a
2528 3991 2718 4048 Turcis
2750 3994 2983 4058 advenit,
3024 3996 3306 4051 Persarum
3340 4015 3441 4055 rex
3475 4018 3579 4055 una

2025 4099 2144 4138 cum
2175 4083 2501 4151 primoribus
2540 4083 2823 4138 Persarum
2874 4095 2928 4140 et
2952 4085 3167 4141 Catulfo
3219 4092 3449 4155 censuit,
3485 4092 3589 4146 mi-

2024 4176 2170 4229 nime
2198 4190 2227 4229 e
2263 4190 2319 4228 re
2385 4173 2671 4229 Persarum
2703 4190 2844 4240 esse,
2865 4177 3160 4232 amicitiam
3188 4178 3421 4248 jungere
3468 4198 3589 4236 eum

2027 4268 2242 4323 Turcis.
2279 4265 2450 4320 Omne
2493 4267 2637 4321 enim
2670 4264 2981 4337 Scytbicum
3011 4285 3185 4338 genus
3217 4272 3477 4341 perfidum
3538 4284 3594 4329 et

371 4355 529 4408 Ἐπεὶ
548 4357 605 4411 δέ
642 4362 677 4430 η
708 4362 967 4434 Τούρκων
1002 4367 1270 4435 πρεσϐεία
1317 4368 1472 4434 αὖθις
1510 4372 1728 4440 ἀφῖκτο,
1773 4375 1800 4425 6
1825 4375 1923 4445 βα-

2029 4358 2305 4413 mutabile.
2345 4359 2484 4424 Quin
2538 4359 2699 4413 etiam
2736 4358 2899 4428 jussit
2935 4398 2949 4425 ,
2991 4362 3251 4416 veneficio
3300 4363 3407 4417 tolli
3453 4378 3592 4418 n0n-

359 4449 544 4513 σιλεὺς
578 4450 694 4521 ἅμα
717 4457 828 4519 τοῖς
854 4460 912 4510 ἐν
939 4457 1084 4512 τέλει
1112 4460 1337 4533 Περσῶν
1382 4465 1474 4515 καὶ
1502 4464 1580 4535 τῷ
1623 4466 1926 4539 Κατούλφῳ

359 4542 729 4611 ἐγνωμάτευε,
762 4548 942 4621 πάντη
969 4549 1281 4622 ἀξύμφορον
1310 4550 1449 4608 εἷναι
1471 4556 1708 4626 Πέρσαις
1742 4559 1923 4626 φιλίαν

363 4630 549 4686 θέσθαι
577 4634 652 4700 ὡς
675 4637 952 4709 ἰὀύρκους
978 4656 991 4670 ⁸
1024 4642 1087 4695 τὸ
1115 4643 1223 4715 γὰρ
1254 4644 1517 4700 Σκυθικὸν
1553 4642 1690 4701 εἶναι
1723 4649 1925 4720 παλίμ-

362 4721 537 4777 ϐολον.
610 4726 795 4801 Ταύτῃ
847 4748 930 4785 τοι
983 4732 1081 4789 καὶ
1146 4736 1563 4806 παρενεγγύησε
1618 4738 1924 4810 δηλητηριῳ

362 4813 638 4886 φαρμάκῳ
667 4818 843 4882 ἐνίους
879 4821 1246 4893 διαφθαρῆναι
1294 4825 1400 4878 τῶν
1440 4825 1739 4895 πρέσϐεων,
1776 4829 1923 4891 ὅπως

360 4900 648 4959 ἀπείποιεν
679 4909 777 4978 τῆς
804 4911 981 4964 ἐκεῖσε
1029 4913 1326 4984 μετέπειτα
1354 4916 1660 4987 παρουσίας
1670 4955 1683 4971 ο
1720 4918 1829 4970 καὶ
1857 4918 1920 4987 δὴ

360 4995 409 5044 οἱ
435 4992 675 5050 πλεῖστοι
704 4999 814 5052 τῶν
845 5003 1358 5074 πρεσϐευσαμένων
1393 5005 1653 5076 Τούρκων
1692 5008 1756 5076 τῇ
1800 5007 1927 5077 περὶ

362 5082 461 5151 τὴν
490 5084 689 5157 ἐδωδὴν
722 5088 870 5158 μίξει
911 5082 1018 5147 τῶν
1044 5095 1401 5166 ἀναιρετικῶν
1425 5097 1469 5128 ³³
1496 5099 1802 5167 φαρμάκων
1832 5100 1927 5151 αὐ-

361 5171 459 5223 τοῦ
490 5190 595 5227 που
614 5176 703 5231 τὸν
725 5178 838 5249 βίον
861 5180 1186 5247 κατέλυσαν,
1211 5184 1349 5254 πλὴν
1370 5185 1539 5255 τριῶν
1562 5187 1595 5258 ἢ
1622 5187 1923 5257 τεσσάρων.

363 5261 541 5331 Θροῦς
569 5266 626 5319 δὲ
684 5270 941 5341 ἐφοίτησε
994 5273 1254 5343 Πέρσαις,
1284 5275 1359 5337 ὠς
1383 5274 1636 5329 διώλοντο
1687 5277 1763 5346 τῷ
1801 5295 1925 5330 πνι-

2029 4449 2202 4504 nullos
2228 4449 2549 4519 legatorum,
2585 4456 2644 4503 ut
2708 4449 2759 4503 in
2794 4458 3069 4517 posterum
3100 4461 3479 4507 aversarentur
3523 4455 3589 4507 ad

2031 4558 2161 4598 suas
2186 4544 2435 4612 regiones
2460 4555 2759 4597 accessum.
2806 4541 2896 4597 Sic
2927 4543 3125 4609 evenit,
3165 4551 3223 4597 ut
3262 4542 3374 4598 fere
3403 4559 3591 4599 omnes

2027 4631 2233 4702 legati,
2265 4633 2505 4702 exceptis
2537 4632 2711 4688 tribus
2754 4641 2847 4686 aut
2894 4642 3125 4701 quatuor
3174 4638 3205 4699 ,ί
3245 4634 3406 4689 misto
3457 4634 3594 4690 cibis

2025 4722 2210 4776 letbali
2244 4738 2468 4790 veneno,
2510 4725 2619 4778 sint
2674 4724 2957 4793 perempti.
2989 4723 3193 4780 Rumor
3246 4739 3312 4779 ex
3357 4740 3421 4781 eo
3453 4725 3595 4781 inter

2024 4810 2222 4866 Persas
2263 4811 2554 4879 dissipatus
2594 4822 2695 4866 est.
2734 4811 3033 4866 Turcorum
3062 4812 3266 4880 legatos
3307 4814 3471 4870 nimis
3497 4832 3589 4870 ca-

2029 4902 2209 4958 lidoet
2259 4902 2402 4956 sicco
2456 4910 2613 4957 terra:
2665 4902 2897 4957 Persidis
2940 4902 3048 4957 situ
3106 4902 3378 4972 periisse:
3442 4905 3590 4973 quia,

2028 5010 2150 5051 cum
2196 4993 2497 5048 Turcorum
2551 4993 2699 5062 regio
2728 4993 2937 5047 crebris
2975 4992 3188 5047 nivibus
3221 5000 3464 5047 contecta
3498 4993 3589 5058 sit,

2030 5087 2245 5143 nonnisi
2302 5088 2353 5140 in
2414 5084 2604 5154 frigida
2640 5083 2784 5137 aeris
2821 5084 3079 5152 temperie
3120 5083 3298 5137 vivere
3350 5094 3592 5150 possent.

2028 5180 2168 5246 Quin
2212 5188 2265 5233 et
2296 5177 2396 5242 illi,
2428 5176 2518 5246 qui
2552 5174 2777 5230 insidias
2804 5183 3110 5237 evaserant,
3158 5172 3406 5241 quamvis
3435 5171 3591 5227 aliter

2028 5273 2454 5339 suspicarentur,
2489 5269 2756 5333 eamdem,
2806 5280 2927 5335 quae
2954 5279 3047 5335 per
3068 5264 3342 5319 Persidem
3377 5277 3591 5333 percre-

1643 5384 1878 5441 νΑΒιιΕ
1920 5383 2321 5441 LECTIONES.

438 5466 459 5538 ἒ
494 5466 661 5520 Καϐώ
670 5485 731 5538 σῃ

362 5537 508 5615 vulg.
582 5540 630 5615 _’°
670 5537 949 5615 οὖτρεἯη
983 5543 1154 5609 οὕτως
1184 5537 1325 5615 vulg.

369 5606 509 5670 γει,
543 5609 833 5677 αἱρετικῶν
866 5614 1007 5681 vulg.

778 5487 901 5547 πιεί-
945 5473 1039 5547 ll.“
1086 5478 1105 5509 "
1136 5476 1394 5547 Τούρκοις
1445 5476 1527 5537 Β..
1581 5476 1788 5547 τούτοις
1844 5478 1989 5547 vulg.

1408 5548 1445 5577 “
1474 5546 1648 5599 αὐτῶν
1681 5547 1767 5615 Ν.,
1803 5546 1976 5601 ἄλλων
2005 5547 2146 5613 vulg.

2064 5476 2085 5507 ⁸
2119 5475 2266 5530 ἄλλοι
2317 5490 2375 5525 τε
2439 5471 2584 5536 vulg.
2659 5473 2680 5502 ’
2710 5469 3075 5537 ἐκκλησιάσας
3120 5469 3203 5530 B.,
3243 5466 3595 5537 ἐκκλησιάσαι

2225 5542 2265 5573 ¹¹
2290 5543 2495 5594 ἀδικεῖν
2526 5540 2617 5604 IL,
2646 5540 2803 5611 ἁδικῇ
2847 5542 2902 5593 ἐν
2930 5541 3076 5609 vulg.
3154 5540 3195 5571 ³³
3237 5538 3592 5609 ἀναιρετικῶν
