4010 6210
450 229 562 352 8ολ
1285 279 1686 342 EXCERPTA
1724 279 1828 338 EX
1865 275 2290 338 MENANDRU
2335 272 2834 334 PROTECTORE
3600 271 3704 332 8(‘8

456 399 674 463 buerat,
697 395 894 452 famam
929 407 1142 464 quoque
1175 392 1314 462 apud
1353 405 1482 446 suos
1503 388 1873 457 divulgarunt.
1918 385 2029 440 Sed

2135 383 2300 453 γηρῷ
2324 383 2433 436 τῶν
2457 381 2682 452 Περσῶν
2709 379 2906 450 αὐχμῷ
2927 378 3033 432 τῶν
3063 375 3321 450 Τούρκων
3341 377 3391 430 οί
3421 378 3704 448 πρέσϐεις,

457 489 769 552 Disabulns,
796 488 956 542 homo
1009 485 1237 539 callidus
1266 492 1322 538 et
1351 489 1622 546 versutus,
1657 493 1780 550 quae
1815 485 2027 548 patrata

2133 474 2228 528 ᾶτε
2256 474 2358 543 τῆς
2397 473 2576 527 αὐτῶν
2629 471 2816 544 χώρας
2867 470 3018 540 θαμὰ
3061 470 3264 540 νιφετῷ
3304 469 3706 540 παλυνομένης,

455 589 634 646 erant,
669 594 773 633 non
804 577 1104 647 ignorabat.
1133 574 1406 630 Credebat
1428 574 1596 640 enim,
1627 572 1767 627 sicut
1787 578 1929 635 erat,
1953 569 2028 624 le-

455 681 610 744 gatos
632 670 755 725 dolo
786 678 1007 724 necatos
1058 682 1200 722 esse.
1236 665 1374 720 Hinc
1401 663 1699 719 inimicitia:
1725 661 2024 717 Turcorum

456 773 511 818 et
566 763 851 817 Persarum
881 759 1146 827 originem
1180 764 1458 825 ceperunt.
1492 755 1558 808 Et
1587 755 1725 809 hanc
1785 751 2029 809 occasio-

457 871 579 911 nem
608 831 878 918 Klaniach,
910 853 999 923 qui
1027 850 1298 918 Sogdaitis
1328 857 1580 919 praeerat,
1613 846 1905 916 arripiens,
1936 844 2028 898 Di-

457 946 644 1002 sabulo
699 945 990 1015 persuasit,
1026 941 1212 995 utilius
1252 954 1371 995 esse
1397 938 1588 993 Turcis
1621 938 1892 993 Romanos
1937 950 2029 991 co-

457 1038 590 1101 iere,
616 1046 670 1090 et
694 1051 879 1091 eorum
911 1034 1203 1089 amicitiam
1251 1031 1526 1100 amplecti,
1563 1039 1615 1084 et
1639 1029 1704 1083 ad
1733 1028 1850 1083 illos
1869 1027 2026 1108 serici

457 1127 843 1183 commercium
886 1125 1199 1189 transferre,
1253 1124 1344 1192 qui
1406 1122 1534 1176 illud
1571 1122 1624 1176 in
1669 1119 2027 1191 frequentiori

459 1234 563 1274 usu
606 1219 887 1284 haberent,
922 1232 1084 1286 quam
1119 1215 1312 1283 reliqui
1362 1215 1625 1277 homines,
1656 1227 1822 1282 seque
1851 1215 2028 1282 {para-

458 1309 727 1363 tissimum
781 1322 906 1362 esse
957 1307 1168 1360 dicebat
1201 1305 1470 1370 Maniach,
1531 1319 1635 1358 una
1672 1319 1793 1358 cum
1839 1303 2032 1374 legatis

459 1400 762 1454 Turcorum
791 1400 856 1452 ad
889 1413 1009 1453 eam
1045 1398 1365 1466 legationem
1395 1395 1685 1464 proficisci,
1711 1406 1770 1449 ut
1801 1395 2027 1450 Romani

459 1499 516 1544 et
572 1489 733 1544 Turci
775 1487 1224 1557 hacjconditione
1270 1487 1459 1542 ﬁerent
1501 1488 1681 1542 amici.
1716 1485 1810 1540 His
1852 1486 2030 1540 verbis

463 1579 752 1637 Disabulus
781 1593 1034 1633 assensus
1063 1577 1228 1632 mittit
1256 1578 1431 1647 ipsum
1463 1587 1519 1632 et
1549 1578 1812 1647 quosdam
1869 1576 2027 1643 alios,

463 1671 552 1738 qui
613 1669 933 1737 legationem
967 1667 1184 1723 obirent
1227 1669 1366 1738 apud
1401 1671 1783 1736 imperatorem
1832 1667 2032 1722 Roma-

464 1773 618 1820 num,
666 1759 821 1826 eique
849 1756 1236 1826 gratulationes
1263 1766 1317 1812 et
1369 1758 1509 1812 dona
1538 1758 1694 1814 serici
1732 1773 1838 1813 non
1880 1757 2031 1828 parvi

464 1833 622 1918 pretii
655 1863 756 1901 una
808 1863 930 1902 cum
963 1847 1161 1902 litteris
1208 1847 1501 1903 deferrent.
1541 1848 1702 1919 108
1735 1847 1885 1902 Hanc
1925 1847 2035 1917 epi-

459 1938 654 1993 stolam
687 1936 866 1992 ferens
904 1935 1150 1991 Maniaeh
1184 1935 1236 1990 in
1270 1935 1413 1990 viam
1465 1951 1525 1992 se
1553 1938 1720 1991 dedit.
1743 1936 1874 1991 Cum
1905 1936 2028 1992 lou-

462 2045 587 2098 gum
617 2028 827 2083 itineris
849 2029 1082 2098 spatium
1111 2027 1438 2082 confecisset
1459 2029 1766 2098 multasque
1789 2030 2034 2100 regiones

461 2129 826 2194 peragrasset,
865 2129 1075 2173 montes
1120 2127 1418 2188 praeruptos
1451 2127 1504 2203 et
1538 2120 1776 2190 undique
1817 2120 2032 2178 nivibus

463 2222 771 2282 c00pertos,
802 2211 920 2266 loca
964 2211 1122 2282 plana
1151 2220 1205 2268 et
1232 2211 1452 2278 silvosa,
1487 2211 1710 2281 paludes
1743 2221 1798 2268 et
1852 2212 2032 2268 ﬂumi-

463 2322 557 2370 na,
587 2304 779 2360 deinde
813 2302 1112 2359 Caucasum
1153 2315 1478 2374 superasset,
1536 2305 1854 2376 Byzantium
1909 2320 2033 2375 per-

463 2396 644 2461 venit,
714 2405 767 2451 et
803 2395 1092 2466 inregiam
1142 2394 1484 2452 introductus
1529 2397 1596 2452 ad
1649 2398 2030 2466 imperatorem

464 2487 712 2544 accessit.
753 2486 853 2542 llic
871 2488 1048 2542 omnia
1086 2496 1380 2543 exsecutus
1403 2497 1506 2554 est,
1530 2503 1650 2558 quae
1693 2491 1834 2544 inter
1856 2489 2033 2545 socias

461 2588 648 2647 gentes
669 2578 948 2632 observari
979 2577 1176 2643 solent,
1199 2588 1253 2631 et
1276 2577 1489 2632 litteras
1509 2586 1563 2631 et
1593 2580 1730 2632 dona
1755 2579 1807 2632 in
1843 2595 2031 2636 manus

465 2667 683 2722 tradidit
711 2682 923 2733 eorum,
949 2682 1178 2736 quorum
1228 2667 1333 2721 hoc
1362 2666 1600 2723 officium
1632 2677 1770 2735 erat,
1806 2679 1860 2724 et
1910 2686 2033 2741 pre-

461 2767 615 2813 catus
665 2769 772 2824 est,
821 2773 886 2812 ne
916 2758 1018 2812 sibi
1066 2757 1205 2812 irriti
1253 2757 1446 2813 fierent
1486 2767 1592 2813 tam
1629 2759 1774 2831 longi
1822 2762 2031 2820 itineris

463 2848 712 2904 sudores.
767 2849 1067 2918 Imperator
1093 2857 1292 2913 autem,
1325 2849 1415 2904 ubi
1450 2850 1581 2919 legit
1626 2866 1723 2922 per
1762 2852 2029 2924 interpreo

464 2951 572 2996 tem
625 2941 830 2996 litteras
864 2938 1116 3010 Scythice
1171 2941 1425 3009 scriptas,
1454 2941 1777 3014 legationem
1823 2945 2028 3001 lubenti

2058 1715 2106 1774 B

2128 563 2226 616 καὶ⁹
2279 563 2541 618 ἀδύνατον
2579 562 2640 616 ὃν
2692 562 2878 624 αὐτοῖς
2917 561 3046 616 ἄνευ
3080 559 3400 630 κρυμὼδους
3433 561 3708 630 καταστή-

2133 674 2302 728 ματος
2337 656 2600 727 βιοτεύειν
2629 655 2695 711 ¹⁶.
2725 653 2916 726 Ταύτῃ
2959 672 3041 708 τοι
3085 656 3180 707 καὶ
3203 652 3380 716 ἄλλως
3422 653 3710 721 ὑποτοπή-

2131 765 2346 813 σαντες,
2372 749 2427 802 οἴ
2452 765 2514 816 γε
2537 747 2637 818 τὴν
2666 745 2958 816 ἐπιϐουλὴν
2996 745 3270 816 διέφυγον.
3309 744 3452 798 οὕτω
3468 743 3709 814 ξυμϐάν,

2129 840 2212 903 είς
2237 839 2339 910 τὴν
2369 838 2631 910 πατρῴαν
2661 836 3053 900 ἐπανελθόντες
3093 837 3162 892 τὰ
3213 837 3359 905 ᾇπερ
3392 839 3443 890 οἳ
3497 837 3714 908 Πέρσαι

2131 934 2229 986 καὶ
2283 931 2334 985 οἱ
2383 930 2760 1001 διεψιθύρισαν
2828 929 3022 987 ταῦτα.
3058 929 3251 1000 Ὅμως
3303 931 3333 982 ὁ
3381 928 3716 993 Διζάϐουλος

2133 1024 2412 1096 (ἀγχίνους
2446 1021 2556 1092 γάρ
2577 1037 2663 1085 τις
2691 1020 2787 1075 καὶ
2807 1019 3002 1092 δεινὸς)
3033 1020 3134 1074 οὐκ
3170 1020 3408 1091 ἠγνόησε
3451 1021 3514 1073 τὸ
3565 1037 3719 1092 πραο

2131 1116 2280 1188 χθὲν,
2320 1114 2475 1186 ᾠήθη
2508 1113 2587 1179 δὲ,
2615 1113 2751 1185 ὅπερ
2777 1113 2874 1166 καὶ
2896 1108 2988 1183 ἦν,
3023 1112 3100 1175 ὡς
3149 1112 3622 1182 ὲδολοφονήθησαν
3665 1114 3716 1166 oi

2132 1207 2412 1279 πρέσϐεις.
2435 1204 2628 1259 Ἔνθεν
2653 1204 2941 1276 τοιγαροῦν
2969 1206 3002 1274 ἡ
3023 1204 3317 1274 δυσμένεια
3335 1204 3540 1275 ἧρξατο
3567 1206 3715 1277 Περ-

2135 1299 2243 1352 σῶν
2268 1315 2327 1352 τε
2375 1298 2472 1352 καὶ
2506 1296 2789 1368 Τούρκων.
2842 1296 2953 1350 Καὶ
2991 1295 3289 1366 λαϐόμενος
3312 1298 3342 1349 δ
3377 1297 3621 1366 Μανιὰχ,
3653 1297 3717 1359 ὃς

2111 1389 2237 1456 ητῶν
2291 1389 2596 1458 Σογδαῖτῶν
2644 1387 2995 1459 προεστήκει,
3023 1387 3227 1441 τοιοῦδε
3259 1388 3302 1420 ⁸⁸
3325 1386 3517 1458 καιροῦ
3562 1405 3713 1459 συμ-

2131 1483 2382 1537 ϐουλεύει
2439 1482 2517 1554 τῷ
2567 1481 2900 1553 Διζαϐούλῳ,
2962 1482 3188 1551 ἄμεινον
3251 1475 3389 1534 εἶναι
3442 1481 3716 1551 Τούρκοις

2132 1574 2487 1630 ἀσπάσασθαι
2514 1574 2584 1629 τὰ
2618 1573 2932 1644 Ῥωμαίων,
2988 1573 3086 1627 καὶ
3132 1571 3266 1642 παρ’
3296 1570 3494 1634 αὐτοὺς
3550 1570 3716 1624 ὢνιον

2133 1665 2494 1736 ἀποκομίζειν
2547 1665 2645 1737 τὴν
2691 1664 2956 1736 μέταξαν,
3003 1663 3080 1727 ὥς
3128 1681 3193 1733 γε
3225 1665 3270 1697 ¹⁶
3303 1664 3398 1717 καὶ
3454 1663 3598 1716 κατὰ
3651 1662 3715 1716 τὸ

2133 1758 2297 1812 πλέον
2323 1760 2432 1812 τῶν
2455 1757 2632 1812 ἄλλων
2659 1757 2758 1810 ἀνθ
2768 1755 2965 1828 ρώπων
3005 1755 3343 1829 χρωμένους,
3379 1753 3712 1824 ὲτοιμότατα

2133 1847 2190 1904 δὲ
2215 1849 2258 1881 ⁸⁷
2292 1848 2437 1920 ἔχειν
2464 1847 2567 1918 ἔφη
2591 1849 2620 1902 ὁ
2661 1845 2879 1918 Μανιὰχ
2924 1847 3021 1899 καὶ
3069 1845 3234 1909 αὐτὸς
3281 1844 3643 1915 συναπαίρειν
3669 1845 3716 1878 ¹⁸

2133 1943 2246 2006 τοῖς
2277 1940 2575 2011 πρέσϐεσιν
2605 1939 2714 1994 τῶν
2770 1939 3032 2009 Τούρκων
3051 1955 3066 1972 ο
3099 1938 3191 1992 καὶ
3233 1938 3310 2002 ὡς
3358 1939 3532 2010 ταύτῃ
3562 1939 3714 2007 φίλοι

2133 2032 2351 2086 ἔσονται
2396 2030 2657 2102 Ῥωμαῖοί
2706 2047 2766 2084 τε
2810 2031 2906 2085 καὶ
2953 2027 3204 2101 Τοῦρκοι.
3263 2029 3486 2094 Τούτοις
3533 2031 3711 2101 δήπου

2135 2124 2481 2188 κατανεύσας
2531 2125 2646 2186 τοῖς
2704 2124 2947 2196 ῥήμασιν
2981 2125 3009 2177 ὀ
3042 2122 3371 2187 Διζάϐουλος
3427 2123 3713 2193 ἐκπέμπει

2134 2215 2297 2268 αὐτόν
2315 2231 2377 2267 τε
2407 2213 2501 2270 καὶ
2549 2211 2771 2283 ἑτέρους
2815 2209 2966 2274 τινὰς
3008 2210 3084 2274 ὠς
3129 2209 3369 2280 βασιλέα
3419 2209 3714 2279 Ῥωμαίων

2135 2304 2642 2378 πρεσϐευσομένους
2673 2306 2739 2367 ⁸⁸,
2772 2304 3106 2375 προσρήσεις
3151 2319 3211 2357 τε
3265 2301 3712 2372 ἀποκομιοῦντας

2136 2400 2232 2454 καὶ
2253 2399 2403 2470 δῶρα
2433 2398 2695 2469 μετάξης,
2725 2399 2827 2452 οὐκ
2853 2398 3036 2467 ὀλίγον
3066 2415 3122 2450 τι
3151 2397 3361 2468 χρῆμα,
3391 2396 3486 2450 καὶ
3507 2395 3708 2452 συλλα-

2135 2492 2237 2555 ϐάς
2260 2490 2712 2556 τινας.·.Τοιάσδε
2762 2490 2916 2556 τινὰς
2965 2491 3254 2554 ἐπιστολὰς
3307 2490 3710 2562 ἐπιφερόμενος

2135 2583 2404 2654 ὁΜανιὰχ
2434 2582 2718 2653 ἀπήρξατο
2760 2583 2862 2653 τῆς
2917 2582 3246 2654 ὁδοιπορίας.
3279 2583 3388 2635 Καὶ
3416 2581 3482 2652 δὴ
3532 2583 3593 2646 ἐς
3639 2583 3710 2637 τὰ

2137 2673 2373 2744 μάλιστα
2395 2672 2595 2743 πολλὴν
2626 2673 2886 2736 διανύσας
2935 2673 3200 2744 ἀτραπὸν,
3225 2672 3433 2744 χώρους
3467 2691 3527 2726 τε
3561 2673 3707 2730 διελ-

2135 2763 2244 2818 θὼν
2269 2765 2417 2818 ὲσότι
2456 2765 2765 2832 πλείστους,
2799 2767 2901 2838 δρη
2940 2784 3000 2820 τε
3046 2767 3281 2837 μέγιστα
3309 2766 3404 2822 καὶ
3436 2767 3708 2836 ἀγχινεφῆ

2134 2857 2229 2912 καὶ
2255 2856 2412 2910 πεδία
2438 2858 2536 2910 καὶ
2557 2857 2757 2921 νάπας,
2790 2857 2985 2929 λίμνας
3017 2875 3077 2910 τε
3108 2859 3206 2911 καὶ
3251 2857 3550 2928 ποταμοὺς,
3587 2853 3708 2910 εἶτα

2134 2948 2225 3002 τὸν
2249 2948 2540 3006 Καύκασον
2567 2948 2733 3003 αὑτὸν
2757 2951 2804 2982 ³⁸
2832 2948 2894 3003 τὸ
2943 2949 3070 3019 ὅρος
3127 2947 3466 3021 ὑπερελθὼν,
3501 2949 3566 3002 τὸ
3617 2966 3708 3002 τε·

466 3030 648 3084 animo
677 3031 913 3085 admisit.
955 3029 1141 3099 itaque
1172 3030 1379 3099 legatos
1429 3043 1812 3102 percunctatus
1850 3045 1933 3090 est
1961 3035 2029 3092 de

2133 3039 2377 3096 λευταίον
2407 3039 2637 3108 ἀφίκετο
2676 3042 2736 3105 ἐς
2766 3041 3085 3106 Βυζάντιον.
3127 3041 3239 3096 Καὶ
3270 3041 3452 3094 τοίνυν
3510 3042 3596 3106 είς
3634 3042 3707 3099 τὰ

467 3119 764 3175 Turcorum
794 3120 1101 3192 principatu
1130 3129 1183 3176 et
1225 3123 1447 3192 regione
1475 3141 1489 3176 :
1517 3122 1594 3178 illi
1642 3138 1771 3178 vero
1803 3139 2025 3194 respon-

465 3212 681 3279 derunt,
706 3222 940 3283 quatuor
973 3213 1110 3282 apud
1134 3227 1228 3268 eos
1244 3213 1613 3283 praefecturas,
1634 3217 1728 3272 sed
1754 3231 2028 3273 summum

467 3305 634 3360 totius
655 3305 827 3376 gentis
854 3305 1142 3375 imperium
1169 3319 1332 3374 penes
1361 3305 1533 3361 solum
1553 3305 1866 3362 Disabulum
1887 3321 2027 3364 esse.

465 3395 548 3450 Ad
587 3395 700 3450 haec
731 3395 988 3449 dixerunt
1013 3393 1288 3462 subegisse
1328 3395 1674 3464 Ephtbalitas
1698 3411 1898 3466 eosque
1935 3400 2030 3453 tri-

466 3491 651 3541 butum
703 3486 934 3552 pendere
982 3485 1248 3553 coegisse.
1310 3501 1330 3535 ι
1377 3485 1564 3540 Omnis
1609 3485 1816 3555 igitur:
1853 3489 2031 3558 inquit

466 3575 785 3642 imperator.
837 3588 867 3626 a
898 3573 1052 3627 vobis
1092 3583 1176 3628 est
1221 3587 1408 3628 eversa
1453 3572 1883 3642 prthalitarum
1935 3594 2030 3649 po-

467 3665 680 3720 tentia?
719 3684 737 3716 »
772 3664 1150 3720 Annuentibus
1191 3664 1402 3734 legatis,
1435 3665 1732 3735 imperator
1777 3672 1984 3740 rogavit
2013 3689 2027 3726 :

469 3776 490 3812 ι
528 3757 716 3813 Utrum
761 3758 814 3812 in
840 3757 1082 3821 urbibus,
1110 3772 1178 3811 an
1207 3759 1424 3812 vicatim
1455 3758 1769 3815 habitabant
1793 3763 2032 3832 Ephtha-

465 3852 610 3908 litae?
630 3869 649 3904 ι
673 3880 738 3891 —-
765 3867 784 3902 ι
812 3850 979 3916 Gens,
997 3864 1030 3905 ο
1057 3851 1292 3917 domine,
1315 3851 1475 3907 nrbes
1492 3852 1644 3909 colit.
1678 3871 1697 3906 ι
1718 3885 1786 3900 -.-
1823 3874 1841 3908 ι
1869 3855 2028 3927 Ergo,

463 3943 696 4014 subjecit
749 3943 1066 4013 imperator,
1126 3942 1471 3999 manifestum
1508 3953 1614 4010 est,
1653 3959 1748 4003 Vos
1789 3950 2027 4003 omnium

465 4037 701 4101 urbium,
727 4051 844 4105 qua!
861 4035 1076 4090 illorum
1109 4033 1344 4102 fuerunt,
1374 4035 1548 4092 factos
1568 4052 1689 4093 esse
1707 4039 1974 4095 dominos.
2004 4057 2025 4091 ι

463 4157 534 4171 -—
565 4144 583 4178 ι
608 4125 697 4180 Sic
715 4133 820 4191 est,
838 4125 1153 4195 imperator,
1183 4141 1203 4176 ι
1225 4125 1495 4180 dixerunt.
1524 4142 1544 4177 ι
1569 4125 1672 4183 Sed
1697 4143 1794 4184 nos
1822 4130 2028 4197 docete,

466 4225 664 4284 quanta
693 4213 766 4269 sit
808 4217 1044 4267 Avarum
1105 4213 1411 4276 multitudo,
1461 4229 1582 4284 qua:
1614 4217 1778 4271 vestri
1821 4217 2030 4287 imperii

467 4307 677 4364 frenum
708 4303 966 4370 excussit,
992 4311 1048 4357 et
1068 4317 1194 4362 num
1226 4317 1353 4371 pars
1383 4302 1676 4358 etiamnum
1713 4305 1866 4360 vobis
1903 4307 2031 4362 sub-

464 4397 602 4468 jecta
644 4395 736 4451 sit.
777 4413 797 4449 ι
821 4413 932 4448 -ι
968 4395 1106 4449 Sunt
1133 4394 1225 4464 qni
1260 4405 1445 4450 nostro
1471 4395 1696 4466 imperio
1722 4397 1899 4455 adhuc
1934 4415 2033 4470 pa-
2063 4380 2114 4439 ι)

469 4495 643 4544 reant.
702 4485 805 4554 Qui
828 4500 958 4540 vero
1003 4499 1033 4538 a
1061 4485 1216 4540 nobis
1241 4483 1576 4552 defecerunt,
1628 4488 1862 4544 arbitror
1911 4505 2035 4548 esse

466 4578 688 4633 circiter
708 4577 898 4647 viginti
944 4575 1131 4632 millia.
1173 4593 1192 4628 ι
1228 4575 1509 4632 Postremo
1533 4578 1844 4648 imperatori
1875 4581 2034 4637 dinu-

467 4676 748 4726 merarunt
780 4675 968 4737 gentes
994 4666 1189 4724 Turcis
1229 4667 1497 4722 subditas.
1533 4670 1734 4726 Deinde
1756 4671 1825 4727 ab
1855 4686 1940 4738 eo,
1974 4682 2034 4730 ut

465 4796 570 4853 pax
603 4789 658 4836 et
685 4793 958 4838 armorum
1003 4781 1235 4838 societas
1265 4781 1526 4840 Romanis
1547 4793 1601 4840 et
1631 4785 1826 4844 Turcis
1865 4800 2032 4859 esset,

469 4873 757 4948 petierunt.
806 4873 1163 4941 Addiderunt,
1221 4889 1280 4930 se
1337 4877 1705 4946 paratissimos
1733 4894 1872 4947 esse,
1931 4896 2033 4952 pu-

467 4979 633 5038 gnare
679 4974 867 5021 contra
889 4979 1101 5035 omnes,
1133 4969 1225 5037 qui
1252 4966 1509 5025 Romana:
1537 4970 1894 5027 dominationi
1947 4973 2030 5030 in-

465 5058 614 5124 festi,
665 5073 759 5114 eos
812 5073 982 5130 prope
1026 5059 1264 5128 ipsorum
1313 5061 1448 5117 fines
1495 5061 1633 5118 bello
1693 5079 2028 5136 appeterent.

471 5148 596 5209 Haec
617 5149 775 5204 simul
803 5158 966 5218 atque
999 5152 1438 5219 pronuntiarunt,
1469 5152 1734 5223 Maniach,
1781 5162 2030 5217 manibus

469 5243 520 5300 in
551 5242 746 5298 caelum
793 5240 1040 5306 sublatis,
1094 5251 1148 5296 et
1176 5243 1264 5311 qui
1305 5257 1426 5298 cum
1457 5244 1574 5314 ipso
1604 5259 1781 5314 erant,
1821 5249 2030 5319 jurejn-

2135 3133 2384 3206 βασίλεια
2432 3135 2722 3208 παρελθὼν
2771 3137 2868 3191 καὶ
2915 3136 3068 3209 παρὰ
3123 3136 3351 3208 βασιλέα
3409 3137 3708 3208 γενόμενος

2133 3229 2350 3289 ἅπαντα
2383 3227 2584 3302 ἔπραξε
2615 3229 2684 3287 τὰ
2710 3229 2810 3282 ὅσα
2838 3228 3029 3283 ἕπεται
3059 3228 3138 3299 τῷ
3166 3232 3265 3301 τῆς
3291 3229 3472 3299 φιλίας
3490 3229 3704 3300 θεσμῷ,

2131 3325 2194 3378 τό
2227 3341 2286 3378 τε
2317 3325 2555 3395 γράμμα
2585 3323 2680 3376 καὶ
2701 3325 2767 3378 τὰ
2792 3321 2941 3394 δῶρα
2975 3323 3272 3395 ἐνεχείρισε
3312 3325 3422 3386 τοῖς
3452 3325 3510 3388 ἐς
3543 3323 3707 3379 τοῦτο

2130 3415 2458 3486 ἀνειμένοις,
2484 3414 2580 3467 καὶ
2612 3414 2783 3468 ἐδεῖτο
2810 3415 2884 3484 μὴ
2910 3415 3201 3485 ἀνονήτους
3252 3415 3401 3486 αὐτῷ
3447 3415 3708 3483 γενέσθαι

2130 3507 2258 3570 τοὺς
2282 3507 2380 3578 τῆς
2404 3505 2714 3578 ὁδοιπορίας
2748 3506 3000 3577 ἱδρῶτας.
3037 3506 3204 3576 Ἀτὰρ
3228 3510 3256 3561 ὁ
3287 3507 3540 3578 βασιλεὺς
3570 3511 3703 3564 ἀναν

2130 3597 2425 3669 λεξάμενος
2456 3598 2543 3653 διὰ
2576 3598 2685 3652 τῶν
2731 3599 3014 3670 ἑρμηνέων
3049 3599 3110 3654 τὸ
3143 3599 3379 3671 γράμμα
3406 3601 3468 3656 τὸ
3501 3603 3702 3656 Σκυθι-

2131 3693 2225 3744 κὸν
2259 3691 2640 3760 ἀσμενέστατα
2666 3693 2982 3763 προσήκατο
3005 3695 3104 3765 τὴν
3141 3693 3458 3766 πρεσϐείαν.
3502 3695 3706 3762 Τοιγα.

2134 3779 2262 3853 ροῦν
2307 3781 2470 3851 ἡρετο
2509 3781 2636 3844 τοὺς
2686 3780 2944 3851 πρέσϐεις
2977 3783 3106 3854 περὶ
3153 3783 3253 3854 τῆς
3293 3782 3404 3838 τῶν
3437 3776 3704 3856 Τούρκων

2132 3873 2430 3946 ἡγεμονίας
2456 3889 2517 3929 τε
2549 3873 2644 3928 καὶ
2667 3873 2871 3946 χώρας.
2901 3876 2964 3929 Οί
2993 3875 3050 3928 δέ
3079 3892 3141 3944 γε
3183 3875 3390 3945 ἔφασαν
3430 3877 3703 3948 τέτταρας

2132 3965 2315 4028 αὐτοῖς
2345 3960 2486 4018 εἶναι
2538 3966 2836 4035 ἡγεμονίας
2861 3982 2874 3997 ·
2896 3965 2958 4019 τὸ
2982 3965 3042 4021 δέ
3089 3982 3153 4034 γε
3203 3968 3404 4038 κράτος
3429 3968 3525 4024 τοῦ
3561 3969 3702 4040 ξύμ-

2132 4072 2334 4119 παντος
2361 4055 2549 4120 ἔθνους
2602 4058 2846 4111 ἀνεῖσθαι
2881 4056 3027 4129 μόνῳ
3079 4057 3158 4128 τῷ
3189 4059 3520 4132 Διζαϐούλῳ.
3558 4063 3703 4134 Πρός

2131 4166 2195 4218 γε
2225 4148 2434 4216 ἔλεξαν,
2462 4151 2536 4214 ὡς
2568 4151 2987 4219 παρεστήσαντο
3031 4148 3125 4203 καὶ
3161 4149 3482 4217 Ἐφθαλίτας
3536 4152 3702 4226 μέχρι

2131 4240 2227 4294 καὶ⁵
2281 4243 2337 4303 ὲς
2391 4242 2558 4312 φόρου
2586 4241 2916 4311 ἀπαγωγήν.
2945 4258 2963 4291 ι
2992 4240 3180 4295 Πᾶσαν
3209 4239 3322 4309 οὖν,
3352 4241 3458 4314 ἔφη
3487 4244 3516 4296 ὁ
3536 4243 3699 4296 αὐτου

2137 4331 2384 4403 κράτωρ,
2419 4331 2520 4407 τὴν
2574 4331 2684 4388 τῶν
2723 4331 3060 4402 Ἐφθαλιτῶν
3109 4333 3508 4404 ὲκποιήσασθαι
3531 4336 3575 4368 ¹¹
3606 4335 3701 4390 δύο

2137 4437 2458 4495 ναμιν.»-ι
2482 4425 2630 4479 Πάνυ
2651 4425 2750 4496 μὲν
2775 4419 2923 4489 οῦν,›
2946 4425 3132 4490 ἔλεξαν
3155 4426 3206 4478 oi
3237 4426 3514 4497 πρέσϐεις.
3534 4425 3717 4497 Αὖθις·

2135 4519 2164 4571 ὁ
2185 4517 2441 4589 βασιλεύς
2465 4533 2481 4549 ⁹
2510 4537 2528 4569 ι
2555 4517 2716 4574 Κατὰ
2732 4519 2915 4583 πόλεις
2945 4519 2979 4589 ἢ
3007 4535 3109 4572 που
3139 4519 3248 4590 ἄρα
3275 4520 3416 4574 κατὰ
3441 4520 3635 4592 κώμας
3653 4526 3702 4558 ⁸³

2136 4609 2310 4682 ᾠκουν
2331 4609 2380 4662 οί
2401 4608 2720 4676 Ἐφθαλτται
2746 4625 2762 4674 ;
2797 4627 2816 4663 ι
2844 4609 2908 4662 Ol
2929 4608 3250 4678 πρέσϐειςοι
3276 4608 3540 4672 ’Δστικοὶ,
3558 4604 3707 4664 ὧδέ.

2137 4718 2334 4767 σποτα,
2367 4699 2428 4754 τὸ
2457 4699 2648 4770 φῦλον.
2691 4719 2816 4752 ι-ι
2853 4699 3091 4771 Εὔδηλον
3115 4693 3229 4768 οῦν,
3264 4696 3302 4772 ἦ
3329 4701 3384 4754 δὲ
3411 4703 3458 4736 ³⁸
3482 4705 3512 4756 ὁ
3538 4703 3704 4773 βασι-ι-

2139 4794 2288 4857 λεὺς,
2309 4791 2384 4856 ὡς
2408 4791 2633 4845 ἐκείνων
2658 4792 2831 4862 δήπου
2847 4791 2954 4845 τῶν
2982 4792 3189 4846 πόλεων
3220 4791 3400 4864 κύριοι
3430 4794 3706 4864 καθεστή-

2145 4884 2561 4941 κατε.›-ιΚαὶ
2598 4874 2740 4955 μάλα
2759 4925 2774 4951 ,
2812 4903 2832 4938 ι
2868 4884 3097 4953 ἔφασαν.
3117 4883 3174 4938 '0
3194 4885 3447 4956 βασιλεύς
3465 4901 3480 4915 ·
3507 4905 3526 4938 ι
3557 4888 3708 4958 ’Δρα

2139 4979 2284 5050 ἡμᾶς
2303 4977 2655 5043 ἀναδιδάξατε
2675 4979 2772 5046 ὅση
2792 4979 2838 5010 ’⁸
2853 4978 2962 5032 τῶν
2983 4978 3224 5050 Ἀϐάρων
3241 4979 3450 5050 πληθὺς
3471 4981 3571 5050 τῆς
3591 4980 3706 5034 τῶν

2141 5071 2400 5145 Τούρκων
2427 5071 2729 5141 ἀφηνίασεν
2765 5071 3119 5142 ἐπικρατείας
3147 5071 3216 5137 ⁸⁸,
3247 5073 3342 5130 καὶ
3370 5071 3423 5125 εἴ
3446 5089 3591 5136 τινες
3620 5074 3706 5129 ἔτι

2142 5161 2272 5233 παρ’
2296 5163 2424 5231 ὑμῖν
2451 5177 2466 5227 ;
2499 5181 2518 5214 ι
2542 5191 2609 5202 -
2639 5179 2656 5211 ι
2686 5160 2809 5216 Εἰσὶ
2835 5161 2956 5233 μὲν,
2977 5155 3021 5214 ὧ
3044 5161 3286 5236 βασιλεῦ,
3318 5160 3450 5230 οἵγε
3467 5163 3536 5216 τὰ
3564 5162 3709 5232 qua.

2141 5271 2275 5322 τερα
2294 5254 2613 5323 στέργουσιν
2634 5255 2714 5306 ἔτι
2735 5269 2748 5286 ο
2774 5255 2899 5317 τοὺς
2919 5254 2974 5309 δὲ
3002 5254 3271 5324 δήπουθεν
3290 5253 3707 5325 ἀποδράσαντας

1739 5391 1970 5450 VARIE
1994 5395 2395 5453 LECTIONES.

545 5495 595 5566 ’δέ
618 5493 878 5566 βιοτεύειν
914 5490 1003 5566 Η...
1034 5493 1273 5566 βιοτεῦον
1303 5495 1445 5566 vulg.

1526 5498 1568 5571 ε’
1600 5501 1802 5578 τοιοῦδε
1837 5503 1922 5566 Β.,
1946 5505 2100 5578 τοῦδε
2137 5510 2281 5578 vulg.

2357 5510 2401 5543 "
2427 5510 2502 5573 ὥς
2535 5525 2599 5588 γε
2633 5510 2716 5576 B.,
2747 5513 2884 5588 ῷσεε
2924 5511 3068 5588 vulg.
3135 5513 3265 5588 fili!
3283 5511 3378 5588 _B.,
3413 5514 3507 5588 καὶ
3555 5517 3700 5588 vulg.

470 5563 515 5667 ξς
539 5561 707 5667 $.93:
731 5561 1123 5667 .‘i"."§.’:°‘£‘.’i“f.
1285 5561 1446 5667 αθτέν
1594 5570 1854 5667 ἔίπιεξίρεεϊ
1879 5561 2025 5667 "me
2105 5561 2945 5667 έτὸεὶῖξεγσὲῑιέίιξλυῖξίῖ’1ίὲτέ
2965 5561 3067 5667 ἶ
3088 5561 3263 5636 me?
3279 5561 3520 5648 ὧἶῦ
3551 5561 3700 5656 viiii

539 5632 1074 5727 ἓξειοιιήσασθε
1093 5634 1452 5727 ᾠκξέώξασθξ
1651 5632 1750 5727 ’Βί
1800 5643 1854 5727 I"
1875 5632 2015 5727 κατέ
2061 5632 2254 5727 redigat;
2294 5632 2604 5727 val.,;§atd
2625 5632 2632 5633 ί
2655 5632 3239 5727 ὶεῷᾖηῖξτέιιιεεζριᾶι

469 5698 656 5774 ngas
697 5693 784 5768 BI,
812 5703 914 5776 ήδη
948 5693 1120 5777 vulg.’
1171 5704 1217 5736 “
1261 5707 1358 5777 ὅση
1412 5707 1495 5774 Bo.
1527 5693 1606 5772 ὼξ
1646 5711 1679 5782 ἡ
1722 5693 1868 5788 ίνυ¹3ο

1971 5717 2015 5749 ⁸⁸
2067 5719 2298 5792 ἀφηνίας
2351 5723 2406 5773 ὲν
2446 5717 2765 5800 ἐπικρατείᾲ
2809 5717 3153 5798 νυιεηννει.
3223 5738 3328 5780 em.
3373 5725 3524 5800 ὑμῶν
3550 5717 3700 5799 luti".
