2005 3105
136 113 190 145 809

534 112 582 141 DE
603 111 890 142 LEGATIONIBUS
909 110 1086 141 GENTIUM
1108 111 1158 141 AD
1178 111 1366 141 ROMANOS.

1710 110 1763 140 810

132 167 211 203 οῑμαι
226 167 297 202 ἀμφὶ
313 165 361 198 τὰς
376 167 479 193 εἴκοσιν
493 163 563 192 εἶναι
576 165 706 200 χιὶιάδας.
716 175 725 191 ι
743 163 810 192 Εἶτα
825 166 927 200 ἀπαρι-

989 166 1065 192 'ando
1094 166 1222 197 maximo,
1238 172 1299 193 sese
1319 173 1352 192 ex
1376 164 1459 193 animi
1473 165 1514 193 sui
1532 165 1665 193 sententia
1696 167 1766 193 houa

135 213 308 249 θμησάμενοι
324 213 349 239 οῑ
363 211 494 247 πρέσϐεις
507 211 572 246 ἔθνη
587 212 712 246 κατήκοα
737 211 880 246 Τούρκων,
895 211 926 237 τὸ

134 259 228 287 λοιπὸν
243 259 399 294 ἠντιϐόλουν
411 258 602 293 αὐτοκράτορα
618 258 732 292 εἰρήνην
751 266 781 283 τε
795 257 925 289 ξυνεστά-

136 315 179 333 ναι
206 306 254 333 καὶ
280 305 435 341 ὁμαιχμίαν
460 305 609 339 Ῥωμαίοις
641 313 670 330 τε
702 304 751 331 καὶ
779 304 923 339 Τούρκοις.

982 210 1034 237 ﬁde
1051 210 1107 237 haac
1131 211 1222 238 omuia
1241 210 1332 238 dicere
1346 214 1374 238 et
1395 210 1554 244 promittere
1573 211 1766 245 altirmaruut;

980 258 1007 284 ni
1021 264 1052 284 ea
1069 264 1131 284 vera
1153 260 1253 289 essent,
1277 260 1323 283 aut
1338 256 1360 283 si
1376 256 1494 284 scientes
1520 256 1656 289 fallerent,
1679 263 1768 291 neque

980 309 1011 330 et
1036 302 1223 332 observarent,
1249 301 1300 328 sibi
1327 301 1392 335 ipsis
1407 306 1434 329 et
1452 302 1503 335 ipsi
1519 301 1645 329 Disabnlo
1665 302 1768 336 totique

137 351 338 387 Προσετίθεσαν
365 351 404 382 δὲ,
420 350 458 383 ὡς
485 351 532 377 καὶ
545 351 710 385 ἑτοιμότατοι
729 350 821 385 ἔχουσι
838 358 923 376 κατα-

989 348 1053 383 genti
1079 348 1152 375 diras
1179 351 1242 375 sunt
1257 347 1410 381 imprecati.
1425 348 1465 374 Ad
1479 346 1551 375 huuc'
1563 348 1673 375 modum
1701 356 1768 382 gens

136 397 294 432 πολεμῆσαι
305 397 356 432 τῆς
375 396 521 432 Ῥωμαίων
535 396 715 431 ἐπικρατείας
737 396 768 422 τὸ
781 396 925 431 δυσμενὲς,

989 395 1095 422 l‘urcica
1108 394 1238 422 Romanis
1251 394 1339 421 amica
1351 398 1393 421 est
1409 394 1492 422 facta.

136 443 236 470 ὁπόσον
250 443 279 474 ὲς
293 443 343 478 τὴν
367 447 427 469 κατ’
441 442 540 474 αὐτοὺς
557 442 580 458 ¹⁶
597 441 776 476 ἀγελάξονται
798 442 923 477 ἤπειρον.
949 441 1013 467 Ἐπὶ
1029 439 1135 472 τούτοις
1162 441 1221 475 ἄμα
1235 440 1274 475 τῷ
1285 440 1359 474 λέξαι
1373 440 1414 468 τὼ
1446 442 1521 477 χεῖρε
1535 441 1603 476 ὑψοῦ
1624 442 1769 474 ἀνατείνας

135 492 149 517 ὁ
164 490 276 526 Μανιὰχ
303 490 330 517 οῖ
343 498 373 517 τε
385 490 469 523 ²⁷ξὺν
492 489 568 524 αὐτῷ
586 490 661 525 ὅρκῳ
674 489 862 516 ἐπιστώσαντο
896 489 1028 525 μεγίστῳ.
1062 486 1080 524 ἦ
1113 488 1167 524 μὴν
1177 488 1363 524 ὀρθογνώμονι
1387 488 1491 525 διανοίᾳ
1516 489 1603 516 ταῦτα
1631 489 1768 525 εἰρῆσθαι.

136 536 210 572 Πρός
224 544 255 570 γε
289 536 337 563 καὶ
362 537 492 571 κατέχεον
516 536 586 570 ἀρὰς
611 537 705 571 σφίσιν
730 537 834 569 αὐτοῖς,
854 536 896 563 ἔτι
930 544 962 570 γε
984 536 1038 571 μὴν
1066 536 1114 563 κα)⁸
1142 536 1181 570 τῷ
1203 535 1369 571 Διζαεούλῳ,
1392 536 1461 562 ἀλλὰ
1486 536 1541 571 γὰρ
1567 536 1614 563 καὶ
1635 536 1716 564 παντὶ
1730 536 1769 570 τῷ

137 583 219 616 ἒονει,
234 584 261 610 ετ
278 592 310 618 γε
322 583 382 619 οὐχὶ
396 584 431 610 τὰ
444 583 641 618 ἐπηγγελμένα
664 583 754 618 ἀληθῆ
775 592 805 610 τε
822 583 865 618 εῐη
880 583 928 610 καὶ
947 583 1083 619 πρακτέα.
1115 582 1196 610 οὕτω
1214 583 1263 617 μὲν
1275 581 1322 610 οὖν
1337 583 1368 609 τὺ
1398 583 1481 618 φῦλον
1503 584 1528 610 οἱ
1551 583 1669 618 Τοῦρκοι
1697 583 1770 619 φίλοι

137 631 261 665 ἐγένοντο
281 630 444 666 Ῥωμαίοις,
461 631 510 657 καὶ
536 631 571 666 τῇ
595 630 656 656 καθ’
672 631 746 665 ἡμᾶς
759 630 820 666 οὐχ).
840 631 927 662 ἄλλως
946 631 1096 666 ὲφοίτησαν
1111 631 1246 667 πολιτείᾳ.

171 678 208 713 η’.
221 679 283 705 Ὀτι
304 678 502 714 διαθρυλληοὲν
530 678 600 704 κατὰ
618 677 668 713 τὴν
692 677 840 713 Τουρκίαν,
870 678 927 704 ὅσοι

1016 679 1043 706 8.
1066 679 1108 714 (Α.
1122 678 1154 706 C.
1180 678 1231 706 569
1244 678 1302 706 Ind.
1319 678 1338 705 2
1357 677 1454 706 Iustini
1468 679 1508 714 5.)
1524 677 1671 714 Postquam
1700 679 1772 707 fama

136 725 282 760 ἀγχίθυροι
307 723 389 761 ἦσαν,
416 725 453 757 ὠς
480 725 625 759 Ῥωμαίων
651 725 832 760 ὲνδημοῦσι¹⁶
860 724 930 759 πρέ-

989 725 1015 752 Ml
1033 725 1163 752 ﬁnitimas
1175 725 1281 752 Turciaa
1308 731 1401 760 gentes
1416 730 1588 759 pervenerat,
1599 723 1704 760 legatos
1720 726 1773 753 Ro-

137 772 225 804 cr6zt:,
243 772 291 797 καὶ
303 771 341 803 ὡς
356 772 519 807 πορεύονται
532 771 581 807 τὴν
597 772 645 798 ἐπὶ
657 771 687 798 τὺ
701 770 851 804 Βυζάντιον
869 770 928 805 ἅμα

989 777 1124 797 manorum
1152 771 1306 802 advenisse,
1332 777 1433 805 eosque
1448 778 1500 797 una
1532 778 1594 798 cum
1622 770 1772 798 Turcorum

136 817 271 852 πρεσὸείᾳ
299 817 440 852 Τούρκων,
461 818 475 844 ό
494 818 548 844 τῶν
570 818 662 853 ἐκείνῃ
672 817 695 833 ²⁹
710 817 796 844 ἐθνῶν
818 816 931 853 ἡγεμὼν

137 862 257 898 ἐδήλωσε
269 863 309 898 τῷ
325 862 482 898 Διζαόούλῳ
497 863 544 896 ξὺν
559 864 672 900 ἱκετείᾳ,
687 863 724 895 ὡς
740 863 774 890 ἂν
789 864 836 890 καὶ
852 862 932 894 αὐτὸς

136 908 169 936 ὲκ
192 908 240 935 τοῦ
264 909 398 944 σφετέρου
422 910 499 941 τινὰς
518 910 679 936 ἁποστείλαι
700 910 793 942 ἔθνους
807 909 854 936 ἐπὶ
868 909 933 935 θέαν

135 954 186 989 τῆς
208 954 367 989 Ῥωμαῖκῆς
385 955 534 987 πολιτείας.
555 956 610 982 Καὶ
630 956 721 983 τοίνυν
739 957 752 982 ὁ
772 954 934 988 Διζάσουλος

136 999 228 1034 ἐφίετο
239 1000 270 1026 '°.
288 1001 343 1027 Καὶ
365 1000 454 1036 ἕτεροι
466 1001 487 1017 ³²
506 1001 534 1028 δὲ
553 1002 727 1038 προεστῶτες
745 1002 830 1029 ἐθνῶν
847 1002 934 1028 ταῦτα

137 1046 270 1081 ἐζήτουν·
292 1047 306 1072 ὁ
322 1046 351 1072 δὲ
376 1047 465 1073 οὐδενὶ
492 1046 666 1083 ξυνεχώρησε
694 1047 749 1074 τῶν
779 1047 933 1082 πάντων,ἢ

140 1090 220 1125 μόνον
232 1090 271 1125 τῷ
286 1091 341 1117 τῶν
357 1091 483 1118 Χλιατῶν
499 1092 625 1127 ἡγεμόνι.
643 1092 699 1119 Καὶ
719 1092 766 1119 οὒν
778 1092 826 1119 καὶ
839 1092 935 1118 τοῦτον

138 1136 340 1171 παρειληφότες
351 1138 374 1162 οἱ
396 1137 526 1172 Ῥωμαίοι
552 1139 594 1165 διὰ
615 1138 663 1164 τοῦ
679 1139 828 1173 λεγομένου
847 1146 933 1164 ποτα-

141 1182 194 1216 μοῦ
222 1182 287 1217 Ὦὴχ
299 1202 307 1215 ,
324 1183 371 1209 καὶ
388 1184 510 1218 ἀτραπὸν
536 1184 711 1215 διανύσαντες
734 1184 862 1218 οὐδαμῶς
879 1183 935 1209 ὀλί-

140 1236 203 1263 γην,
221 1228 346 1262 ἐγένοντο
362 1229 432 1255 κατὰ
445 1230 477 1264 δὴ
489 1230 537 1265 τὴν
550 1230 648 1264 λίμνην
663 1231 712 1265 τὴν
727 1230 843 1257 ἄπλετον
863 1229 936 1255 ὲκεί-

143 1281 193 1308 νην
219 1274 267 1300 καὶ
292 1274 401 1309 εὐρεῖαν
414 1275 446 1300 ³².
471 1275 604 1301 Ἐνταῦοα
623 1276 636 1301 ὁ
652 1275 799 1310 Ζήμαρχος
810 1275 832 1290 ³³
846 1274 936 1300 ἐνδια-

142 1319 241 1356 τρίψας
255 1320 362 1355 ἡμέρας
377 1322 463 1356 τρεῖς,
476 1321 580 1347 στέλλει
595 1322 744 1358 Γεώργιον,
759 1321 788 1352 ὃς
800 1321 891 1347 ἀνεῖτο
908 1321 936 1351 ἐς

143 1366 193 1402 τὴν
204 1366 258 1392 τῶν
270 1367 482 1402 ὲπιτομωτέρων
508 1367 650 1394 συλλαϐῶν
668 1359 850 1401 ἀπαγγελίαν,
870 1374 937 1401 προ-

144 1412 300 1448 δηλὼσοντα
314 1413 353 1448 τῷ
378 1412 484 1448 βασιλεῖ
497 1413 545 1448 τὴν
561 1413 637 1448 σφῶν
652 1413 742 1440 αὐτῶν
757 1413 790 1439 ὲκ
803 1411 937 1448 Τούρκων

984 816 1080 852 legatis
1097 815 1258 851 Byzantium
1271 815 1370 848 redire,
1382 816 1441 850 ejus
1456 816 1574 850 regionis
1589 817 1642 844 dux
1659 816 1773 844 DiSabu-

984 863 1039 890 lu.n
1060 862 1140 898 109
1157 862 1267 897 supplex
1288 863 1391 893 oravit,
1418 867 1450 889 ut
1471 862 1624 897 reipublica:
1644 862 1774 890 Romana:

983 909 1104 937 visenda:
1118 909 1204 943 gratia
1225 910 1275 937 sibi
1291 917 1399 945 quoque
1425 909 1527 945 legatos
1545 904 1652 938 mittere
1667 910 1773 938 liceret.

984 953 1060 987 Quod
1077 952 1222 981 Disabulus
1254 961 1307 981 ncn
1332 955 1477 985 recusavit.
1502 954 1555 982 Sed
1576 962 1637 982 cum
1660 956 1773 982 aliarqu

984 1006 1092 1035 quoque
1110 1000 1228 1034 gentium
1260 999 1343 1027 duces
1370 1001 1439 1037 idem
1469 1005 1602 1035 peterent,
1623 1001 1690 1028 nulli
1717 1002 1773 1033 alii.

985 1053 1066 1080 quam
1098 1046 1148 1072 soli
1171 1045 1316 1073 Chliatium
1331 1046 1403 1077 duci.
1425 1047 1570 1084 concessit.
1594 1047 1686 1082 Itaque
1704 1049 1775 1075 hunc

985 1091 1067 1118 etiam
1084 1090 1210 1118 Romani
1230 1097 1410 1124 assumentes.
1429 1093 1542 1127 trajecto
1567 1093 1679 1121 ﬂumine
1695 1093 1773 1126 Olch,

987 1135 1060 1163 haud
1073 1137 1153 1163 breve
1167 1137 1217 1164 viae
1234 1137 1349 1171 spatium
1362 1138 1476 1170 emensi,
1491 1138 1523 1165 ad
1541 1138 1613 1165 illam
1638 1139 1775 1175 ingentem

986 1185 1014 1208 ct
1033 1181 1113 1208 latam
1127 1181 1250 1216 paludem
1264 1187 1456 1216 pervenerunt.
1471 1182 1520 1210 llic
1536 1183 1700 1211 Zemarchus
1719 1188 1775 1211 tres

986 1225 1046 1253 dies
1058 1230 1252 1258 commoratus,
1265 1226 1348 1252 mittit
1360 1225 1516 1261 Georgium,
1539 1227 1582 1254 cui
1600 1223 1700 1254 munus
1714 1229 1776 1255 hreT-

987 1270 1078 1298 viores
1095 1270 1224 1305 epistolas
1245 1271 1399 1306 perferendi
1414 1272 1532 1299 delatqu
1556 1277 1626 1306 erat,
1643 1278 1672 1300 ut
1689 1273 1776 1308 impe-

987 1317 1071 1344 ratori
1099 1316 1248 1352 legatorum
1283 1325 1299 1344 a
1325 1316 1422 1345 Turcis
1459 1319 1574 1346 reditum
1599 1319 1776 1354 signiﬁcaret.

987 1362 1119 1397 Georgius
1149 1363 1231 1397 igitur
1259 1370 1320 1390 cum
1348 1363 1489 1391 duodecim
1519 1363 1617 1392 Turcis
1639 1365 1776 1393 desertam

989 1408 1097 1444 quidem
1111 1412 1139 1436 et
1158 1409 1327 1443 inaquosam,
1344 1410 1391 1437 sed
1407 1409 1560 1437 breviorem
1577 1410 1648 1437 viam
1664 1410 1778 1446 Byzan-

143 1459 286 1487 ἐπάνοδον.
309 1459 366 1486 Καὶ
390 1457 438 1486 οὖν
461 1459 475 1485 ὁ
496 1459 633 1495 Γεώργιος
649 1459 707 1494 ἅμα
723 1459 855 1494 Τούρκοις
870 1457 936 1484 δέκα

990 1455 1055 1483 tium
1070 1462 1165 1483 versus
1191 1456 1329 1490 ingressus
1355 1460 1408 1483 est.
1438 1455 1602 1483 Zemarehus
1627 1460 1717 1484 autem
1730 1463 1779 1491 per

145 1505 214 1540 πρὸς
228 1506 285 1536 τοῖς
299 1504 347 1531 δύο
368 1504 510 1540 ἁπήρξατο
528 1505 576 1538 τῆς
592 1505 639 1531 ἐπὶ
658 1504 688 1531 τὸ
700 1504 848 1537 Βυζάντιον
862 1504 935 1536 ὁδοῦ,

146 1549 261 1585 ἀνύδρου
278 1558 308 1575 τε
325 1549 398 1585 μάλα
418 1549 502 1584 οὔσης
519 1549 567 1576 καὶ
588 1549 676 1585 πάντη
693 1549 809 1585 ἐρήμου,
823 1549 897 1584 ὅμως
913 1548 936 1574 δ’

144 1593 192 1622 οὖν
207 1595 425 1631 ὲπιτομωτέρας.
449 1595 478 1622 '0
494 1595 523 1622 δὲ
541 1595 687 1630 Ζήμαρχος
702 1594 773 1622 κατὰ
790 1595 823 1630 δὴ
837 1595 868 1620 τὸ
882 1594 936 1629 ψαη

147 1642 272 1677 μιθῶδες
293 1643 343 1676 τῆς
369 1641 468 1677 λίμνης
491 1641 649 1677 παροδεύων
678 1642 724 1668 ἐπὶ
740 1641 847 1677 ἡμέρας
871 1641 939 1668 δέκα

147 1689 194 1714 καὶ
212 1688 269 1719 δύο,
284 1687 436 1720 δυσϐάτους
455 1688 485 1715 τέ
507 1692 584 1719 ’τινας
604 1687 710 1723 χώρους
724 1687 939 1723 παραμειψάμε-

147 1743 202 1767 νος,
220 1734 329 1768 ἐγένετο
353 1735 426 1761 κατὰ
451 1734 486 1761 τὰ
512 1735 606 1770 ῥεῖθρα
627 1733 675 1760 τοῦ
692 1734 743 1768 Ἲχ,
756 1734 786 1760 οὐ
803 1734 856 1769 μὴν
869 1733 938 1760 ἀλλὰ

148 1782 197 1808 καὶ
211 1782 281 1808 κατὰ
298 1782 343 1808 τὸν
364 1782 430 1817 Δαῖχ
439 1783 473 1815 ³⁵,
493 1782 539 1808 καὶ
567 1780 641 1808 sta"
656 1780 758 1817 λιμνῶν
774 1780 875 1816 ἑτέρων
888 1778 938 1806 αὖ·

149 1827 191 1859 θις
214 1827 242 1858 ἐς
269 1827 473 1860 τὸνγΑττιλαν·
501 1827 583 1854 πάλιν
600 1827 637 1859 ὼς
662 1827 893 1862 Οὐγούρους³⁶,οἳ
906 1826 939 1862 δὴ

150 1872 198 1899 καί
220 1880 311 1906 σφισιν
332 1872 517 1907 ἀπήγγειλαν,
533 1873 570 1903 ὡς
589 1873 628 1903 είς
644 1873 680 1899 τὰ
693 1872 758 1907 περὶ
772 1873 817 1898 τὸν
835 1872 938 1906 Κωφῆ-

150 1928 183 1945 να
199 1918 322 1953 ποταμὸν
338 1919 366 1949 ὲς
386 1919 422 1944 τὰ
434 1918 517 1945 λάσια
542 1919 675 1953 τέσσαρες
692 1918 810 1952 χιλιάδες
827 1917 940 1951 Περσῶν

152 1964 314 1999 ὲπιτηροῦσι
356 1964 604 2000 προλελοχισμένοι,
630 1964 667 1995 ὡς
694 1964 727 1990 ἂν
755 1962 941 1998 χειρώσωνται

152 2011 302 2045 παριόντας
312 2011 335 2028 ³⁷
361 2011 471 2042 αὐτούς.
488 2010 582 2046 Ταύτῃ
603 2009 700 2036 me"
718 2008 772 2035 τῶν
793 2007 941 2043 Οὺγοὺρων

150 2057 319 2091 ἡγούμενος,
343 2057 372 2088 ὃς
399 2057 528 2088 διέσωζεν
546 2057 634 2083 ἐκεῖσε
649 2055 697 2083 τοῦ
723 2054 887 2087 Διζαεούλου
910 2055 941 2081 τὸ

151 2103 262 2138 κράτος,
281 2103 429 2139 πληρώσας
453 2103 551 2134 ὓδατος
575 2103 677 2133 ἀσκοὺς
707 2101 860 2136 παρέσχετο
883 2102 940 2132 τοῖς

151 2131 216 2184 περὶ
233 2131 390 2185 έίιμαρχον,
465 2149 497 2176 ἂν
514 2131 602 2184 ἔχοιεν
617 2131 679 2175 ὅθεν
699 2131 871 2182 ὑδρεύσοιντο
894 2131 940 2173 διὰ
954 2131 980 2161 D

151 2196 201 2230 τῆς
219 2196 333 2231 ἀνύδρου
352 2196 447 2227 ἰόντες.
465 2192 551 2230 Εὗρον
562 2195 590 2222 δὲ
606 2195 654 2221 καὶ
669 2193 776 2229 λίμνην,
796 2193 844 2219 καὶ
869 2201 939 2227 παρ-

153 2241 337 2276 αμειψάμενοι
352 2242 381 2268 si:
398 2242 470 2276 μέγα
481 2242 561 2268 τοῦτο
576 2240 751 2276 ὑδροστάσιον
767 2240 896 2274 ἀφίκοντο
911 2240 937 2271 ἔς

154 2287 259 2319 ὲκείνας
272 2288 322 2319 τὰς
335 2288 445 2323 λίμνας,
461 2289 489 2315 ὲν
505 2285 548 2319 αἷς
561 2287 776 2322 ἐπιμιγνύμενος
790 2286 939 2313 ἀπόλλυται

153 2334 168 2360 ὸ
182 2334 286 2369 Κωφὴν
309 2334 440 2371 ποταμός.
470 2334 516 2366 Ἐξ
532 2334 636 2360 ἐκείνου
655 2333 687 2369 δὴ
702 2333 749 2360 τοῦ
765 2333 853 2368 χώρου
867 2332 939 2367 πέμ-

156 2388 237 2407 πουσι
265 2381 412 2417 διοπτῆρας
439 2379 733 2417 προδιασκεψομένους,
749 2380 806 2412 εἴγε
822 2378 859 2409 ὡς
874 2377 941 2412 ἀληο

988 1508 1103 1529 arenosa
1129 1501 1234 1536 paludis
1260 1502 1312 1528 iter
1339 1501 1442 1529 faciens
1458 1509 1505 1537 per
1537 1503 1680 1531 duodecim
1707 1503 1777 1536 dies,

987 1550 1046 1577 loca
1061 1554 1197 1584 praerupta
1224 1555 1442 1584 praetergressus,
1462 1549 1551 1582 attigit
1566 1549 1639 1583 ripas
1659 1556 1711 1576 non
1734 1556 1778 1576 so-

988 1596 1042 1624 lum
1059 1596 1178 1623 ﬂuminis
1192 1596 1283 1628 Ilichi,
1301 1596 1349 1623 sed
1362 1596 1444 1623 etiam
1455 1594 1561 1627 Daichi,
1574 1600 1602 1622 et
1619 1602 1717 1623 rursus
1729 1603 1778 1630 per

990 1643 1057 1670 alias
1070 1642 1184 1677 paludes
1201 1642 1234 1669 ad
1252 1641 1363 1669 Attilam
1382 1641 1516 1676 pervenit,
1532 1641 1594 1668 inde
1606 1641 1639 1668 ad
1662 1641 1778 1676 Uguros,

989 1688 1034 1722 qui
1060 1687 1197 1715 Romanos
1224 1692 1397 1718 monuerunt,
1423 1686 1450 1713 in
1475 1686 1567 1714 densis
1590 1690 1617 1714 et
1637 1686 1780 1713 arboribus

991 1734 1102 1762 consitis
1123 1733 1190 1761 l0cis
1212 1733 1285 1761 circa
1301 1733 1455 1768 Cophenem
1469 1733 1570 1760 ﬂumen
1585 1733 1670 1760 latere
1698 1732 1724 1759 in
1739 1732 1780 1760 in-

990 1780 1067 1808 sidiis
1085 1779 1214 1807 collocata
1237 1780 1383 1807 Persarum
1401 1783 1518 1814 quatuor
1533 1777 1627 1811 millia,
1645 1777 1689 1812 qui
1711 1784 1780 1811 pra:-

992 1830 1129 1853 tereuutes
1152 1833 1200 1852 eos
1224 1825 1346 1858 captivos
1374 1824 1507 1852 facerent.
1528 1824 1683 1859 Ugurorum
1714 1824 1780 1855 dux,

992 1872 1037 1906 qui
1053 1871 1108 1898 illic
1122 1878 1155 1897 ex
1171 1871 1333 1897 auctoritate
1350 1870 1468 1897 Disabuli
1487 1870 1629 1905 imperium
1653 1870 1780 1901 habebat,

993 1921 1068 1942 utres
1093 1922 1162 1948 aqua
1181 1915 1302 1948 implevit
1332 1919 1359 1941 et
1376 1915 1489 1948 przebuit
1507 1914 1657 1941 Zemarcho
1671 1920 1698 1940 et
1723 1914 1782 1948 ejus

992 1961 1148 1992 comitibus,
1162 1963 1200 1992 ut,
1216 1968 1276 1987 cum
1295 1967 1343 1994 per
1365 1960 1471 1987 deserta
1485 1961 1568 1992 irent,
1587 1961 1716 1987 haberent
1730 1968 1781 1987 uu-

994 2008 1027 2035 de
1042 2012 1219 2042 aquarentur.
1230 2006 1395 2033 Invenerunt
1411 2010 1437 2032 et
1450 2005 1587 2040 paludem,
1603 2010 1629 2033 et
1653 2013 1780 2041 magnum

994 2053 1058 2080 illud
1080 2056 1204 2087 stagnum
1228 2050 1413 2086 praetergressi
1433 2070 1440 2083 ,
1472 2055 1654 2085 pervenerunt
1678 2051 1711 2078 ad
1737 2058 1783 2078 eas

994 2098 1116 2133 paludes,
1145 2097 1172 2124 in
1203 2103 1271 2131 quas
1302 2096 1436 2123 immistus
1468 2095 1578 2131 Cophen
1607 2096 1696 2123 anmis
1722 2103 1783 2123 sese

994 2144 1117 2172 eﬂ‘undit.
1146 2143 1185 2170 Ex
1201 2150 1234 2171 eo
1260 2142 1321 2170 loco
1339 2143 1450 2170 mittunt
1474 2143 1518 2178 qui
1532 2142 1718 2177 explorarent,
1747 2151 1781 2170 an

996 2198 1089 2218 verum
1117 2194 1199 2223 esset,
1216 2189 1313 2217 Persas
1329 2189 1355 2216 in
1373 2188 1477 2216 insidiis
1501 2196 1571 2217 esse.
1584 2189 1616 2216 Ili
1635 2189 1730 2217 iisdem
1743 2193 1783 2216 to-

997 2241 1052 2263 tam
1077 2235 1215 2270 regionem
1237 2235 1400 2270 perscrutati
1428 2236 1627 2269 renuntiarunt,
1654 2243 1683 2263 se
1701 2236 1784 2263 nemi-

997 2290 1057 2310 nent
1076 2281 1185 2308 vidisse.
1202 2280 1292 2308 Nihilo
1309 2281 1398 2308 secius
1422 2280 1449 2307 in
1468 2281 1591 2309 Alaniam
1607 2289 1704 2316 utagua
1722 2289 1782 2309 cum

997 2328 1176 2362 trepldatione
1194 2348 1202 2361 ,
1231 2322 1374 2364 prepterea
1395 2328 1466 2362 quod
1494 2329 1650 2357 metuebant
1676 2333 1783 2364 gentem

998 2374 1237 2407 Oromoschorum,
1253 2379 1440 2409 properarunt.

155 2427 210 2458 θῶς
232 2428 256 2453 ol
284 2428 386 2462 Πέρσαι
425 2426 623 2462 ἐνεδρεύουσιν·
640 2426 665 2451 οἳ
683 2424 715 2460 δὴ
741 2423 948 2458 ἁνιχνεύσαντες
967 2420 1137 2456 ἀπήγγειλαν
1161 2419 1263 2454 μηδένα
1292 2420 1364 2447 ἰδεῖν.
1386 2420 1479 2454 Ὅμως
1494 2420 1541 2451 ξὺν
1565 2420 1686 2456 μεγίστῳ
1710 2420 1785 2456 φόϐῳ

155 2473 285 2508 ἀφίκοντο
297 2474 325 2505 ἐς
342 2472 476 2504 Ἀλανίαν,
491 2471 562 2498 κατὰ
573 2471 603 2497 τὸ
617 2470 716 2506 μᾶλλον
727 2469 841 2500 δεδιότες
853 2469 884 2494 τδ
901 2468 983 2503 φῦλον
1001 2466 1056 2493 τῶν
1077 2465 1260 2501 Ὀρομοσχῶν.

192 2525 226 2551 θ’.
245 2525 307 2551 Ὅτι
321 2526 462 2560 γενόμενοι
475 2525 504 2550 ἐν
526 2523 634 2559 Ἀλανίᾳ
660 2523 735 2558 παρὰ
750 2522 885 2556 Σαρώδιον
900 2521 946 2547 τὸν

158 2570 270 2598 ἐκείνων
286 2572 420 2606 ἡγεμόνα,
437 2571 485 2598 καὶ
500 2570 558 2605 ἅμα
576 2571 631 2602 τοῖς
647 2569 792 2604 ἑπομένοις
813 2567 944 2603 Τούρκοις

1035 2520 1061 2548 9.
1085 2518 1152 2546 Cum
1166 2519 1193 2545 in
1218 2518 1340 2545 Alaniam
1365 2515 1561 2550 pervenissent,
1581 2517 1608 2540 et
1628 2512 1785 2546 Sarodtum,

999 2567 1146 2594 Alanorum
1168 2565 1278 2598 ducent,
1303 2571 1357 2591 una
1376 2571 1437 2591 cum
1463 2561 1559 2589 Turcis
1579 2561 1653 2588 adire
1675 2559 1784 2593 vellent,

654 2682 657 2684 _
798 2646 916 2675 VARIIE
934 2645 1138 2674 LECTIO‘NES.

195 2714 217 2730 "
233 2713 318 2745 αὐτὰς
330 2713 405 2748 vulg.
443 2713 466 2728 "
481 2721 510 2738 τε
527 2711 573 2744 Ν.,
589 2721 621 2746 γε
637 2711 710 2748 vulg.
771 2709 917 2748 ἐνδημοῦσι
929 2707 974 2748 ῌη
987 2707 1119 2748 ὲνδῄμους
1129 2707 1204 2742 vulg.
1219 2707 1248 2748 ,ξ’
1262 2705 1355 2747 ἐκείνῃ
1366 2704 1413 2748 μ,
1425 2703 1533 2748 εκείνης
1548 2703 1620 2748 vulg.
1641 2700 1787 2748 ,ξυιέῖίετο

158 2751 205 2782 Ν.,
231 2750 341 2783 ἐφίκετο
358 2750 431 2783 vulg.

159 2781 228 2824 tau.
250 2781 470 2824 Volga_(E_tliel)_._
481 2781 577 2824 Koma,
592 2782 676 2824 ﬂuvii.

471 2748 491 2763 ³¹
505 2743 607 2782 ἑτέροις
623 2743 711 2782 vulg;
735 2745 877 2782 ³¹εὺροίαν
902 2743 976 2782 vulg.

660 2777 723 2809 ἰΪΝ.
763 2781 785 2796 ³⁵
800 2777 844 2806 διὰ
862 2777 1025 2814 λιμνῶννΗ..
1040 2778 1179 2812 διὰλιμνον
1192 2778 1264 2814 vulg.

1027 2736 1193 2770 '5'Jaiartes'
1218 2736 1355 2772 ﬂuvius,"
1366 2739 1440 2767 lacus
1473 2736 1545 2765 Aral.
1570 2736 1604 2765 N.’
1641 2738 1662 2753 ’δ
1681 2736 1786 2768 Jemha,

1319 2774 1536 2809 ³⁶Οὑτιγούρους
1558 2777 1586 2800 et
1615 2772 1683 2799 infra
1707 2773 1787 2798 Οὖτι-

160 2813 266 2856 γούρων
287 2813 359 2854 conj.
377 2818 409 2845 N.
445 2813 470 2834 ’³⁷
482 2818 629 2853 παριόντας
642 2816 766 2844 Cautocl.
781 2815 917 2851 παρόντας
931 2813 1002 2849 vulg.
1041 2813 1062 2829 ³⁸
1078 2814 1091 2839 ὁ
1106 2821 1161 2840 om.
1178 2813 1249 2847 vulg.

320 2869 456 2899 l'nuon.
477 2867 535 2898 Gn.
557 2865 662 2897 CXIII.

1573 2857 1612 2887 26
