4010 6210
465 207 566 271 '81]

1291 202 1683 265 EXCERPTA
1721 200 1824 259 EX
1862 195 2288 258 MENANDRU
2323 194 2821 256 PROTECTORE

3629 194 3729 261 812

474 323 739 379 Sarodius
764 323 981 392 quidem
1022 319 1375 375 Zemarcbum
1414 325 1471 371 et
1510 316 1603 386 qui
1646 329 1769 370 cum
1799 327 1868 369 eo
1898 321 2057 369 erant

2162 310 2481 380 satpot'rﬁﬁat
2514 308 2855 380 βουλόμενοι,
2886 307 2917 360 ό
2947 306 3219 376 Σαρὼδιος
3250 306 3341 360 τὸν
3374 307 3476 378 μὲν
3522 313 3741 384 Ζήμαρ.

475 416 703 483 benigne
733 426 787 468 et
821 414 1049 467 comiter
1077 410 1314 478 excepit,
1359 409 1453 462 sed
1497 406 1798 462 T‘urcorum
1847 405 2051 475 legatos

477 508 646 575 prius,
687 520 845 574 quam
899 516 1048 556 arma
1088 500 1485 571 deposuissent,
1533 498 1588 553 in
1624 513 1781 553 suum
1820 510 2052 565 conspe-

471 605 620 651 ctum
647 593 832 648 venire
854 591 1048 646 noluit.
1080 589 1319 644 Maximo
1346 586 1512 658 igitur
1539 587 1684 641 inter
1706 586 1854 654 ipsos
1893 596 2055 652 super

477 691 576 741 hac
604 699 663 740 re
692 696 815 739 orto
848 667 924 739 et'
945 682 1262 738 continuato
1294 695 1391 750 per
1428 688 1541 734 tres
1567 678 1684 731 dies
1726 675 2050 739 certamine,

474 777 847 831 dissidentium
887 776 1092 830 arbiter
1136 774 1238 828 l‘uit
1274 770 1627 827 Zemarcltus.
1668 768 1937 832 Tandem,
1962 780 2054 819 ar-

476 870 579 923 mis
611 866 891 937 depositis,
919 876 981 921 ut
1014 866 1242 920 Sarodio
1278 864 1583 935 placuerat,
1626 874 1750 914 eum
1786 858 2055 911 adierunt.

476 956 738 1011 Sarodius
783 966 965 1010 autem
1010 954 1219 1009 monuit
1249 952 1632 1015 Zemarchum,
1684 961 1750 1002 ne
1781 962 1878 1016 per
1918 945 2057 1000 Min-

476 1048 745 1103 dimianos
776 1049 879 1103 iter
929 1047 1155 1111 faceret,
1198 1052 1486 1114 pr0pterea
1523 1040 1665 1112 quod
1701 1038 1879 1094 Persae
1909 1038 2057 1092 circa

475 1139 732 1195 Snauiam
769 1142 823 1195 in
880 1138 1088 1194 insidiis
1134 1145 1317 1192 essent
1352 1154 1367 1190 :
1400 1133 1698 1190 consultius
1745 1129 1971 1194 faceret,
2012 1127 2057 1183 si

479 1249 576 1303 per
626 1234 878 1288 Darincnt
927 1232 1046 1286 iret.
1086 1228 1182 1284 His
1223 1229 1471 1299 cognitis,
1526 1224 1864 1280 Zemarcltus
1902 1220 2063 1290 llo

464 1336 578 1389 .per
596 1319 999 1374 Mindimianam
1026 1320 1210 1374 decem
1237 1332 1405 1385 equos
1429 1316 1595 1380 misit,
1613 1314 1791 1370 serico
1817 1324 2060 1378 onustos,

462 1413 572 1482 qui
597 1412 792 1467 Persas
811 1410 1084 1473 fallerent,
1100 1410 1253 1481 quasi
1268 1409 1502 1465 sericum
1528 1406 1867 1477 praemissum
1892 1411 2059 1468 esset,

479 1511 535 1555 ct
597 1500 700 1571 ipsi
756 1500 1031 1570 prmirent,
1094 1496 1235 1551 unde
1300 1496 1653 1564 conjicerent,
1707 1488 2061 1543 Zemarcbum

479 1593 721 1647 crastino
750 1590 838 1645 die
870 1598 1204 1645 secuturum.
1234 1584 1302 1639 Et
1326 1586 1379 1641 hi
1405 1584 1622 1655 quidem
1654 1579 1883 1651 profecti
1913 1588 2059 1635 sunt.

469 1683 813 1738 .Zemarcltus
854 1694 984 1735 vero
1028 1694 1126 1750 per
1172 1677 1430 1732 Darinem
1482 1676 1537 1730 in
1577 1673 1841 1744 Apsiliam
1888 1670 2059 1738 venit,
2088 1655 2136 1714 Β

482 1770 827 1825 Mindimiana
862 1769 929 1823 ad
978 1768 1166 1823 laevam
1200 1767 1387 1823 relicta
1416 1766 1543 1838 (hac
1579 1766 1724 1822 enim
1763 1773 1918 1837 parte
1973 1780 2065 1819 su-

483 1860 653 1931 spicio
684 1870 804 1916 erat
838 1860 1033 1915 Persas
1080 1858 1303 1912 insidias
1338 1863 1596 1925 struere),
1623 1863 1680 1910 et
1710 1854 2065 1924 Rogatorium

466 1954 734 2021 accessit,
770 1954 968 2009 deinde
1014 1952 1079 2006 ad
1120 1950 1350 2006 Pontum
1397 1949 1691 2014 Euxinum,
1731 1958 1786 2005 et
1835 1948 2065 2004 navibus

483 2061 611 2102 usus
660 2060 832 2116 usque
862 2046 927 2101 ad
963 2023 1328 2110 Phasin,ium
1361 2042 1755 2113 Trapezuntem
1796 2042 2066 2113 pervenit,

483 2137 626 2193 unde
668 2152 808 2213 equo
835 2137 1048 2208 publico
1088 2132 1405 2206 Byzantium
1445 2136 1512 2189 ad
1543 2135 1927 2205 imperatorem
1967 2134 2064 2189 de-

478 2230 649 2296 latus,
673 2230 747 2284 illi
783 2230 961 2284 omnia
986 2227 1245 2282 narravit.
1277 2226 1376 2281 Hic
1409 2226 1571 2298 igitur
1601 2225 1866 2298 profectio
1894 2234 1950 2281 et
1977 2239 2062 2281 re-

483 2321 627 2376 ditus
674 2318 953 2375 Zemarclti
988 2320 1147 2374 ﬁnem
1171 2319 1397 2388 accepit.

2154 416 2249 473 χον
2274 402 2368 455 καὶ
2382 402 2531 464 ’τοὺς
2569 401 2877 471 ἑπομένους
2928 398 3150 462 ἐδέξατο
3201 400 3475 467 ἀσμένως,
3510 405 3639 465 τοὺς
3686 404 3738 457 δὲ

2154 494 2221 564 δή
2250 492 2511 564 πρέσσεις
2548 492 2656 546 τῶν
2692 489 2800 545 Τού
2813 506 2959 562 ρκων
2990 489 3197 559 ἔφασκε
3243 491 3321 563 μή
3345 494 3614 564 πρότερον
3646 495 3743 563 τῆς

2155 585 2233 649 ὡς
2276 585 2440 639 αὐτὸν
2483 584 2688 638 εἰσόδου
2744 584 2950 652 τυχεῖν,
2986 581 3454 652 ῆκαταθεμένους
3482 586 3552 639 τὰ
3580 586 3743 640 ὅπλα.

2157 676 2453 747 Τοιγάρτοι
2506 677 2603 730 καὶ
2650 674 2855 746 ἀμιλλα
2898 675 3083 740 αὐτοῖς
3140 678 3364 744 ἐγένετο
3390 679 3521 749 περὶ
3551 678 3747 733 τούτου

2158 771 2253 825 ἐπὶ
2279 770 2494 841 ἡμέρας
2519 771 2691 840 τρεῖς,
2721 768 2818 821 καὶ
2848 768 3141 840 Ζήμαρχος
3168 765 3238 841 ἦν
3262 770 3370 824 τῶν
3408 771 3750 839 φιλονεικου-

2162 863 2341 931 μένων
2389 860 2695 932 διαιτητής.
2750 861 2917 926 Τέλος
2982 862 3315 931 ἀποθέμενοι
3372 864 3442 918 τά
3500 864 3652 918 ὅπλα
3697 865 3749 919 οἱ

2159 954 2417 1025 Τοῦρκοι,
2442 953 2517 1017 ὡς
2543 952 2805 1023 Σαρωδίῳ
2835 954 3033 1017 ἐδόκει,
3069 953 3145 1017 ὡς
3161 954 3327 1008 αὐτὸν
3355 955 3747 1025 ἑσεφοὶτησαν.

2174 1045 2236 1099 '0
2274 1045 2332 1099 δὲ
2362 1044 2428 1115 δὴ
2452 1044 2726 1117 Septimo;
2762 1045 3180 1117 παρενεγγύησε
3217 1047 3329 1109 τοῖς
3358 1048 3490 1116 περὶ
3519 1048 3755 1119 Ζήμαρ-

2160 1152 2257 1206 χον
2299 1135 2388 1189 διὰ
2431 1136 2531 1205 τῆς
2580 1136 2689 1189 τῶν
2739 1136 3183 1207 Μινδιμιανῶνυ
3234 1138 3484 1208 ἀτραποῦ
3541 1141 3756 1209 ἥκιστα

2166 1227 2323 1292 ἱέναι,
2348 1227 2424 1297 τῷ
2454 1226 2595 1281 κατά
2612 1228 2711 1298 τὴν
2731 1228 2993 1281 Σουανίαν
3018 1227 3145 1291 τοὺς
3168 1227 3384 1299 Πέρσας
3420 1229 3753 1300 ένεδρεύεινο

2164 1318 2387 1389 ἄμεινον
2416 1317 2474 1371 δὲ
2506 1314 2645 1371 εἶναι
2665 1318 2753 1373 διά
2781 1318 2881 1390 τῆς
2922 1318 3224 1389 λεγομένης
3274 1321 3539 1390 Δαρεινῆς
3572 1322 3755 1393 ἀτρα-

2165 1407 2268 1463 ποῦ
2299 1410 2440 1461 οἴκοι
2472 1408 2802 1479 ἀποχωρεῖν.
2839 1407 3027 1462 Ταῦτα
3056 1409 3180 1462 ἐπεὶ
3206 1409 3348 1479 ἔγνω
3372 1412 3402 1463 ό
3430 1411 3754 1482 Ζήμαρχος,

2163 1497 2251 1551 διά
2275 1500 2373 1569 τῆς
2390 1499 2760 1569 Μινδιμιανῆς
2783 1498 3020 1554 ἔστειλεν
3049 1499 3388 1569 ἀχθοφόρους
3414 1501 3548 1556 δέκα
3577 1501 3763 1573 μέτα-η

2165 1588 2263 1654 ξαν
2341 1589 2777 1661 ἐπιφερομένους
2799 1590 2866 1658 ιθ,
2943 1591 3332 1661 ἀπατήσοντας
3383 1591 3606 1662 Πέρσας
3673 1594 3756 1661 τῷ

2164 1679 2663 1750 προεκπεμφθῆναι
2708 1680 2809 1751 τὴν
2867 1679 3110 1751 μέταξαν
3152 1682 3250 1735 καὶ
3301 1684 3645 1753 προτερῆσαι
3682 1687 3752 1753 τῇ

2164 1770 2289 1841 ὁδῷ,
2320 1772 2385 1824 ὲκ
2412 1770 2605 1824 τούτου
2632 1788 2692 1824 τε
2727 1770 3073 1842 ὑποτοπῆσαι
3100 1771 3177 1835 ὡς
3199 1774 3257 1836 ἐς
3286 1773 3349 1827 τὸ
3372 1773 3566 1846 αὔριον
3599 1792 3754 1847 παρ-

2167 1862 2321 1916 έσται
2352 1861 2449 1915 καὶ
2511 1862 2824 1934 Ζήμαρχος.
2857 1862 2968 1917 Καὶ
3005 1864 3054 1916 οἱ
3086 1862 3186 1933 μὲν
3218 1863 3510 1935 ἀχθοφόροι
3539 1865 3753 1937 ᾤχοντο

2169 1954 2447 2017 ἀπιόντες,
2481 1955 2508 2007 ὁ
2539 1954 2828 2025 Ζήμαρχος
2859 1953 2916 2007 δὲ
2955 1953 3043 2007 διά
3084 1955 3186 2025 τῆς
3214 1956 3478 2027 Δαρεινῆς
3503 1956 3751 2027 παρεγέο

2168 2062 2293 2100 νετο
2326 2046 2385 2109 ἐς
2432 2044 2701 2114 Ἀψιλίαν,
2733 2047 2799 2117 τῇ
2837 2045 3169 2117 Μινδιμιανῇ
3215 2047 3429 2117 χαίρειν
3460 2048 3661 2115 εἰπὼν,
3692 2050 3749 2110 ἐς

2167 2136 2236 2194 τὰ
2259 2137 2516 2207 εὐώνυμα
2544 2154 2605 2191 τε
2634 2137 2804 2201 ἐάσας
2834 2137 3025 2210 αὐτὴν,
3120 2138 3358 2204 ἐπίδοξοι
3382 2135 3526 2211 ἦσαν
3547 2141 3751 2210 ἐπιθή-

2172 2226 2362 2280 σεσθαι
2387 2227 2439 2280 οἱ
2468 2227 2701 2298 Πέρσαι.
2729 2227 2842 2282 Καὶ
2869 2221 3006 2299 ἧκεν
3033 2228 3092 2290 ὲς
3128 2226 3190 2279 τὸ
3229 2227 3599 2297 Ῥογατόριον,
3628 2226 3749 2286 εἶτα

2172 2317 2314 2371 κατά
2337 2317 2404 2388 δὴ
2435 2316 2527 2370 τὸν
2579 2316 2833 2385 Εὔξεινον
2883 2318 3105 2385 Πόντον,
3129 2312 3249 2372 εἶτα
3265 2320 3308 2351 ⁸¹
3331 2321 3581 2392 ναυτιλίᾳ
3608 2338 3748 2393 χρη⁴

484 2415 717 2486 σάμενος
741 2415 790 2445 ⁸⁸
835 2415 893 2477 ἐς
917 2415 1088 2467 Φᾶσιν
1114 2414 1359 2485 ποταμόν
1378 2430 1393 2445 ο
1425 2412 1588 2467 πάλιν
1615 2413 1674 2475 ἐς
1725 2406 2140 2481 Τραπεζοῦντα.
2205 2410 2363 2465 Οὕτω
2390 2428 2452 2464 τε
2479 2412 2724 2484 δημοσίῳ
2791 2413 2944 2484 ἵππῳ
2971 2415 3029 2476 ἐς
3049 2412 3345 2482 Βυζάντιον
3408 2417 3563 2487 παρά
3593 2416 3746 2487 βασι-

482 2506 581 2563 λέα
622 2506 877 2562 εἰσελθὼν
926 2508 1136 2581 ἔφρασε
1168 2510 1231 2564 τὸ
1258 2511 1391 2566 πᾶν.
1433 2507 1711 2581 Ζημάρχῳ
1739 2506 1838 2577 μὲν
1883 2504 1976 2560 οὖν
2006 2506 2065 2562 ὲν
2098 2507 2327 2561 τοιοῖσδε
2383 2506 2574 2580 ἔληξεν
2601 2508 2637 2581 ἠ
2664 2508 2859 2581 πορεία
2874 2510 2971 2563 καὶ
2999 2510 3337 2584 ἀποπορείας
3388 2512 3437 2545 ⁸³
3459 2513 3555 2567 ἐπὶ
3574 2514 3744 2583 Toup-

482 2619 642 2750 “:3.
682 2695 754 2765 (c.
787 2697 856 2751 A.
881 2696 943 2752 ϐ.
976 2694 1081 2750 565
1110 2692 1227 2749 lnd.
1264 2693 1332 2749 1'5
1357 2691 1557 2748 Justini
1586 2694 1664 2763 1.)
1688 2694 1823 2750 Cum
1851 2696 2058 2751 Avsres

473 2795 539 2841 et
579 2782 774 2841 Franci
806 2785 1011 2840 l‘mdera
1052 2784 1279 2838 invicem
1309 2783 1639 2850 sanxissent,
1669 2792 1723 2839 et
1763 2800 1865 2854 pax
1902 2785 2057 2840 ﬁrma

2240 2688 2293 2746 t'.
2320 2689 2445 2743 Ὅτι
2482 2689 2726 2763 ’Δὸἀρων
2763 2692 2860 2748 καὶ
2887 2694 3154 2766 Φράγκων
3184 2698 3569 2767 σπεισαμένων
3604 2698 3744 2770 πρὸς

2164 2783 2449 2854 ἀλλήλους,
2490 2785 2587 2838 καὶ
2642 2785 2742 2857 τῆς
2797 2788 3021 2859 εἰρήνης
3069 2789 3434 2859 ἐμπεδὼτατα
3485 2793 3740 2865 ἐχούσης,

486 2878 625 2933 inter
656 2892 750 2932 eos
793 2887 959 2943 esset,
999 2874 1255 2945 Bajanus,
1306 2875 1543 2929 Avarum
1567 2876 1696 2941 dux,
1731 2875 2059 2945 signiﬁcavit

2162 2875 2438 2949 ἐσήμηνεν
2546 2879 2777 2942 Βαῖανὸς
2821 2878 3177 2952 Σιγισϐέρτῳ,
3230 2880 3309 2952 τῷ
3338 2882 3447 2937 τῶν
3473 2884 3741 2955 Φράγκωτ

485 2967 806 3039 Sigisberto,
847 2965 1178 3037 Francorum
1212 2966 1355 3033 duci,
1398 2980 1553 3021 suum
1583 2965 1879 3022 exercitum
1907 2981 2059 3023 com-

484 3073 694 3117 meatus
722 3060 905 3130 inopia
938 3059 1188 3117 laborare
1229 3077 1241 3114 :
1272 3058 1466 3115 decere
1499 3074 1645 3127 eum,
1675 3059 1766 3130 qui
1789 3074 1882 3117 rex
1917 3070 2059 3116 esset

479 3158 539 3206 et
569 3150 706 3205 inter
743 3164 890 3217 suos,
920 3149 1143 3204 minime
1181 3149 1450 3221 negligere
1483 3149 1778 3205 exercitum
1820 3149 1925 3204 sibi
1956 3148 2060 3205 fte-

484 3244 610 3297 dere
645 3242 1013 3310 coniunctum.
1047 3239 1403 3318 Promittebat
1430 3250 1634 3308 autem,
1674 3241 1718 3296 si
1759 3240 2055 3296 exercitum

480 3332 715 3386 Avarum
751 3331 1077 3387 necessariis
1119 3333 1283 3385 rebus
1322 3343 1643 3397 recreasset,
1667 3348 1726 3387 se
1770 3337 1933 3390 tertio
1973 3336 2059 3391 die

482 3435 667 3479 castra
697 3432 991 3487 moturum,
1023 3435 1196 3489 neque
1224 3421 1429 3476 diutius
1459 3422 1510 3475 in
1538 3423 1621 3475 his
1652 3423 1784 3477 locis
1817 3432 2057 3480 commo-

485 3522 753 3568 raturum.
780 3511 906 3566 Haec
944 3511 1034 3565 ubi
1066 3509 1368 3580 Sigisberto
1407 3520 1534 3566 sunt
1559 3514 1825 3579 nuntiata,
1874 3516 2056 3571 statim

476 3603 733 3667 farinam,
768 3600 1059 3669 legumina,
1092 3615 1220 3657 oves
1258 3610 1314 3658 et
1349 3601 1511 3657 boves
1548 3602 1615 3658 ad
1656 3603 1860 3660 Avares
1891 3605 2054 3660 misit.

556 3776 644 3830 11.
688 3775 773 3845 (A.
799 3775 859 3829 C.
889 3774 992 3830 566
1023 3772 1143 3829 Ind.
1179 3775 1245 3829 14
1277 3773 1473 3832 Justini
1509 3776 1590 3849 2.)
1616 3776 1893 3844 Alboinus,
1925 3779 2059 3835 Lon-

474 3866 839 3937 gobardorum
885 3881 999 3933 rex,
1040 3865 1133 3935 qui
1176 3866 1507 3933 inimicitias,
1540 3884 1679 3940 quas
1723 3885 1847 3925 cum
1893 3871 2061 3927 Cuni-

482 3955 703 4020 tnuudo,
739 3954 1061 4024 chidarum
1099 3971 1247 4026 rege,
1287 3960 1595 4025 exercebat,
1627 3960 1849 4016 minime
1891 3962 2055 4031 depo-

473 4048 663 4113 nebztt,
698 4047 789 4101 sed
834 4062 1157 4117 quacunque
1186 4048 1396 4105 ratione
1438 4048 1761 4129 Gepidarum
1796 4067 1925 4122 opes
1956 4053 2059 4109 sibi

480 4142 803 4194 evertendas
826 4138 1078 4194 ducebat.
1121 4137 1305 4209 Itaque
1346 4140 1549 4210 legatos
1570 4142 1635 4197 ad
1672 4141 1931 4211 Bajanum
1959 4145 2061 4199 nti-

2158 2968 2413 3039 ήγεμόνι,
2460 2963 2551 3023 οἷα
2591 2970 2735 3040 λιμῷ
2775 2970 3102 3042 πιεζομένης
3142 2972 3291 3044 αὐτῷ
3319 2975 3416 3045 τῆς
3456 2980 3737 3047 στρατιᾶς.

2159 3058 2257 3113 καὶ
2306 3058 2382 3122 ὡς
2429 3057 2607 3130 χρεὼν
2641 3060 2727 3129 εἴη
2768 3059 2994 3130 βασιλέα
3022 3061 3357 3127 καθεστῶτα,
3386 3064 3481 3117 καὶ
3508 3064 3653 3135 πρός
3677 3082 3738 3133 γε

2158 3146 2479 3218 αὐτόχθονα,
2511 3146 2587 3218 μὴ
2608 3147 2871 3219 περιιδεῖν
2902 3148 3217 3220 στράτευμα
3241 3151 3549 3207 ἐνσπονδον.
3571 3155 3743 3223 Ἔφασ-

2160 3253 2258 3291 σκε
2287 3238 2366 3305 δὲ,
2404 3238 2501 3305 ὡς,
2553 3239 2669 3307 εῐγε
2712 3238 3013 3311 ἐπιρρὠει
3042 3241 3150 3295 τῶν
3184 3243 3430 3313 ’Δσάρων
3464 3245 3527 3299 τὸ
3571 3247 3739 3315 στρά-

2158 3348 2336 3402 τευμα
2385 3333 2500 3396 τοῖς
2540 3332 2886 3399 ἀναγκαίοις,
2934 3333 2998 3387 οὐ
3033 3334 3196 3388 πλέον
3246 3336 3279 3406 ἢ
3318 3339 3470 3406 τρεῖς
3520 3338 3736 3408 ἡμέρας

2161 3423 2329 3476 αὐτοῦ
2390 3422 2743 3492 ἐνδιατρίψει,
2809 3420 2931 3478 εἶτα
3006 3425 3474 3499 ἀπαλλαγήσεται.
3546 3429 3732 3484 Ταῦτα

2157 3515 2346 3585 ἐπειδὴ
2375 3515 2693 3587 ἀπήγγελτο
2719 3515 2798 3587 τῷ
2834 3518 3191 3591 Σιγισϐέρτῳ,
3235 3520 3583 3593 παραχρῆμα
3607 3522 3635 3575 ὅ
3668 3539 3732 3591 γε

2157 3605 2365 3677 ἄλευρά
2399 3623 2461 3659 τε
2515 3606 2724 3674 ἔστειλε
2782 3611 2897 3673 τοῖς
2941 3609 3196 3682 ’Δὸάροις
3240 3613 3337 3667 καὶ
3384 3612 3592 3685 ὄσπρια
3634 3616 3733 3669 καὶ

2157 3698 2240 3762 όῖς
2268 3698 2361 3751 καὶ
2392 3697 2541 3768 βόας.

2231 3795 2321 3845 ια’.
2357 3790 2479 3843 Ὅτι
2516 3788 2789 3857 ’Δλϐούῖος
2820 3792 2849 3845 ό
2876 3792 2984 3846 τῶν
3019 3794 3408 3866 Λογγιδάρδων
3438 3795 3730 3866 μόναρχος,

2158 3883 2220 3937 οὐ
2273 3882 2385 3954 γὰρ
2442 3881 2593 3953 αὐτῷ
2665 3883 2941 3954 ἀπέληγεν
3000 3885 3036 3956 ἠ
3076 3886 3214 3956 πρὸς
3269 3885 3638 3957 Κονιμοῦνδον
3683 3884 3732 3917 ⁸⁸

2161 3974 2450 4045 ἀπέχθεια,
2482 3973 2599 4027 ἀλλ’
2631 3974 2697 4027 ἐκ
2741 3974 2945 4038 παντὸς
2992 3976 3196 4046 τρόπου
3229 3974 3370 4048 ᾤετο
3408 3976 3520 4030 δεῖν
3560 3993 3732 4031 κατα-

2161 4064 2497 4137 στρέψασθαι
2528 4065 2626 4136 τήν
2657 4065 2766 4118 τῶν
2801 4065 3093 4137 Γηπαῑδων
3142 4067 3523 4139 ἐπικράτειαν,
3561 4067 3732 4141 ταύτῃ

2160 4175 2245 4212 τοι
2275 4157 2537 4230 πρέσϐεις
2593 4157 2901 4228 ἐξέπεμψεν
2932 4159 3009 4222 ὡς
3050 4159 3141 4214 τὸν
3194 4160 3447 4228 Βαῖανὸν,
3483 4162 3541 4225 ἐς
3573 4164 3734 4231 ὁμαι-

482 4228 786 4298 sit,'quibus
802 4242 922 4282 eum
940 4228 1007 4281 ad
1020 4242 1290 4282 armorum
1309 4230 1624 4284 societatem
1642 4231 2046 4287 adhortabatur.

2162 4228 2693 4315 χμίανίπαρακαλῶν.
2720 4247 3187 4319 Παραγενομένων
3213 4249 3269 4302 δὲ
3292 4249 3399 4304 τῶν
3424 4228 3732 4322 πρέσϐεων,

476 4312 669 4391 Legati
702 4333 823 4374 cum
856 4317 1229 4383 advenissent,
1257 4319 1508 4388 precibus
1532 4335 1652 4374 cum
1684 4320 1886 4392 Bajano
1920 4338 2049 4395 age-

482 4413 630 4479 bant,
663 4428 730 4468 ne
759 4427 819 4468 se
846 4421 1234 4479 contemneret,
1268 4414 1361 4483 qui
1403 4415 1633 4471 nefanda
1664 4416 1843 4471 omnia
1873 4432 1904 4471 a
1939 4417 2047 4474 ϐε·

478 4504 619 4572 pidis
631 4504 774 4575 passi
793 4513 996 4570 essent,
1015 4505 1309 4572 prazserlim
1325 4520 1445 4560 cum
1464 4508 1624 4561 etiam
1642 4506 2048 4574 Romani,Ava-

480 4612 595 4649 rum
624 4597 767 4667 genti
790 4612 949 4665 quam
971 4596 1329 4663 infestissimi,
1346 4597 1578 4666 Gepidas
1593 4598 2046 4668 bellojuvassent.

477 4685 662 4753 Neque
707 4696 813 4739 tam
848 4686 899 4740 in
942 4684 1174 4756 Gepidas
1216 4684 1357 4743 beilo
1407 4687 1536 4745 ferri
1577 4690 1848 4758 dicebant,
1884 4707 2044 4762 quam

477 4785 663 4831 contra
698 4775 971 4831 Iustinum
1004 4793 1244 4848 pugnare
1275 4790 1556 4849 coperent,
1596 4797 1774 4853 regem
1807 4783 2043 4839 Avarum

469 4868 619 4937 genti
668 4868 1124 4935 inimicissimum,
1173 4870 1263 4939 qui
1295 4866 1498 4928 foedera
1544 4888 1665 4928 cum
1717 4873 2043 4943 Justiniauo,

475 4958 590 5026 ejus
624 4960 1030 5028 avunculo,jam
1066 4962 1271 5031 pridem
1311 4973 1577 5019 transacta
1616 4980 1712 5034 pro
1746 4967 1912 5021 nihilo
1947 4972 2044 5025 ba-

473 5054 606 5106 bens
629 5052 832 5106 Avares
860 5053 1132 5106 consuetis
1174 5055 1486 5110 muneribus
1520 5056 1774 5125 privaret.
1808 5058 2041 5127 Atljecit,

474 5143 519 5198 si
546 5160 668 5198 cum
703 5142 1072 5211 Longobardis
1094 5159 1151 5197 se
1193 5145 1600 5215 conjungerent,
1630 5149 1744 5204 fore
1768 5158 1824 5202 ut
1856 5149 2041 5204 invicti

2154 4335 2468 4407 ἡντιόόλουν
2514 4335 2590 4408 μὴ
2634 4338 2898 4408 περιιδεῖν
2957 4341 3097 4409 σφᾶς
3149 4340 3254 4396 ὑπὸ
3323 4342 3614 4414 Γηπαίδων
3658 4344 3737 4398 τὰ.

2156 4426 2430 4497 ἀνήκεστα
2466 4416 2839 4494 πεπονθότας,
2861 4429 3099 4500 μάλιστα
3151 4431 3248 4486 καὶ
3289 4431 3578 4503 Ῥωμαίων
3619 4435 3737 4489 τῶν

2155 4516 2295 4585 ἄγαν
2323 4515 2589 4587 ἐχθίστων
2631 4518 2882 4586 Ἀδάροις
2906 4520 3343 4592 συμμαχούντων
3374 4525 3487 4586 τοῖς
3515 4524 3735 4595 Γήπαι-

2157 4621 2262 4658 σιν.
2299 4604 2609 4659 Ἐδίδασκον
2632 4605 2711 4673 δὲ,
2740 4607 2816 4669 ὡς
2844 4608 2906 4661 οὐ
2953 4609 3098 4664 κατά
3135 4611 3388 4667 τοσοῦτον
3439 4613 3579 4684 πρὸς
3620 4614 3738 4684 Γήε-

2155 4694 2351 4758 παιδας
2381 4695 2473 4749 τὸν
2515 4696 2753 4767 πόλεμον
2785 4699 3157 4771 ἀναῤῥίψωσι,
3180 4703 3417 4760 καθόσον
3458 4704 3737 4779 Ἰουστίνῳ

2155 4788 2517 4858 μαχήσονται,
2575 4787 2787 4859 βασιλεῖ
2823 4788 2900 4861 τῷ
2931 4791 3040 4846 τῶν
3083 4792 3329 4864 Ἀὄάρων
3380 4796 3525 4850 ἔθνει
3566 4798 3625 4861 ές
3660 4799 3737 4853 τὰ

2155 4878 2391 4948 μάλιστα
2423 4879 2842 4951 δυσμενεστάτῳ
2870 4898 2934 4950 γε
2965 4883 3097 4949 ὄντι,
3129 4884 3189 4948 ὃς
3211 4888 3611 4957 παρωσάμενος
3630 4889 3735 4952 τὰς

2163 4965 2547 5021 ἰουστινιανοῦ
2585 4966 2678 5021 τοῦ
2714 4967 3095 5040 μητραδέλφου
3131 4974 3366 5038 σπονδὰς
3394 4977 3533 5047 πρὸς
3565 4978 3735 5030 ’Λδάι

2154 5075 2279 5129 ρους
2304 5060 2368 5112 ἐκ
2397 5058 2591 5112 πολλοῦ
2621 5063 2996 5134 γεγενημένας
3022 5065 3130 5119 τῶν
3148 5067 3414 5121 εἰωθότων
3440 5070 3729 5141 ἐστέρησε.

2154 5149 2557 5220 Προσετίθεσαν
2592 5150 2670 5218 δὲ,
2702 5149 2799 5219 ὣς,
2828 5155 2883 5207 ετ
2912 5170 2975 5224 γε
3010 5155 3218 5209 ἔσοιντο
3242 5158 3358 5229 ἅμα
3404 5162 3729 5232 Λογγοὸάρ-

469 5240 672 5298 essent,
727 5241 803 5297 et,
832 5230 1050 5298 Gepidis
1093 5234 1487 5299 exterminatis,
1526 5234 1712 5289 ecrum
1748 5237 1940 5306 Opibus
1991 5246 2048 5291 et

2162 5240 2283 5307 iotc,
2310 5241 2731 5314 ἀκαταμάχητοι
2759 5246 3084 5315 γενήσονται
3115 5265 3252 5317 πως,
3284 5253 3379 5305 καὶ
3432 5251 3509 5315 ὡς
3556 5230 3731 5306 κατα-

1742 5386 1979 5447 VARle
2019 5392 2426 5455 LECTIONES.

565 5521 612 5592 ξ’
638 5520 932 5579 Miaimiani
973 5523 1235 5592 Agathine.
1270 5524 1337 5579 N.

473 5590 516 5621 “
541 5588 657 5645 εἶτα
696 5593 781 5649 del
836 5594 903 5651 Ν.

2519 5495 2551 5523 κ

980 5523 1409 5625 θβῗξέξέεὲλέἵῖη
1445 5508 2423 5625 ἶέἑπὶξθεφέξίνξὲςι,ἐτξέξῖήσοντες.
2451 5508 2551 5605 ποῖ
2588 5540 3054 5625 ἀτεοφεροιξένρυςν
3094 5546 3515 5625 Minimas
3568 5550 3717 5622 νυιε·

1062 5597 1409 5666 χρησάμενος
1452 5612 1560 5669 mg.
1600 5597 1664 5654 H.
1691 5597 2034 5672 χρησάμενοι
2071 5597 2220 5677 vulg.

2332 5610 2719 5681 ⁸³ἀποπορεία
2745 5610 2891 5687 conj.
2929 5616 2992 5674 Β.
3014 5610 3049 5615 ”
3091 5617 3138 5650 ⁸⁸
3170 5610 3538 5690 Κονίμοὼτόν
3566 5610 3712 5689 vulg.
