  <div class='ocr_page' id='page_1' title='image "/cluster/home/n/w/nwhite01/storage/ocr_20150623/113/hvd.32044073502270/410.png"; bbox 0 0 2003 3107; ppageno 0'>
   <div class='ocr_carea' id='block_1_1' title="bbox 180 154 235 187">
    <p class='ocr_par' dir='ltr' id='par_1_1' title="bbox 180 154 235 187">
     <span class='ocr_line' id='line_1_1' title="bbox 180 154 235 187; baseline 0 -1"><span class='ocrx_word' id='word_1_1' title='bbox 180 154 235 187; x_wconf 76' lang='grc'><strong>813</strong></span> 
     </span>
    </p>
   </div>
   <div class='ocr_carea' id='block_1_2' title="bbox 520 150 1344 183">
    <p class='ocr_par' dir='ltr' id='par_1_2' title="bbox 520 150 1344 183">
     <span class='ocr_line' id='line_1_2' title="bbox 520 150 1344 183; baseline 0 0"><span class='ocrx_word' id='word_1_2' title='bbox 520 153 568 183; x_wconf 89' lang='lat' dir='ltr'><strong>DE</strong></span> <span class='ocrx_word' id='word_1_3' title='bbox 588 151 870 183; x_wconf 80' lang='lat' dir='ltr'><strong>LEGATIONIBUS</strong></span> <span class='ocrx_word' id='word_1_4' title='bbox 889 150 1066 182; x_wconf 81' lang='lat' dir='ltr'><strong>GENI‘IUM</strong></span> <span class='ocrx_word' id='word_1_5' title='bbox 1085 152 1136 181; x_wconf 76' lang='lat' dir='ltr'><strong>AD</strong></span> <span class='ocrx_word' id='word_1_6' title='bbox 1154 152 1344 183; x_wconf 79' lang='lat' dir='ltr'><strong>ROMANOS.</strong></span> 
     </span>
    </p>
   </div>
   <div class='ocr_carea' id='block_1_3' title="bbox 1755 154 1809 187">
    <p class='ocr_par' dir='ltr' id='par_1_3' title="bbox 1755 154 1809 187">
     <span class='ocr_line' id='line_1_3' title="bbox 1755 154 1809 187; baseline 0 0"><span class='ocrx_word' id='word_1_7' title='bbox 1755 154 1809 187; x_wconf 70' lang='grc'><strong>814</strong></span> 
     </span>
    </p>
   </div>
   <div class='ocr_carea' id='block_1_4' title="bbox 184 206 978 246">
    <p class='ocr_par' dir='ltr' id='par_1_4' title="bbox 184 206 974 246">
     <span class='ocr_line' id='line_1_4' title="bbox 184 206 974 246; baseline -0.005 -9"><span class='ocrx_word' id='word_1_8' title='bbox 184 209 365 246; x_wconf 73' lang='grc' dir='ltr'><strong>στρεφόμενοι</strong></span> <span class='ocrx_word' id='word_1_9' title='bbox 383 208 523 244; x_wconf 63' lang='grc' dir='ltr'>ῐῖήπαιδας</span> <span class='ocrx_word' id='word_1_10' title='bbox 538 207 586 235; x_wconf 78' lang='grc' dir='ltr'>τοῦ</span> <span class='ocrx_word' id='word_1_11' title='bbox 602 216 632 234; x_wconf 78' lang='grc' dir='ltr'>τε</span> <span class='ocrx_word' id='word_1_12' title='bbox 648 206 764 234; x_wconf 83' lang='grc' dir='ltr'>πλούτου</span> <span class='ocrx_word' id='word_1_13' title='bbox 780 206 867 241; x_wconf 72' lang='grc' dir='ltr'>σφῶν,</span> <span class='ocrx_word' id='word_1_14' title='bbox 882 206 923 234; x_wconf 76' lang='grc' dir='ltr'>ἔτι</span> <span class='ocrx_word' id='word_1_15' title='bbox 942 215 974 241; x_wconf 87' lang='grc' dir='ltr'><strong>γε</strong></span> 
     </span>
    </p>
   </div>
   <div class='ocr_carea' id='block_1_5' title="bbox 1022 206 1811 246">
    <p class='ocr_par' dir='ltr' id='par_1_5' title="bbox 1026 207 1811 245">
     <span class='ocr_line' id='line_1_5' title="bbox 1026 207 1811 245; baseline 0.006 -11"><span class='ocrx_word' id='word_1_16' title='bbox 1026 207 1136 242; x_wconf 82' lang='lat' dir='ltr'><strong>regione</strong></span> <span class='ocrx_word' id='word_1_17' title='bbox 1149 208 1330 235; x_wconf 93' lang='lat' dir='ltr'><strong>communiter</strong></span> <span class='ocrx_word' id='word_1_18' title='bbox 1339 207 1501 242; x_wconf 83' lang='lat' dir='ltr'><strong>potirentur.</strong></span> <span class='ocrx_word' id='word_1_19' title='bbox 1513 207 1579 236; x_wconf 84' lang='lat' dir='ltr'><strong>Tum</strong></span> <span class='ocrx_word' id='word_1_20' title='bbox 1592 209 1695 245; x_wconf 86' lang='lat' dir='ltr'><strong>pacatis</strong></span> <span class='ocrx_word' id='word_1_21' title='bbox 1705 217 1732 237; x_wconf 89' lang='lat' dir='ltr'><strong>et</strong></span> <span class='ocrx_word' id='word_1_22' title='bbox 1742 218 1811 239; x_wconf 90' lang='lat' dir='ltr'><strong>con-</strong></span> 
     </span>
    </p>
   </div>
   <div class='ocr_carea' id='block_1_6' title="bbox 182 252 973 291">
    <p class='ocr_par' dir='ltr' id='par_1_6' title="bbox 182 252 973 291">
     <span class='ocr_line' id='line_1_6' title="bbox 182 252 973 291; baseline -0.003 -10"><span class='ocrx_word' id='word_1_23' title='bbox 182 255 236 291; x_wconf 77' lang='grc' dir='ltr'>μὴν</span> <span class='ocrx_word' id='word_1_24' title='bbox 254 254 304 282; x_wconf 74' lang='grc' dir='ltr'><strong>καὶ</strong></span> <span class='ocrx_word' id='word_1_25' title='bbox 324 253 376 288; x_wconf 76' lang='grc' dir='ltr'>τῆς</span> <span class='ocrx_word' id='word_1_26' title='bbox 396 253 510 281; x_wconf 70' lang='grc' dir='ltr'>ἐκείνων</span> <span class='ocrx_word' id='word_1_27' title='bbox 525 254 602 289; x_wconf 75' lang='grc' dir='ltr'>κοινῇ</span> <span class='ocrx_word' id='word_1_28' title='bbox 623 253 792 288; x_wconf 81' lang='grc' dir='ltr'><strong>κρατήσουσι</strong></span> <span class='ocrx_word' id='word_1_29' title='bbox 806 252 910 287; x_wconf 81' lang='grc' dir='ltr'>χώρας,</span> <span class='ocrx_word' id='word_1_30' title='bbox 924 252 973 279; x_wconf 75' lang='grc' dir='ltr'><strong>καὶ</strong></span> 
     </span>
    </p>
   </div>
   <div class='ocr_carea' id='block_1_7' title="bbox 180 297 972 334">
    <p class='ocr_par' dir='ltr' id='par_1_7' title="bbox 180 297 972 334">
     <span class='ocr_line' id='line_1_7' title="bbox 180 297 972 334; baseline -0.003 -9"><span class='ocrx_word' id='word_1_31' title='bbox 180 300 218 332; x_wconf 81' lang='grc' dir='ltr'><strong>ὡς</strong></span> <span class='ocrx_word' id='word_1_32' title='bbox 239 301 256 334; x_wconf 85' lang='grc' dir='ltr'><strong>ἠ</strong></span> <span class='ocrx_word' id='word_1_33' title='bbox 279 299 380 325; x_wconf 76' lang='grc' dir='ltr'>Σκυθία</span> <span class='ocrx_word' id='word_1_34' title='bbox 407 299 437 324; x_wconf 76' lang='grc' dir='ltr'><strong>τὸ</strong></span> <span class='ocrx_word' id='word_1_35' title='bbox 461 299 554 324; x_wconf 81' lang='grc' dir='ltr'>λοιπὸν</span> <span class='ocrx_word' id='word_1_36' title='bbox 568 299 661 330; x_wconf 80' lang='grc' dir='ltr'>αὐτοῖς</span> <span class='ocrx_word' id='word_1_37' title='bbox 684 297 880 334; x_wconf 71' lang='grc' dir='ltr'>εὐημεροῦσί⁵³</span> <span class='ocrx_word' id='word_1_38' title='bbox 895 305 927 331; x_wconf 75' lang='grc' dir='ltr'>γι</span> <span class='ocrx_word' id='word_1_39' title='bbox 943 297 972 328; x_wconf 66' lang='grc' dir='ltr'>ἃς</span> 
     </span>
    </p>
   </div>
   <div class='ocr_carea' id='block_1_8' title="bbox 181 341 970 378">
    <p class='ocr_par' dir='ltr' id='par_1_8' title="bbox 181 341 970 378">
     <span class='ocr_line' id='line_1_8' title="bbox 181 341 970 378; baseline -0.003 -8"><span class='ocrx_word' id='word_1_40' title='bbox 181 344 236 376; x_wconf 78' lang='grc' dir='ltr'>ἀεὶ,</span> <span class='ocrx_word' id='word_1_41' title='bbox 253 343 300 369; x_wconf 74' lang='grc' dir='ltr'><strong>καὶ</strong></span> <span class='ocrx_word' id='word_1_42' title='bbox 324 343 373 378; x_wconf 76' lang='grc' dir='ltr'>μὲν</span> <span class='ocrx_word' id='word_1_43' title='bbox 387 342 434 369; x_wconf 77' lang='grc' dir='ltr'>οὖν</span> <span class='ocrx_word' id='word_1_44' title='bbox 455 344 471 377; x_wconf 81' lang='grc' dir='ltr'>ἡ</span> <span class='ocrx_word' id='word_1_45' title='bbox 497 342 592 377; x_wconf 80' lang='grc' dir='ltr'><strong>Θρᾴκη</strong></span> <span class='ocrx_word' id='word_1_46' title='bbox 610 342 680 378; x_wconf 82' lang='grc' dir='ltr'>αὑτὴ</span> <span class='ocrx_word' id='word_1_47' title='bbox 698 341 775 369; x_wconf 65' lang='grc' dir='ltr'>ἔσται</span> <span class='ocrx_word' id='word_1_48' title='bbox 798 342 970 374; x_wconf 73' lang='grc' dir='ltr'>εὐιπίδατος,</span> 
     </span>
    </p>
   </div>
   <div class='ocr_carea' id='block_1_9' title="bbox 181 386 972 422">
    <p class='ocr_par' dir='ltr' id='par_1_9' title="bbox 181 386 972 422">
     <span class='ocr_line' id='line_1_9' title="bbox 181 386 972 422; baseline -0.005 -6"><span class='ocrx_word' id='word_1_49' title='bbox 181 389 229 416; x_wconf 81' lang='grc' dir='ltr'><strong>καὶ</strong></span> <span class='ocrx_word' id='word_1_50' title='bbox 245 388 338 420; x_wconf 84' lang='grc' dir='ltr'>ἁπλῶς</span> <span class='ocrx_word' id='word_1_51' title='bbox 358 388 404 420; x_wconf 76' lang='grc' dir='ltr'><strong>ξὺν</strong></span> <span class='ocrx_word' id='word_1_52' title='bbox 419 388 509 414; x_wconf 77' lang='grc' dir='ltr'><strong>οὐδενὶ</strong></span> <span class='ocrx_word' id='word_1_53' title='bbox 524 388 597 422; x_wconf 56' lang='grc' dir='ltr'><strong>¹αόνῳ</strong></span> <span class='ocrx_word' id='word_1_54' title='bbox 611 388 642 414; x_wconf 81' lang='grc' dir='ltr'><strong>ὲκ</strong></span> <span class='ocrx_word' id='word_1_55' title='bbox 666 388 796 421; x_wconf 80' lang='grc' dir='ltr'>γειτόνων</span> <span class='ocrx_word' id='word_1_56' title='bbox 813 386 972 422; x_wconf 77' lang='grc' dir='ltr'><strong>ὁρμώμενοι</strong></span> 
     </span>
    </p>
   </div>
   <div class='ocr_carea' id='block_1_10' title="bbox 180 433 970 470">
    <p class='ocr_par' dir='ltr' id='par_1_10' title="bbox 180 433 970 470">
     <span class='ocr_line' id='line_1_10' title="bbox 180 433 970 470; baseline -0.004 -8"><span class='ocrx_word' id='word_1_57' title='bbox 180 436 231 470; x_wconf 83' lang='grc' dir='ltr'>τὴν</span> <span class='ocrx_word' id='word_1_58' title='bbox 252 435 395 470; x_wconf 86' lang='grc' dir='ltr'>Ῥωμαίων</span> <span class='ocrx_word' id='word_1_59' title='bbox 408 434 659 469; x_wconf 82' lang='grc' dir='ltr'>καταδραμοῦνται,</span> <span class='ocrx_word' id='word_1_60' title='bbox 675 434 722 462; x_wconf 78' lang='grc' dir='ltr'><strong>καὶ</strong></span> <span class='ocrx_word' id='word_1_61' title='bbox 745 434 783 465; x_wconf 83' lang='grc' dir='ltr'><strong>ὡς</strong></span> <span class='ocrx_word' id='word_1_62' title='bbox 794 433 874 469; x_wconf 78' lang='grc' dir='ltr'>ἄχρις</span> <span class='ocrx_word' id='word_1_63' title='bbox 887 433 970 460; x_wconf 80' lang='grc' dir='ltr'>αὑτοῦ</span> 
     </span>
    </p>
   </div>
   <div class='ocr_carea' id='block_1_11' title="bbox 181 473 971 517">
    <p class='ocr_par' dir='ltr' id='par_1_11' title="bbox 181 473 971 517">
     <span class='ocr_line' id='line_1_11' title="bbox 181 473 971 517; baseline -0.003 -9"><span class='ocrx_word' id='word_1_64' title='bbox 181 491 214 516; x_wconf 87' lang='grc' dir='ltr'><strong>γε</strong></span> <span class='ocrx_word' id='word_1_65' title='bbox 233 482 265 517; x_wconf 80' lang='grc' dir='ltr'>δή</span> <span class='ocrx_word' id='word_1_66' title='bbox 280 491 332 508; x_wconf 88' lang='grc' dir='ltr'><strong>που</strong></span> <span class='ocrx_word' id='word_1_67' title='bbox 347 481 394 508; x_wconf 78' lang='grc' dir='ltr'>τοῦ</span> <span class='ocrx_word' id='word_1_68' title='bbox 412 481 560 512; x_wconf 77' lang='grc' dir='ltr'><strong>Βυζαντίου</strong></span> <span class='ocrx_word' id='word_1_69' title='bbox 587 481 730 508; x_wconf 81' lang='grc' dir='ltr'>ὲλάσουσιν</span> <span class='ocrx_word' id='word_1_70' title='bbox 739 480 772 509; x_wconf 73' lang='grc'><strong>⁵⁸.</strong></span> <span class='ocrx_word' id='word_1_71' title='bbox 789 473 926 516; x_wconf 75' lang='grc' dir='ltr'>Ἐφιισκον</span> <span class='ocrx_word' id='word_1_72' title='bbox 942 479 971 506; x_wconf 81' lang='grc' dir='ltr'><strong>δὲ</strong></span> 
     </span>
    </p>
   </div>
   <div class='ocr_carea' id='block_1_12' title="bbox 181 526 970 563">
    <p class='ocr_par' dir='ltr' id='par_1_12' title="bbox 181 526 970 563">
     <span class='ocr_line' id='line_1_12' title="bbox 181 526 970 563; baseline -0.004 -8"><span class='ocrx_word' id='word_1_73' title='bbox 181 529 206 555; x_wconf 77' lang='lat' dir='ltr'><strong>cl</strong></span> <span class='ocrx_word' id='word_1_74' title='bbox 232 529 286 555; x_wconf 82' lang='grc' dir='ltr'>τῶν</span> <span class='ocrx_word' id='word_1_75' title='bbox 316 528 541 562; x_wconf 61' lang='grc' dir='ltr'><strong>Λογγιὸάρδωνί⁷</strong></span> <span class='ocrx_word' id='word_1_76' title='bbox 570 527 711 563; x_wconf 75' lang='grc' dir='ltr'>πρέσὸιις,</span> <span class='ocrx_word' id='word_1_77' title='bbox 729 527 766 559; x_wconf 77' lang='grc' dir='ltr'>ὡς</span> <span class='ocrx_word' id='word_1_78' title='bbox 793 526 841 554; x_wconf 82' lang='grc' dir='ltr'><strong>καὶ</strong></span> <span class='ocrx_word' id='word_1_79' title='bbox 852 526 970 553; x_wconf 78' lang='grc' dir='ltr'><strong>συνοίσει</strong></span> 
     </span>
    </p>
   </div>
   <div class='ocr_carea' id='block_1_13' title="bbox 180 572 968 608">
    <p class='ocr_par' dir='ltr' id='par_1_13' title="bbox 180 572 968 608">
     <span class='ocr_line' id='line_1_13' title="bbox 180 572 968 608; baseline -0.001 -8"><span class='ocrx_word' id='word_1_80' title='bbox 180 576 237 605; x_wconf 78' lang='grc' dir='ltr'>τοῖς</span> <span class='ocrx_word' id='word_1_81' title='bbox 257 574 380 608; x_wconf 78' lang='grc' dir='ltr'>Ἀὂάροις</span> <span class='ocrx_word' id='word_1_82' title='bbox 400 574 448 608; x_wconf 84' lang='grc' dir='ltr'>τὴν</span> <span class='ocrx_word' id='word_1_83' title='bbox 464 573 531 608; x_wconf 79' lang='grc' dir='ltr'>πρὸς</span> <span class='ocrx_word' id='word_1_84' title='bbox 554 574 708 608; x_wconf 77' lang='grc' dir='ltr'><strong>Ῥωμαίους</strong></span> <span class='ocrx_word' id='word_1_85' title='bbox 722 573 899 601; x_wconf 76' lang='grc' dir='ltr'>ἀσπάσασθαι</span> <span class='ocrx_word' id='word_1_86' title='bbox 915 572 968 607; x_wconf 85' lang='grc' dir='ltr'><strong>μά-</strong></span> 
     </span>
    </p>
   </div>
   <div class='ocr_carea' id='block_1_14' title="bbox 1021 252 1811 289">
    <p class='ocr_par' dir='ltr' id='par_1_14' title="bbox 1021 252 1811 289">
     <span class='ocr_line' id='line_1_14' title="bbox 1021 252 1811 289; baseline 0.005 -9"><span class='ocrx_word' id='word_1_87' title='bbox 1021 253 1123 288; x_wconf 85' lang='lat' dir='ltr'><strong>junctis</strong></span> <span class='ocrx_word' id='word_1_88' title='bbox 1137 252 1213 287; x_wconf 74' lang='lat' dir='ltr'><strong>ipsis,</strong></span> <span class='ocrx_word' id='word_1_89' title='bbox 1225 253 1304 281; x_wconf 89' lang='lat' dir='ltr'><strong>facile</strong></span> <span class='ocrx_word' id='word_1_90' title='bbox 1315 252 1374 282; x_wconf 84' lang='lat' dir='ltr'><strong>fore</strong></span> <span class='ocrx_word' id='word_1_91' title='bbox 1385 253 1524 289; x_wconf 82' lang='lat' dir='ltr'><strong>Scythiam</strong></span> <span class='ocrx_word' id='word_1_92' title='bbox 1537 258 1564 282; x_wconf 89' lang='lat' dir='ltr'><strong>et</strong></span> <span class='ocrx_word' id='word_1_93' title='bbox 1573 254 1659 289; x_wconf 86' lang='lat' dir='ltr'><strong>ipsam</strong></span> <span class='ocrx_word' id='word_1_94' title='bbox 1668 254 1811 284; x_wconf 82' lang='lat' dir='ltr'><strong>Thraciam</strong></span> 
     </span>
    </p>
   </div>
   <div class='ocr_carea' id='block_1_15' title="bbox 1023 299 1812 334">
    <p class='ocr_par' dir='ltr' id='par_1_15' title="bbox 1023 299 1812 334">
     <span class='ocr_line' id='line_1_15' title="bbox 1023 299 1812 334; baseline 0.005 -8"><span class='ocrx_word' id='word_1_95' title='bbox 1023 306 1167 334; x_wconf 87' lang='lat' dir='ltr'><strong>occupare,</strong></span> <span class='ocrx_word' id='word_1_96' title='bbox 1187 305 1214 327; x_wconf 89' lang='lat' dir='ltr'><strong>et</strong></span> <span class='ocrx_word' id='word_1_97' title='bbox 1234 306 1267 327; x_wconf 83' lang='lat' dir='ltr'><strong>ex</strong></span> <span class='ocrx_word' id='word_1_98' title='bbox 1283 299 1379 327; x_wconf 86' lang='lat' dir='ltr'><strong>vicinis</strong></span> <span class='ocrx_word' id='word_1_99' title='bbox 1396 299 1462 327; x_wconf 86' lang='lat' dir='ltr'><strong>locis</strong></span> <span class='ocrx_word' id='word_1_100' title='bbox 1486 305 1626 329; x_wconf 72' lang='lat' dir='ltr'><strong>moventes</strong></span> <span class='ocrx_word' id='word_1_101' title='bbox 1641 302 1752 330; x_wconf 89' lang='lat' dir='ltr'><strong>minimo</strong></span> <span class='ocrx_word' id='word_1_102' title='bbox 1764 310 1812 330; x_wconf 91' lang='lat' dir='ltr'><strong>ne-</strong></span> 
     </span>
    </p>
   </div>
   <div class='ocr_carea' id='block_1_16' title="bbox 1023 345 1814 381">
    <p class='ocr_par' dir='ltr' id='par_1_16' title="bbox 1023 345 1814 381">
     <span class='ocr_line' id='line_1_16' title="bbox 1023 345 1814 381; baseline 0.004 -9"><span class='ocrx_word' id='word_1_103' title='bbox 1023 345 1096 379; x_wconf 86' lang='lat' dir='ltr'><strong>gotio</strong></span> <span class='ocrx_word' id='word_1_104' title='bbox 1130 345 1315 372; x_wconf 81' lang='lat' dir='ltr'><strong>liomnnorum</strong></span> <span class='ocrx_word' id='word_1_105' title='bbox 1343 346 1467 380; x_wconf 77' lang='lat' dir='ltr'><strong>regiones</strong></span> <span class='ocrx_word' id='word_1_106' title='bbox 1493 346 1576 374; x_wconf 88' lang='lat' dir='ltr'><strong>armis</strong></span> <span class='ocrx_word' id='word_1_107' title='bbox 1601 354 1762 381; x_wconf 81' lang='lat' dir='ltr'><strong>percurrere</strong></span> <span class='ocrx_word' id='word_1_108' title='bbox 1786 354 1814 375; x_wconf 88' lang='lat' dir='ltr'><strong>et</strong></span> 
     </span>
    </p>
   </div>
   <div class='ocr_carea' id='block_1_17' title="bbox 1023 389 1812 428">
    <p class='ocr_par' dir='ltr' id='par_1_17' title="bbox 1023 389 1812 428">
     <span class='ocr_line' id='line_1_17' title="bbox 1023 389 1812 428; baseline 0.006 -12"><span class='ocrx_word' id='word_1_109' title='bbox 1023 389 1181 425; x_wconf 74' lang='lat' dir='ltr'><strong>Byzantium</strong></span> <span class='ocrx_word' id='word_1_110' title='bbox 1195 398 1283 425; x_wconf 89' lang='lat' dir='ltr'><strong>usque</strong></span> <span class='ocrx_word' id='word_1_111' title='bbox 1301 390 1377 419; x_wconf 88' lang='lat' dir='ltr'><strong>ferri.</strong></span> <span class='ocrx_word' id='word_1_112' title='bbox 1391 390 1519 419; x_wconf 81' lang='lat' dir='ltr'><strong>Dixerunt</strong></span> <span class='ocrx_word' id='word_1_113' title='bbox 1534 399 1641 427; x_wconf 88' lang='lat' dir='ltr'><strong>quoque</strong></span> <span class='ocrx_word' id='word_1_114' title='bbox 1655 392 1812 428; x_wconf 75' lang='lat' dir='ltr'><strong>Lorigobar-</strong></span> 
     </span>
    </p>
   </div>
   <div class='ocr_carea' id='block_1_18' title="bbox 1022 436 1813 473">
    <p class='ocr_par' dir='ltr' id='par_1_18' title="bbox 1022 436 1813 473">
     <span class='ocr_line' id='line_1_18' title="bbox 1022 436 1813 473; baseline 0.005 -10"><span class='ocrx_word' id='word_1_115' title='bbox 1022 436 1116 463; x_wconf 90' lang='lat' dir='ltr'><strong>dorum</strong></span> <span class='ocrx_word' id='word_1_116' title='bbox 1143 437 1233 471; x_wconf 88' lang='lat' dir='ltr'><strong>legati,</strong></span> <span class='ocrx_word' id='word_1_117' title='bbox 1259 437 1336 472; x_wconf 93' lang='grc' dir='ltr'><strong>ιιι</strong></span> <span class='ocrx_word' id='word_1_118' title='bbox 1362 437 1498 465; x_wconf 77' lang='lat' dir='ltr'><strong>Avaribus</strong></span> <span class='ocrx_word' id='word_1_119' title='bbox 1523 439 1651 473; x_wconf 83' lang='lat' dir='ltr'><strong>expedire</strong></span> <span class='ocrx_word' id='word_1_120' title='bbox 1677 438 1813 467; x_wconf 75' lang='lat' dir='ltr'><strong>Romanos</strong></span> 
     </span>
    </p>
   </div>
   <div class='ocr_carea' id='block_1_19' title="bbox 1021 482 1811 520">
    <p class='ocr_par' dir='ltr' id='par_1_19' title="bbox 1021 482 1811 520">
     <span class='ocr_line' id='line_1_19' title="bbox 1021 482 1811 520; baseline 0.006 -12"><span class='ocrx_word' id='word_1_121' title='bbox 1021 482 1091 509; x_wconf 89' lang='lat' dir='ltr'><strong>uitro</strong></span> <span class='ocrx_word' id='word_1_122' title='bbox 1106 482 1177 510; x_wconf 88' lang='lat' dir='ltr'><strong>bello</strong></span> <span class='ocrx_word' id='word_1_123' title='bbox 1190 487 1282 517; x_wconf 88' lang='lat' dir='ltr'><strong>petere</strong></span> <span class='ocrx_word' id='word_1_124' title='bbox 1297 491 1305 510; x_wconf 88' lang='lat'><strong>:</strong></span> <span class='ocrx_word' id='word_1_125' title='bbox 1318 482 1435 517; x_wconf 82' lang='lat' dir='ltr'><strong>alioquin</strong></span> <span class='ocrx_word' id='word_1_126' title='bbox 1452 483 1524 511; x_wconf 89' lang='lat' dir='ltr'><strong>cnim</strong></span> <span class='ocrx_word' id='word_1_127' title='bbox 1541 484 1601 512; x_wconf 93' lang='lat' dir='ltr'><strong>illos</strong></span> <span class='ocrx_word' id='word_1_128' title='bbox 1615 491 1811 520; x_wconf 67' lang='lat' dir='ltr'><strong>prrcventuros,</strong></span> 
     </span>
    </p>
   </div>
   <div class='ocr_carea' id='block_1_20' title="bbox 1021 528 1813 567">
    <p class='ocr_par' dir='ltr' id='par_1_20' title="bbox 1021 528 1813 567">
     <span class='ocr_line' id='line_1_20' title="bbox 1021 528 1813 567; baseline 0.008 -13"><span class='ocrx_word' id='word_1_129' title='bbox 1021 532 1049 555; x_wconf 92' lang='lat' dir='ltr'><strong>et</strong></span> <span class='ocrx_word' id='word_1_130' title='bbox 1060 534 1168 562; x_wconf 90' lang='lat' dir='ltr'><strong>quoquo</strong></span> <span class='ocrx_word' id='word_1_131' title='bbox 1181 531 1314 556; x_wconf 89' lang='lat' dir='ltr'><strong>terrarum</strong></span> <span class='ocrx_word' id='word_1_132' title='bbox 1330 528 1433 556; x_wconf 78' lang='lat' dir='ltr'><strong>Avares</strong></span> <span class='ocrx_word' id='word_1_133' title='bbox 1452 529 1636 564; x_wconf 68' lang='lat' dir='ltr'><strong>constiterint,</strong></span> <span class='ocrx_word' id='word_1_134' title='bbox 1655 538 1702 559; x_wconf 89' lang='lat' dir='ltr'><strong>eos</strong></span> <span class='ocrx_word' id='word_1_135' title='bbox 1721 540 1813 567; x_wconf 77' lang='lat' dir='ltr'><strong>persc-</strong></span> 
     </span>
    </p>
   </div>
   <div class='ocr_carea' id='block_1_21' title="bbox 1021 573 1637 608">
    <p class='ocr_par' dir='ltr' id='par_1_21' title="bbox 1021 573 1637 608">
     <span class='ocr_line' id='line_1_21' title="bbox 1021 573 1637 608; baseline 0.005 -9"><span class='ocrx_word' id='word_1_136' title='bbox 1021 577 1132 600; x_wconf 84' lang='lat' dir='ltr'><strong>cutnros</strong></span> <span class='ocrx_word' id='word_1_137' title='bbox 1142 577 1172 600; x_wconf 92' lang='lat' dir='ltr'><strong>ct</strong></span> <span class='ocrx_word' id='word_1_138' title='bbox 1190 579 1353 608; x_wconf 86' lang='lat' dir='ltr'><strong>quacunque</strong></span> <span class='ocrx_word' id='word_1_139' title='bbox 1369 573 1476 601; x_wconf 80' lang='lat' dir='ltr'><strong>ratione</strong></span> <span class='ocrx_word' id='word_1_140' title='bbox 1490 574 1637 602; x_wconf 85' lang='lat' dir='ltr'><strong>deleturos.</strong></span> 
     </span>
    </p>
   </div>
   <div class='ocr_carea' id='block_1_22' title="bbox 180 620 1812 658">
    <p class='ocr_par' dir='ltr' id='par_1_22' title="bbox 180 620 1812 658">
     <span class='ocr_line' id='line_1_22' title="bbox 180 620 1812 658; baseline 0.002 -10"><span class='ocrx_word' id='word_1_141' title='bbox 180 622 276 657; x_wconf 79' lang='grc' dir='ltr'>χην·ἦ</span> <span class='ocrx_word' id='word_1_142' title='bbox 297 623 351 656; x_wconf 74' lang='grc' dir='ltr'><strong>γὰρ</strong></span> <span class='ocrx_word' id='word_1_143' title='bbox 365 622 398 648; x_wconf 84' lang='grc' dir='ltr'><strong>ἃν</strong></span> <span class='ocrx_word' id='word_1_144' title='bbox 410 623 510 649; x_wconf 79' lang='grc' dir='ltr'>ἐκεῖνοι</span> <span class='ocrx_word' id='word_1_145' title='bbox 526 624 738 658; x_wconf 87' lang='grc' dir='ltr'>προτερήσουσι,</span> <span class='ocrx_word' id='word_1_146' title='bbox 753 622 802 649; x_wconf 74' lang='grc' dir='ltr'><strong>καὶ</strong></span> <span class='ocrx_word' id='word_1_147' title='bbox 817 622 851 648; x_wconf 67' lang='lat' dir='ltr'><strong>ix</strong></span> <span class='ocrx_word' id='word_1_148' title='bbox 883 620 984 653; x_wconf 77' lang='grc' dir='ltr'>παντὸς</span> <span class='ocrx_word' id='word_1_149' title='bbox 1006 620 1109 655; x_wconf 78' lang='grc' dir='ltr'>τρόπου</span> <span class='ocrx_word' id='word_1_150' title='bbox 1146 620 1291 647; x_wconf 74' lang='grc' dir='ltr'><strong>καθελοῦσι</strong></span> <span class='ocrx_word' id='word_1_151' title='bbox 1311 621 1362 655; x_wconf 78' lang='grc' dir='ltr'><strong>τὴν</strong></span> <span class='ocrx_word' id='word_1_152' title='bbox 1382 621 1507 656; x_wconf 78' lang='grc' dir='ltr'>’Ᾱσάρων</span> <span class='ocrx_word' id='word_1_153' title='bbox 1531 621 1656 658; x_wconf 82' lang='grc' dir='ltr'>δύναμιν,</span> <span class='ocrx_word' id='word_1_154' title='bbox 1680 623 1748 651; x_wconf 82' lang='grc' dir='ltr'>ὅπου</span> <span class='ocrx_word' id='word_1_155' title='bbox 1767 626 1812 651; x_wconf 79' lang='grc' dir='ltr'><strong>καὶ</strong></span> 
     </span>
    </p>
   </div>
   <div class='ocr_carea' id='block_1_23' title="bbox 179 669 521 704">
    <p class='ocr_par' dir='ltr' id='par_1_23' title="bbox 179 669 521 704">
     <span class='ocr_line' id='line_1_23' title="bbox 179 669 521 704; baseline 0.003 -9"><span class='ocrx_word' id='word_1_156' title='bbox 179 670 230 704; x_wconf 82' lang='grc' dir='ltr'>γῆς</span> <span class='ocrx_word' id='word_1_157' title='bbox 244 670 422 703; x_wconf 75' lang='grc' dir='ltr'><strong>τυγχάνουσιν</strong></span> <span class='ocrx_word' id='word_1_158' title='bbox 435 669 521 700; x_wconf 70' lang='grc' dir='ltr'>ὄντες.</span> 
     </span>
    </p>
   </div>
   <div class='ocr_carea' id='block_1_24' title="bbox 213 715 970 752">
    <p class='ocr_par' dir='ltr' id='par_1_24' title="bbox 213 715 970 752">
     <span class='ocr_line' id='line_1_24' title="bbox 213 715 970 752; baseline 0 -9"><span class='ocrx_word' id='word_1_159' title='bbox 213 715 259 751; x_wconf 84' lang='grc' dir='ltr'><strong>ιβ’.</strong></span> <span class='ocrx_word' id='word_1_160' title='bbox 278 717 339 743; x_wconf 88' lang='grc' dir='ltr'><strong>Ὅτι</strong></span> <span class='ocrx_word' id='word_1_161' title='bbox 352 717 366 742; x_wconf 85' lang='grc'>6</span> <span class='ocrx_word' id='word_1_162' title='bbox 382 716 496 748; x_wconf 65' lang='lat' dir='ltr'><strong>Batavo;</strong></span> <span class='ocrx_word' id='word_1_163' title='bbox 523 717 586 748; x_wconf 79' lang='grc' dir='ltr'>τοὺς</span> <span class='ocrx_word' id='word_1_164' title='bbox 605 717 661 743; x_wconf 84' lang='grc' dir='ltr'><strong>τῶν</strong></span> <span class='ocrx_word' id='word_1_165' title='bbox 687 716 883 752; x_wconf 78' lang='grc' dir='ltr'>Δογγισὰρόων</span> <span class='ocrx_word' id='word_1_166' title='bbox 902 716 970 752; x_wconf 73' lang='grc' dir='ltr'><strong>πρε-</strong></span> 
     </span>
    </p>
   </div>
   <div class='ocr_carea' id='block_1_25' title="bbox 180 761 971 799">
    <p class='ocr_par' dir='ltr' id='par_1_25' title="bbox 180 761 971 799">
     <span class='ocr_line' id='line_1_25' title="bbox 180 761 971 799; baseline 0.004 -11"><span class='ocrx_word' id='word_1_167' title='bbox 180 762 254 793; x_wconf 75' lang='grc' dir='ltr'>σῦεις</span> <span class='ocrx_word' id='word_1_168' title='bbox 266 761 415 796; x_wconf 80' lang='grc' dir='ltr'>δεξάμενος</span> <span class='ocrx_word' id='word_1_169' title='bbox 431 762 519 788; x_wconf 65' lang='grc' dir='ltr'><strong>ἐδόκει</strong></span> <span class='ocrx_word' id='word_1_170' title='bbox 535 762 646 794; x_wconf 78' lang='grc' dir='ltr'><strong>τούτους</strong></span> <span class='ocrx_word' id='word_1_171' title='bbox 664 764 850 799; x_wconf 68' lang='grc' dir='ltr'>περιφρονεῖν,</span> <span class='ocrx_word' id='word_1_172' title='bbox 861 763 971 799; x_wconf 77' lang='grc' dir='ltr'>τῷβού-</span> 
     </span>
    </p>
   </div>
   <div class='ocr_carea' id='block_1_26' title="bbox 179 807 969 843">
    <p class='ocr_par' dir='ltr' id='par_1_26' title="bbox 179 807 969 843">
     <span class='ocr_line' id='line_1_26' title="bbox 179 807 969 843; baseline 0.005 -10"><span class='ocrx_word' id='word_1_173' title='bbox 179 807 273 834; x_wconf 76' lang='grc' dir='ltr'>λεσθαί</span> <span class='ocrx_word' id='word_1_174' title='bbox 283 816 314 840; x_wconf 80' lang='grc' dir='ltr'><strong>τε</strong></span> <span class='ocrx_word' id='word_1_175' title='bbox 326 808 407 840; x_wconf 75' lang='grc' dir='ltr'>αὐτὸς</span> <span class='ocrx_word' id='word_1_176' title='bbox 415 808 438 825; x_wconf 75' lang='grc'><strong>⁸³</strong></span> <span class='ocrx_word' id='word_1_177' title='bbox 449 808 667 843; x_wconf 72' lang='grc' dir='ltr'>κερδαλεώτερον</span> <span class='ocrx_word' id='word_1_178' title='bbox 679 808 774 836; x_wconf 74' lang='grc' dir='ltr'>θισοαι</span> <span class='ocrx_word' id='word_1_179' title='bbox 785 808 824 841; x_wconf 73' lang='grc' dir='ltr'><strong>ὡς</strong></span> <span class='ocrx_word' id='word_1_180' title='bbox 838 809 939 842; x_wconf 77' lang='grc' dir='ltr'>αὐτοὺς</span> <span class='ocrx_word' id='word_1_181' title='bbox 945 810 969 826; x_wconf 79' lang='grc'><strong>⁸⁸</strong></span> 
     </span>
    </p>
   </div>
   <div class='ocr_carea' id='block_1_27' title="bbox 178 854 969 890">
    <p class='ocr_par' dir='ltr' id='par_1_27' title="bbox 178 854 969 890">
     <span class='ocr_line' id='line_1_27' title="bbox 178 854 969 890; baseline 0.004 -11"><span class='ocrx_word' id='word_1_182' title='bbox 178 854 228 888; x_wconf 80' lang='grc' dir='ltr'>τὴν</span> <span class='ocrx_word' id='word_1_183' title='bbox 244 854 416 889; x_wconf 75' lang='grc' dir='ltr'><strong>συμμαχίαν,</strong></span> <span class='ocrx_word' id='word_1_184' title='bbox 433 854 480 881; x_wconf 74' lang='grc' dir='ltr'><strong>καὶ</strong></span> <span class='ocrx_word' id='word_1_185' title='bbox 498 854 536 889; x_wconf 83' lang='grc' dir='ltr'><strong>πῆ</strong></span> <span class='ocrx_word' id='word_1_186' title='bbox 555 854 606 889; x_wconf 81' lang='grc' dir='ltr'>μὲν</span> <span class='ocrx_word' id='word_1_187' title='bbox 625 854 656 881; x_wconf 82' lang='grc' dir='ltr'><strong>τὸ</strong></span> <span class='ocrx_word' id='word_1_188' title='bbox 671 854 712 890; x_wconf 80' lang='grc' dir='ltr'>μὴ</span> <span class='ocrx_word' id='word_1_189' title='bbox 727 854 871 889; x_wconf 73' lang='grc' dir='ltr'>δύνασθαι,</span> <span class='ocrx_word' id='word_1_190' title='bbox 888 856 928 890; x_wconf 80' lang='grc' dir='ltr'><strong>πῆ</strong></span> <span class='ocrx_word' id='word_1_191' title='bbox 940 855 969 882; x_wconf 77' lang='grc' dir='ltr'><strong>δὲ</strong></span> 
     </span>
    </p>
   </div>
   <div class='ocr_carea' id='block_1_28' title="bbox 178 899 970 935">
    <p class='ocr_par' dir='ltr' id='par_1_28' title="bbox 178 899 970 935">
     <span class='ocr_line' id='line_1_28' title="bbox 178 899 970 935; baseline 0.004 -10"><span class='ocrx_word' id='word_1_192' title='bbox 178 899 208 926; x_wconf 82' lang='grc' dir='ltr'>τὸ</span> <span class='ocrx_word' id='word_1_193' title='bbox 220 899 352 925; x_wconf 78' lang='grc' dir='ltr'>δύνασθαι</span> <span class='ocrx_word' id='word_1_194' title='bbox 386 900 436 934; x_wconf 84' lang='grc' dir='ltr'>μὲν</span> <span class='ocrx_word' id='word_1_195' title='bbox 456 900 614 935; x_wconf 76' lang='grc' dir='ltr'>προΐσχετο,</span> <span class='ocrx_word' id='word_1_196' title='bbox 630 900 668 935; x_wconf 81' lang='grc' dir='ltr'>μὴ</span> <span class='ocrx_word' id='word_1_197' title='bbox 689 900 831 935; x_wconf 78' lang='grc' dir='ltr'>βούλεσθαι</span> <span class='ocrx_word' id='word_1_198' title='bbox 846 901 886 928; x_wconf 71' lang='grc' dir='ltr'><strong>δέ.</strong></span> <span class='ocrx_word' id='word_1_199' title='bbox 902 901 970 928; x_wconf 85' lang='grc' dir='ltr'>Ξυν-</span> 
     </span>
    </p>
   </div>
   <div class='ocr_carea' id='block_1_29' title="bbox 177 944 969 982">
    <p class='ocr_par' dir='ltr' id='par_1_29' title="bbox 177 944 969 982">
     <span class='ocr_line' id='line_1_29' title="bbox 177 944 969 982; baseline 0.005 -12"><span class='ocrx_word' id='word_1_200' title='bbox 177 944 273 971; x_wconf 82' lang='grc' dir='ltr'>ελόντα</span> <span class='ocrx_word' id='word_1_201' title='bbox 284 944 312 971; x_wconf 68' lang='grc' dir='ltr'><strong>δὲ</strong></span> <span class='ocrx_word' id='word_1_202' title='bbox 322 946 420 976; x_wconf 72' lang='grc' dir='ltr'>εἰπεῖν,</span> <span class='ocrx_word' id='word_1_203' title='bbox 440 944 548 972; x_wconf 77' lang='grc' dir='ltr'>ᾶπαντα</span> <span class='ocrx_word' id='word_1_204' title='bbox 562 946 662 980; x_wconf 68' lang='grc' dir='ltr'>τρόπον</span> <span class='ocrx_word' id='word_1_205' title='bbox 675 946 785 982; x_wconf 81' lang='grc' dir='ltr'><strong>ἀπάτης</strong></span> <span class='ocrx_word' id='word_1_206' title='bbox 796 947 853 979; x_wconf 68' lang='grc' dir='ltr'>τοῖς</span> <span class='ocrx_word' id='word_1_207' title='bbox 871 946 969 982; x_wconf 68' lang='grc' dir='ltr'><strong>δεομέ-</strong></span> 
     </span>
    </p>
   </div>
   <div class='ocr_carea' id='block_1_30' title="bbox 177 991 969 1028">
    <p class='ocr_par' dir='ltr' id='par_1_30' title="bbox 177 991 969 1028">
     <span class='ocr_line' id='line_1_30' title="bbox 177 991 969 1028; baseline 0.005 -12"><span class='ocrx_word' id='word_1_208' title='bbox 177 999 234 1022; x_wconf 83' lang='grc' dir='ltr'>νοις</span> <span class='ocrx_word' id='word_1_209' title='bbox 249 991 482 1028; x_wconf 20' lang='grc' dir='ltr'>ἐπισείσαςνέδοξε</span> <span class='ocrx_word' id='word_1_210' title='bbox 497 992 546 1026; x_wconf 68' lang='grc' dir='ltr'>μὲν</span> <span class='ocrx_word' id='word_1_211' title='bbox 563 992 706 1019; x_wconf 74' lang='grc' dir='ltr'>πείθεσθαι</span> <span class='ocrx_word' id='word_1_212' title='bbox 717 993 805 1028; x_wconf 86' lang='grc' dir='ltr'>μόλις,</span> <span class='ocrx_word' id='word_1_213' title='bbox 816 993 868 1020; x_wconf 72' lang='grc' dir='ltr'><strong>οὐκ</strong></span> <span class='ocrx_word' id='word_1_214' title='bbox 881 993 969 1025; x_wconf 72' lang='grc' dir='ltr'>ἄλλως</span> 
     </span>
    </p>
   </div>
   <div class='ocr_carea' id='block_1_31' title="bbox 178 1027 969 1074">
    <p class='ocr_par' dir='ltr' id='par_1_31' title="bbox 178 1027 969 1074">
     <span class='ocr_line' id='line_1_31' title="bbox 178 1027 969 1074; baseline 0.005 -12"><span class='ocrx_word' id='word_1_215' title='bbox 178 1036 207 1062; x_wconf 74' lang='grc' dir='ltr'><strong>δὲ</strong></span> <span class='ocrx_word' id='word_1_216' title='bbox 223 1036 240 1071; x_wconf 78' lang='grc' dir='ltr'><strong>ἢ</strong></span> <span class='ocrx_word' id='word_1_217' title='bbox 256 1036 314 1062; x_wconf 78' lang='lat' dir='ltr'><strong>si.&quot;</strong></span> <span class='ocrx_word' id='word_1_218' title='bbox 329 1037 360 1063; x_wconf 78' lang='grc' dir='ltr'>τὸ</span> <span class='ocrx_word' id='word_1_219' title='bbox 375 1027 576 1072; x_wconf 80' lang='grc' dir='ltr'>δέκατημόριον</span> <span class='ocrx_word' id='word_1_220' title='bbox 604 1038 659 1065; x_wconf 87' lang='grc' dir='ltr'><strong>τῶν</strong></span> <span class='ocrx_word' id='word_1_221' title='bbox 687 1027 859 1074; x_wconf 75' lang='grc' dir='ltr'>τετραπόδων</span> <span class='ocrx_word' id='word_1_222' title='bbox 882 1038 969 1066; x_wconf 74' lang='grc' dir='ltr'><strong>ἁπάν-</strong></span> 
     </span>
    </p>
   </div>
   <div class='ocr_carea' id='block_1_32' title="bbox 180 1083 969 1120">
    <p class='ocr_par' dir='ltr' id='par_1_32' title="bbox 180 1083 969 1120">
     <span class='ocr_line' id='line_1_32' title="bbox 180 1083 969 1120; baseline 0.003 -11"><span class='ocrx_word' id='word_1_223' title='bbox 180 1091 246 1114; x_wconf 87' lang='grc' dir='ltr'>των,</span> <span class='ocrx_word' id='word_1_224' title='bbox 260 1083 311 1110; x_wconf 84' lang='grc' dir='ltr'>ὅσα</span> <span class='ocrx_word' id='word_1_225' title='bbox 323 1084 398 1119; x_wconf 79' lang='grc' dir='ltr'>παρὰ</span> <span class='ocrx_word' id='word_1_226' title='bbox 411 1083 608 1119; x_wconf 82' lang='grc' dir='ltr'>Λογγιῦἁρδοις</span> <span class='ocrx_word' id='word_1_227' title='bbox 625 1083 759 1119; x_wconf 77' lang='grc' dir='ltr'><strong>ὑπῆρχεν,</strong></span> <span class='ocrx_word' id='word_1_228' title='bbox 776 1084 874 1111; x_wconf 83' lang='grc' dir='ltr'>αὐτίκα</span> <span class='ocrx_word' id='word_1_229' title='bbox 889 1085 969 1120; x_wconf 81' lang='grc' dir='ltr'>κομί-</span> 
     </span>
    </p>
   </div>
   <div class='ocr_carea' id='block_1_33' title="bbox 182 1127 967 1164">
    <p class='ocr_par' dir='ltr' id='par_1_33' title="bbox 182 1127 967 1164">
     <span class='ocr_line' id='line_1_33' title="bbox 182 1127 967 1164; baseline 0.006 -12"><span class='ocrx_word' id='word_1_230' title='bbox 182 1135 286 1159; x_wconf 72' lang='grc' dir='ltr'>σαιντο,</span> <span class='ocrx_word' id='word_1_231' title='bbox 305 1128 352 1154; x_wconf 78' lang='grc' dir='ltr'><strong>καὶ</strong></span> <span class='ocrx_word' id='word_1_232' title='bbox 374 1127 422 1160; x_wconf 81' lang='grc' dir='ltr'><strong>ὡς,</strong></span> <span class='ocrx_word' id='word_1_233' title='bbox 448 1129 472 1153; x_wconf 81' lang='grc' dir='ltr'><strong>εί</strong></span> <span class='ocrx_word' id='word_1_234' title='bbox 493 1129 615 1162; x_wconf 80' lang='grc' dir='ltr'>γένοιντο</span> <span class='ocrx_word' id='word_1_235' title='bbox 640 1128 852 1164; x_wconf 74' lang='grc' dir='ltr'>καθυπέρτεροι,</span> <span class='ocrx_word' id='word_1_236' title='bbox 882 1129 967 1164; x_wconf 75' lang='grc' dir='ltr'>ἣμισυ</span> 
     </span>
    </p>
   </div>
   <div class='ocr_carea' id='block_1_34' title="bbox 181 1172 969 1210">
    <p class='ocr_par' dir='ltr' id='par_1_34' title="bbox 181 1172 969 1210">
     <span class='ocr_line' id='line_1_34' title="bbox 181 1172 969 1210; baseline 0.005 -12"><span class='ocrx_word' id='word_1_237' title='bbox 181 1172 232 1206; x_wconf 87' lang='grc' dir='ltr'>μὲν</span> <span class='ocrx_word' id='word_1_238' title='bbox 246 1173 297 1207; x_wconf 81' lang='grc' dir='ltr'>τῆς</span> <span class='ocrx_word' id='word_1_239' title='bbox 316 1173 389 1204; x_wconf 73' lang='grc' dir='ltr'>λείας</span> <span class='ocrx_word' id='word_1_240' title='bbox 410 1173 517 1206; x_wconf 71' lang='grc' dir='ltr'>ἕξουσιν</span> <span class='ocrx_word' id='word_1_241' title='bbox 539 1174 626 1207; x_wconf 69' lang='grc' dir='ltr'>αὐτοὶ,</span> <span class='ocrx_word' id='word_1_242' title='bbox 643 1174 692 1209; x_wconf 79' lang='grc' dir='ltr'>τὴν</span> <span class='ocrx_word' id='word_1_243' title='bbox 707 1174 737 1202; x_wconf 80' lang='grc' dir='ltr'>δι</span> <span class='ocrx_word' id='word_1_244' title='bbox 754 1173 809 1202; x_wconf 85' lang='grc' dir='ltr'><strong>τῶν</strong></span> <span class='ocrx_word' id='word_1_245' title='bbox 822 1174 969 1210; x_wconf 73' lang='grc' dir='ltr'>Γηπαίδων</span> 
     </span>
    </p>
   </div>
   <div class='ocr_carea' id='block_1_35' title="bbox 179 1217 968 1256">
    <p class='ocr_par' dir='ltr' id='par_1_35' title="bbox 179 1217 968 1256">
     <span class='ocr_line' id='line_1_35' title="bbox 179 1217 968 1256; baseline 0.004 -12"><span class='ocrx_word' id='word_1_246' title='bbox 179 1217 271 1253; x_wconf 86' lang='grc' dir='ltr'>χώραν</span> <span class='ocrx_word' id='word_1_247' title='bbox 286 1220 327 1250; x_wconf 76' lang='grc' dir='ltr'>εἰς</span> <span class='ocrx_word' id='word_1_248' title='bbox 343 1219 445 1247; x_wconf 71' lang='grc' dir='ltr'>τέλεον.</span> <span class='ocrx_word' id='word_1_249' title='bbox 464 1221 497 1247; x_wconf 75' lang='grc' dir='ltr'><strong>’Δ</strong></span> <span class='ocrx_word' id='word_1_250' title='bbox 514 1220 546 1255; x_wconf 86' lang='grc' dir='ltr'><strong>δὴ</strong></span> <span class='ocrx_word' id='word_1_251' title='bbox 569 1221 616 1246; x_wconf 79' lang='grc' dir='ltr'><strong>καὶ</strong></span> <span class='ocrx_word' id='word_1_252' title='bbox 632 1220 752 1255; x_wconf 71' lang='grc' dir='ltr'>ἐγένετο.</span> <span class='ocrx_word' id='word_1_253' title='bbox 769 1221 825 1247; x_wconf 79' lang='grc' dir='ltr'><strong>Καὶ</strong></span> <span class='ocrx_word' id='word_1_254' title='bbox 845 1221 968 1256; x_wconf 77' lang='grc' dir='ltr'>ὲχὼρουν</span> 
     </span>
    </p>
   </div>
   <div class='ocr_carea' id='block_1_36' title="bbox 180 1262 968 1300">
    <p class='ocr_par' dir='ltr' id='par_1_36' title="bbox 180 1262 968 1300">
     <span class='ocr_line' id='line_1_36' title="bbox 180 1262 968 1300; baseline 0.003 -12"><span class='ocrx_word' id='word_1_255' title='bbox 180 1263 299 1297; x_wconf 77' lang='grc' dir='ltr'>Γήπαισι</span> <span class='ocrx_word' id='word_1_256' title='bbox 314 1262 526 1298; x_wconf 74' lang='grc' dir='ltr'>πολεμήσοντες.</span> <span class='ocrx_word' id='word_1_257' title='bbox 549 1264 662 1300; x_wconf 79' lang='grc' dir='ltr'><strong>Ἐπειδὴ</strong></span> <span class='ocrx_word' id='word_1_258' title='bbox 678 1264 707 1291; x_wconf 71' lang='grc' dir='ltr'><strong>δὲ</strong></span> <span class='ocrx_word' id='word_1_259' title='bbox 725 1263 840 1291; x_wconf 73' lang='grc' dir='ltr'>ιπύθιτο</span> <span class='ocrx_word' id='word_1_260' title='bbox 848 1265 870 1282; x_wconf 83' lang='grc'><strong>¹¹</strong></span> <span class='ocrx_word' id='word_1_261' title='bbox 887 1265 968 1291; x_wconf 81' lang='grc' dir='ltr'>Κονι-</span> 
     </span>
    </p>
   </div>
   <div class='ocr_carea' id='block_1_37' title="bbox 181 1307 969 1343">
    <p class='ocr_par' dir='ltr' id='par_1_37' title="bbox 181 1307 969 1343">
     <span class='ocr_line' id='line_1_37' title="bbox 181 1307 969 1343; baseline 0.003 -10"><span class='ocrx_word' id='word_1_262' title='bbox 181 1307 305 1341; x_wconf 83' lang='grc' dir='ltr'>μοῦνδος,</span> <span class='ocrx_word' id='word_1_263' title='bbox 319 1308 427 1341; x_wconf 82' lang='grc' dir='ltr'>λέγεται</span> <span class='ocrx_word' id='word_1_264' title='bbox 440 1308 541 1340; x_wconf 80' lang='grc' dir='ltr'><strong>δείσας,</strong></span> <span class='ocrx_word' id='word_1_265' title='bbox 557 1309 595 1339; x_wconf 88' lang='grc' dir='ltr'>ὠς</span> <span class='ocrx_word' id='word_1_266' title='bbox 610 1308 657 1335; x_wconf 77' lang='grc' dir='ltr'><strong>καὶ</strong></span> <span class='ocrx_word' id='word_1_267' title='bbox 672 1307 750 1340; x_wconf 79' lang='grc' dir='ltr'>αὖθις</span> <span class='ocrx_word' id='word_1_268' title='bbox 763 1308 842 1343; x_wconf 85' lang='grc' dir='ltr'>παρὰ</span> <span class='ocrx_word' id='word_1_269' title='bbox 856 1308 969 1343; x_wconf 74' lang='grc' dir='ltr'>βασιλέα</span> 
     </span>
    </p>
   </div>
   <div class='ocr_carea' id='block_1_38' title="bbox 187 1352 967 1390">
    <p class='ocr_par' dir='ltr' id='par_1_38' title="bbox 187 1352 967 1390">
     <span class='ocr_line' id='line_1_38' title="bbox 187 1352 967 1390; baseline 0.004 -11"><span class='ocrx_word' id='word_1_270' title='bbox 187 1353 329 1381; x_wconf 77' lang='grc' dir='ltr'>Ἰουστῐνον</span> <span class='ocrx_word' id='word_1_271' title='bbox 346 1353 453 1389; x_wconf 71' lang='grc' dir='ltr'>επεμψε</span> <span class='ocrx_word' id='word_1_272' title='bbox 473 1354 614 1389; x_wconf 77' lang='grc' dir='ltr'>πρέσϐεις,</span> <span class='ocrx_word' id='word_1_273' title='bbox 628 1354 676 1382; x_wconf 80' lang='grc' dir='ltr'><strong>καὶ</strong></span> <span class='ocrx_word' id='word_1_274' title='bbox 699 1355 737 1387; x_wconf 81' lang='grc' dir='ltr'><strong>ὡς</strong></span> <span class='ocrx_word' id='word_1_275' title='bbox 751 1354 827 1382; x_wconf 77' lang='grc' dir='ltr'>οὐδὲν</span> <span class='ocrx_word' id='word_1_276' title='bbox 841 1352 932 1390; x_wconf 82' lang='grc' dir='ltr'>ἦττον,</span> <span class='ocrx_word' id='word_1_277' title='bbox 949 1355 967 1390; x_wconf 77' lang='grc' dir='ltr'><strong>ἢ</strong></span> 
     </span>
    </p>
   </div>
   <div class='ocr_carea' id='block_1_39' title="bbox 181 1399 966 1434">
    <p class='ocr_par' dir='ltr' id='par_1_39' title="bbox 181 1399 966 1434">
     <span class='ocr_line' id='line_1_39' title="bbox 181 1399 966 1434; baseline 0.003 -10"><span class='ocrx_word' id='word_1_278' title='bbox 181 1399 324 1434; x_wconf 72' lang='grc' dir='ltr'>πρότερον,</span> <span class='ocrx_word' id='word_1_279' title='bbox 343 1399 571 1431; x_wconf 78' lang='grc' dir='ltr'>ξυνεπιλαδέσθαι</span> <span class='ocrx_word' id='word_1_280' title='bbox 595 1401 620 1427; x_wconf 75' lang='grc' dir='ltr'>οἱ</span> <span class='ocrx_word' id='word_1_281' title='bbox 639 1400 687 1428; x_wconf 81' lang='grc' dir='ltr'>τοῦ</span> <span class='ocrx_word' id='word_1_282' title='bbox 709 1400 833 1428; x_wconf 78' lang='grc' dir='ltr'>κινδύνου</span> <span class='ocrx_word' id='word_1_283' title='bbox 849 1400 966 1432; x_wconf 75' lang='grc' dir='ltr'>ἱκέτευε,</span> 
     </span>
    </p>
   </div>
   <div class='ocr_carea' id='block_1_40' title="bbox 181 1445 967 1482">
    <p class='ocr_par' dir='ltr' id='par_1_40' title="bbox 181 1445 967 1482">
     <span class='ocr_line' id='line_1_40' title="bbox 181 1445 967 1482; baseline 0.003 -12"><span class='ocrx_word' id='word_1_284' title='bbox 181 1446 228 1471; x_wconf 81' lang='grc' dir='ltr'>καὶ</span> <span class='ocrx_word' id='word_1_285' title='bbox 242 1445 322 1472; x_wconf 83' lang='grc' dir='ltr'>πάλιν</span> <span class='ocrx_word' id='word_1_286' title='bbox 338 1446 368 1472; x_wconf 82' lang='grc' dir='ltr'>τὸ</span> <span class='ocrx_word' id='word_1_287' title='bbox 382 1446 495 1481; x_wconf 84' lang='grc' dir='ltr'>Σίρμιον</span> <span class='ocrx_word' id='word_1_288' title='bbox 511 1447 559 1473; x_wconf 72' lang='grc' dir='ltr'><strong>καὶ</strong></span> <span class='ocrx_word' id='word_1_289' title='bbox 575 1447 625 1481; x_wconf 83' lang='grc' dir='ltr'>τὴν</span> <span class='ocrx_word' id='word_1_290' title='bbox 645 1446 713 1474; x_wconf 67' lang='grc' dir='ltr'>εἵσω</span> <span class='ocrx_word' id='word_1_291' title='bbox 730 1447 818 1482; x_wconf 84' lang='grc' dir='ltr'>Δράου</span> <span class='ocrx_word' id='word_1_292' title='bbox 843 1446 967 1480; x_wconf 79' lang='grc' dir='ltr'>ποταμοῦ</span> 
     </span>
    </p>
   </div>
   <div class='ocr_carea' id='block_1_41' title="bbox 182 1490 967 1532">
    <p class='ocr_par' dir='ltr' id='par_1_41' title="bbox 182 1490 967 1532">
     <span class='ocr_line' id='line_1_41' title="bbox 182 1490 967 1532; baseline 0.001 -14"><span class='ocrx_word' id='word_1_293' title='bbox 182 1493 274 1528; x_wconf 84' lang='grc' dir='ltr'>χώραν</span> <span class='ocrx_word' id='word_1_294' title='bbox 283 1493 467 1528; x_wconf 70' lang='grc' dir='ltr'>ἐπηγγέλλετο</span> <span class='ocrx_word' id='word_1_295' title='bbox 477 1492 586 1532; x_wconf 63' lang='lat' dir='ltr'><strong>coam,</strong></span> <span class='ocrx_word' id='word_1_296' title='bbox 601 1492 683 1525; x_wconf 72' lang='grc' dir='ltr'>αἰδώς</span> <span class='ocrx_word' id='word_1_297' title='bbox 694 1501 723 1519; x_wconf 81' lang='grc' dir='ltr'><strong>τε</strong></span> <span class='ocrx_word' id='word_1_298' title='bbox 736 1492 818 1532; x_wconf 69' lang='grc' dir='ltr'>αὑτὸν</span> <span class='ocrx_word' id='word_1_299' title='bbox 831 1493 881 1519; x_wconf 81' lang='grc' dir='ltr'><strong>οὐκ</strong></span> <span class='ocrx_word' id='word_1_300' title='bbox 893 1490 967 1527; x_wconf 72' lang='grc' dir='ltr'>εῖχεν</span> 
     </span>
    </p>
   </div>
   <div class='ocr_carea' id='block_1_42' title="bbox 179 1529 1001 1585">
    <p class='ocr_par' dir='ltr' id='par_1_42' title="bbox 179 1529 1001 1585">
     <span class='ocr_line' id='line_1_42' title="bbox 179 1529 1001 1585; baseline -0.001 -20"><span class='ocrx_word' id='word_1_301' title='bbox 179 1539 229 1575; x_wconf 68' lang='grc' dir='ltr'><strong>ἥδη</strong></span> <span class='ocrx_word' id='word_1_302' title='bbox 250 1539 315 1574; x_wconf 71' lang='grc' dir='ltr'><strong>περὶ</strong></span> <span class='ocrx_word' id='word_1_303' title='bbox 339 1539 393 1566; x_wconf 82' lang='grc' dir='ltr'>τῶν</span> <span class='ocrx_word' id='word_1_304' title='bbox 409 1529 501 1566; x_wconf 76' lang='grc' dir='ltr'>αὐτῶν</span> <span class='ocrx_word' id='word_1_305' title='bbox 516 1539 681 1574; x_wconf 75' lang='grc' dir='ltr'>ὁμωμοιιότα</span> <span class='ocrx_word' id='word_1_306' title='bbox 693 1538 769 1572; x_wconf 74' lang='grc' dir='ltr'>ἆπαξ</span> <span class='ocrx_word' id='word_1_307' title='bbox 794 1529 842 1566; x_wconf 76' lang='grc' dir='ltr'>καὶ</span> <span class='ocrx_word' id='word_1_308' title='bbox 854 1539 909 1571; x_wconf 85' lang='grc' dir='ltr'>τοῖς</span> <span class='ocrx_word' id='word_1_309' title='bbox 920 1538 967 1573; x_wconf 81' lang='grc' dir='ltr'><strong>δρ-</strong></span> <span class='ocrx_word' id='word_1_310' title='bbox 980 1556 1001 1585; x_wconf 76' lang='lat' dir='ltr'><strong><em>C</em></strong></span> 
     </span>
    </p>
   </div>
   <div class='ocr_carea' id='block_1_43' title="bbox 181 1586 968 1623">
    <p class='ocr_par' dir='ltr' id='par_1_43' title="bbox 181 1586 968 1623">
     <span class='ocr_line' id='line_1_43' title="bbox 181 1586 968 1623; baseline -0.001 -9"><span class='ocrx_word' id='word_1_311' title='bbox 181 1596 239 1620; x_wconf 78' lang='grc' dir='ltr'>κοις</span> <span class='ocrx_word' id='word_1_312' title='bbox 253 1588 313 1623; x_wconf 76' lang='grc' dir='ltr'>οὐχὶ</span> <span class='ocrx_word' id='word_1_313' title='bbox 324 1589 577 1623; x_wconf 67' lang='grc' dir='ltr'>ἐγκαρτερήσαντα.</span> <span class='ocrx_word' id='word_1_314' title='bbox 592 1588 638 1614; x_wconf 86' lang='grc' dir='ltr'>Διὺ</span> <span class='ocrx_word' id='word_1_315' title='bbox 648 1587 680 1623; x_wconf 82' lang='grc' dir='ltr'><strong>δὴ</strong></span> <span class='ocrx_word' id='word_1_316' title='bbox 697 1587 743 1614; x_wconf 76' lang='grc' dir='ltr'><strong>καὶ</strong></span> <span class='ocrx_word' id='word_1_317' title='bbox 757 1586 883 1622; x_wconf 79' lang='grc' dir='ltr'>βασιλιὺς</span> <span class='ocrx_word' id='word_1_318' title='bbox 903 1587 968 1614; x_wconf 81' lang='grc' dir='ltr'>ἰου-</span> 
     </span>
    </p>
   </div>
   <div class='ocr_carea' id='block_1_44' title="bbox 182 1632 969 1669">
    <p class='ocr_par' dir='ltr' id='par_1_44' title="bbox 182 1632 969 1669">
     <span class='ocr_line' id='line_1_44' title="bbox 182 1632 969 1669; baseline -0.001 -9"><span class='ocrx_word' id='word_1_319' title='bbox 182 1635 271 1666; x_wconf 78' lang='grc' dir='ltr'>στῐνος</span> <span class='ocrx_word' id='word_1_320' title='bbox 293 1632 322 1661; x_wconf 74' lang='grc' dir='ltr'><strong>εὖ</strong></span> <span class='ocrx_word' id='word_1_321' title='bbox 341 1633 420 1665; x_wconf 66' lang='grc' dir='ltr'>εἰδώς</span> <span class='ocrx_word' id='word_1_322' title='bbox 436 1642 467 1660; x_wconf 80' lang='grc' dir='ltr'><strong>τε</strong></span> <span class='ocrx_word' id='word_1_323' title='bbox 481 1633 530 1660; x_wconf 75' lang='grc' dir='ltr'><strong>καὶ</strong></span> <span class='ocrx_word' id='word_1_324' title='bbox 543 1633 762 1669; x_wconf 65' lang='grc' dir='ltr'>τεκμαιρόμενος</span> <span class='ocrx_word' id='word_1_325' title='bbox 785 1633 842 1664; x_wconf 75' lang='grc' dir='ltr'>τοῖς</span> <span class='ocrx_word' id='word_1_326' title='bbox 864 1632 969 1667; x_wconf 73' lang='grc' dir='ltr'><strong>φθάσα-</strong></span> 
     </span>
    </p>
   </div>
   <div class='ocr_carea' id='block_1_45' title="bbox 181 1676 967 1714">
    <p class='ocr_par' dir='ltr' id='par_1_45' title="bbox 181 1676 967 1714">
     <span class='ocr_line' id='line_1_45' title="bbox 181 1676 967 1714; baseline -0.004 -8"><span class='ocrx_word' id='word_1_327' title='bbox 181 1688 235 1711; x_wconf 90' lang='grc' dir='ltr'>σιν,</span> <span class='ocrx_word' id='word_1_328' title='bbox 257 1679 295 1710; x_wconf 84' lang='grc' dir='ltr'>ὠς</span> <span class='ocrx_word' id='word_1_329' title='bbox 314 1679 490 1714; x_wconf 78' lang='grc' dir='ltr'>Κονιμούνδῳ</span> <span class='ocrx_word' id='word_1_330' title='bbox 515 1678 606 1705; x_wconf 79' lang='grc' dir='ltr'>ἔνεστι</span> <span class='ocrx_word' id='word_1_331' title='bbox 631 1677 751 1710; x_wconf 75' lang='grc' dir='ltr'>πίστεως</span> <span class='ocrx_word' id='word_1_332' title='bbox 766 1676 844 1704; x_wconf 69' lang='grc' dir='ltr'>οὐδὲν</span> <span class='ocrx_word' id='word_1_333' title='bbox 866 1676 967 1708; x_wconf 78' lang='grc' dir='ltr'>ὁτιοῦν,</span> 
     </span>
    </p>
   </div>
   <div class='ocr_carea' id='block_1_46' title="bbox 179 1722 1001 1759">
    <p class='ocr_par' dir='ltr' id='par_1_46' title="bbox 179 1722 1001 1759">
     <span class='ocr_line' id='line_1_46' title="bbox 179 1722 1001 1759; baseline -0.004 -8"><span class='ocrx_word' id='word_1_334' title='bbox 179 1724 330 1758; x_wconf 81' lang='grc' dir='ltr'>ἀνήνασθαι</span> <span class='ocrx_word' id='word_1_335' title='bbox 351 1725 400 1759; x_wconf 81' lang='grc' dir='ltr'>μὲν</span> <span class='ocrx_word' id='word_1_336' title='bbox 421 1724 452 1750; x_wconf 74' lang='grc' dir='ltr'>οὗ</span> <span class='ocrx_word' id='word_1_337' title='bbox 481 1733 507 1751; x_wconf 83' lang='grc' dir='ltr'><strong>τι</strong></span> <span class='ocrx_word' id='word_1_338' title='bbox 529 1724 596 1758; x_wconf 77' lang='grc' dir='ltr'>ᾤετο</span> <span class='ocrx_word' id='word_1_339' title='bbox 612 1722 711 1759; x_wconf 77' lang='grc' dir='ltr'>χρῆναι</span> <span class='ocrx_word' id='word_1_340' title='bbox 733 1723 783 1758; x_wconf 80' lang='grc' dir='ltr'>τὴν</span> <span class='ocrx_word' id='word_1_341' title='bbox 799 1722 967 1758; x_wconf 76' lang='grc' dir='ltr'>ξυμμαχίαν,</span> <span class='ocrx_word' id='word_1_342' title='bbox 992 1743 1001 1758; x_wconf 76' lang='lat'><strong>,</strong></span> 
     </span>
    </p>
   </div>
   <div class='ocr_carea' id='block_1_47' title="bbox 181 1769 968 1807">
    <p class='ocr_par' dir='ltr' id='par_1_47' title="bbox 181 1769 968 1807">
     <span class='ocr_line' id='line_1_47' title="bbox 181 1769 968 1807; baseline -0.001 -11"><span class='ocrx_word' id='word_1_343' title='bbox 181 1771 300 1805; x_wconf 73' lang='grc' dir='ltr'>ἀναϐολῇ</span> <span class='ocrx_word' id='word_1_344' title='bbox 320 1770 349 1797; x_wconf 72' lang='grc' dir='ltr'><strong>δὲ</strong></span> <span class='ocrx_word' id='word_1_345' title='bbox 369 1771 445 1805; x_wconf 85' lang='grc' dir='ltr'>ὅμως</span> <span class='ocrx_word' id='word_1_346' title='bbox 469 1770 678 1807; x_wconf 78' lang='grc' dir='ltr'>παρεκρούσατο</span> <span class='ocrx_word' id='word_1_347' title='bbox 692 1769 739 1796; x_wconf 83' lang='grc' dir='ltr'>τοῦ</span> <span class='ocrx_word' id='word_1_348' title='bbox 763 1769 906 1805; x_wconf 72' lang='grc' dir='ltr'>Βαρδάρου</span> <span class='ocrx_word' id='word_1_349' title='bbox 918 1769 968 1804; x_wconf 82' lang='grc' dir='ltr'><strong>τὴν</strong></span> 
     </span>
    </p>
   </div>
   <div class='ocr_carea' id='block_1_48' title="bbox 181 1814 968 1852">
    <p class='ocr_par' dir='ltr' id='par_1_48' title="bbox 181 1814 968 1852">
     <span class='ocr_line' id='line_1_48' title="bbox 181 1814 968 1852; baseline -0.001 -10"><span class='ocrx_word' id='word_1_350' title='bbox 181 1816 305 1850; x_wconf 59' lang='grc' dir='ltr'><strong>σίτησιν⁸</strong></span> <span class='ocrx_word' id='word_1_351' title='bbox 319 1816 371 1850; x_wconf 70' lang='grc' dir='ltr'>ἔφη</span> <span class='ocrx_word' id='word_1_352' title='bbox 390 1816 455 1852; x_wconf 87' lang='grc' dir='ltr'>γὰρ,</span> <span class='ocrx_word' id='word_1_353' title='bbox 474 1816 512 1847; x_wconf 85' lang='grc' dir='ltr'><strong>ὡς</strong></span> <span class='ocrx_word' id='word_1_354' title='bbox 535 1815 747 1850; x_wconf 68' lang='grc' dir='ltr'>διεσκεδασμένα</span> <span class='ocrx_word' id='word_1_355' title='bbox 766 1814 801 1841; x_wconf 69' lang='grc' dir='ltr'>τὰ</span> <span class='ocrx_word' id='word_1_356' title='bbox 826 1815 968 1850; x_wconf 83' lang='grc' dir='ltr'><strong>Ῥωμαῖκά</strong></span> 
     </span>
    </p>
   </div>
   <div class='ocr_carea' id='block_1_49' title="bbox 182 1859 968 1898">
    <p class='ocr_par' dir='ltr' id='par_1_49' title="bbox 182 1859 968 1898">
     <span class='ocr_line' id='line_1_49' title="bbox 182 1859 968 1898; baseline -0.001 -9"><span class='ocrx_word' id='word_1_357' title='bbox 182 1863 301 1898; x_wconf 77' lang='grc' dir='ltr'>ὑπάρχει</span> <span class='ocrx_word' id='word_1_358' title='bbox 321 1862 526 1898; x_wconf 79' lang='grc' dir='ltr'>στρατεύματα,</span> <span class='ocrx_word' id='word_1_359' title='bbox 553 1863 601 1895; x_wconf 76' lang='grc' dir='ltr'><strong>ξὺν</strong></span> <span class='ocrx_word' id='word_1_360' title='bbox 624 1861 727 1897; x_wconf 76' lang='grc' dir='ltr'>σπουδῇ</span> <span class='ocrx_word' id='word_1_361' title='bbox 746 1861 775 1888; x_wconf 71' lang='grc' dir='ltr'><strong>δὲ</strong></span> <span class='ocrx_word' id='word_1_362' title='bbox 799 1861 837 1893; x_wconf 86' lang='grc' dir='ltr'><strong>ὡς</strong></span> <span class='ocrx_word' id='word_1_363' title='bbox 858 1859 914 1888; x_wconf 78' lang='grc' dir='ltr'>οἷόν</span> <span class='ocrx_word' id='word_1_364' title='bbox 937 1862 968 1888; x_wconf 81' lang='grc' dir='ltr'>τέ</span> 
     </span>
    </p>
   </div>
   <div class='ocr_carea' id='block_1_50' title="bbox 180 1907 968 1943">
    <p class='ocr_par' dir='ltr' id='par_1_50' title="bbox 180 1907 968 1943">
     <span class='ocr_line' id='line_1_50' title="bbox 180 1907 968 1943; baseline -0.003 -8"><span class='ocrx_word' id='word_1_365' title='bbox 180 1910 256 1935; x_wconf 76' lang='grc' dir='ltr'>ἐστιν</span> <span class='ocrx_word' id='word_1_366' title='bbox 273 1909 403 1943; x_wconf 79' lang='grc' dir='ltr'>ἀθροίσας</span> <span class='ocrx_word' id='word_1_367' title='bbox 427 1909 526 1936; x_wconf 79' lang='grc' dir='ltr'>αὐτίκα</span> <span class='ocrx_word' id='word_1_368' title='bbox 553 1907 703 1943; x_wconf 75' lang='grc' dir='ltr'>ἐκπέμψοι.</span> <span class='ocrx_word' id='word_1_369' title='bbox 724 1907 843 1942; x_wconf 76' lang='grc' dir='ltr'><strong>’Δκήκοα</strong></span> <span class='ocrx_word' id='word_1_370' title='bbox 857 1907 884 1933; x_wconf 77' lang='grc' dir='ltr'><strong>δὲ</strong></span> <span class='ocrx_word' id='word_1_371' title='bbox 903 1908 968 1942; x_wconf 81' lang='grc' dir='ltr'>περὶ</span> 
     </span>
    </p>
   </div>
   <div class='ocr_carea' id='block_1_51' title="bbox 181 1951 968 1987">
    <p class='ocr_par' dir='ltr' id='par_1_51' title="bbox 181 1951 968 1987">
     <span class='ocr_line' id='line_1_51' title="bbox 181 1951 968 1987; baseline -0.003 -8"><span class='ocrx_word' id='word_1_372' title='bbox 181 1953 365 1987; x_wconf 79' lang='grc' dir='ltr'>Κονιμούνδου</span> <span class='ocrx_word' id='word_1_373' title='bbox 386 1953 432 1979; x_wconf 77' lang='grc' dir='ltr'>καὶ</span> <span class='ocrx_word' id='word_1_374' title='bbox 443 1953 542 1984; x_wconf 82' lang='grc' dir='ltr'>τοιάδε,</span> <span class='ocrx_word' id='word_1_375' title='bbox 557 1954 621 1987; x_wconf 75' lang='grc' dir='ltr'>ἐμοὶ</span> <span class='ocrx_word' id='word_1_376' title='bbox 637 1953 665 1979; x_wconf 74' lang='grc' dir='ltr'><strong>δὲ</strong></span> <span class='ocrx_word' id='word_1_377' title='bbox 679 1951 710 1978; x_wconf 84' lang='grc' dir='ltr'>οὐ</span> <span class='ocrx_word' id='word_1_378' title='bbox 725 1951 810 1978; x_wconf 84' lang='grc' dir='ltr'>πιστὰ</span> <span class='ocrx_word' id='word_1_379' title='bbox 820 1959 827 1967; x_wconf 81' lang='grc'><strong><em>⁸</em></strong></span> <span class='ocrx_word' id='word_1_380' title='bbox 841 1951 901 1978; x_wconf 83' lang='grc' dir='ltr'>λίαν</span> <span class='ocrx_word' id='word_1_381' title='bbox 913 1953 968 1986; x_wconf 84' lang='grc' dir='ltr'>γὰρ</span> 
     </span>
    </p>
   </div>
   <div class='ocr_carea' id='block_1_52' title="bbox 181 1996 967 2033">
    <p class='ocr_par' dir='ltr' id='par_1_52' title="bbox 181 1996 967 2033">
     <span class='ocr_line' id='line_1_52' title="bbox 181 1996 967 2033; baseline -0.001 -10"><span class='ocrx_word' id='word_1_382' title='bbox 181 1997 290 2029; x_wconf 80' lang='grc' dir='ltr'>ἀναιδὲς</span> <span class='ocrx_word' id='word_1_383' title='bbox 317 1998 428 2033; x_wconf 78' lang='grc' dir='ltr'>ὑπῆρχε</span> <span class='ocrx_word' id='word_1_384' title='bbox 451 1998 496 2024; x_wconf 74' lang='grc' dir='ltr'>τὸν</span> <span class='ocrx_word' id='word_1_385' title='bbox 532 1996 799 2032; x_wconf 76' lang='grc' dir='ltr'>παρασπονδήσαντα</span> <span class='ocrx_word' id='word_1_386' title='bbox 823 1996 887 2030; x_wconf 75' lang='grc' dir='ltr'>περὶ</span> <span class='ocrx_word' id='word_1_387' title='bbox 912 1996 967 2022; x_wconf 85' lang='grc' dir='ltr'>τῶν</span> 
     </span>
    </p>
   </div>
   <div class='ocr_carea' id='block_1_53' title="bbox 182 2042 967 2077">
    <p class='ocr_par' dir='ltr' id='par_1_53' title="bbox 182 2042 967 2077">
     <span class='ocr_line' id='line_1_53' title="bbox 182 2042 967 2077; baseline -0.003 -7"><span class='ocrx_word' id='word_1_388' title='bbox 182 2043 272 2070; x_wconf 67' lang='grc' dir='ltr'>αὐτῶν</span> <span class='ocrx_word' id='word_1_389' title='bbox 288 2043 391 2070; x_wconf 78' lang='grc' dir='ltr'>δεῖσθαι</span> <span class='ocrx_word' id='word_1_390' title='bbox 404 2043 452 2070; x_wconf 79' lang='grc' dir='ltr'><strong>καὶ</strong></span> <span class='ocrx_word' id='word_1_391' title='bbox 467 2044 559 2070; x_wconf 81' lang='grc' dir='ltr'>πάλιν.</span> <span class='ocrx_word' id='word_1_392' title='bbox 574 2043 691 2077; x_wconf 80' lang='grc' dir='ltr'>Λέγεται</span> <span class='ocrx_word' id='word_1_393' title='bbox 705 2042 745 2075; x_wconf 76' lang='grc' dir='ltr'><strong>δι,</strong></span> <span class='ocrx_word' id='word_1_394' title='bbox 757 2042 795 2074; x_wconf 83' lang='grc' dir='ltr'>ὡς</span> <span class='ocrx_word' id='word_1_395' title='bbox 807 2042 884 2069; x_wconf 74' lang='lat' dir='ltr'><strong>xui&quot;</strong></span> <span class='ocrx_word' id='word_1_396' title='bbox 898 2042 967 2075; x_wconf 88' lang='grc' dir='ltr'>Λογ-</span> 
     </span>
    </p>
   </div>
   <div class='ocr_carea' id='block_1_54' title="bbox 182 2088 966 2125">
    <p class='ocr_par' dir='ltr' id='par_1_54' title="bbox 182 2088 966 2125">
     <span class='ocr_line' id='line_1_54' title="bbox 182 2088 966 2125; baseline 0 -11"><span class='ocrx_word' id='word_1_397' title='bbox 182 2089 306 2123; x_wconf 75' lang='grc' dir='ltr'>γίὸαρδοι</span> <span class='ocrx_word' id='word_1_398' title='bbox 337 2089 492 2125; x_wconf 78' lang='grc' dir='ltr'>τηνικαῦτα</span> <span class='ocrx_word' id='word_1_399' title='bbox 516 2088 739 2125; x_wconf 70' lang='grc' dir='ltr'>ἔπρεσσεύσαντο</span> <span class='ocrx_word' id='word_1_400' title='bbox 761 2088 838 2123; x_wconf 83' lang='grc' dir='ltr'>παρὰ</span> <span class='ocrx_word' id='word_1_401' title='bbox 855 2089 966 2116; x_wconf 80' lang='grc' dir='ltr'>Ἰουστῖ-</span> 
     </span>
    </p>
   </div>
   <div class='ocr_carea' id='block_1_55' title="bbox 181 2133 967 2170">
    <p class='ocr_par' dir='ltr' id='par_1_55' title="bbox 181 2133 967 2170">
     <span class='ocr_line' id='line_1_55' title="bbox 181 2133 967 2170; baseline -0.001 -9"><span class='ocrx_word' id='word_1_402' title='bbox 181 2135 255 2161; x_wconf 83' lang='lat' dir='ltr'><strong>vov&quot;</strong></span> <span class='ocrx_word' id='word_1_403' title='bbox 271 2136 317 2161; x_wconf 74' lang='grc' dir='ltr'><strong>καὶ</strong></span> <span class='ocrx_word' id='word_1_404' title='bbox 335 2136 376 2161; x_wconf 70' lang='grc' dir='ltr'>ὅτι</span> <span class='ocrx_word' id='word_1_405' title='bbox 393 2135 531 2170; x_wconf 74' lang='grc' dir='ltr'>Γήπαιδας</span> <span class='ocrx_word' id='word_1_406' title='bbox 540 2135 562 2150; x_wconf 77' lang='grc'><strong>⁵⁸</strong></span> <span class='ocrx_word' id='word_1_407' title='bbox 577 2135 626 2170; x_wconf 84' lang='grc' dir='ltr'>τῆς</span> <span class='ocrx_word' id='word_1_408' title='bbox 644 2134 682 2167; x_wconf 79' lang='grc' dir='ltr'><strong>ὡς</strong></span> <span class='ocrx_word' id='word_1_409' title='bbox 704 2133 859 2169; x_wconf 78' lang='grc' dir='ltr'>Ῥωμαίους</span> <span class='ocrx_word' id='word_1_410' title='bbox 882 2134 967 2168; x_wconf 78' lang='grc' dir='ltr'>ἀγνω-</span> 
     </span>
    </p>
   </div>
   <div class='ocr_carea' id='block_1_56' title="bbox 184 2179 966 2215">
    <p class='ocr_par' dir='ltr' id='par_1_56' title="bbox 184 2179 966 2215">
     <span class='ocr_line' id='line_1_56' title="bbox 184 2179 966 2215; baseline 0 -9"><span class='ocrx_word' id='word_1_411' title='bbox 184 2179 305 2214; x_wconf 83' lang='grc' dir='ltr'>μοσύνης</span> <span class='ocrx_word' id='word_1_412' title='bbox 319 2180 433 2206; x_wconf 77' lang='grc' dir='ltr'>πλιίστα</span> <span class='ocrx_word' id='word_1_413' title='bbox 454 2181 504 2206; x_wconf 82' lang='grc' dir='ltr'><strong>ὅσα</strong></span> <span class='ocrx_word' id='word_1_414' title='bbox 519 2180 771 2215; x_wconf 69' lang='grc' dir='ltr'>κατηγορήσλντις,</span> <span class='ocrx_word' id='word_1_415' title='bbox 787 2179 837 2215; x_wconf 81' lang='grc' dir='ltr'>τὴν</span> <span class='ocrx_word' id='word_1_416' title='bbox 846 2180 881 2206; x_wconf 74' lang='grc' dir='ltr'><strong>ιιι</strong></span> <span class='ocrx_word' id='word_1_417' title='bbox 899 2179 966 2206; x_wconf 86' lang='grc' dir='ltr'><strong>Ῥω-</strong></span> 
     </span>
    </p>
   </div>
   <div class='ocr_carea' id='block_1_57' title="bbox 1061 713 1814 749">
    <p class='ocr_par' dir='ltr' id='par_1_57' title="bbox 1061 713 1814 749">
     <span class='ocr_line' id='line_1_57' title="bbox 1061 713 1814 749; baseline 0.005 -9"><span class='ocrx_word' id='word_1_418' title='bbox 1061 714 1104 740; x_wconf 78' lang='lat' dir='ltr'><strong>l2.</strong></span> <span class='ocrx_word' id='word_1_419' title='bbox 1126 713 1243 749; x_wconf 78' lang='lat' dir='ltr'><strong>anutlus</strong></span> <span class='ocrx_word' id='word_1_420' title='bbox 1266 713 1368 748; x_wconf 80' lang='lat' dir='ltr'><strong>legatos</strong></span> <span class='ocrx_word' id='word_1_421' title='bbox 1382 714 1490 748; x_wconf 84' lang='lat' dir='ltr'><strong>quidem</strong></span> <span class='ocrx_word' id='word_1_422' title='bbox 1509 714 1748 749; x_wconf 76' lang='lat' dir='ltr'><strong>Longohnrdorum</strong></span> <span class='ocrx_word' id='word_1_423' title='bbox 1766 724 1814 744; x_wconf 81' lang='lat' dir='ltr'><strong>ex-</strong></span> 
     </span>
    </p>
   </div>
   <div class='ocr_carea' id='block_1_58' title="bbox 1024 758 1813 795">
    <p class='ocr_par' dir='ltr' id='par_1_58' title="bbox 1024 758 1813 795">
     <span class='ocr_line' id='line_1_58' title="bbox 1024 758 1813 795; baseline 0.001 -7"><span class='ocrx_word' id='word_1_424' title='bbox 1024 759 1107 795; x_wconf 85' lang='lat' dir='ltr'><strong>cepit,</strong></span> <span class='ocrx_word' id='word_1_425' title='bbox 1129 759 1176 787; x_wconf 87' lang='lat' dir='ltr'><strong>scd</strong></span> <span class='ocrx_word' id='word_1_426' title='bbox 1197 765 1244 786; x_wconf 90' lang='lat' dir='ltr'><strong>eos</strong></span> <span class='ocrx_word' id='word_1_427' title='bbox 1259 759 1335 793; x_wconf 79' lang='lat' dir='ltr'><strong>parvi</strong></span> <span class='ocrx_word' id='word_1_428' title='bbox 1355 758 1446 787; x_wconf 86' lang='lat' dir='ltr'><strong>facere</strong></span> <span class='ocrx_word' id='word_1_429' title='bbox 1462 759 1594 792; x_wconf 82' lang='lat' dir='ltr'><strong>decrevit,</strong></span> <span class='ocrx_word' id='word_1_430' title='bbox 1618 766 1647 787; x_wconf 91' lang='lat' dir='ltr'><strong>ut</strong></span> <span class='ocrx_word' id='word_1_431' title='bbox 1661 768 1692 788; x_wconf 90' lang='lat' dir='ltr'><strong>ea</strong></span> <span class='ocrx_word' id='word_1_432' title='bbox 1708 761 1813 789; x_wconf 81' lang='lat' dir='ltr'><strong>ratione</strong></span> 
     </span>
    </p>
   </div>
   <div class='ocr_carea' id='block_1_59' title="bbox 1023 804 1811 841">
    <p class='ocr_par' dir='ltr' id='par_1_59' title="bbox 1023 804 1811 841">
     <span class='ocr_line' id='line_1_59' title="bbox 1023 804 1811 841; baseline 0.004 -9"><span class='ocrx_word' id='word_1_433' title='bbox 1023 804 1234 837; x_wconf 88' lang='lat' dir='ltr'><strong>conditionibus,</strong></span> <span class='ocrx_word' id='word_1_434' title='bbox 1247 811 1306 840; x_wconf 71' lang='lat' dir='ltr'><strong>qua</strong></span> <span class='ocrx_word' id='word_1_435' title='bbox 1326 804 1382 832; x_wconf 83' lang='lat' dir='ltr'><strong>suis</strong></span> <span class='ocrx_word' id='word_1_436' title='bbox 1400 805 1551 833; x_wconf 83' lang='lat' dir='ltr'><strong>rationibus</strong></span> <span class='ocrx_word' id='word_1_437' title='bbox 1567 806 1647 835; x_wconf 85' lang='lat' dir='ltr'><strong>utiles</strong></span> <span class='ocrx_word' id='word_1_438' title='bbox 1659 812 1762 841; x_wconf 87' lang='lat' dir='ltr'><strong>essent,</strong></span> <span class='ocrx_word' id='word_1_439' title='bbox 1778 809 1811 835; x_wconf 81' lang='lat' dir='ltr'><strong>ad</strong></span> 
     </span>
    </p>
   </div>
   <div class='ocr_carea' id='block_1_60' title="bbox 1023 849 1811 887">
    <p class='ocr_par' dir='ltr' id='par_1_60' title="bbox 1023 849 1811 887">
     <span class='ocr_line' id='line_1_60' title="bbox 1023 849 1811 887; baseline 0.004 -9"><span class='ocrx_word' id='word_1_440' title='bbox 1023 857 1161 878; x_wconf 87' lang='lat' dir='ltr'><strong>armorum</strong></span> <span class='ocrx_word' id='word_1_441' title='bbox 1170 849 1329 877; x_wconf 86' lang='lat' dir='ltr'><strong>societatem</strong></span> <span class='ocrx_word' id='word_1_442' title='bbox 1341 857 1432 878; x_wconf 73' lang='lat' dir='ltr'><strong>secum</strong></span> <span class='ocrx_word' id='word_1_443' title='bbox 1443 851 1656 879; x_wconf 78' lang='lat' dir='ltr'><strong>contrahendam</strong></span> <span class='ocrx_word' id='word_1_444' title='bbox 1665 853 1811 887; x_wconf 86' lang='lat' dir='ltr'><strong>pelliccrcl.</strong></span> 
     </span>
    </p>
   </div>
   <div class='ocr_carea' id='block_1_61' title="bbox 1021 898 1812 937">
    <p class='ocr_par' dir='ltr' id='par_1_61' title="bbox 1021 898 1812 937">
     <span class='ocr_line' id='line_1_61' title="bbox 1021 898 1812 937; baseline -0.001 -10"><span class='ocrx_word' id='word_1_445' title='bbox 1021 899 1055 927; x_wconf 83' lang='lat' dir='ltr'><strong>Et</strong></span> <span class='ocrx_word' id='word_1_446' title='bbox 1071 899 1150 927; x_wconf 83' lang='lat' dir='ltr'><strong>modo</strong></span> <span class='ocrx_word' id='word_1_447' title='bbox 1167 906 1196 927; x_wconf 86' lang='lat' dir='ltr'><strong>se</strong></span> <span class='ocrx_word' id='word_1_448' title='bbox 1218 907 1272 927; x_wconf 91' lang='lat' dir='ltr'><strong>non</strong></span> <span class='ocrx_word' id='word_1_449' title='bbox 1290 905 1380 934; x_wconf 85' lang='lat' dir='ltr'><strong>posse,</strong></span> <span class='ocrx_word' id='word_1_450' title='bbox 1403 898 1483 926; x_wconf 88' lang='lat' dir='ltr'><strong>modo</strong></span> <span class='ocrx_word' id='word_1_451' title='bbox 1498 905 1590 934; x_wconf 84' lang='lat' dir='ltr'><strong>posse,</strong></span> <span class='ocrx_word' id='word_1_452' title='bbox 1605 898 1736 937; x_wconf 70' lang='lat' dir='ltr'><strong>iactabat,</strong></span> <span class='ocrx_word' id='word_1_453' title='bbox 1764 900 1812 926; x_wconf 76' lang='lat' dir='ltr'><strong>SCll</strong></span> 
     </span>
    </p>
   </div>
   <div class='ocr_carea' id='block_1_62' title="bbox 1022 943 1813 980">
    <p class='ocr_par' dir='ltr' id='par_1_62' title="bbox 1022 943 1813 980">
     <span class='ocr_line' id='line_1_62' title="bbox 1022 943 1813 980; baseline -0.001 -8"><span class='ocrx_word' id='word_1_454' title='bbox 1022 944 1104 973; x_wconf 89' lang='lat' dir='ltr'><strong>nolle.</strong></span> <span class='ocrx_word' id='word_1_455' title='bbox 1117 944 1240 979; x_wconf 90' lang='lat' dir='ltr'><strong>Cumque</strong></span> <span class='ocrx_word' id='word_1_456' title='bbox 1258 952 1288 973; x_wconf 88' lang='lat' dir='ltr'><strong>se</strong></span> <span class='ocrx_word' id='word_1_457' title='bbox 1299 948 1441 980; x_wconf 83' lang='lat' dir='ltr'><strong>precantes</strong></span> <span class='ocrx_word' id='word_1_458' title='bbox 1452 943 1525 972; x_wconf 90' lang='lat' dir='ltr'><strong>omni</strong></span> <span class='ocrx_word' id='word_1_459' title='bbox 1540 943 1644 971; x_wconf 88' lang='lat' dir='ltr'><strong>fraudis</strong></span> <span class='ocrx_word' id='word_1_460' title='bbox 1657 950 1765 979; x_wconf 77' lang='lat' dir='ltr'><strong>genere,</strong></span> <span class='ocrx_word' id='word_1_461' title='bbox 1783 949 1813 972; x_wconf 84' lang='lat' dir='ltr'><strong>ut</strong></span> 
     </span>
    </p>
   </div>
   <div class='ocr_carea' id='block_1_63' title="bbox 1020 989 1812 1025">
    <p class='ocr_par' dir='ltr' id='par_1_63' title="bbox 1020 989 1812 1025">
     <span class='ocr_line' id='line_1_63' title="bbox 1020 989 1812 1025; baseline -0.001 -7"><span class='ocrx_word' id='word_1_462' title='bbox 1020 990 1140 1018; x_wconf 88' lang='lat' dir='ltr'><strong>breviter</strong></span> <span class='ocrx_word' id='word_1_463' title='bbox 1165 990 1264 1024; x_wconf 80' lang='lat' dir='ltr'><strong>dicam,</strong></span> <span class='ocrx_word' id='word_1_464' title='bbox 1287 989 1481 1023; x_wconf 82' lang='lat' dir='ltr'><strong>concussisset,</strong></span> <span class='ocrx_word' id='word_1_465' title='bbox 1496 989 1606 1018; x_wconf 87' lang='lat' dir='ltr'><strong>tandem</strong></span> <span class='ocrx_word' id='word_1_466' title='bbox 1625 997 1721 1017; x_wconf 91' lang='lat' dir='ltr'><strong>eorum</strong></span> <span class='ocrx_word' id='word_1_467' title='bbox 1744 991 1812 1025; x_wconf 86' lang='lat' dir='ltr'><strong>peti-</strong></span> 
     </span>
    </p>
   </div>
   <div class='ocr_carea' id='block_1_64' title="bbox 1020 1035 1811 1069">
    <p class='ocr_par' dir='ltr' id='par_1_64' title="bbox 1020 1035 1811 1069">
     <span class='ocr_line' id='line_1_64' title="bbox 1020 1035 1811 1069; baseline 0.003 -7"><span class='ocrx_word' id='word_1_468' title='bbox 1020 1035 1087 1063; x_wconf 91' lang='lat' dir='ltr'><strong>tioni</strong></span> <span class='ocrx_word' id='word_1_469' title='bbox 1110 1035 1234 1064; x_wconf 83' lang='lat' dir='ltr'><strong>assentiri</strong></span> <span class='ocrx_word' id='word_1_470' title='bbox 1253 1035 1406 1068; x_wconf 86' lang='lat' dir='ltr'><strong>videbatur,</strong></span> <span class='ocrx_word' id='word_1_471' title='bbox 1426 1035 1474 1064; x_wconf 87' lang='lat' dir='ltr'><strong>sed</strong></span> <span class='ocrx_word' id='word_1_472' title='bbox 1499 1043 1552 1063; x_wconf 93' lang='lat' dir='ltr'><strong>non</strong></span> <span class='ocrx_word' id='word_1_473' title='bbox 1574 1035 1626 1063; x_wconf 90' lang='lat' dir='ltr'><strong>alia</strong></span> <span class='ocrx_word' id='word_1_474' title='bbox 1645 1036 1811 1069; x_wconf 85' lang='lat' dir='ltr'><strong>conditione,</strong></span> 
     </span>
    </p>
   </div>
   <div class='ocr_carea' id='block_1_65' title="bbox 1020 1080 1812 1117">
    <p class='ocr_par' dir='ltr' id='par_1_65' title="bbox 1020 1080 1812 1117">
     <span class='ocr_line' id='line_1_65' title="bbox 1020 1080 1812 1117; baseline 0.003 -9"><span class='ocrx_word' id='word_1_475' title='bbox 1020 1088 1100 1115; x_wconf 81' lang='lat' dir='ltr'><strong>quam</strong></span> <span class='ocrx_word' id='word_1_476' title='bbox 1123 1080 1147 1109; x_wconf 86' lang='lat' dir='ltr'><strong>si</strong></span> <span class='ocrx_word' id='word_1_477' title='bbox 1163 1081 1298 1109; x_wconf 89' lang='lat' dir='ltr'><strong>decimam</strong></span> <span class='ocrx_word' id='word_1_478' title='bbox 1319 1086 1424 1117; x_wconf 86' lang='lat' dir='ltr'><strong>partem</strong></span> <span class='ocrx_word' id='word_1_479' title='bbox 1442 1082 1657 1117; x_wconf 86' lang='lat' dir='ltr'><strong>quadrupedum,</strong></span> <span class='ocrx_word' id='word_1_480' title='bbox 1672 1090 1732 1117; x_wconf 72' lang='lat' dir='ltr'><strong>qua:</strong></span> <span class='ocrx_word' id='word_1_481' title='bbox 1749 1087 1812 1110; x_wconf 91' lang='lat' dir='ltr'><strong>tunc</strong></span> 
     </span>
    </p>
   </div>
   <div class='ocr_carea' id='block_1_66' title="bbox 1020 1122 1813 1162">
    <p class='ocr_par' dir='ltr' id='par_1_66' title="bbox 1020 1122 1813 1162">
     <span class='ocr_line' id='line_1_66' title="bbox 1020 1122 1813 1162; baseline 0.005 -10"><span class='ocrx_word' id='word_1_482' title='bbox 1020 1125 1148 1160; x_wconf 83' lang='lat' dir='ltr'><strong>temporis</strong></span> <span class='ocrx_word' id='word_1_483' title='bbox 1162 1122 1233 1160; x_wconf 67' lang='lat' dir='ltr'><strong>apud</strong></span> <span class='ocrx_word' id='word_1_484' title='bbox 1248 1124 1441 1162; x_wconf 82' lang='lat' dir='ltr'><strong>Langobardos</strong></span> <span class='ocrx_word' id='word_1_485' title='bbox 1457 1131 1560 1161; x_wconf 89' lang='lat' dir='ltr'><strong>essent,</strong></span> <span class='ocrx_word' id='word_1_486' title='bbox 1578 1127 1723 1155; x_wconf 79' lang='lat' dir='ltr'><strong>confestim</strong></span> <span class='ocrx_word' id='word_1_487' title='bbox 1742 1129 1813 1156; x_wconf 88' lang='lat' dir='ltr'><strong>acci-</strong></span> 
     </span>
    </p>
   </div>
   <div class='ocr_carea' id='block_1_67' title="bbox 1019 1171 1813 1206">
    <p class='ocr_par' dir='ltr' id='par_1_67' title="bbox 1019 1171 1813 1206">
     <span class='ocr_line' id='line_1_67' title="bbox 1019 1171 1813 1206; baseline 0.005 -8"><span class='ocrx_word' id='word_1_488' title='bbox 1019 1175 1113 1206; x_wconf 85' lang='lat' dir='ltr'><strong>peret;</strong></span> <span class='ocrx_word' id='word_1_489' title='bbox 1130 1171 1154 1199; x_wconf 88' lang='lat' dir='ltr'><strong>si</strong></span> <span class='ocrx_word' id='word_1_490' title='bbox 1170 1172 1323 1206; x_wconf 83' lang='lat' dir='ltr'><strong>superiores</strong></span> <span class='ocrx_word' id='word_1_491' title='bbox 1339 1173 1496 1205; x_wconf 78' lang='lat' dir='ltr'><strong>evaderent,</strong></span> <span class='ocrx_word' id='word_1_492' title='bbox 1513 1173 1654 1201; x_wconf 86' lang='lat' dir='ltr'><strong>dimidium</strong></span> <span class='ocrx_word' id='word_1_493' title='bbox 1672 1174 1813 1202; x_wconf 79' lang='lat' dir='ltr'><strong>manubia-</strong></span> 
     </span>
    </p>
   </div>
   <div class='ocr_carea' id='block_1_68' title="bbox 1019 1217 1813 1255">
    <p class='ocr_par' dir='ltr' id='par_1_68' title="bbox 1019 1217 1813 1255">
     <span class='ocr_line' id='line_1_68' title="bbox 1019 1217 1813 1255; baseline 0.003 -10"><span class='ocrx_word' id='word_1_494' title='bbox 1019 1225 1079 1245; x_wconf 92' lang='lat' dir='ltr'><strong>rum</strong></span> <span class='ocrx_word' id='word_1_495' title='bbox 1093 1222 1120 1245; x_wconf 89' lang='lat' dir='ltr'><strong>et</strong></span> <span class='ocrx_word' id='word_1_496' title='bbox 1132 1222 1187 1245; x_wconf 88' lang='lat' dir='ltr'><strong>tota</strong></span> <span class='ocrx_word' id='word_1_497' title='bbox 1197 1217 1359 1254; x_wconf 82' lang='lat' dir='ltr'><strong>Gepidarum</strong></span> <span class='ocrx_word' id='word_1_498' title='bbox 1372 1219 1446 1254; x_wconf 83' lang='lat' dir='ltr'><strong>regio</strong></span> <span class='ocrx_word' id='word_1_499' title='bbox 1456 1219 1515 1254; x_wconf 81' lang='lat' dir='ltr'><strong>ejus</strong></span> <span class='ocrx_word' id='word_1_500' title='bbox 1526 1219 1580 1255; x_wconf 86' lang='lat' dir='ltr'><strong>juri</strong></span> <span class='ocrx_word' id='word_1_501' title='bbox 1596 1220 1713 1247; x_wconf 86' lang='lat' dir='ltr'><strong>cederet.</strong></span> <span class='ocrx_word' id='word_1_502' title='bbox 1724 1221 1813 1255; x_wconf 75' lang='lat' dir='ltr'><strong>Atque</strong></span> 
     </span>
    </p>
   </div>
   <div class='ocr_carea' id='block_1_69' title="bbox 1019 1263 1813 1300">
    <p class='ocr_par' dir='ltr' id='par_1_69' title="bbox 1019 1263 1813 1300">
     <span class='ocr_line' id='line_1_69' title="bbox 1019 1263 1813 1300; baseline 0.004 -10"><span class='ocrx_word' id='word_1_503' title='bbox 1019 1263 1077 1291; x_wconf 62' lang='lat' dir='ltr'><strong>haec</strong></span> <span class='ocrx_word' id='word_1_504' title='bbox 1089 1271 1150 1291; x_wconf 91' lang='lat' dir='ltr'><strong>cum</strong></span> <span class='ocrx_word' id='word_1_505' title='bbox 1163 1264 1199 1291; x_wconf 90' lang='lat' dir='ltr'><strong>ita</strong></span> <span class='ocrx_word' id='word_1_506' title='bbox 1211 1268 1346 1291; x_wconf 84' lang='lat' dir='ltr'><strong>conventa</strong></span> <span class='ocrx_word' id='word_1_507' title='bbox 1359 1269 1461 1296; x_wconf 87' lang='lat' dir='ltr'><strong>essent,</strong></span> <span class='ocrx_word' id='word_1_508' title='bbox 1476 1264 1576 1292; x_wconf 84' lang='lat' dir='ltr'><strong>bellum</strong></span> <span class='ocrx_word' id='word_1_509' title='bbox 1589 1264 1690 1292; x_wconf 87' lang='lat' dir='ltr'><strong>inferre</strong></span> <span class='ocrx_word' id='word_1_510' title='bbox 1704 1265 1813 1300; x_wconf 85' lang='lat' dir='ltr'><strong>Gepidis</strong></span> 
     </span>
    </p>
   </div>
   <div class='ocr_carea' id='block_1_70' title="bbox 1019 1309 1811 1345">
    <p class='ocr_par' dir='ltr' id='par_1_70' title="bbox 1019 1309 1811 1345">
     <span class='ocr_line' id='line_1_70' title="bbox 1019 1309 1811 1345; baseline 0 -7"><span class='ocrx_word' id='word_1_511' title='bbox 1019 1309 1145 1345; x_wconf 88' lang='lat' dir='ltr'><strong>deinceps</strong></span> <span class='ocrx_word' id='word_1_512' title='bbox 1154 1310 1339 1338; x_wconf 88' lang='lat' dir='ltr'><strong>instituerunt.</strong></span> <span class='ocrx_word' id='word_1_513' title='bbox 1350 1310 1464 1344; x_wconf 75' lang='lat' dir='ltr'><strong>Quacubi</strong></span> <span class='ocrx_word' id='word_1_514' title='bbox 1472 1310 1658 1338; x_wconf 84' lang='lat' dir='ltr'><strong>Conimundus</strong></span> <span class='ocrx_word' id='word_1_515' title='bbox 1667 1311 1811 1344; x_wconf 80' lang='lat' dir='ltr'><strong>intellexit,</strong></span> 
     </span>
    </p>
   </div>
   <div class='ocr_carea' id='block_1_71' title="bbox 1022 1354 1813 1391">
    <p class='ocr_par' dir='ltr' id='par_1_71' title="bbox 1022 1354 1813 1391">
     <span class='ocr_line' id='line_1_71' title="bbox 1022 1354 1813 1391; baseline 0.003 -9"><span class='ocrx_word' id='word_1_516' title='bbox 1022 1354 1122 1383; x_wconf 91' lang='lat' dir='ltr'><strong>dicitur</strong></span> <span class='ocrx_word' id='word_1_517' title='bbox 1147 1355 1245 1383; x_wconf 84' lang='lat' dir='ltr'><strong>timore</strong></span> <span class='ocrx_word' id='word_1_518' title='bbox 1260 1355 1401 1390; x_wconf 85' lang='lat' dir='ltr'><strong>perculsus</strong></span> <span class='ocrx_word' id='word_1_519' title='bbox 1416 1356 1519 1391; x_wconf 88' lang='lat' dir='ltr'><strong>legatos</strong></span> <span class='ocrx_word' id='word_1_520' title='bbox 1533 1362 1642 1391; x_wconf 88' lang='lat' dir='ltr'><strong>quoque</strong></span> <span class='ocrx_word' id='word_1_521' title='bbox 1658 1356 1765 1384; x_wconf 83' lang='lat' dir='ltr'><strong>misisse</strong></span> <span class='ocrx_word' id='word_1_522' title='bbox 1778 1359 1813 1384; x_wconf 83' lang='lat' dir='ltr'><strong>ad</strong></span> 
     </span>
    </p>
   </div>
   <div class='ocr_carea' id='block_1_72' title="bbox 1017 1401 1812 1437">
    <p class='ocr_par' dir='ltr' id='par_1_72' title="bbox 1017 1401 1812 1437">
     <span class='ocr_line' id='line_1_72' title="bbox 1017 1401 1812 1437; baseline 0.001 -8"><span class='ocrx_word' id='word_1_523' title='bbox 1017 1401 1153 1430; x_wconf 68' lang='lat' dir='ltr'><strong>Iustinum</strong></span> <span class='ocrx_word' id='word_1_524' title='bbox 1162 1402 1365 1437; x_wconf 86' lang='lat' dir='ltr'><strong>imperatorem,</strong></span> <span class='ocrx_word' id='word_1_525' title='bbox 1374 1407 1402 1430; x_wconf 90' lang='lat' dir='ltr'><strong>et</strong></span> <span class='ocrx_word' id='word_1_526' title='bbox 1409 1409 1470 1429; x_wconf 92' lang='lat' dir='ltr'><strong>eum</strong></span> <span class='ocrx_word' id='word_1_527' title='bbox 1481 1409 1541 1430; x_wconf 85' lang='lat' dir='ltr'><strong>esse</strong></span> <span class='ocrx_word' id='word_1_528' title='bbox 1548 1403 1711 1436; x_wconf 88' lang='lat' dir='ltr'><strong>obtestatus,</strong></span> <span class='ocrx_word' id='word_1_529' title='bbox 1720 1408 1750 1430; x_wconf 96' lang='lat' dir='ltr'><strong>ut</strong></span> <span class='ocrx_word' id='word_1_530' title='bbox 1760 1409 1812 1430; x_wconf 90' lang='lat' dir='ltr'><strong>non</strong></span> 
     </span>
    </p>
   </div>
   <div class='ocr_carea' id='block_1_73' title="bbox 1019 1447 1811 1483">
    <p class='ocr_par' dir='ltr' id='par_1_73' title="bbox 1019 1447 1811 1483">
     <span class='ocr_line' id='line_1_73' title="bbox 1019 1447 1811 1483; baseline 0.003 -9"><span class='ocrx_word' id='word_1_531' title='bbox 1019 1448 1120 1481; x_wconf 88' lang='lat' dir='ltr'><strong>minus,</strong></span> <span class='ocrx_word' id='word_1_532' title='bbox 1129 1455 1210 1482; x_wconf 83' lang='lat' dir='ltr'><strong>quam</strong></span> <span class='ocrx_word' id='word_1_533' title='bbox 1220 1452 1312 1481; x_wconf 88' lang='lat' dir='ltr'><strong>antea,</strong></span> <span class='ocrx_word' id='word_1_534' title='bbox 1329 1448 1356 1475; x_wconf 91' lang='lat' dir='ltr'><strong>in</strong></span> <span class='ocrx_word' id='word_1_535' title='bbox 1368 1452 1473 1483; x_wconf 87' lang='lat' dir='ltr'><strong>partem</strong></span> <span class='ocrx_word' id='word_1_536' title='bbox 1489 1447 1601 1483; x_wconf 82' lang='lat' dir='ltr'><strong>periculi</strong></span> <span class='ocrx_word' id='word_1_537' title='bbox 1614 1449 1729 1476; x_wconf 81' lang='lat' dir='ltr'><strong>veniret.</strong></span> <span class='ocrx_word' id='word_1_538' title='bbox 1743 1448 1811 1476; x_wconf 86' lang='lat' dir='ltr'><strong>Tum</strong></span> 
     </span>
    </p>
   </div>
   <div class='ocr_carea' id='block_1_74' title="bbox 1020 1492 1813 1529">
    <p class='ocr_par' dir='ltr' id='par_1_74' title="bbox 1020 1492 1813 1529">
     <span class='ocr_line' id='line_1_74' title="bbox 1020 1492 1813 1529; baseline 0.001 -9"><span class='ocrx_word' id='word_1_539' title='bbox 1020 1500 1127 1526; x_wconf 88' lang='lat' dir='ltr'><strong>rursus,</strong></span> <span class='ocrx_word' id='word_1_540' title='bbox 1145 1499 1175 1521; x_wconf 88' lang='lat' dir='ltr'><strong>se</strong></span> <span class='ocrx_word' id='word_1_541' title='bbox 1198 1492 1238 1520; x_wconf 90' lang='lat' dir='ltr'><strong>illi</strong></span> <span class='ocrx_word' id='word_1_542' title='bbox 1253 1492 1383 1521; x_wconf 88' lang='lat' dir='ltr'><strong>Sirmium</strong></span> <span class='ocrx_word' id='word_1_543' title='bbox 1400 1496 1427 1520; x_wconf 89' lang='lat' dir='ltr'><strong>et</strong></span> <span class='ocrx_word' id='word_1_544' title='bbox 1452 1500 1561 1521; x_wconf 92' lang='lat' dir='ltr'><strong>omnem</strong></span> <span class='ocrx_word' id='word_1_545' title='bbox 1581 1494 1730 1529; x_wconf 80' lang='lat' dir='ltr'><strong>regionem,</strong></span> <span class='ocrx_word' id='word_1_546' title='bbox 1752 1501 1813 1529; x_wconf 73' lang='lat' dir='ltr'><strong>qua:</strong></span> 
     </span>
    </p>
   </div>
   <div class='ocr_carea' id='block_1_75' title="bbox 1018 1538 1812 1574">
    <p class='ocr_par' dir='ltr' id='par_1_75' title="bbox 1018 1538 1812 1574">
     <span class='ocr_line' id='line_1_75' title="bbox 1018 1538 1812 1574; baseline 0 -8"><span class='ocrx_word' id='word_1_547' title='bbox 1018 1538 1089 1567; x_wconf 88' lang='lat' dir='ltr'><strong>intra</strong></span> <span class='ocrx_word' id='word_1_548' title='bbox 1107 1538 1223 1566; x_wconf 86' lang='lat' dir='ltr'><strong>Dravum</strong></span> <span class='ocrx_word' id='word_1_549' title='bbox 1239 1538 1355 1566; x_wconf 86' lang='lat' dir='ltr'><strong>ﬂuvium</strong></span> <span class='ocrx_word' id='word_1_550' title='bbox 1375 1542 1427 1571; x_wconf 86' lang='lat' dir='ltr'><strong>est,</strong></span> <span class='ocrx_word' id='word_1_551' title='bbox 1443 1545 1637 1567; x_wconf 88' lang='lat' dir='ltr'><strong>concessurum</strong></span> <span class='ocrx_word' id='word_1_552' title='bbox 1655 1546 1717 1567; x_wconf 89' lang='lat' dir='ltr'><strong>csse</strong></span> <span class='ocrx_word' id='word_1_553' title='bbox 1733 1539 1812 1574; x_wconf 85' lang='lat' dir='ltr'><strong>polli-</strong></span> 
     </span>
    </p>
   </div>
   <div class='ocr_carea' id='block_1_76' title="bbox 1020 1583 1810 1620">
    <p class='ocr_par' dir='ltr' id='par_1_76' title="bbox 1020 1583 1810 1620">
     <span class='ocr_line' id='line_1_76' title="bbox 1020 1583 1810 1620; baseline -0.001 -8"><span class='ocrx_word' id='word_1_554' title='bbox 1020 1584 1090 1612; x_wconf 85' lang='lat' dir='ltr'><strong>citus</strong></span> <span class='ocrx_word' id='word_1_555' title='bbox 1100 1588 1151 1612; x_wconf 88' lang='lat' dir='ltr'><strong>est.</strong></span> <span class='ocrx_word' id='word_1_556' title='bbox 1169 1583 1261 1619; x_wconf 86' lang='lat' dir='ltr'><strong>Neque</strong></span> <span class='ocrx_word' id='word_1_557' title='bbox 1276 1584 1377 1619; x_wconf 90' lang='lat' dir='ltr'><strong>pudore</strong></span> <span class='ocrx_word' id='word_1_558' title='bbox 1386 1583 1566 1616; x_wconf 79' lang='lat' dir='ltr'><strong>afficiebatur,</strong></span> <span class='ocrx_word' id='word_1_559' title='bbox 1581 1585 1652 1619; x_wconf 90' lang='lat' dir='ltr'><strong>quod</strong></span> <span class='ocrx_word' id='word_1_560' title='bbox 1670 1585 1738 1612; x_wconf 83' lang='lat' dir='ltr'><strong>idem</strong></span> <span class='ocrx_word' id='word_1_561' title='bbox 1755 1584 1810 1620; x_wconf 83' lang='lat' dir='ltr'><strong>jnm</strong></span> 
     </span>
    </p>
   </div>
   <div class='ocr_carea' id='block_1_77' title="bbox 1021 1629 1812 1673">
    <p class='ocr_par' dir='ltr' id='par_1_77' title="bbox 1021 1629 1812 1673">
     <span class='ocr_line' id='line_1_77' title="bbox 1021 1629 1812 1673; baseline 0 -16"><span class='ocrx_word' id='word_1_562' title='bbox 1021 1629 1105 1658; x_wconf 87' lang='lat' dir='ltr'><strong>semel</strong></span> <span class='ocrx_word' id='word_1_563' title='bbox 1120 1629 1250 1665; x_wconf 77' lang='lat' dir='ltr'><strong>jurasset,</strong></span> <span class='ocrx_word' id='word_1_564' title='bbox 1267 1636 1355 1664; x_wconf 87' lang='lat' dir='ltr'><strong>neque</strong></span> <span class='ocrx_word' id='word_1_565' title='bbox 1366 1629 1544 1664; x_wconf 88' lang='lat' dir='ltr'><strong>jurejurando</strong></span> <span class='ocrx_word' id='word_1_566' title='bbox 1559 1630 1690 1657; x_wconf 84' lang='lat' dir='ltr'><strong>stetisset.</strong></span> <span class='ocrx_word' id='word_1_567' title='bbox 1708 1630 1746 1657; x_wconf 80' lang='lat' dir='ltr'><strong>Ex</strong></span> <span class='ocrx_word' id='word_1_568' title='bbox 1758 1637 1812 1673; x_wconf 66' lang='lat' dir='ltr'><strong>quo</strong></span> 
     </span>
    </p>
   </div>
   <div class='ocr_carea' id='block_1_78' title="bbox 1020 1674 1811 1710">
    <p class='ocr_par' dir='ltr' id='par_1_78' title="bbox 1020 1674 1811 1710">
     <span class='ocr_line' id='line_1_78' title="bbox 1020 1674 1811 1710; baseline 0 -8"><span class='ocrx_word' id='word_1_569' title='bbox 1020 1682 1081 1702; x_wconf 90' lang='lat' dir='ltr'><strong>cum</strong></span> <span class='ocrx_word' id='word_1_570' title='bbox 1108 1675 1256 1710; x_wconf 90' lang='lat' dir='ltr'><strong>imperator</strong></span> <span class='ocrx_word' id='word_1_571' title='bbox 1279 1675 1447 1710; x_wconf 86' lang='lat' dir='ltr'><strong>perspiceret</strong></span> <span class='ocrx_word' id='word_1_572' title='bbox 1473 1679 1501 1702; x_wconf 89' lang='lat' dir='ltr'><strong>et</strong></span> <span class='ocrx_word' id='word_1_573' title='bbox 1523 1674 1671 1709; x_wconf 91' lang='lat' dir='ltr'><strong>conjiceret</strong></span> <span class='ocrx_word' id='word_1_574' title='bbox 1695 1682 1729 1702; x_wconf 72' lang='lat' dir='ltr'><strong>ex</strong></span> <span class='ocrx_word' id='word_1_575' title='bbox 1758 1675 1811 1709; x_wconf 81' lang='lat' dir='ltr'><strong>his,</strong></span> 
     </span>
    </p>
   </div>
   <div class='ocr_carea' id='block_1_79' title="bbox 1020 1721 1811 1757">
    <p class='ocr_par' dir='ltr' id='par_1_79' title="bbox 1020 1721 1811 1757">
     <span class='ocr_line' id='line_1_79' title="bbox 1020 1721 1811 1757; baseline 0.001 -8"><span class='ocrx_word' id='word_1_576' title='bbox 1020 1729 1084 1757; x_wconf 56' lang='lat' dir='ltr'><strong>qua?</strong></span> <span class='ocrx_word' id='word_1_577' title='bbox 1093 1727 1252 1756; x_wconf 85' lang='lat' dir='ltr'><strong>evenerant,</strong></span> <span class='ocrx_word' id='word_1_578' title='bbox 1269 1722 1336 1750; x_wconf 89' lang='lat' dir='ltr'><strong>nihil</strong></span> <span class='ocrx_word' id='word_1_579' title='bbox 1351 1722 1441 1750; x_wconf 87' lang='lat' dir='ltr'><strong>inesse</strong></span> <span class='ocrx_word' id='word_1_580' title='bbox 1456 1721 1626 1751; x_wconf 88' lang='lat' dir='ltr'><strong>Conimundo</strong></span> <span class='ocrx_word' id='word_1_581' title='bbox 1640 1722 1713 1755; x_wconf 83' lang='lat' dir='ltr'><strong>fidei,</strong></span> <span class='ocrx_word' id='word_1_582' title='bbox 1730 1722 1811 1750; x_wconf 91' lang='lat' dir='ltr'><strong>mini-</strong></span> 
     </span>
    </p>
   </div>
   <div class='ocr_carea' id='block_1_80' title="bbox 1022 1766 1811 1802">
    <p class='ocr_par' dir='ltr' id='par_1_80' title="bbox 1022 1766 1811 1802">
     <span class='ocr_line' id='line_1_80' title="bbox 1022 1766 1811 1802; baseline 0.003 -8"><span class='ocrx_word' id='word_1_583' title='bbox 1022 1774 1065 1794; x_wconf 87' lang='lat' dir='ltr'><strong>tne</strong></span> <span class='ocrx_word' id='word_1_584' title='bbox 1076 1767 1184 1801; x_wconf 88' lang='lat' dir='ltr'><strong>quidem</strong></span> <span class='ocrx_word' id='word_1_585' title='bbox 1202 1766 1240 1794; x_wconf 90' lang='lat' dir='ltr'><strong>illi</strong></span> <span class='ocrx_word' id='word_1_586' title='bbox 1253 1767 1439 1802; x_wconf 89' lang='lat' dir='ltr'><strong>denegandum</strong></span> <span class='ocrx_word' id='word_1_587' title='bbox 1456 1767 1596 1801; x_wconf 83' lang='lat' dir='ltr'><strong>auxilium,</strong></span> <span class='ocrx_word' id='word_1_588' title='bbox 1619 1768 1666 1796; x_wconf 87' lang='lat' dir='ltr'><strong>sed</strong></span> <span class='ocrx_word' id='word_1_589' title='bbox 1682 1767 1811 1796; x_wconf 80' lang='lat' dir='ltr'><strong>dilatione</strong></span> 
     </span>
    </p>
   </div>
   <div class='ocr_carea' id='block_1_81' title="bbox 1019 1813 1812 1849">
    <p class='ocr_par' dir='ltr' id='par_1_81' title="bbox 1019 1813 1812 1849">
     <span class='ocr_line' id='line_1_81' title="bbox 1019 1813 1812 1849; baseline 0.003 -9"><span class='ocrx_word' id='word_1_590' title='bbox 1019 1816 1048 1840; x_wconf 89' lang='lat' dir='ltr'><strong>et</strong></span> <span class='ocrx_word' id='word_1_591' title='bbox 1059 1813 1303 1847; x_wconf 82' lang='lat' dir='ltr'><strong>procrastinatione</strong></span> <span class='ocrx_word' id='word_1_592' title='bbox 1316 1813 1472 1848; x_wconf 86' lang='lat' dir='ltr'><strong>petitionem</strong></span> <span class='ocrx_word' id='word_1_593' title='bbox 1483 1814 1543 1849; x_wconf 85' lang='lat' dir='ltr'><strong>ejus</strong></span> <span class='ocrx_word' id='word_1_594' title='bbox 1555 1814 1704 1842; x_wconf 86' lang='lat' dir='ltr'><strong>ducendam</strong></span> <span class='ocrx_word' id='word_1_595' title='bbox 1717 1813 1812 1842; x_wconf 52' lang='lat' dir='ltr'><strong>existi.</strong></span> 
     </span>
    </p>
   </div>
   <div class='ocr_carea' id='block_1_82' title="bbox 1020 1858 1812 1895">
    <p class='ocr_par' dir='ltr' id='par_1_82' title="bbox 1020 1858 1812 1895">
     <span class='ocr_line' id='line_1_82' title="bbox 1020 1858 1812 1895; baseline 0.004 -10"><span class='ocrx_word' id='word_1_596' title='bbox 1020 1859 1114 1886; x_wconf 83' lang='lat' dir='ltr'><strong>mavit.</strong></span> <span class='ocrx_word' id='word_1_597' title='bbox 1137 1858 1285 1894; x_wconf 74' lang='lat' dir='ltr'><strong>Respondit</strong></span> <span class='ocrx_word' id='word_1_598' title='bbox 1299 1860 1383 1891; x_wconf 91' lang='lat' dir='ltr'><strong>enim,</strong></span> <span class='ocrx_word' id='word_1_599' title='bbox 1409 1866 1458 1894; x_wconf 89' lang='lat' dir='ltr'><strong>per</strong></span> <span class='ocrx_word' id='word_1_600' title='bbox 1474 1860 1563 1887; x_wconf 84' lang='lat' dir='ltr'><strong>varias</strong></span> <span class='ocrx_word' id='word_1_601' title='bbox 1592 1860 1746 1895; x_wconf 88' lang='lat' dir='ltr'><strong>provincias</strong></span> <span class='ocrx_word' id='word_1_602' title='bbox 1771 1860 1812 1888; x_wconf 88' lang='lat' dir='ltr'><strong>di-</strong></span> 
     </span>
    </p>
   </div>
   <div class='ocr_carea' id='block_1_83' title="bbox 1020 1904 1811 1937">
    <p class='ocr_par' dir='ltr' id='par_1_83' title="bbox 1020 1904 1811 1937">
     <span class='ocr_line' id='line_1_83' title="bbox 1020 1904 1811 1937; baseline 0.004 -7"><span class='ocrx_word' id='word_1_603' title='bbox 1020 1911 1127 1937; x_wconf 83' lang='lat' dir='ltr'><strong>spersos</strong></span> <span class='ocrx_word' id='word_1_604' title='bbox 1145 1911 1205 1932; x_wconf 87' lang='lat' dir='ltr'><strong>esse</strong></span> <span class='ocrx_word' id='word_1_605' title='bbox 1221 1904 1405 1932; x_wconf 80' lang='lat' dir='ltr'><strong>Romanorum</strong></span> <span class='ocrx_word' id='word_1_606' title='bbox 1422 1906 1558 1932; x_wconf 74' lang='lat' dir='ltr'><strong>exercitus</strong></span> <span class='ocrx_word' id='word_1_607' title='bbox 1576 1912 1657 1933; x_wconf 89' lang='lat' dir='ltr'><strong>:cum</strong></span> <span class='ocrx_word' id='word_1_608' title='bbox 1670 1906 1811 1933; x_wconf 87' lang='lat' dir='ltr'><strong>celeritate</strong></span> 
     </span>
    </p>
   </div>
   <div class='ocr_carea' id='block_1_84' title="bbox 1019 1949 1809 1986">
    <p class='ocr_par' dir='ltr' id='par_1_84' title="bbox 1019 1949 1809 1986">
     <span class='ocr_line' id='line_1_84' title="bbox 1019 1949 1809 1986; baseline 0.001 -9"><span class='ocrx_word' id='word_1_609' title='bbox 1019 1953 1047 1977; x_wconf 88' lang='lat' dir='ltr'><strong>ct</strong></span> <span class='ocrx_word' id='word_1_610' title='bbox 1063 1950 1152 1977; x_wconf 87' lang='lat' dir='ltr'><strong>studio</strong></span> <span class='ocrx_word' id='word_1_611' title='bbox 1166 1949 1225 1977; x_wconf 87' lang='lat' dir='ltr'><strong>illos</strong></span> <span class='ocrx_word' id='word_1_612' title='bbox 1239 1953 1395 1977; x_wconf 86' lang='lat' dir='ltr'><strong>coacturum</strong></span> <span class='ocrx_word' id='word_1_613' title='bbox 1410 1954 1438 1977; x_wconf 89' lang='lat' dir='ltr'><strong>et</strong></span> <span class='ocrx_word' id='word_1_614' title='bbox 1463 1957 1543 1984; x_wconf 91' lang='lat' dir='ltr'><strong>quam</strong></span> <span class='ocrx_word' id='word_1_615' title='bbox 1559 1950 1691 1978; x_wconf 73' lang='lat' dir='ltr'><strong>citissime</strong></span> <span class='ocrx_word' id='word_1_616' title='bbox 1707 1958 1809 1986; x_wconf 90' lang='lat' dir='ltr'><strong>suppe-</strong></span> 
     </span>
    </p>
   </div>
   <div class='ocr_carea' id='block_1_85' title="bbox 1021 1994 1811 2031">
    <p class='ocr_par' dir='ltr' id='par_1_85' title="bbox 1021 1994 1811 2031">
     <span class='ocr_line' id='line_1_85' title="bbox 1021 1994 1811 2031; baseline 0.003 -9"><span class='ocrx_word' id='word_1_617' title='bbox 1021 1996 1072 2023; x_wconf 84' lang='lat' dir='ltr'><strong>tias</strong></span> <span class='ocrx_word' id='word_1_618' title='bbox 1096 1995 1254 2023; x_wconf 91' lang='lat' dir='ltr'><strong>missurum.</strong></span> <span class='ocrx_word' id='word_1_619' title='bbox 1277 1994 1340 2022; x_wconf 71' lang='lat' dir='ltr'><strong>Hmc</strong></span> <span class='ocrx_word' id='word_1_620' title='bbox 1363 2002 1473 2031; x_wconf 87' lang='lat' dir='ltr'><strong>quoque</strong></span> <span class='ocrx_word' id='word_1_621' title='bbox 1490 1995 1555 2022; x_wconf 90' lang='lat' dir='ltr'><strong>mihi</strong></span> <span class='ocrx_word' id='word_1_622' title='bbox 1581 1996 1614 2023; x_wconf 93' lang='lat' dir='ltr'><strong>de</strong></span> <span class='ocrx_word' id='word_1_623' title='bbox 1639 1995 1811 2024; x_wconf 91' lang='lat' dir='ltr'><strong>Conimundo</strong></span> 
     </span>
    </p>
   </div>
   <div class='ocr_carea' id='block_1_86' title="bbox 1020 2039 1808 2069">
    <p class='ocr_par' dir='ltr' id='par_1_86' title="bbox 1020 2039 1808 2069">
     <span class='ocr_line' id='line_1_86' title="bbox 1020 2039 1808 2069; baseline 0.004 -3"><span class='ocrx_word' id='word_1_624' title='bbox 1020 2039 1110 2067; x_wconf 89' lang='lat' dir='ltr'><strong>audita</strong></span> <span class='ocrx_word' id='word_1_625' title='bbox 1124 2047 1131 2066; x_wconf 91' lang='lat'><strong>:</strong></span> <span class='ocrx_word' id='word_1_626' title='bbox 1153 2040 1201 2067; x_wconf 90' lang='lat' dir='ltr'><strong>sed</strong></span> <span class='ocrx_word' id='word_1_627' title='bbox 1217 2040 1327 2067; x_wconf 89' lang='lat' dir='ltr'><strong>minimc</strong></span> <span class='ocrx_word' id='word_1_628' title='bbox 1340 2040 1496 2068; x_wconf 79' lang='lat' dir='ltr'><strong>verisimilia</strong></span> <span class='ocrx_word' id='word_1_629' title='bbox 1506 2041 1641 2069; x_wconf 90' lang='lat' dir='ltr'><strong>videntur.</strong></span> <span class='ocrx_word' id='word_1_630' title='bbox 1656 2040 1720 2069; x_wconf 78' lang='lat' dir='ltr'><strong>Mihi</strong></span> <span class='ocrx_word' id='word_1_631' title='bbox 1736 2041 1808 2069; x_wconf 89' lang='lat' dir='ltr'><strong>enim</strong></span> 
     </span>
    </p>
   </div>
   <div class='ocr_carea' id='block_1_87' title="bbox 1020 2084 1809 2121">
    <p class='ocr_par' dir='ltr' id='par_1_87' title="bbox 1020 2084 1809 2121">
     <span class='ocr_line' id='line_1_87' title="bbox 1020 2084 1809 2121; baseline 0.004 -10"><span class='ocrx_word' id='word_1_632' title='bbox 1020 2084 1086 2112; x_wconf 81' lang='lat' dir='ltr'><strong>satis</strong></span> <span class='ocrx_word' id='word_1_633' title='bbox 1103 2085 1245 2119; x_wconf 89' lang='lat' dir='ltr'><strong>impudens</strong></span> <span class='ocrx_word' id='word_1_634' title='bbox 1259 2085 1364 2112; x_wconf 85' lang='lat' dir='ltr'><strong>videtur</strong></span> <span class='ocrx_word' id='word_1_635' title='bbox 1379 2085 1413 2118; x_wconf 89' lang='lat' dir='ltr'><strong>is,</strong></span> <span class='ocrx_word' id='word_1_636' title='bbox 1430 2086 1476 2121; x_wconf 90' lang='lat' dir='ltr'><strong>qui</strong></span> <span class='ocrx_word' id='word_1_637' title='bbox 1494 2093 1555 2114; x_wconf 90' lang='lat' dir='ltr'><strong>cum</strong></span> <span class='ocrx_word' id='word_1_638' title='bbox 1579 2085 1681 2114; x_wconf 70' lang='lat' dir='ltr'><strong>ftetlcra</strong></span> <span class='ocrx_word' id='word_1_639' title='bbox 1694 2087 1809 2121; x_wconf 90' lang='lat' dir='ltr'><strong>ruperit,</strong></span> 
     </span>
    </p>
   </div>
   <div class='ocr_carea' id='block_1_88' title="bbox 1019 2131 1811 2166">
    <p class='ocr_par' dir='ltr' id='par_1_88' title="bbox 1019 2131 1811 2166">
     <span class='ocr_line' id='line_1_88' title="bbox 1019 2131 1811 2166; baseline 0.003 -8"><span class='ocrx_word' id='word_1_640' title='bbox 1019 2132 1114 2159; x_wconf 82' lang='lat' dir='ltr'><strong>eadem</strong></span> <span class='ocrx_word' id='word_1_641' title='bbox 1137 2138 1232 2159; x_wconf 88' lang='lat' dir='ltr'><strong>rursus</strong></span> <span class='ocrx_word' id='word_1_642' title='bbox 1259 2131 1334 2166; x_wconf 90' lang='lat' dir='ltr'><strong>petit.</strong></span> <span class='ocrx_word' id='word_1_643' title='bbox 1360 2132 1463 2159; x_wconf 87' lang='lat' dir='ltr'><strong>Dicitur</strong></span> <span class='ocrx_word' id='word_1_644' title='bbox 1477 2138 1552 2164; x_wconf 88' lang='lat' dir='ltr'><strong>vero,</strong></span> <span class='ocrx_word' id='word_1_645' title='bbox 1568 2139 1620 2159; x_wconf 93' lang='lat' dir='ltr'><strong>non</strong></span> <span class='ocrx_word' id='word_1_646' title='bbox 1647 2131 1733 2160; x_wconf 85' lang='lat' dir='ltr'><strong>solum</strong></span> <span class='ocrx_word' id='word_1_647' title='bbox 1747 2137 1811 2160; x_wconf 89' lang='lat' dir='ltr'><strong>tunc</strong></span> 
     </span>
    </p>
   </div>
   <div class='ocr_carea' id='block_1_89' title="bbox 1021 2176 1808 2213">
    <p class='ocr_par' dir='ltr' id='par_1_89' title="bbox 1021 2176 1808 2213">
     <span class='ocr_line' id='line_1_89' title="bbox 1021 2176 1808 2213; baseline 0.003 -9"><span class='ocrx_word' id='word_1_648' title='bbox 1021 2177 1151 2212; x_wconf 80' lang='lat' dir='ltr'><strong>temporis</strong></span> <span class='ocrx_word' id='word_1_649' title='bbox 1164 2176 1357 2212; x_wconf 84' lang='lat' dir='ltr'><strong>Longoburdos</strong></span> <span class='ocrx_word' id='word_1_650' title='bbox 1374 2177 1478 2213; x_wconf 88' lang='lat' dir='ltr'><strong>legatos</strong></span> <span class='ocrx_word' id='word_1_651' title='bbox 1493 2178 1527 2205; x_wconf 87' lang='lat' dir='ltr'><strong>ad</strong></span> <span class='ocrx_word' id='word_1_652' title='bbox 1543 2177 1679 2206; x_wconf 82' lang='lat' dir='ltr'><strong>Justinum</strong></span> <span class='ocrx_word' id='word_1_653' title='bbox 1690 2178 1808 2211; x_wconf 86' lang='lat' dir='ltr'><strong>misisse,</strong></span> 
     </span>
    </p>
   </div>
   <div class='ocr_carea' id='block_1_90' title="bbox 182 2222 978 2262">
    <p class='ocr_par' dir='ltr' id='par_1_90' title="bbox 182 2224 968 2262">
     <span class='ocr_line' id='line_1_90' title="bbox 182 2224 968 2262; baseline 0.001 -11"><span class='ocrx_word' id='word_1_654' title='bbox 182 2225 272 2259; x_wconf 85' lang='grc' dir='ltr'>μαίων</span> <span class='ocrx_word' id='word_1_655' title='bbox 300 2225 350 2260; x_wconf 76' lang='grc' dir='ltr'>μὲν</span> <span class='ocrx_word' id='word_1_656' title='bbox 376 2225 532 2261; x_wconf 81' lang='grc' dir='ltr'>θηρώμενοι</span> <span class='ocrx_word' id='word_1_657' title='bbox 560 2226 720 2262; x_wconf 78' lang='grc' dir='ltr'>συμμαχίαν</span> <span class='ocrx_word' id='word_1_658' title='bbox 748 2226 851 2261; x_wconf 73' lang='grc' dir='ltr'>ἠνυσαν</span> <span class='ocrx_word' id='word_1_659' title='bbox 879 2224 968 2258; x_wconf 68' lang='grc' dir='ltr'>οὐδὲν,</span> 
     </span>
    </p>
   </div>
   <div class='ocr_carea' id='block_1_91' title="bbox 1022 2222 1811 2262">
    <p class='ocr_par' dir='ltr' id='par_1_91' title="bbox 1022 2222 1811 2259">
     <span class='ocr_line' id='line_1_91' title="bbox 1022 2222 1811 2259; baseline 0.003 -9"><span class='ocrx_word' id='word_1_660' title='bbox 1022 2224 1068 2254; x_wconf 79' lang='lat' dir='ltr'><strong>sed</strong></span> <span class='ocrx_word' id='word_1_661' title='bbox 1081 2223 1177 2257; x_wconf 87' lang='lat' dir='ltr'><strong>quavis</strong></span> <span class='ocrx_word' id='word_1_662' title='bbox 1198 2222 1303 2251; x_wconf 87' lang='lat' dir='ltr'><strong>ratione</strong></span> <span class='ocrx_word' id='word_1_663' title='bbox 1321 2230 1367 2251; x_wconf 88' lang='lat' dir='ltr'><strong>eos</strong></span> <span class='ocrx_word' id='word_1_664' title='bbox 1391 2223 1509 2258; x_wconf 85' lang='lat' dir='ltr'><strong>Gepidas</strong></span> <span class='ocrx_word' id='word_1_665' title='bbox 1526 2224 1597 2259; x_wconf 83' lang='lat' dir='ltr'><strong>apud</strong></span> <span class='ocrx_word' id='word_1_666' title='bbox 1614 2223 1751 2252; x_wconf 83' lang='lat' dir='ltr'><strong>Romanos</strong></span> <span class='ocrx_word' id='word_1_667' title='bbox 1768 2225 1811 2252; x_wconf 91' lang='lat' dir='ltr'><strong>in-</strong></span> 
     </span>
    </p>
   </div>
   <div class='ocr_carea' id='block_1_92' title="bbox 181 2271 972 2308">
    <p class='ocr_par' dir='ltr' id='par_1_92' title="bbox 181 2271 972 2308">
     <span class='ocr_line' id='line_1_92' title="bbox 181 2271 972 2308; baseline -0.001 -11"><span class='ocrx_word' id='word_1_668' title='bbox 181 2272 390 2307; x_wconf 79' lang='grc' dir='ltr'>κατεπράξαντο</span> <span class='ocrx_word' id='word_1_669' title='bbox 403 2273 431 2299; x_wconf 84' lang='grc' dir='ltr'><strong>δὲ</strong></span> <span class='ocrx_word' id='word_1_670' title='bbox 451 2274 525 2307; x_wconf 80' lang='grc' dir='ltr'>ὅμως</span> <span class='ocrx_word' id='word_1_671' title='bbox 541 2273 610 2307; x_wconf 79' lang='grc' dir='ltr'>πρὸς</span> <span class='ocrx_word' id='word_1_672' title='bbox 626 2272 674 2299; x_wconf 82' lang='grc' dir='ltr'>τοῦ</span> <span class='ocrx_word' id='word_1_673' title='bbox 687 2272 819 2307; x_wconf 82' lang='grc' dir='ltr'>βασιλέως</span> <span class='ocrx_word' id='word_1_674' title='bbox 833 2271 900 2308; x_wconf 76' lang='grc' dir='ltr'>μηδὲ</span> <span class='ocrx_word' id='word_1_675' title='bbox 914 2271 972 2297; x_wconf 73' lang='grc' dir='ltr'>ιτε-</span> 
     </span>
    </p>
   </div>
   <div class='ocr_carea' id='block_1_93' title="bbox 182 2317 823 2353">
    <p class='ocr_par' dir='ltr' id='par_1_93' title="bbox 182 2317 823 2353">
     <span class='ocr_line' id='line_1_93' title="bbox 182 2317 823 2353; baseline -0.002 -8"><span class='ocrx_word' id='word_1_676' title='bbox 182 2324 247 2352; x_wconf 78' lang='grc' dir='ltr'>ρους</span> <span class='ocrx_word' id='word_1_677' title='bbox 264 2317 313 2353; x_wconf 81' lang='grc' dir='ltr'>τῆς</span> <span class='ocrx_word' id='word_1_678' title='bbox 332 2317 476 2353; x_wconf 84' lang='grc' dir='ltr'>Ῥωμαίων</span> <span class='ocrx_word' id='word_1_679' title='bbox 488 2317 642 2345; x_wconf 77' lang='grc' dir='ltr'>ἀπολαῦσαι</span> <span class='ocrx_word' id='word_1_680' title='bbox 654 2319 823 2353; x_wconf 69' lang='grc' dir='ltr'>ἐπικουρίας.</span> 
     </span>
    </p>
   </div>
   <div class='ocr_carea' id='block_1_94' title="bbox 219 2448 967 2485">
    <p class='ocr_par' dir='ltr' id='par_1_94' title="bbox 219 2448 967 2485">
     <span class='ocr_line' id='line_1_94' title="bbox 219 2448 967 2485; baseline -0.003 -9"><span class='ocrx_word' id='word_1_681' title='bbox 219 2448 265 2484; x_wconf 80' lang='grc' dir='ltr'>ιγ’.</span> <span class='ocrx_word' id='word_1_682' title='bbox 282 2450 344 2478; x_wconf 82' lang='grc' dir='ltr'><strong>Ὀτι</strong></span> <span class='ocrx_word' id='word_1_683' title='bbox 361 2450 476 2482; x_wconf 76' lang='grc' dir='ltr'>Βαὶανὸς</span> <span class='ocrx_word' id='word_1_684' title='bbox 493 2451 508 2477; x_wconf 79' lang='grc' dir='ltr'><strong>ὁ</strong></span> <span class='ocrx_word' id='word_1_685' title='bbox 529 2450 584 2477; x_wconf 84' lang='grc' dir='ltr'>τῶν</span> <span class='ocrx_word' id='word_1_686' title='bbox 606 2449 729 2485; x_wconf 74' lang='grc' dir='ltr'><strong>’Δσάρων</strong></span> <span class='ocrx_word' id='word_1_687' title='bbox 752 2448 913 2485; x_wconf 67' lang='grc' dir='ltr'>ἡγούμενος,</span> <span class='ocrx_word' id='word_1_688' title='bbox 938 2450 967 2475; x_wconf 80' lang='grc' dir='ltr'>ὲν</span> 
     </span>
    </p>
   </div>
   <div class='ocr_carea' id='block_1_95' title="bbox 180 2493 964 2532">
    <p class='ocr_par' dir='ltr' id='par_1_95' title="bbox 180 2493 964 2532">
     <span class='ocr_line' id='line_1_95' title="bbox 180 2493 964 2532; baseline -0.004 -9"><span class='ocrx_word' id='word_1_689' title='bbox 180 2493 204 2530; x_wconf 81' lang='grc' dir='ltr'><strong>ᾧ</strong></span> <span class='ocrx_word' id='word_1_690' title='bbox 218 2496 308 2532; x_wconf 82' lang='grc' dir='ltr'>χρόνῳ</span> <span class='ocrx_word' id='word_1_691' title='bbox 328 2496 359 2523; x_wconf 81' lang='grc' dir='ltr'>τὸ</span> <span class='ocrx_word' id='word_1_692' title='bbox 386 2496 500 2531; x_wconf 88' lang='grc' dir='ltr'>Σίρμιον</span> <span class='ocrx_word' id='word_1_693' title='bbox 515 2496 645 2531; x_wconf 70' lang='grc' dir='ltr'>ἠϐούλετο</span> <span class='ocrx_word' id='word_1_694' title='bbox 666 2495 870 2530; x_wconf 74' lang='grc' dir='ltr'>πολιορκήσειν,</span> <span class='ocrx_word' id='word_1_695' title='bbox 885 2495 964 2521; x_wconf 85' lang='grc' dir='ltr'>Βιτα-</span> 
     </span>
    </p>
   </div>
   <div class='ocr_carea' id='block_1_96' title="bbox 181 2538 969 2581">
    <p class='ocr_par' dir='ltr' id='par_1_96' title="bbox 181 2538 969 2581">
     <span class='ocr_line' id='line_1_96' title="bbox 181 2538 969 2581; baseline -0.005 -11"><span class='ocrx_word' id='word_1_696' title='bbox 181 2542 272 2570; x_wconf 85' lang='grc' dir='ltr'>λιανόν</span> <span class='ocrx_word' id='word_1_697' title='bbox 291 2550 322 2570; x_wconf 79' lang='grc' dir='ltr'><strong>τε</strong></span> <span class='ocrx_word' id='word_1_698' title='bbox 342 2542 389 2570; x_wconf 80' lang='grc' dir='ltr'>τὸν</span> <span class='ocrx_word' id='word_1_699' title='bbox 414 2542 536 2578; x_wconf 71' lang='grc' dir='ltr'>ἑρμηνέα</span> <span class='ocrx_word' id='word_1_700' title='bbox 565 2542 610 2581; x_wconf 44' lang='lat' dir='ltr'><strong>{sui</strong></span> <span class='ocrx_word' id='word_1_701' title='bbox 628 2542 751 2576; x_wconf 80' lang='grc' dir='ltr'>Κομιτᾶν</span> <span class='ocrx_word' id='word_1_702' title='bbox 776 2538 849 2575; x_wconf 75' lang='grc' dir='ltr'>εἶχεν</span> <span class='ocrx_word' id='word_1_703' title='bbox 882 2541 912 2567; x_wconf 68' lang='grc' dir='ltr'>ὲν</span> <span class='ocrx_word' id='word_1_704' title='bbox 926 2540 969 2566; x_wconf 63' lang='grc' dir='ltr'><strong>δε-</strong></span> 
     </span>
    </p>
   </div>
   <div class='ocr_carea' id='block_1_97' title="bbox 182 2586 969 2624">
    <p class='ocr_par' dir='ltr' id='par_1_97' title="bbox 182 2586 969 2624">
     <span class='ocr_line' id='line_1_97' title="bbox 182 2586 969 2624; baseline -0.003 -10"><span class='ocrx_word' id='word_1_705' title='bbox 182 2590 274 2623; x_wconf 81' lang='grc' dir='ltr'>σμοῖς.</span> <span class='ocrx_word' id='word_1_706' title='bbox 292 2589 393 2624; x_wconf 71' lang='grc' dir='ltr'>’Ἄμφω</span> <span class='ocrx_word' id='word_1_707' title='bbox 413 2588 469 2623; x_wconf 84' lang='grc' dir='ltr'>γὰρ</span> <span class='ocrx_word' id='word_1_708' title='bbox 483 2587 522 2615; x_wconf 87' lang='grc' dir='ltr'>τὼ</span> <span class='ocrx_word' id='word_1_709' title='bbox 535 2588 615 2624; x_wconf 64' lang='grc' dir='ltr'>ἄνδρα</span> <span class='ocrx_word' id='word_1_710' title='bbox 628 2588 717 2614; x_wconf 83' lang='grc' dir='ltr'>τούτω</span> <span class='ocrx_word' id='word_1_711' title='bbox 736 2587 878 2619; x_wconf 82' lang='grc' dir='ltr'>Ἰουστίνος</span> <span class='ocrx_word' id='word_1_712' title='bbox 891 2587 905 2612; x_wconf 81' lang='grc' dir='ltr'><strong><em>ὁ</em></strong></span> <span class='ocrx_word' id='word_1_713' title='bbox 923 2586 969 2621; x_wconf 82' lang='grc' dir='ltr'><strong>βα-</strong></span> 
     </span>
    </p>
   </div>
   <div class='ocr_carea' id='block_1_98' title="bbox 182 2633 970 2670">
    <p class='ocr_par' dir='ltr' id='par_1_98' title="bbox 182 2633 970 2670">
     <span class='ocr_line' id='line_1_98' title="bbox 182 2633 970 2670; baseline -0.001 -11"><span class='ocrx_word' id='word_1_714' title='bbox 182 2633 273 2666; x_wconf 76' lang='grc' dir='ltr'>σιλεὺς</span> <span class='ocrx_word' id='word_1_715' title='bbox 287 2633 338 2670; x_wconf 67' lang='grc' dir='ltr'><strong>ἤδη</strong></span> <span class='ocrx_word' id='word_1_716' title='bbox 351 2634 459 2665; x_wconf 82' lang='grc' dir='ltr'>στείλας</span> <span class='ocrx_word' id='word_1_717' title='bbox 474 2634 599 2669; x_wconf 69' lang='grc' dir='ltr'>ὑπῆρχεν</span> <span class='ocrx_word' id='word_1_718' title='bbox 614 2634 651 2665; x_wconf 77' lang='grc' dir='ltr'>ὡς</span> <span class='ocrx_word' id='word_1_719' title='bbox 667 2633 759 2665; x_wconf 73' lang='grc' dir='ltr'>αὑτὸν.</span> <span class='ocrx_word' id='word_1_720' title='bbox 779 2633 938 2668; x_wconf 72' lang='grc' dir='ltr'>αἰτήσοντας</span> <span class='ocrx_word' id='word_1_721' title='bbox 947 2633 970 2648; x_wconf 79' lang='grc'><strong>⁵⁸</strong></span> 
     </span>
    </p>
   </div>
   <div class='ocr_carea' id='block_1_99' title="bbox 1021 2269 1810 2306">
    <p class='ocr_par' dir='ltr' id='par_1_99' title="bbox 1021 2269 1810 2306">
     <span class='ocr_line' id='line_1_99' title="bbox 1021 2269 1810 2306; baseline 0 -9"><span class='ocrx_word' id='word_1_722' title='bbox 1021 2270 1090 2306; x_wconf 88' lang='lat' dir='ltr'><strong>grati</strong></span> <span class='ocrx_word' id='word_1_723' title='bbox 1104 2278 1170 2305; x_wconf 87' lang='lat' dir='ltr'><strong>erga</strong></span> <span class='ocrx_word' id='word_1_724' title='bbox 1185 2269 1245 2297; x_wconf 86' lang='lat' dir='ltr'><strong>illos</strong></span> <span class='ocrx_word' id='word_1_725' title='bbox 1265 2270 1348 2297; x_wconf 90' lang='lat' dir='ltr'><strong>animi</strong></span> <span class='ocrx_word' id='word_1_726' title='bbox 1365 2269 1536 2298; x_wconf 88' lang='lat' dir='ltr'><strong>insimulatos</strong></span> <span class='ocrx_word' id='word_1_727' title='bbox 1556 2276 1628 2303; x_wconf 88' lang='lat' dir='ltr'><strong>esse,</strong></span> <span class='ocrx_word' id='word_1_728' title='bbox 1647 2277 1701 2305; x_wconf 92' lang='lat' dir='ltr'><strong>quo</strong></span> <span class='ocrx_word' id='word_1_729' title='bbox 1723 2271 1810 2306; x_wconf 86' lang='lat' dir='ltr'><strong>magis</strong></span> 
     </span>
    </p>
   </div>
   <div class='ocr_carea' id='block_1_100' title="bbox 1020 2315 1809 2351">
    <p class='ocr_par' dir='ltr' id='par_1_100' title="bbox 1020 2315 1809 2351">
     <span class='ocr_line' id='line_1_100' title="bbox 1020 2315 1809 2351; baseline 0.001 -9"><span class='ocrx_word' id='word_1_730' title='bbox 1020 2316 1070 2350; x_wconf 82' lang='lat' dir='ltr'><strong>ipsi</strong></span> <span class='ocrx_word' id='word_1_731' title='bbox 1084 2315 1185 2342; x_wconf 87' lang='lat' dir='ltr'><strong>auxilio</strong></span> <span class='ocrx_word' id='word_1_732' title='bbox 1199 2315 1271 2351; x_wconf 82' lang='lat' dir='ltr'><strong>digni</strong></span> <span class='ocrx_word' id='word_1_733' title='bbox 1293 2315 1460 2349; x_wconf 83' lang='lat' dir='ltr'><strong>viderentur,</strong></span> <span class='ocrx_word' id='word_1_734' title='bbox 1482 2315 1529 2343; x_wconf 88' lang='lat' dir='ltr'><strong>sed</strong></span> <span class='ocrx_word' id='word_1_735' title='bbox 1547 2315 1613 2343; x_wconf 87' lang='lat' dir='ltr'><strong>nihil</strong></span> <span class='ocrx_word' id='word_1_736' title='bbox 1627 2315 1809 2351; x_wconf 82' lang='lat' dir='ltr'><strong>profecerunt.</strong></span> 
     </span>
    </p>
   </div>
   <div class='ocr_carea' id='block_1_101' title="bbox 1020 2361 1810 2396">
    <p class='ocr_par' dir='ltr' id='par_1_101' title="bbox 1020 2361 1810 2396">
     <span class='ocr_line' id='line_1_101' title="bbox 1020 2361 1810 2396; baseline 0 -8"><span class='ocrx_word' id='word_1_737' title='bbox 1020 2361 1077 2390; x_wconf 91' lang='lat' dir='ltr'><strong>lioc</strong></span> <span class='ocrx_word' id='word_1_738' title='bbox 1089 2367 1179 2389; x_wconf 84' lang='lat' dir='ltr'><strong>tamen</strong></span> <span class='ocrx_word' id='word_1_739' title='bbox 1194 2362 1227 2389; x_wconf 91' lang='lat' dir='ltr'><strong>ab</strong></span> <span class='ocrx_word' id='word_1_740' title='bbox 1246 2361 1411 2396; x_wconf 82' lang='lat' dir='ltr'><strong>imperatore</strong></span> <span class='ocrx_word' id='word_1_741' title='bbox 1427 2361 1567 2389; x_wconf 89' lang='lat' dir='ltr'><strong>consecuti</strong></span> <span class='ocrx_word' id='word_1_742' title='bbox 1581 2366 1654 2394; x_wconf 90' lang='lat' dir='ltr'><strong>sunt,</strong></span> <span class='ocrx_word' id='word_1_743' title='bbox 1669 2366 1700 2389; x_wconf 89' lang='lat' dir='ltr'><strong>ut</strong></span> <span class='ocrx_word' id='word_1_744' title='bbox 1715 2366 1810 2390; x_wconf 88' lang='lat' dir='ltr'><strong>neutra</strong></span> 
     </span>
    </p>
   </div>
   <div class='ocr_carea' id='block_1_102' title="bbox 1018 2407 1542 2442">
    <p class='ocr_par' dir='ltr' id='par_1_102' title="bbox 1018 2407 1542 2442">
     <span class='ocr_line' id='line_1_102' title="bbox 1018 2407 1542 2442; baseline 0.004 -8"><span class='ocrx_word' id='word_1_745' title='bbox 1018 2415 1084 2442; x_wconf 86' lang='lat' dir='ltr'><strong>gens</strong></span> <span class='ocrx_word' id='word_1_746' title='bbox 1098 2415 1112 2434; x_wconf 87' lang='lat' dir='ltr'><strong>a</strong></span> <span class='ocrx_word' id='word_1_747' title='bbox 1125 2408 1255 2435; x_wconf 80' lang='lat' dir='ltr'><strong>Romanis</strong></span> <span class='ocrx_word' id='word_1_748' title='bbox 1269 2407 1378 2434; x_wconf 83' lang='lat' dir='ltr'><strong>auxiliis</strong></span> <span class='ocrx_word' id='word_1_749' title='bbox 1390 2407 1542 2441; x_wconf 80' lang='lat' dir='ltr'><strong>iuvaretur.</strong></span> 
     </span>
    </p>
   </div>
   <div class='ocr_carea' id='block_1_103' title="bbox 1057 2450 1810 2487">
    <p class='ocr_par' dir='ltr' id='par_1_103' title="bbox 1057 2450 1810 2487">
     <span class='ocr_line' id='line_1_103' title="bbox 1057 2450 1810 2487; baseline 0.001 -9"><span class='ocrx_word' id='word_1_750' title='bbox 1057 2451 1100 2478; x_wconf 77' lang='lat' dir='ltr'><strong>l3.</strong></span> <span class='ocrx_word' id='word_1_751' title='bbox 1116 2451 1148 2487; x_wconf 90' lang='lat' dir='ltr'><strong>(f.</strong></span> <span class='ocrx_word' id='word_1_752' title='bbox 1164 2452 1198 2479; x_wconf 80' lang='grc' dir='ltr'><strong>Α.</strong></span> <span class='ocrx_word' id='word_1_753' title='bbox 1214 2451 1244 2479; x_wconf 88' lang='lat' dir='ltr'><strong>C.</strong></span> <span class='ocrx_word' id='word_1_754' title='bbox 1260 2452 1311 2479; x_wconf 82' lang='lat'><strong>568</strong></span> <span class='ocrx_word' id='word_1_755' title='bbox 1331 2451 1388 2478; x_wconf 90' lang='lat' dir='ltr'><strong>lnd.</strong></span> <span class='ocrx_word' id='word_1_756' title='bbox 1405 2452 1417 2478; x_wconf 77' lang='lat' dir='ltr'><strong>l</strong></span> <span class='ocrx_word' id='word_1_757' title='bbox 1437 2450 1533 2478; x_wconf 76' lang='lat' dir='ltr'><strong>Justini</strong></span> <span class='ocrx_word' id='word_1_758' title='bbox 1552 2451 1590 2487; x_wconf 72' lang='grc'><strong>4.)</strong></span> <span class='ocrx_word' id='word_1_759' title='bbox 1615 2452 1733 2486; x_wconf 77' lang='lat' dir='ltr'><strong>Bajanus</strong></span> <span class='ocrx_word' id='word_1_760' title='bbox 1757 2460 1810 2487; x_wconf 88' lang='lat' dir='ltr'><strong>quo</strong></span> 
     </span>
    </p>
   </div>
   <div class='ocr_carea' id='block_1_104' title="bbox 1022 2495 1809 2531">
    <p class='ocr_par' dir='ltr' id='par_1_104' title="bbox 1022 2495 1809 2531">
     <span class='ocr_line' id='line_1_104' title="bbox 1022 2495 1809 2531; baseline 0 -8"><span class='ocrx_word' id='word_1_761' title='bbox 1022 2502 1144 2531; x_wconf 87' lang='lat' dir='ltr'><strong>tempore</strong></span> <span class='ocrx_word' id='word_1_762' title='bbox 1155 2496 1187 2523; x_wconf 86' lang='lat' dir='ltr'><strong>de</strong></span> <span class='ocrx_word' id='word_1_763' title='bbox 1196 2495 1346 2523; x_wconf 85' lang='lat' dir='ltr'><strong>obsidendo</strong></span> <span class='ocrx_word' id='word_1_764' title='bbox 1363 2495 1464 2523; x_wconf 90' lang='lat' dir='ltr'><strong>Sirmio</strong></span> <span class='ocrx_word' id='word_1_765' title='bbox 1474 2495 1621 2531; x_wconf 74' lang='lat' dir='ltr'><strong>cogitabat,</strong></span> <span class='ocrx_word' id='word_1_766' title='bbox 1638 2497 1652 2522; x_wconf 81' lang='lat'><strong><em>\</em></strong></span> <span class='ocrx_word' id='word_1_767' title='bbox 1661 2496 1809 2523; x_wconf 86' lang='lat' dir='ltr'><strong>itallianmn</strong></span> 
     </span>
    </p>
   </div>
   <div class='ocr_carea' id='block_1_105' title="bbox 1022 2541 1806 2577">
    <p class='ocr_par' dir='ltr' id='par_1_105' title="bbox 1022 2541 1806 2577">
     <span class='ocr_line' id='line_1_105' title="bbox 1022 2541 1806 2577; baseline 0 -8"><span class='ocrx_word' id='word_1_768' title='bbox 1022 2542 1198 2576; x_wconf 90' lang='lat' dir='ltr'><strong>interpretem</strong></span> <span class='ocrx_word' id='word_1_769' title='bbox 1209 2545 1236 2569; x_wconf 92' lang='lat' dir='ltr'><strong>et</strong></span> <span class='ocrx_word' id='word_1_770' title='bbox 1250 2541 1375 2569; x_wconf 85' lang='lat' dir='ltr'><strong>Comitan</strong></span> <span class='ocrx_word' id='word_1_771' title='bbox 1385 2543 1413 2569; x_wconf 87' lang='lat' dir='ltr'><strong>in</strong></span> <span class='ocrx_word' id='word_1_772' title='bbox 1425 2541 1529 2569; x_wconf 89' lang='lat' dir='ltr'><strong>vincula</strong></span> <span class='ocrx_word' id='word_1_773' title='bbox 1544 2541 1668 2577; x_wconf 75' lang='lat' dir='ltr'><strong>c0njccit.</strong></span> <span class='ocrx_word' id='word_1_774' title='bbox 1687 2541 1742 2569; x_wconf 83' lang='lat' dir='ltr'><strong>ilus</strong></span> <span class='ocrx_word' id='word_1_775' title='bbox 1757 2549 1806 2569; x_wconf 87' lang='lat' dir='ltr'><strong>au-</strong></span> 
     </span>
    </p>
   </div>
   <div class='ocr_carea' id='block_1_106' title="bbox 1025 2586 1808 2623">
    <p class='ocr_par' dir='ltr' id='par_1_106' title="bbox 1025 2586 1808 2623">
     <span class='ocr_line' id='line_1_106' title="bbox 1025 2586 1808 2623; baseline 0 -9"><span class='ocrx_word' id='word_1_776' title='bbox 1025 2592 1078 2615; x_wconf 90' lang='lat' dir='ltr'><strong>tem</strong></span> <span class='ocrx_word' id='word_1_777' title='bbox 1093 2586 1160 2614; x_wconf 88' lang='lat' dir='ltr'><strong>duos</strong></span> <span class='ocrx_word' id='word_1_778' title='bbox 1175 2586 1247 2614; x_wconf 85' lang='lat' dir='ltr'><strong>viros</strong></span> <span class='ocrx_word' id='word_1_779' title='bbox 1260 2586 1384 2614; x_wconf 79' lang='lat' dir='ltr'><strong>Justinus</strong></span> <span class='ocrx_word' id='word_1_780' title='bbox 1410 2587 1557 2623; x_wconf 86' lang='lat' dir='ltr'><strong>imperator</strong></span> <span class='ocrx_word' id='word_1_781' title='bbox 1570 2588 1669 2615; x_wconf 91' lang='lat' dir='ltr'><strong>dudum</strong></span> <span class='ocrx_word' id='word_1_782' title='bbox 1688 2588 1721 2615; x_wconf 89' lang='lat' dir='ltr'><strong>ad</strong></span> <span class='ocrx_word' id='word_1_783' title='bbox 1736 2587 1808 2615; x_wconf 86' lang='lat' dir='ltr'><strong>illum</strong></span> 
     </span>
    </p>
   </div>
   <div class='ocr_carea' id='block_1_107' title="bbox 1026 2633 1811 2669">
    <p class='ocr_par' dir='ltr' id='par_1_107' title="bbox 1026 2633 1811 2669">
     <span class='ocr_line' id='line_1_107' title="bbox 1026 2633 1811 2669; baseline 0 -8"><span class='ocrx_word' id='word_1_784' title='bbox 1026 2633 1148 2667; x_wconf 88' lang='lat' dir='ltr'><strong>miserat,</strong></span> <span class='ocrx_word' id='word_1_785' title='bbox 1166 2638 1197 2660; x_wconf 91' lang='lat' dir='ltr'><strong>ut</strong></span> <span class='ocrx_word' id='word_1_786' title='bbox 1217 2634 1318 2661; x_wconf 89' lang='lat' dir='ltr'><strong>aditum</strong></span> <span class='ocrx_word' id='word_1_787' title='bbox 1344 2635 1377 2661; x_wconf 88' lang='lat' dir='ltr'><strong>ad</strong></span> <span class='ocrx_word' id='word_1_788' title='bbox 1398 2634 1606 2669; x_wconf 82' lang='lat' dir='ltr'><strong>colloquendum</strong></span> <span class='ocrx_word' id='word_1_789' title='bbox 1631 2641 1691 2661; x_wconf 91' lang='lat' dir='ltr'><strong>cum</strong></span> <span class='ocrx_word' id='word_1_790' title='bbox 1708 2633 1754 2661; x_wconf 91' lang='lat' dir='ltr'><strong>illo</strong></span> <span class='ocrx_word' id='word_1_791' title='bbox 1779 2634 1811 2662; x_wconf 85' lang='lat' dir='ltr'><strong>de</strong></span> 
     </span>
    </p>
   </div>
   <div class='ocr_carea' id='block_1_108' title="bbox 821 2712 1179 2741">
    <p class='ocr_par' dir='ltr' id='par_1_108' title="bbox 821 2712 1179 2741">
     <span class='ocr_line' id='line_1_108' title="bbox 821 2712 1179 2741; baseline 0.006 -2"><span class='ocrx_word' id='word_1_792' title='bbox 821 2712 939 2740; x_wconf 64' lang='lat' dir='ltr'><strong>VAiilE</strong></span> <span class='ocrx_word' id='word_1_793' title='bbox 979 2712 1179 2741; x_wconf 82' lang='lat' dir='ltr'><strong>LECTIONES.</strong></span> 
     </span>
    </p>
   </div>
   <div class='ocr_carea' id='block_1_109' title="bbox 218 2769 1808 2835">
    <p class='ocr_par' dir='ltr' id='par_1_109' title="bbox 218 2769 1808 2835">
     <span class='ocr_line' id='line_1_109' title="bbox 218 2769 1808 2808; baseline 0.001 -12"><span class='ocrx_word' id='word_1_794' title='bbox 218 2769 242 2786; x_wconf 76' lang='lat'><strong>“</strong></span> <span class='ocrx_word' id='word_1_795' title='bbox 258 2770 428 2806; x_wconf 78' lang='grc' dir='ltr'>εὐημεροῦσι</span> <span class='ocrx_word' id='word_1_796' title='bbox 443 2770 489 2804; x_wconf 64' lang='grc' dir='ltr'><strong>ιι,</strong></span> <span class='ocrx_word' id='word_1_797' title='bbox 500 2769 676 2806; x_wconf 79' lang='grc' dir='ltr'>εὖημεριοῦσί</span> <span class='ocrx_word' id='word_1_798' title='bbox 691 2769 763 2805; x_wconf 83' lang='lat' dir='ltr'><strong>vulg.</strong></span> <span class='ocrx_word' id='word_1_799' title='bbox 800 2769 824 2785; x_wconf 80' lang='lat'>“</span> <span class='ocrx_word' id='word_1_800' title='bbox 833 2769 961 2796; x_wconf 82' lang='grc' dir='ltr'>ὲλάσουσι</span> <span class='ocrx_word' id='word_1_801' title='bbox 982 2769 1027 2802; x_wconf 81' lang='grc' dir='ltr'><strong>Η..</strong></span> <span class='ocrx_word' id='word_1_802' title='bbox 1041 2769 1186 2798; x_wconf 77' lang='grc' dir='ltr'>ὲκλάὸουσι</span> <span class='ocrx_word' id='word_1_803' title='bbox 1203 2771 1275 2806; x_wconf 84' lang='lat' dir='ltr'><strong>vuig.</strong></span> <span class='ocrx_word' id='word_1_804' title='bbox 1312 2770 1334 2787; x_wconf 75' lang='grc'><strong>⁸⁷</strong></span> <span class='ocrx_word' id='word_1_805' title='bbox 1349 2771 1546 2808; x_wconf 74' lang='grc' dir='ltr'>Δογγοὸάρδων</span> <span class='ocrx_word' id='word_1_806' title='bbox 1560 2772 1605 2798; x_wconf 83' lang='lat' dir='ltr'><strong>vui</strong></span> <span class='ocrx_word' id='word_1_807' title='bbox 1627 2792 1633 2798; x_wconf 90' lang='lat'><strong>.</strong></span> <span class='ocrx_word' id='word_1_808' title='bbox 1671 2771 1694 2788; x_wconf 79' lang='lat'>“</span> <span class='ocrx_word' id='word_1_809' title='bbox 1709 2771 1808 2803; x_wconf 73' lang='grc' dir='ltr'>αὐτοὺς</span> 
     </span>
     <span class='ocr_line' id='line_1_110' title="bbox 219 2780 1807 2835; baseline 0.003 -4"><span class='ocrx_word' id='word_1_810' title='bbox 219 2806 321 2835; x_wconf 76' lang='grc' dir='ltr'>,αὐτὸν</span> <span class='ocrx_word' id='word_1_811' title='bbox 343 2806 417 2835; x_wconf 72' lang='lat' dir='ltr'><strong>vuig.</strong></span> <span class='ocrx_word' id='word_1_812' title='bbox 471 2806 493 2822; x_wconf 70' lang='grc' dir='ltr'><strong>δ’</strong></span> <span class='ocrx_word' id='word_1_813' title='bbox 511 2806 609 2835; x_wconf 73' lang='grc' dir='ltr'>αὐτοὺς</span> <span class='ocrx_word' id='word_1_814' title='bbox 636 2804 682 2835; x_wconf 81' lang='grc' dir='ltr'><strong>Ν.,</strong></span> <span class='ocrx_word' id='word_1_815' title='bbox 710 2805 778 2835; x_wconf 73' lang='grc' dir='ltr'>αὐτῇ</span> <span class='ocrx_word' id='word_1_816' title='bbox 802 2804 877 2835; x_wconf 72' lang='lat' dir='ltr'><strong>vulg.</strong></span> <span class='ocrx_word' id='word_1_817' title='bbox 929 2805 952 2821; x_wconf 86' lang='lat'><strong>&#39;°</strong></span> <span class='ocrx_word' id='word_1_818' title='bbox 965 2806 989 2831; x_wconf 84' lang='grc' dir='ltr'><strong>εί</strong></span> <span class='ocrx_word' id='word_1_819' title='bbox 1008 2805 1071 2833; x_wconf 89' lang='lat' dir='ltr'><strong>add.</strong></span> <span class='ocrx_word' id='word_1_820' title='bbox 1093 2805 1126 2833; x_wconf 78' lang='grc' dir='ltr'><strong>Ν.</strong></span> <span class='ocrx_word' id='word_1_821' title='bbox 1177 2806 1198 2822; x_wconf 87' lang='grc'><strong>⁵¹</strong></span> <span class='ocrx_word' id='word_1_822' title='bbox 1225 2805 1349 2833; x_wconf 64' lang='lat' dir='ltr'><strong>sudes-ro</strong></span> <span class='ocrx_word' id='word_1_823' title='bbox 1379 2807 1452 2835; x_wconf 70' lang='lat' dir='ltr'><strong>vols.</strong></span> <span class='ocrx_word' id='word_1_824' title='bbox 1508 2807 1531 2824; x_wconf 84' lang='grc'><strong>³¹</strong></span> <span class='ocrx_word' id='word_1_825' title='bbox 1551 2807 1596 2834; x_wconf 76' lang='grc' dir='ltr'><strong>καὶ</strong></span> <span class='ocrx_word' id='word_1_826' title='bbox 1608 2780 1654 2835; x_wconf 51' lang='grc' dir='ltr'><strong>ᾖ..</strong></span> <span class='ocrx_word' id='word_1_827' title='bbox 1676 2807 1714 2835; x_wconf 78' lang='grc' dir='ltr'><strong>μὴ</strong></span> <span class='ocrx_word' id='word_1_828' title='bbox 1734 2807 1807 2835; x_wconf 72' lang='lat' dir='ltr'><strong>vuln.</strong></span> 
     </span>
    </p>
   </div>
   <div class='ocr_carea' id='block_1_110' title="bbox 183 2804 877 2840">
    <p class='ocr_par' dir='ltr' id='par_1_110' title="bbox 183 2804 877 2840">
     <span class='ocr_line' id='line_1_111' title="bbox 183 2804 877 2840; baseline 0 -9"><span class='ocrx_word' id='word_1_829' title='bbox 183 2804 321 2836; x_wconf 35' lang='lat' dir='ltr'><strong>unum“</strong></span> <span class='ocrx_word' id='word_1_830' title='bbox 343 2804 417 2840; x_wconf 81' lang='lat' dir='ltr'><strong>vuig.</strong></span> <span class='ocrx_word' id='word_1_831' title='bbox 471 2806 493 2822; x_wconf 70' lang='grc' dir='ltr'><strong>δ’</strong></span> <span class='ocrx_word' id='word_1_832' title='bbox 511 2804 609 2837; x_wconf 65' lang='grc' dir='ltr'>αὖτοῦς</span> <span class='ocrx_word' id='word_1_833' title='bbox 636 2804 682 2837; x_wconf 80' lang='grc' dir='ltr'><strong>Ν.,</strong></span> <span class='ocrx_word' id='word_1_834' title='bbox 710 2804 877 2840; x_wconf 33' lang='grc' dir='ltr'>αὑτῇηνυικ.</span> 
     </span>
    </p>
   </div>
   <div class='ocr_carea' id='block_1_111' title="bbox 182 2805 1312 2877">
    <p class='ocr_par' dir='ltr' id='par_1_111' title="bbox 182 2805 1312 2877">
     <span class='ocr_line' id='line_1_112' title="bbox 183 2805 1312 2868; baseline 0.001 -37"><span class='ocrx_word' id='word_1_835' title='bbox 183 2805 321 2836; x_wconf 78' lang='grc' dir='ltr'>Β.,αὒτδν</span> <span class='ocrx_word' id='word_1_836' title='bbox 343 2805 419 2868; x_wconf 57' lang='lat' dir='ltr'><strong>vuigi</strong></span> <span class='ocrx_word' id='word_1_837' title='bbox 471 2806 493 2822; x_wconf 69' lang='grc' dir='ltr'><strong>δ’</strong></span> <span class='ocrx_word' id='word_1_838' title='bbox 511 2805 609 2837; x_wconf 64' lang='grc' dir='ltr'>αὐτοῦς</span> <span class='ocrx_word' id='word_1_839' title='bbox 636 2805 682 2837; x_wconf 83' lang='grc' dir='ltr'><strong>Ν.,</strong></span> <span class='ocrx_word' id='word_1_840' title='bbox 710 2805 778 2839; x_wconf 77' lang='grc' dir='ltr'>αὑτῇ</span> <span class='ocrx_word' id='word_1_841' title='bbox 802 2805 877 2840; x_wconf 83' lang='lat' dir='ltr'><strong>vulg.</strong></span> <span class='ocrx_word' id='word_1_842' title='bbox 929 2805 952 2821; x_wconf 87' lang='lat'><strong>&#39;°</strong></span> <span class='ocrx_word' id='word_1_843' title='bbox 965 2806 989 2831; x_wconf 84' lang='grc' dir='ltr'>εί</span> <span class='ocrx_word' id='word_1_844' title='bbox 1008 2805 1071 2833; x_wconf 88' lang='lat' dir='ltr'><strong>add.</strong></span> <span class='ocrx_word' id='word_1_845' title='bbox 1093 2805 1126 2833; x_wconf 78' lang='grc' dir='ltr'><strong>Ν.</strong></span> <span class='ocrx_word' id='word_1_846' title='bbox 1177 2806 1198 2822; x_wconf 88' lang='grc'><strong>⁸¹</strong></span> <span class='ocrx_word' id='word_1_847' title='bbox 1225 2805 1312 2832; x_wconf 56' lang='lat' dir='ltr'><strong>eiciet</strong></span> 
     </span>
     <span class='ocr_line' id='line_1_113' title="bbox 182 2839 1312 2877; baseline 0 -10"><span class='ocrx_word' id='word_1_848' title='bbox 182 2840 208 2856; x_wconf 82' lang='lat'><strong>&quot;</strong></span> <span class='ocrx_word' id='word_1_849' title='bbox 231 2840 371 2869; x_wconf 80' lang='grc' dir='ltr'>Ἰουστῖνον</span> <span class='ocrx_word' id='word_1_850' title='bbox 423 2860 441 2875; x_wconf 85' lang='grc'>.,</span> <span class='ocrx_word' id='word_1_851' title='bbox 462 2841 606 2869; x_wconf 83' lang='grc' dir='ltr'>Ἰουστίνου</span> <span class='ocrx_word' id='word_1_852' title='bbox 633 2841 707 2875; x_wconf 76' lang='lat' dir='ltr'><strong>vulg.</strong></span> <span class='ocrx_word' id='word_1_853' title='bbox 744 2839 767 2855; x_wconf 79' lang='lat'>&quot;</span> <span class='ocrx_word' id='word_1_854' title='bbox 780 2839 912 2875; x_wconf 69' lang='grc' dir='ltr'>Γήπαιδες</span> <span class='ocrx_word' id='word_1_855' title='bbox 929 2840 1042 2877; x_wconf 78' lang='lat' dir='ltr'><strong>vulg._&quot;</strong></span> <span class='ocrx_word' id='word_1_856' title='bbox 1059 2842 1219 2876; x_wconf 70' lang='grc' dir='ltr'>αἰτήσαντες</span> <span class='ocrx_word' id='word_1_857' title='bbox 1240 2841 1312 2876; x_wconf 84' lang='lat' dir='ltr'><strong>vulg.</strong></span> 
     </span>
    </p>
   </div>
   <div class='ocr_carea' id='block_1_112' title="bbox 1177 2805 1807 2843">
    <p class='ocr_par' dir='ltr' id='par_1_112' title="bbox 1177 2805 1807 2843">
     <span class='ocr_line' id='line_1_114' title="bbox 1177 2805 1807 2843; baseline 0.006 -12"><span class='ocrx_word' id='word_1_858' title='bbox 1177 2806 1198 2822; x_wconf 83' lang='lat'>&quot;</span> <span class='ocrx_word' id='word_1_859' title='bbox 1225 2805 1349 2843; x_wconf 66' lang='grc' dir='ltr'>ὲιισςθιτο</span> <span class='ocrx_word' id='word_1_860' title='bbox 1379 2807 1452 2842; x_wconf 88' lang='lat' dir='ltr'><strong>vulg.</strong></span> <span class='ocrx_word' id='word_1_861' title='bbox 1478 2805 1483 2808; x_wconf 86' lang='grc'><em>’</em></span> <span class='ocrx_word' id='word_1_862' title='bbox 1508 2807 1531 2824; x_wconf 84' lang='grc'><strong>³¹</strong></span> <span class='ocrx_word' id='word_1_863' title='bbox 1551 2807 1596 2834; x_wconf 76' lang='grc' dir='ltr'><strong>καὶ</strong></span> <span class='ocrx_word' id='word_1_864' title='bbox 1611 2805 1654 2840; x_wconf 81' lang='grc' dir='ltr'><strong>Β.,</strong></span> <span class='ocrx_word' id='word_1_865' title='bbox 1676 2807 1714 2843; x_wconf 80' lang='grc' dir='ltr'>μὴ</span> <span class='ocrx_word' id='word_1_866' title='bbox 1734 2807 1807 2842; x_wconf 80' lang='lat' dir='ltr'><strong>vulg.</strong></span> 
     </span>
    </p>
   </div>
  </div>
