4006 6214
412 272 526 338 815

1298 273 1686 333 EXCERPTA
1729 274 1830 333 EX
1870 271 2289 333 MENANDRO
2329 272 2615 333 PROTEC
2632 276 2816 335 YORE

3557 274 3663 339 816

419 387 742 457 quibusdam
779 387 934 441 rebus
986 396 1251 455 peterent.
1294 385 1343 439 Is
1375 396 1556 441 autem
1605 400 1782 441 :ontra
1818 386 1897 442 las
1936 396 1991 440 et

2094 385 2281 451 αὑτοῦ,
2326 386 2400 450 ὡς
2456 387 2519 440 ἂν
2561 388 2695 440 ἄιτα
2748 386 3058 456 διαλεχθείη
3082 388 3126 419 ⁸⁸
3168 403 3230 456 γε
3267 388 3469 451 αὑτοῖς.
3516 388 3573 441 Ὀ
3606 390 3664 442 δὲ

422 478 811 545 communejus
836 478 1072 547 gentium
1104 491 1198 530 eos
1228 478 1279 530 in
1310 477 1539 532 vinculis
1566 477 1771 533 habuit.

493 651 581 703 Ν.
612 648 672 721 (Γ.
712 653 777 702 Δ.
804 648 865 701 C.
888 647 989 703 569
1019 648 1137 705 lntl.
1172 649 1208 701 2
1248 648 1441 702 Justini
1474 649 1551 713 5.)
1601 648 1833 718 Bajanus
1865 659 1988 718 post

421 753 696 791 muromm
743 737 1192 809 oppugnationem
1243 738 1410 803 misit,
1448 739 1537 806 qui
1581 740 1646 792 de
1692 754 1821 809 pace
1862 754 1988 809 age-

420 838 558 884 rent.
600 829 756 897 112
803 828 1055 883 Nonnulli
1093 844 1159 884 ex
1194 829 1298 893 his,
1333 831 1422 899 qui
1459 829 1641 884 Sirmii
1692 840 1868 895 erant,
1921 831 1988 884 ad

419 936 690 976 summum
747 919 1016 990 fastigium
1070 920 1266 987 balnei,
1295 922 1434 989 quod
1487 920 1665 991 populi
1719 922 1837 975 usui
1871 929 1989 975 erat

418 1012 772 1077 destinatum,
821 1014 887 1064 ad
924 1012 1277 1080 speculandos
1324 1013 1529 1080 hostes,
1578 1022 1635 1067 ut
1665 1013 1832 1068 moris
1882 1022 1983 1079 est,

420 1102 806 1157 ascenderunt.
839 1099 903 1155 Hi
929 1116 993 1155 ex
1017 1103 1235 1171 specula
1254 1102 1785 1172 circumspicientes,
1816 1104 1861 1158 si
1882 1118 1987 1173 qua

420 1192 634 1247 barbari
665 1192 1002 1263 eruptionem
1044 1192 1306 1257 lacerent,
1353 1194 1707 1247 adverterunt
1748 1193 1988 1248 Avarum

420 1288 658 1351 nuntios,
697 1287 787 1355 qui
828 1286 939 1355 jam
968 1300 1028 1341 se
1055 1289 1104 1339 in
1136 1288 1275 1339 viam
1317 1285 1600 1351 dederant,
1641 1300 1672 1340 e
1699 1286 1991 1356 longinquo

414 1393 513 1448 per
543 1380 644 1433 iter
684 1388 959 1447 vagantes.
1015 1376 1123 1433 Hos
1160 1394 1280 1433 cum
1331 1388 1480 1434 certo
1524 1378 1841 1449 dignoscere
1879 1396 1987 1434 non

417 1482 658 1542 possent,
705 1470 963 1542 suspicati
1015 1481 1162 1538 sunt,
1193 1486 1314 1528 esse
1356 1472 1686 1530 ex.bostium
1723 1472 1985 1529 exercitu.

419 1565 608 1633 Itaque
636 1563 778 1618 illico
806 1564 957 1633 signo
986 1564 1113 1617 dato
1152 1565 1443 1619 adventum
1479 1579 1666 1621 eorum
1693 1566 1989 1621 nuntiave-

416 1664 562 1709 runt.
611 1656 678 1708 At
712 1653 913 1717 Bonus,
946 1668 1066 1721 cum
1100 1654 1174 1707 illi
1200 1654 1254 1708 in
1286 1654 1446 1709 dubio
1480 1653 1712 1710 haereret
1750 1655 1986 1718 animus,

2091 477 2243 548 παρά
2276 478 2365 531 τὸν
2399 478 2575 532 κοινὸν
2610 478 2717 531 τῶν
2749 478 3034 549 πρέσϐεων
3078 478 3279 548 θεσμὸν
3327 475 3469 550 εἶχεν
3494 480 3552 534 ὲν
3578 480 3665 533 δε-

2093 572 2271 638 σμοῖς.

2164 664 2245 718 ιδ’.
2283 664 2403 717 Ὅτι
2430 664 2458 715 ὀ
2486 662 2718 726 Βαῖανὺς
2748 663 2887 733 μετὰ
2932 663 3031 735 τὴν
3064 665 3419 735 τειχομαχίαν
3456 663 3666 717 στέλλει

2088 757 2243 819 τινὰς
2272 756 2419 827 ἀμφὶ
2443 757 2543 826 τῆς
2578 757 2805 827 εἰρήνης
2831 756 3376 827 διαλεχθησομένους.
3406 758 3578 810 Ἔνιοι
3611 757 3671 810 δὲ

2089 853 2197 906 τῶν
2218 854 2275 907 ἐν
2306 854 2516 923 Σιρμίῳ
2546 853 2648 906 άνά
2670 853 2731 905 τὸ
2754 852 3008 922 ὴλίϐατον
3031 853 3126 907 τοῦ
3152 853 3453 925 βαλανείου,
3484 853 3512 906 ὃ
3530 853 3670 922 δῆτα

2089 945 2167 1016 τῷ
2198 946 2353 1016 δήμῳ
2381 944 2676 1015 ἐτύγχανεν
2708 945 3017 1015 ἀνειμένον,
3053 946 3147 999 ἐπὶ
3197 948 3521 1017 κατασκοπῇ
3554 946 3670 1000 τῶν

2091 1037 2366 1108 πολεμίων
2431 1036 2575 1089 κατά
2636 1036 2698 1089 τὺ
2752 1036 2983 1107 σύνηθες
3031 1036 3391 1103 ἐνιζάνοντες,
3456 1037 3554 1091 καὶ
3609 1038 3669 1089 ἐν

2090 1124 2321 1194 ἀπόπτῳ
2354 1124 2785 1193 καραδοκοῦντες
2807 1142 2868 1178 τε
2891 1124 2988 1179 καὶ
3013 1124 3281 1196 θεώμενοι
3312 1126 3367 1179 εῖ
3394 1144 3497 1181 που
3524 1128 3669 1197 ἐπή-

2088 1213 2241 1277 λυσις
2258 1216 2301 1245 ⁵⁷
2343 1214 2493 1267 ἐσται
2542 1213 2873 1286 βαρϐαρικὴ,
2904 1214 2980 1279 ὡς
3010 1217 3347 1287 κατενόησαν
3374 1218 3503 1281 τοὺς
3552 1219 3669 1272 τῶν

2104 1306 2347 1376 ’Λϐάρων
2387 1306 2822 1377 ἀγγελιαφόρους
2850 1308 2949 1378 ήδη
2983 1307 3327 1378 προσιόντας,
3371 1307 3452 1379 τῷ
3497 1310 3666 1380 μήκει

2091 1398 2193 1467 τῆς
2230 1398 2478 1468 ἀτραποῦ
2530 1398 3005 1470 ἀποπλανηθέντες
3061 1400 3159 1453 κα)¹
3192 1398 3345 1453 οὔπω
3390 1417 3670 1470 κατεγνω-

2093 1489 2249 1552 κότες
2286 1489 2347 1542 τὸ
2385 1489 2613 1559 ἀκριϐὲς
2640 1490 2993 1561 ὑπετόπησαν
3025 1485 3167 1544 εἶναι
3192 1491 3401 1562 πληθὺν
3442 1493 3670 1563 ’ᾼϐαρι-

2092 1580 2216 1652 κὴν,
2253 1581 2530 1651 ἐδήλωσάν
2571 1598 2630 1634 τε
2666 1581 2886 1646 αὐτίκα,
2910 1582 3004 1635 καὶ
3036 1581 3096 1636 τὸ
3124 1585 3350 1653 σημεῖον
3392 1584 3667 1639 καθεῖλον.

2107 1671 2165 1725 '0
2209 1671 2266 1724 δὲ
2310 1671 2490 1735 Βῶνος
2542 1672 2678 1743 πρὸς
2728 1671 2888 1725 τοῦτο
2941 1673 3280 1745 δυσχεράνας
3333 1674 3671 1746 σαφέστερον

418 1762 476 1801 re
506 1746 816 1818 diligentius
840 1746 1142 1815 explorata,
1170 1748 1423 1817 cognovit
1447 1748 1706 1803 barbaros
1733 1762 1852 1803 esse
1869 1762 1990 1817 par-

2093 1763 2325 1818 ἕσπευσε
2355 1737 2697 1835 καταμαθεῖν
2728 1763 2980 1835 τάληθές.
3005 1737 3171 1830 Γνοὺς
3200 1737 3499 1835 δὲόλίγους
3525 1737 3671 1821 εἶναι

418 1854 485 1894 vo
516 1854 763 1903 numero,
796 1848 850 1894 et
883 1838 1030 1910 pacis
1048 1840 1387 1895 conditiones
1408 1855 1527 1895 esse
1550 1840 1775 1895 laturos.
1806 1838 1990 1911 Itaque

417 1940 472 1984 et
516 1931 627 2000 ipse
657 1932 825 1997 misit,
865 1932 956 2001 qui
989 1940 1142 1986 extra
1194 1946 1377 1986 muros
1402 1945 1524 1986 cum
1559 1931 1665 1987 illis
1722 1931 1988 2001 colloquia

418 2032 684 2079 sererent.
733 2022 1100 2077 Decnmbebat
1152 2024 1297 2078 enim
1328 2038 1392 2078 ex
1423 2022 1665 2086 vulnere.
1708 2038 1881 2093 neque
1914 2023 1988 2079 illi

417 2129 515 2184 per
541 2113 883 2170 Theodorum
932 2115 1196 2170 medicum
1232 2114 1429 2171 licebat
1485 2115 1730 2172 hostibus
1775 2116 1986 2171 obviam

418 2209 518 2262 ire.
554 2205 737 2274 Neque
782 2222 911 2263 vero
938 2208 1121 2263 hostes
1161 2223 1280 2264 eum
1313 2207 1649 2263 vulneratum
1682 2223 1805 2264 esse
1846 2209 1987 2263 scire

418 2300 814 2371 suspicabathr.
872 2299 1002 2355 Nam
1039 2302 1085 2355 si
1126 2300 1175 2354 id
1214 2300 1523 2366 rescissent,
1576 2306 1685 2353 tum
1728 2315 1835 2355 non
1870 2316 1987 2354 am-

400 2392 561 2459 ,plius
593 2391 671 2446 illi
712 2392 985 2446 latendum
1016 2406 1135 2447 esse
1176 2391 1333 2457 dixit,
1362 2406 1429 2447 ne
1472 2391 1829 2462 suspicionem
1863 2392 1988 2463 inji-

414 2494 587 2549 ceret,
614 2485 802 2540 ducem
837 2500 867 2540 e
902 2484 1038 2541 vivis
1078 2485 1400 2540 excessisse.
1433 2483 1537 2539 Sed
1578 2484 1763 2539 hostes
1794 2485 1882 2539 ubi
1920 2485 1987 2539 vi-

417 2581 617 2632 derunt
644 2577 803 2643 alios,
829 2579 919 2647 qui
944 2578 1010 2633 de
1039 2592 1169 2647 pace
1202 2577 1591 2647 disceptarent,
1618 2577 1819 2644 venire,
1862 2591 1985 2631 sus-

394 2668 575 2736 picati
598 2678 742 2735 sunt,
767 2669 956 2723 ducem
975 2669 1218 2737 periisse.
1246 2667 1428 2737 Itaque
1449 2666 1772 2736 colloquium
1802 2681 1984 2722 coram

417 2772 481 2810 eo
514 2756 630 2811 ﬁeri
683 2756 817 2811 velle
862 2758 1135 2812 dixerunt.
1166 2755 1318 2811 Tunc
1349 2756 1687 2821 Theodorus,
1715 2758 1807 2826 qui
1841 2758 1985 2827 quod

420 2848 549 2902 utile
576 2847 734 2912 foret,
765 2847 1033 2917 praecipue
1065 2848 1364 2916 spectabat,
1401 2848 1534 2901 dixit
1569 2863 1674 2903 non
1703 2848 1815 2919 jam
1848 2857 1985 2903 tem-

396 2954 517 3008 pus
549 2938 842 3007 postulare,
877 2938 1057 2993 utdux
1081 2938 1221 2994 domi
1248 2937 1301 2993 in
1329 2938 1544 2995 occulto
1570 2952 1629 2995 se
1662 2939 1982 3005 contineret,

2090 1855 2215 1918 τοὺς
2259 1855 2525 1925 Ἀϐάρους
2562 1856 2657 1909 καὶ
2687 1854 2973 1927 βούλεσθαί
3011 1858 3061 1911 οἰ
3098 1858 3671 1929 ἐπικηρυκεύσασθαι,

2092 1945 2371 2017 ἐξέπεμψε
2402 1947 2497 1999 καὶ
2536 1947 2699 2010 αὐτὸς
2733 1950 2859 2011 τοὺς
2885 1950 3284 2020 ποιησομένους
3316 1950 3415 2013 τὰς
3453 1951 3666 2005 κατα).⁹

2090 2036 2260 2106 λαγάς
2295 2039 2353 2101 ἐς
2396 2038 2464 2092 τὰ
2514 2037 2621 2105 ἔξω
2666 2038 2762 2093 τοῦ
2795 2040 3029 2110 τείχους.
3067 2043 3189 2095 Ἔτι
3220 2042 3328 2113 γάρ
3366 2044 3431 2095 ὲκ
3456 2042 3548 2096 τοῦ
3576 2043 3671 2096 ἱλ-

2091 2147 2219 2193 κους
2269 2129 2599 2201 περιώδυνος
2645 2125 2733 2202 ἦν,
2778 2132 2873 2185 καὶ
2905 2133 2934 2184 ὁ
2975 2131 3250 2203 Θεόδωρος
3275 2135 3304 2187 ὁ
3337 2134 3517 2204 ἰατρὸς
3564 2135 3671 2188 οὑκ

2089 2221 2176 2275 εῐα
2206 2221 2295 2275 τὸν
2328 2222 2688 2292 στρατίαρχον
2735 2223 2795 2275 ἐν
2838 2223 3060 2293 φανερῷ
3087 2224 3334 2292 γίνεσθαι
3367 2227 3479 2288 τοῖς
3508 2226 3669 2278 ἐναν-

2089 2316 2243 2377 τίοις.
2277 2314 2435 2376 Εἰκὸς
2488 2316 2596 2384 γὰρ
2638 2314 2771 2385 μηδὲ
2806 2315 3015 2383 ἔφασκε
3030 2315 3075 2347 ⁸⁸
3112 2316 3239 2379 τοὺς
3276 2315 3559 2385 πολεμίους
3587 2314 3670 2376 ὡς

2090 2405 2315 2476 ἐϐλήθη.
2347 2403 2410 2457 Εἰ
2438 2405 2495 2458 δὲ
2538 2403 2696 2458 τοῦτο
2738 2404 3040 2477 κατάδηλον
3085 2404 3237 2459 ἔσται
3281 2404 3484 2469 αὐτοῖς,
3539 2404 3670 2457 τότε

2089 2496 2302 2567 ἀνάγκη
2337 2495 2411 2567 μὴ
2443 2496 2836 2567 ὑποκρύπτειν,
2871 2497 2946 2560 ὠς
2986 2498 3052 2551 ἂν
3081 2497 3157 2568 μὴ
3187 2497 3410 2551 ὑπόνοια
3439 2496 3672 2567 γένηταί

2091 2605 2245 2656 σφισι
2274 2586 2368 2642 τοῦ
2406 2587 2840 2643 ἀποϐεϐιωκέναι
2879 2589 3069 2643 αὐτόν.
3109 2590 3176 2642 Oi
3211 2590 3287 2653 δὲ,
3332 2589 3455 2642 ἐπεὶ
3479 2589 3670 2658 ἕτεροι

2090 2681 2220 2750 περί
2267 2679 2368 2750 τῆς
2415 2681 2639 2751 εἰρήνης
2688 2675 2853 2751 ἦλθον
2882 2680 3385 2752 διαλεχθησόμενοι,
3410 2680 3507 2734 καὶ
3537 2680 3667 2750 οὐχὶ

2091 2775 2279 2837 αὐτὸς,
2316 2773 2650 2843 ὑπενόησαν,
2700 2772 2777 2836 ὡς
2829 2772 3052 2827 διώλετο
3099 2775 3127 2827 ό
3182 2774 3501 2844 στρατηγὸς,
3560 2774 3667 2826 καὶ

2090 2864 2238 2933 αὑτῷ
2271 2862 2477 2917 ἐθέλειν
2518 2863 2756 2932 ἔφασκον
2794 2864 2853 2917 ἐν
2904 2863 3161 2935 συνουσίᾳ
3211 2862 3487 2932 γενέσθαι.
3521 2863 3666 2916 Τότε

2089 2957 2119 3010 ό
2147 2956 2446 3026 Θεόδωρος,
2471 2955 2566 3011 τοῦ
2592 2956 2927 3020 συνοίσοντος
2954 2952 3013 3011 εὖ
3051 2956 3287 3027 μάλιστα
3319 2956 3668 3027 στοχασάμε-

417 3030 510 3085 sed
544 3029 747 3100 potius,
782 3036 837 3083 ut
867 3038 1018 3083 extra
1054 3028 1330 3085 civitatem
1357 3030 1623 3102 prodiret,
1654 3041 1708 3089 et
1737 3032 1790 3087 in
1826 3047 1986 3088 cons-

2092 3066 2207 3113 νος,
2233 3048 2433 3115 ἔλεξεν,
2466 3049 2540 3112 ὼς
2591 3049 2653 3102 τὸ
2693 3048 2878 3103 λοιπον
2905 3049 2965 3101 οὑ
3002 3048 3180 3122 χρεὼν
3211 3048 3670 3120 ἀποκρύπτεσθαι

417 3130 629 3190 pectum
652 3120 1003 3175 barbarorum
1027 3121 1251 3178 veniret.
1273 3120 1457 3196 Itaque
1476 3123 1695 3180 vulnere
1716 3134 1988 3196 unguento

419 3210 577 3276 illito,
617 3208 795 3266 Bonus
825 3225 860 3265 a
895 3210 1105 3266 medico
1138 3193 1542 3267 dimissus'cum
1576 3193 1821 3269 barbaris
1859 3230 1987 3269 con-

389 3303 579 3359 ‘venit.
607 3302 756 3358 Tunc
779 3302 940 3374 legati
969 3314 1153 3358 mutuo
1180 3318 1452 3372 sermone,
1484 3305 1785 3375 hujusmodi
1808 3306 1987 3362 verbis

415 3404 541 3451 sunt
571 3396 650 3450 usi
690 3412 703 3448 :
751 3413 769 3446 ι
817 3395 1345 3461 Avarumdominus,
1381 3409 1414 3449 ο
1442 3394 1692 3461 Romani,
1728 3396 1865 3464 apud
1895 3410 1987 3451 vos

417 3493 529 3540 haec
555 3499 852 3554 proponere
866 3484 1031 3551 jussit
1056 3501 1069 3537 :
1097 3482 1175 3537 Ne
1202 3484 1276 3538 illi
1300 3486 1715 3551 suceenseretis,
1734 3488 1778 3541 si
1798 3497 1985 3541 contra

419 3592 512 3632 vos
562 3576 757 3630 bellum
786 3574 1040 3644 suscepit.
1095 3575 1304 3630 Etenim
1332 3575 1547 3645 priores
1591 3576 1730 3632 bello
1766 3593 1986 3635 causam

416 3666 663 3722 dedistis.
694 3664 877 3719 Multis
904 3666 1185 3720 exhaustis
1228 3665 1502 3721 laboribus
1532 3676 1586 3722 et
1617 3683 1727 3723 non
1761 3668 1986 3725 minori-

402 3762 517 3814 bus
544 3758 797 3812 itinerum
841 3757 1243 3828 fatigationibus
1274 3759 1515 3816 toleratis
1549 3761 1643 3815 vix
1686 3762 1866 3828 istam,
1898 3763 1985 3817 in-

415 3851 550 3920 quit,
584 3850 855 3919 regionem
887 3862 1157 3918 ceperam,
1190 3864 1311 3904 cum
1342 3850 1472 3904 mihi
1497 3850 1645 3907 illam
1670 3851 1723 3906 vi
1779 3853 1984 3924 eripui-

398 3944 534 3999 ‘stis.
568 3941 835 3997 Praeterea
870 3938 1224 4007 Usdebatum,
1253 3943 1342 4011 qui
1373 3943 1495 4014 jure
1516 3946 1850 4014 captivorum
1883 3946 1984 4004 do-

417 4032 583 4086 minio
606 4045 725 4084 meo
758 4040 1020 4096 cesserat,
1050 4030 1181 4085 mihi
1212 4029 1459 4104 ereptum
1488 4035 1752 4090 retinetis.
1787 4034 1981 4092 Multas

415 4136 627 4191 quoque
667 4122 800 4176 alias
833 4123 1057 4177 acerbas
1086 4125 1446 4181 contumelias
1473 4126 1525 4180 in
1551 4140 1635 4182 me
1667 4126 1855 4182 elludit
1875 4129 1983 4183 im-

392 4222 629 4281 ~perator
654 4222 866 4280 vester,
910 4228 1086 4282 neque
1120 4214 1173 4269 id
1212 4216 1377 4270 semel
1414 4224 1581 4285 atque
1631 4217 1850 4285 iterum,
1890 4221 1983 4275 sed

413 4308 628 4376 saepius,
663 4320 836 4376 neque
860 4307 1149 4376 quidquam
1180 4322 1387 4375 eorum,
1423 4324 1543 4379 quae
1566 4310 1712 4380 justa
1746 4323 1902 4368 erant
1930 4323 1985 4369 et

2090 3139 2184 3194 τὸν
2220 3140 2545 3212 στρατηγὸν,
2586 3140 2786 3211 μᾶλλον
2820 3140 2918 3211 μὲν
2948 3139 3039 3201 οὖν
3081 3143 3139 3204 ἐς
3166 3140 3234 3194 τά
3265 3140 3369 3207 ἔξω
3401 3140 3536 3194 ἰέναι
3560 3140 3671 3207 τῆς
3750 3124 3757 3145 1

2090 3232 2300 3295 πόλεως
2337 3233 2428 3287 καὶ
2474 3234 2529 3297 ἐς
2572 3232 2695 3302 όψιν
2742 3232 2989 3301 γίνεσθαι
3039 3231 3149 3285 τῶν
3183 3231 3491 3303 βαρϐάρων.
3549 3231 3669 3284 Καὶ

2089 3325 2367 3396 φαρμάκῳ
2398 3327 2506 3378 τινὶ
2549 3324 2610 3378 τὸ
2640 3325 2798 3388 ἐλκος
2839 3325 3188 3396 περιστείλας
3220 3324 3443 3394 ἀφίησιν
3473 3323 3665 3378 αὐτόν.

2089 3418 2199 3470 Καὶ
2230 3417 2293 3487 δὴ
2319 3416 2599 3487 προελθὼν
2627 3418 2656 3469 ὁ
2691 3416 2893 3482 Βῶνος,
2926 3417 3098 3488 ἀγχοῦ
3123 3436 3184 3472 τε
3224 3420 3332 3471 τῶν
3371 3417 3669 3489 βαρϐάρων

2088 3504 2399 3573 γενόμενος,
2446 3504 2621 3575 ἐφάνη
2655 3505 2832 3574 σφίσι.
2888 3507 3021 3560 Τότε
3074 3510 3123 3562 oi
3176 3508 3433 3581 πρέσϐεις
3479 3508 3663 3562 τοιάδε

2087 3596 2359 3665 ἀμοιϐαίῳ
2388 3596 2466 3667 τῷ
2506 3597 2648 3669 λόγῳ
2680 3598 2925 3669 ἔφασανο
2970 3619 2987 3652 ι
3012 3600 3196 3655 Ταῦτα
3240 3602 3391 3671 ἡμῖν,
3435 3593 3481 3655 ὧ
3528 3600 3669 3655 Ῥω-

2090 3687 2261 3755 μαῖοι,
2289 3685 2638 3758 διαλεχθῆναι
2674 3689 2811 3760 πρὸς
2860 3690 3004 3760 ὑμᾶς
3028 3692 3057 3745 ό
3086 3691 3193 3745 τῶν
3236 3691 3479 3762 ’Δϐάρων
3529 3693 3665 3745 ἐκέ-

2087 3778 2243 3830 λευσε
2276 3778 2579 3850 δεσπότης·
2620 3782 2714 3851 Μή
2740 3799 2831 3853 μοι
2884 3767 3090 3854 μῖέμψιν
3141 3785 3265 3838 τινὰ
3317 3784 3663 3855 ποιήσασθαι

2087 3871 2322 3942 πόλεμον
2373 3872 2665 3943 ἀραμένῳ·
2700 3874 2857 3943 ὑμεῖς
2906 3874 3015 3946 γὰρ
3059 3876 3266 3948 πρῶτοι
3320 3876 3419 3947 τὴν
3472 3877 3665 3930 αἰτίαν

2084 3964 2177 4017 τοῦ
2212 3964 2451 4034 πολέμου
2497 3965 2783 4021 δεδώκατε.
2820 3967 3040 4031 Πολλοῖς
3070 3969 3182 4041 γὰρ
3228 3970 3412 4033 πόνοις
3462 3969 3663 4040 ὁμιλή-

2086 4071 2207 4120 σας,
2239 4056 2333 4108 καὶ
2360 4056 2671 4127 ἀποδημίας
2708 4058 2807 4129 οὑχ
2829 4059 3033 4130 ἥκιστα
3074 4061 3469 4132 ποιησάμενος,
3498 4060 3663 4130 μόλις

2084 4147 2464 4219 ἐχειρωσάμην
2489 4148 2689 4219 ταύτην
2710 4149 2809 4219 τὴν
2838 4149 3043 4221 χώραν,
3065 4152 3160 4206 καὶ
3187 4153 3344 4222 ὑμεῖς
3367 4152 3661 4221 ἀφείλεσθέ

2087 4254 2177 4307 μοι
2207 4238 2400 4307 βιαίως
2439 4240 2631 4310 αὑτήν,
2671 4241 2814 4310 Πρὸς
2861 4245 2974 4306 τοῖς
3023 4244 3118 4297 καὶ
3173 4245 3265 4297 τὸν
3313 4244 3660 4314 Ούσδήϐαδον

2082 4328 2160 4398 τῷ
2190 4328 2299 4381 τῶν
2326 4329 2679 4400 δορυαλώτων
2703 4332 2976 4403 ἀνήκοντά
3008 4351 3098 4403 μοι
3123 4335 3271 4406 νόμῳ
3287 4335 3439 4404 ἔχετε
3458 4334 3659 4389 λαϐόνο

411 4399 655 4469 azquitati
704 4409 1088 4467 consentanea,
1144 4398 1323 4454 facere
1353 4402 1539 4455 voluit.
1580 4401 1766 4472 Itaque
1812 4406 1855 4459 si
1904 4414 1982 4460 tot

2089 4437 2197 4484 τες.
2246 4398 2405 4473 Ἀλλά
2450 4422 2559 4493 γὰρ
2588 4424 2683 4477 καὶ
2713 4398 2899 4494 ὕϐρεις
2926 4425 2983 4488 ἐς
3008 4398 3081 4479 τὰ
3395 4427 3598 4498 πικρὰς
3626 4431 3663 4482 δ

414 4489 686 4558 tantisque
718 4487 928 4558 injuriis
952 4498 1005 4544 et
1023 4489 1235 4544 damnis
1260 4504 1289 4543 a
1310 4490 1463 4546 vobis
1483 4490 1708 4549 allectus
1726 4502 1779 4549 et
1808 4494 1978 4551 laces-

412 4580 568 4643 situs,
595 4578 762 4633 annis
810 4593 929 4632 sum
975 4593 1126 4642 usus,
1171 4579 1225 4631 in
1261 4578 1405 4634 nullo
1431 4596 1551 4636 sum
1579 4583 1978 4653 reprehenden-

408 4670 537 4725 dus.
573 4670 725 4735 Quod
760 4669 806 4723 si
839 4670 1000 4724 vultis
1027 4686 1168 4725 nunc
1199 4670 1361 4725 etiam
1402 4672 1469 4729 de
1512 4671 1717 4730 ﬁndere
1745 4686 1799 4730 et
1850 4692 1980 4746 pace

412 4757 692 4813 nobiscum
722 4760 884 4814 verba
912 4758 1110 4829 facere,
1138 4773 1383 4832 prompto
1400 4765 1580 4819 animo
1612 4766 1663 4820 id
1696 4765 1977 4823 faciemus.

418 4846 592 4905 Vestri
629 4850 791 4921 igitur
817 4851 1031 4908 arbitrii
1072 4865 1175 4919 est,
1207 4856 1352 4924 quod
1387 4858 1623 4927 expedit,
1651 4869 1975 4928 praeoptare,

410 4952 465 4997 et
488 4957 676 5012 pacem
706 4944 847 5000 bello
873 4960 1203 5017 praeponere.
1239 4966 1257 4998 ι
1288 4949 1367 5000 Ad
1398 4964 1516 5019 qua
1550 4948 1729 5007 Bonus
1753 4967 1975 5023 respon-

412 5040 491 5090 dit
511 5053 526 5089 :
545 5054 565 5089 ι
598 5037 814 5117 Priores
836 5038 1049 5105 quidem
1070 5054 1169 5093 nos
1187 5039 1406 5094 minime
1427 5040 1621 5094 bellum
1644 5044 1973 5111 occepimus,

412 5138 509 5182 aut
552 5130 605 5182 in
634 5143 731 5183 vos
762 5128 992 5198 grassati
1038 5143 1265 5184 sumus:
1301 5136 1627 5188 econtrario
1665 5144 1717 5188 tu
1744 5136 1897 5203 prior
1922 5134 1975 5188 in

414 5222 684 5276 Romanos
708 5219 935 5297 irruisti.
972 5219 1135 5291 113
1161 5220 1485 5287 Quinetiam
1518 5225 1807 5291 imperator
1835 5226 1976 5280 dona

414 5316 510 5371 tibi
559 5317 775 5373 mittere
825 5316 1061 5371 animum
1104 5317 1336 5379 induxit,
1375 5318 1532 5387 idque
1570 5319 1757 5386 legatis
1806 5324 1872 5379 ad
1929 5335 1979 5380 te

2083 4512 2205 4565 καθ’
2231 4512 2377 4583 ὑμᾶς
2398 4513 2440 4547 ⁸⁸
2476 4515 2705 4585 κατέχεε
2738 4533 2828 4587 μοι
2845 4517 2889 4549 ⁶⁰
2922 4516 3194 4587 βασιλεὺς,
3220 4520 3281 4573 οὑ
3316 4521 3475 4591 μόνον
3504 4520 3665 4585 ἅπαξ

2081 4603 2249 4675 ἢδὶς,
2304 4605 2439 4659 ἀλλά
2491 4607 2586 4661 καὶ
2628 4609 2922 4676 πολλάκις,
2956 4611 3066 4665 τῶν
3095 4612 3324 4666 δεόντων
3386 4630 3447 4666 τε
3499 4612 3660 4666 οὐδὲν

2082 4694 2357 4766 ἠϐουλήθη
2406 4698 2827 4767 διαπράξασθαι.
2882 4703 2945 4759 Εἰ
2989 4702 3169 4755 τοίνυν
3234 4702 3458 4757 τοιαῦτα
3510 4703 3658 4773 πρὸς

2084 4788 2238 4858 ὑμῶν
2291 4788 2620 4861 ἠδικημένος
2652 4794 2763 4855 τοῖς
2794 4793 2977 4856 ὅπλοις
3024 4794 3364 4866 ἐχρησάμην,
3400 4794 3658 4864 οὐδαμῶς

2084 4880 2315 4951 ὑπάρχω
2350 4882 2707 4951 μεμπτέος⁶¹.
2758 4883 2870 4937 Καὶ
2907 4884 3002 4938 νῦν
3039 4885 3131 4939 οὑν
3163 4888 3217 4940 εἴ
3267 4902 3332 4954 γε
3394 4885 3656 4957 βούλεσθε

2085 4974 2215 5040 περὶ
2256 4972 2496 5026 σπονδῶν
2539 4990 2599 5025 τε
2649 4975 2755 5026 καῖ’
2785 4977 3009 5046 εἰρήνης
3038 4978 3168 5047 ἡμῖν
3216 4977 3406 5032 θέσθαι
3434 4978 3652 5047 λόγους,

2083 5063 2406 5132 ἐτοιμότατα
2439 5064 2636 5133 ἔχομεν
2656 5079 2670 5093 ·
2696 5068 2755 5117 ἐν
2787 5066 2918 5139 ὑμίν
2959 5085 3016 5121 τε
3068 5069 3271 5123 κείσθω
3311 5070 3653 5140 προτιμῆσαι

2080 5155 2142 5207 τὸ
2171 5159 2413 5208 συνοῖσον
2451 5157 2544 5210 καὶ
2574 5158 2642 5210 τὰ
2681 5160 2930 5229 εἰρηναῖα
2960 5160 3068 5230 πρὸ
3096 5162 3191 5215 τοῦ
3233 5162 3471 5231 πολέμου
3529 5163 3654 5215 ἐλέ-

2081 5250 2222 5300 σθαι.
2251 5265 2270 5297 ι
2304 5247 2445 5318 Πρὸς
2474 5247 2650 5302 ταῦτα
2688 5252 3065 5323 ἀπεκρίνατοό
3096 5254 3304 5315 Βῶνος·
3335 5274 3354 5308 ι
3377 5256 3653 5325 Πρότερον

2087 5336 2184 5403 μὲν
2207 5336 2367 5401 ἡμεῖς
2391 5339 2491 5392 οὐκ
2534 5337 2820 5409 ἠρξάμεθα
2870 5342 3104 5413 πολέμου
3124 5360 3143 5413 Ἰ
3192 5346 3311 5400 οὐδὲ
3364 5349 3472 5419 γὰρ
3522 5348 3652 5401 καθ’

1709 5467 1941 5525 ἾΑΒΙᾸΞ
1982 5470 2380 5559 ιεοτιοΝΕδ.

483 5601 538 5693 '1“
553 5602 969 5693 ξξταὲγκαλςοίη
994 5602 1133 5693 διαλ.
1177 5606 1322 5693 ﬁtnj.
1350 5606 1426 5693 1N.
1581 5610 1843 5693 ἐπηλυσις
1876 5611 1967 5693 Ηῖ,
1994 5613 2237 5693 ἐπίλυσις
2270 5617 2413 5693 vulg.
2488 5618 2535 5693 ’ξ
2572 5619 2728 5693 μηδὲ]
2762 5621 2889 5693 μηδὲ
2926 5623 3124 5677 εἰδέναι
3163 5626 3219 5679 Β.
3254 5625 3365 5687 τοῖς
3390 5624 3645 5693 πολέμοις

414 5669 538 5735 (sic)
564 5669 625 5724 ll.
703 5669 927 5744 "mai;
956 5669 1096 5745 vnlg.
1177 5676 1220 5707 ⁶⁹
1254 5669 1486 5747 μοιῙμου
1515 5676 1572 5732 Β.

1650 5681 1691 5709 ⁸⁸
1727 5683 2010 5749 μεμπτέος
2030 5683 2117 5753 IL,
2137 5681 2415 5755 πεμπτέός
2450 5681 2595 5759 vulg.
