2003 3107
164 163 218 197 817

571 163 621 194 DE
641 162 924 195 LEGATIONIBUS
942 163 1120 196 GENTIUM
1138 164 1188 195 AD
1208 163 1398 196 ROMANOS.

1749 165 1804 197 81-8

167 221 245 256 ὑμῶν
262 220 415 255 ἠλάσαμεν.
435 220 477 250 Ἐς
490 219 644 246 τούναντίον
661 220 711 254 μὲν
726 217 772 246 οὖν
787 220 820 246 οὐ
833 220 903 247 κατὰ
915 221 963 255 τῆς

1016 222 1107 249 missis
1132 221 1279 248 mandavit.
1302 221 1357 248 Sed
1380 227 1441 247 cum
1463 224 1488 248 te
1505 221 1677 248 audaciorem
1701 221 1800 247 factum

173 267 319 301 Ῥωμαίων
335 266 440 301 ἤλασας
451 274 458 281 ·
475 265 569 292 λοιπὸν
589 265 628 298 δὲ,
641 266 682 292 ὅτι
698 266 745 292 καὶ
761 267 774 293 ό
788 266 915 300 βασιλεὺς
930 267 959 292 ὲν

167 313 249 348 βουλῇ
261 313 412 346 ἐποιήσατο
429 311 560 346 χρήματά
581 319 623 338 σοι
638 311 778 338 ἐπιδοῦναι
791 320 798 327 ο
813 311 960 347 τοιγαροῦν

167 359 214 386 καὶ
228 359 352 394 παρέσχε
367 359 424 389 τοῖς
441 357 513 384 κατά
527 357 558 383 σὲ
578 357 737 392 πρέσϐεσιν.
762 358 838 384 Ἐπεὶ
852 358 881 384 δὲ
895 366 960 384 κατ-

168 403 281 438 ενόησεν
304 401 537 438 αὑθαδισζόμενον
568 402 617 429 καὶ
652 402 722 437 ὑπὲρ
751 402 836 435 αὐτὴν
872 403 958 438 δήπου

168 451 219 485 τὴν
234 448 404 485 βαρϐαρικὴν
421 448 582 480 ἀλαζονείαν
592 447 790 484 ὲξογκούμενον
800 444 834 482 δ’,
849 449 960 484 ῥήματά

168 507 199 525 τε
222 496 387 534 ὑπερήφανα
406 494 574 530 σημαίνοντα
597 495 645 522 καὶ
668 495 718 530 τῆς
746 495 794 530 σῆς
818 495 960 531 δυνάμεως

170 543 375 579 καθυπέρτερα,
399 541 550 577 τηνικαῦτα
575 542 623 568 καὶ
649 541 731 573 αὐτὸς
754 541 801 568 Em
832 542 960 577 ἀγχίνους

168 589 313 616 ἐπετέλεσε
337 588 371 615 τὰ
394 588 493 615 οἰκεῖα.
507 587 562 614 Καὶ
577 587 607 613 τὸ
628 586 676 614 νῦν
693 587 721 614 δὲ
739 587 812 623 ἔχον.
824 588 959 624 ἡμέτερόν

168 635 243 662 ἐστιν
255 634 292 666 ὡς
314 629 428 669 βασιλέα
444 632 547 660 στεῖλαι
567 632 614 664 οὒς
627 632 661 660 ἂν
674 633 706 660 σὺ
718 632 878 668 βουληθείης
893 633 958 667 πρέ-

168 678 245 709 σϐεις
262 677 327 709 τοὺς
356 676 589 712 βεϐαιώσοντας⁶³
617 677 652 704 τὰ
674 677 738 712 περὶ
765 677 816 712 τῆς
835 677 957 712 είρήνης.

168 722 244 758 Μηδὲ
256 721 312 757 γὰρ
329 721 359 748 ὲν
380 722 447 756 ἡμῖν
466 719 537 748 εῖναι
557 721 652 757 νόμιζε
668 721 720 749 κᾶν
741 721 807 756 γοῦν
833 721 954 757 φθέγξαι

168 768 232 796 σθαι
252 776 291 802 τι,
307 768 375 804 μήτι
390 776 423 802 γε
442 768 490 795 καὶ
514 768 616 804 ἑτέρως
631 768 680 803 ﬁ“
697 767 769 795 καθὰ
796 768 902 804 βασιλεῖ
920 768 959 804 τῷ

168 814 297 850 ἡμετέρῳ
312 813 389 840 δοκεῖ
407 813 620 849 διαπράξασθαι.
635 822 645 838 ι
666 812 760 840 Ταῦτα
778 813 869 840 Βώνου
883 814 959 849 εἰρη-

167 860 257 893 κότος,
272 857 302 887 εὖ
327 859 400 895 ἔχειν
416 859 490 893 εδοξε
503 858 543 895 τῷ
568 858 676 894 Βαῐανῷ
690 860 723 886 τὰ
737 861 856 895 ῥήματα.
881 860 959 896 Ἐσή-

168 915 238 943 μανε
250 906 278 933 δὲ
293 905 389 938 αὖθις
404 915 414 931 ι
433 905 543 942 Ἐπειδὴ
560 906 594 933 τὰ
616 906 646 938 ἐς
669 906 820 942 ὁμαιχμίαν
836 907 959 942 ἑπόμενά
976 903 994 930 Β

167 961 214 988 μοι
230 951 295 987 ἔθνη
308 951 486 986 αίσχῦνομαι,
501 950 583 984 αίδώς
598 951 628 978 τά
642 960 676 987 με
699 951 766 987 ἔχει,
782 952 810 978 et
821 961 851 986 γε
869 953 958 988 πάντη

166 1000 309 1035 ἄπρακτος
317 997 424 1025 ἐνθένδε
437 998 618 1034 ἀναχωρήσω,
633 998 716 1034 μηδέν
724 1007 750 1026 τι
759 999 859 1035 ὀνήσας
874 1000 959 1035 ἐμαυ-

167 1044 227 1071 τόν·
240 1043 278 1076 ὡς
291 1043 325 1071 ἀν
339 1043 378 1079 μὴ
386 1041 433 1071 οὖν
440 1043 509 1076 δόξω
523 1044 613 1079 μάτην
629 1044 808 1079 πεποιηκέναι
819 1046 866 1071 καὶ
878 1046 959 1081 ἀκερ-

170 1090 203 1126 δῆ
220 1089 270 1126 τὴν
285 1089 464 1126 ἐπιχείρησιν,
481 1089 585 1126 βραχέα
599 1090 644 1125 μοί
657 1098 718 1117 τινα
733 1090 860 1126 πέμψατε
873 1090 957 1126 δῶρα.

170 1136 226 1163 Καὶ
243 1136 298 1172 γὰρ
311 1136 341 1163 ὲν
354 1137 387 1172 τῇ
405 1135 508 1171 Σκυθίᾳ
524 1135 690 1172 περαιωθεὶς
704 1135 781 1163 οὐδὲν
795 1135 886 1164 ότιοῦν
898 1137 959 1163 ἐκο-

168 1181 306 1217 μισάμην,
323 1181 372 1209 καὶ
392 1181 448 1209 τῶν
463 1181 602 1209 ἀδυνάτων
619 1182 680 1209 ἐστὶ
696 1182 845 1214 κάντεῦθεν
859 1183 959 1218 ἥκιστα

165 1227 343 1263 ὡς’)εληθέντα
349 1236 384 1262 με
395 1227 606 1255 ἀπελεύσεσθαι.
613 1237 623 1254 ι
638 1227 721 1264 Βώνῳ
730 1228 757 1255 δὲ
765 1228 804 1264 τῷ
813 1228 959 1265 στρατηγῷ

168 1274 215 1301 καὶ
241 1274 297 1306 τοῖς
324 1273 383 1301 ὅσοι
409 1281 442 1308 γε
469 1273 538 1309 ἀμφ’
552 1273 633 1300 αὐτὸν
651 1271 703 1310 (ἦν
715 1273 743 1300 δὲ
757 1274 772 1301 δ
784 1274 834 1309 τῆς
854 1275 959 1306 πόλεως

168 1318 297 1354 μέγιστος
319 1318 426 1355 ἱερεὺς)
441 1319 530 1352 ἔδοξεν
547 1318 660 1354 εὔλογον
677 1320 727 1355 μὲν
741 1317 812 1347 εἶναι
837 1321 868 1347 τδ
889 1329 956 1356 προ-

166 1366 339 1401 τεινόμενον·
355 1365 482 1401 οὐδὲγὰρ
503 1365 617 1393 πλεῖστα
634 1365 760 1394 ἐϐούλετο
780 1366 956 1402 κομίσασθαι,

167 1412 226 1439 ἀλλ’
252 1412 317 1449 ἄχρι
343 1412 437 1440 δίσκου
462 1413 520 1456 ἐμὸς
544 1413 763 1449 ἀργυροποιήτου
785 1414 834 1441 καὶ
866 1413 957 1448 ὀλίγου

167 1457 294 1492 χρυσίον,
306 1457 346 1484 ἔτι
359 1466 392 1496 γρ
408 1458 462 1494 μὴν
477 1457 524 1489 καὶ
534 1458 702 1494 ἀμπεχονίου
715 1458 829 1485 Σκυθίου
839 1458 872 1486 ⁸³.
886 1459 959 1494 Πλὴν

167 1503 335 1544 “discas”
348 1504 374 1530 oi.
405 1503 470 1539 περὶ
481 1504 585 1535 ,Βῶνον
613 1504 795 1540 ίδιοϐουλῆσαι
821 1505 868 1532 καὶ
898 1505 959 1541 οὐχὶ

169 1547 344 1599 χνώμῃιτοῢ
380 1550 581 1599 αὐτοκράτορος
608 1550 716 1578 ἅπαντα
745 1551 956 1587 διαπράξασθαι.
972 1568 996 1599 c

173 1594 379 1631 ’Δντεσήμαναν
413 1595 558 1630 τοιγαροῦν
588 1597 672 1633 αὐτῷ,
697 1597 734 1629 ὡς
755 1597 833 1625 «NOV
860 1598 959 1635 ἔχομεν

108 1675 109 1681 γ
168 1641 282 1676 βασιλέα
309 1642 426 1678 φοϐερόν
448 1652 478 1670 τε
504 1643 551 1670 καὶ
579 1643 806 1680 ὲμϐριθέστατον,
837 1646 885 1673 καὶ
908 1645 960 1672 οὐκ

166 1688 332 1724 ἀνεξόμεθα,
358 1690 419 1717 οὐδὲ
442 1690 493 1717 ὅσα
518 1687 575 1717 οἷόν
594 1690 624 1717 τέ
639 1691 698 1718 ἐστι
716 1691 856 1719 διαλαθεῖν
876 1692 959 1720 αὑτὸν

167 1735 325 1762 ἐπιτελέσαι
347 1734 527 1770 αὐθαιρέτως,
543 1736 630 1768 ἄλλως
649 1745 679 1763 τε
699 1737 745 1764 καὶ
761 1738 851 1773 ἡμεῖς,
867 1738 915 1765 ἀτε
930 1739 959 1764 ἐν

169 1778 356 1814 στρατεύματι
369 1780 553 1815 τυγχάνοντες
562 1780 596 1814 ⁸⁷,
610 1780 661 1808 οὐκ
684 1781 874 1818 ὲπιφερόμεθα
889 1792 958 1819 χρη-

171 1823 266 1860 μάτων
280 1825 440 1861 περιουσίαν
453 1825 470 1861 ἢ
493 1826 572 1862 μόνον
592 1827 790 1864 στρατιωτικὴν
801 1829 958 1865 ἐφεστρίδα,

168 1869 204 1904 ἦν
231 1877 264 1903 γε
286 1869 374 1905 δήπου
396 1870 444 1896 καὶ
470 1871 704 1907 περιϐεϐλήμεθα,
719 1872 759 1899 ἔτι
774 1881 805 1899 τι
820 1873 855 1900 τά
876 1873 957 1901 ὅπλα.

166 1915 365 1952 Δωροφορῆσαι
379 1915 412 1953 δὴ
428 1914 476 1944 οὗν
495 1917 533 1952 τῷ
548 1917 604 1944 τῶν
624 1917 748 1954 Ἀϐἀρων
764 1919 908 1955 ἡγουμένῳ
929 1920 958 1953 ἐξ

166 1957 205 1988 ὦν
223 1961 342 1990 ἐνταῦθα
357 1961 462 1998 ἥκομεν
481 1962 588 1998 ἔχοντες
613 1963 741 1996 εὐτελῶν,
761 1964 851 2000 ἄθρει,
867 1961 890 1992 ὧ
902 1965 959 1992 Χά-

166 2013 246 2040 γανι,
276 2006 315 2042 μὴ
336 2007 384 2034 καὶ
412 2006 491 2044 ὕϐρις
514 2008 622 2042 πέφυκέ
638 2009 719 2040 τις⁶⁸.
739 2009 890 2044 Ἀξιότιμον
917 2010 958 2042 δὲ,

167 2049 241 2077 καίὶά
265 2049 346 2086 ἔφην,
362 2050 411 2078 ὡδὶ
433 2052 484 2078 οὐκ
499 2051 597 2088 ἔχομεν
607 2061 614 2067 ·
633 2053 667 2079 τὰ
682 2053 737 2089 γὰρ
755 2054 958 2089 τιμαλφέστερα

168 2096 224 2122 τῶν
243 2096 357 2131 ἐφοδίων
371 2098 439 2133 ἡμῖν
455 2099 485 2124 ὲν
502 2099 606 2135 ἑτέροις
629 2098 782 2135 ὑπάρχουσι
803 2100 896 2132 τόποις
911 2101 959 2128 καὶ

166 2141 206 2175 ὡς
222 2143 393 2179 πορρωτάτω
407 2144 498 2180 ήμῶν.
518 2145 549 2172 Εἰ
563 2143 610 2172 οὖν
629 2145 643 2172 ό
655 2146 716 2174 καθ’
732 2147 806 2182 ἡμᾶς
821 2147 958 2184 αὐτοκρά-

165 2196 226 2224 τωρ
252 2187 480 2226 φιλοφρονήσεταί
495 2199 536 2218 σοι
551 2190 659 2227 δώροις,
674 2192 724 2219 οὐκ
745 2193 898 2229 ὸκνήσομεν
911 2194 958 2230 δή·

1012 270 1146 298 ccrneret,
1176 270 1204 292 et
1228 265 1299 292 ultra
1325 264 1495 292 barbaricam
1533 265 1703 293 insoletttiatn
1731 273 1799 292 vana

1012 312 1097 347 gloria
1114 312 1214 339 elatum
1229 316 1256 338 ct
1280 315 1441 344 tumentem,
1458 312 1494 338 ita
1513 316 1543 338 ut
1561 311 1599 338 illi
1618 311 1700 338 verba
1722 318 1800 338 arro-

1011 358 1145 393 gantiora,
1161 357 1240 393 longe
1259 362 1319 384 tuas
1331 357 1404 384 vires
1418 357 1588 389 excedentia,
1602 357 1778 384 denuntiares
1791 365 1797 382 :

1012 405 1138 431 nimirum
1155 403 1273 438 prudens
1286 407 1314 431 ct
1331 407 1426 432 cautus
1443 403 1524 430 rebus
1536 403 1593 431 suis
1605 403 1752 437 prospexit.
1768 401 1800 428 Et

1012 455 1041 478 ut
1050 458 1121 477 nunc
1128 454 1192 477 sunt
1200 457 1253 482 res,
1261 454 1383 478 nostrum
1391 454 1434 478 est
1443 450 1476 477 ad
1485 450 1675 485 imperatorem
1685 449 1798 482 legatos,

1011 504 1079 532 quos
1094 496 1140 524 tibi
1152 496 1296 529 videbitur,
1311 496 1428 528 mittere,
1443 495 1490 530 qui
1503 496 1537 522 de
1552 502 1617 529 pace
1627 493 1799 522 conveniant.

1010 542 1065 570 Nec
1077 542 1149 570 enim
1169 541 1308 569 existimes
1328 540 1420 574 velim,
1437 540 1464 567 in
1484 544 1576 568 nostra
1592 543 1726 575 potestate
1740 544 1801 566 esse

1011 589 1158 625 quicquam
1171 587 1260 620 aliter,
1275 594 1355 621 quant
1373 586 1522 620 imperator
1537 584 1746 620 praescripserit,
1760 583 1800 611 di-

1010 642 1073 662 cere
1085 638 1132 662 aut
1147 632 1248 660 facere.
1268 642 1276 658 ι
1302 631 1365 659 Ilaec
1380 631 1424 659 ubi
1449 630 1539 658 Bonus
1553 630 1631 663 dixit,
1649 634 1722 657 rccta
1740 629 1801 663 qui-

1011 680 1071 707 dem
1083 687 1146 708 eum
1158 684 1186 707 ct
1197 678 1270 713 iusta
1283 678 1386 706 dixisse
1401 677 1517 711 Bai-anus
1531 676 1637 704 censuit
1654 684 1661 702 :
1678 675 1726 703 sed
1744 675 1801 702 haec

1011 726 1128 761 snbieeit
1152 734 1159 753 ι
1180 735 1189 751 ι
1215 724 1287 752 Sane
1308 732 1358 759 ego
1376 729 1487 759 prapter
1507 727 1611 758 gentes,
1631 729 1692 757 quae
1708 729 1751 749 me
1768 722 1801 748 ad

1011 771 1111 798 bellum
1127 774 1228 799 secuta:
1250 774 1325 802 sunt,
1339 769 1502 797 verecundia
1525 769 1619 802 ducor,
1642 769 1665 796 si
1683 766 1756 794 nulla
1773 774 1802 794 re

1010 817 1105 846 cll'ecta
1120 817 1258 850 recedere,
1280 824 1366 852 neque
1384 816 1531 850 quicquam
1552 822 1641 848 operae
1661 813 1740 849 pretii
1765 812 1802 840 fe-

1010 864 1081 891 cisse
1097 862 1198 890 videar.
1217 861 1257 890 Ne
1267 862 1350 898 igitur
1365 862 1457 889 videar
1469 862 1568 889 Mistra
1583 865 1687 889 tantum
1700 860 1802 887 laboris

1013 909 1159 944 pertulisse
1166 913 1193 936 et
1207 908 1266 936 sine
1278 909 1332 936 ullo
1342 908 1525 936 emolumento
1535 907 1734 942 expeditionem
1745 914 1804 934 sus-

1012 955 1129 989 cepisse,
1150 962 1234 989 parva
1247 954 1407 982 munuscula
1424 955 1458 982 ad
1481 962 1523 982 me
1539 954 1647 981 mittite.
1667 952 1774 980 Etenim
1787 960 1802 979 c

1011 1001 1124 1037 Scythia
1141 1001 1195 1029 huc
1217 1000 1417 1037 transmittens,
1442 1000 1507 1028 nihil
1526 1001 1670 1035 quicquam
1696 1007 1800 1026 mecutn

1010 1047 1109 1081 extuli,
1123 1054 1210 1082 neque
1223 1047 1302 1080 mihi,
1315 1047 1337 1074 si
1349 1047 1417 1075 nihil
1434 1046 1483 1078 rei.
1497 1046 1568 1081 quod
1584 1053 1627 1073 me
1639 1046 1727 1080 jnvet;
1741 1053 1803 1080 per-

1011 1098 1117 1126 cepero,
1133 1090 1198 1118 hinc
1209 1091 1342 1118 excedere
1355 1090 1427 1118 licet.
1451 1099 1460 1116 ι
1483 1089 1557 1117 Bono
1570 1089 1677 1124 quidetn
1694 1089 1756 1116 duci
1773 1095 1801 1115 et

1010 1135 1126 1167 cteteris.
1145 1135 1191 1170 qui
1207 1142 1268 1165 cum
1282 1142 1314 1162 eo
1329 1135 1492 1167 erant,inter
1502 1142 1570 1170 quos
1583 1137 1642 1161 erat
1659 1140 1802 1168 supremus

1011 1181 1087 1209 urbis
1101 1180 1240 1214 sacerdos,
1256 1180 1344 1208 visum
1361 1186 1415 1212 est,
1432 1179 1562 1214 Bajanutn
1575 1179 1648 1214 justa
1662 1184 1690 1207 et
1704 1179 1801 1207 rationi

1010 1231 1194 1256 consentanea
1211 1233 1374 1262 proponere.
1392 1225 1447 1253 Nec
1463 1227 1534 1254 enim
1553 1225 1731 1253 immoderata
1745 1232 1801 1252 nnt-

1011 1281 1076 1304 nera
1093 1272 1209 1309 Bajanus
1220 1273 1273 1302 sibi
1283 1273 1342 1301 dari
1355 1272 1475 1308 petebat,
1488 1272 1577 1300 solunt
1586 1280 1666 1299 unam
1680 1276 1800 1306 pateram

1010 1327 1044 1347 ex
1068 1323 1180 1354 argento
1204 1318 1316 1352 factam,
1332 1326 1382 1346 nec
1406 1318 1518 1346 multum
1535 1318 1606 1350 auri,
1621 1323 1720 1353 printer
1744 1317 1801 1343 haec

1011 1365 1129 1400 togulam
1139 1364 1307 1400 Scythicam.
1319 1364 1420 1393 Verum
1429 1364 1521 1392 Bonus
1529 1368 1557 1392 et
1565 1363 1611 1398 qui
1620 1363 1644 1390 ei
1655 1363 1802 1390 adstabant

1011 1410 1113 1445 aliquid
1123 1411 1233 1446 proprio
1242 1411 1357 1439 consilio
1369 1410 1522 1438 inconsulto
1537 1409 1700 1445 imperatore
1712 1407 1803 1435 facere

1012 1456 1154 1485 timebant.
1176 1457 1269 1492 Itaque
1299 1456 1400 1490 Baiano
1419 1461 1514 1484 contra
1540 1454 1698 1490 respondit:
1718 1463 1727 1480 ι
1747 1452 1801 1480 Ha-

1010 1503 1105 1531 bemus
1118 1511 1190 1531 nuttc
1200 1503 1403 1538 imperatorem,
1423 1503 1472 1537 qui.
1487 1502 1566 1530 facile
1581 1502 1614 1528 ad
1631 1500 1799 1528 iracundiam

1012 1550 1172 1585 adducitur;
1187 1557 1273 1591 quare
1290 1558 1324 1577 ne
1344 1557 1375 1577 ea
1395 1549 1514 1585 quidem,
1529 1557 1589 1585 qua:
1607 1548 1724 1576 nutasse
1739 1555 1800 1576 cum

1012 1596 1138 1630 laterent,
1151 1601 1246 1624 nostra
1258 1601 1356 1631 sponte
1369 1601 1396 1623 et
1411 1597 1521 1631 proprio
1538 1596 1621 1623 animi
1640 1594 1748 1630 vjudieio
1763 1594 1802 1621 l'a—

1011 1649 1075 1670 cere
1102 1642 1305 1670 suSIinebimus.
1324 1641 1456 1670 Praeterea
1481 1649 1542 1668 cum
1561 1641 1587 1669 in
1601 1641 1700 1668 castris
1714 1641 1802 1674 dega—

1012 1695 1082 1721 mus,
1096 1688 1226 1722 pecunias
1237 1687 1264 1714 in
1279 1691 1422 1714 numerato
1436 1687 1547 1714 minime
1557 1686 1697 1718 habemus,
1713 1691 1803 1720 neque

1011 1734 1155 1770 quicquam
1169 1734 1309 1763 nobiscum
1323 1733 1436 1761 ferimus
1449 1733 1502 1760 nisi
1509 1737 1678 1761 castrensem
1693 1731 1803 1766 suppel-

1010 1780 1140 1812 lectilem,
1153 1783 1182 1807 et
1194 1786 1238 1812 ea,
1253 1779 1354 1814 quibus
1373 1779 1520 1807 induimur.
1546 1779 1666 1813 Denique
1684 1779 1800 1805 Avarum

1011 1825 1072 1852 duci
1087 1832 1120 1851 ex
1145 1825 1188 1858 iis,
1204 1825 1304 1860 quibus
1318 1826 1424 1853 modice
1442 1824 1569 1853 instructi
1593 1824 1647 1852 huc
1664 1823 1801 1855 venimus,

1011 1871 1080 1899 dona
1092 1871 1189 1899 olIet-re
1202 1871 1274 1904 vide,
1287 1879 1304 1898 ο
1318 1872 1456 1906 Cltagane,
1472 1879 1506 1898 ne
1523 1870 1621 1906 injuria
1643 1875 1671 1897 et
1685 1870 1801 1905 ignotiti-

1011 1917 1055 1944 nia
1066 1917 1156 1952 aliqua
1172 1916 1207 1944 sit
1221 1926 1229 1944 :
1248 1925 1310 1944 nam
1332 1917 1401 1944 nihil
1417 1922 1491 1944 tanto
1507 1918 1610 1944 honore
1627 1916 1701 1950 digni
1718 1915 1801 1942 habe-

1011 1971 1082 1990 mus.
1105 1962 1270 1990 Pretiosiora
1286 1962 1359 1990 enim
1378 1962 1538 1990 viaticorutn
1560 1966 1715 1989 nostrorum
1738 1966 1801 1992 sunt

1011 2008 1038 2036 in
1055 2008 1116 2036 aliis
1127 2008 1192 2036 locis
1204 2012 1233 2035 et
1246 2008 1326 2042 longe
1337 2015 1352 2035 a
1370 2007 1451 2037 nobis
1459 2007 1572 2036 remotis
1591 2007 1689 2042 posita.
1708 2007 1800 2040 Quodo

1011 2053 1034 2082 si
1050 2060 1097 2081 vos
1109 2053 1264 2089 ,imperator
1279 2057 1373 2081 noster
1389 2053 1548 2081 muneribus
1563 2052 1697 2080 demereri
1709 2052 1801 2080 volue-

1011 2099 1056 2130 rit.
1083 2107 1136 2126 non
1150 2099 1349 2131 cunctabimur,
1368 2099 1416 2127 tibi
1431 2103 1458 2127 et
1483 2098 1560 2127 nobis
1575 2099 1752 2134 gratulantes,
1773 2103 1802 2125 et

1011 2146 1183 2182 imperatoris
1193 2145 1268 2180 iussa
1287 2145 1389 2178 facere,
1403 2150 1431 2174 et
1450 2153 1541 2178 omne,
1561 2144 1649 2180 quoad
1665 2145 1725 2179 ejus
1741 2144 1800 2172 ﬁeri

1010 2192 1120 2227 poterit,
1132 2192 1205 2227 quod
1220 2192 1270 2220 tibi
1284 2193 1428 2224 conducat,
1447 2191 1558 2226 exsequi
1571 2195 1699 2226 tanquam
1717 2190 1800 2218 amici

166 2241 221 2260 που
248 2233 296 2260 καὶ
314 2235 396 2270 ἡμεῖς
419 2236 568 2272 γεγηθότες
579 2245 610 2264 τε
623 2237 671 2264 καὶ
684 2237 722 2272 τῷ
738 2237 843 2272 βασιλεῖ
857 2238 957 2274 ἑπόμε-

1010 2242 1037 2264 et
1046 2236 1116 2271 ejus,
1124 2236 1171 2271 qui
1183 2243 1236 2263 una
1245 2235 1439 2264 nobiscumuni
1456 2235 1565 2263 domino
1575 2239 1662 2269 paret,
1675 2234 1799 2262 utilitati~

166 2286 209 2306 νοι
235 2279 323 2307 ταῦτα
346 2279 564 2317 διαπράξασθαι,
589 2282 706 2310 καθόσον
729 2281 780 2310 οἷοι
804 2284 835 2311 τέ
861 2285 958 2319 ἐσμεν,

164 2324 263 2362 ὥσπερ
289 2325 360 2365 φίλῳ
382 2328 603 2363 προσφερόμενοι
622 2329 671 2357 καὶ
691 2327 840 2365 ὁμοδούλῳ.
852 2338 862 2356 ι
886 2329 958 2365 Πρὸς

165 2369 254 2398 ταῦτα
268 2370 464 2408 ἀγανακτήσας
480 2374 494 2400 ὁ
513 2374 626 2406 Βαῑανδς
641 2374 690 2402 σὺν
706 2375 780 2411 ὅρκῳ
793 2376 956 2412 ἠπείλησεν,

164 2412 184 2451 ἦ
197 2414 252 2452 μὴν
277 2417 436 2453 στράτευμα
449 2418 602 2454 ἐκπέμψειν
615 2419 666 2455 τὴν
686 2420 831 2456 Ῥωμαίων
847 2421 958 2456 ἐπιδρασ

166 2460 315 2497 μούμσνον.
335 2463 390 2491 Καὶ
404 2463 437 2499 δὴ
457 2465 504 2491 τοῦ
525 2465 680 2502 στρατηγοῦ
708 2467 858 2503 κατάδηλον
882 2467 958 2504 αὑτῷ

164 2508 359 2544 πεποιηκότος,
374 2509 412 2541 ὡς
427 2509 535 2543 ἐξέσται
552 2511 602 2546 μέν
615 2512 640 2539 oi
653 2514 739 2540 ποιεῖν
760 2513 812 2541 ὅσα
826 2513 859 2540 διν
873 2513 957 2549 δυνή-

164 2561 251 2587 σοιτο,
276 2554 377 2583 ειδέναι
399 2555 440 2589 δὲ,
469 2555 507 2589 ὡς
529 2557 561 2584 οὐ
585 2558 695 2590 πάντως
720 2559 765 2586 ἐπ’
786 2558 883 2594 ἁγαθῷ
901 2559 956 2586 τῶν

164 2598 352 2635 στελλομένων
385 2601 462 2630 ἔσται
489 2604 506 2638 ἡ
533 2603 680 2640 ἐπιδρομή,
708 2604 788 2637 αὐτὸς
820 2605 884 2641 ἔφη,
913 2606 956 2634 ὅτι

167 2655 177 2672 ι
192 2646 367 2680 Τοιούτους⁶⁹
385 2648 521 2685 ἑπαφήσω
544 2651 578 2686 τῇ
612 2650 762 2687 Ῥωμαϊκῇ,
778 2651 827 2683 ὡς,
856 2652 880 2678 εί
909 2652 958 2679 καὶ

165 2690 288 2728 συμϐαίη
317 2693 350 2728 γέ
366 2701 443 2727 σφισι
468 2693 576 2729 θανάτῳ
595 2694 707 2726 ἁλῶναι,
723 2694 781 2721 ἀλλ’
796 2694 891 2730 ἔμοιγε
917 2694 956 2730 μὴ

1009 2278 1060 2306 bus
1071 2277 1260 2306 inservientes.
1275 2287 1284 2304 ι
1296 2278 1336 2305 Ub
1346 2277 1403 2306 haec
1411 2277 1566 2312 indignatus
1578 2276 1799 2312 Bajanusjurans

1008 2324 1127 2352 minatus
1141 2329 1193 2357 est,
1211 2332 1241 2353 se
1253 2324 1437 2352 intmissurum
1449 2323 1600 2352 exercitum
1614 2321 1728 2359 ιιιίιι
1744 2321 1798 2350 Ro-

1008 2377 1150 2398 manorum
1166 2369 1279 2399 ditionis
1297 2370 1421 2405 regiones
1431 2370 1476 2405 qui
1490 2369 1677 2405 populationes
1687 2369 1802 2398 faceret.

1008 2417 1050 2446 Ad
1061 2425 1122 2454 qua:
1139 2425 1202 2446 cum
1222 2417 1276 2445 dux
1298 2417 1385 2453 palam
1403 2417 1574 2452 prmdicarot,
1594 2417 1630 2444 illi
1645 2417 1754 2452 quidem
1766 2417 1800 2444 li-

1011 2471 1074 2492 cere
1098 2463 1201 2497 omnia,
1220 2471 1282 2498 quae
1302 2468 1404 2498 posset,
1429 2463 1539 2498 aggredi
1566 2466 1594 2490 et
1616 2467 1732 2496 tentare,
1751 2464 1803 2491 sed

1011 2517 1172 2545 persuasum
1186 2509 1297 2543 habere,
1311 2508 1380 2541 fore,
1394 2513 1424 2536 ut
1435 2509 1493 2536 ista:
1502 2509 1677 2537 excursiones
1687 2507 1740 2540 his,
1751 2508 1798 2543 qui

1011 2555 1040 2584 in
1055 2563 1102 2583 eas
1125 2555 1309 2588 mitterentur,
1326 2562 1379 2582 non
1396 2555 1465 2584 bene
1480 2559 1630 2588 verterent,
1648 2553 1798 2590 respondit,

1009 2609 1039 2630 se
1052 2602 1122 2631 tales
1135 2602 1291 2635 missurum,
1307 2602 1352 2636 qui
1368 2601 1391 2629 si
1405 2601 1684 2637 perierint,dantntun
1697 2599 1800 2628 nullum

1011 2657 1044 2677 ex
1054 2656 1149 2677 eorum
1166 2649 1250 2677 exitio
1265 2649 1298 2676 ad
1309 2648 1370 2683 ejus
1383 2656 1497 2677 sensum
1507 2653 1580 2677 esset
1595 2651 1800 2684 perventurum.

1010 2694 1104 2730 Itaque
1113 2695 1195 2731 jussit
1209 2695 1279 2724 dena
1300 2694 1382 2722 millia
1396 2694 1569 2728 llunnorum,
1580 2694 1629 2730 qui
1643 2693 1800 2729 Conlrignri

805 2771 921 2800 νΑιιιΑε
941 2770 1146 2801 LECTIONES.

204 2843 226 2858 "
239 2842 429 2880 ἐξογκώμενον
446 2844 518 2880 vulg.
530 2879 533 2880 ν
546 2844 580 2876 ,⁸³
601 2843 805 2879 βεϐαιώσιντας
821 2843 894 2879 vulg.
930 2844 955 2880 ff
974 2843 990 2878 ἦ

413 2879 435 2896 ⁸⁷
451 2878 584 2915 τυιίχάνον
599 2879 672 2915 vulg.
708 2880 731 2897 θ’
753 2880 859 2914 πέφυκέ
870 2878 912 2912 τις
930 2878 975 2913 11.,
990 2880 1143 2915 πεφυκότες
1158 2878 1229 2915 vulg.

167 2886 210 2905 σιν
221 2879 284 2915 (sic)
301 2879 375 2915 vulg.

1014 2843 1077 2871 add.
1090 2880 1095 2885 _
1108 2844 1138 2871 ll.
1189 2844 1211 2885 ‘_‘
1229 2843 1357 2885 Σχεδίον]
1371 2843 1490 2885 ,σηρικοξὶ
1505 2844 1578 2880 conj.
1606 2843 1636 2871 Β.
1664 2844 1686 2860 ⁶⁶
1698 2841 1803 2869 ἐδιδία-

1268 2880 1290 2896 ⁸⁸
1300 2879 1442 2910 τοσούτους
1461 2879 1493 2906 ll.
