4006 6214
383 280 494 345 819

1244 281 1640 342 EXCERPTA
1676 283 1779 343 EX
1819 283 2245 349 MENANDRO
2284 288 2779 353 PROTECTORE

3531 283 3652 350 820

378 395 703 451 dicebantur
756 394 1008 466 trajicere
1061 393 1227 447 Suum
1262 402 1316 447 et
1355 399 1571 449 vastare
1624 393 1973 452 Dalmatiam.

2086 398 2334 468 γενέσθαι
2363 394 2735 470 συναίσθησιν.
2765 421 2784 454 ι
2813 402 2922 456 Καὶ
2952 401 3017 472 δὴ
3050 397 3497 471 παρεκελεύσατο
3523 396 3665 449 δέκα

385 489 503 556 Ipse
526 501 656 542 vero
690 496 810 541 cum
844 483 992 540 omni
1023 497 1123 538 suo
1159 483 1424 549 exercitu,
1454 485 1776 542 transmisso
1804 485 1965 553 Istro,

384 586 437 637 in
469 579 662 633 ﬁnibus
691 575 1022 643 Gepidarum
1049 574 1313 629 Substitit.

2074 489 2322 560 χιλιάδας
2370 492 2479 544 τῶν
2547 493 3025 565 Κοντριγούρωντο
3073 491 3387 562 λεγομένων
3440 487 3664 542 θύννων

2070 580 2323 652 διαϐῆναι
2344 583 2436 638 τὸν
2458 584 2595 639 Σάον
2610 585 2856 655 ποταμὸν
2882 585 2978 639 καὶ
2993 584 3204 656 δῃῶσαι
3220 582 3285 637 τὸ
3311 582 3410 649 ⁵ἐπὶ
3428 579 3665 650 Δαλμα-

381 675 523 732 τίαν.
574 670 737 733 αὐτὸς
775 669 833 724 δέ
882 670 977 736 ξὺν
1020 670 1170 741 πάσῃ
1208 672 1275 741 τῇ
1316 672 1438 724 κατ’
1477 671 1644 724 αὐτὸν
1692 672 1896 743 πληθύῖ
1924 675 2150 731 διελθὼν
2180 677 2274 733 τὸν
2311 680 2527 751 Ἴστρον
2557 681 2614 745 ἐς
2638 681 2707 735 τὰ
2726 680 2837 735 τῶν
2876 680 3170 754 Γηπαίδων
3188 678 3472 748 διέτριϐεν
3508 675 3667 747 ὅρια.

454 780 726 837 iSJVenit
745 780 926 837 denuo
952 781 1246 852 Targitius,
1273 792 1332 837 ut
1360 780 1632 853 legatione
1653 781 1970 853 fungeretur

382 876 521 943 apud
546 876 955 944 imperatorem.
983 875 1188 931 Eadem
1216 888 1347 931 vero
1373 875 1510 930 dixit
1544 876 1885 944 imperatori,
1913 886 1972 933 et

381 966 591 1022 audivit
619 967 686 1022 ab
719 967 1072 1034 imperatore,
1104 980 1224 1035 quae
1250 973 1305 1021 et
1335 973 1515 1023 antea.
1549 964 1780 1024 Petebat
1819 968 1965 1024 enim

384 1070 415 1111 a
456 1057 714 1112 Romanis
754 1056 855 1114 sibi
889 1057 1030 1112 tradi
1076 1056 1335 1111 Sirmium
1375 1058 1653 1128 oppidum,
1706 1067 1967 1130 tanquam

384 1147 530 1217 quod
563 1160 707 1204 esset
732 1162 830 1204 sua
863 1148 1074 1217 privata
1105 1156 1161 1204 et
1189 1150 1484 1205 domestica
1515 1151 1812 1218 possessio,
1840 1151 1966 1221 quia

386 1242 455 1297 ab
501 1243 619 1312 ipso
643 1240 969 1312 Gepidarum
1017 1256 1107 1297 res
1154 1252 1341 1298 essent
1382 1256 1618 1312 eversae;
1662 1252 1774 1301 tum
1804 1245 1968 1301 etiam

388 1335 664 1401 pecunias,
695 1349 830 1404 quas
852 1332 1103 1390 Justinus
1119 1333 1327 1390 iiunnis
1354 1337 1649 1405 quotannis
1675 1337 1969 1404 pendebat,

392 1425 720 1495 postulabat,
761 1437 816 1482 et
850 1427 1003 1498 quasi
1047 1428 1417 1496 superioribus
1451 1429 1609 1485 annis
1642 1427 1776 1483 nihil
1818 1442 1973 1485 acce-

389 1519 619 1588 pissent,
652 1534 845 1575 omnes
863 1518 1021 1574 simul
1051 1515 1324 1591 Targitius
1352 1519 1453 1577 sibi
1477 1519 1709 1591 persolvi
1729 1520 1968 1589 volebat,

391 1621 445 1666 et
471 1612 543 1667 ita
590 1612 643 1667 in
694 1620 970 1682 posterum
1008 1627 1187 1668 annua
1222 1628 1344 1667 cum
1378 1611 1642 1669 Romanis
1674 1613 1878 1669 foedera
1909 1627 1972 1670 se

2153 789 2235 845 ιε’.
2269 792 2393 848 Ὅτι
2423 787 2579 858 αὖθις
2618 788 2754 864 ἦλθε
2791 793 3089 867 Ταργίτιος
3133 789 3462 862 βουλόμενος
3519 804 3665 853 πρε-

2078 877 2411 936 σϐεύσασθαι
2463 881 2539 947 ὡς
2594 881 2841 954 βασιλέα,
2886 883 3073 937 ἐκεῖνά
3115 899 3176 935 τε
3203 878 3310 949 ἔφη
3347 877 3425 948 τῷ
3452 876 3671 949 βασιλεῖ

2076 972 2174 1027 καὶ
2200 972 2401 1043 ἢκουσε
2430 974 2569 1047 πρὸς
2590 974 2755 1030 αὐτοῦ
2788 976 2934 1043 ἅπερ
2960 976 3054 1028 καὶ
3074 971 3286 1026 ἄλλοτε.
3315 970 3427 1042 Τήν
3464 986 3524 1023 τε
3551 967 3667 1039 γὰρ

2076 1062 2236 1118 πόλιν
2261 1064 2322 1119 τὸ
2354 1066 2582 1137 Σίρμιον
2611 1066 2864 1121 ἐϐούλετο
2897 1065 3038 1139 πρὸς
3076 1062 3367 1135 Ῥωμαίων
3424 1061 3661 1130 κομίσα-

2073 1155 2225 1222 σθαι,
2269 1157 2366 1212 άτε
2420 1159 2623 1214 οίκεῖον
2656 1158 2719 1214 ὃν
2773 1157 2922 1229 αὐτῷ
2974 1156 3160 1229 κτῆμα
3197 1154 3406 1223 ἐξότεἠ
3446 1152 3514 1208 τά
3550 1153 3667 1208 τῶν

2074 1246 2364 1315 Γηπαίδων
2409 1248 2501 1301 ὑπ’
2551 1249 2720 1304 αὑτοῦ
2760 1247 3054 1319 διέφθαρτο
3098 1247 3446 1317 πράγματα’
3482 1242 3564 1297 ἔτι
3599 1260 3664 1297 τε

2073 1338 2171 1391 καὶ
2212 1338 2496 1409 χρήματα,
2534 1338 2680 1411 άπερ
2712 1340 2999 1403 ἰουστῖνος
3018 1340 3131 1402 τοῖς
3154 1336 3376 1400 Οὖννοις
3406 1334 3495 1406 ἐφ’
3521 1336 3663 1390 ἐκάο

2077 1445 2187 1500 στῳ
2220 1430 2453 1503 ἐνιαυτῷ
2496 1432 2669 1486 ἐδίδου
2691 1448 2705 1464 ·
2736 1431 2852 1496 καὶ,
2881 1428 2970 1486 οἷα
3019 1430 3190 1503 μηδὲν
3227 1427 3531 1500 εἰληφότων
3558 1429 3669 1481 αὖ·

2076 1517 2185 1572 τῶν
2212 1521 2279 1575 ἐκ
2311 1520 2421 1574 τῶν
2446 1520 2863 1591 παροιχομένων
2892 1520 3051 1588 ἐτῶν,
3088 1519 3307 1574 ἅπαντα
3335 1516 3471 1588 ὁμοῦ
3518 1516 3669 1585 Ταρ-

2075 1613 2251 1681 γίτιος
2282 1613 2635 1684 εἰσπράττειν
2669 1613 2845 1682 ἠξίου,
2880 1612 3023 1666 οὕτω
3052 1629 3112 1665 τε
3134 1609 3323 1665 λοιπὸν
3350 1608 3451 1672 τὰς
3484 1609 3669 1661 ἐνιαυ-

390 1715 506 1759 rata
539 1703 850 1759 habiturum
879 1698 1035 1760 dixit.
1074 1702 1395 1760 Usdibatum
1429 1720 1649 1778 quoque
1684 1705 1968 1776 poscebat,

2086 1704 2262 1768 σιαίας
2288 1704 2572 1771 συντάξεις
2593 1705 2917 1776 ἐρρωμένας
2944 1701 3295 1758 κατατιθέναι
3335 1699 3664 1791 Ῥωμαίοις.

392 1807 651 1866 tauquam
700 1796 793 1866 qui
847 1810 979 1852 suus
1035 1796 1366 1866 captivitatis
1399 1797 1521 1864 jure
1571 1804 1626 1852 et
1655 1798 1777 1880 lege
1805 1806 1970 1851 esset.

392 1886 630 1943 Plurima
658 1886 763 1942 alia
794 1888 959 1942 etiam
992 1886 1045 1942 in
1075 1888 1314 1943 medium
1342 1888 1653 1958 proferebat
1672 1886 1970 1959 Targitius,

392 1978 695 2035 insolentia:
732 1986 786 2034 et
816 1977 1086 2049 superbiat
1121 1978 1301 2048 plena,
1331 1992 1562 2050 quorum
1599 1979 1843 2035 omnium
1873 1978 1976 2034 im-

391 2078 609 2138 perator
655 2068 857 2123 nullam
890 2068 1157 2125 rationem
1195 2068 1402 2136 habuit,
1446 2069 1539 2127 sed
1564 2068 1724 2126 elusit
1758 2078 1814 2129 et
1843 2083 1979 2127 conv

392 2159 631 2232 tempsit,
663 2168 719 2215 et
751 2160 931 2216 verbis
967 2160 1371 2230 imperatoriam
1401 2162 1743 2231 maiestatem
1776 2162 1975 2219 decea-

394 2252 537 2307 tibus
566 2260 649 2307 est
684 2265 838 2307 usus.
872 2252 1114 2322 Denique
1138 2266 1259 2307 cum
1291 2267 1386 2324 per
1408 2253 1653 2309 diversas
1684 2264 1742 2309 et
1779 2254 1976 2310 multas

394 2340 689 2413 legationes
722 2356 886 2410 super
908 2342 992 2399 bis
1021 2353 1391 2400 commeantes
1413 2343 1545 2399 nihil
1570 2344 1862 2415 quicquam
1893 2343 1977 2399 ef-

396 2433 595 2489 fectum
625 2442 792 2500 esset,
844 2432 1143 2504 'l‘argitlum
1186 2435 1395 2490 dimisit
1451 2435 1771 2505 imperator,
1812 2444 1867 2490 et
1901 2434 1978 2491 illi

394 2524 553 2592 dixit,
588 2540 649 2583 se
675 2526 803 2583 illuc
829 2527 1123 2584 missurum
1153 2525 1458 2593 Tiberium,
1497 2526 1592 2599 qui
1616 2542 1889 2583 summum
1923 2527 1977 2583 in

393 2620 636 2675 exercitu
667 2618 903 2674 habebat
933 2618 1246 2688 imperium,
1289 2619 1380 2688 qui
1418 2618 1485 2675 de
1521 2620 1774 2676 omnibus
1816 2620 1980 2678 rebus

394 2718 602 2779 ageret,
631 2718 687 2764 et
717 2709 928 2779 singula
970 2720 1192 2778 pacaret
1226 2717 1281 2764 et
1304 2710 1563 2765 firmaret.

466 2799 555 2855 ιθ.
597 2800 660 2872 (f.
692 2801 757 2854 A.
821 2801 882 2856 C.
918 2800 1043 2866 570,
1085 2800 1203 2855 Ind.
1269 2802 1323 2865 3,
1380 2799 1580 2857 Justiui
1632 2800 1711 2872 6.)
1791 2800 1972 2858 Multa:

395 2892 615 2962 quidem
661 2892 780 2948 alia:
808 2889 931 2948 belli
972 2907 1152 2949 causae
1186 2894 1329 2948 inter
1374 2892 1651 2950 Romanos
1699 2894 1754 2949 et
1785 2892 1982 2950 Persas

395 2982 760 3051 exstiterunt;
816 2982 1057 3039 maxime
1130 2997 1262 3040 vero
1319 2982 1624 3041 Turcorurn
1683 3000 1821 3056 gens
1881 2987 1981 3041 im-

2076 1796 2221 1868 Πρός
2270 1812 2335 1866 γε
2390 1798 2483 1852 καὶ
2526 1797 2620 1852 τὸν
2671 1796 3019 1868 Ούσδήϐαδον
3072 1794 3309 1866 ὲξῄτειη
3356 1786 3445 1847 οἷα
3490 1807 3669 1862 προσ-

2073 1892 2276 1961 ήκοντα
2288 1888 2333 1923 ’³
2359 1890 2438 1963 τῷ
2462 1890 2572 1945 τῶν
2600 1891 2950 1962 ἅρυλὴπτων
2971 1888 3119 1960 αὐτῷ
3130 1885 3341 1957 θεσμῷ.
3359 1883 3471 1939 Καὶ
3495 1884 3668 1954 ἔτερα

2075 1982 2133 2037 δέ
2159 2000 2281 2039 τινα
2311 1984 2680 2056 προεϐάλλετο
2704 1985 2733 2037 ό
2760 1982 3056 2056 Ταργίτιος
3111 1979 3499 2051 ὑπερηφανίας
3528 1976 3668 2031 ἀνάο

2077 2075 2237 2143 πλεα,
2262 2068 2337 2132 ὧν
2365 2060 2563 2149 οὐδένᾶ
2577 2075 2737 2145 λόγον
2761 2076 2998 2130 ἐποιεῖτο
3018 2074 3046 2127 ό
3080 2069 3357 2143 βασιλεύς·
3386 2067 3525 2124 ἀλλὰ
3546 2066 3665 2138 γὰρ

2076 2169 2145 2223 τά
2184 2185 2243 2222 τε
2274 2168 2547 2239 λεγόμενα
2589 2168 2728 2239 πρὸς
2772 2166 2939 2222 αὑτοῦ
2986 2161 3386 2234 ἀπεφλαύριζε,
3414 2161 3511 2214 καὶ
3561 2158 3668 2229 μὲν

2076 2256 2171 2313 οὖν
2218 2258 2513 2329 βασιλικῶς
2547 2258 2749 2330 ἐχρῆτο
2801 2258 2915 2319 τοῖς
2968 2255 3233 2326 ῥήμασιν.
3276 2251 3402 2305 Ἐπὶ
3448 2249 3668 2311 τούτοις

2078 2350 2171 2405 οὖν
2204 2350 2453 2421 διάφοροι
2496 2348 2786 2420 πρεσϐεῖαι
2840 2347 3186 2417 φοιτήσασαι,
3226 2342 3301 2408 ὡς
3330 2338 3595 2411 διηνύσθη
3616 2339 3666 2372 ’δ

2080 2443 2243 2497 πλέον
2274 2442 2448 2506 οὐδὲν,
2485 2441 2720 2512 διαφῆκε
2758 2440 2849 2494 τὸν
2893 2438 3185 2509 Ταργίτιον
3226 2436 3254 2488 δ
3289 2433 3561 2506 βασιλεὺς,
3584 2432 3672 2484 ει-

2082 2532 2267 2605 ρηκὼς
2309 2532 2459 2605 αὐτῷ
2506 2531 2752 2587 στέλλειν
2783 2532 2964 2586 ἐκεῖσε
2999 2528 3252 2600 Τιϐέριον
3282 2524 3671 2611 αὐτοκράτορα

2081 2624 2409 2695 στρατηγὸν,
2456 2624 2587 2696 περὶ
2624 2623 2720 2679 τοῦ
2772 2623 2977 2687 παντὸς
3017 2617 3506 2691 διαλεχθησόμενον
3561 2612 3670 2667 καὶ

2083 2716 2452 2787 βεϐαιώσοντα
2471 2717 2541 2771 τὰ
2565 2716 2796 2770 ἕκαστα.

2153 2815 2251 2875 ις’.
2292 2809 2417 2862 Ὅτι
2449 2807 2587 2863 ἄλλα
2619 2824 2681 2861 τε
2706 2805 2879 2860 πολλὰ
2904 2805 3058 2859 αἴτια
3083 2801 3334 2871 ἐγένοντο
3358 2796 3453 2853 τοῦ
3498 2795 3673 2851 πολέ-

2086 2918 2188 2973 μου
2219 2898 2512 2966 Ῥωμαίων
2535 2916 2598 2952 τε
2630 2896 2726 2952 καὶ
2743 2895 2994 2967 Περσῶν,
3017 2895 3079 2948 τὸ
3107 2893 3165 2947 δέ
3203 2891 3406 2963 μᾶλλον
3427 2890 3675 2943 ἀναπτε-

2086 2989 2571 3063 ρῶσανῚουστῖνον
2589 2989 2618 3042 δ
2645 2989 2865 3060 κινῆσαι
2882 2986 2932 3019 ’⁸
2959 2985 3101 3040 κατὰ
3123 2982 3351 3055 Περσῶν
3365 2980 3425 3035 τδ
3443 2979 3590 3042 ἔθνος
3615 2977 3673 3030 οε

395 3073 533 3144 pulit
565 3073 968 3144 imperatorem,
990 3083 1048 3131 ut
1082 3085 1273 3132 contra
1311 3075 1506 3133 Persas
1533 3092 1684 3132 arma
1717 3086 1978 3134 moveret.

2086 3084 2319 3155 Τοῦρκοι
2347 3083 2617 3152 ἐγένοντο.
2645 3081 2769 3135 Οἵδε
2795 3079 2906 3150 γὰρ
2939 3076 3294 3137 ἐσϐάλλοντες
3326 3073 3385 3135 ἐς
3408 3069 3674 3141 Μηδικὴν

398 3164 605 3220 Etenim
668 3164 831 3223 ἐυηί
891 3166 1123 3225 Mediam
1196 3168 1511 3224 invaserant
1562 3179 1618 3224 et
1677 3169 1985 3239 depopulati

395 3267 571 3314 erant.
607 3259 796 3331 Itaque
840 3258 1131 3328 Justinum,
1157 3260 1319 3316 missa
1364 3261 1649 3332 legatione,
1686 3271 1745 3317 ut
1786 3261 1987 3318 bellum

397 3351 579 3408 Persis
630 3367 813 3408 secum
874 3352 1159 3419 inferrent,
1227 3367 1338 3421 quo
1393 3354 1770 3409 communibus
1814 3353 1989 3409 hosti-

396 3448 500 3499 bus
548 3442 717 3497 exitio
772 3452 978 3507 essent,
1029 3442 1423 3498 sollicitabant.
1501 3442 1716 3497 Etenim
1763 3457 1831 3497 ex
1874 3457 1982 3497 una

398 3539 553 3600 parte
620 3529 900 3597 Romanis,
960 3546 1031 3587 ex
1092 3531 1261 3587 altera
1327 3531 1524 3588 Turcis
1585 3533 1986 3603 ingruentibus,

402 3624 617 3689 Persas,
684 3624 777 3693 qui
831 3625 885 3677 in
940 3624 1121 3680 medio
1188 3624 1471 3681 constituti
1565 3636 1749 3693 erant,
1827 3626 1989 3683 facile

400 3714 635 3783 opprimi
723 3729 901 3785 posse.
992 3713 1199 3772 Harum
1280 3732 1464 3773 rerum
1548 3716 1744 3774 ﬁducia
1813 3717 1990 3775 elatus

390 3800 682 3876 Justinus,
722 3807 882 3864 facile
960 3806 1081 3879 fore
1153 3810 1520 3878 existimabat,
1591 3818 1652 3866 ut
1693 3808 1985 3867 Persarum

404 3900 706 3968 potentiam
761 3909 1055 3967 everteret,
1101 3908 1157 3955 et
1198 3900 1268 3955 ad
1333 3899 1616 3956 interitum
1670 3900 1991 3957 adduceret.

401 3991 587 4063 Itaque
642 4005 904 4062 quantum
948 3993 1001 4048 in
1031 3992 1124 4048 illo
1155 4000 1295 4057 erat.
1348 3994 1532 4049 omnia
1578 3992 1830 4057 curabat,
1880 4004 1990 4061 quo

400 4084 507 4140 sibi
560 4084 867 4141 Turcorum
926 4085 1224 4152 amicitiam
1287 4085 1447 4142 fidam
1512 4095 1571 4142 et
1616 4094 1792 4142 tutam
1850 4099 1987 4141 con-

401 4184 662 4231 servaret.

476 4268 563 4323 l7.
630 4270 837 4324 A-vares
902 4269 1228 4339 legationem
1295 4268 1365 4325 de
1415 4268 1607 4325 iisdem
1686 4271 1867 4334 rebus,
1922 4270 1990 4325 de

402 4362 601 4429 quibus
638 4361 836 4431 saepius
880 4372 1064 4427 autea,
1113 4361 1182 4415 ad
1206 4360 1504 4431 ,ltomanos
1564 4362 1850 4427 miserunt,
1898 4361 1984 4415 cui

2087 3173 2189 3245 τῆς
2225 3191 2285 3228 τε
2330 3174 2435 3245 γῆς
2484 3172 2701 3244 ἔτεμον,
2752 3169 2998 3225 ἔστειλαν
3029 3170 3085 3224 δέ
3133 3168 3231 3222 καὶ
3271 3165 3348 3228 ὡς
3375 3163 3676 3217 ἰουστῖνον

2088 3266 2387 3341 πρεσϐείαν
2417 3266 2505 3337 ἐφ’
2528 3258 2572 3333 ᾧ
2602 3261 3083 3334 συνεκπολεμῶσαί
3114 3277 3178 3330 γε
3206 3258 3370 3312 αὐτὸν
3400 3254 3673 3325 Πέρσαις,

2088 3364 2243 3432 κοινῇ
2276 3376 2337 3414 τε
2360 3357 2610 3414 καθελεῖν
2641 3354 2984 3423 ἐξαιτοῦντες
3022 3352 3351 3425 ἀμφοτέρων
3373 3350 3499 3412 τοὺς
3539 3346 3677 3399 δυσ-

2091 3454 2297 3523 μενεῖς,
2346 3452 2442 3505 καὶ
2481 3449 2590 3504 τῶν
2620 3450 2665 3481 ⁷⁸
2717 3448 2982 3520 Τούρκων
3036 3443 3237 3517 μᾶλλον
3292 3438 3673 3497 ἀσπάσασθαν

2087 3539 2229 3593 οὓτω
2252 3538 2361 3608 γὰρ
2390 3537 2457 3592 ἂν
2483 3540 2553 3609 τῇ
2585 3536 2685 3608 μὲν
2720 3536 3029 3607 Ῥωμαίων,
3056 3537 3122 3605 τῇ
3149 3533 3207 3587 δὲ
3252 3530 3512 3601 Τούρκων
3545 3529 3677 3582 ἐπι-

2087 3627 2334 3699 θεμένων
2371 3627 2430 3680 ἐν
2466 3626 2617 3699 μέσῳ
2640 3626 2710 3680 τὰ
2740 3625 2968 3697 Περσῶν
2990 3621 3377 3695 διαφθαρῆναι.
3424 3618 3678 3683 Ταύταις

2087 3725 2207 3786 ταῖς
2235 3720 2451 3776 ἐλπίσιν
2483 3719 2794 3791 ἐπηρμένος
2832 3719 3119 3781 Ἰουστῖνος
3163 3715 3360 3788 ῥᾳδίως
3396 3711 3535 3784 ᾤετο
3567 3709 3678 3781 τὴν

2088 3816 2314 3889 Περσῶν
2343 3812 2821 3887 καταστρέψεσθαι
2855 3811 3086 3881 δύναμιν
3116 3810 3211 3862 καὶ
3234 3811 3291 3873 ἐς
3318 3806 3378 3861 τὸ
3413 3804 3489 3877 μὴ
3521 3797 3675 3857 εἶναι

2090 3910 2424 3978 ξυνελάσειν.
2457 3907 2569 3962 Καὶ
2599 3905 2713 3970 οὖν,
2739 3905 2816 3969 ὡς
2840 3900 2954 3958 οἷόν
2980 3918 3038 3957 τε
3066 3894 3158 3974 ἦν,
3195 3901 3254 3954 ἐν
3285 3897 3485 3970 βεϐαίῳ
3523 3894 3679 3959 ἔξειν

2089 4000 2256 4057 αὐτοῦ
2282 4003 2383 4074 τὴν
2418 4000 2555 4073 πρὸς
2587 3996 2867 4069 Τούρκους
2896 3996 3079 4066 φιλίαν
3111 3995 3327 4050 ἅπαντα
3358 4004 3680 4063 παρεσκευο

2090 4095 2277 4161 ἅζετο.

2163 4269 2250 4338 ιζ’.
2293 4272 2419 4327 ὐτι
2447 4265 2605 4333 αὖθις
2635 4269 2685 4323 oi
2717 4265 2951 4339 Ἀϐαροι
2969 4263 3268 4337 πρεσϐείαν
3300 4259 3549 4316 ἔστειλαν
3590 4257 3677 4321 ὡς

2096 4364 2430 4436 Ῥωμαίους,
2463 4362 2715 4433 καὶπερὶ
2759 4352 2833 4415 ὧν
2868 4357 3151 4421 πολλάκις,
3182 4354 3309 4426 περὶ
3346 4352 3454 4407 τῶν
3486 4348 3680 4404 αὐτῶν

404 4452 663 4521 legationi
706 4469 829 4507 cum
876 4452 1110 4508 Romani
1170 4452 1395 4507 minime
1464 4467 1626 4508 aures
1682 4452 1985 4522 praeberent

2092 4453 2513 4528 ἐπρεσϐεύοντο.
2573 4453 2662 4516 Ὠς
2691 4452 2748 4505 δὲ
2780 4450 2933 4505 ούδέν
2964 4449 3240 4519 ὑπήκουον
3280 4446 3330 4500 οἱ
3378 4442 3676 4512 Ῥωμαῖοι,

408 4544 566 4613 115
626 4545 887 4615 (nondum
940 4544 1084 4599 enim
1128 4540 1721 4619 lustinoplacuerat),
1768 4547 1984 4602 tandem

2093 4550 2177 4621 (οὐ
2205 4548 2315 4618 γὰρ
2355 4545 2642 4599 Ἶουστῖνον
2669 4543 2713 4576 "
2751 4542 2845 4597 τὸν
2888 4540 3269 4612 αὐτοκράτορα
3312 4534 3561 4608 ἧρεσκε),
3607 4532 3682 4585 τδ

402 4635 637 4705 Apsicbo
709 4634 1032 4704 legationem
1087 4634 1346 4702 obeunte,
1386 4634 1638 4692 Tiberius
1682 4646 1738 4692 et
1789 4637 1988 4708 Apsiclt

2093 4640 2402 4695 τελευταῖον
2430 4638 2524 4692 τοῦ
2552 4636 2712 4708 Ἀψὶχ
2745 4636 2801 4699 ἐς
2838 4633 3139 4706 πρεσϐείαν
3166 4628 3505 4701 ἐληλυθότος,
3545 4626 3681 4691 ξυνν-

403 4727 457 4781 in
496 4740 558 4779 ea
611 4725 874 4781 sententia
920 4726 1299 4795 constiterunt,
1341 4736 1403 4783 ut
1446 4727 1713 4783 Avaribus
1760 4726 1992 4784 Romani

2096 4733 2262 4804 ήρεσε
2296 4728 2535 4802 Τιϐερίῳ
2563 4728 2659 4783 καὶ
2714 4728 2829 4791 τοῖς
2858 4723 2988 4796 περὶ
3031 4724 3124 4777 τδν
3180 4723 3340 4793 Ἀψὶχ
3386 4732 3679 4790 παρασχεο

402 4829 603 4874 terram
665 4817 716 4873 in
753 4833 860 4889 qua
904 4818 1477 4886 babitarent,darent,
1506 4820 1551 4875 si
1592 4820 1803 4886 obside,
1844 4820 1987 4877 ﬁlios

2092 4825 2254 4898 θῆναι
2287 4823 2394 4895 γῆν
2422 4824 2549 4889 τοὺς
2600 4821 2930 4894 Ῥωμαίους,
2986 4819 3074 4873 ἴνα
3100 4814 3507 4880 κατοικίζεσθαι
3544 4810 3681 4883 μέλ-

402 4924 613 4979 eorum,
632 4912 722 4983 qui
757 4914 898 4985 apud
926 4913 1072 4984 ipsos
1104 4912 1327 4985 imperia
1354 4915 1981 4986 gerebant,acciperent.

2091 4916 2233 4971 λοιεν
2263 4918 2314 4971 οἱ
2365 4915 2619 4987 ΙἈϐαροι,
2663 4914 2715 4967 εῐ
2740 4929 2805 4982 γε
2836 4912 2945 4966 τῶν
2980 4909 3137 4982 παρὰ
3167 4907 3350 4979 σφίσιν
3391 4904 3679 4976 ἀρχόντων

406 5004 539 5071 Quae
574 5004 825 5061 Tiberius
863 5004 1175 5074 imperatori
1217 5005 1564 5074 significavit.
1592 5004 1750 5072 Quod
1795 5013 1978 5060 tamen

2089 5008 2351 5079 λήψονται
2400 5006 2527 5068 τοὺς
2570 5002 2764 5067 παῖδας
2816 4999 3250 5075 ὁμηρεύσοντας.
3305 4996 3420 5051 Καὶ
3457 4992 3552 5048 οὖν
3597 4990 3677 5044 τὰ

407 5095 632 5150 minime
669 5094 972 5152 rationibus
1005 5094 1373 5151 Romanorum
1412 5098 1716 5152 conducere
1747 5094 1981 5163 impera-

2088 5098 2266 5153 τοιάδε
2315 5096 2567 5168 Τιϐέριος
2619 5095 2863 5165 ἐσήμηνε
2916 5090 3149 5163 βασιλεῖ.
3227 5086 3389 5141 Ἀλλὰ
3431 5084 3540 5153 γὰρ
3591 5081 3679 5152 τῷ

406 5197 492 5241 tor
538 5187 778 5254 censuit,
858 5201 1034 5257 neque
1104 5187 1263 5242 aliter
1331 5202 1391 5244 se
1449 5201 1636 5258 pacem
1710 5186 1982 5240 facturum

2090 5188 2455 5260 αὐτοκράτορι
2498 5184 2560 5239 ού
2585 5204 2639 5240 τι
2668 5185 2844 5239 ἐδόκει
2869 5186 2986 5247 τοῖς
3020 5180 3311 5255 πράγμασι
3362 5176 3473 5231 τῶν
3527 5174 3675 5227 Ῥω-

405 5281 562 5347 dixit,
609 5283 712 5338 nisi
772 5279 979 5349 aliquos
1004 5295 1069 5336 ex
1103 5280 1288 5335 liberis
1334 5279 1502 5350 ipsius
1541 5278 1692 5333 ducis
1746 5277 1984 5331 Avarum

2095 5278 2272 5350 μαίων
2318 5274 2458 5332 εἶναι
2502 5275 2779 5338 λυσιτελές
2804 5290 2819 5306 ⁸
2878 5273 2980 5328 οὐκ
3024 5272 3202 5335 ἄλλως
3241 5270 3297 5323 δὲ
3326 5264 3673 5339 είρηνεύσειν

406 5372 623 5430 obsides
663 5382 921 5439 sumeret,
955 5371 1174 5428 Tiberio
1222 5387 1352 5428 vero
1383 5386 1488 5425 non
1532 5371 1631 5426 ista
1664 5369 1982 5439 probantur.

2094 5367 2355 5437 ἔφασκεν,
2387 5368 2438 5420 εῐ
2467 5382 2530 5436 γε
2561 5367 2637 5438 μὴ
2668 5363 2833 5421 αὐτοῦ
2856 5364 2995 5434 δῆτα
3023 5363 3118 5417 τοῦ
3159 5360 3407 5431 ’Δϐἀρων
3428 5358 3476 5392 ⁷⁸
3502 5356 3669 5427 ἡγου-

1694 5480 1923 5537 νΑιιιΑῖ
1964 5480 2255 5538 LECTION
2265 5480 2366 5535 ES.

480 5577 528 5609 "
559 5578 829 5648 Cntriguri
878 5578 1139 5647 Agathim.
1216 5578 1259 5610 ⁷⁸
1291 5576 1441 5645 ἐξότε
1487 5576 1700 5648 Β.,κα“ι
1729 5577 1977 5648 arrvulg.
2054 5577 2100 5608 "
2128 5574 2306 5648 ἐξῄτει
2369 5574 2453 5648 Β..
2487 5572 2848 5648 ἐζήτει-νυιξ.
2877 5572 2972 5648 η⁷³
3012 5571 3359 5648 προσήκοντα
3406 5566 3663 5648 [ζητητέοι

411 5630 1172 5720 σῆκονᾷτιιίέξψθλίδῖἦνύσθαι
1208 5630 1356 5720 νυιεῖ
1436 5648 1480 5679 ⁷⁸
1507 5630 1599 5701 καὶ
1633 5650 1864 5720 κινῆσαν
1900 5630 1962 5700 ΝῘ
2043 5647 2087 5679 ⁷⁸
2121 5630 2308 5699 xii‘za
2340 5630 2452 5699 τῶν
2477 5630 2625 5716 cdd].
2652 5644 2715 5698 N.
2793 5630 2837 5676 7"
2877 5630 3338 5714 ‘loucri'vov'vulg.
3414 5636 3460 5671 ⁷⁸
3482 5630 3487 5631 7
3509 5630 3660 5691 ’ΜΞίὶ⁴

412 5732 517 5783 ρων
575 5715 666 5780 Νη
700 5715 985 5786 Ῥωμαίων
1048 5720 1193 5789 vulg.
