4010 6210
256 333 358 400 8‘21

1042 332 1137 394 DE
1178 330 1742 394 LEGATIONIBUS
1776 330 2131 393 GENTIUM
2169 335 2269 394 AD
2306 331 2686 393 BOMANOS.

3409 328 3514 388 8’2?

261 445 424 514 μένου
460 441 612 497 λάϐοι
644 441 753 494 τῶν
791 440 998 496 παίδων
1027 441 1178 506 τινὰς
1211 443 1268 506 ἐς
1297 426 1560 513 ὁμήρους.
1596 442 1858 514 Τιϐερίῳι

1952 445 2028 504 Sic
2062 445 2206 502 enim
2230 443 2532 514 judicabat,
2582 443 2630 498 si
2666 442 2878 512 aliquos
2938 441 3138 496 liberos
3175 454 3386 507 eorum,
3418 437 3507 510 qui

259 534 314 586 δὲ
343 531 405 585 οὐ
432 533 602 587 ταυτα
637 533 683 563 ⁷³
716 531 911 585 ἐδόκει’
959 533 1311 603 ἐγνωμάτευε
1356 532 1488 603 γὰρ,
1539 535 1637 600 ὼς,
1685 533 1738 587 εἰ
1768 550 1832 601 γε

258 627 368 678 τῶν
398 627 550 696 παρά
582 624 818 688 Σκύθαις
842 625 1119 698 ἀρχόντων
1146 625 1411 696 λήψονται
1445 627 1572 689 τοὺς
1613 627 1831 694 παῖδας,

259 710 345 768 οἷα
383 715 552 780 εἰκὸς,
605 715 996 786 βουλευομένου
1027 715 1119 769 τοῦ
1165 716 1420 785 Χαγάνου
1456 715 1526 770 τὰ
1564 716 1833 780 ξυντεθει-

263 806 400 876 μένα
452 806 833 877 παρώσασθαι,
878 808 939 860 οὐ
976 808 1353 878 συγχωρήσειν
1382 808 1490 860 τῶν
1534 808 1837 879 ὁμηρευόν-

260 913 367 952 των
416 900 542 963 τοὺς
579 899 845 972 πατέρας.
907 899 1156 970 Τιϐέριος
1210 901 1309 971 μὲν
1359 899 1573 954 τοιᾶσδε
1622 899 1836 970 ὑπῆρχε

262 990 508 1062 γνώμης,
533 992 740 1061 βασιλεῖ
771 994 827 1046 δέ
859 993 956 1062 οὐχ
988 992 1160 1056 οὕτως
1192 993 1389 1048 ἐδόκει.
1415 992 1582 1046 Ἀλλὰ
1608 992 1717 1061 γὰρ
1742 993 1838 1062 δή-

263 1097 366 1133 που
396 1084 490 1136 καὶ
527 1083 808 1152 ἐνεμέσιζε
837 1087 948 1146 τοῖς
1001 1083 1291 1154 Ῥωμαίων
1323 1084 1715 1155 στρατιάρχαις
1746 1084 1840 1140 τὸν

265 1169 502 1241 πόλεμον
548 1172 1024 1244 ἀναϐαλλομένοις,
1081 1173 1372 1235 συλλαϐαῖς
1422 1190 1483 1226 τε
1531 1173 1730 1245 ἐχρῆτο
1763 1173 1839 1236 ὡς

262 1261 458 1324 αὐτοὺς
492 1262 940 1334 διαγορευοὺσαις
975 1264 1043 1330 ⁸⁸,
1084 1264 1159 1327 ὡς
1215 1264 1326 1316 δέοι
1366 1266 1481 1326 τοῖς
1533 1264 1840 1333 Βαρϐάροις

264 1353 657 1418 ἐνδείκνυσθαι,
688 1356 772 1408 ὅτι
823 1372 888 1424 γε
931 1355 1104 1425 δήπου
1182 1353 1480 1424 Ῥωμαίοις
1525 1355 1646 1424 οὐχὶ
1679 1355 1737 1416 ἐς
1780 1354 1843 1407 τὸ

267 1442 612 1513 ἁϐροδίαιτον
644 1448 671 1499 ὁ
699 1445 813 1515 βίος
843 1445 885 1478 ⁸⁸
923 1484 940 1501 .
970 1486 984 1501 .
1024 1487 1038 1500 .
1057 1484 1073 1510 ,
1103 1445 1279 1508 ἄλλως
1306 1444 1362 1498 δὲ
1389 1443 1462 1508 ὼς
1492 1444 1842 1514 φιλοπόλεμοι

263 1534 324 1586 τέ
370 1537 474 1589 εἰσι
502 1538 594 1589 καί⁵
625 1538 937 1608 φερέπονοι.
998 1537 1152 1591 Ἐπεὶ
1181 1537 1237 1590 δὲ
1273 1536 1340 1590 τά
1358 1536 1458 1606 τῆς
1487 1536 1658 1608 ἔριδος
1689 1536 1844 1589 ἐνίκα

267 1629 365 1680 καὶ
395 1630 423 1680 ὁ
455 1627 691 1699 πόλεμος
730 1628 1030 1698 ἠπειλεῖτο,
1071 1627 1320 1698 Τιϐέριος
1379 1628 1623 1697 ἐσήμηνε
1681 1626 1846 1697 Βώνῳ

265 1723 326 1774 ἐν
368 1721 659 1791 γράμμασι
705 1722 1045 1791 φυλάξασθαι
1087 1721 1184 1785 τὰς
1225 1720 1502 1785 διαϐάσεις
1524 1721 1636 1790 ξτοῦ
1670 1739 1839 1776 ποτα-

269 1828 392 1879 μου.

340 1909 430 1971 ιη’.
453 1904 578 1956 Ὅτι
607 1904 747 1973 μετὰ
772 1904 870 1975 τὴν
902 1904 1058 1977 νίκην
1082 1906 1191 1960 τῶν
1222 1906 1492 1977 ’Λϐάρων,
1514 1904 1838 1976 ἡττηθέντος

267 1993 519 2063 Τιϐερίου
575 1994 666 2048 τοῦ
705 1997 1050 2067 στρατηγοῦ,
1086 1997 1224 2066 μετὰ
1261 1998 1358 2061 τὰς
1394 1997 1665 2068 ξυνθήκας
1709 2013 1838 2049 συν-

269 2082 433 2151 ἠρεσε
463 2083 909 2152 πρεσϐεύσασθαι
931 2085 1006 2150 ὡς
1023 2085 1114 2138 τὸν
1139 2086 1839 2156 Ῥωμαίωνιαὺτοκράτορα.

269 2173 381 2225 Καὶ
423 2173 488 2242 δὴ
518 2174 764 2244 Τιϐέριος
797 2175 1188 2240 ξυναπέστειλε
1225 2179 1290 2248 τῇ
1329 2176 1599 2246 πρεσϐείᾳ.
1637 2179 1846 2246 Δαμια-

267 2261 360 2313 νδν
408 2261 730 2332 ταξίαρχον,
781 2263 1025 2334 ἐσήμηνέ
1065 2281 1126 2316 τε
1165 2263 1242 2333 τῷ
1277 2263 1488 2333 βασιλεί
1526 2263 1741 2316 ἅπαντα
1779 2260 1846 2314 τὰ

269 2351 655 2422 ξυνενεχθέντα
685 2353 768 2417 ⁸⁸,
825 2354 918 2407 καὶ
979 2355 1108 2425 περί
1155 2347 1230 2408 ὧν
1288 2353 1536 2423 βούλεται
1587 2354 1647 2406 τὸ
1686 2353 1847 2406 Ἀϐα-

269 2444 446 2510 ρὶκὸν.
505 2445 613 2498 Καὶ
661 2445 988 2500 ἐσπείσαντο
1055 2445 1253 2509 τελέως
1311 2444 1573 2516 Ῥωμαῖοί
1630 2463 1690 2498 τε
1753 2447 1846 2499 καὶ

271 2533 526 2606 Ἀϐαροι.

342 2622 429 2678 ιϐ’.
475 2626 599 2677 ’Ότι
647 2624 756 2678 τῶν
821 2626 1072 2698 Ἀϐἀρων
1124 2628 1507 2698 σπεισαμένων
1557 2628 1651 2682 καὶ
1688 2629 1744 2692 ἐς
1777 2629 1847 2681 τὰ

266 2718 446 2768 οἰκεῖα
497 2717 910 2787 ἀπερχομένων,
949 2721 997 2772 οἰ
1035 2719 1349 2790 Σκαμάρεις
1401 2720 1686 2790 ἐγχωρίως
1733 2720 1848 2774 ὀνο-

271 2807 574 2878 μαζόμενοι
623 2809 1037 2881 ἐνεδρεύσαντες
1081 2812 1365 2879 ἀφείλοντο
1420 2813 1619 2877 ἱππους
1649 2831 1708 2865 τε
1755 2817 1850 2867 καὶ

269 2897 512 2967 ἄργυρον
544 2898 638 2950 καὶ
674 2898 868 2968 ἑτέραν
898 2900 1231 2970 ἀποσκευήν.
1265 2899 1484 2968 Ἰζούτων
1511 2900 1674 2954 ἓνεκα
1713 2920 1849 2973 πρε-

273 2987 462 3040 σϐείαν
497 2989 742 3044 ἔστειλαν
773 2985 928 3052 αὖθις
966 2990 1039 3054 ὡς
1064 2991 1334 3061 Τιϐέριον,
1367 2991 1477 3045 τῶν
1510 2993 1850 3064 κεκλοφότων

1936 537 2076 608 apud
2133 535 2363 608 Scythas
2401 535 2801 606 imperitabant,
2836 533 3053 590 obsides
3100 531 3343 596 haberet,
3399 531 3514 585 fore

1939 637 2018 693 nt,
2054 629 2104 684 si
2152 628 2440 698 Cltaganus
2487 642 2518 680 a
2555 641 2689 696 pace
2753 626 3010 680 recedere
3081 623 3261 689 vellet,
3329 631 3513 690 patres

1939 719 2082 776 haud
2133 719 2296 774 dubie
2351 733 2565 782 eorum,
2626 719 2719 787 qui
2765 719 2908 785 apud
2965 716 3236 771 Romanos
3296 714 3526 769 obsides-

1937 818 2140 875 essent,
2177 825 2286 865 non
2333 811 2732 879 permitterent.
2789 807 2991 862 Tiberii
3043 807 3206 876 igitur
3238 807 3350 860 haec
3398 816 3518 858 erat

1938 901 2233 957 sententia.
2281 899 2389 956 Sed
2445 901 2757 971 imperatori
2804 913 2992 970 pacem
3047 901 3269 954 omnino
3294 897 3524 952 minime-

1941 992 2246 1049 faciendam
2299 992 2604 1048 videbatur.
2677 991 2929 1058 Quinimo
2987 991 3117 1060 ipsis
3177 990 3513 1044 exercituum

1937 1086 2168 1142 ducibus
2229 1084 2566 1148 succensuit,
2617 1084 2760 1152 quod
2807 1082 3006 1137 bellum
3058 1095 3248 1151 gerere
3293 1088 3516 1135 cuncta-

1941 1190 2151 1246 rentur,
2219 1178 2417 1236 litteris
2467 1190 2684 1247 quoque
2730 1189 2828 1230 eos
2892 1173 3195 1239 admonuit,
3245 1178 3518 1242 Oportere,

1943 1280 2003 1326 ut
2043 1269 2292 1326 barbaris
2329 1268 2705 1333 ostenderent,
2756 1264 3128 1320 Romanorum
3188 1277 3368 1317 mores
3411 1277 3516 1314 non

1943 1362 1996 1415 in
2044 1360 2326 1416 mollitiem
2359 1367 2417 1417 et
2459 1359 2712 1416 inertiam
2763 1358 3147 1427 degenerasse,
3206 1358 3301 1410 sed
3353 1371 3414 1408 se
3445 1355 3519 1406 la-

1943 1453 2134 1508 borum
2193 1452 2458 1521 patientes
2500 1459 2555 1506 et
2604 1449 2726 1506 belli
2757 1451 2983 1518 cupidos
3019 1464 3161 1504 esse.
3205 1447 3279 1501 Ut
3315 1447 3520 1502 discor-

1943 1544 2033 1600 dia
2065 1542 2344 1612 praevaluit
2381 1551 2436 1597 et
2464 1541 2711 1597 bellicum
2763 1540 2885 1594 cani
2921 1549 3158 1608 emptum
3193 1546 3296 1602 est,
3349 1537 3510 1590 Tibe-

1945 1638 2060 1694 rius
2093 1636 2288 1692 litteris
2323 1636 2531 1690 Bonum
2585 1633 2887 1700 admonuit,
2920 1640 2980 1686 ut
3019 1632 3331 1700 diligentem
3373 1631 3519 1684 ﬂuvii

1947 1729 2246 1786 custodiam
2281 1727 2504 1783 faceret.

2019 1906 2106 1961 l8.
2169 1903 2382 1961 Tiberio
2433 1904 2595 1970 victo,
2638 1911 2693 1958 et
2720 1903 2947 1959 victoria
2990 1901 3177 1972 politis
3230 1898 3523 1962 Avaribus,

1943 2007 2270 2054 conventum
2299 2007 2404 2061 est,
2428 1995 2750 2065 legationem
2783 2010 2881 2064 per
2903 1995 3150 2049 inducias
3176 1992 3262 2060 {ad
3295 1991 3534 2059 impera-

1947 2101 2116 2146 torem
2145 2089 2309 2144 mitti.
2371 2089 2453 2144 Ad
2485 2103 2646 2158 quam
2672 2087 2926 2142 Tiberius
2953 2086 3294 2149 Damianum,
3325 2080 3533 2136 ordinis

1945 2182 2267 2248 ductorem,’
2287 2180 2454 2245 misit,
2492 2180 2582 2248 qui
2626 2178 2778 2234 illum
2805 2193 3016 2241 eorum,
3043 2191 3164 2247 qua:
3186 2175 3528 2242 contigerant

1945 2284 2003 2331 et
2023 2289 2143 2345 qua:
2171 2274 2377 2328 Avares
2407 2272 2626 2336 vellent,
2666 2271 2954 2326 certiorem
3007 2269 3228 2324 laceret.
3287 2265 3524 2320 Tandem

1950 2368 2125 2425 ltedus
2158 2369 2301 2422 inter
2353 2364 2632 2421 Romanos
2682 2374 2738 2419 et
2764 2363 2974 2418 Avares
3001 2359 3338 2417 estfactum.

2022 2627 2108 2682 19.
2143 2626 2372 2682 Ρωάετο
2409 2625 2564 2691 inito,
2598 2639 2722 2678 cum
2775 2622 2980 2676 Avares
3007 2620 3074 2673 ad
3129 2632 3226 2673 sua
3269 2615 3528 2676 redirent,

1953 2722 2240 2777 Scamares
2283 2719 2460 2789 patrio
2495 2716 2714 2772 nomine
2760 2715 2911 2781 dicti,
2943 2727 3010 2769 ex
3035 2710 3249 2766 insidiis
3280 2709 3388 2763 illis
3417 2707 3527 2762 vim

1953 2813 2220 2877 fecerunt,
2257 2821 2312 2866 et
2357 2823 2546 2879 equos,
2588 2815 2870 2879 argentum
2919 2810 2972 2859 et
3006 2801 3269 2870 reliquam
3318 2798 3534 2869 suppel-

1954 2904 2185 2960 lectilem
2260 2902 2594 2972 eripuerunt.
2671 2898 3011 2967 Quapropter
3075 2893 3398 2962 legationem
3463 2890 3530 2944 ad

1955 2993 2232 3048 Tiberium
2281 2991 2564 3053 miserunt,
2613 3001 2733 3058 quae
2769 2987 2834 3040 de
2888 2984 3049 3039 rebus
3095 2983 3289 3038 ablatis
3334 2997 3532 3051 quere-

271 3078 404 3178 πέρι
430 3080 894 3150 ἐπιμεμφόμενοι,
933 3080 1013 3134 ἔτι
1039 3081 1131 3135 καὶ
1163 3083 1230 3135 τὰ
1261 3082 1631 3154 ἀφαιρεθέντα
1655 3087 1854 3140 ἀνακο-

1959 3092 2109 3137 retur
2159 3088 2213 3136 ct
2243 3089 2393 3148 rapta
2434 3087 2726 3148 repeteret.
2765 3079 2834 3133 At
2879 3076 3258 3148 deprehensis,
3302 3073 3392 3142 qui
3448 3071 3531 3126 la-

273 3167 538 3238 μίσασθαι
564 3170 902 3242 βουλόμενοι.
939 3173 1049 3227 Καὶ
1081 3173 1143 3244 δὴ
1167 3175 1619 3246 ἁνερευνηθέντες
1667 3180 1716 3231 οἰ
1753 3178 1852 3250 τὴν

272 3258 484 3329 κλοπὴν
510 3260 864 3332 εἰργασμένοι
895 3264 952 3318 ἐν
980 3264 1201 3335 φανερῷ
1238 3283 1300 3318 τε
1328 3267 1630 3338 γενόμενοι,
1657 3271 1852 3342 μοῖράν

269 3363 394 3401 τινα
419 3349 827 3423 ἀπεκατέστησε
858 3353 905 3385 ⁸³
933 3355 1044 3415 τοῖς
1072 3354 1347 3426 Ἀϐάροις.

346 3437 414 3493 κ’.
456 3441 691 3497 Ὀτιτοῦ
729 3444 957 3498 δεκάτου
985 3446 1137 3509 ἔτους
1166 3447 1489 3512 ἀνυσθέντος
1514 3448 1621 3504 τῶν
1651 3469 1853 3524 πεντη-

273 3531 629 3584 κοντουτίδων
652 3534 914 3600 σπονδῶν,
959 3537 1098 3604 μετὰ
1125 3536 1222 3607 τὴν
1254 3538 1469 3610 σφαγὴν
1506 3539 1768 3612 Σουρήνα,
1793 3544 1851 3595 ἐν

272 3619 449 3690 τούτῳ
477 3622 504 3673 ὁ
539 3623 765 3692 Περσῶν
798 3625 1050 3693 βασιλεὺς
1084 3627 1293 3682 στέλλει
1332 3630 1631 3702 Σεϐόχθην,
1681 3634 1851 3706 ἄνδρα

277 3711 518 3779 Πέρσην,
569 3712 627 3774 ἐς
680 3713 976 3779 πρεσϐείαν
1026 3714 1101 3778 ὡς
1146 3715 1428 3771 ἰουστῖνον
1483 3719 1848 3789 τὸνβασιλέα,

273 3801 384 3852 τῶν
446 3802 504 3853 ἐν
552 3803 942 3875 ῐιερσαρμενία
997 3805 1098 3874 μέν
1155 3807 1578 3876 ξυνενεχθέντων
1625 3811 1850 3876 ἄγνοιαν

275 3889 437 3958 δῆθεν
481 3889 949 3960 ὑποκρινόμενος,
988 3891 1167 3956 ἄλλως
1217 3895 1274 3946 δὲ
1318 3895 1378 3948 τὸ
1417 3899 1849 3965 συντεταγμένον

291 3976 598 4050 Ῥωμαίους
648 3982 996 4037 κατατιθέναι
1039 3984 1260 4054 χρυσίον
1298 3984 1640 4055 βουλόμενος,
1673 3983 1758 4041 οἷα
1785 3990 1850 4060 δὴ

273 4067 378 4137 τῆς
409 4068 694 4132 δεκαετίας
731 4070 1156 4143 περαιωθείσης,
1183 4068 1252 4144 ἧς
1277 4073 1343 4126 τά
1378 4075 1636 4143 χρήματα
1670 4075 1760 4144 ὑφ’
1790 4077 1850 4132 ἒν

275 4161 593 4230 ἐκομίσατο,
634 4157 752 4216 εἶτα
793 4163 1149 4233 ἐμπεδώτατα
1195 4164 1512 4229 ξυνεστάναι
1555 4167 1656 4238 τὴν
1693 4169 1850 4242 εἰρή-

253 4268 408 4321 .νην,
463 4253 608 4306 καθά
651 4270 755 4306 που
817 4254 1186 4324 ἐνεγέγραπτο
1235 4257 1293 4309 ἐν
1348 4259 1468 4320 ταῖς
1529 4258 1846 4331 ξυνθήκαις.

277 4341 491 4412 Σφόδρα
517 4342 627 4414 γὰρ
651 4345 708 4396 ἐν
731 4345 927 4416 ἀρχαῖς
964 4347 1193 4418 ἐτάραξε
1225 4351 1471 4422 Χοσρόην
1503 4354 1842 4426 αἰσθόμενον,

1959 3173 2245 3229 trocinium
2299 3170 2559 3234 fecerant,
2606 3179 2660 3225 et
2701 3169 2754 3224 in
2795 3179 3044 3239 apertum
3093 3165 3362 3230 adductis,
3411 3178 3533 3232 paro

1957 3277 2062 3322 tem
2093 3265 2327 3335 aliquant
2369 3264 2638 3319 Avaribus
2692 3262 2953 3318 restituit.

2020 3447 2091 3503 20
2143 3445 2229 3516 (A.
2257 3443 2318 3498 C.
2364 3443 2490 3510 571,
2529 3441 2736 3517 Ind..4,
2762 3438 2956 3496 Justini
2985 3437 3062 3508 7.)
3091 3436 3295 3492 Exacto
3323 3434 3535 3489 decimo

1952 3539 2347 3610 quinquaginta
2438 3550 2702 3590 annorum
2775 3533 3114 3588 induciarnm
3183 3542 3352 3595 anno,
3414 3536 3535 3596 post

1951 3630 2163 3686 Surinze
2213 3628 2437 3691 caedem,
2491 3625 2777 3680 Persarum
2811 3641 2903 3680 rex
2951 3624 3300 3687 Seboclitem,
3357 3620 3532 3672 virum

1951 3719 2198 3781 Persam,
2225 3718 2458 3785 legatum
2495 3718 2558 3770 ad
2595 3715 2870 3772 Justinum
2913 3717 3299 3786 imperatorem
3346 3713 3529 3766 mittit.

1949 3808 2042 3862 ille
2078 3806 2293 3874 quidem
2345 3805 2741 3873 ignorationem
2788 3819 3001 3869 eorum,
3051 3820 3171 3872 qua:
3203 3804 3255 3857 in
3305 3802 3535 3855 Persar-

1949 3900 2130 3954 menia
2180 3905 2328 3968 gesta
2368 3905 2545 3960 erant,
2590 3895 2858 3965 tingebat,
2909 3904 2964 3948 et
3007 3883 3140 3948 cum‘
3169 3894 3357 3946 decem
3405 3891 3534 3943 anni

1951 3988 2362 4060 praeteriissent,
2419 3999 2650 4056 quorum
2717 3985 2922 4040 tributa
2981 3983 3036 4039 in
3088 3997 3252 4038 unum
3307 3982 3530 4037 collata.

1949 4080 2166 4134 fuerant
2218 4075 2411 4143 soluta,
2459 4075 2718 4144 deinceps
2755 4073 3031 4131 Romanos
3081 4089 3275 4129 aurum
3314 4075 3380 4128 de
3421 4090 3531 4145 quo

1950 4177 2338 4234 convenerant,
2389 4167 2619 4233 solvere,
2653 4165 3035 4223 ntfmdcribus
3086 4164 3348 4234 scriptum
3389 4175 3532 4228 erat,

1949 4274 2003 4318 et
2032 4277 2219 4333 pacem
2260 4267 2512 4316 constare
2548 4260 2786 4328 petebat.
2832 4255 2969 4312 Nam
3014 4273 3136 4314 cum
3177 4256 3332 4312 initio
3371 4257 3532 4329 116

1949 4351 2218 4406 Chosroes
2244 4350 2631 4419 suspicaretur,
2670 4347 3036 4402 Romanorum
3083 4345 3464 4417 imperatorem
3502 4364 3532 4402 a

275 4434 352 4495 ὼς
385 4432 641 4502 βασιλεὺς
700 4437 994 4507 Ῥωμαίων
1046 4440 1182 4510 πρὸς
1231 4441 1468 4515 πόλεμον
1496 4445 1659 4517 ὥρμα
1691 4449 1738 4480 ⁸⁸
1783 4450 1852 4505 τὰ

1955 4442 2350 4499 conditionibus
2414 4441 2567 4512 pacis
2621 4442 2963 4496 recedentem
3015 4441 3082 4494 ad
3129 4440 3325 4496 bellum
3381 4441 3532 4506 ferri,

275 4529 526 4597 εἰρηναῖα
575 4531 992 4601 παρωσάμενος.
1058 4533 1343 4588 Ἐδεδοίκει
1392 4553 1476 4601 τε,
1525 4540 1600 4610 μή
1641 4557 1758 4605 πως
1788 4544 1852 4598 ἐκ

277 4620 525 4690 μεγάλης
555 4623 913 4690 παρασκευῆς
945 4623 1184 4679 ἐπιθοῖτό
1218 4643 1276 4679 τε
1299 4628 1472 4697 αὐτῷ.
1520 4631 1632 4683 Καὶ
1674 4633 1851 4697 ἄλλως

274 4710 375 4780 οὐχ
427 4711 627 4780 ἥκιστα
685 4712 941 4780 φροντίδα
990 4713 1220 4778 ἐτίθετο,
1271 4717 1350 4778 εἰς
1399 4717 1628 4787 ἔσχατον
1673 4721 1850 4793 γῆρας

275 4801 557 4871 ἐληλακὼς
609 4802 702 4856 καὶ
755 4803 858 4874 ἠδη
919 4803 1273 4875 ἐκλελυμένος
1331 4810 1452 4872 ταῖς
1501 4811 1700 4881 ὁρμαῖς
1751 4813 1848 4866 τοῦ

275 4893 538 4962 πολέμου,
579 4895 720 4948 ὥστε
775 4895 1051 4966 ἐρρῶσθαι
1102 4897 1170 4950 τά
1218 4899 1488 4969 εἰρηναῖα,
1529 4900 1623 4953 καὶ
1656 4900 1846 4974 ὥσπερ

276 4983 473 5053 ἀμέλει
529 4985 784 5056 πατρῷον
834 4984 1025 5055 κτῆμα
1053 4989 1167 5051 τοῖς
1211 5005 1275 5057 γε
1315 4989 1482 5044 αὑτοῦ
1524 4994 1680 5047 παισί
1710 4995 1849 5048 ἀσά-

272 5073 442 5127 λευτά
465 5092 523 5128 τε
558 5075 651 5129 καί
684 5077 904 5145 ἄτρωτα
937 5078 1276 5133 καταλιπεῖν.
1320 5081 1595 5152 Σεϐόχθην
1623 5083 1722 5152 μὲν
1755 5083 1849 5142 οὖν

287 5167 573 5232 Ἰουστῖνος
631 5170 965 5238 φοιτήσαντα
1017 5170 1073 5232 ἐς
1125 5170 1218 5224 τὸν
1263 5171 1484 5242 βασιλέα
1518 5173 1579 5228 οὔ
1606 5195 1658 5230 τι
1703 5179 1851 5249 μάλα

273 5258 556 5327 προσίετο,
611 5258 734 5310 ἐπεὶ
772 5257 867 5311 καὶ
900 5257 1096 5324 ἄλλως,
1147 5259 1309 5329 ἡνίκα
1355 5263 1569 5333 εἰσῆλθε
1613 5268 1756 5321 κατὰ
1784 5269 1849 5339 δὴ

271 5350 337 5404 τὸ
385 5350 572 5415 εἰωθὸς
617 5349 708 5403 τὸν
755 5350 1130 5422 αὐτοκράτορα
1171 5356 1566 5426 προσκυνήσων
1589 5397 1604 5422 ,
1666 5362 1844 5430 χαμαὶ

277 5441 532 5512 ῥίψαντος
573 5442 783 5507 ἑαυτὸν,
826 5441 969 5496 οὕτω
1013 5443 1246 5513 ξυμϐάν,
1292 5448 1320 5499 ὁ
1371 5447 1523 5512 πῖλος
1566 5449 1625 5513 ὃς
1654 5451 1748 5504 ἐπὶ
1777 5458 1842 5525 τῇ

1958 4536 2116 4590 valde
2163 4535 2510 4604 perturbatus
2563 4532 2762 4595 fueratfJ
2802 4530 3103 4586 Verebatur
3151 4533 3320 4598 enim,
3371 4548 3435 4588 ne
3465 4549 3534 4588 ex

1958 4629 2250 4698 improviso
2328 4627 2624 4695 imperator
2695 4639 2816 4680 cum
2891 4637 3089 4692 magno
3161 4634 3422 4693 apparatu
3472 4640 3534 4680 se

1957 4719 2099 4775 bello
2147 4716 2557 4788 aggrederetur.
2618 4713 2681 4767 Et
2706 4714 2928 4768 omnino
2969 4713 3044 4766 illi
3094 4713 3331 4769 maxime
3387 4729 3531 4770 cura:

1955 4817 2095 4875 erat,
2136 4821 2259 4863 cum
2313 4804 2426 4874 jam
2471 4804 2538 4857 ad
2587 4812 2884 4858 extremam
2946 4813 3280 4860 senectutem
3339 4819 3531 4874 perve-

1956 4904 2147 4965 nisset,
2194 4907 2249 4954 et
2288 4897 2548 4952 bellorum
2598 4894 2828 4949 consilia
2880 4894 3170 4960 omisisset,
3225 4912 3413 4964 pacem
3447 4899 3531 4952 in-

1945 4993 2200 5049 violatam
2254 4999 2492 5052 servare,
2525 4994 2579 5041 et
2617 4985 2780 5040 nullis
2823 4984 2978 5040 bellis
3017 4986 3428 5042 interturbatam
3475 5000 3532 5044 et

1951 5083 2265 5156 impeditam
2313 5079 2461 5148 regni
2494 5079 2704 5150 paterni
2750 5079 3146 5148 possessionem
3184 5080 3370 5136 liberis
3414 5083 3529 5138 suis

1951 5176 2282 5244 relinquere.
2329 5170 2629 5241 Imperator
2705 5178 2884 5226 autem
2935 5169 3298 5228 Sebocnthcm
3350 5174 3416 5227 ad
3466 5189 3527 5227 se

1950 5265 2260 5320 venientem
2316 5276 2424 5316 non
2479 5259 2657 5330 magni
2737 5259 2990 5326 faciebat,
3053 5262 3351 5330 praesertim
3402 5277 3524 5317 cum

1952 5357 2259 5421 accidisset,
2303 5351 2466 5407 simul
2499 5360 2662 5422 atque
2685 5350 2960 5421 ingressus
2987 5362 3071 5406 est
3118 5353 3523 5422 imperatorem,

1955 5460 2016 5507 ut
2063 5449 2232 5504 moris
2264 5453 2406 5510 erat,
2457 5459 2748 5510 venerans,
2781 5452 2836 5500 et
2885 5445 2952 5500 ad
2986 5445 3151 5514 pedes
3199 5446 3317 5517 ejus
3368 5449 3517 5503 humi

1561 5562 1799 5622 VARUS
1836 5563 2247 5624 LECTlONES.

349 5657 393 5689 ’θ
425 5656 597 5709 ταῦτα
617 5655 760 5726 vulg.

332 5657 393 5739 ,ξ’
425 5656 601 5739 ταῦτα
617 5655 780 5739 vulg;
816 5655 884 5739 ’⁸ο
899 5653 1339 5739 διαλγορυεούσαις
1380 5659 1844 5739 ρηδιαγορεύσας
1869 5663 2016 5739 vulg.
2055 5733 2062 5739 ι
2091 5659 2136 5691 ⁸⁸
2159 5658 2505 5739 ’ἁϐροδίαιτον
2533 5658 2562 5711 ὁ
2586 5655 2699 5739 βίος
2725 5655 2874 5739 ἐστίν
2900 5655 2990 5722 Η.,
3015 5673 3122 5739 ntg.
3144 5659 3398 5732 άϐροδίας
3432 5662 3519 5716 τὸν

354 5680 391 5689 ··
425 5680 597 5709 ταυτα
618 5680 760 5726 vutg.
841 5680 1339 5724 “”οιαγορυευυσαις
1381 5680 1466 5725 1).,
1488 5680 1844 5731 οιαγορευσας
1869 5680 1958 5721 νιιι
2002 5702 2010 5716 .

277 5728 483 5792 ὀϐίονος
514 5727 657 5797 vulg.
735 5728 781 5760 ⁸¹
813 5725 1134 5797 ξυνεχθέντα
1158 5727 1306 5798 vulg.
1380 5731 1426 5763 ⁸³
1456 5732 1910 5805 ἁπεκατέστησαν
1947 5680 2010 5789 ιῗ.

1947 5725 2258 5804 1ἶ.(ηηίο)ξ
2329 5725 2596 5799 “dippe.
2648 5725 2712 5794 N,
2777 5727 2916 5782 ὥστε
2941 5725 3083 5799 vulg.
