4006 6214
503 334 608 400 8Z3
1360 335 1759 397 EXCERPTA
1804 335 1907 396 EX
1946 331 2379 397 MENANDRO
2413 333 2909 399 PROTECTORE
3659 332 3754 398 821

505 448 814 516 procubuit,
841 457 898 502 ut
927 445 1120 516 pileus,
1155 460 1314 514 quem
1350 447 1402 501 in
1454 448 1652 516 capite,
1687 456 1744 502 ut
1786 446 2076 502 Persarum

2200 447 2396 520 κεφαλῇ
2430 447 2570 502 κατὰ
2611 447 2671 502 τδ
2702 446 3093 519 νενομισμένον
3125 444 3362 516 Πέρσαις
3411 444 3661 521 ἐπέκειτο
3702 448 3752 509 ἐς

504 539 654 609 leges
727 536 932 602 ferunt,
988 537 1259 606 gestabat,
1305 537 1356 590 in
1402 547 1602 592 terram
1672 539 1911 593 caderet.
1970 535 2084 592 Hoc

2200 538 2455 608 τοῦδαφος
2499 540 2682 596 ἔπεσε.
2719 541 2909 610 Τούτῳ
2941 539 3100 611 αἰσίῳ
3147 537 3254 592 τινὶ
3281 536 3535 608 συμϐόλῳ
3555 537 3758 608 χρησά-

501 629 690 682 omine
741 626 1016 697 principes
1048 626 1148 680 viri
1183 635 1238 682 et
1264 637 1457 681 caetera
1486 627 1666 694 turba,
1699 635 1956 698 tanquam
1999 627 2084 682 di-

503 718 708 773 vinitus
757 719 1026 784 immisso,
1074 720 1176 782 uti,
1221 727 1277 774 et
1305 719 1448 775 {teda
1491 718 1798 774 adulatione
1849 719 2084 789 impera-

504 820 676 864 torem
729 810 1013 877 extollere,
1061 820 1118 865 et
1146 809 1353 877 dicere,
1398 810 1536 876 fore,
1584 820 1646 864 ut
1701 809 1886 866 Persis
1935 810 2086 866 brevi

501 899 553 954 ei
604 901 1037 956 submitteretur.
1104 903 1219 958 Hac
1273 903 1601 972 cogitatione
1671 911 1854 958 mente
1913 902 2090 958 elatus

502 991 771 1061 Justinus,
823 992 876 1048 in
907 1007 1056 1064 spem
1094 993 1485 1060 adducebatur,
1508 993 1714 1058 omnia,
1743 1008 1864 1065 quae
1905 994 2089 1049 animo

503 1083 778 1151 volvebat,
823 1085 890 1140 ad
923 1093 1169 1155 optatum
1231 1085 1440 1140 exitum
1496 1097 1846 1156 perventura.
1899 1086 2090 1156 Itaque

505 1191 628 1230 cum
655 1174 990 1234 Sebochthes
1022 1191 1108 1238 ea,
1145 1190 1374 1248 quorum
1401 1191 1563 1233 causa
1596 1187 1844 1242 venerat,
1887 1193 2091 1234 renun-

508 1270 689 1332 tiaret,
726 1269 1023 1337 imperator
1054 1284 1177 1325 eum
1219 1270 1570 1340 contempsit,
1593 1281 1648 1326 et
1682 1270 1832 1326 nullo
1863 1286 2091 1327 numero

513 1361 722 1430 habuit,
768 1361 1030 1434 dixitque,
1073 1363 1370 1420 amicitiam
1433 1365 1680 1435 pecuniis
1751 1373 2089 1421 contractam

511 1454 654 1508 haud
710 1455 930 1524 probari
983 1471 998 1509 :
1047 1465 1258 1524 turpem
1313 1456 1458 1512 enim
1525 1466 1577 1513 et
1634 1457 1886 1512 servilem
1949 1471 2088 1522 esse,

508 1544 710 1614 quippe
740 1560 862 1614 quae
889 1546 1064 1615 pretio
1106 1553 1284 1615 empta
1327 1554 1509 1614 esset;
1541 1546 1838 1601 amicitiam
1884 1555 2087 1611 autem,

511 1636 665 1706 cujus
699 1636 838 1691 ratio
866 1646 1129 1692 constans
1149 1647 1203 1693 et
1237 1646 1434 1692 natura
1467 1637 1607 1694 bene
1655 1638 1878 1693 fundata
1925 1646 2088 1704 esset,

2193 649 2346 702 μενοι
2399 633 2448 685 oi
2491 631 2550 685 ὲν
2578 631 2726 684 τέλει
2766 632 2860 685 καὶ
2909 631 2938 685 ὁ
2971 631 3150 701 δῆμος
3177 633 3299 694 ταῖς
3333 629 3649 693 κολακείαις
3679 628 3761 682 τὸν

2191 721 2416 792 βασιλέα
2445 723 2784 793 ὲπτέρωσαν,
2805 722 2880 786 ὡς
2901 721 3023 775 ὅσον
3049 721 3205 774 οθπω
3231 721 3589 773 ὑποπεσεῆαι
3617 720 3758 791 αὐτῷ

2161 815 2222 883 ’ἡ
2259 813 2478 886 Περσίς.
2513 814 2605 886 Τῷ
2643 831 2726 868 τοι
2758 814 2867 885 ἄρα
2909 815 3192 876 ’Ῑουστίνος
3215 813 3526 883 ἐπηρμένος
3556 807 3629 882 ἦν
3655 815 3762 876 ταῖς

2190 905 2372 961 ἐλπίσι
2429 907 2524 960 καὶ
2577 906 2942 977 μετεωρίζετο
2971 908 3036 976 τῇ
3093 904 3320 976 διανοίᾳ,
3357 904 3428 957 τὰ
3471 903 3620 958 κατὰ
3653 904 3762 956 νοῦν

2193 1000 2366 1069 ῥᾷστα
2403 997 2732 1068 ὲκϐήσεσθαι
2761 997 3026 1067 οἰόμενος.
3073 995 3348 1066 Σεϐόχθην
3372 994 3436 1067 δὴ
3467 991 3562 1049 οὖν
3589 995 3760 1063 ἀγγείο

2161 1089 2359 1144 νλαντα
2389 1088 2476 1159 ἐφ’
2503 1083 2586 1152 οἷς
2633 1088 2993 1160 παρεγένετο,
3026 1091 3054 1141 ό
3089 1087 3343 1159 βασιλεὺς
3370 1087 3758 1160 περιεφρόνησέ

2192 1198 2256 1250 γε
2306 1182 2489 1247 αὐτὸν,
2524 1182 2620 1235 καὶ
2659 1182 2718 1233 ὲν
2757 1181 2936 1235 οὐδενὶ
2981 1181 3126 1252 λόγῳ
3159 1181 3396 1234 ἐποιεῖτο
3443 1181 3535 1232 τὸν
3581 1181 3753 1249 ἄνδρα.

2197 1275 2341 1345 Ἔφη
2378 1273 2673 1343 τοιγαροῦν
2707 1273 2782 1337 ὡς
2820 1273 2985 1328 αὐτὸν
3009 1315 3025 1339 ,
3061 1273 3137 1339 ὡς
3184 1274 3217 1343 ἡ
3269 1270 3493 1342 φιλότης
3528 1273 3753 1342 χρήμασι

2196 1365 2555 1436 βεϐαιουμένη
2586 1366 2687 1419 οὐκ
2717 1365 2920 1437 ἀγαθήδ
2955 1363 3160 1435 αἰσχρὰ
3205 1364 3315 1435 γὰρ
3354 1364 3450 1417 καὶ
3507 1361 3750 1432 ἀνδραπο-

2196 1456 2369 1524 δώδης
2398 1457 2582 1527 ὠνητὴ
2631 1473 2690 1509 τε
2727 1457 2760 1526 ἡ
2798 1457 2978 1511 τοιάδε
3006 1469 3026 1486 ’”
3047 1455 3232 1524 φιλίαν
3260 1455 3317 1508 δὲ
3351 1454 3448 1526 τὴν
3485 1453 3747 1524 ίσόῤῥοπόν

2192 1565 2253 1602 τε
2276 1547 2368 1602 καὶ
2405 1548 2524 1619 οὐχὶ
2548 1548 2850 1619 κερδαλέαν
2879 1548 3184 1619 ὁρίζεσθαι,
3215 1550 3274 1601 ὲν
3351 1547 3446 1600 καὶ
3467 1547 3528 1599 τὸ
3559 1545 3744 1616 βέϐαιον

2197 1641 2413 1710 πέπηγε
2448 1641 2494 1673 ⁸⁸
2526 1641 2685 1710 φύσει
2719 1641 2845 1695 τινί.
2896 1641 3038 1712 Πρός
3073 1639 3250 1694 τοῖσδε
3277 1637 3666 1692 ἀνεπυνθάνετό
3691 1652 3740 1704 γε

512 1723 799 1792 aequalem,
847 1740 952 1781 non
992 1736 1203 1797 quaestu
1226 1737 1597 1797 comparatam
1623 1727 1862 1782 deliniri.
1889 1727 2091 1784 Deinde

2200 1734 2335 1805 πρὸς
2365 1730 2553 1796 αὑτοῦ,
2584 1733 2658 1804 μή
2682 1750 2734 1805 τι
2759 1732 2852 1787 καὶ
2869 1733 2995 1803 περὶ
3017 1733 3116 1802 τῆς
3137 1730 3278 1784 κατὰ
3305 1730 3446 1798 σφᾶς
3485 1726 3742 1799 Ἀρμενίας

511 1833 580 1874 ex
608 1817 726 1889 ipso
774 1795 1044 1889 quaesivit,
1107 1795 1365 1889 nunquid
1411 1822 1570 1880 vellet
1628 1823 1695 1879 de
1729 1824 1833 1888 bis,
1861 1837 1981 1893 qua;
2037 1825 2091 1878 in

2200 1795 2440 1896 βούλοιτο
2465 1795 2836 1894 διαλέγεσθαι.
2890 1795 3163 1894 Σεϐόχθης
3193 1823 3257 1893 δὴ
3287 1795 3382 1876 οὖν
3421 1795 3738 1889 ἁπεκρίνατο,

509 1911 790 1980 Armenia,
841 1909 1169 1982 quaeeorum
1201 1914 1340 1985 juris
1383 1924 1522 1983 erat,
1581 1916 1938 1988 contigerant,
1978 1917 2094 1973 dis-

517 2017 724 2059 serere.
789 2003 858 2059 Et
903 2003 992 2060 ille
1057 2006 1274 2073 quidem
1333 2021 1513 2076 regem
1572 2022 1728 2063 suum
1795 2009 2092 2079 accepisse,

515 2095 820 2165 respondit,
898 2105 1146 2151 exortum
1212 2099 1502 2166 quemdam
1557 2098 1611 2153 in
1671 2099 1761 2155 illa
1818 2099 2093 2170 provincia

517 2187 829 2256 tumultum,
880 2187 1051 2243 levem
1097 2198 1152 2244 et
1183 2190 1458 2261 exiguum;
1518 2191 1584 2245 ad
1625 2204 1747 2245 eum
1799 2192 2094 2247 sedandum

522 2277 758 2345 misisse,
825 2279 922 2350 qui
967 2281 1354 2349 comprimeret
1407 2291 1462 2336 et
1509 2297 1598 2338 res
1631 2283 1865 2354 pristino
1928 2286 2096 2340 statui

524 2371 854 2429 restitueret.
883 2370 1129 2429 Justinus
1181 2387 1308 2430 vero
1365 2375 1542 2445 palam
1584 2376 1741 2441 dixit,
1784 2391 1844 2432 se
1869 2375 2096 2432 Persar-

519 2463 753 2528 menios,
793 2465 883 2536 qui
929 2479 960 2520 a
1015 2463 1202 2522 Persis
1251 2466 1602 2533 defecissent,
1636 2468 1690 2522 in
1745 2467 1904 2523 [idem
1961 2469 2099 2525 tute-

523 2557 738 2624 tamque
789 2571 942 2612 suam
1003 2558 1292 2626 recepisse,
1345 2573 1519 2628 neque
1565 2558 1610 2614 si
1637 2558 1759 2629 quis
1807 2573 1902 2614 eos
1958 2560 2102 2631 inju-

524 2647 604 2701 ria
663 2647 922 2712 aﬂiceret,
1009 2651 1404 2718 neglecturum,
1467 2651 1664 2720 quippe
1729 2652 1819 2720 qui
1885 2652 2098 2717 eadem,

524 2752 645 2806 qua:
694 2739 827 2807 ipse,
872 2739 939 2794 de
979 2740 1236 2810 religione
1293 2740 1580 2797 sentirent.
1615 2742 1948 2800 Scbocbthes
2002 2761 2101 2800 au-

525 2838 656 2891 tem,
687 2828 779 2898 qui
831 2829 974 2899 apud
1010 2828 1202 2886 Persas
1262 2832 1550 2901 prudentia
1612 2833 1934 2902 excellebat,
1977 2852 2098 2892 eum

525 2919 792 2985 eamdem,
832 2935 992 2991 qnam
1034 2921 1352 2992 Christiani,
1385 2925 1451 2981 de
1488 2926 1744 2998 religione
1790 2929 2100 2998 opinionem

528 3014 774 3079 haberet,
826 3013 988 3069 etiam
1032 3023 1193 3087 atque
1238 3016 1402 3071 etiam
1437 3017 1788 3074 vehementer
1828 3018 2098 3076 Justinuzu

2195 1917 2491 1986 ἀκηκοέναι
2533 1915 2633 1986 μὲν
2664 1915 2754 1969 τὸν
2783 1913 2949 1968 αὐτοῦ
2982 1912 3229 1984 βασιλέα,
3259 1911 3334 1975 ὡς
3357 1912 3462 1964 ἀνὰ
3494 1908 3562 1962 τὰ
3587 1906 3739 1975 ἐκείνῃ

2201 2008 2430 2081 βραχεῖά
2441 2026 2524 2074 τις
2547 2008 2765 2077 ἐγένετο
2794 2007 3030 2077 ταραχὴ,
3047 2004 3252 2059 στεῖλαι
3275 2003 3332 2057 δὲ
3357 2003 3506 2072 ὅμως
3532 2001 3646 2054 τινα
3669 1997 3740 2050 τὸν

2197 2102 2496 2171 δυνάμενον
2535 2101 2592 2153 ἐν
2633 2100 2823 2170 κόσμῳ
2867 2097 3055 2152 θέσθαι
3085 2095 3156 2152 τὰ
3189 2093 3534 2164 γεγενημένα
3565 2091 3650 2146 καὶ
3672 2087 3742 2140 τὸν

2199 2194 2429 2266 θόρυϐον
2454 2193 2900 2247 καταπαύσοντα.
2929 2190 3215 2252 ἰουστῖνος
3251 2188 3308 2240 δὲ
3339 2179 3744 2258 Περσαρμενίονς

2201 2287 2622 2360 προφανέστατα
2671 2285 2776 2355 ἔφη
2800 2335 2802 2337 .
2828 2280 3174 2347 εἰσδέξασθαι
3211 2277 3442 2351 Περσῶν
3489 2275 3746 2344 ἀποχωρή-

2203 2397 2420 2444 σαντας,
2449 2378 2541 2433 καὶ
2571 2377 2630 2430 ού
2669 2375 3027 2446 περιόψεσθαι
3059 2374 3199 2444 σφᾶς
3235 2369 3634 2441 ἀδικουμένους,
3673 2364 3744 2421 οἷα

2200 2473 2265 2544 δὴ
2316 2472 2704 2542 ὁμογνώμονας
2735 2469 2802 2524 τὰ
2837 2471 2918 2532 είς
2949 2468 3103 2522 Θεόν.
3153 2463 3424 2535 Σεϐόχθης
3479 2461 3544 2534 δὴ
3588 2457 3673 2515 οὖν
3703 2461 3749 2512 ὲν

2204 2563 2441 2633 Πέρσαις
2485 2561 2744 2631 ἀγχίνους
2775 2577 2836 2613 τε
2879 2559 2996 2629 αμα
3042 2558 3138 2612 καὶ
3172 2556 3408 2626 νομίζων
3443 2553 3514 2607 τὰ
3549 2554 3670 2623 περὶ
3702 2549 3751 2602 τὸ

2204 2652 2359 2709 Θεϊον
2390 2654 2493 2708 οὐκ
2520 2653 2698 2716 ἄλλως
2724 2651 2756 2723 ἦ
2793 2651 2939 2706 καθὰ
2968 2649 3255 2722 νομίζουσι
3285 2646 3620 2718 Χριστιανοὶ,
3651 2644 3750 2696 stu-

2207 2745 2512 2818 μελέστατά
2551 2762 2668 2808 πως
2703 2743 2872 2797 ἐδεῖτο
2922 2741 3015 2796 τοῦ
3067 2739 3331 2812 βασιλέως
3367 2738 3646 2791 Ἰουστίνου
3691 2732 3752 2804 μὴ

2204 2837 2426 2910 κινῆσαι
2463 2856 2514 2892 τι
2540 2836 2647 2891 τῶν
2678 2837 2735 2889 ὲν
2767 2835 2976 2906 κόσμῳ,
3019 2835 3076 2888 ἐν
3115 2831 3191 2903 νῷ
3219 2848 3280 2885 τε
3319 2830 3366 2864 ⁸⁸
3394 2828 3645 2900 βαλέσθαι
3679 2827 3752 2878 τὸν

2206 2932 2462 3001 πόλεμον,
2498 2928 2671 2992 οὔτως
2694 2926 2892 2997 ἄδηλον
2925 2926 3160 2997 πρᾶγμα
3189 2926 3284 2978 κοιλ⁸
3317 2921 3440 2989 οὔτε
3478 2922 3567 2975 ἐπὶ
3601 2919 3754 2992 ῥητοῖς

2205 3023 2436 3079 εἰωθότα
2460 3024 2680 3094 χωρεῖν.
2735 3021 2846 3074 Καὶ
2887 3020 2966 3074 ὅτι
3022 3018 3106 3089 δὴ,
3147 3018 3260 3086 εἴγε
3287 3015 3433 3070 οὕτω
3463 3015 3631 3086 τύχοι,
3674 3010 3754 3065 καὶ

503 3109 738 3173 orabat,
792 3119 857 3166 ne
887 3124 975 3176 ea,
1032 3126 1152 3182 qua:
1186 3126 1246 3168 se
1293 3114 1431 3169 bene
1487 3112 1771 3178 baberent,
1837 3121 2098 3180 moveret,

2207 3114 2556 3188 κρατούντων
2600 3113 2910 3183 Ῥωμαίων,
2959 3113 3016 3177 ἐς
3043 3109 3360 3165 τούναντίον
3407 3109 3585 3170 αὐτοῖς
3629 3121 3754 3174 περι-

525 3212 581 3259 et
615 3211 673 3259 ut
703 3205 942 3260 animum
997 3205 1298 3270 induceret,
1355 3205 1552 3261 bellum
1599 3221 1722 3262 esse
1774 3221 1886 3260 rem
1949 3204 2106 3260 valde

527 3299 793 3352 incertam
839 3311 1014 3368 neque
1048 3297 1213 3353 certis
1249 3297 1456 3366 legibus
1499 3297 1686 3353 ﬂuere.
1714 3296 1866 3364 Quod
1893 3295 1938 3351 si
1969 3295 2106 3351 forte

527 3388 744 3445 l'ortuna
790 3391 1149 3458 contingeret,
1197 3397 1256 3444 ut
1300 3387 1529 3444 Romani
1588 3387 1814 3444 victoria
1863 3388 2106 3457 potiren-

530 3491 640 3546 tur,
677 3481 849 3550 ipsam
899 3481 1182 3535 victoriam
1252 3477 1485 3536 {orasse
1541 3481 1593 3536 in
1623 3481 1956 3536 contrarium
2017 3496 2108 3536 ca—

532 3585 739 3626 suram.
790 3571 1005 3626 Etenim
1055 3571 1147 3641 qui
1201 3569 1488 3628 Persarum
1552 3572 1825 3642 regionem
1864 3571 1945 3627 vel
1986 3571 2112 3627 bre-

533 3662 757 3718 vissimo
817 3663 1010 3720 itinere
1064 3665 1440 3734 cognoverint,
1483 3679 1575 3720 eos
1624 3675 1960 3734 compertum
2011 3665 2111 3720 ha-

529 3756 682 3824 bere,
729 3771 920 3812 omnes
968 3773 1072 3814 non
1121 3757 1226 3812 alio
1258 3758 1365 3812 ritu
1411 3758 1753 3829 religionem.
1805 3775 1964 3827 quam
1995 3760 2110 3831 ipse

526 3851 694 3916 colat,
754 3851 932 3907 colere
965 3860 1018 3906 et
1065 3851 1340 3922 amplecti.
1383 3849 1490 3906 Hos
1537 3853 1578 3905 si
1619 3853 1868 3908 occidere
1913 3868 2104 3908 susce-

531 3943 735 4012 perint,
784 3941 1135 3998 nihilominus
1186 3951 1372 4012 postea
1426 3942 1586 4013 117
1629 3943 1785 4014 longe
1829 3943 1963 4013 ipsis
2022 3944 2110 3998 in-

529 4030 761 4087 feriores
803 4032 939 4088 fore.
991 4030 1222 4087 Proinde
1262 4030 1459 4102 injuste
1492 4047 1585 4087 eos
1627 4043 1817 4088 contra
1863 4033 2112 4089 homines

534 4125 724 4180 eadem
792 4140 915 4180 cum
980 4123 1310 4179 Christianis
1359 4122 1621 4192 religione
1670 4132 1884 4178 utentes
1953 4137 2112 4180 enses

532 4229 655 4271 esse
678 4215 987 4271 stricturos.
1012 4214 1111 4270 His
1159 4223 1268 4270 tam
1311 4213 1482 4283 inquis
1511 4222 1566 4268 et
1597 4213 1808 4269 lenibus
1850 4213 2115 4270 sermoni-

535 4311 636 4362 bus
663 4306 909 4364 .lustiuus
945 4308 1167 4363 minime
1193 4307 1295 4363 sibi
1330 4306 1783 4376 acquiescendum
1839 4306 2117 4364 existima-

532 4401 634 4469 vit,
680 4400 775 4456 sed
806 4399 965 4464 dixit,
1017 4398 1234 4453 etiamsi
1290 4395 1455 4450 unum
1517 4395 1742 4464 digitum
1789 4408 2112 4468 apponeret,

2209 3207 2369 3278 σταίη
2401 3206 2471 3261 τὰ
2517 3207 2616 3277 τῆς
2660 3205 2838 3275 νίκης.
2883 3204 3152 3266 Ἐσιόντες
3183 3206 3292 3272 γὰρ
3341 3203 3398 3265 ἐς
3426 3201 3525 3270 τὴν
3559 3193 3754 3268 Περσῶν

2209 3301 2305 3354 καὶ
2356 3299 2450 3352 ἐπὶ
2499 3297 2832 3369 μικρότατον
2862 3297 2908 3329 ⁸⁷
2953 3295 3263 3366 ὁδοιπορίας
3289 3293 3596 3353 ἐλαύνοντες
3626 3286 3757 3358 εὑρή⁴

2213 3407 2398 3446 σουσιν
2431 3389 2678 3454 ἅπαντάς
2732 3405 2796 3458 γε
2831 3387 3006 3458 δήπου
3037 3387 3164 3458 περὶ
3195 3385 3254 3440 τὸ
3286 3385 3441 3438 θεῖον
3469 3385 3564 3437 οὐκ
3588 3380 3754 3438 ἄλλως,

2209 3484 2354 3554 ἢπερ
2409 3481 2595 3548 αὑτὸν,
2647 3479 3057 3542 ἐσπουδακότας
3085 3495 3098 3508 ·
3137 3479 3235 3543 ὡς,
3281 3480 3394 3546 είγε
3431 3477 3624 3529 ἕλοιντο
3652 3469 3756 3528 τοὺς

2209 3572 2449 3627 τοιούσδε
2500 3571 2928 3636 ἀποκτιννύναι,
2996 3570 3150 3623 οὐδὲν
3199 3564 3362 3640 ἦττον
3419 3569 3569 3622 αὐτοὶ
3612 3561 3753 3617 πάλιν

2210 3667 2629 3739 ἡττηθήσονται.
2659 3665 2734 3718 Οὐ
2773 3663 2909 3733 δῆτα
2938 3656 3031 3715 οὖν
3057 3660 3236 3734 χρεὼν
3265 3661 3409 3714 κατὰ
3442 3651 3748 3731 Χριστιανῶν

2210 3761 2336 3824 τοὺς
2358 3755 2645 3830 ὁμοδόξους
2681 3755 2869 3826 θήγειν
2896 3754 2965 3807 τὰ
2987 3753 3140 3824 ξίφη.
3179 3750 3340 3806 Ἀλλὰ
3379 3749 3490 3821 γὰρ
3514 3750 3617 3811 τοῖς
3636 3744 3753 3798 οὓτω

2211 3851 2334 3905 λίαν
2363 3848 2589 3920 ὁμαλοῖς
2622 3863 2681 3899 τε
2714 3845 2812 3900 καὶ
2838 3844 3108 3898 ἐπιεικέσι
3159 3843 3336 3912 λόγοις
3387 3842 3654 3899 Ὶουστῖνος
3677 3833 3759 3888 οὐκ

2212 3942 2350 4014 ᾤετο
2389 3941 2587 4012 χρῆναι
2617 3936 2840 3991 ἔσεσθαι
2894 3935 3194 4005 πειθήνιος.
3253 3933 3400 4003 Ἔφη
3433 3931 3512 3997 δὲ,
3547 3929 3638 3993 ὡς,
3667 3923 3761 3990 είγε

2215 4034 2491 4106 παραθείη
2520 4030 2782 4086 δάκτυλον
2816 4029 2934 4090 ἕνα,
2977 4027 3354 4098 κινηθήσεται,
3379 4025 3474 4078 καὶ
3492 4023 3565 4086 ὡς
3598 4022 3651 4083 ἐς
3682 4015 3764 4084 τὴν

2215 4125 2442 4197 Περσῶν
2497 4123 2701 4178 ὲλάσοι·
2749 4121 2974 4194 θαρρεῖν
3024 4136 3105 4182 τε,
3161 4118 3260 4183 ὡς,
3300 4118 3349 4170 εί
3390 4114 3527 4186 πρὸς
3560 4111 3766 4178 πόλεμον

2214 4219 2474 4290 ὁρμήσαι,
2524 4214 2748 4269 καθελεῖ
2800 4229 2862 4266 τε
2919 4211 3170 4283 Χοσρόην
3219 4210 3315 4262 καλ⁸
3356 4209 3522 4270 αὐτὸς
3569 4197 3768 4290 βασιλέα

2215 4288 2589 4381 χειροτονήσοι
2621 4305 2887 4378 Πέρσαις.
2925 4301 3082 4357 Οὕτω
3111 4300 3292 4357 τοίνυν
3332 4298 3597 4370 ὑπερόρια
3621 4288 3771 4347 εἰπὼν

2219 4401 2518 4472 ἀπέπεμψε
2550 4398 2823 4471 Σεϐόχθην
2843 4397 2912 4452 ⁸⁸.

531 4509 592 4552 se
629 4493 1028 4564 expeditiOnem
1087 4500 1466 4560 suscepturum
1533 4498 1585 4544 et
1645 4488 1923 4546 Persidem
2003 4493 2343 4550 invasurum.
2399 4493 2708 4560 Conﬂdere,
2747 4507 2827 4558 se,
2896 4490 3030 4560 siiin
3093 4487 3293 4544 bellum
3358 4483 3617 4554 eruperit,
3650 4479 3774 4534 Clio-

535 4603 718 4645 sroem
773 4587 841 4643 de
909 4585 1085 4640 medio
1133 4584 1500 4654 sublaturum,
1548 4595 1605 4642 et
1663 4600 1842 4656 regem
1882 4586 2066 4646 Persis
2139 4589 2414 4646 daturum.
2471 4574 2738 4643 Ad'hunc
2770 4586 2985 4642 modum
3039 4583 3334 4639 insolenter
3357 4581 3587 4643 locutus,
3627 4573 3776 4630 Sebo-

533 4680 754 4736 chtbem
808 4676 1035 4732 missum
1092 4673 1239 4732 fecit.

607 4776 770 4848 118
795 4774 889 4831 2|.
911 4775 996 4847 (Α.
1018 4773 1080 4830 c.
1102 4773 1226 4829 575.
1247 4771 1361 4828 lnd.
1382 4773 1436 4829 s.
1457 4772 1653 4830 Justini
1679 4776 1790 4846 ll.)
1807 4775 1940 4833 Cum
1957 4775 2096 4834 Iusti

2200 4803 2202 4818 ι
2304 4775 2412 4830 κα’.
2466 4774 2591 4827 Ὅτι
2629 4770 2752 4825 ἐπεὶ
2792 4769 3075 4832 Ίουστῖνος
3121 4764 3222 4828 τὰς
3267 4762 3472 4834 φρένας

535 4885 638 4926 nus
667 4868 864 4925 mentis
916 4866 1600 4931 imbecillitatelaboraret,
1629 4876 1683 4922 et
1707 4866 1982 4924 Tiberium
2008 4869 2098 4926 rei

2228 4869 2322 4922 καὶ
2350 4865 2604 4937 Τιϐέριον
2632 4863 2678 4894 ⁸³
2733 4860 3024 4927 ἀνεδέξατο
3051 4859 3097 4890 ⁸⁸
3133 4856 3358 4910 διοικεῖν
3386 4854 3486 4923 τῆς
3532 4850 3786 4937 πολιτείας

535 4965 766 5037 publica:
835 4962 1282 5018 administranda:
1344 4961 1696 5032 praefecisset,
1771 4961 2026 5018 Tiberius
2060 4976 2098 5017 e1

2224 4957 2292 5011 τὰ
2337 4936 2663 5027 πράγματα,
2697 4954 2754 5006 ὲν
2798 4950 2988 5020 ἁπὸρῴ
3025 4943 3168 5018 ἦσαν
3217 4943 3385 5008 αὑτός
3439 4958 3504 5047 τε
3546 4936 3788 5047 :I‘tﬁép‘uic

540 5025 726 5128 regina
791 5055 984 5111 incerti
1043 5063 1219 5116 erant,
1279 5025 1409 5122 quid
1445 5053 1512 5109 de
1554 5054 1712 5109 rebus
1757 5053 1968 5109 bellicis
2003 5062 2098 5109 sta-

2224 5049 2319 5104 καὶ
2448 5045 2658 5118 βασιλὶς
2713 5042 2882 5113 Σοφία
2914 5043 3062 5106 ὅπως
3111 5036 3385 5092 διάθοιντο
3410 5035 3482 5089 τὰ
3505 5025 3793 5137 tibvrti“:

541 5115 774 5215 tuoreut;
832 5145 925 5202 sed
970 5145 1359 5202 dubitationem
1413 5146 1616 5201 exeruit
1663 5145 1948 5200 Persarum
1998 5159 2091 5199 rex

2227 5158 2366 5213 μων.
2386 5115 2397 5119 ﬁ
2443 5115 2605 5192 Ἆλλὰ
2642 5138 2751 5209 γὰρ
2796 5136 2954 5189 ἔλυσε
2986 5133 3048 5186 τὸ
3075 5133 3281 5202 ἄπορον
3313 5127 3463 5198 σφῶν
3498 5122 3746 5215 βασιλευς
3771 5115 3800 5168 6

521 5213 630 5310 ⁴(ιιιί
664 5239 922 5295 Jacobum
957 5237 1188 5307 legatum
1213 5236 1282 5291 ad
1315 5221 1683 5292 Romanorum
1732 5235 2097 5306 imperatoreu

2227 5233 2453 5305 Περσῶν
2501 5234 2572 5297 ὡς
2623 5233 2716 5286 τὸν
2788 5227 3080 5298 Ῥωμαίων
3144 5221 3527 5295 αὐτοκράτορα
3591 5213 3805 5310 στείλας

540 5333 714 5389 misit.
749 5331 799 5386 Is
825 5329 1043 5385 Persica
1082 5328 1243 5384 verba
1289 5327 1476 5383 Graece
1527 5328 1834 5398 exprimere
1873 5335 2098 5382 noverat

2235 5323 2514 5389 Ἰάκωϐον,
2545 5323 2604 5386 ὃς
2628 5321 2697 5376 τὰ
2729 5319 2976 5391 Περσικὰ
2999 5317 3222 5389 ῥήματα
3246 5315 3313 5384 τῇ
3356 5309 3624 5382 Ἑλληνίδι
3651 5305 3811 5377 φωνῇ

1803 5505 2036 5561 νΑῐιιΑῐ
2078 5502 2482 5560 LECTIONES.

615 5657 660 5688 ’⁸³
696 5658 910 5722 πέπηγε
953 5655 1043 5718 H.,
1077 5654 1306 5719 πέπιιγε
1339 5652 1506 5722 vulg.’
1562 5651 1606 5682 ⁸⁸
1629 5669 1684 5704 τε
1719 5648 1938 5722 add._N.
2021 5649 2077 5722 si
2101 5647 2441 5722 μακρότατον
2469 5645 2616 5722 c_onj.
2646 5644 2712 5722 N_.
2796 5641 2842 5674 ⁸⁸
2877 5637 3552 5722 Ροῇῐίτξιξιψὲίῃιξιξιιίιις

543 5725 654 5844 dou:
698 5697 1684 5854 lcuuun—
2027 5697 2799 5791 stariSJquiibdiadiéimidcm
2850 5697 3141 5782 linlinBl-v
3217 5707 3262 5739 ”
3289 5697 3538 5775 “5‘59"”
3563 5697 3717 5767 00⁸³]-
3756 5697 3828 5752 B-

657 5809 711 5844 νε
747 5808 772 5844 ε
829 5809 925 5844 ατο
1019 5808 1094 5860 ιη.
1186 5831 1197 5845 .
