4010 6210
407 359 522 426 825

1220 363 1317 423 DE
1357 363 1926 426 LEGATIONIBUS
1969 363 2329 425 GENTIUM
2367 368 2467 427 AD
2504 368 2885 430 ROMANOS.

3566 369 3667 431 826

409 474 813 547 διασαφηνίζειν
865 470 1154 540 ἠπίστατο.
1215 470 1524 541 Συννοήσας
1581 471 1711 542 γὰρ,
1769 471 1844 534 ώς
1907 472 1987 535 εἰς

2109 472 2222 529 iam
2263 473 2549 530 Persarum
2612 493 2729 543 rex,
2781 479 3147 533 Romanorum
3202 492 3289 532 res
3334 478 3387 532 in
3420 476 3666 531 ultimum

413 568 642 640 ἔσχατον
671 567 766 620 νῦν
796 566 839 598 ⁹¹
874 562 1089 625 ἐλπίδος
1119 562 1170 615 οἰ
1210 562 1471 631 Ῥωμαῖοι
1498 562 1988 632 κατολισθήσαντες

414 660 634 731 ἣδιστον
675 657 773 727 μὲν
821 656 888 709 ἂν
939 643 1235 724 ἐχοιενίέπὶ
1267 657 1387 717 ταῖς
1422 653 1662 707 οἰαισοῦν
1701 654 1991 726 ξυνθήκαις

414 750 667 805 διαλῦσαι
687 748 779 802 τὸν
808 747 1069 816 πόλεμον,
1100 746 1161 799 οὐ
1188 745 1294 816 μὴν
1324 745 1599 817 θαρρῆσαι
1625 748 1671 778 ⁹²
1694 746 1990 815 πρεσϐείαν

415 844 537 899 τινὰ
568 842 773 896 στεῖλαι
803 841 889 903 διὰ
925 840 988 893 τὸ
1016 840 1116 892 οὐκ
1146 838 1503 907 εὐπρόσωπον
1530 831 1671 893 εἶναι
1700 838 1792 891 τὸν
1824 837 1993 909 ἀρξά.

419 950 581 1005 μενον
618 931 856 1001 πολέμου
885 927 1240 999 ἀπάρξασθαι
1269 928 1363 980 καὶ
1393 927 1633 989 ἱκετείας
1656 943 1671 959 ·
1720 928 1992 998 προτερή-

418 1043 517 1089 σας
547 1025 639 1079 οὖν
669 1026 697 1078 6
724 1023 951 1094 Περσῶν
986 1020 1237 1092 βασιλεὺς
1258 1020 1358 1091 τὴν
1392 1018 1656 1091 αἰσχύνην
1678 1021 1988 1090 προανεῖλε,

416 1118 513 1173 καὶ
568 1117 645 1188 τῷ
699 1115 1066 1187 κατεπτηχότι
1109 1116 1208 1184 τῆς
1255 1112 1483 1184 γνώμης
1526 1111 1705 1165 αὐτῶν
1730 1112 1991 1183 ἐπενόησε

416 1210 712 1281 πρόφασιν,
748 1209 823 1272 ὡς
852 1207 919 1262 ἂν
949 1207 1158 1260 ἔλθοιεν
1184 1207 1240 1269 ἐς
1272 1205 1462 1275 λόγους
1486 1206 1838 1276 αἰτησόμενοι
1871 1205 1992 1274 μεθ’

419 1300 701 1371 ἱκετηρίας
739 1299 988 1369 εἰρήνην.
1044 1296 1263 1350 Στέλλει
1306 1296 1485 1348 τοίνυν
1521 1295 1798 1358 Ἰάκωϐον,
1834 1295 1992 1365 άμειι-

415 1394 652 1455 νόννπως
684 1390 1133 1461 βουλευσάμενος,
1159 1388 1234 1451 ὡς
1256 1388 1315 1440 οὐ
1349 1384 1567 1440 πώποτε
1594 1386 1658 1439 ἂν
1680 1386 1992 1439 εὐκλεέστεο

422 1502 511 1552 ρον
536 1483 744 1552 Πέρσαι
773 1479 865 1533 τὸν
890 1478 1025 1546 πρὸς
1063 1476 1370 1546 Ῥωμαίους
1392 1475 1711 1529 κατάθοιντο
1735 1474 1863 1533 πόλε
1872 1489 1992 1543 μον·

418 1574 656 1627 τοσαῦτα
684 1574 793 1641 γὰρ
824 1568 1077 1623 ἐνδώσειν
1121 1566 1447 1638 Ῥωμαίους,
1481 1567 1581 1620 ὅσα
1602 1565 1668 1620 ἂν
1698 1564 1997 1634 ἐθελήσωσι

418 1666 629 1735 Πέρσαι
682 1662 857 1716 αὐτοί.
929 1662 993 1714 Ἠ
1037 1660 1094 1713 δέ
1149 1659 1405 1711 σταλεῖσα
1456 1659 1595 1729 πρὸς
1652 1656 1817 1712 αὐτοῦ
1849 1656 1895 1690 ⁸⁸
1921 1656 1997 1719 ὡς

431 1756 710 1809 Ἰουστῖνον
753 1753 800 1785 ⁸⁵
850 1750 1107 1822 ἐπιστολὴ
1163 1749 1289 1803 οὔτε
1357 1752 1475 1819 τῆς
1520 1749 1737 1819 ἡλικίας
1784 1743 1853 1819 ἦν
1901 1746 1995 1801 τοῦ

420 1849 647 1917 Περσῶν
681 1846 965 1917 βασιλέως,
998 1844 1366 1917 μειρακιώδης
1395 1838 1531 1897 οὖσα
1548 1842 1845 1907 παντοίως,
1871 1841 1993 1895 οὔτε

355 1978 364 1986 .
418 1938 475 1994 δέ
496 1939 654 1994 ἄλλου
680 1933 1031 2008 τινὸς,οἳμαι,
1055 1935 1752 2007 ἐμφρονεστὰτου.Ἒτερον
1772 1934 1880 2004 γὰρ
1903 1934 1994 1988 τδν

421 2030 701 2086 ὁντιναοῦν
735 2028 1201 2093 ἁπαυθαδίζεσθαι
1229 2028 1330 2081 οὐκ
1360 2028 1468 2082 ἀπὸ
1498 2026 1700 2098 τρόπου
1727 2022 1815 2098 ἦν’
1848 2027 1992 2081 ἐκεί-

420 2138 510 2175 νον
538 2122 719 2192 μέντοι
755 2121 816 2173 ού
854 2119 1214 2192 βρενθύεσθαι
1259 2120 1389 2182 ἴσως
1436 2119 1602 2190 ἐχρῆν
1625 2158 1640 2183 ,
1682 2118 1804 2171 οὑδέ
1858 2118 1997 2188 ὑψα-

422 2214 591 2284 γόραν
639 2214 763 2267 τινὰ
816 2208 957 2268 εἶναι
1012 2215 1106 2268 καὶ
1154 2213 1540 2284 ἀπειρόκαλον.
1604 2211 1668 2265 Ἦ
1718 2213 1829 2282 γὰρ
1875 2213 1995 2264 ἐπι-

424 2305 585 2374 στολὴ
629 2303 840 2375 ὕϐρεώς
866 2306 910 2337 ’⁸
939 2322 996 2358 τε
1031 2304 1203 2375 μεστὴ
1234 2304 1330 2359 καί⁹
1358 2302 1667 2373 ὁνειδισμοῦ
1698 2303 1791 2357 καὶ
1824 2320 1997 2372 μεμε-

421 2395 706 2465 θυσμένων
739 2397 1003 2469 ῥημάτων
1061 2395 1297 2465 ὑπῆρχε.
1362 2395 1473 2449 Καὶ
1516 2396 1548 2464 ἡ
1606 2393 1707 2464 μὲν
1738 2392 1997 2463 ἐπιστολὴ

422 2489 803 2559 ὑπερηφανίας
850 2506 909 2543 τε
952 2483 1022 2560 ἦν
1061 2488 1160 2541 καὶ
1223 2485 1543 2551 ἀλαζονείας
1599 2486 1841 2556 πλήρης*
1887 2486 1999 2538 εἰσ-

419 2581 616 2649 άγεται
638 2580 701 2648 ξδ’
745 2578 838 2635 οὖν
895 2579 1172 2643 Ἰάκωϐος,
1208 2578 1270 2634 οὐ
1308 2577 1414 2649 μὴν
1443 2579 1519 2643 ώς
1557 2578 1865 2641 Ἰουστῖνον,
1903 2578 1999 2630 ἅτε

422 2672 630 2745 νοσώδη
660 2672 1015 2743 τυγχάνοντα,
1046 2670 1185 2726 ἀλλὰ
1214 2671 1323 2744 γὰρ
1350 2672 1427 2735 ώς
1454 2672 1554 2744 τὴν
1576 2672 1845 2744 βασιλίδα,
1878 2673 2001 2726 ἐπεὶ

423 2762 563 2835 αὐτὴ
608 2763 702 2829 ξὺν
752 2764 985 2837 Τιϐερίῳ
1012 2763 1229 2818 ἅπαντα
1262 2764 1552 2835 ἔπραττεν.
1599 2763 1998 2835 ’Δναλεξαμένη

424 2855 604 2912 τοίνυν
653 2856 723 2911 τὰ
775 2856 1082 2927 γράμματα
1127 2856 1493 2927 ἐπηγγείλατο
1524 2856 1622 2910 καὶ
1668 2857 1807 2927 αὐτὴ
1849 2858 2002 2910 στέλ-

426 2953 539 3005 λειν
573 2951 620 2984 “
652 2951 742 3005 τὸν
770 2949 1242 3021 πρεσϐευσόμενον
1292 2948 1367 3011 ὡς
1398 2947 1621 3018 βασιλέα
1653 2949 1881 3019 Περσῶν
1908 2948 2003 3002 καὶ

428 3043 572 3115 ἀμφὶ
616 3043 728 3097 τῶν
770 3041 1020 3096 ὁπωσοῦν
1066 3040 1444 3111 κεκινημένων
1491 3041 1999 3112 διαλεχθησόμενον.

2092 564 2377 620 discrimen
2430 565 2686 622 adductas
2728 581 2851 621 esse
2889 577 3060 633 ratus,
3108 576 3165 622 et
3195 566 3328 620 nihil
3372 566 3669 634 jucundius

2091 666 2146 709 et
2187 656 2545 725 opportunius
2588 658 2694 712 illis
2738 659 3055 727 contingere
3096 671 3277 726 posse,
3330 671 3495 726 quam
3547 656 3667 725 qui-

2092 748 2279 803 busvis
2316 749 2717 805 conditionibus
2768 750 2964 804 bellum
3000 764 3134 820 pace
3180 750 3358 815 linire,
3402 748 3556 818 cujns
3590 747 3668 800 rei

2092 840 2263 909 gratia
2342 850 2518 895 tamen
2576 856 2671 898 eos
2737 842 2961 911 puderet
3028 841 3351 910 legationem
3432 840 3667 903 mittere,

2093 930 2237 1000 quod
2293 931 2606 987 indecorum
2667 933 3066 995 existimarent,
3122 946 3269 995 eum,
3315 932 3405 1001 qui
3470 929 3670 984 bellum

2091 1022 2438 1091 suscepisset,
2490 1024 2700 1078 initium
2741 1023 3080 1094 supplicandi
3128 1023 3330 1087 facere,
3386 1023 3529 1076 hunc
3574 1035 3672 1088 pu.

2094 1114 2277 1168 dorem
2329 1115 2708 1184 prmveniendo
2771 1115 3011 1171 sustulit.
3067 1114 3136 1169 Et
3216 1114 3470 1183 quoniam
3536 1126 3670 1166 cono

2093 1204 2322 1259 sternati
2408 1204 2590 1260 animo
2646 1214 2824 1270 erant,
2900 1204 3167 1259 rationem
3230 1214 3286 1259 et
3327 1203 3670 1257 occasionem

2094 1296 2549 1366 excogitavit,'ut
2581 1312 2676 1367 per
2722 1298 2957 1365 speciem
3012 1295 3262 1364 colloquii
3308 1309 3493 1364 pacem
3550 1307 3675 1361 sup-

2080 1387 2263 1459 plices
2305 1396 2547 1443 orarent.
2619 1386 2806 1458 Itaque
2887 1389 3054 1445 mittit
3132 1386 3415 1452 Iacobum,
3479 1384 3675 1439 Persas

2098 1492 2371 1546 nunquam
2420 1479 2708 1549 gloriosius
2738 1480 2934 1535 bellum
2961 1489 3149 1536 contra
3186 1479 3462 1535 Romanos
3507 1476 3673 1544 depo-

2098 1583 2230 1624 nere
2274 1584 2433 1638 posse
2469 1570 2811 1635 existimans,
2848 1571 2976 1640 quia
3022 1571 3251 1625 Romani
3300 1569 3504 1632 omnia,
3553 1578 3676 1634 quae

2099 1656 2281 1713 Persas
2335 1657 2628 1721 voluerint,
2697 1668 2881 1714 essent
2930 1659 3270 1714 concessuri.
3338 1658 3515 1726 Atque
3563 1654 3679 1709 haec

2102 1747 2272 1802 missa
2326 1763 2423 1818 per
2462 1748 2723 1804 Jacobum
2780 1750 2849 1804 ad
2890 1748 3167 1805 Justinum
3220 1749 3450 1818 epistula
3503 1760 3679 1815 neque

2095 1837 2243 1892 aetati
2305 1838 2453 1909 regis
2502 1837 2793 1894 Persarum
2875 1840 3283 1894 accommodata
3339 1844 3457 1893 erat
3528 1837 3677 1905 (nam

2095 1928 2355 1998 puerilem
2392 1929 2444 1983 in
2477 1930 2695 1986 modum
2731 1932 3037 2000 conscripta
3074 1928 3235 2003 erat),
3304 1940 3480 1998 neque
3541 1925 3680 1980 alte-

2098 2023 2234 2085 rius,
2286 2023 2503 2092 opinor,
2559 2022 2660 2077 viri
2707 2023 2995 2091 prudentia
3044 2021 3257 2094 praediti
3318 2020 3439 2075 fuit.
3497 2020 3677 2073 Alium

2097 2113 2242 2168 enim
2300 2114 2605 2181 quempiam
2675 2113 2996 2168 insolentem
3072 2129 3214 2177 esse,
3278 2128 3382 2167 non
3441 2111 3680 2165 alienum

2100 2204 2314 2269 luisset,
2364 2204 2456 2260 sed
2499 2202 2649 2258 illum
2690 2204 2915 2259 minime
2965 2204 3251 2273 superbire
3296 2211 3391 2257 aut
3424 2202 3684 2255 audacius

2101 2295 2247 2363 loqui
2308 2294 2551 2349 decebat.
2602 2286 2674 2349 At
2727 2294 2957 2364 epistola
3007 2293 3347 2350 contumeliae
3390 2300 3445 2349 et
3495 2292 3682 2360 probri

2100 2396 2155 2443 et
2184 2387 2470 2443 verborum
2503 2385 2852 2442 insolentium
2883 2386 3038 2455 plena
3065 2386 3186 2443 fuit.
3227 2386 3414 2456 Itaque
3460 2383 3684 2441 etiamsi

2101 2478 2325 2547 epistola
2395 2476 2556 2547 119
2615 2477 2939 2547 arrogantia:
2981 2487 3037 2532 et
3108 2485 3450 2546 contemptus
3528 2475 3683 2545 plena

2100 2577 2270 2634 esset,
2336 2578 2517 2624 tamen
2574 2568 2915 2625 introductus
2964 2578 3047 2624 est
3097 2568 3354 2631 Jacobus,
3416 2582 3521 2624 non
3565 2566 3688 2636 qui-

2101 2661 2224 2716 dem
2270 2659 2337 2715 ad
2365 2659 2661 2724 Iustinum,
2695 2660 2786 2729 qui
2819 2661 2968 2729 gravi
3024 2660 3211 2715 morbo
3259 2655 3492 2713 amictus
3543 2667 3686 2721 erat,

2102 2753 2195 2809 sed
2226 2752 2292 2808 ad
2326 2754 2757 2824 reginam,aquze
2806 2752 2987 2807 omnia
3038 2750 3252 2819 imperii
3298 2748 3518 2820 negotia
3562 2762 3687 2801 cum

2103 2845 2323 2901 Tiberio
2346 2845 2590 2899 curabat.
2641 2842 2800 2899 Lecta
2849 2841 3097 2912 epistola,
3149 2840 3331 2910 regina
3386 2840 3688 2908 respondit,

2104 2950 2163 2993 se
2192 2951 2407 3006 quoque
2451 2936 2739 2991 missuram
2788 2933 3027 3004 legatum
3055 2933 3121 2989 ad
3157 2945 3337 3002 regem
3373 2930 3689 2993 Persarum,

2105 3030 2194 3098 qui
2236 3029 2301 3084 de
2324 3029 2598 3093 omnibus,
2630 3028 2696 3082 de
2721 3026 2916 3095 quibus
2948 3028 3088 3080 inter
3121 3026 3268 3093 ipsos
3316 3023 3688 3078 controversia

429 3134 720 3188 Στέλλεται
747 3132 792 3186 δ’
825 3128 920 3187 οὖν
942 3131 1239 3203 Ζαχαρίας,
1276 3131 1336 3185 ἐν
1366 3131 1479 3194 τοῖς
1514 3130 1804 3200 βασιλείοις
1834 3146 2004 3183 κατα-

2109 3129 2251 3175 mota
2283 3130 2423 3185 erat,
2473 3128 2680 3189 ageret.
2727 3117 2927 3186 Itaque
2973 3115 3209 3171 mittitur
3256 3115 3552 3170 Zacharias
3604 3114 3691 3166 iu-

429 3226 759 3297 ταττόμενος
803 3226 1032 3297 ἰατροῖς,
1065 3223 1461 3297 ἐπιφερόμενος
1506 3222 1743 3295 γράμμα
1795 3223 1859 3277 ἐκ
1906 3222 2006 3292 τῆς

2110 3223 2194 3269 ter
2252 3212 2600 3284 imperatoris
2689 3211 2929 3267 medicos
3005 3208 3297 3278 ascriptus,
3387 3208 3479 3277 qui
3570 3206 3696 3259 tulit

431 3319 722 3391 βασιλίδος.

500 3411 607 3483 κβ’.
650 3414 773 3466 Ὅτι
802 3410 897 3465 ἐπὶ⁸
918 3409 1171 3481 Τιϐερίου
1195 3409 1475 3480 Καίσαρος
1498 3410 1548 3462 οἰ
1577 3407 1685 3462 τῶν
1721 3406 2008 3478 Ῥωμαίων

432 3507 728 3576 στρατηγοὶ
770 3504 1022 3575 εἰσϐολὴν
1056 3504 1115 3569 ἐς
1179 3503 1468 3557 Ἀλϐανίαν
1501 3504 1881 3574 ποιησάμενοι.
1913 3500 2011 3555 καὶ

430 3600 676 3671 ίμήρους
707 3598 967 3660 λαϐόντες
999 3596 1276 3668 Σαϐείρων
1306 3597 1402 3650 καὶ
1429 3594 1607 3649 ἄλλων
1654 3593 1845 3657 ἐθνῶν,
1874 3587 2011 3663 ἦκον

433 3692 493 3754 ἐς
541 3689 859 3753 Βυζάντιον.
927 3686 1324 3757 Ἀφικομὲνους
1367 3684 1425 3738 δέ
1458 3686 1516 3737 ἐν
1558 3684 1838 3753 Βυζαντίῳ
1886 3683 2013 3744 τοὺς

434 3781 697 3851 πρέσϐεις
722 3779 832 3833 τῶν
866 3778 1238 3831 ἐνδεδωκότων
1269 3776 1498 3838 ἑαυτοὺς
1545 3774 1785 3828 Ἀλανῶν
1824 3789 1885 3825 τε
1922 3772 2015 3824 καὶ

437 3872 720 3944 Σαϐείρων
777 3871 807 3923 ὁ
850 3872 1069 3937 Καῖσαρ
1116 3869 1334 3937 δέχεται
1383 3866 1646 3927 ἐπιεικῶς
1709 3866 1806 3917 καὶ
1870 3863 2015 3915 πάνυ

438 3963 837 4039 φιλανθρώπως
864 3979 877 3992 ·
935 3960 1241 4030 πυθόμενός
1308 3975 1370 4013 τε
1420 3957 1551 4026 παρ’
1604 3955 1787 4009 αὐτῶν
1844 3953 2019 4006 ὁπόσα

438 4056 694 4127 χρήματα
720 4053 903 4115 αὐτοῖς
923 4050 1096 4104 ἐδίδου
1140 4051 1169 4103 ὁ
1201 4047 1427 4117 Περσῶν
1466 4044 1743 4115 βασιλεὺς,
1770 4042 2022 4105 δεδωκώς

436 4163 499 4199 τε
544 4144 793 4211 ἐξουσίαν
825 4142 869 4175 "
902 4141 1099 4210 σφίσιν
1128 4141 1184 4202 ἐς
1229 4139 1354 4191 ὅσον
1407 4134 1701 4205 ἠϐούλοντο
1731 4133 1924 4204 ἐξᾶραι
1954 4133 2021 4203 τῇ

436 4234 761 4305 ψευδολογίᾳ
794 4232 857 4285 τὸ
888 4231 1083 4303 χρῆμα
1107 4230 1203 4284 καὶ
1230 4227 1308 4299 τῷ
1330 4229 1530 4299 κόμπῳ
1558 4225 1792 4297 τάληθὲς
1829 4226 2025 4277 ἐπικα-

439 4327 606 4397 idem
632 4364 649 4390 ,
690 4344 709 4377 ι
741 4324 1009 4379 Διπλάσια
1066 4322 1269 4376 τούτων
1309 4321 1486 4389 ἔγωγε
1539 4318 1783 4388 παρέξω,
1828 4335 1847 4369 ο
1894 4316 2021 4384 ἔφη,

442 4418 558 4479 τοῖς
595 4432 656 4467 τε
696 4415 755 4467 ἐν
786 4413 929 4467 τέλει
963 4410 1141 4478 ὑμῶν,
1187 4410 1323 4479 πρὸς
1342 4408 1399 4462 δέ
1419 4406 1483 4477 δὴ
1509 4406 1605 4460 καὶ
1625 4405 1754 4475 ὑμῖν
1781 4405 2019 4465 αὐτοῖς.»

454 4506 582 4560 Ἐπὶ
628 4504 842 4570 τούτοις
886 4502 1135 4574 ἥσθησάν
1164 4518 1224 4555 τε
1264 4501 1312 4553 oi
1342 4496 1642 4569 Βάρϐαροι,
1674 4496 1770 4550 καὶ
1806 4495 2025 4548 ἐδόκουν

443 4597 604 4669 χάριν
658 4596 857 4650 εἰδέναι
903 4592 983 4663 τῷ
1021 4591 1310 4662 Κρείττονι
1358 4589 1475 4644 ἀνθ’
1508 4582 1584 4642 ῶν
1624 4587 1856 4657 ὑπήκοοι
1891 4585 2025 4638 Ῥω-

448 4694 625 4765 μαίων
658 4692 930 4761 ἐγόνοντο.
963 4688 1232 4755 Ἤγγελον
1254 4685 1335 4750 δὲ,
1360 4685 1435 4749 ώς
1458 4686 1487 4737 ὁ
1527 4682 1712 4751 ’Δϐεὶρ
1737 4681 1783 4713 ’⁸
1814 4681 2024 4749 ἀπέστη

444 4788 545 4840 οὐκ
595 4788 655 4850 ἐς
703 4784 948 4857 μακρὰν,
1000 4781 1160 4849 ὁλίγα
1190 4795 1251 4831 τε
1302 4776 1598 4849 φροντίσας
1645 4775 1753 4829 τῶν
1802 4774 2028 4843 ὁμήρων

446 4876 689 4949 Πέρσαις
734 4871 1064 4945 προσετέθη.
1109 4870 1233 4932 Τοῖς
1264 4869 1365 4938 μὲν
1412 4864 1505 4921 οὖν
1538 4865 1834 4937 πρέσϐεσιν
1870 4859 2029 4924 αὖθις

447 4970 506 5021 ἐν
552 4965 814 5035 συνουσίᾳ
862 4963 1153 5030 γενόμενος
1201 4960 1231 5012 6
1274 4960 1503 5029 Kaiaap
1535 4955 1603 5009 τά
1653 4956 1753 5009 ὅσα
1796 4952 2031 5025 ἁρμόδια

445 5057 736 5128 διελέχθη,
791 5056 884 5108 καὶ
930 5054 1035 5121 ἔφη
1080 5050 1206 5114 τούς
1260 5066 1318 5102 τε
1373 5044 1827 5119 προσχωροῦντας
1879 5044 2029 5114 αὑτῷ

449 5148 631 5202 ἐκοντὶ
660 5147 803 5219 μάλα
824 5140 1228 5213 εὐεργετήσειν,
1252 5142 1379 5204 τοὺς
1402 5139 1459 5193 δέ
1488 5155 1549 5206 γε
1586 5138 1647 5192 οὐ
1673 5136 2029 5208 βουλομένους

449 5240 543 5293 καὶ
592 5241 824 5303 ἄκοντας
869 5237 1013 5303 ἐξειν
1064 5234 1171 5288 ὑπὸ
1213 5232 1313 5302 τὴν
1366 5230 1534 5287 αὑτοῦ
1579 5232 1736 5301 χεῖρα
1791 5230 1883 5301 βία
1933 5230 2027 5284 καὶ

448 5334 698 5401 δυνάμει.
1842 5388 1849 5393 δ

524 5425 632 5495 κγ’.
693 5424 816 5476 Ὅτι
850 5420 959 5473 τῶν
998 5415 1319 5489 στρατηγῶν
1350 5413 1624 5485 δῃούντων
1668 5412 1766 5483 τὴν
1813 5413 2035 5484 Περσῶν

2057 4472 2102 4528 D

2109 3305 2321 3361 litteras
2356 3305 2577 3373 reginae.

2179 3398 2270 3453 es.
2301 3397 2388 3469 (A.
2419 3397 2482 3453 c.
2519 3394 2765 3453 576nm.
2801 3394 2835 3450 9
2877 3392 3079 3449 Justini
3126 3391 3240 3461 ιε.)
3301 3389 3416 3446 Sub
3473 3387 3698 3443 Tiberio

2111 3491 2326 3548 Caesare
2388 3489 2759 3551 Romanorum
2830 3487 3018 3552 duces,
3084 3485 3287 3554 impetu
3324 3482 3378 3537 in
3407 3480 3695 3536 Albaniam

2112 3581 2276 3648 facto,
2300 3582 2586 3638 obsidibus
2609 3595 2640 3635 a
2674 3578 2886 3635 Sabiris
2910 3586 2965 3633 et
2998 3576 3120 3632 aliis
3144 3573 3396 3645 gentibus
3439 3571 3698 3641 acceptis,
3752 3592 3763 3595 λ

2113 3674 2433 3743 Byzantium
2501 3679 2789 3728 venerunt.
2846 3670 2923 3724 Eo
2971 3683 3094 3724 cum
3171 3664 3334 3735 legati
3398 3663 3700 3719 Alanorum

2115 3774 2172 3818 et
2210 3763 2533 3818 Sabirorum
2584 3762 2885 3825 venissent,
2914 3760 3006 3829 qui
3032 3773 3091 3813 se
3116 3756 3378 3812 Romanis
3406 3756 3699 3818 dederant,

2116 3851 2302 3906 Caesar
2346 3865 2443 3906 eos
2483 3849 2715 3918 benigne
2746 3856 2802 3903 et
2853 3847 3170 3901 humaniter
3254 3844 3492 3912 excepit.
3558 3844 3698 3898 Cum

2119 3952 2298 3997 autem
2341 3956 2406 3995 ex
2454 3954 2643 3995 eorum
2697 3938 2877 3993 verbis
2934 3937 3201 4000 audisset,
3253 3944 3487 4005 quantas
3532 3948 3703 4004 pecu-

2120 4034 2243 4089 nias
2297 4032 2405 4089 illis
2466 4031 2756 4089 Persarum
2826 4043 2922 4085 rex
2964 4028 3220 4100 largitus
3275 4028 3495 4093 fuisset,
3559 4026 3706 4083 facta

2123 4134 2415 4197 potestate,
2494 4132 2781 4196 quantum
2844 4122 3044 4179 vellent
3116 4122 3367 4178 oratione
3438 4136 3551 4176 rem
3606 4136 3706 4176 ex-

2124 4234 2401 4290 aggerare,
2456 4230 2509 4274 et
2544 4232 2731 4272 verum
2810 4215 3039 4272 dicendo
3119 4215 3433 4279 obscurare,
3480 4230 3500 4265 ι
3536 4212 3708 4281 Duplo

2126 4311 2331 4378 majora
2370 4308 2593 4380 praemia
2646 4307 2797 4363 vobis
2856 4307 3076 4378 largiar,
3138 4304 3333 4374 inquit,
3391 4317 3497 4358 non
3533 4302 3707 4357 solum

2128 4402 2261 4457 viris
2308 4400 2361 4455 in
2402 4400 2661 4469 dignitate
2704 4398 3033 4461 constitutis,
3098 4395 3192 4450 sed
3252 4394 3419 4449 etiam
3490 4390 3708 4447 unicui‘

2131 4511 2236 4565 que
2269 4504 2528 4549 vestrum.
2580 4511 2598 4544 ι
2657 4490 2780 4547 llaec
2808 4488 3061 4545 Barbaris
3098 4486 3340 4542 laetitiam
3381 4484 3706 4547 attulerunt,

2130 4600 2183 4644 et
2224 4587 2325 4643 visi
2376 4593 2504 4643 sunt
2540 4585 2651 4640 Deo
2703 4583 2934 4655 gratiam
2995 4581 3223 4644 habere,
3279 4579 3424 4649 quod
3470 4575 3701 4645 subjecti

2130 4679 2258 4735 facti
2320 4686 2503 4733 essent
2556 4676 2838 4731 Romanis.
2883 4674 3207 4729 Retulerunt
3244 4681 3425 4727 autem
3472 4668 3695 4724 Abirem

2133 4772 2292 4843 paulo
2356 4780 2482 4825 ante
2539 4770 2805 4824 defecisse
2875 4776 2950 4832 et,
3014 4766 3157 4821 nulla
3222 4764 3471 4821 obsidum
3526 4758 3713 4815 habita

2132 4862 2365 4927 ratione,
2395 4875 2518 4914 cum
2571 4859 2754 4913 Persis
2801 4872 2859 4912 se
2885 4856 3254 4926 conjunsisse.
3296 4854 3498 4909 Deinde
3530 4850 3714 4905 Caesar

2135 4967 2258 5006 cum
2318 4950 2510 5018 legatis
2569 4962 2916 5016 congressus,
3003 4961 3122 5015 qua:
3178 4953 3303 5014 apta
3366 4944 3710 5004 videbantur,

2132 5044 2388 5101 disseruit
2415 5052 2471 5098 et
2501 5042 2658 5105 dixit,
2694 5055 2821 5112 erga
2869 5055 2985 5106 eos,
3017 5038 3111 5106 qui
3143 5046 3335 5107 sponte
3379 5036 3432 5089 iu
3456 5034 3571 5102 ejus
3619 5046 3716 5102 po.

2128 5146 2381 5193 testatem
2440 5135 2709 5200 venirent,
2758 5148 2818 5189 se
2861 5131 3139 5187 liberalem
3196 5128 3461 5191 futurum,
3514 5134 3713 5187 eteos,

2130 5230 2221 5298 qui
2276 5242 2335 5283 se
2387 5242 2497 5283 suae
2540 5224 2793 5296 potestati
2840 5222 3159 5277 submittere
3202 5223 3521 5273 recusarent
3562 5214 3615 5268 vi
3663 5221 3717 5266 et

2128 5321 2299 5377 armis
2347 5334 2445 5375 suo
2479 5318 2709 5387 imperio
2746 5329 2937 5387 parere
2989 5322 3328 5369 coacturum.

2214 5415 2307 5469 25.
2371 5414 2507 5467 Dum
2577 5410 2946 5466 Romanorum
3019 5408 3184 5461 duces
3248 5401 3537 5457 Persarum
3610 5398 3715 5452 Ar-

1776 5528 2013 5584 VABIAE
2040 5528 2443 5586 LECTIONES.

558 5632 599 5663 ⁸³
637 5631 712 5693 ώς
766 5632 845 5694 εἰς
875 5629 1107 5701 ἔσχατον
1140 5628 1234 5682 νῦν
1268 5630 1334 5685 Ν.
1375 5632 1453 5692 ὡς
1508 5629 1733 5701 ἔσχατον
1791 5626 1866 5701 ώς
1923 5627 2215 5701 νῦνψνιιις.

2322 5630 2365 5659 ’⁸
2397 5626 2731 5697 θαρρήσειαν
2761 5622 2906 5697 conj.
2956 5620 3075 5697 I3.”
3115 5621 3160 5653 ³³
3187 5616 3351 5697 σιδτοῦ
3537 5610 3703 5697 αὺτιὸν

451 5703 597 5773 vulg.
678 5702 723 5734 "
758 5680 1039 5773 Ἰοξιστΐνρν
1069 5699 1132 5773 ll.
1154 5716 1285 5770 mg.,
1311 5680 1696 5773 ΑἸουστλιιρανὸν
1732 5680 1872 5773 vulg;
1952 5700 1994 5730 εδδ
2029 5680 2233 5770 ὕϐρεώς
2264 5699 2350 5763 N.,
2385 5680 2598 5768 θελρέυὶν
2643 5695 2787 5768 vulg.
2863 5680 2909 5726 ⁵⁸
2937 5690 3174 5746 στέλλειν
3204 5688 3292 5756 ll.,
3325 5687 3533 5743 στέλλει
3561 5680 3712 5747 vulg.

452 5774 497 5805 ’7
540 5766 791 5841 ῖξουσίαν
828 5771 909 5840 Β.,
949 5769 1195 5836 ἐξουσίας
1216 5766 1378 5842 ἰίιΙε.
1458 5770 1502 5803 ⁸⁸
1530 5769 1729 5838 Σαϐεἰρ
1763 5766 1879 5823 Val.
