4010 6210
2286 104 2313 135 \

390 313 496 381 827
1276 305 1672 369 EXCERPTA
1714 306 1815 365 EX
1852 304 2284 366 MENANDRO
2322 304 2817 368 PROTECTORE
3573 308 3678 371 823

396 429 635 483 tncniam
688 424 1118 497 populationibus
1147 430 1430 483 vexarent,
1486 416 1705 473 advenit
1748 413 1966 471 Nadees

2083 415 2415 486 Ἀρμενίαν,,
2448 418 2506 471 ἐν
2558 416 2734 485 τούτῳ
2768 417 3105 487 παρεγένετο
3156 417 3414 487 Ναδὼης,
3469 436 3536 482 ες
3578 424 3683 493 τὴν

393 519 611 584 electus;
638 527 694 574 et
722 531 752 570 a
783 516 1026 571 Cltosroe
1090 513 1290 568 missus
1342 511 1408 564 ad
1451 508 1740 572 minorem,
1804 519 1967 575 quam

2078 504 2376 578 λεγομένην
2425 508 2667 579 σμικρὰν
2713 508 3122 580 χειροτονηθεὶς
3164 511 3501 580 πρεσϐείαν,
3540 515 3685 584 πρὸς

397 619 618 671 vocant,
685 604 1008 676 legaticum
1065 603 1392 659 obeundam.
1451 598 1607 656 llunc
1649 612 1967 667 responsum

2078 598 2314 666 Χοσρόου
2348 598 2709 670 ἐκπεμφθείς
2750 601 2808 665 ὃς
2846 604 2892 636 ⁹⁹
2936 601 3042 671 τῆς
3090 601 3181 657 διὰ
3231 602 3531 673 Θεοδώρου
3586 604 3684 659 τιῦ

394 700 540 754 ferre
558 699 623 753 ad
643 697 965 767 legationem
986 694 1255 751 Theodori
1272 694 1467 750 Bacchi
1488 692 1653 766 jussit
1669 692 1968 757 Cbosroes,

2078 688 2289 760 Βάκχου
2312 692 2609 762 πρεσϐείας
2634 691 2813 758 ἔδοξεν
2846 693 3146 764 ἀμοιϐαίαν
3185 693 3571 766 ἀποκομίζειν
3616 699 3682 751 ἐκ

395 802 451 846 et
501 789 820 845 nominatim
887 789 1142 843 nuntiam
1219 787 1499 851 Romanis,
1556 798 1679 841 sese
1721 793 1969 853 paratum

2078 781 2167 835 τοῦ
2205 783 2447 851 Χοσρόου
2505 785 2789 854 ἀγγελίαν,
2844 787 3055 859 κυρίως
3100 787 3158 841 δὲ
3209 787 3285 851 ὡς
3329 788 3685 860 ἐτοιμότατα

394 895 517 937 esse
574 881 791 936 mittere
853 881 1148 950 primarius
1202 880 1352 934 viros
1408 879 1475 933 ad
1510 878 1643 932 lines
1703 874 1969 941 Orientis,

2078 873 2185 944 ἔχοι
2233 874 2328 929 καὶ
2364 876 2531 939 αὐτὸς
2563 877 2772 932 στεῖλαι
2806 879 2937 943 τοὺς
2983 879 3257 951 ἄρχοντας
3296 880 3449 935 κατά
3500 881 3572 953 δὴ
3612 883 3685 936 τὰ

395 982 455 1029 ut
482 988 602 1029 cum
648 973 755 1038 his,
807 988 943 1042 quos
980 972 1211 1028 Romani
1255 972 1557 1034 mitterent,
1600 966 1973 1039 prospicerent

2078 967 2196 1037 ὅρια
2214 967 2318 1038 τῆς
2346 967 2482 1035 Ἕω,
2515 969 2592 1033 ὡς
2628 969 2693 1025 ἂν
2724 971 2784 1024 ὲν
2814 970 2895 1041 τῷ
2927 970 3080 1045 αὐτῷ
3104 973 3386 1044 γενόμενοι
3444 975 3573 1037 τοῖς
3612 974 3680 1027 ὲκ

392 1076 447 1118 et
489 1066 760 1131 viderent,
797 1080 901 1134 qua
948 1065 1163 1120 ratione
1232 1078 1390 1118 arma
1436 1062 1791 1131 deponerent.
1829 1058 1967 1113 Cum

2085 1057 2379 1126 Ῥωμαίων
2433 1061 2990 1133 ἔκπεμφθησομένοις
3061 1065 3391 1136 σκοπήσοιέν
3445 1082 3515 1119 τε
3581 1065 3681 1120 καὶ

396 1156 491 1210 ille
558 1156 792 1226 primum
848 1163 1136 1226 quaereret,
1191 1169 1439 1224 quasnam
1511 1168 1679 1209 causa
1746 1161 1802 1206 et
1830 1151 1972 1207 ratio

2078 1147 2446 1217 διασκὲψοιντο
2473 1151 2623 1214 ὅπως
2650 1152 2756 1223 χρὴ
2803 1153 2872 1208 τά
2915 1154 3059 1208 ὅπλα
3092 1155 3455 1209 καταθέσθαι.
3520 1157 3679 1210 Ἀνα-

401 1248 574 1302 fuerit
633 1247 1019 1317 quinquaginta
1078 1260 1343 1301 annorum
1407 1243 1660 1300 inducias
1708 1242 1968 1309 violandi,

2078 1240 2399 1311 κρινομένου
2452 1241 2643 1297 τούτου
2689 1243 2914 1316 πρώτου
2946 1246 3034 1311 τίς
3078 1246 3187 1318 ἀρα
3235 1247 3488 1302 πολιτεία
3520 1248 3540 1279 ¹
3575 1247 3677 1318 τῆς

398 1337 697 1406 prudenter
759 1335 944 1392 Caesar
1010 1336 1307 1406 respondit,
1386 1348 1446 1390 se
1504 1334 1720 1403 quidem
1790 1346 1970 1402 regem

2078 1326 2281 1392 λύσεως
2330 1330 2442 1385 τῶν
2490 1335 3024 1399 πεντηκοντουτίδων
3059 1337 3310 1391 σπονδῶν
3356 1339 3519 1392 αίτία
3554 1340 3677 1408 ἐγέ-

398 1425 708 1491 Persarnm,
745 1427 835 1496 qui
880 1427 1065 1482 senior
1120 1434 1287 1492 esset,
1328 1426 1525 1495 quippe
1555 1424 1670 1496 qui,
1704 1438 1765 1479 se
1794 1424 1972 1479 adhuc

2078 1434 2194 1473 νετο
2215 1458 2233 1485 ,
2284 1412 2329 1489 ᾧ
2361 1423 2469 1476 τινί
2494 1440 2558 1492 γε
2603 1425 2781 1496 δήπου
2810 1427 3232 1499 ἐμφρονέστατά
3270 1446 3388 1495 πως
3424 1430 3675 1501 ἀπεκρί-

398 1529 589 1585 puero,
648 1515 704 1570 in
730 1514 863 1570 ﬂore
894 1515 1067 1570 aetatis
1097 1529 1212 1569 suae
1246 1513 1579 1569 constitutus
1618 1511 1781 1578 foret,
1813 1527 1972 1568 secu-

2078 1525 2202 1563 νατο
2228 1513 2257 1564 ὁ
2299 1513 2539 1585 Καῖσαρ,
2573 1515 2652 1578 ὡς
2685 1518 3051 1590 πρεσϐυτέρῳ
3084 1520 3415 1591 τυγχάνοντι
3458 1521 3677 1593 βασιλεῖ

399 1617 607 1673 turum,
646 1615 701 1663 et
740 1607 858 1663 sive
905 1622 1076 1672 arma,
1142 1606 1259 1661 sive
1309 1618 1496 1674 pacem
1537 1604 1722 1668 vellet,
1787 1614 1969 1659 utrum

2078 1602 2298 1673 Περσῶν
2348 1604 2510 1671 αὐτὸς
2559 1607 2581 1639 ⁸
2632 1606 2715 1662 ἔτι
2762 1608 2881 1673 νέος
2935 1609 3055 1676 ὢν,
3105 1613 3199 1666 καὶ
3265 1612 3393 1667 ὅσον
3456 1614 3560 1666 ἐπὶ
3606 1614 3672 1681 τῇ

398 1698 673 1768 elegisset,
734 1705 947 1765 gratum
1020 1705 1413 1765 acceptumque
1475 1695 1807 1750 habiturum.
1874 1693 1971 1750 liis

2078 1691 2224 1763 ἀκμῇ
2247 1696 2348 1765 τῆς
2378 1695 2596 1766 ἡλικίας
2633 1697 2875 1765 Χοσρόου
2926 1702 3060 1764 παῖς
3090 1702 3398 1767 καθεστὼς,
3440 1703 3670 1773 ἕτοιμος

397 1759 559 1843 dictis
617 1759 799 1843 Caesar
835 1787 1077 1843 Nadoem
1139 1759 1364 1852 dimisit,
1431 1800 1531 1841 nec
1608 1786 1781 1841 multo
1852 1795 1974 1856 post

2078 1759 2162 1854 ιίη
2196 1759 2312 1854 ἀφ’.
2346 1759 2486 1858 ὅπερ
2532 1759 2601 1842 ἀν
2646 1759 2851 1853 ἑκείνος
2876 1759 3139 1864 ἡγήσοιτο
3165 1759 3399 1849 ἕπεσθαί
3432 1797 3513 1859 oi,

395 1881 664 1949 delegavit
732 1881 799 1935 ad
839 1888 1019 1950 partes
1094 1878 1360 1944 Orientis,
1432 1878 1523 1947 qui
1572 1877 1973 1934 controversias

2078 1875 2187 1930 εἴτε
2225 1875 2295 1931 τὰ
2322 1877 2448 1949 ξίφη
2484 1877 2729 1948 βούλοιτο
2763 1882 2874 1935 εἴτε
2922 1882 3024 1954 τὴν
3066 1884 3322 1956 ἡσυχίαν,
3360 1886 3669 1956 ἀκολουθῇ-

396 1983 659 2043 ponerent
682 1983 734 2027 ct
758 1988 883 2029 cum
940 1973 1100 2043 120
1140 1972 1425 2026 Persarum
1450 1970 1785 2041 principibus
1828 1983 1970 2025 con-

2078 1985 2215 2022 σειν.
2285 1969 2647 2043 ’Δποπέμψας
2696 1970 2791 2027 οῦν
2842 1975 2936 2030 ἐπὶ
2973 1978 3203 2031 τοιοῖσδε
3247 1978 3341 2032 τὸν
3378 1978 3621 2047 Ναδὼην
3644 1980 3673 2032 ὁ

396 2064 663 2121 venirent.
711 2062 952 2118 Fuerunt
998 2078 1125 2117 vero
1176 2061 1269 2131 qui
1326 2061 1477 2117 missi
1530 2071 1658 2118 sunt
1709 2075 1738 2114 a
1771 2059 1973 2113 Roma-

2078 2061 2295 2133 Καῖσαρ
2332 2062 2435 2116 οὐκ
2473 2065 2531 2127 ις
2564 2064 2785 2136 μακρὰν
2819 2067 2915 2122 καὶ
2957 2067 3120 2132 αὐτὸς
3159 2069 3369 2123 ἔστειλε
3395 2071 3549 2125 κατά
3575 2070 3671 2141 τὴν

396 2151 483 2206 nis
520 2150 864 2217 Theodorus,
916 2151 1061 2205 Petri
1124 2150 1286 2215 ﬁlius,
1328 2159 1453 2205 ante
1497 2150 1605 2205 dux
1634 2148 1975 2206 numerario-

2086 2149 2261 2221 Ἑῴαν
2279 2152 2406 2216 τοὺς
2438 2153 2498 2207 εῦ
2525 2154 2889 2226 διαθήσοντας
2918 2158 2987 2212 τὰ
3015 2159 3317 2229 ἀμφίϐολα,
3359 2161 3420 2223 ἐς
3472 2160 3671 2213 ταυτὸν

397 2257 541 2309 rum,
611 2252 738 2297 tunc
779 2244 1038 2312 temporis
1109 2243 1492 2299 thesaurorum
1551 2256 1759 2307 comes,
1831 2252 1971 2311 quos

2078 2243 2570 2315 συνελευσομένους
2615 2249 2733 2312 τοῖς
2776 2249 3005 2321 Περσῶν
3037 2252 3323 2322 ἡγεμόσιν.
3378 2248 3572 2307 *Ησαν
3617 2254 3669 2307 δὲ

398 2340 712 2411 largitiones
750 2336 993 2394 Romana
1049 2338 1230 2407 lingua
1287 2346 1485 2393 vocant
1554 2337 1760 2408 (largos
1815 2335 1965 2390 enim

2078 2334 2125 2387 nl
2164 2333 2450 2399 σταλέντες
2505 2336 2781 2409 Θεόδωρος
2826 2342 2856 2394 ὁ
2910 2340 3166 2413 Πέτρου,
3207 2344 3268 2410 ὃς
3317 2346 3429 2401 τῶν
3488 2350 3551 2403 ὲν
3601 2349 3665 2417 τῇ

397 2447 514 2497 eos,
559 2432 650 2504 qui
681 2432 956 2488 liberalius
1002 2447 1095 2487 sua
1127 2431 1478 2501 profundunt,
1518 2429 1699 2485 Latini
1728 2426 1972 2498 vocant),

2078 2424 2217 2497 αὐλῇ
2284 2427 2605 2498 καταλόγων
2658 2431 2770 2502 πρὸ
2827 2432 3024 2488 τούτου
3082 2436 3382 2508 γενόμενος
3442 2439 3666 2513 ἡγεμὼν

396 2523 631 2580 Joannes
694 2534 753 2613 et
803 2521 996 2579 Petrus
1065 2523 1223 2578 ambo
1288 2523 1606 2579 consulatus
1702 2518 1966 2593 dignitate

2078 2515 2383 2585 τηνικαῦτα
2414 2518 2524 2572 τῶν
2559 2519 2773 2590 βασιλεῖ
2814 2523 3122 2594 ἀνειμένων
3161 2526 3527 2600 προειστήκει
3579 2532 3669 2603 θη-

395 2616 611 2685 ornati;
668 2608 1292 2687 praetereajacharias
1348 2615 1407 2670 in
1459 2613 1733 2685 regiorum
1805 2612 1975 2670 medi-

2078 2608 2339 2681 σαυρῶν,
2383 2610 2442 2663 οἴ
2479 2627 2545 2681 γε
2596 2612 2709 2668 ἀπὸ
2762 2614 2864 2685 τῆς
2916 2615 3203 2686 δαψιλείας
3252 2622 3320 2690 τῇ
3378 2621 3666 2690 Ῥωμαίων

328 2746 339 2761 κ
397 2720 588 2761 corum
621 2721 903 2761 numerum
935 2708 1158 2761 relatus.
1197 2705 1261 2761 Hi
1288 2719 1416 2760 vero
1444 2705 1534 2761 ubi
1559 2703 1975 2763 C‘nstantinam

2078 2702 2588 2775 προσαγορεύονται
2634 2707 2787 2776 φωνῇ
2823 2706 3088 2777 (λαργοῦς
3142 2709 3253 2779 γὰρ
3282 2712 3331 2765 oi
3364 2714 3590 2768 Λατῖνοι
3613 2712 3667 2765 τὸ

398 2797 588 2850 urbem
639 2797 691 2851 in
728 2798 1117 2867 Mesopotamia
1166 2798 1325 2852 sitam
1365 2797 1725 2862 advenerunt,
1774 2798 1963 2856 Μεδο-

2078 2794 2298 2866 δαψιλὲς
2346 2795 2368 2828 ³
2397 2796 2809 2867 ὀνομάζουσιν),
2878 2798 3135 2871 Ἰωάννης
3180 2818 3243 2855 τε
3300 2805 3396 2858 καὶ⁵
3434 2806 3663 2876 Πέτρος.

397 2888 519 2942 der-
586 2888 1099 2958 Sannachoerigam,
1145 2889 1233 2958 qui
1262 2903 1292 2943 a
1321 2888 1562 2944 Chosroe
1600 2890 1655 2943 in
1680 2888 1796 2945 loca
1831 2889 1975 2944 circa

2078 2889 2245 2960 ἄμφω
2272 2890 2340 2960 τῇ
2386 2887 2499 2942 τῶν
2531 2887 2757 2942 ὑπάτων
2796 2890 3158 2961 τετιμημένοι
3203 2893 3353 2965 ἀξίᾳ,
3408 2894 3556 2965 πρός
3607 2910 3665 2961 γε

396 2976 609 3035 Nisibin
648 2988 702 3035 et
750 2979 919 3035 Daras
965 2980 1161 3036 missus
1185 2988 1325 3045 erat,
1358 2988 1764 3050 exspectarunt.
1818 2981 1959 3036 Huic

2079 2982 2175 3035 καὶ
2216 2980 2496 3051 Ζαχαρίας
2558 2981 2617 3037 ἐν
2667 2982 2782 3045 τοῖς
2837 2981 3136 3051 βασιλείοις
3184 2989 3662 3056 καταταττόμενος

399 3070 546 3123 enim
611 3070 824 3140 plenam
898 3071 1047 3140 pacis
1103 3071 1491 3127 conﬁrmanda:
1581 3071 1960 3127 auctoritatem

2082 3075 2312 3148 ίατροῖς.
2346 3074 2412 3128 Οἳ
2459 3074 2525 3145 δὴ
2551 3073 2835 3144 γενόμενοι
2870 3076 2932 3138 ὲς
2964 3075 3391 3131 Κωνσταντίναν
3430 3076 3591 3132 ⁴ιεὸλιν
3621 3074 3663 3141 ⁵,

396 3160 669 3218 Cbosroes
704 3162 1069 3218 commiserat.
1103 3161 1303 3218 Eodem
1360 3161 1475 3217 fere
1523 3169 1768 3233 tempore
1810 3163 1962 3219 Cho-

398 3269 556 3310 sroes
595 3255 874 3311 Asterium
921 3253 992 3328 (is
1035 3265 1153 3311 erat
1191 3270 1330 3311 unus
1361 3270 1429 3312 ex
1459 3257 1806 3326 imperatoris
1829 3257 1975 3325 ludi-

396 3346 572 3414 cibus,
646 3360 787 3417 quos
858 3346 1264 3403 contrascribas
1366 3346 1681 3415 vocaveris)
1752 3346 1974 3412 occidit,

396 3438 525 3506 quia
574 3437 942 3507 deprehensus
983 3447 1085 3503 est,
1147 3438 1277 3492 dum
1316 3436 1564 3503 captivus
1603 3444 1771 3501 esset,
1828 3435 1973 3490 clam

401 3528 609 3583 litteras
675 3526 963 3595 scripsisse
1035 3528 1102 3581 ad
1140 3527 1521 3595 imperatorem
1581 3524 1976 3592 Romanorum,

400 3630 483 3685 ut,
515 3620 643 3675 dum
688 3632 774 3673 res
820 3617 1105 3673 Persarum
1135 3615 1346 3673 atilictae
1393 3625 1596 3684 essent,
1628 3631 1723 3672 eos
1788 3617 1977 3673 adori-

398 3724 572 3768 retur.
647 3710 905 3766 Mebotles
993 3725 1118 3766 cum
1188 3710 1253 3764 ad
1334 3709 1533 3765 limites
1625 3709 1977 3776 accessisset,

398 3813 676 3859 certamen
719 3802 794 3857 illi
844 3816 965 3857 cum
1003 3801 1290 3857 Theodoro
1321 3809 1374 3856 et
1395 3800 1662 3857 Zacharia
1716 3802 1981 3871 imprimis

399 3895 519 3957 fuit,
570 3909 684 3965 quo
729 3894 783 3951 in
830 3894 948 3950 loco
981 3894 1355 3950 convenirent.
1417 3894 1647 3950 Romani
1698 3895 1978 3967 petebant,

406 3995 735 4043 conventum
795 3988 879 4056 agi
921 3986 978 4041 in
1030 3985 1273 4041 ﬁnitimis
1340 3985 1510 4042 Daras
1554 3987 1709 4053 locis,
1782 3986 1981 4056 quippe

398 4092 521 4149 qua
557 4093 657 4134 sua
702 4088 909 4135 essent.
942 4078 1145 4134 Contra
1180 4077 1357 4134 Persae
1388 4078 1665 4144 dicebant,
1724 4079 1978 4148 quando-

399 4169 619 4239 quidem
676 4184 739 4226 ea
804 4172 937 4226 urbs
1003 4169 1124 4239 iure
1192 4169 1319 4225 belli
1392 4170 1654 4228 Romanis
1733 4170 1978 4241 subjecta

398 4271 563 4332 esset,
599 4277 705 4318 non
734 4278 767 4317 a
798 4260 1270 4318 verisimilitudine
1322 4260 1554 4316 alienum
1584 4274 1726 4326 esse,
1749 4274 1971 4316 onmem

405 4360 682 4426 regionem
730 4355 878 4411 circa
935 4354 1083 4409 illam
1134 4369 1324 4410 eorum
1372 4353 1620 4423 partibus
1672 4352 1975 4417 adhaerere,

2079 3166 2179 3236 τὴν
2233 3165 2437 3236 μεταξὺ
2486 3166 2597 3220 τῶν
2636 3164 2936 3236 ποταμῶν,
2990 3167 3259 3237 ἀνέμενον
3308 3168 3661 3238 ἑλευσόμενον

2080 3259 2146 3311 ὲκ
2182 3256 2279 3310 τοῦ
2309 3258 2554 3328 Χοσρόου
2616 3258 2675 3321 ἐς
2730 3256 2801 3311 τὰ
2847 3258 2978 3328 περὶ
3023 3259 3241 3313 Νίσιϐιν
3271 3260 3370 3315 καὶ
3395 3260 3458 3313 τὸ
3486 3262 3664 3329 Δάρας

2079 3345 2350 3417 Meae.qu
2406 3348 2501 3402 τὸν
2546 3348 3023 3419 Σανναθοερύγαν,
3061 3343 3108 3419 ᾧ
3135 3351 3201 3423 δὴ
3240 3351 3303 3405 τὸ
3339 3351 3515 3422 κῦρος
3562 3351 3663 3404 τῶν

2080 3437 2211 3507 περὶ
2255 3437 2356 3509 τὴν
2384 3440 2610 3510 εἰρήνην
2658 3439 2898 3512 ἐπέθηκε
2930 3441 3207 3513 Χοσρόης.
3251 3442 3392 3497 Κατ’
3419 3443 3590 3497 αὐτὸν
3610 3440 3661 3493 δὲ

2078 3525 2173 3579 τὸν
2203 3526 2395 3597 χρόνον
2426 3530 2527 3583 καὶ⁹
2562 3529 2865 3601 Ἀστέριος,
2896 3528 2979 3594 εἷς
3012 3530 3122 3586 τῶν
3145 3532 3436 3603 βασιλείων
3462 3533 3663 3601 διαιτη-

2078 3618 2208 3687 τῶν,
2239 3618 2335 3684 οὒς
2362 3620 2428 3690 δὴ
2453 3622 2825 3693 ἀντιγραφέας
2864 3624 3266 3691 ἀποκαλέσοις,
3318 3625 3660 3698 δορυάλωτος

2078 3709 2156 3767 ὢν
2212 3712 2456 3786 ἀνῃρέθη
2500 3714 2609 3769 ὑπὸ
2653 3716 2919 3788 Χωρόου,
2971 3718 3248 3789 φωραθεὶς
3300 3718 3375 3782 ὡς
3423 3718 3662 3789 κρύϐδην

2082 3799 2381 3871 ἐγεγράφει
2429 3801 2641 3872 βασιλεῖ
2688 3803 2799 3858 τῶν
2834 3804 3137 3876 Ῥωμαίων
3180 3806 3465 3862 ἐπιθέσθαι
3498 3818 3658 3862 κεκα-

2081 3890 2354 3962 κωμένοις
2386 3892 2482 3949 νῦν
2528 3892 2791 3966 Πέρσαις.
2836 3895 3100 3951 Μεὸώδου
3133 3896 3192 3950 δὲ
3237 3897 3579 3967 ἀφικομένου
3605 3896 3661 3948 ἐν

2079 3983 2195 4045 τοῖς
2228 3982 2402 4054 ὁρίοις
2436 3984 2643 4054 ἆμιλλα
2694 3987 2796 4056 μέν
2846 4002 2935 4050 τις
2963 3988 3157 4056 γέγονε
3202 3986 3471 4058 πρότερον
3513 3984 3659 4053 αὐτῷ

2080 4090 2142 4127 τε
2175 4073 2274 4128 καὶ
2324 4078 2437 4140 τοῖς
2483 4077 2631 4147 ἀμφὶ
2662 4076 2928 4149 Θεοδώρῳ
2960 4080 3055 4133 καὶ
3095 4080 3346 4152 Ζαχαρία
3389 4080 3527 4151 περὶ
3572 4076 3657 4131 τοῦ

2078 4169 2205 4223 ὅποι
2232 4168 2352 4224 δέον
2388 4171 2719 4241 ποιήσασθαι
2744 4170 2846 4241 τὴν
2871 4169 3203 4238 ξυνέλευσιν.
3254 4169 3524 4242 Ῥωμαῖοι
3568 4169 3657 4240 μὲν

2080 4258 2192 4327 γὰρ
2216 4256 2403 4327 ἠξίουν
2427 4259 2487 4312 ὲν
2518 4261 2633 4322 τοῖς
2659 4259 2910 4314 τελοῦσιν
2932 4261 3027 4313 ἐπὶ
3054 4262 3075 4293 ⁵
3101 4260 3163 4314 τὸ
3192 4262 3373 4331 Δάρας
3416 4260 3655 4332 χωρίοις,

2080 4343 2173 4404 οἷα
2191 4348 2256 4420 δὴ
2282 4349 2505 4414 οίκείοις
2534 4351 2870 4419 καθεστῶσι,
2893 4351 3307 4424 ξυγκροτεϊσθαι
3332 4352 3432 4422 τὴν
3462 4352 3657 4419 ἐκκλη-

408 4424 584 4517 neque
644 4448 755 4505 illic
797 4448 865 4503 ad
914 4445 1237 4518 colloquium
1301 4446 1593 4501 convenire
1696 4453 1974 4514 oportere,

2084 4442 2207 4497 σίαν
2227 4456 2244 4473 ⁹
2285 4441 2428 4514 ἀτὰρ
2466 4444 2515 4496 οι
2543 4443 2755 4514 Πέρσαι
2782 4443 3043 4514 ἔφασκον,
3080 4443 3205 4498 ἐπεὶ
3229 4445 3263 4513 ἠ
3293 4443 3450 4507 πόλις
3479 4443 3657 4503 αὐτοῖς

405 4542 533 4609 quia
579 4541 803 4595 minime
826 4540 975 4609 regio
1006 4539 1093 4593 illa
1135 4547 1282 4593 esset
1321 4538 1464 4592 inter
1500 4536 1803 4592 limitaneas
1841 4550 1973 4592 cen-

400 4630 595 4685 senda.
638 4628 767 4682 Post
802 4628 957 4693 'ltaec,
1000 4626 1103 4697 (sic
1143 4627 1287 4681 enim
1340 4627 1587 4697 utrisque
1627 4625 1848 4697 visum),
1907 4626 1975 4680 ad

398 4721 823 4790 colloquendum
891 4728 1269 4775 convenerunt
1320 4721 1375 4775 in
1417 4718 1558 4784 loco,
1624 4720 1717 4790 qui
1777 4718 1977 4776 dicitur

398 4815 680 4880 Atraelon,
703 4821 758 4870 et
787 4828 910 4871 cum
942 4813 1046 4869 illis
1079 4828 1295 4884 quoque
1327 4813 1633 4884 reipublicae
1689 4816 1977 4884 utriusque

395 4906 689 4976 principes,
744 4906 836 4977 qui
882 4921 978 4961 eas
1048 4906 1298 4976 regiones
1362 4905 1693 4961 incolebant.
1777 4906 1893 4963 Illic
1922 4908 1975 4963 in

400 4999 637 5054 medium
677 4998 1109 5070 proposuerunt,|
1128 5012 1262 5067 quas
1304 4997 1444 5052 ultro
1488 4998 1736 5067 citroque
1783 4998 1978 5054 existi-

400 5090 628 5145 mabant
652 5091 852 5145 habere
870 5104 929 5146 se
955 5088 1446 5160 mutuoaccusandi
1468 5104 1684 5156 causas,
1705 5104 1824 5160 quin
1845 5089 1981 5144 alter

398 5182 632 5251 populus
666 5183 821 5239 alteri
861 5182 1057 5236 damna
1094 5180 1400 5247 intulisset,
1443 5192 1536 5236 aut
1565 5180 1762 5237 bellum
1795 5180 1977 5238 facere

400 5282 853 5345 praeoccupasset.
908 5271 1093 5343 Itaque
1120 5286 1244 5329 cum
1288 5272 1505 5343 utrique
1535 5272 1717 5342 plures
1768 5285 1982 5328 sermo-

2076 4536 2158 4608 τῷ
2187 4535 2376 4607 θεσμῷ
2411 4535 2507 4589 τοῦ
2547 4534 2788 4607 πολέμου
2818 4536 3113 4607 ὑπεκλίθη,
3160 4537 3262 4591 οὐκ
3295 4535 3405 4591 ἀπὸ
3436 4538 3655 4607 τρόπον,

2077 4629 2175 4683 καὶ
2210 4628 2280 4682 τὰ
2314 4627 2415 4681 ὅσα
2446 4643 2511 4697 γε
2539 4626 2647 4681 ὑπὸ
2677 4630 2777 4696 τὴν
2803 4628 2961 4683 πόλιν
2988 4629 3252 4700 ἁρμόζειν
3276 4628 3483 4693 αὐτοῖς,
3519 4628 3613 4683 καὶ
3637 4624 3657 4657 ⁵

2075 4721 2140 4775 οὐ
2183 4721 2304 4775 δέον
2344 4721 2523 4775 ὲκιῖσε
2554 4719 2818 4789 ξυνιέναι,
2847 4716 2937 4776 οἷα
2973 4722 3048 4794 μὴ
3080 4722 3443 4777 καθεστώτων
3474 4719 3656 4790 ὁροθεο

2079 4814 2211 4869 σίων
2239 4814 2280 4867 ⁷.
2323 4813 2481 4868 Μετὰ
2503 4813 2636 4882 γοῦν
2662 4813 2859 4879 ταῦτα,
2899 4813 3044 4869 οῦτω
3082 4814 3275 4869 δοκοῦν
3324 4814 3654 4887 ἀμφοτέροις

2072 4907 2188 4970 τοῖς
2222 4905 2436 4978 μέρεσι,
2465 4905 2724 4977 ξυνῆλθον
2765 4907 2825 4961 ἐν
2865 4906 2946 4978 τῷ
2991 4907 3058 4979 δὴ
3084 4907 3369 4979 λεγομένῳ
3416 4905 3651 4977 ’Δθραή-

2074 4996 2217 5064 λων,’
2254 4998 2391 5069 πρὸς
2417 4999 2533 5060 τοῖς
2557 4997 2651 5051 καὶ
2680 4996 2730 5050 οί
2775 4997 3064 5068 ἐπιχώριοι
3094 4996 3353 5068 ἄρχοντες
3386 4996 3653 5055 πολιτείας

2076 5088 2419 5159 ἀμφοτέρας.
2454 5089 2567 5143 Καὶ
2594 5088 2774 5143 τοίνυν
2812 5088 3175 5160 προὺτίθεσαν
3201 5090 3267 5152 ἃς
3294 5089 3317 5122 ⁸
3349 5105 3415 5159 γε
3455 5088 3651 5159 samu-

2080 5181 2174 5235 θεν
2200 5180 2370 5252 ᾤοντο
2391 5181 2510 5236 κατ’
2539 5179 2786 5252 ἀλλήλων
2816 5181 2916 5246 τάς
2941 5182 3219 5245 πολιτείας
3243 5182 3263 5213 ⁹
3290 5180 3438 5252 ἔχειν
3458 5179 3651 5241 αίτίας,

2078 5270 2155 5337 ὡς
2185 5274 2284 5344 τῆς
2319 5272 2514 5344 ἑτέρας
2564 5271 2668 5343 τὴν
2721 5272 2917 5345 ἑτέραν
2960 5273 3123 5330 ἅδικά
3152 5289 3213 5327 τε
3266 5275 3361 5327 καὶ⁹
3398 5274 3502 5343 οὐχ
3536 5273 3650 5325 ὅσια

1665 5450 1901 5508 νΑΙιιιλΕ
1940 5446 2339 5508 LECTIONES.

386 5628 421 5668 ν-
470 5588 522 5668 νὴ
547 5593 745 5668 ὃςμτῆς,
792 5595 882 5663 Η.,
922 5597 1071 5661 ὅστις
1104 5595 1251 5668 vulg.
1330 5596 1348 5630 ¹
1385 5596 1471 5660 τίς
1524 5594 1638 5668 ἄρα
1695 5593 1940 5668 πολιτεία
1977 5594 2069 5668 H.,
2103 5589 2843 5668 fﬁcﬁpamoitrsiaivulg.
2866 5660 2878 5668 ι
2922 5591 2943 5622 ³
2977 5588 3140 5668 certe
3171 5587 3261 5668 li.,
3296 5587 3481 5668 αὐτοῖς
3514 5585 3646 5668 vulg.

399 5662 570 5735 [τοὺς
603 5662 845 5735 δαψιλεῖς
892 5668 1037 5735 conj.
1065 5668 1128 5721 N.

402 5731 527 5787 Par.
603 5734 923 5805 τόροθέσιον
983 5731 1124 5807 vulg.
1201 5736 1315 5800 l'Et't;
1366 5738 1450 5808 B.,
1501 5736 1575 5801 ὥς
1632 5738 1775 5809 vulg.

1237 5660 1700 5737 ‘vaacavéivou
1750 5666 1909 5719 πόλιν
1950 5666 2050 5737 τὴν
2103 5660 2176 5737 li.
2207 5660 2414 5737 (male).
2461 5666 2481 5697 '
2509 5662 2615 5717 ὑπὸ
2650 5661 2733 5730 Β.,
2795 5660 2888 5715 ἐπὶ
2944 5661 3092 5732 vulg.

3200 5660 3220 5691 ⁸
3252 5659 3342 5712 καὶ
3389 5672 3497 5712 out.
3566 5659 3643 5711 eti.

1852 5738 1873 5769 θ
1900 5732 2016 5807 τῆς
2054 5732 2174 5789 πολ.
2209 5733 2351 5805 vulg.
