2003 3107
166 143 220 176 829

574 147 623 177 DE
640 146 923 180 LEGATIONIBUS
939 149 1117 184 GENTJUM
1134 154 1185 184 AD
1204 155 1394 188 ROMANOS.

1740 164 1792 194 830

168 200 350 235 εἰργασμένης
367 220 374 233 ,
402 202 670 238 παρασπονδησάσης
697 211 726 230 τε
757 203 805 231 καὶ
834 204 970 240 πόλεμον,

1012 213 1053 235 tes
1071 215 1153 244 super
1166 210 1218 239 hac
1230 219 1258 239 re
1267 212 1427 246 jactasseut,
1439 218 1467 241 et
1479 215 1665 250 unusquisque
1675 217 1791 251 abunde,

167 248 257 275 ἄδικον
280 247 422 282 ἑλομένης.
463 248 602 275 Πλείστων
625 248 653 276 δι
679 249 750 277 ὅσων
771 250 902 286 ῥημάτων
924 251 955 285 ἐξ

167 295 268 329 ἀμφοῖν
296 294 352 319 τοῖν
383 294 495 329 μεροῖν,
522 294 561 326 ὦς
584 304 621 330 πη
640 295 747 331 ἔτυχεν,
766 296 955 332 ἐρριμμένων,

168 339 251 374 χύδην
274 347 304 365 τε
321 338 474 374 περιουσῶν
491 339 546 366 τῶν
570 339 758 375 δικαιολογιῶν
782 340 820 376 τῷ
842 341 956 369 ἕκαστον

169 385 271 411 ἐθέλειν
297 385 330 419 τῇ
346 384 406 411 κατ’
431 384 512 411 αὑτὸν
541 385 676 421 πολιτείᾳ,
692 383 736 413 οἷα
752 386 835 419 είκδς,
864 387 955 414 εὐνού-

170 440 268 458 στατον
297 431 393 457 ἑαυτὸν
421 430 580 465 ἀποφῆναι,
616 431 691 463 τέλος
726 432 755 464 ὲς
785 432 955 468 δημηγορίαν

170 476 275 512 πρῶτοι
295 475 424 511 Ῥωμαῖοι
440 477 620 511 κατέστησαν.

207 523 257 550 κδ’.
269 523 329 549 Ὅτι
340 523 363 548 οἱ
374 522 503 557 πρέσϐεις
515 521 687 555 ξυνελθόντες
694 532 723 549 τε
733 524 781 551 καὶ
790 524 829 555 είς
840 523 870 550 ἓν
878 524 956 558 γενόο

173 577 248 604 μενοι
257 567 326 595 κατά
334 568 365 603 δὴ
374 567 408 594 τὰ
417 568 478 603 ὅρια
486 567 595 602 τῆςἝω
604 567 634 600 ἐξ
641 568 800 603 ἀμφοτέρας
809 568 956 604 πολιτείας,

170 614 221 647 τὴν
238 612 351 647 εἰρήνην
367 612 440 642 ὃπως
467 610 648 646 βεϐαιωθῆναι
660 610 719 637 δέον
739 611 956 647 διασκεψάμενοι,

174 657 297 693 γλαφυρά
312 666 343 683 τε
357 658 405 684 καὶ
415 657 524 683 ποικίλα
542 657 651 692 ῥήματα
661 656 772 684 ἔκαστοι
784 657 957 693 ἀπορρίψαν-

171 711 226 736 τες,
239 702 363 734 εἰπόντες
376 711 405 728 τε
421 702 468 728 καὶ
478 702 627 736 ἀκηκοότες
638 701 672 729 τὰ
684 702 734 729 ὅσα
752 704 852 738 χρεὼν,
876 702 956 738 τυχὸν

171 748 264 775 καὶτὰ
275 748 325 774 ὅσα
339 747 377 782 μὴ
395 746 494 782 χρεὼν,
505 746 582 778 τέλος
592 746 709 783 ξυνῆκαν
720 748 746 774 οἱ
754 747 883 783 πρέσϐεις
893 748 957 783 περὶ

172 795 221 829 μὲν
236 793 283 820 τοῦ
298 793 482 828 διαρραγῆναι
496 792 545 824 τὰς
562 792 680 824 σπονδὰς
693 792 736 824 τίς
750 793 838 825 αῐτιος
850 793 896 820 κα)⁸
913 792 956 827 οὒ,

171 839 201 866 τὸ
220 837 320 865 τοιόνδε
336 836 494 871 σιγηθῆναι,
511 836 686 871 διερευνῆσαι
703 836 732 863 δι
747 837 860 872 τρόπον,
870 837 923 872 ὅτῳ
935 837 958 853 ¹⁰

171 883 397 919 ὲμπεδωθήσεται
412 882 445 908 τὰ
470 881 596 917 εἰρηναῖα
616 881 663 908 τοῦ
687 881 781 909 λοιποῦ
801 882 849 910 καὶ
862 883 889 910 αι
905 883 959 919 ἀμ-
974 880 996 910 Β

171 930 300 964 φήριστοι
325 927 459 955 πολιτεῖαι
484 928 646 955 κατάθοιντο
658 964 661 965 ν
673 927 707 955 τὰ
719 927 799 956 ὅπλα.
814 928 903 961 Εὐθὺς
912 926 959 956 οὖν

153 973 301 1010 ,Μεϐώδου
318 974 387 1000 κατά
398 973 449 1005 τὰς
466 972 561 1008 πρώην
578 973 725 1009 Ευνθήκας,
746 974 774 1002 αἶ
791 974 960 1010 ξυνέστησαν

172 1021 219 1047 ἐπὶ
230 1019 277 1046 τοῦ
292 1019 494 1055 αὐτοκράτορος
519 1019 719 1053 Ίουστινιανοῦ,
742 1019 792 1051 τὰς
812 1020 960 1055 τριάκοντα

172 1064 297 1100 χιλιάδας
321 1065 375 1091 τῶν
403 1064 580 1100 νομισμάτων
605 1065 741 1099 φήσαντος
769 1064 868 1100 χρῆναι
895 1065 960 1096 τοὺς

183 1111 337 1146 Ῥωμαίους
348 1111 380 1146 τῇ
393 1110 517 1146 πολιτείᾳ
525 1110 637 1145 Περσῶν
648 1109 823 1138 κατατιθέναι
834 1110 875 1137 ἀν’
887 1109 957 1143 ἔτος,

172 1156 213 1182 ἔτι
244 1165 276 1190 γε
305 1156 358 1191 μὴν
372 1156 554 1191 ἀποχωρῆσαι
584 1155 793 1191 Περσαρμενίας
815 1155 835 1171 ⁸³
854 1163 884 1182 τε
912 1155 960 1182 καὶ

180 1201 310 1237 Ἰϐηρίας,
323 1201 392 1237 πρὸς
409 1201 436 1227 δέ
450 1210 482 1235 γε
498 1200 546 1227 καὶ
558 1201 661 1233 αὐτοὺς
681 1200 746 1232 τοὺς
756 1200 813 1227 ὅσοι
831 1208 863 1235 γε
878 1199 960 1227 αῐτιοι

174 1248 222 1283 τῆς
247 1247 418 1278 ἀποστασίας
450 1246 614 1281 ἀποδοθῆναι
631 1245 737 1281 βασιλεῖ
765 1245 820 1272 τῶν
846 1245 959 1281 Περσῶν

172 1292 333 1328 χρησομένῳ
350 1292 425 1326 σφίσι
439 1293 499 1323 ταῖς
514 1291 717 1327 προσηκούσαις
741 1293 845 1327 φωναῖς
859 1292 891 1320 ¹’.
907 1292 959 1319 Το-

175 1339 262 1366 σαῦτα
291 1339 339 1365 τοῦ
366 1337 496 1365 Μεϐώδου
523 1338 741 1370 κατατείναντος,
768 1339 793 1365 ol
816 1337 871 1365 τῶν
890 1338 958 1365 Ῥω-

175 1385 262 1421 μαίων
275 1385 414 1420 πρέσϐεις,
431 1385 461 1411 τὺ
476 1385 577 1411 τοιόνδε
593 1386 624 1411 ὲκ
650 1384 698 1411 τοῦ
727 1385 867 1420 Καίσαρος
888 1393 960 1419 παρ-

174 1431 308 1466 εγγυηθὲν
324 1431 427 1463 αὐτοῖς,
444 1430 544 1457 αὐτίκα
559 1430 586 1456 οἱ
601 1438 633 1463 γε
648 1429 727 1456 τοῦτο
745 1430 811 1457 αὐτὸ
825 1429 885 1456 οὐδὲ
895 1429 958 1456 τοῦ-

174 1486 244 1512 νομα
257 1476 421 1512 προσίεσθαι
430 1475 535 1511 ἔφασαν
545 1476 595 1510 τῆς
607 1475 727 1511 εἰρήνης,
746 1474 825 1511 εῐπερ
837 1475 883 1502 ἐπὶ
894 1483 959 1502 συν-

174 1523 264 1558 τελείᾳ
278 1522 333 1549 τινὶ
357 1523 403 1549 καὶ
429 1521 477 1548 ἅτε
511 1522 540 1553 ἐς
568 1520 653 1556 φόρου
675 1520 827 1555 ἀπαγωγὴν
854 1521 960 1556 Πέρσαι

174 1567 310 1599 ἐλπίζοιεν
333 1567 492 1603 Ῥωμαίους
506 1567 577 1600 ἕξειν
591 1566 638 1592 τοῦ
674 1565 770 1593 λοιποῦ
781 1574 789 1581 ·
806 1566 874 1601 μηδὲ
906 1566 960 1602 γὰρ

175 1613 318 1646 ἀνέξεσθαι
329 1612 377 1639 τοῦ
392 1612 495 1639 τοιοῦδε
508 1612 554 1638 τὸν
573 1611 700 1647 Καίσαρά
719 1620 746 1638 τι
760 1610 959 1646 παρασχέσθαι,

176 1658 246 1694 μήτε
269 1658 323 1694 μὴν
348 1657 442 1693 ὥσπερ
466 1658 563 1692 ἀμέλει
585 1657 663 1684 ὤνιόν
679 1665 707 1683 τι
718 1655 814 1692 χρῆμα
829 1656 961 1692 πρίασθαι

173 1703 224 1738 τὴν
235 1703 345 1738 εἰρήνην
361 1711 368 1718 ·
386 1702 459 1729 οὕτω
473 1703 506 1735 δὴ
521 1702 575 1737 γὰρ
593 1703 617 1729 εί
632 1701 730 1734 ἔσοιτο,
743 1701 773 1728 οὗ
786 1710 813 1728 τι
828 1699 897 1728 εῐναι
913 1700 962 1736 μό-

178 1758 256 1784 νιμον
267 1749 328 1775 οὐδὲ
344 1748 466 1784 βεϐαίαν.
480 1749 587 1783 Χρῆναι
602 1747 692 1775 τοίνυν
710 1747 854 1783 Ῥωμαίων
867 1747 960 1782 ελεγον

179 1794 203 1819 oi
220 1792 347 1828 πρέσϐεις
357 1793 490 1828 πρότερον
505 1792 552 1819 τοῦ
579 1792 682 1820 τοιοῦδε
691 1792 828 1825 ἀπειπεῖν,
846 1791 918 1819 οὕτω
931 1800 962 1818 τε

178 1839 223 1872 ἐφ’
238 1835 278 1870 οἷς
293 1839 346 1865 δέοι
360 1838 395 1865 τὰ
409 1839 459 1873 τῆς
475 1839 585 1873 εἰρήνης
600 1838 726 1873 προϊέναι
751 1837 961 1872 διασκέψασθαι.

177 1884 233 1910 Καὶ
243 1883 322 1915 αὖθις
334 1884 413 1911 έκατι
426 1884 473 1910 τοῦ
488 1883 591 1909 τοιοῦδε
613 1883 757 1919 τερθρείας
772 1882 860 1916 λόγων
874 1882 962 1917 ἀπερ-

176 1929 311 1964 ριμμένης
335 1929 435 1963 πολλῆς
459 1928 487 1962 ἐξ
504 1929 605 1963 ἀμφοῖν
631 1929 688 1954 τοῖν
717 1929 821 1964 μεροῖν,
848 1928 897 1954 καὶ
914 1926 964 1961 οὐχ

176 1975 373 2011 ὑποχαλώντων
391 1976 419 2001 ἐν
433 1975 503 2010 ἀρχῇ
519 1975 572 2000 τῶν
592 1973 718 2009 Περσῶν,
732 1973 789 2001 ἀλλ’
803 1973 821 2009 ἢ
836 1973 886 2005 τὰς
900 1973 963 2000 ἀνέ-

176 2022 258 2049 καθεν
272 2022 419 2057 τριάκοντα
430 2021 552 2056 χιλιάδας
566 2020 613 2046 τοῦ
642 2019 744 2056 χρυσοῦ
765 2019 932 2055 νομίσματος
947 2019 964 2054 ἢ

177 2066 323 2102 προσάπαξ
338 2066 376 2098 ὡς
393 2066 447 2102 χρὴ
472 2066 543 2101 μέγα
558 2074 583 2091 τι
607 2065 772 2092 καταθέσθαι
783 2064 966 2098 δικαιολογου-

179 2112 280 2146 μένων,
293 2112 323 2138 τδ
337 2111 492 2138 τελευταῖον
506 2110 594 2142 ἔδοξεν
608 2111 622 2136 ό
636 2109 768 2145 Μεσώδης
783 2110 965 2137 ἐπιδεικνύναι

176 2157 258 2192 δῆθεν
273 2156 363 2188 αὐτοῖς
380 2157 412 2183 ὲκ
434 2155 480 2182 τοῦ
511 2156 571 2182 κατ’
587 2155 668 2182 αὑτὸν
693 2155 825 2191 βασιλέως
849 2156 966 2191 γράμμα

1006 263 1060 290 quo
1074 262 1105 284 se
1125 264 1184 285 suae
1216 259 1324 293 patriae,
1340 263 1370 286 ut
1385 259 1509 293 decebat,
1532 266 1667 289 amantem
1683 267 1710 290 et
1730 269 1791 291 stu-

1006 301 1111 330 diosum
1146 303 1314 335 ostenderet.
1332 304 1421 339 justas
1453 305 1586 336 rationes.
1609 306 1707 340 quibus
1729 315 1789 335 eam

1006 352 1129 376 tueretur
1150 353 1179 377 et
1193 349 1360 382 defenderet,
1390 351 1536 385 attulisset,
1565 353 1672 380 tandem
1709 353 1790 388 primi

1006 392 1122 421 Romani
1148 395 1308 423 concionem
1336 397 1407 431 apud
1431 401 1595 425 conventum
1614 398 1779 427 habuerunt.

1041 527 1087 555 24.
1118 527 1164 562 (Δ.
1187 527 1220 556 C.
1245 528 1307 556 577.
1330 527 1389 556 Iud.
1423 529 1468 562 lo,
1489 528 1589 557 Justini
1617 530 1672 567 15.)
1697 531 1791 566 Legati

1006 573 1200 601 convenientes
1231 578 1259 601 et
1297 574 1324 601 iu
1352 581 1435 602 unum
1470 576 1609 610 congressi
1651 576 1684 603 ad
1723 577 1791 605 ﬁnes

1007 617 1128 647 Orientis
1151 618 1185 645 ab
1207 622 1323 652 utroque
1346 625 1439 653 regno,
1468 623 1498 646 ut
1521 619 1693 654 dispicerent,
1716 628 1792 655 quo-

1006 664 1088 692 modo
1114 670 1209 699 pacem
1244 663 1349 691 ﬁrmam
1383 664 1521 696 facerent,
1547 664 1652 693 lubrica
1679 670 1708 692 et
1734 673 1793 693 am-

1009 709 1090 744 bigua
1104 708 1184 737 verba
1201 709 1328 744 utrinque
1352 710 1513 744 emiserunt,
1531 715 1559 738 et
1571 718 1632 746 qua:
1651 711 1703 738 dici
1716 719 1794 746 opor-

1010 753 1250 786 tuit,dixeruntet
1269 753 1423 787 audierunt,
1450 759 1478 782 et
1501 754 1572 783 forte
1595 762 1656 790 qua:
1681 755 1794 783 minime

1008 798 1062 827 dici
1077 798 1241 827 debuerunt.
1273 799 1394 827 Tandem
1411 799 1475 827 illud
1499 800 1649 835 disquirere
1667 807 1794 837 superse-

1009 844 1120 877 derunt,
1149 844 1204 871 utri
1228 844 1329 879 populo
1353 844 1477 880 foederis;
1487 844 1597 872 violatio
1618 846 1792 874 attribuenda

1011 895 1095 924 esset,
1107 894 1135 917 et
1147 891 1281 918 rationem
1295 891 1459 926 investigare
1473 891 1561 918 conati
1573 896 1647 924 sunt,
1658 892 1794 926 quomodo

1010 937 1037 964 in
1049 941 1184 972 posterum
1199 942 1252 971 pax
1266 935 1352 964 iit-mis
1369 936 1447 971 121
1469 937 1692 964 conventionibus
1706 935 1793 963 stabi-

1010 982 1122 1013 liretur.
1148 987 1177 1009 et
1199 981 1317 1010 inimicae
1338 987 1433 1017 gentes
1456 981 1490 1009 ab
1508 982 1591 1010 armis
1612 981 1793 1010 discederent.

1010 1025 1107 1055 Statim
1120 1025 1248 1054 Mebodes
1267 1027 1411 1062 suggessit.
1431 1034 1538 1062 aequum
1559 1033 1631 1060 esse,
1656 1026 1794 1053 Romanos

1008 1070 1126 1107 pendere
1150 1070 1295 1098 Persarum
1331 1071 1485 1106 reipublicae
1514 1071 1659 1107 quotannis
1683 1070 1794 1104 triginta

1011 1117 1095 1145 millia
1111 1124 1267 1145 aureorum.
1296 1118 1342 1145 Sic
1357 1118 1429 1146 enim
1447 1117 1670 1146 conventiouibus
1684 1121 1794 1145 cautum

1008 1169 1088 1196 esse,
1112 1170 1173 1197 quae
1204 1166 1325 1198 tempore
1345 1162 1494 1190 Justiniani
1517 1163 1691 1198 imperatoris
1714 1161 1795 1190 facta

1008 1213 1099 1237 erant.
1128 1208 1263 1237 Praeterea
1284 1208 1472 1237 Persarmenia
1492 1213 1520 1238 et
1542 1209 1631 1237 Iberia
1655 1208 1794 1240 cederent.

1008 1258 1037 1282 et
1056 1261 1151 1282 omnes
1172 1253 1332 1282 defectionis
1355 1259 1482 1282 auctores
1498 1254 1555 1289 regi
1570 1253 1715 1283 Persarum
1735 1254 1797 1282 red-

1008 1297 1115 1331 derent,
1129 1304 1197 1333 quos
1221 1298 1318 1325 merita
1340 1303 1428 1326 morte
1448 1298 1576 1326 alliceret.
1606 1297 1669 1326 Haec
1694 1302 1722 1325 et
1742 1298 1794 1325 alia

1008 1343 1162 1383 huiusmodi
1175 1343 1287 1383 Meb_ode
1302 1348 1482 1379 proponente,
1506 1343 1690 1371 Romanorum
1714 1342 1797 1378 legati

1008 1377 1155 1417 Secundum
1179 1377 1443 1417 Cses'arisrma-udata
1467 1393 1565 1417 contra
1592 1377 1795 1420 disseruerunt,

1009 1437 1037 1461 et
1052 1432 1196 1460 confestim
1212 1433 1421 1467 responderunt,
1445 1440 1475 1461 se
1492 1433 1543 1461 hoc
1560 1440 1594 1460 ne
1615 1440 1665 1468 pro
1688 1431 1798 1460 nomina

1010 1479 1118 1513 quidem
1135 1478 1210 1513 pacis
1222 1478 1377 1511 admittere,
1393 1478 1416 1506 si
1432 1486 1491 1506 cum
1504 1478 1599 1506 tributi
1615 1478 1798 1513 pcnsitatione

1009 1523 1100 1551 Persa:
1111 1527 1254 1557 sperarent
1266 1523 1292 1550 in
1303 1527 1443 1558 posterum
1455 1522 1591 1550 Romanos
1604 1522 1655 1550 sibi
1666 1522 1798 1550 obnoxios

1011 1569 1185 1597 constituere.
1204 1567 1259 1595 Nec
1271 1567 1343 1595 enim
1354 1567 1487 1596 Caesarem
1502 1567 1649 1602 quidquam
1664 1568 1793 1602 pendere.

1012 1621 1100 1648 neque
1115 1620 1221 1648 pacem,
1241 1618 1369 1647 tanquam
1385 1620 1441 1640 rem
1458 1612 1590 1647 venalem,
1606 1620 1695 1640 emere
1710 1613 1798 1646 velle;

1011 1667 1081 1694 quae,
1096 1659 1118 1686 si
1134 1658 1170 1685 ita
1182 1658 1364 1693 contingeret,
1378 1664 1431 1685 non
1445 1657 1490 1685 diu
1508 1661 1691 1692 permaneret,
1707 1663 1799 1691 neque

1012 1704 1090 1731 iirma
1107 1703 1187 1731 foret.
1206 1702 1339 1738 Oportere
1362 1703 1445 1738 igitur
1470 1703 1605 1738 imprimis
1623 1707 1707 1731 totum
1729 1704 1800 1731 hunc

1012 1756 1166 1779 sermonem
1183 1749 1319 1782 omittere,
1336 1752 1392 1776 tum
1406 1748 1526 1781 demum,
1552 1747 1652 1783 quibus
1666 1748 1801 1777 conditio-

1013 1796 1092 1824 nibus
1114 1802 1166 1831 pux
1189 1794 1332 1822 vincienda
1349 1794 1394 1828 sit,
1417 1795 1569 1822 advertere.
1596 1793 1701 1823 Rursus
1719 1802 1801 1830 super

1013 1843 1057 1871 his
1082 1849 1144 1870 cum
1166 1845 1288 1875 utraeque
1309 1845 1400 1875 partes
1425 1840 1453 1867 in
1480 1840 1580 1868 multas
1609 1840 1800 1869 altercationes

1014 1888 1178 1922 erupissent,
1197 1890 1225 1914 et
1239 1886 1329 1914 Persae
1347 1885 1459 1913 minime
1473 1886 1612 1918 cederent,
1638 1885 1685 1913 sed
1702 1885 1802 1913 obnixe

1014 1934 1219 1965 contenderent,
1236 1931 1337 1967 justum
1356 1938 1425 1963 esse,
1446 1930 1585 1957 Romanos
1601 1936 1647 1957 aut
1667 1931 1800 1958 constitu-

1016 1983 1073 2008 tum
1090 1978 1199 2014 triginta
1220 1977 1334 2004 millium
1348 1982 1492 2003 aureorum
1511 1974 1640 2002 tributum
1657 1975 1802 2010 quotannis

1016 2022 1143 2059 pendere,
1157 2026 1204 2049 aut
1220 2021 1302 2049 semel
1318 2027 1442 2055 magnam
1459 2019 1577 2054 aliquam
1592 2020 1715 2054 pecunia
1727 2027 1802 2047 sum.

1016 2078 1099 2104 mam,
1122 2071 1229 2098 tandem
1250 2068 1354 2097 Mebodi
1375 2066 1506 2095 Romanis
1531 2066 1634 2094 litteras
1656 2065 1800 2094 Persarum

1018 2115 1090 2151 regis
1107 2122 1192 2151 nuper
1210 2115 1243 2143 ad
1259 2122 1290 2142 se
1306 2115 1422 2149 scriptas
1439 2112 1585 2141 ostendere
1607 2112 1717 2148 placuit,
1740 2112 1802 2146 qui—

1018 2161 1069 2188 bus
1082 2168 1111 2189 se
1123 2164 1234 2195 propter
1249 2159 1366 2187 Caesaris
1380 2158 1528 2187 amicitiam
1541 2159 1622 2186 etiam
1639 2157 1710 2185 nulla
1722 2164 1803 2191 pecn-

177 2203 242 2237 ἄρτι
258 2202 403 2234 σταλὲν,ἐν
426 2199 448 2236 ᾧ
475 2201 638 2237 περιείχετο,
660 2201 699 2233 ὡς
715 2201 797 2236 χάριν
823 2200 873 2236 τῆς
898 2201 967 2237 πρὸς

1020 2207 1124 2234 uiarum
1145 2206 1236 2233 habita
1258 2206 1363 2232 ratione
1380 2205 1465 2240 aequis
1485 2203 1688 2232 conditionibus
1708 2209 1804 2236 pacem

179 2248 308 2283 Καίσαρα
333 2248 424 2282 φιλίας
449 2247 570 2281 ἀνέξοιτο
602 2246 649 2274 καὶ
677 2246 830 2283 χρημάτων
850 2246 929 2278 ὲκτδς
940 2246 970 2280 ἒξ

179 2294 314 2328 ἰσοτιμίας
324 2294 480 2330 ἀναρρῶσαι
497 2293 518 2309 ³⁸
531 2294 581 2328 τὴν
590 2293 711 2328 εἰρήνην.
720 2292 805 2319 Τοῦτο
815 2292 876 2319 ἐπει
886 2293 923 2328 [οἱ
936 2292 970 2329 Ι⁸]

179 2339 251 2365 κατά
265 2339 313 2374 τὴν
325 2339 449 2374 βασιλίδα
470 2339 651 2374 διεθρυλλήθη
669 2338 759 2371 πόλιν,
784 2337 904 2370 ἅπαντες
924 2338 971 2365 ἁν-

179 2383 376 2420 επτερὼθησάν
382 2393 424 2417 τε,
437 2385 484 2412 καὶ
493 2384 603 2411 ἐδόκουν
614 2383 641 2410 οἵ
652 2392 684 2410 τε
695 2383 725 2410 ἐν
736 2382 809 2410 τέλει
817 2384 864 2411 καὶ
875 2384 936 2416 ὅσος
949 2384 970 2400 ¹³

178 2429 272 2464 ἕτερος
297 2430 390 2465 ὅμιλος
415 2430 465 2465 ήδη
494 2430 625 2465 ἀργήσειν
641 2428 676 2456 τὰ
699 2429 762 2465 ξίφη
778 2429 826 2456 καὶ
842 2429 968 2464 ἐμπεδώ-

178 2482 248 2502 τατα.
264 2475 288 2491 “
305 2475 430 2507 καθέξειν
449 2475 499 2510 τὴν
526 2474 648 2510 εἰρήνην,
662 2475 723 2501 ἐπεὶ
736 2476 751 2501 ό
768 2475 876 2511 Καῖσαρ
899 2476 969 2511 Περ-

180 2521 334 2556 ααρμενίας
357 2529 386 2547 τε
399 2521 446 2547 καὶ
461 2521 494 2555 δὴ
511 2520 629 2555 Ἰϐηρίας
643 2520 727 2555 αὐτῆς
738 2520 900 2556 ἑτοιμότατα
910 2518 967 2557 εἶχε

181 2568 381 2602 παραχωρῆσαι
402 2567 423 2583 ³⁷
443 2566 572 2601 Πέρσαις,
588 2566 745 2601 σαφέστατα
755 2566 969 2602 ἐξεπιστάμενος

179 2611 218 2642 ὡς
231 2611 261 2638 οὐ
278 2611 389 2638 πώποτε
402 2610 543 2638 ἐνδώσοιεν
565 2611 701 2645 τοσαύτης
725 2610 901 2649 ἐστερημένοι
918 2611 969 2646 χώ-

181 2665 240 2691 ρας,
251 2656 311 2683 οὐδέ
327 2665 360 2691 γε
376 2657 400 2683 εί
415 2657 437 2673 ¹⁸
451 2656 548 2693 τελέως
573 2655 763 2690 κατολισθήσοι
784 2656 832 2682 καὶ
851 2655 968 2691 ,ἐξίτηλα

1019 2252 1152 2279 iacturum
1174 2258 1234 2279 csse
1251 2250 1388 2278 indicavit.
1411 2248 1497 2284 Hujus
1520 2248 1561 2277 rei
1578 2249 1649 2276 fama
1677 2246 1807 2275 simulato

1018 2304 1071 2331 que
1083 2297 1116 2323 ad
1142 2296 1242 2330 regiam
1270 2295 1364 2322 urbem
1390 2294 1495 2329 perlata
1521 2298 1573 2326 est,
1601 2299 1695 2320 omnes
1720 2290 1811 2318 laetati.

1018 2345 1082 2369 sunt
1097 2345 1124 2368 et
1140 2345 1249 2367 senatus
1263 2344 1291 2367 et
1312 2340 1400 2375 plebs,
1414 2346 1529 2374 eamque
1545 2338 1635 2365 animo
1648 2337 1804 2372 opinionem

1019 2389 1215 2420 praeceperunt,
1230 2389 1339 2419 tempus
1353 2385 1509 2416 advenisse,
1532 2390 1586 2418 quo
1598 2383 1710 2410 ensibus
1726 2382 1804 2416 quie-

1020 2436 1075 2459 tem
1089 2430 1249 2462 indicerent,
1262 2435 1290 2457 et
1305 2430 1420 2457 ﬁrmiter
1431 2436 1524 2464 pacem
1534 2428 1655 2455 colerent
1668 2437 1675 2454 :
1689 2428 1807 2454 maxime

1022 2484 1084 2505 cum
1098 2475 1190 2503 (ἔπεσι-
1202 2475 1421 2502 Persarmeniam
1436 2479 1463 2501 et
1476 2473 1590 2500 lberiam
1603 2472 1693 2500 Persis
1709 2472 1812 2499 cedere

1022 2525 1133 2558 paratus
1156 2525 1240 2549 esset.
1256 2520 1304 2548 Sic
1325 2520 1398 2548 enim
1413 2522 1559 2553 statuebat,
1574 2520 1681 2551 Persas,
1699 2517 1806 2546 etiamsi

1022 2574 1115 2596 eorum
1135 2574 1179 2594 res
1199 2566 1310 2601 perditae
1323 2565 1420 2593 :forent
1440 2570 1467 2594 et
1491 2566 1524 2593 ad
1549 2566 1661 2593 nihilum
1682 2564 1815 2596 redactae,

1021 2619 1159 2647 nunquam
1177 2612 1328 2647 quieturos,
1345 2612 1474 2647 quamdiu
1489 2611 1532 2639 bis
1552 2611 1633 2639 tantis
1652 2608 1808 2644 regionibus

1021 2658 1204 2693 privarentur.
1232 2656 1374 2693 Principes
1391 2662 1479 2685 tamen
1495 2656 1754 2687 Persarmcniorum,
1778 2657 1810 2681 ct

817 2711 935 2740 VARIAE
954 2712 1157 2742 LEGTIONES.

214 2770 241 2806 "7
255 2770 316 2797 ὅτου
333 2771 405 2806 vulg.

179 2804 461 2840 ἀναθαρρῶσαιῖιηιε.
502 2804 524 2820 ⁸⁵
537 2805 562 2831 οῖ
577 2805 654 2832 uncis
667 2805 776 2832 inclusit

456 2770 475 2786 ¹¹
486 2770 692 2811 Περσαρμενίας
700 2770 744 2803 Β.,
756 2779 790 2811 πε
809 2769 821 2796 ὶ
833 2769 978 2820 Ἀρμενίας
988 2771 1061 2813 vulg.
1110 2772 1132 2788 ¹¹
1145 2771 1259 2808 φωναῖςι
1274 2773 1380 2803 ποιναῖς
1398 2771 1470 2799 con'.
1483 2771 1513 2799 Β.

456 2825 461 2832 .
502 2804 524 2820 ⁸⁵
537 2805 562 2842 οῖ
577 2805 776 2842 unclsrtnclusit
875 2807 885 2821 ⁵
900 2805 1020 2842 iit-regii,
1031 2808 1087 2833 όσοι
1099 2807 1171 2842 vulg.
1212 2807 1233 2823 ¹⁶
1245 2807 1423 2842 ἐμπεδώτατα
1438 2780 1483 2838 ii”
1501 2807 1513 2833 έ

1565 2771 1586 2811 ¹ξ
1593 2770 1760 2811 -ἀναρρὥσαι
1768 2768 1805 2811 _N.

1212 2807 1233 2823 ¹⁶
1245 2805 1423 2842 ἔμπεδώτατα
1438 2805 1483 2838 11.,
1501 2806 1610 2841 έμπεδῶ
1620 2805 1703 2833 ταῦτα
1731 2805 1806 2840 vulg;

179 2837 405 2875 λ’πσρὰχωρῆσαι
430 2837 554 2868 Cantucl.
573 2840 749 2876 παραρρῆσαι
763 2840 847 2875 \'ulg.,
867 2837 1024 2876 παραρῦσαι
1039 2837 1216 2878 Πέρσαςνωε.
1232 2837 1267 2869 ll:
1305 2842 1325 2859 "
1338 2842 1362 2868 εἰ
1376 2841 1445 2875 Va|.,
1467 2842 1483 2877 ἢ
1500 2837 1571 2877 vulg.
