4006 6214
392 290 493 357 831

1248 283 1643 345 EXCERPTA
1681 283 1784 344 EX
1822 281 2252 345 MENANDRO
2291 279 2788 344 PROTECTORE

3537 279 3645 341 832

393 410 486 477 qui
520 407 624 461 illis
654 419 853 477 genere
891 401 1166 471 conjuncti
1199 411 1376 467 erant,
1431 411 1487 456 et
1534 415 1746 466 omnes,
1793 401 1884 470 Qui
1938 416 1968 454 a

2074 397 2247 451 ἔσοιτο
2298 399 2368 452 τὰ
2423 400 2724 470 πράγματα
2758 395 3002 470 Περσῶν.
3045 397 3186 460 Τοὺς
3214 397 3396 468 μέντοι
3427 398 3659 470 γενεάρ-

394 499 575 554 Persis
622 499 688 550 ad
719 494 991 550 Romanos
1020 494 1411 566 confugissent,
1468 494 1618 550 nullo
1663 493 1824 550 modo
1859 503 1968 548 tra-

395 588 597 645 dendos
620 598 741 640 esse
773 585 966 639 statuit
991 601 1006 638 :
1035 584 1145 640 imo
1174 600 1279 639 non
1304 585 1410 640 alia
1443 585 1754 640 conditione
1780 597 1966 653 pacem

395 673 742 736 servandam,
772 674 875 728 nisi
913 673 1145 736 liberum
1174 674 1247 729 sit
1274 673 1668 730 Persarmeniis
1697 684 1750 730 et
1779 673 1966 738 lberis,

393 763 484 832 qui
507 778 658 820 suam
691 764 923 834 patriam
972 764 1313 833 reliquerint,
1337 766 1403 820 ad
1433 766 1798 822 Romanorum
1842 781 1968 836 par-

395 865 476 909 tes
517 857 772 912 transire.
812 856 1022 912 Etenim
1053 858 1236 914 Ctesar
1265 859 1490 912 multum
1523 859 1579 913 in
1617 873 1681 914 eo
1718 872 1968 914 sermone

393 956 643 1005 versatus
679 954 784 1014 est,
834 963 863 1002 a
902 949 1207 1004 Iustiniano
1247 951 1576 1019 imperatore
1613 949 1966 1019 jurejurando

395 1038 556 1095 ﬁdem
599 1041 780 1094 datam
831 1042 988 1110 122
1032 1056 1152 1097 esse
1180 1037 1574 1097 Persarmeniis
1619 1050 1674 1096 et
1721 1042 1825 1106 his,
1873 1042 1967 1112 qui

394 1146 461 1185 ex
492 1130 663 1186 lberia
701 1132 1101 1202 migraverant;
1156 1142 1319 1201 atque
1349 1135 1485 1188 adeo
1517 1134 1692 1202 ipsum
1732 1133 1968 1203 impera-

395 1225 566 1275 torem
594 1222 833 1291 jurasso,
865 1235 1126 1292 quantum
1156 1224 1208 1278 in
1245 1237 1303 1278 se
1332 1235 1498 1290 esset,
1535 1223 1683 1279 omni
1725 1239 1828 1294 cpe
1872 1239 1968 1279 an-

395 1311 660 1379 nisurum,
705 1328 813 1381 quo
843 1321 1068 1378 terram,
1103 1327 1223 1382 quae
1255 1314 1400 1382 ipsos
1429 1315 1659 1379 aluerat,
1696 1314 1799 1369 sibi
1839 1315 1969 1369 sub-

390 1403 591 1472 jectam
624 1404 881 1461 eﬂiceret.
923 1403 1110 1474 Neque
1145 1415 1323 1461 tamen
1369 1408 1414 1461 si
1443 1406 1652 1462 bellum
1691 1405 1760 1461 ad
1806 1405 1968 1460 tinent

395 1510 567 1564 usque
606 1498 902 1566 perducere
937 1512 1042 1552 non
1078 1507 1280 1567 posset,
1327 1497 1646 1554 defectionis
1694 1507 1964 1563 auctores,

395 1599 491 1642 aut
518 1588 609 1658 qui
633 1604 697 1642 ex
725 1603 912 1644 eorum
957 1605 1156 1660 genere
1185 1599 1241 1645 et
1264 1589 1735 1662 consanguinitate
1763 1598 1964 1656 essent,

395 1689 488 1735 aut
518 1680 679 1735 alium
719 1694 1066 1752 quemquam,
1100 1692 1154 1737 et
1187 1691 1261 1736 ut.
1287 1682 1467 1737 omnia
1529 1684 1700 1738 verbo
1729 1681 1967 1752 comple-

398 1779 662 1837 cteretur,
682 1750 772 1842 qui
801 1750 1074 1843 particeps
1105 1773 1412 1841 reipublicae
1439 1773 1698 1828 Romana:
1727 1750 1973 1827 ﬂerivel-
1998 1750 2046 1810 B

398 1862 494 1929 lct,
546 1878 784 1933 unquam
839 1863 1080 1918 deditum
1126 1863 1213 1918 iri.
1271 1862 1438 1919 Grata
1487 1873 1541 1918 et
1581 1863 1824 1933 jucunda
1881 1878 1970 1918 res

394 1954 686 2009 Persarum
726 1955 838 2023 regi
879 1955 1128 2023 contigit,
1159 1955 1430 2010 Romanos
1455 1941 1710 2010 Armenia
1761 1963 1816 2010 et
1855 1954 1974 2009 lbe-

395 2046 475 2098 ria
503 2045 716 2110 cedere,
737 2046 897 2100 modo
925 2047 1113 2100 barum
1148 2046 1427 2116 regionum
1468 2046 1684 2112 incolis,
1712 2060 1820 2114 quo
1866 2045 1976 2101 vel-

395 2134 510 2190 lent
553 2137 634 2190 ire
674 2136 998 2204 habitatum,
1052 2145 1374 2208 potestatem
1423 2137 1648 2194 faceret.
1721 2135 1832 2192 Nec
1856 2138 1975 2193 sine

395 2225 779 2301 ratione,.meo
807 2225 1025 2294 quidem
1044 2225 1274 2294 judicio.
1341 2223 1486 2282 Satis
1527 2228 1672 2282 enim
1724 2237 1972 2293 noverat,

395 2313 586 2385 paucis
625 2318 870 2388 exceptis
907 2333 973 2374 ex
1005 2319 1382 2389 jprincipibus,
1431 2318 1525 2388 qni
1557 2318 1876 2374 defectionis
1907 2319 1975 2374 ad

393 2406 674 2466 Romanos
703 2419 955 2466 auctores
989 2409 1225 2478 fuerant,
1257 2411 1398 2477 fore,
1451 2419 1512 2466 ut
1555 2410 1748 2480 reliqui
1791 2424 1974 2466 arnore

393 2510 450 2555 et
481 2500 753 2558 desiderio
799 2510 956 2558 terrae
997 2501 1201 2558 altricis
1238 2501 1384 2572 capti
1431 2501 1555 2569 (hoc
1592 2501 1738 2556 enim
1779 2510 1972 2556 natura

393 2593 645 2650 omnibus
672 2594 983 2650 hominibus
1025 2595 1269 2649 innatum
1309 2593 1436 2662 est,)
1473 2592 1695 2648 minime
1725 2593 1793 2648 ad
1823 2601 1976 2648 exte-

393 2698 487 2738 ros
547 2685 937 2754 demigrarent.
1009 2685 1067 2740 ln
1139 2699 1290 2754 spem
1349 2685 1522 2751 etiam,
1584 2684 1972 2751 adducebatur,

396 2772 541 2827 bello
566 2774 744 2841 posito
772 2775 826 2829 in
861 2775 1285 2830 commodiorem
1313 2785 1514 2832 statum
1543 2791 1636 2832 res
1660 2775 1976 2834 Persarme—

396 2861 502 2917 nia:
552 2871 607 2918 et
656 2863 848 2920 Iberia:
921 2865 1198 2921 redactum
1262 2865 1348 2920 iri.
1414 2865 1549 2921 Nam
1593 2865 1677 2921 ha:
1729 2866 1976 2937 regiones

393 2963 554 3008 erant
598 2953 841 3011 fecunda:
883 2965 938 3010 et
982 2956 1242 3022 omnium,
1295 2972 1415 3028 qua:
1449 2958 1516 3012 ad
1567 2957 1732 3012 vitam
1787 2973 1976 3015 neces-

395 3048 537 3102 saria
573 3056 723 3114 sunt,
753 3046 985 3114 feraces,
1015 3049 1158 3105 unde
1182 3049 1358 3120 ampla
1385 3049 1584 3106 tributa
1610 3059 1663 3106 et
1695 3051 1972 3122 vectigalia

395 3137 572 3211 culligi
611 3149 879 3209 poterant.
932 3140 1118 3211 itaque
1155 3141 1450 3197 Persarum
1487 3143 1599 3213 regi
1642 3141 1846 3214 placuit
1887 3143 1972 3198 his

396 3231 798 3303 conditionibus
828 3247 858 3286 a
889 3232 1030 3288 bello
1065 3232 1367 3288 discedere.
1406 3233 1487 3288 Ad
1515 3235 1649 3300 haec,
1683 3248 1750 3289 ne
1779 3249 1884 3305 qua
1915 3233 1972 3290 in

394 3330 670 3388 posterum
697 3331 930 3379 restaret
957 3325 1080 3379 belli
1106 3340 1292 3388 causa,
1327 3323 1530 3379 Caesari
1559 3325 1708 3379 venit
1741 3326 1796 3380 in
1825 3341 1975 3380 men—

399 3421 508 3467 tum
533 3415 797 3483 cogitare,
823 3423 883 3469 ut
915 3429 1012 3482 pro
1033 3414 1408 3470 Persarmenia
1436 3424 1490 3469 et
1525 3414 1698 3470 Iberia
1719 3417 1972 3486 oppidum

405 3503 577 3557 Daras
603 3518 634 3556 a
661 3503 842 3558 Persis
875 3503 1115 3559 vicissim
1143 3505 1452 3574 acciperet:
1489 3519 1595 3559 non
1632 3504 1776 3574 quod
1817 3506 1869 3559 in
1908 3519 1974 3562 eo

394 3591 593 3662 oppido
625 3603 890 3662 quaestum
917 3594 1160 3650 faceret:
1210 3610 1334 3650 nam
1362 3593 1496 3651 nihil
1539 3596 1683 3653 aliud
1724 3597 1974 3655 utilitatis

393 3687 497 3744 hoc
522 3687 774 3759 oppidum
807 3690 1029 3761 prabet,
1057 3705 1217 3760 quam
1245 3690 1390 3760 quod
1424 3691 1845 3749 ruunitissimum
1891 3703 1978 3749 est

393 3790 446 3837 et
477 3784 864 3853 propugnaculi
889 3784 1010 3841 loco
1029 3785 1288 3842 Orientali
1305 3785 1536 3841 Romani
1563 3785 1774 3856 imperii
1801 3787 1969 3856 parti:

395 3877 492 3930 sed
540 3875 644 3931 hoc
689 3877 934 3934 adversis
980 3876 1350 3934 Romanorum
1407 3880 1569 3935 rebus
1614 3879 1809 3934 solatio
1854 3894 1976 3936 esse

369 3966 588 4032 'voluit,
613 3969 755 4038 quod
778 3984 876 4024 sua
907 3979 1312 4040 recuperarent,
1344 3971 1504 4026 simul
1528 3981 1582 4026 et
1609 3971 1813 4028 nullam
1845 3971 1974 4028 belli

395 4057 688 4114 scintillam
727 4061 1036 4132 relinquere
1081 4063 1352 4132 cupiebat.
1409 4063 1484 4118 Ea
1523 4063 1589 4118 de
1617 4078 1780 4119 causa
1805 4062 1976 4119 Daras

395 4150 637 4220 recipere
671 4160 762 4207 aut
786 4153 1030 4223 pecuniis
1051 4163 1144 4208 aut
1165 4154 1275 4209 alio
1298 4155 1490 4224 quovis
1520 4154 1680 4210 modo
1701 4155 1973 4211 studebat.

397 4239 590 4299 Pacem
618 4242 784 4311 igitur
813 4243 994 4302 facere
1017 4244 1188 4316 aequis
1214 4245 1640 4313 conditionibus,
1672 4254 1966 4317 antequam

397 4333 534 4388 bello
564 4334 618 4388 in
650 4333 910 4390 Armenia
937 4336 1333 4402 decertaretur,
1363 4339 1603 4403 lubebat,
1633 4345 1692 4395 et
1716 4337 1976 4394 assentie-

2072 506 2172 560 χας
2197 491 2646 562 Περσαρμενίων,
2668 493 2805 548 ἀλλά
2831 491 2940 563 γὰρ
2968 491 3061 546 καὶ
3081 492 3208 555 τοὺς
3227 491 3303 562 τῷ
3330 491 3474 560 γένει
3505 493 3664 562 σφῶν

2071 581 2405 652 ἡνωμένους,
2440 584 2536 638 καὶ
2578 585 2764 649 ἁπλῶς
2788 585 2883 639 τὸν
2928 583 3212 638 ὁντιναοῦν
3244 585 3300 637 οἵ
3317 602 3380 653 γε
3419 585 3663 653 αὐτομο-

2070 672 2335 743 λήσαντες
2375 671 2518 748 ἦσαν
2565 677 2641 742 ὡς
2680 678 3007 749 Ῥωμαίους,
3049 675 3184 740 οὔτε⁴
3219 676 3476 730 ἐκδώσειν
3499 690 3512 704 ⁸
3537 677 3664 731 ἀλλ’

2067 766 2189 820 οὐδὲ
2228 767 2432 840 ἑτέρως
2463 770 2803 841 ἐμπεδώσειν
2847 771 3054 840 ἔφασκε
3099 771 3200 840 τὴν
3230 771 3474 842 εἰρήνην,
3519 769 3663 838 εἴγε

2073 855 2147 928 μὴ
2196 858 2347 912 ἄδεια
2377 859 2555 914 ἔσοιτο
2599 865 2712 926 τοῖς
2763 857 3110 933 βουλομένοις
3132 861 3564 932 Περσαρμενίων
3599 878 3662 915 τε

2069 949 2164 1001 καὶ
2207 949 2453 1021 Ἰϐήρων,
2482 952 2583 1022 τὴν
2627 952 2900 1024 σφετέραν
2949 952 3294 1017 ἐκλιπόντας,
3343 953 3664 1005 ἀνασκευά-

2071 1039 2266 1094 σασθαι
2304 1041 2361 1105 ἐς
2426 1041 2528 1112 τὴν
2569 1043 2880 1113 Ῥωμαίων.
2930 1043 3103 1111 Λόγον
3155 1042 3264 1112 γὰρ
3309 1041 3408 1111 οὐχ
3456 1041 3663 1110 ἥκιστα

2069 1131 2308 1186 ἐποιεῖτο
2330 1133 2499 1187 πολὺν
2528 1135 2556 1186 ό
2580 1135 2799 1207 Καῖσαρ
2821 1135 2928 1189 τῶν
2950 1133 3362 1205 ὀμωμοσμένων
3388 1132 3491 1186 ὑπὸ
3523 1134 3663 1186 Ἰου-

2071 1223 2342 1276 στινιανοῦ
2377 1223 2472 1277 τοῦ
2501 1223 2769 1294 βασιλέως
2795 1227 2907 1287 τοῖς
2943 1223 3378 1293 Περσαρμενίοις
3419 1223 3511 1275 καὶ
3543 1225 3661 1285 τοῖς

2071 1316 2528 1387 μεταχωρήσασιν
2565 1315 2808 1386 Ἰϐήρων.
2851 1314 3293 1385 Ὀμωμόκειγάρ
3317 1316 3344 1367 ό
3376 1312 3657 1384 βασιλεὺς,

2067 1409 2142 1472 ὡς
2169 1407 2396 1461 καθόσον
2428 1401 2540 1460 οἷόν
2569 1407 2627 1459 τέ
2673 1391 2823 1459 ἔστιν
2860 1405 3032 1472 αὐτῷ,
3072 1405 3287 1459 ἅπαντα
3308 1405 3661 1474 ἀνακινήσειν

2067 1500 2289 1570 τρόπον,
2329 1497 2404 1560 ὠς
2433 1497 2500 1550 ἂν
2529 1498 2622 1550 καὶ¹
2654 1483 2823 1567 αὑτήν
2851 1514 2912 1565 γε
2940 1497 3118 1566 δήπου
3155 1496 3256 1565 τὴν
3304 1494 3660 1565 θρεψαμένην

2070 1591 2216 1658 σφᾶς
2249 1590 2539 1658 ποιήσεται
2562 1586 2877 1656 ὑποχείριον
2904 1601 2920 1616 ’
2955 1586 3007 1638 εί
3043 1583 3102 1638 δέ
3130 1601 3194 1652 γε
3218 1582 3347 1655 ἄχρι
3373 1583 3566 1646 τέλους
3595 1581 3659 1634 οὔ

2069 1699 2121 1735 τι
2151 1681 2327 1734 έσοιτο
2357 1677 2584 1742 δυνατὸς
2639 1678 2776 1748 πρὸς
2825 1677 2921 1730 τὸν
2952 1676 3191 1748 πόλεμον
3218 1674 3486 1750 ἀνθέξειν,
3519 1675 3659 1729 ἀλλά

2073 1771 2200 1833 τοὺς
2242 1769 2452 1832 αἰτίους
2512 1769 2609 1838 τῆς
2657 1767 3010 1830 ἀποστάσεως
3067 1765 3318 1829 καὶτοὺς
3344 1764 3423 1835 τῷ
3445 1765 3646 1834 αἵματι

2073 1861 2225 1931 σφίσι
2250 1861 2655 1932 προσήκοντας,
2699 1857 2986 1926 ξυνελόντα
3009 1858 3051 1890 ¹⁹
3082 1857 3141 1912 δὲ
3183 1857 3358 1909 εἰπεῖν
3384 1855 3510 1918 τοὺς
3535 1855 3656 1908 ὅσοι

2074 1951 2354 2023 βούλονται
2402 1949 2719 2021 Ῥωμαῖκῆς
2747 1949 3038 2020 μετασχεῖν
3080 1946 3382 2012 πολιτείας,
3422 1947 3482 2000 οὐ
3531 1945 3656 1998 πώ-

2075 2061 2205 2098 ποτε
2233 2042 2560 2112 ποιήσεσθαι
2591 2041 2864 2105 ἐκδότους.
2912 2037 3123 2094 Ἐδόκει
3155 2039 3212 2094 δὲ
3251 2039 3348 2093 καὶ
3395 2039 3659 2111 βασιλεὺς

2072 2137 2103 2189 ό
2143 2135 2370 2208 Περσῶν
2404 2134 2628 2208 ἥδεσθαι
2667 2135 2761 2188 ἐπὶ
2796 2133 2996 2200 τοῖσδε,
3024 2132 3100 2196 ὡς
3140 2132 3207 2188 ἂν
3242 2132 3506 2202 Ῥωμαῖοι
3553 2132 3658 2203 μὲν

2074 2226 2427 2296 ὲκστήσοιντο
2478 2225 2578 2296 τῆς
2631 2223 3050 2296 Περσαρμενίας
3073 2225 3119 2257 ὀ
3146 2241 3205 2276 τε
3254 2225 3349 2278 καὶ
3387 2223 3655 2294 Ἰϐηρίας,

2075 2317 2326 2382 ἐξουσίαν
2351 2318 2409 2371 δὲ
2442 2317 2608 2380 αὐτὸς
2639 2317 2962 2388 προσνέμοι,
2990 2317 3112 2370 ὅποι
3143 2314 3427 2370 ἐθέλουσιν
3452 2316 3504 2368 οί
3523 2315 3655 2385 τῇδε

2074 2410 2356 2479 οἰκήτορες
2389 2409 2547 2474 ίέναι,
2586 2407 2647 2476 οὗ
2681 2425 2732 2460 τι
2760 2407 2866 2460 ἀπὸ
2907 2407 3106 2478 τρόπου
3164 2422 3230 2475 γε
3267 2400 3445 2476 οἶμαι.
3493 2405 3662 2458 Ἥπί-

2077 2517 2243 2555 στατο
2295 2501 2428 2570 γὰρ,
2475 2499 2616 2571 πλὴν
2660 2498 2950 2568 ὀλιγίστων
2997 2498 3110 2552 τῶν
3153 2499 3212 2552 ὲν
3251 2498 3415 2561 τέλει,
3459 2497 3510 2550 οἳ
3551 2500 3657 2567 τῆς

2075 2589 2437 2653 ἀποστάσεως
2487 2583 2684 2658 ἦρξαν,
2734 2587 2811 2651 ὡς
2864 2587 3043 2650 οὐδεὶς
3083 2586 3510 2658 Περσαρμενίων
3557 2586 3659 2638 καὶ

2088 2683 2341 2755 Ἰϐήρων,
2370 2682 2521 2753 πόθῳ
2552 2683 2650 2754 τῆς
2677 2682 3024 2755 θρεψαμένης
3045 2683 3100 2747 ὃς
3125 2681 3284 2752 φύσει
3309 2683 3419 2746 τοῖς
3441 2681 3659 2751 ἀνθρώ-

2077 2793 2200 2840 ποις
2273 2775 2512 2839 ἑνιζάνει
2568 2793 2626 2829 τε
2699 2775 2794 2829 καὶ
2870 2775 3284 2846 προσπέπηγεν,
3351 2773 3663 2828 ἀνασκευὼ

2079 2885 2224 2921 σοιτο
2246 2868 2291 2898 ’⁸
2333 2868 2391 2931 ἐς
2423 2866 2522 2939 τὴν
2557 2866 2794 2921 ὀθνείαν.
2825 2866 3034 2930 Ἀλλως
3078 2883 3138 2920 τε
3168 2866 3263 2918 καὶ
3288 2866 3406 2936 ἅμα
3432 2865 3659 2936 ήλπιζε,

2076 2955 2170 3011 τοῦ
2200 2957 2440 3027 πολέμου
2497 2957 2852 3028 λωφήσαντος
2886 2958 2944 3008 ὲν
2988 2956 3162 3012 δέοντι
3185 2956 3374 3010 θέσθαι
3408 2956 3477 3010 τὰ
3511 2958 3664 3028 Περ-

2080 3047 2380 3119 σαρμενίας
2401 3064 2461 3101 τε
2495 3047 2590 3100 καὶ¹
2635 3046 2874 3120 Ἰϐηρίας
2894 3065 2908 3080 ·
2939 3047 3053 3101 αἵδε
3076 3045 3186 3118 γάρ
3209 3045 3359 3117 αὐτῷ
3389 3045 3445 3100 αἱ
3474 3047 3662 3116 χῶραι
3733 3077 3742 3086 -

2080 3141 2363 3212 πάμφοροί
2393 3157 2448 3193 τε
2482 3139 2752 3211 ὑπῆρχον,
2777 3140 2873 3192 καὶ
2895 3139 3123 3193 πλεῖστα
3153 3137 3298 3193 ἑσότι
3346 3137 3667 3207 ἐδασμοφό-

2079 3246 2233 3300 ρουν.
2297 3228 2602 3299 Τοιγαροῦν
2652 3227 2740 3282 διὰ
2805 3227 2979 3282 ταῦτα
3033 3227 3300 3298 ἠρέσκετο
3321 3227 3366 3258 ’³
3399 3227 3666 3298 βασιλεὺς

2075 3321 2303 3392 Περσῶν
2332 3323 2426 3376 ἐπὶ
2454 3322 2626 3403 τοῖσδε
2663 3321 2756 3374 τδν
2802 3320 3039 3392 πόλεμον
3089 3319 3448 3393 καταθέσθαι.
3477 3319 3666 3391 Προσ-

2075 3411 2204 3484 ῆλθε
2252 3413 2309 3466 δὲ
2353 3411 2432 3482 τῷ
2482 3412 2726 3483 Καίσαρι
2787 3411 3142 3478 διανοεῖσθαι,
3173 3411 3248 3475 ὼς
3277 3412 3344 3467 ἂν
3372 3412 3432 3466 τὸ
3461 3411 3664 3466 λοιπὸν

2079 3502 2323 3573 μηδεμία
2352 3501 2699 3556 ὑπολείποιτο
2744 3502 2839 3556 τοῦ
2894 3503 3132 3574 πολέμου
3172 3504 3342 3572 αίτία,
3376 3504 3473 3574 τῆς
3513 3504 3666 3574 Περ-

2078 3598 2376 3670 σαρμενίας
2410 3617 2468 3652 τε
2494 3597 2590 3652 καὶ
2627 3598 2869 3670 Ἰϐηρίας
2898 3598 3058 3654 ’ἐκατι
3090 3600 3189 3671 τὴν
3212 3599 3364 3672 πόλιν
3384 3598 3446 3652 τὺ
3468 3598 3664 3669 Δάρας

2076 3690 2230 3762 παρὰ
2263 3690 2414 3760 σφῶν
2457 3689 2870 3763 ἀντιλήψεσθαι,
2909 3691 3110 3761 ἥκιστα
3163 3692 3265 3762 μὲν
3297 3689 3391 3744 τοῦ
3447 3691 3666 3760 κερδα-

2075 3782 2198 3837 λέου
2229 3782 2390 3854 χάριν
2412 3799 2426 3814 ο
2460 3783 2520 3836 οὐ
2552 3782 2660 3854 γὰρ
2693 3782 2755 3853 δή
2785 3799 2840 3836 τι
2871 3783 2934 3835 τὸ
2976 3784 3159 3856 Δάρας
3193 3785 3226 3854 ἡ
3259 3783 3414 3847 πόλις
3457 3783 3516 3847 ές
3540 3784 3669 3836 ἓτε-

2079 3875 2173 3948 ρόν
2224 3893 2279 3930 τι
2307 3875 2636 3949 όνησιφόρος
2663 3875 2697 3946 ἢ
2727 3873 2806 3946 τῷ
2844 3875 3233 3944 ἀσφαλέστατα
3267 3875 3411 3946 ἔχειν
3438 3874 3532 3928 καὶ
3557 3875 3668 3944 τῆς

2077 3966 2187 4020 ὑπὸ
2227 3966 2535 4038 Ῥωμαίους
2564 3965 2706 4038 ἑῴας
2734 3965 2925 4039 ὥσπερ
2945 3984 2997 4020 τι
3021 3967 3203 4038 ἔρυμα
3226 3966 3665 4038 προϐεϐλῆσθαι.

2078 4058 2234 4129 Ἀμα
2263 4058 2359 4114 οὖν
2408 4060 2468 4114 τὸ
2514 4059 2776 4131 ἀτύχημα
2837 4059 3144 4115 ἀκέσασθαι
3211 4057 3540 4129 βουλόμενος
3575 4058 3668 4128 τῷ

2075 4149 2443 4220 ἀπειληφέναι
2485 4151 2793 4222 Ῥωμαίους
2822 4152 2890 4206 τὰ
2916 4153 3113 4218 οἰκεῖα,
3146 4151 3264 4222 ἅμα
3304 4150 3362 4205 δὲ
3409 4147 3503 4204 καὶ
3547 4167 3667 4218 μηο

2074 4240 2204 4297 δένα
2228 4244 2504 4315 σπινθῆρα
2532 4242 2627 4298 τοῦ
2650 4243 2890 4315 πολέμου
2916 4243 3239 4298 καταλιπεῖν
3257 4243 3481 4306 ἐθέλων,
3511 4239 3664 4308 ἔγνω

2075 4332 2458 4389 ἀνασώσασθαι
2487 4333 2549 4387 τὸ
2599 4333 2780 4406 Δάρας
2829 4335 2863 4407 ἢ
2907 4317 3185 4405 χρήμασιν
3234 4332 3434 4405 ἢγοῦν
3479 4330 3663 4400 ἑτέρῳ

394 4423 592 4478 bantur
612 4423 810 4480 Persae.
849 4425 954 4482 Sed
983 4441 1104 4482 cum
1126 4425 1307 4482 Persa:
1350 4425 1463 4495 jam
1503 4428 1556 4482 in
1589 4443 1654 4484 eo
1676 4439 1883 4496 essent,
1909 4437 1969 4485 ut

2074 4425 2265 4497 τρόπῳ
2290 4427 2422 4483 τινί.
2457 4426 2594 4496 Περὶ
2630 4427 2733 4496 μὶν
2767 4425 2861 4481 οὖν
2898 4425 2994 4482 τοῦ
3036 4427 3235 4499 χρῆναι
3280 4425 3339 4493 ἐξ
3383 4425 3666 4494 ἰσοτιμίας

395 4515 657 4572 Romanis
701 4517 957 4588 oppidum
996 4519 1172 4574 Daras
1208 4521 1486 4585 cederent,
1526 4528 1623 4575 aut
1663 4521 1830 4588 nulla,
1880 4533 1974 4580 aut

389 4606 869 4676 quantulacunque
914 4617 1133 4678 accepta
1158 4608 1398 4678 pecunia;
1433 4624 1668 4680 summa,
1713 4612 1874 4668 simul
1907 4628 1972 4670 ac

391 4704 686 4764 constaret,
724 4696 997 4754 Romanos
1025 4699 1282 4753 Armenia
1329 4709 1385 4755 et
1426 4701 1601 4756 Iberia
1646 4705 1969 4772 excessisse,

389 4795 446 4840 et
471 4802 637 4856 quum
683 4788 798 4844 haec
848 4788 1012 4860 legati
1057 4789 1200 4845 inter
1231 4805 1289 4845 se
1328 4791 1718 4863 disceptarent,
1753 4810 1968 4867 pugna-

393 4886 506 4932 tqu
537 4886 621 4934 est
654 4880 705 4934 in
733 4877 1013 4948 Armenia,
1060 4881 1113 4936 in
1140 4897 1244 4952 qua
1279 4898 1455 4954 pugna
1487 4886 1716 4941 multum
1749 4903 1848 4943 sua
1877 4904 1971 4959 spe

389 4971 708 5027 exciderunt
733 4973 1000 5030 Romani:
1038 4990 1164 5028 nam
1194 4975 1320 5030 victi
1347 4976 1584 5047 caesique
1607 4988 1753 5033 sunt.
1783 4978 1971 5049 Itaque

389 5077 512 5118 cum
545 5063 724 5121 Persae
758 5080 828 5121 ex
876 5068 1131 5123 secundis
1185 5069 1300 5124 suis
1351 5068 1513 5124 rebus
1562 5069 1785 5139 spiritus
1829 5085 1975 5125 sum-

389 5157 652 5224 psissent,
700 5173 798 5213 rex
843 5174 1030 5214 eorum
1075 5160 1233 5224 dixit,
1262 5175 1320 5216 se
1351 5177 1627 5231 nunquam
1660 5177 1967 5231 passurum,

390 5247 564 5305 ullam.
581 5251 912 5307 mentionem
937 5252 1002 5308 de
1023 5254 1220 5324 oppido
1243 5255 1412 5312 Daras
1439 5254 1696 5310 Romanis
1724 5253 1968 5309 dedendo

2074 4513 2174 4588 τὴν
2213 4516 2440 4587 εἰρήνην
2481 4517 2790 4588 προελθεῖν,
2821 4517 2953 4587 πρὶν
2987 4517 3020 4588 ἦ
3065 4516 3412 4589 διακριθῆναι
3464 4511 3558 4566 τὸν
3596 4515 3668 4566 ὲν

2086 4605 2351 4680 Ἀρμενίᾳ
2413 4605 2652 4677 πόλεμον
2731 4606 2907 4660 ἐδόκει
2952 4608 3050 4661 καὶ
3089 4605 3371 4671 ξυνέθεντο
3425 4605 3661 4674 Πέρσαι.

2073 4702 2400 4760 Μελλόντων
2436 4699 2494 4754 δὲ
2553 4697 2677 4753 ὅσον
2729 4695 2882 4750 οὔπω
2922 4695 3327 4768 παραχωρῆσαι
3362 4692 3665 4764 Ῥωμαίοις

2073 4794 2170 4850 καὶ
2201 4794 2295 4848 τοῦ
2321 4795 2503 4866 Δάρας
2535 4792 2568 4863 ἢ
2611 4791 2827 4854 οὐδενὸς
2873 4789 2908 4860 ἢ
2939 4787 3070 4858 γοῦν
3100 4787 3378 4858 ὀλιγίστης
3427 4784 3666 4854 χρυσίου

2075 4887 2395 4960 ποσότητος,
2451 4885 2676 4956 εὔδηλον
2726 4884 2771 4916 ’³
2817 4882 2878 4937 ὃν
2925 4882 3191 4954 πρότερον
3263 4877 3670 4950 ἀφισταμένων

2089 4978 2378 5048 Ῥωμαίων
2431 4973 2854 5046 Περσαρμενίας
2917 4975 3013 5029 καὶ
3069 4971 3334 5042 Ἰϐηρίας,
3391 4972 3450 5024 ὲν
3497 4962 3543 5038 ᾧ
3587 4971 3666 5024 τὰ

2069 5067 2248 5121 τοιάδε
2281 5068 2332 5121 οί
2366 5067 2424 5134 ἐξ
2454 5067 2733 5136 ἑκατέρων
2762 5065 3143 5134 διαλεγόμενοι
3174 5064 3222 5096 ’⁸
3258 5061 3542 5135 πρέσϐεις,
3560 5061 3665 5128 γέ-

2070 5176 2195 5229 γονε
2230 5159 2300 5214 τὰ
2327 5161 2470 5215 κατά
2494 5159 2594 5231 τήν
2635 5159 2932 5231 Ἀρμενίαν
2959 5155 3299 5228 ξυμπλοκὴν,
3331 5155 3390 5208 ἐν
3479 5169 3663 5225 προσ-

2071 5253 2398 5318 πταίσαντες
2440 5255 2490 5308 οί
2537 5253 2807 5326 Ῥωμαῖοι,
2853 5252 3110 5324 μεγάλως
3149 5251 3304 5320 παρά
3361 5248 3495 5302 πολὺ
3551 5246 3660 5317 τῆς

1771 5404 2012 5462 νΑῐὶΙᾸΞ
2043 5404 2452 5464 LECTIONES.

465 5551 510 5581 "
533 5549 818 5621 ξυνελόντα
844 5550 900 5604 δὲ
933 5549 1021 5614 Ν.,
1049 5550 1270 5617 ξύνολον
1295 5550 1421 5621 τάδε
1462 5551 1605 5621 vulg.

393 5618 621 5688 dzowro
661 5620 800 5688 vulg.

1711 5554 1756 5585 ’⁰
1799 5553 2212 5624 Περσαρμενίας
2258 5552 2396 5615 νιιιη
2442 5551 2665 5620 Περσῶν
2709 5549 2998 5630 ’Λρμενίας
3039 5547 3187 5672 vulg.
3304 5547 3346 5579 ”
3379 5547 3668 5628 ἀνασκευκ

1719 5623 1918 5672 iocans
1986 5623 2080 5672 τοῦ
2144 5621 2406 5672 Βασιλέως
2437 5622 2576 5672 vuln.
2683 5623 2728 5652 ’³
2756 5620 2975 5672 εῧδηιον
3022 5617 3106 5672 ὃν]
3171 5617 3380 5672 ηλονότι
3413 5634 3557 5672 cont.
3587 5615 3660 5672 Β.

876 5621 920 5650 ²’
951 5621 1220 5692 ἠρέσκετο
1284 5620 1538 5692 βασιλεὺς
1567 5620 1576 5621 ί
1601 5621 1684 5685 B.,
1719 5620 1918 5691 ἤρεσκε
1986 5620 2080 5675 τοῦ
2143 5621 2406 5692 βασιλέως
2437 5622 2576 5691 vulg.
2683 5623 2728 5652 ’³
2756 5620 2975 5690 εῠδηλον
3022 5620 3106 5690 ὃν]
3137 5620 3202 5688 δη

2683 5623 2728 5652 ’³
2756 5615 2975 5690 εὔδηλον
3022 5617 3106 5690 ὃν]
3137 5615 3380 5688 δηλονότι
3413 5617 3557 5686 conj.
3587 5615 3660 5673 Β.

395 5687 438 5717 ’⁸
478 5686 814 5753 διαλέγονται
843 5686 1078 5758 ροιιῇΪυ.
1181 5686 1318 5745 κατᾶ
1343 5709 1390 5746 τ.
1438 5693 1514 5747 Ἄ.
1547 5686 1830 5765 συμπλοκὴ
1852 5695 1995 5764 conj.
2030 5693 2087 5746 Β.
