2003 3107
165 138 220 170 833

556 136 605 167 DE
625 134 905 167 LEGATIONIBUS
924 134 1102 165 GENTIUM
1122 133 1172 163 AD
1191 133 1381 166 ROMANOS.

1734 136 1788 169 834

167 192 275 223 ἐλπίδος
289 192 318 223 ἐς
333 190 363 217 τὸ
378 188 459 226 ἧττον
473 190 640 225 ὼλίσθησαν.
661 190 705 217 Διὸ
718 190 750 226 δὴ
761 190 816 217 τῶν
839 190 954 224 Περσῶν
967 213 972 221 Α

1016 190 1075 222 Ieri,
1100 191 1172 224 quod
1194 191 1219 217 vi
1237 195 1264 218 et
1278 190 1377 218 virtute
1391 198 1423 218 ex
1437 191 1574 219 communi
1591 191 1654 219 belli
1668 192 1726 228 lege
1742 201 1788 221 ce-

167 239 227 269 ταῖς
267 237 435 270 εὐπραγίαις
464 236 638 271 ἐπηρμένων,
668 237 682 262 ὁ
716 236 790 270 σφῶν
827 235 953 271 βασιλεὺς

167 284 287 317 ἔφασκεν
302 283 370 313 ὅλως
391 282 454 316 περὶ
470 282 499 307 rh
513 281 562 316 τὴν
579 282 656 308 πόλιν
672 281 702 307 τὸ
724 282 813 316 Δάρας
833 281 953 308 ἐνδοῦναι

174 329 320 364 Ῥωμαίοις
336 329 373 364 μὴ
386 328 545 360 ἐνδέξασθαι
557 328 634 361 λόγον
648 328 718 354 τινά.
735 328 819 358 Αὐτὸς
840 328 888 362 μὲν
901 327 955 361 γὰρ

170 374 242 402 κατὰ
257 374 302 401 τὸν
319 374 407 400 κοινὸν
423 373 471 399 τοῦ
490 373 609 407 πολέμου
628 372 730 407 θεσμὸν
743 372 765 387 ⁸³
780 372 826 407 βίᾳ
849 371 896 397 καὶ
910 372 956 398 δυ-

170 421 252 454 νάμει
267 420 367 452 ἐξελεῖν
384 420 429 446 καὶ
453 418 678 454 προσκτήσασθαι
696 418 725 444 τὸ
739 419 829 453 Δὰρας
843 418 956 453 ἐπισχυ-

172 465 282 499 ρίζετο·
298 465 360 496 τοὺς
374 464 401 490 δέ
416 473 447 498 γε
470 464 622 499 Ῥωμαίους
642 464 853 499 Περσαρμενίαν
866 472 895 489 τε
911 463 956 488 καὶ

178 509 297 544 ἰὖηρίαν
323 509 475 544 ἀποστῆσαι
491 509 513 524 ’⁵
524 509 813 544 παρασπονδήσαντας,
838 508 907 543 πρὸς
928 508 955 533 δέ

172 563 203 588 γε
216 555 261 581 καὶ
275 554 478 589 ἀφηνιάσαντας
490 555 553 585 τοὺς
568 555 655 590 ταύτῃ
667 554 809 585 οἰκοῦντας
820 554 873 581 ἀπὸ
888 553 955 587 Περ-

174 599 228 625 σῶν
260 599 452 631 ὐποδέξασθαι.
479 600 535 625 Καὶ
563 599 654 626 τοίνυν
679 597 757 630 αὖθις
782 599 795 624 ὁ
817 597 957 632 Βάρϐαρος

173 645 275 680 θρασύς
290 653 319 671 τε
336 645 382 671 καὶ
399 644 524 679 ὑψαύχην
550 642 595 680 ἤν,
623 645 670 671 καὶ
697 645 746 679 μὲν
774 643 819 670 οὖν
835 643 881 669 ἐπὶ
902 643 957 673 τοῖς

173 690 368 724 ξυνενεχθεῖσιν
401 690 562 724 ὲὸρενθύετο
594 691 675 724 μέγα,
698 689 860 715 Ἥπείλειτε
875 688 896 704 ’⁷
912 688 958 714 καὶ

174 736 228 771 πρὸ
243 735 290 762 τοῦ
307 736 425 770 πέρατος
441 736 495 762 τῶν
506 735 590 771 τριῶν
602 735 670 761 ἐτῶν
686 735 737 769 τῆς
757 734 806 769 ήδη
828 733 959 766 ξυνεστιῦ-

176 790 226 815 aq;
242 781 406 816 ἐκεχειρίας,
420 778 453 816 ἧς
467 781 489 796 ’³
504 780 578 812 ἐντὸς
602 780 690 807 ἐδόκει
708 780 758 815 τὴν
779 780 889 815 εἰρήνην
908 779 958 805 ἀνὰ

175 826 224 860 τὴν
233 826 291 852 Ἕω
303 825 326 841 ’³
337 824 486 861 ἐρρῶσθαι,
498 825 532 851 τὰ
543 825 612 851 ὅπλα
625 824 758 860 κινήσειν,
772 824 819 851 καὶ
833 823 893 850 κατ’
907 823 958 850 αὑ-

175 872 224 906 τήν
237 879 268 905 γε
282 871 370 906 δήπου
387 871 438 905 τὴν
451 872 520 904 πρὸς
535 870 610 904 ἣλιον
627 870 771 905 ἀνίσχοντα
787 869 879 904 χώραν
897 868 959 902 ξυγ-

177 916 320 951 κροτήσειν
348 915 393 943 τὸν
424 916 553 950 πόλεμον,
589 916 722 951 πρὸτερον
747 915 960 949 κατατιθέμενον

183 960 329 995 Ῥωμαίοις
342 960 373 986 τὺ
385 960 455 994 ὑπὲρ
475 961 523 995 τῆς
539 960 664 994 τοιαύτης
688 960 834 994 ἀνακωχῆς
849 958 960 994 δεδομέ-

177 1015 221 1032 νον
237 1006 360 1041 χρυσίον,
382 1006 463 1040 ἡνίκα
481 1006 618 1041 Ζαχαρίας
636 1006 649 1031 ὁ
672 1006 763 1040 ἰατρὸς
779 1006 824 1032 καὶ
839 1005 898 1031 τόδε
913 1006 962 1040 ἑμ-

179 1051 302 1084 πεδώσας
317 1052 450 1087 ὑπῆρχεν.
466 1052 589 1085 Ἔφασκε
611 1052 639 1078 δὲ
653 1052 687 1078 τὰ
711 1052 841 1086 χρήματα
856 1050 962 1078 ἀποδώ-

180 1106 237 1124 σειν
250 1098 320 1125 κατὰ
327 1097 463 1131 τοσοῦτον,
476 1098 590 1124 καθόσον
600 1098 707 1124 ἐνέλιπε
720 1099 753 1132 τῇ
768 1097 873 1131 τριετίᾳ
886 1105 892 1111 ·
903 1094 962 1123 εἶτα

178 1143 266 1176 οὕτως
292 1144 409 1179 πολέμου
438 1143 609 1178 ἀπάρξεσθαι
625 1144 647 1159 ¹¹³
668 1143 754 1174 αὖθις.
783 1142 890 1177 Ταύτην
916 1140 961 1168 οὖν

178 1190 306 1216 Μεϐὡδου
322 1187 364 1216 οἷα
376 1190 409 1225 δὴ
424 1191 455 1216 ὲκ
468 1190 600 1225 βασιλέως
613 1190 724 1225 Περσῶν
746 1189 962 1223 ἀπαγγείλαντος

177 1236 227 1270 τὴν
244 1235 366 1271 γνώμην,
383 1236 408 1261 oi
437 1236 492 1262 τῶν
511 1236 653 1270 Ῥωμαίων
683 1234 813 1270 ἄρχοντες
839 1233 964 1269 παραϐή-

179 1282 274 1308 σεσθαι
290 1282 310 1297 ³¹
331 1282 381 1317 μὲν
412 1282 466 1308 οἵδε
494 1282 543 1313 τὰς
569 1281 703 1316 ξυνθήκας
724 1281 825 1315 ἥκιστα
851 1280 961 1314 ἔλεγον·

179 1328 306 1363 οὐδὲγὰρ
327 1328 503 1363 ξυντετάχθαι
532 1330 560 1354 ὲν
589 1329 649 1359 ταῖς
668 1327 767 1359 ἐξεῖναι
780 1327 886 1361 θατέρῳ
904 1327 964 1361 βου-

179 1376 285 1411 λομένῳ
299 1376 352 1402 τῶν
366 1377 457 1411 μερῶν
474 1375 490 1411 ἢ
504 1376 525 1391 θ’
538 1375 584 1402 τοῦ
609 1375 720 1409 χρυσίου
754 1374 854 1404 παντὸς
867 1374 883 1407 ἢ
900 1373 965 1406 γοῦν

181 1419 279 1455 μοίρας
294 1420 367 1452 τινὸς
379 1420 416 1452 ὡς
431 1420 480 1455 τὴν
496 1421 703 1454 παρασχόμενον
722 1417 931 1453 ἀναδραμούσης
943 1418 965 1433 ³³

178 1467 376 1503 διαρρηγνύναι
391 1466 440 1498 τὰς
456 1466 581 1497 σπονδᾶς.
599 1466 694 1500 Ὅμως
709 1465 731 1491 δ’
748 1462 794 1491 οὖν
816 1465 880 1499 περὶ
900 1464 963 1490 τού-

1007 237 1090 270 pisset
1105 241 1133 263 ct
1151 236 1323 264 obtinuisset.
1355 237 1491 265 Romanos
1515 232 1594 272 123
1611 245 1675 265 vero
1691 244 1784 266 contra

1007 281 1108 320 hedera
1133 281 1346 309 Persarmenium
1368 286 1396 309 et
1418 281 1534 310 lberiam
1553 283 1587 310 ad
1610 283 1788 311 defectionem

1006 326 1149 359 excitasse,
1171 330 1199 354 et.
1211 333 1303 353 earum
1320 326 1457 360 regionum
1473 326 1585 360 incolas,
1610 328 1655 362 qui
1669 336 1684 355 a
1699 327 1790 356 Persis

1006 371 1178 403 deﬁciebant,
1194 371 1262 398 tueri
1275 376 1301 398 et
1317 371 1465 406 suscipere.
1486 372 1578 407 Itaque
1594 368 1737 401 barbarum
1752 381 1792 402 sec

1007 417 1100 444 cundze
1115 425 1168 448 res,
1188 424 1247 451 qua:
1268 417 1303 444 illi
1320 422 1476 451 evr-nerant,
1489 419 1670 452 superbiorem
1683 424 1709 447 et
1721 419 1792 448 fero-

1007 463 1107 488 ciorem
1123 461 1281 488 reddebant.
1303 462 1454 490 Minabatur
1463 463 1556 495 etiam,
1572 469 1718 500 antequam
1737 470 1792 493 tres

1008 508 1071 534 anni
1088 507 1272 540 elaberentur,
1285 508 1382 542 quibus
1396 508 1509 536 induciae
1524 514 1586 537 tunc
1602 511 1729 545 temporis
1744 506 1793 538 du'-

1008 553 1194 585 rahant,intra
1203 560 1269 587 quos
1286 560 1380 587 pacem
1395 553 1452 581 ﬁeri
1468 561 1515 587 per
1527 555 1665 583 Orientem
1682 555 1792 590 placue-

1009 604 1061 632 rat,
1080 599 1148 631 fore,
1162 602 1191 625 ut
1215 606 1289 625 arma
1319 603 1450 631 moveret,
1464 599 1518 627 imo
1534 605 1561 628 et
1576 600 1674 628 bellum
1695 602 1721 628 in
1739 601 1793 629 0c-

1009 644 1156 672 cidentales
1167 645 1292 679 regiones
1303 644 1415 671 inferret
1428 654 1435 672 :
1455 645 1501 672 sed
1517 646 1592 680 prius
1604 653 1708 678 aurum,
1721 648 1793 680 quod

1009 690 1122 716 Romani
1139 697 1187 724 pro
1203 690 1320 717 induciis
1343 691 1530 725 impetrandis,
1555 698 1624 726 quas
1647 691 1794 720 Zacharias

1010 735 1158 769 pepigerat,
1172 735 1365 768 pependerant,
1382 734 1416 761 ad
1433 734 1564 762 rationem
1581 735 1640 770 ejus
1655 736 1793 770 temporis,

1010 781 1081 816 quod
1105 781 1139 808 de
1159 780 1275 807 triennio
1299 785 1464 815 superesset,
1488 782 1688 813 restituturum,
1708 786 1735 809 et
1757 783 1794 810 ita

1011 834 1039 853 se
1054 826 1152 853 bellum
1166 830 1370 852 renovaturuin.
1393 825 1468 853 llanc
1484 833 1546 853 cum
1562 828 1635 862 regis
1651 828 1793 855 Persarum

1011 872 1174 900 sententiam
1191 878 1252 900 esse
1265 871 1390 899 Mebodes
1407 872 1584 905 renuntiaret,
1611 872 1794 901 Romanorum

1011 918 1158 953 principes,
1184 925 1213 945 se
1236 918 1343 952 quidem
1368 918 1477 946 minime
1501 918 1622 946 inducias
1644 923 1672 946 et
1693 919 1795 947 hedera

1012 970 1230 999 transgressuros
1255 971 1326 997 esse,
1350 965 1495 992 dixerunt:
1526 972 1575 992 nec
1594 969 1702 1000 pactum
1724 973 1796 998 esse,

1012 1017 1042 1039 ut
1064 1012 1156 1039 liceret
1172 1011 1247 1038 alteri
1266 1011 1392 1045 partium,
1416 1011 1541 1039 restituto
1564 1012 1637 1040 omni
1661 1019 1727 1041 auro
1750 1018 1797 1041 aut

1013 1059 1104 1092 aliqua
1117 1057 1176 1092 ejus
1194 1062 1279 1091 parte,
1307 1057 1408 1085 foedera
1424 1064 1561 1092 rumpere.
1593 1057 1631 1086 De
1644 1058 1696 1086 hac
1706 1065 1735 1086 re
1751 1063 1797 1086 ta-

1014 1110 1074 1131 men
1099 1107 1205 1130 secreto
1218 1102 1343 1130 Mebodes
1364 1107 1389 1130 et
1405 1102 1554 1130 Zacharias
1575 1102 1676 1130 ibidem
1699 1110 1800 1131 conve-

1014 1149 1119 1176 n‘entes
1133 1148 1256 1175 collocuti
1274 1144 1471 1175 disseruerunt.
1498 1148 1598 1176 Deinde
1618 1148 1646 1175 lii
1664 1147 1719 1175 duo
1737 1148 1797 1182 viri,

1014 1194 1215 1221 communicato
1236 1193 1359 1226 consilio,
1384 1192 1457 1220 inter
1471 1199 1501 1220 se
1516 1197 1720 1228 proposuerunt,
1740 1200 1800 1228 qua:

1015 1241 1048 1268 ad
1062 1248 1122 1268 eam
1139 1248 1196 1268 rem
1219 1240 1354 1274 pertinere
1377 1239 1608 1267 existimaverunt.
1631 1237 1699 1266 Tum
1716 1239 1799 1266 etiam

1015 1286 1081 1313 alter
1098 1285 1210 1313 alterum
1225 1289 1419 1320 percunctatus
1429 1290 1481 1317 est,
1494 1284 1590 1319 quibus
1601 1284 1800 1311 conditionibus

1015 1331 1088 1359 inter
1104 1336 1247 1366 utramque
1261 1335 1366 1366 gentem
1381 1338 1433 1365 pax
1449 1334 1476 1357 et
1494 1331 1639 1358 concordia
1658 1334 1740 1359 esset.
1767 1331 1801 1358 Et

1017 1377 1144 1406 hlebodes
1156 1381 1347 1405 asseveranter
1359 1376 1512 1410 aliirmarit,
1524 1375 1576 1404 sibi
1586 1376 1612 1403 in
1623 1377 1715 1404 animo
1728 1383 1799 1409 esse,

1016 1429 1075 1456 qua:
1096 1422 1214 1448 maxime
1236 1421 1337 1448 Caesari
1360 1421 1520 1457 expedirent
1543 1429 1702 1457 proponere,
1722 1427 1749 1450 et
1763 1422 1800 1449 illi

1016 1475 1097 1502 quam
1112 1466 1228 1493 maxime
1245 1473 1347 1493 morem
1363 1473 1467 1500 gerere.
1485 1466 1629 1494 Zacharias
1644 1472 1733 1495 autem
1750 1474 1802 1495 ro-

179 1522 234 1540 των
252 1511 330 1544 αὖθις
345 1514 374 1539 ὲν
389 1513 539 1548 ἀπορρήτῳ
565 1512 690 1547 ἀλλήλοις
712 1510 845 1546 Μεΰώδης
863 1519 892 1536 τε
916 1509 964 1537 καὶ

1018 1513 1101 1548 gavit,
1119 1521 1154 1540 an
1170 1512 1227 1540 ﬁeri
1245 1517 1347 1546 posset,
1366 1516 1396 1539 ut
1410 1519 1518 1545 aurum,
1535 1512 1640 1548 siquod
1652 1518 1724 1541 esset
1740 1520 1804 1540 con-

132 1563 141 1569 ’
180 1559 319 1595 Ζαχαρίας
335 1560 362 1586 ὲν
373 1559 411 1594 τῷ
436 1559 510 1594 αὐτῷ
532 1559 720 1594 ξυνερχομένω
739 1556 913 1591 διελεγέσθην
929 1556 964 1587 ³⁵,

144 1621 147 1625 ι
181 1602 399 1640 ὲκοινολογοῦντό
413 1614 442 1631 τε
454 1606 501 1631 καὶ
514 1604 696 1640 προυτίθεσαν
714 1604 748 1630 τὰ
762 1605 811 1631 ὅσα
832 1603 915 1638 ἄμφω
927 1601 966 1628 τὼ

181 1651 262 1687 ἄνδρε
277 1651 362 1686 ᾤοντο
375 1651 473 1686 χρῆναι
486 1651 610 1686 εἰρῆσθαι
620 1659 626 1665 ⁸
642 1650 791 1686 ὲπειρῶντό
818 1658 848 1676 τε
873 1650 967 1684 ἕτερος

183 1697 289 1732 ἐτέρου,
304 1697 378 1728 ὅπως
394 1696 545 1730 ξυνέλθοιεν
555 1697 583 1728 ὲς
597 1696 771 1730 καταλλαγὰς
780 1696 809 1722 αἱ
824 1695 965 1723 πολιτεῖαι.

184 1742 242 1769 Καὶ
254 1742 386 1778 Μεϐώδης
401 1743 450 1778 μὲν
464 1741 628 1778 ἰσχυρότατά
653 1751 711 1774 πως
738 1742 929 1778 ἁπομνύμενος
945 1741 967 1757 ³⁸

184 1786 231 1823 ἦν,
242 1787 280 1819 ὼς
294 1787 417 1823 βούλεται
433 1788 472 1823 τῷ
493 1788 614 1823 Καίσαρι
632 1787 830 1823 χρησιμώτατα
850 1787 968 1820 ἐξειπεῖν

185 1833 360 1869 αἰτήσασθαι,
388 1834 436 1860 καὶ
460 1833 509 1868 μὲν
524 1833 557 1869 δὴ
570 1833 788 1868 ἐπιτηδειότατος
805 1830 873 1858 εἷναί
896 1832 920 1858 οἱ
934 1832 966 1858 ³³.

185 1878 323 1915 Ζαχαρίας
342 1879 370 1905 δὲ
386 1879 419 1912 ³⁷,
436 1879 460 1905 ei
474 1876 529 1905 οἷόν
542 1888 571 1905 τε
586 1879 628 1914 εἴη
646 1879 828 1913 λαθραιότατα
849 1879 897 1904 καὶ
908 1878 970 1912 ἥκι-

185 1933 236 1952 στα
252 1925 467 1960 ἐξεπισταμένου
487 1925 558 1956 τινὸς
576 1925 646 1959 ὑπὲρ
669 1925 717 1959 τῆς
733 1924 836 1954 πόλεως
856 1923 902 1949 τοῦ
916 1923 969 1949 Δά-

187 1978 237 2004 ρας
263 1969 346 2005 ῥητόν
373 1978 400 1996 τι
425 1969 615 2005 παρασχέσθαι
645 1969 765 2003 χρυσίον.
781 1968 916 2003 Ζαχαρίας
942 1968 970 1994 δὲ

186 2016 288 2050 ἔφασκε
305 2015 340 2042 τὰ
357 2015 454 2049 τοιάδε,
479 2015 715 2050 ἐπιτετραμμένον
736 2014 810 2049 αὐτῷ
829 2014 896 2049 πρὸς
922 2013 969 2039 τοῦ

187 2061 336 2096 Καίσαρος,
364 2061 414 2087 οὐκ
443 2062 471 2092 ἐς
489 2061 520 2087 τὺ
536 2061 666 2096 ἐμφανὲς,
682 2060 743 2086 οὐδὲ
766 2060 820 2094 μὴν
836 2059 858 2074 ³⁸
876 2059 969 2094 ἑτέρου

188 2106 405 2142 ὲξεπισταμένου
430 2106 511 2139 τινὸς,
528 2106 545 2141 ἢ
566 2105 720 2140 Μαυρικίου
737 2105 784 2131 τοῦ
801 2103 919 2137 Παύλου,
937 2102 971 2129 τὰ

1019 1564 1127 1587 ventum
1144 1566 1192 1593 pro
1215 1559 1322 1586 civitate
1339 1558 1434 1591 Daras,
1456 1558 1525 1585 clam
1551 1557 1677 1586 omnibus
1702 1562 1730 1586 et
1753 1566 1804 1586 ne-

1018 1605 1092 1633 mine
1116 1605 1142 1632 id
1164 1604 1295 1632 resciente
1313 1603 1474 1632 solveretur.
1501 1603 1646 1631 Zacharias
1659 1603 1727 1631 dixit
1741 1603 1804 1636 hoc.

1018 1651 1080 1686 quia
1097 1658 1111 1677 a
1123 1651 1230 1678 Caesare
1245 1650 1295 1677 hoc
1311 1649 1468 1677 mandatum
1484 1649 1666 1676 occultissime
1677 1649 1729 1676 sibi
1745 1656 1805 1677 cre-

1020 1697 1102 1724 ditum
1118 1701 1186 1729 erat,
1205 1703 1292 1731 neque
1305 1695 1359 1722 ullo
1368 1695 1423 1722 alio
1434 1695 1555 1728 conscio,
1570 1702 1649 1730 quam
1663 1694 1804 1725 Mauricio.

1020 1743 1095 1770 Pauli
1111 1743 1176 1775 ﬁlio,
1199 1742 1243 1777 qui
1259 1741 1358 1770 Caesari
1377 1741 1447 1769 bene
1466 1748 1499 1769 ex
1519 1741 1611 1768 animo
1625 1740 1761 1775 cupiebat,
1778 1744 1807 1768 et

1021 1793 1083 1817 tunc
1098 1789 1230 1823 temporis
1245 1787 1375 1822 principis
1387 1787 1507 1815 rationes
1518 1787 1640 1819 curabat,
1665 1791 1696 1814 ut
1713 1793 1749 1813 ne
1766 1785 1807 1813 ul-

1020 1836 1062 1863 lus
1084 1835 1192 1870 quidem
1211 1834 1382 1868 imperatoris
1399 1833 1548 1860 scribarum
1562 1833 1709 1868 quidquam
1726 1832 1760 1860 de
1773 1839 1807 1860 ea

1020 1889 1051 1909 re
1074 1881 1206 1915 scriptum
1230 1879 1348 1911 haberet,
1369 1886 1425 1913 quo
1439 1877 1555 1906 Caesaris
1571 1878 1684 1905 consilia
1708 1885 1808 1906 secre—

1022 1928 1091 1954 tiora
1106 1929 1208 1953 essent.
1237 1925 1330 1958 itaque
1345 1924 1454 1958 scripsit
1467 1924 1502 1951 ad
1514 1923 1684 1956 Zachariam,
1710 1922 1734 1950 si
1756 1923 1807 1958 ipsi

1022 1972 1146 2000 ltlebodes
1162 1970 1342 2005 polliceretur,
1366 1976 1455 2004 regem
1471 1967 1614 1996 Persarum
1633 1971 1808 2002 accepturum

1022 2016 1149 2052 pecunias
1172 2022 1221 2050 pro
1247 2013 1434 2048 redemptione
1455 2012 1529 2041 urbis
1551 2012 1646 2046 Daras,
1673 2013 1808 2041 Caesarem

1022 2062 1095 2090 nulla
1119 2068 1193 2088 mora
1228 2060 1389 2095 interposita
1420 2059 1564 2095 pecuniam
1604 2064 1808 2087 numeraturum

1023 2116 1095 2136 esse.
1114 2107 1176 2135 Haec
1190 2114 1252 2135 cum
1269 2114 1323 2134 non
1336 2110 1430 2141 aperte
1446 2106 1567 2141 quidem,
1587 2106 1634 2134 sed
1648 2106 1810 2134 obscuriori-

189 2152 307 2187 μάλιστα
319 2153 486 2180 εὐνούστατα
508 2152 545 2184 ὡς
561 2153 582 2168 ³⁹
595 2152 640 2179 τὸν
651 2151 787 2186 ,Καίσαρα
812 2151 928 2186 ἔχοντος,
942 2149 971 2181 ὃς

1025 2155 1076 2182 bus
1099 2153 1188 2181 verbis
1207 2152 1353 2180 Zacharias
1368 2151 1473 2180 Μεθοάί
1500 2151 1643 2184 indicaret.
1669 2152 1810 2187 respondit

188 2199 218 2225 ὲν
230 2197 269 2233 τῷ
279 2197 340 2224 τότε
354 2198 400 2225 τὸν
415 2198 551 2233 βασίλειον
565 2197 663 2224 ἰθύνειν
678 2197 853 2232 ἐκληρώσατο
873 2196 952 2230 λόγον
963 2203 971 2211 ·

1026 2199 1163 2232 Mebodes,
1182 2198 1249 2226 nihil
1264 2198 1314 2226 sibi
1331 2205 1347 2225 a
1360 2205 1423 2233 rege
1437 2197 1580 2226 Persarum
1595 2198 1628 2225 de
1641 2204 1672 2225 ea
1686 2204 1716 2225 re
1730 2204 1810 2225 man-

188 2244 259 2271 ῶστε
272 2244 367 2279 ἀμέλει
384 2244 452 2280 μηδὲ
471 2244 541 2279 πρὸς
566 2244 620 2270 τῶν
637 2243 780 2279 βασιλείων
795 2241 924 2278 γραφέων
938 2240 972 2266 τὰ

189 2291 254 2325 περὶ
269 2290 316 2316 τοῦ
327 2290 430 2317 τοιοῦδε
443 2289 607 2326 γεγράφθαι,
622 2290 661 2324 τῷ
682 2289 753 2324 μάλα
764 2289 792 2315 ὲν
806 2287 972 2323 παραϐύστῳ

189 2334 259 2362 εἶναι
281 2336 315 2363 τὰ
339 2336 539 2371 βεϐουλευμένα
554 2335 592 2371 τῷ
615 2335 744 2370 Καίσαρι.
771 2335 874 2370 Γράφει
891 2333 913 2359 δ’
927 2331 972 2359 οὖν

190 2383 326 2418 Ζαχαρίας
344 2383 377 2415 ⁸⁸,
392 2383 430 2414 ὠς
446 2383 534 2413 εἴποις
550 2383 581 2408 σὺ
592 2381 725 2416 Μεὸώδης
738 2380 824 2415 λύτρα
835 2380 915 2414 δῆθεν
925 2377 972 2405 τοῦ

190 2417 280 2462 Ᾰάρσις
295 2428 340 2454 τὸν
356 2427 470 2463 βασιλέα
484 2426 650 2462 κομίσασθαι
677 2425 800 2461 Περσῶν,
819 2425 893 2460 αὐτῷ
912 2433 973 2450 πει-

191 2474 322 2508 σθήσεται
337 2476 351 2501 ὸ
362 2476 471 2510 Καῖσαρ
484 2475 517 2501 τὰ
536 2475 666 2510 χρήματα
690 2473 866 2509 καταθήσειν,
880 2472 928 2499 καὶ
943 2471 975 2507 δὴ

190 2519 241 2545 οὐκ
253 2520 282 2551 ὲς
298 2520 443 2555 ἀναϐολήν.
461 2520 554 2547 Ταῦτα
570 2520 659 2546 τοίνυν
676 2519 822 2555 Ζαχαρίου,
837 2519 861 2544 εἰ
880 2517 928 2545 καὶ
938 2518 975 2552 μὴ

191 2566 353 2601 ἀναφανδὸν,
370 2566 594 2602 ὑπαινιττομένου
622 2566 650 2592 δὲ
677 2566 751 2601 ὅμως
782 2564 821 2600 τῷ
845 2562 974 2599 Μεὸώδῃ,

1027 2247 1128 2279 datum,
1158 2252 1244 2279 neque
1268 2244 1378 2272 omnino
1401 2251 1492 2279 regem
1508 2243 1592 2271 Daras
1617 2251 1666 2279 pro
1686 2243 1811 2279 pecuniis

1026 2291 1131 2320 restitui
1143 2298 1286 2325 passurum
1298 2297 1369 2318 esse.
1383 2289 1566 2318 Nihilominus
1579 2295 1668 2318 tamen
1678 2294 1811 2318 conventa

1027 2345 1070 2365 res
1080 2341 1119 2365 est
1132 2337 1326 2372 etquibusdam
1336 2336 1496 2372 iuramentis
1506 2337 1572 2365 tides
1582 2336 1718 2371 praestita:
1733 2335 1812 2371 124

1028 2382 1050 2409 si
1064 2383 1269 2414 conventioncs,
1292 2386 1322 2408 ut
1345 2386 1409 2414 tunc
1433 2389 1463 2408 se
1487 2381 1632 2414 habebant,
1657 2385 1809 2412 manerent,

1029 2434 1119 2462 regem
1136 2427 1264 2461 deinceps
1279 2426 1378 2454 Caesari
1395 2426 1494 2461 petenti
1511 2426 1597 2454 Daras
1623 2431 1752 2461 tanquam
1767 2433 1812 2461 pe-

1030 2473 1130 2501 culiare
1145 2472 1246 2499 donum
1264 2472 1435 2499 traditurum.
1456 2471 1513 2504 Qua
1531 2471 1557 2498 in
1574 2478 1603 2499 re
1619 2472 1687 2499 satis
1699 2479 1813 2506 appare-

1030 2519 1085 2550 bat,
1101 2524 1162 2545 eum
1176 2517 1287 2544 minime
1299 2515 1431 2544 salutaria
1445 2516 1566 2544 Romano
1578 2515 1689 2551 imperio
1700 2516 1812 2547 sentire,

1030 2569 1056 2592 et
1072 2571 1131 2599 quae
1147 2571 1161 2590 a
1174 2570 1237 2591 vero
1250 2562 1442 2596 abhorrebant,
1466 2562 1565 2591 dicere.
1593 2561 1660 2590 Nam
1672 2569 1707 2590 eo
1721 2561 1810 2589 tende.

841 2631 957 2660 VARIE
975 2631 1180 2660 LECTIONES.

229 2696 252 2713 "
271 2695 509 2732 θεσμὺνγςσῐινιοςι.
527 2695 627 2732 θερμὸν
656 2693 728 2732 vulg.

176 2733 231 2769 -ἓω
245 2729 341 2767 vulgi-
357 2731 380 2747 ³⁸
393 2729 569 2765 ἀπάρξασθαι
583 2729 654 2764 vulg.
691 2729 714 2773 ’ξ
731 2729 887 2788 παρασὴθσαι

194 2768 298 2792 μούσης
322 2766 397 2792 vulz.
448 2765 471 2781 ”
486 2765 661 2792 διελεγέσθην
684 2763 726 2792 Β..
748 2762 835 2789 διελέσ
853 2770 887 2792 ην

215 2770 298 2802 ούσης
322 2770 397 2801 vulg.
448 2770 471 2781 "
486 2770 661 2799 σιελεγεσυτν
684 2770 726 2795 15;,
748 2770 851 2789 οιεΛεσυ

192 2776 214 2819 ﬁ
231 2802 295 2829 Post
308 2801 337 2828 δὲ
355 2801 406 2828 ins.
422 2801 504 2836 ἡρετο
518 2800 548 2828 Ν,
570 2799 613 2835 εἴη
626 2781 671 2831 Pl,
700 2800 723 2825 εί
740 2798 812 2833 vulg.
851 2770 872 2813 Ε

193 2838 219 2863 εἰ
235 2837 306 2871 λέγοι
324 2845 366 2863 σοι
379 2835 448 2863 Μεῦ.
464 2835 496 2863 Ν.

768 2692 792 2708 ’⁵
808 2691 951 2726 ἐπιστῆναι
981 2690 1056 2726 vulg.

691 2726 716 2745 ’ἶ
731 2726 956 2762 παρασήσασθαιλ
969 2726 1041 2762 vulg.

913 2760 998 2794 vulg.,

888 2796 941 2832 μὴν
956 2795 1015 2823 Val.
1034 2796 1125 2832 μεῖναι
1154 2795 1226 2831 vulg.

1093 2692 1115 2707 ’⁷
1126 2699 1155 2717 τε
1170 2690 1213 2724 B.,
1228 2690 1256 2717 δέ
1270 2698 1299 2716 τε
1315 2689 1386 2724 vulg.
1427 2689 1449 2705 ’⁸
1458 2686 1492 2750 ig;
1508 2689 1549 2721 3.,
1564 2688 1606 2731 ei;
1618 2689 1690 2724 vulg.
1729 2689 1751 2706 "
1766 2689 1815 2724 τῆς

1093 2727 1101 2741 ¹
1112 2726 1129 2750 ἦ
1154 2725 1198 2750 Β..
1226 2726 1258 2750 ὲκ
1271 2725 1345 2750 vuln.
1382 2724 1405 2740 ⁸³
1417 2724 1468 2750 ἀνα
1485 2733 1625 2750 ῡαμουσηε
1641 2721 1709 2750 Val..
1730 2725 1814 2750 ἄνδρα

1078 2726 1101 2741 ’¹¹
1112 2726 1129 2761 ἦ
1154 2721 1211 2758 HJ
1226 2726 1258 2761 ἒξ
1271 2725 1345 2761 ulls-
1362 2721 1405 2740 “⁸¹
1417 2721 1625 2761 “seruilem;
1638 2721 1814 2761 Fit-v,,ﬁv6éa

1040 2758 1200 2796 ιελέχθησαν
1230 2758 1418 2796 "hue-now.
1438 2758 1494 2785 Val.

1544 2759 1566 2775 ³⁸
1582 2757 1609 2785 oi
1624 2757 1693 2786 εἶναι
1712 2760 1743 2787 ll.
1760 2757 1814 2794 Iug.

1266 2794 1288 2811 ³⁹
1302 2794 1339 2826 ὡς
1354 2793 1426 2830 vulg.
1441 2802 1489 2829 pro
1504 2793 1543 2825 ὃς.

1582 2793 1604 2810 ⁸⁸
1619 2796 1751 2830 Ζαχαρία,
1766 2793 1813 2827 ὡς,
