4010 6210
428 297 535 362 835

1281 294 1683 354 EXCERPTA
1721 293 1826 355 EX
1855 291 2285 355 MENANDRO
2325 287 2824 351 PROTECTORE

3603 293 3711 353 1536

431 412 548 474 bat,
602 405 735 464 utR
772 406 922 462 mani
976 404 1099 462 sine
1148 404 1254 459 ulla
1306 420 1487 476 pugna
1540 406 1920 463 Persarmenia
1966 414 2022 463 et

2125 404 2273 457 οὐδὲν
2319 402 2415 470 ὅγε
2456 400 2675 470 ἔφασκε
2710 399 2841 468 περὶ
2885 395 3077 450 τούτου
3114 395 3515 467 ἐπιτετράφθαι
3570 400 3715 468 πρὸς

434 502 604 558 lberia
630 502 996 556 excederent:
1043 497 1244 554 deinde
1302 499 1402 554 sibi
1447 501 1615 556 Daras
1662 500 1805 555 tradi
1852 509 2018 572 pete-

433 603 579 653 rent.
610 592 756 662 quod
784 592 1007 646 minime
1043 592 1375 656 obtinerent,
1428 592 1687 647 nimirum
1728 593 1857 665 quia
1893 608 2016 665 quae

432 684 492 740 in
517 681 805 753 posteriori
841 681 1110 751 colloquio
1152 683 1448 739 constituta
1477 690 1683 749 essent,
1731 684 2014 741 tritissima

433 775 523 829 illa
554 762 851 827 excusandi
886 771 1138 839 formula,
1168 772 1374 829 nullam
1402 774 1512 828 vim
1541 773 1809 830 haberent
1835 792 1850 828 ε
1877 775 2017 832 sicut

432 878 488 923 et
531 867 681 936 prius
718 864 787 920 de
817 864 1024 920 Suania
1056 864 1251 920 Petrus
1272 865 1531 934 deceptus
1565 864 1738 920 fuerat
1764 880 1794 920 a
1826 866 2011 922 Zicho.

434 957 580 1012 ldem
611 970 824 1026 quoque
856 952 1109 1010 Mebodes
1145 953 1360 1009 volebat
1391 953 1588 1009 facere.
1638 950 1737 1010 Ubi
1770 969 1899 1012 vero
1934 957 2017 1012 vi-

437 1045 517 1101 dit
542 1044 866 1101 Zachariam.
892 1045 1190 1100 cautiorem
1218 1060 1363 1111 esse,
1395 1058 1576 1113 neque
1613 1060 1672 1101 se
1710 1060 1870 1116 posse
1910 1048 2014 1102 ho-

434 1140 634 1195 minem
682 1153 790 1209 quo
837 1138 1052 1193 volebat
1082 1137 1414 1208 pertrahere,
1470 1138 1570 1192 alia
1603 1152 1902 1208 aggressus
1929 1148 2016 1196 est

432 1229 544 1291 via,
579 1238 638 1283 ut
661 1229 843 1299 aliqua
868 1228 1028 1283 modo
1057 1226 1247 1284 fraude
1274 1229 1548 1286 Romanos
1578 1230 2011 1287 circumveniret.

433 1319 619 1390 itaque
677 1321 841 1388 paulo
885 1330 1009 1389 post
1042 1319 1362 1376 Zachariam
1402 1322 1659 1377 convenit
1700 1330 1756 1378 et
1784 1338 1935 1394 spem
1967 1323 2017 1379 ei

432 1410 703 1474 subdidit,
740 1426 927 1482 pacem
960 1411 1222 1479 futuram,
1268 1421 1322 1469 et
1343 1428 1524 1483 regem
1550 1412 1837 1470 Persarum
1881 1429 2016 1469 con-

436 1516 731 1557 sensurum
769 1502 939 1559 Daras
982 1501 1230 1571 reddere,
1285 1504 1643 1572 ea-consilio,
1695 1514 1753 1559 ut
1782 1503 2017 1560 Caesaris

434 1593 693 1648 alacritas
721 1602 778 1649 et
819 1593 945 1649 belli
996 1594 1269 1665 cupiditas
1317 1595 1719 1666 languesceret.
1773 1594 1911 1651 Dum
1959 1595 2016 1651 in

433 1681 559 1737 istis
598 1682 944 1738 sermonibus
988 1683 1149 1754 legati
1205 1685 1491 1755 atriusque
1536 1685 1714 1757 gentis
1763 1684 2015 1755 occupati

2119 495 2214 548 τοῦ
2270 493 2536 565 βασιλέως
2592 489 2849 561 Περσῶν,
2884 489 3007 543 οὐδὲ
3060 489 3169 559 μὴν
3220 488 3511 554 ἀνέξεσθαι
3573 490 3718 554 ὅλως

2119 586 2215 640 ἐπὶ
2248 586 2495 656 χρήμασι
2562 583 2881 653 μεταθεῖναι
2949 581 3011 634 τὸ
3066 581 3270 651 Δάρας.
3317 580 3719 634 Διεϐεϐαιοῦτο

2120 679 2303 750 ἔμπης
2334 678 2401 743 δί,
2441 676 2537 731 καὶ
2575 677 2763 746 ὅρκοις
2807 673 2954 729 τισὶν
3001 672 3245 728 ἐπετίθει
3292 674 3355 726 τὸ
3386 674 3613 738 πιστδν,
3642 672 3719 738 ὡς

2118 773 2215 827 νῦν
2246 773 2295 825 εί
2351 769 2779 842 προέλθοιεν,αί
2844 766 3129 837 ξυνθῆκαι,
3179 766 3406 839 ὕστερον
3462 765 3722 820 αἰτοῦντι

2117 865 2199 937 τῷ
2226 864 2469 935 Καίσαρι
2498 861 2695 916 δώσειν
2744 860 2936 932 ὥσπερ
2980 860 3263 931 ἐξαίρετόν
3311 876 3365 913 τι
3405 858 3593 930 δῶρον
3630 859 3724 911 τὶν

2121 956 2343 1027 βασιλέα
2380 954 2607 1025 Περσῶν
2628 952 2730 1023 τήν
2764 952 2944 1008 πόλιν.
2997 951 3273 1022 Πρόδηλος
3296 949 3390 1004 οὖν
3418 946 3490 1021 ἦν
3516 949 3721 1004 ἐντεῦ-

2117 1047 2209 1098 θεν
2245 1045 2319 1116 μὴ
2358 1044 2648 1115 ἐρῤωμένα
2676 1041 2895 1114 φρονῶν
2918 1043 2985 1112 τῇ
3026 1040 3317 1111 Ῥωμαίων
3359 1042 3530 1112 ἀρχῇ,
3573 1041 3727 1094 ἀλλά

2118 1138 2308 1207 πόρρω
2339 1136 2439 1206 τῆς
2504 1135 2761 1207 ἀληθείας
2805 1133 3211 1203 φθεγγόμενος,
3271 1131 3610 1203 βουλόμενός
3660 1150 3724 1184 τε

2132 1228 2439 1298 Ῥωμαίους
2463 1227 2563 1297 μὶν
2586 1226 2831 1297 ἀμαχητὶ
2866 1224 3298 1295 ὺπαναχωρῆσαι
3316 1224 3413 1292 τῆς
3440 1225 3722 1291 Περσαρο

2121 1320 2313 1391 μενίας
2355 1321 2451 1374 καὶ
2490 1319 2759 1390 Ἰϐηρίας’
2785 1317 3098 1371 τελευταῖον
3124 1316 3185 1371 δὲ
3213 1319 3356 1387 ἀμφὶ
3385 1315 3482 1368 τοῦ
3526 1316 3729 1387 Δάρας

2116 1412 2287 1465 αἰτεῖν
2325 1412 2419 1463 καὶ
2466 1410 2577 1465 τῶν
2639 1409 3070 1481 ἐπηγγελμένων
3122 1409 3326 1479 ἥκιστα
3383 1410 3725 1477 τυγχάνειν,

2117 1496 2239 1553 εἶτα
2269 1500 2368 1570 τὴν
2401 1501 2459 1553 ἐν
2495 1500 2712 1571 ὑστέρῳ
2741 1499 2962 1569 βουλὴν,
3013 1498 3158 1552 καθά
3186 1499 3360 1569 δήπου
3391 1498 3453 1551 τὸ
3478 1516 3729 1569 περιφε-

2120 1593 2348 1664 ρόμενον
2370 1593 2545 1647 ἐκεῖνό
2578 1609 2735 1664 φησι,
2801 1592 2876 1663 μὴ
2923 1590 3071 1662 ἔχειν
3121 1592 3297 1662 ἰσχὺν,
3352 1591 3547 1662 ὥσπερ
3616 1594 3725 1645 καὶ

2115 1685 2387 1748 Σουανίας
2410 1684 2540 1756 πέρι
2565 1686 2625 1737 ἑν
2679 1682 2759 1755 τῷ
2807 1682 3011 1755 πρώτῳ
3065 1682 3323 1755 ἠπατήθη
3362 1683 3574 1753 Πέτρος
3608 1683 3728 1735 ὑπὸ

430 1781 651 1842 tempus
695 1781 917 1837 terunt,
972 1773 1288 1845 intereaque
1342 1775 1540 1830 bellum
1599 1775 1655 1830 in
1708 1775 1929 1832 Oriente
1957 1778 2013 1832 in

2125 1775 2210 1829 τοῦ
2244 1776 2362 1848 Ζίχ.
2396 1775 2631 1846 Ὁμοίως
2662 1774 2760 1829 οὖν
2790 1776 2886 1829 καὶ
2916 1777 2943 1829 ό
2972 1773 3240 1846 Μεϐώδης
3267 1774 3534 1845 ἠϐούλετο
3560 1774 3716 1846 δρά-

436 1875 709 1931 suspenso
744 1862 871 1929 fuit,
909 1862 1056 1918 circa
1095 1871 1348 1933 quartum
1398 1864 1611 1932 imperii
1641 1863 1846 1920 Tiberii
1871 1865 2018 1920 Con-

2125 1882 2261 1939 aetv.
2298 1866 2534 1922 Ἐπεὶδέ
2567 1865 2715 1937 ἑώρα
2741 1865 3019 1938 Ζαχαρίαν
3064 1865 3213 1918 ἐσότι
3257 1865 3726 1935 ἐμφρονέπατον

434 1953 657 2008 stantini
700 1968 905 2009 annum
949 1962 1167 2008 centum
1218 1953 1332 2011 fere
1377 1953 1543 2008 millia
1594 1951 1910 2010 Sclavorum
1955 1956 2014 2010 in

2125 1959 2216 2014 καὶ
2237 1959 2338 2029 οὐχ
2361 1953 2477 2015 οἷόν
2503 1973 2564 2012 τε
2600 1956 2662 2013 δν
2689 1958 2841 2028 αὐτῷ
2868 1954 3361 2030 παρακρούσασθαι
3379 1956 3473 2008 τὸν
3508 1954 3722 2023 ἄνδρα,

436 2041 725 2097 Thraciam
778 2043 1093 2111 irruperunt
1117 2053 1173 2098 et
1199 2042 1489 2099 Thraciam
1542 2043 1854 2117 multasque
1880 2046 2016 2102 alias

2147 2052 2176 2103 δ
2207 2049 2265 2102 δέ
2304 2050 2405 2119 τήν
2435 2050 2635 2122 ἑτέραν
2664 2050 2958 2122 ἐτράπετο,
2976 2050 3052 2113 ὡς
3071 2049 3139 2101 ἂν
3166 2048 3353 2120 τρόπῳ
3371 2049 3437 2118 τῇ
3458 2047 3727 2119 “ﬁtting

437 2135 683 2203 regiones
706 2134 928 2203 praedati
959 2124 1121 2191 sunt.
1230 2167 1234 2171 -

2125 2140 2396 2212 περιέλθοι
2442 2140 2571 2205 τοὺς
2637 2139 2968 2213 Ῥωμαίους.
3015 2140 3140 2194 Ἐπὶ
3191 2138 3383 2210 χρόνον
3440 2137 3557 2207 γάρ
3583 2145 3725 2190 τινα

436 2226 625 2296 ξυνῄει
654 2228 712 2289 ἐς
743 2227 910 2281 ταυτὺ
935 2228 1047 2290 τοῖς
1071 2225 1218 2298 ἀμφὶ
1261 2227 1559 2298 Ζαχαρίαν,
1589 2227 1771 2282 ἐλπίσι
1797 2229 1843 2262 ⁸³
1909 2230 2316 2305 ύποστρωννὺς,
2376 2233 2452 2298 ὡς
2514 2233 2692 2289 ἑσοιτο
2721 2235 2912 2307 είρήνη
2939 2234 3033 2289 καλ⁵
3052 2232 3129 2299 ὡς
3151 2231 3424 2286 ἐπινεύσοι
3461 2234 3493 2285 ὁ
3553 2231 3715 2299 Περ⁸

438 2322 549 2377 σῶν
584 2321 841 2394 βασιλεὺς
870 2323 1116 2377 ἐνδοῦναι
1190 2322 1486 2394 Ῥωμαίοις
1534 2324 1596 2377 τὸ
1643 2325 1847 2396 Δάρας,
1913 2327 2087 2401 ταύτῃ
2123 2331 2373 2401 οἰόμενος
2399 2328 2649 2383 ἐκλύσειν
2700 2329 2801 2402 τὴν
2840 2330 2923 2394 είς
2969 2328 3062 2382 τὸν
3101 2328 3339 2399 πόλεμον
3393 2325 3721 2397 προθυμίαν

433 2412 536 2468 τοῦ
594 2413 895 2485 Καίσαρος.
948 2413 1059 2468 Καὶ
1098 2408 1192 2468 οὖν
1244 2415 1303 2467 ἐν
1351 2414 1584 2468 τοιοῖσδε
1607 2415 1652 2449 ’⁵⁸
1685 2416 2010 2487 τριϐομένου
2048 2417 2143 2472 τοῦ
2208 2419 2427 2490 χρόνου,
2482 2418 2579 2474 καὶ
2614 2418 2724 2473 τῶν
2782 2421 2842 2487 ἐξ
2891 2420 3162 2490 ἑκατέρας
3233 2416 3512 2478 πολιτείας
3569 2415 3722 2485 πρέο

441 2509 623 2564 σϐεων
653 2511 783 2582 περὶ
804 2509 979 2563 ταῦτα
1000 2510 1473 2582 ἑνησχολημένων,
1495 2510 1639 2565 οὕτω
1666 2528 1727 2564 τε
1749 2514 2050 2583 φερομένου
2090 2515 2183 2569 τοῦ
2216 2515 2353 2586 ἑῴου
2383 2515 2623 2587 πολέμου
2655 2517 2742 2568 ἐπ’
2777 2516 3015 2588 ἀδήλοις,
3060 2515 3203 2569 κατά
3228 2515 3287 2569 δέ
3319 2513 3382 2567 τὸ
3440 2511 3717 2581 τέταρτον

434 2604 557 2668 ἑτος
592 2603 848 2675 Τιϐερίου
880 2604 1291 2657 Κωνσταντίνου
1322 2604 1602 2674 Καίσαρος
1649 2604 1930 2673 βασιλείας
1959 2608 2019 2660 ἐν
2059 2611 2128 2681 τῇ
2152 2610 2344 2683 Θρᾴκῃ
2401 2610 2702 2683 ξυνηνέχθη
2736 2610 2799 2664 τὸ
2827 2610 3155 2681 Σκλαϐηνῶν
3187 2609 3342 2673 ἑθνος
3372 2606 3540 2679 μέχρι
3591 2623 3709 2660 που

436 2697 693 2768 χιλιάδων
752 2695 946 2748 ἑκατὸν
1001 2694 1228 2765 Θρᾴκην
1290 2695 1384 2746 καὶ
1429 2693 1565 2747 ἀλλα
1616 2695 1789 2749 πολλὰ
1828 2697 2143 2769 ληῖσασθαι.

506 2790 597 2843 25.
638 2788 820 2843 Caesar
846 2785 991 2841 misit
1027 2785 1085 2841 in
1121 2784 1328 2840 Italiam
1368 2801 1618 2856 magnam
1657 2789 1776 2845 auri
1804 2792 1911 2845 vim
1946 2793 2013 2847 ad

434 2878 656 2948 triginta
727 2876 1040 2931 centenaria
1067 2913 1085 2940 ,
1146 2890 1268 2946 quae
1310 2875 1714 2947 Pamphronius
1769 2878 2011 2944 nomine,

436 2968 702 3039 dignitate
725 2964 1009 3037 patricius,
1058 2980 1090 3021 a
1119 2974 1304 3022 vetere
1330 2964 1503 3023 Roma
1529 2968 1596 3023 ad
1626 2968 2011 3039 imperatorem

2191 2799 2288 2846 κε’.
2320 2794 2443 2846 Ὅτι
2466 2793 2495 2845 δ
2524 2794 2743 2862 Καῖσαρ
2771 2791 2979 2846 ἔστειλε
3010 2791 3153 2847 κατά
3175 2792 3275 2862 τὴν
3312 2791 3549 2846 Ἰταλίαν
3571 2810 3712 2863 χρυ-

2122 2885 2239 2940 σίον
2267 2884 2482 2956 συχνὸν,
2526 2886 2655 2958 ἄχρι
2700 2884 3073 2956 κεντηναρίων
3099 2884 3412 2954 τριάκοντα,
3452 2885 3615 2942 ἅτινά
3644 2902 3712 2952 γε

2121 2976 2297 3047 δήπου
2328 2977 2681 3048 Παμφρόνιος
2727 2978 2920 3048 ὄνομα,
2950 2975 3169 3047 ἀξίωμα
3196 2975 3461 3045 βασιλέως
3492 2977 3709 3048 πατὴρ,

438 3059 724 3115 attulerat.
784 3058 835 3113 ls
873 3066 1001 3114 tunc
1042 3059 1109 3113 ad
1154 3059 1356 3129 regiam
1383 3069 1631 3129 venerat,
1673 3073 1732 3117 ut
1762 3063 2015 3133 precibus

2125 3066 2418 3137 ἐκομίσατο
2459 3068 2525 3120 ἐκ
2571 3068 2673 3139 τῆς
2721 3068 3103 3139 πρεσϐυτέρας
3149 3065 3390 3137 Ῥώμης,
3452 3068 3599 3121 κατά
3644 3068 3714 3138 δή

2043 3114 2090 3177 C

436 3167 470 3206 a
501 3153 715 3207 Caesare
746 3152 1083 3220 impetraret,
1118 3160 1179 3206 ut
1213 3149 1422 3207 Italiam
1464 3166 1493 3206 a
1531 3150 2015 3224 Langobardorum

2125 3158 2220 3228 τὴν
2250 3157 2499 3230 βασιλίδα
2538 3159 2846 3230 τηνικαῦτα
2894 3158 3200 3231 ἀφιγμένος
3239 3158 3335 3214 ἐπὶ
3382 3159 3583 3228 τούτῳ,
3613 3160 3711 3230 ἐφ’

432 3244 855 3300 excursionibus
888 3256 1202 3314 oppressam
1249 3244 1303 3299 in
1345 3243 1652 3299 libertatem
1691 3245 2012 3301 vindicaret.

436 3336 625 3391 Cassar
674 3349 826 3402 vero,
876 3334 963 3389 cui
992 3334 1175 3389 omnia
1220 3348 1334 3405 prae
1375 3334 1516 3389 bello
1550 3335 1770 3391 Persico
1817 3336 2021 3391 nullius

438 3426 704 3483 momenti
736 3434 916 3492 erant,
965 3428 1166 3494 quippe
1211 3426 1305 3493 qui
1342 3434 1488 3481 totus
1530 3426 1584 3481 in
1635 3425 1764 3480 illud
1814 3428 2021 3481 incum-

438 3517 610 3581 beret,
639 3516 939 3571 exercitum
973 3516 1191 3570 mittere
1222 3530 1326 3569 non
1364 3517 1559 3585 potuit,
1605 3530 1779 3584 neque
1821 3516 2018 3571 bellum

440 3608 497 3662 in
529 3605 749 3661 Oriente
794 3614 850 3660 et
880 3604 1171 3660 Occidente
1219 3606 1379 3660 simul
1426 3606 1529 3661 sibi
1564 3607 1859 3677 gerendum
1907 3615 2020 3663 sta-

438 3698 563 3752 tuit.
626 3697 734 3752 Sed
788 3696 1048 3766 pecunias
1092 3697 1236 3752 dedit
1271 3696 1663 3769 Pamphronio,
1698 3700 1919 3770 quibus,
1970 3701 2017 3757 si

436 3804 543 3861 qua
593 3798 811 3859 posset,
875 3789 1084 3859 aliquos
1118 3788 1592 3863 Langobardorum
1626 3804 2017 3864 commoveret,

438 3888 499 3934 ut
521 3878 585 3934 ad
617 3879 893 3934 Romanas
922 3879 1219 3935 transirent
1252 3895 1357 3934 una
1384 3894 1508 3935 cum
1540 3895 1727 3937 eorum
1752 3886 2019 3954 exercitu,

437 3980 495 4027 et
522 3967 730 4024 Italiam
760 3968 985 4024 minime
1017 3970 1316 4025 turbarent.
1358 3970 1510 4037 Quod
1551 3971 1847 4042 edicerent,
1884 3976 1929 4030 si
1966 3976 2021 4032 in

438 4061 719 4117 Orientem
750 4076 899 4116 arma
932 4071 1144 4116 vertere
1174 4061 1372 4117 vellent
1398 4070 1452 4117 et
1475 4060 1738 4120 Romanis
1761 4066 2021 4124 auxilium

441 4154 613 4210 ferre.
645 4152 704 4208 Si
738 4151 1083 4224 Langobardi
1115 4164 1431 4220 renuerent,
1463 4164 1523 4209 ut
1551 4156 1841 4213 verisimile
1881 4166 2021 4225 erat,

440 4248 605 4301 aliam
641 4249 783 4300 viam
817 4261 941 4301 enm
983 4246 1189 4315 ingredi
1222 4246 1409 4316 jussit,
1460 4247 1791 4304 Francorum
1822 4250 2021 4306 ducum

439 4338 654 4407 aliquos
696 4335 949 4391 mercede
988 4336 1086 4390 sibi
1119 4336 1296 4392 socios
1343 4336 1660 4409 adjungere,
1714 4347 1768 4393 et
1800 4338 1903 4396 hac
1930 4354 2022 4394 ra-

2120 3239 2165 3315 ᾧ
2194 3248 2408 3321 δεήσεις
2440 3250 2519 3322 τῷ
2547 3252 2788 3324 Καίσαρι
2835 3251 3210 3322 προσαγαγεῖν
3265 3252 3335 3321 τῇ
3373 3249 3577 3322 Ἰταλίᾳ⁴
3609 3251 3713 3303 ἐκ-

2118 3343 2511 3416 τετρυχωμένῃ
2558 3345 2679 3407 ταῖς
2750 3343 2861 3396 τῶν
2925 3341 3316 3413 Δογγιϐάρδων
3380 3342 3712 3413 ἐπιδρομαῖς

2121 3431 2419 3500 ἐπαμῦναι.
2463 3433 2524 3487 Ὃ
2578 3433 2637 3488 δὲ
2692 3435 2932 3506 Καῖσαρ,
2984 3432 3108 3487 ἐπεὶ
3159 3432 3309 3503 αὐτῷ
3338 3434 3367 3486 ό
3415 3431 3712 3503 πόλεμοςδ

2120 3522 2393 3594 Περσικὸς
2452 3524 2672 3579 ἅπαντα
2721 3520 2791 3597 ἦν
2833 3527 2930 3580 καὶ
2971 3523 3212 3580 ἐνέκειτό
3244 3540 3307 3593 γε
3340 3524 3481 3590 ὅλος,
3520 3526 3711 3579 ἐκεῖσε

2124 3619 2389 3687 στρατιὰν
2417 3618 2515 3688 οὐχ
2548 3612 2661 3683 οἷός
2690 3637 2750 3673 τε
2793 3617 2862 3691 ἦν
2892 3619 3223 3690 ἐκπέμπειν.
3274 3616 3409 3671 Οὐδὲ
3447 3616 3559 3689 μὴν
3588 3617 3712 3687 ἅμα

2121 3710 2187 3779 τῇ
2222 3708 2339 3777 Ἕῳ
2374 3710 2470 3763 καὶ
2496 3711 2638 3764 κατά
2666 3710 2768 3782 τὴν
2808 3711 3083 3782 Ἑσπέραν
3122 3709 3432 3779 πολεμητέα
3458 3725 3522 3777 γε
3554 3708 3708 3779 αὖτῷ

2123 3795 2266 3856 εἶναι
2306 3802 2505 3857 ἐδόκει.
2536 3803 2816 3874 Χρήματα
2858 3802 2914 3855 δέ
2943 3801 3120 3865 ἄλλως
3163 3802 3406 3855 ἐπέδωκε
3435 3802 3712 3871 Παμφροο

2122 3890 2243 3962 νίῳ,
2280 3892 2366 3961 ἐφ’
2391 3886 2436 3963 ᾧ
2483 3910 2638 3958 τινας
2696 3892 2804 3946 τῶν
2849 3893 3137 3963 ἡγεμόνων
3176 3892 3272 3946 τοῦ
3312 3892 3711 3967 Λογγιϐάρδων

2121 3983 2329 4051 ἑθνους,
2358 3987 2412 4039 ετ
2441 3984 2560 4050 πώς
2607 4003 2671 4055 γε
2715 3984 2870 4039 ἔσται
2916 3984 3067 4055 αὐτῷ
3107 3985 3330 4049 δυνατὰ,
3368 3986 3560 4039 arata-0t
3611 3985 3708 4038 τοῦ

2121 4072 2347 4144 κέρδους
2384 4075 2707 4146 ίμείραντας
2735 4074 2782 4107 ⁸⁸
2821 4072 3229 4144 μεταϐαλέσθαι
3284 4074 3361 4136 ὡς
3399 4072 3713 4144 Ῥωμαίους

2126 4163 2222 4230 ξὺν
2246 4169 2312 4237 τῇ
2349 4166 2473 4220 κατ’
2508 4166 2711 4230 αὐτοὺς
2761 4166 3009 4237 δυνάμει,
3064 4165 3161 4223 καὶ
3215 4164 3375 4220 τοῦτο
3427 4166 3528 4237 μέν
3567 4167 3615 4198 ⁸⁸
3638 4169 3710 4237 τῇ

2134 4256 2439 4330 Ἰταλίᾳμὴ
2472 4259 2729 4329 ἐνοχλεῖν,
2763 4257 2923 4312 τοῦτο
2947 4258 3005 4312 δέ
3034 4258 3131 4312 καὶ
3170 4257 3311 4312 κατὰ
3333 4258 3432 4329 τὴν
3461 4258 3581 4312 Ἕω
3609 4275 3710 4311 πο-

2122 4344 2515 4417 λεμησείοντας
2564 4350 2659 4405 καὶ
2705 4351 2773 4421 τῇ
2808 4348 3096 4419 Ῥωμαίων
3129 4348 3455 4420 ἐπικρατείᾳ
3482 4349 3708 4401 ἐπικουο

437 4428 589 4484 tione
616 4427 1099 4498 Langobardorum
1132 4428 1429 4497 potentiam
1476 4427 1804 4486 labefactare
1842 4438 1899 4486 et
1934 4430 2017 4486 in-

2125 4437 2311 4509 ρῆσαι.
2346 4439 2743 4493 Ἀπειθούντων
2768 4438 2825 4494 δὲ
2846 4440 2954 4492 τῶν
2976 4438 3386 4510 Λογγιϐάρδων,
3414 4432 3504 4493 οἷα
3529 4440 3708 4505 είκδς,

437 4517 695 4590 fringere.

2126 4530 2227 4600 τὴν
2254 4530 2450 4603 ἑτέραν
2480 4533 2639 4600 ίέναι,
2671 4532 2764 4587 καί
2790 4550 2942 4597 τινας
2971 4531 3081 4586 τῶν
3111 4532 3442 4603 Φραγγικῶν
3494 4532 3710 4603 ἡγεμόο

439 4635 549 4671 νων
576 4618 666 4671 διὰ
684 4617 786 4685 τῆς
806 4615 917 4668 τῶν
950 4611 1249 4685 χρημάτων
1288 4614 1582 4680 ἐπιδόσεως
1610 4610 2144 4688 ἑταιρίσασθαι,’καὶ
2174 4627 2346 4701 ταύτῃ
2376 4628 2650 4699 σελειῆναί
2717 4631 2761 4662 ⁸⁷
2802 4646 2863 4683 τε
2895 4629 2993 4683 καὶ
3034 4626 3295 4701 ἐκτρίῷαι
3361 4628 3471 4682 τῶν
3504 4630 3711 4700 Λογγι-

439 4710 657 4781 6άρδων
682 4707 781 4778 τὴν
810 4706 1061 4776 δύναμιν.

507 4800 600 4856 26.
639 4798 726 4869 (Α.
762 4800 822 4852 C.
848 4796 956 4854 578
992 4799 1107 4855 Ind.
1143 4799 1201 4853 li
1232 4796 1425 4854 Justini
1458 4799 1571 4875 M.)
1611 4800 1791 4859 Persae
1840 4807 2018 4874 veriti,

444 4891 603 4964 125
637 4906 706 4947 ne
741 4891 972 4947 Romani
1009 4892 1061 4947 in
1097 4892 1231 4947 ﬁnes
1266 4906 1392 4947 suos
1425 4892 1808 4965 irrumperent,
1840 4895 2023 4952 Thau-

442 4988 654 5041 narinm
692 4984 999 5049 castellum,
1057 4985 1317 5039 nudatum
1351 4986 1600 5054 praesidio
1629 4986 2019 5054 Romanorum,

439 5078 786 5145 invadentes,
815 5087 1150 5148 occuparunt
1182 5086 1238 5131 et
1262 5078 1476 5132 domum
1514 5089 1870 5143 reverterunt,
1898 5096 2020 5135 cum

434 5171 572 5226 nihil
597 5172 814 5240 dignum
851 5177 959 5223 tam
993 5170 1134 5239 turpi
1166 5168 1390 5225 foederis
1414 5169 1699 5227 violatione
1719 5171 1915 5226 lucrati
1937 5185 2022 5225 es-

438 5273 583 5331 sent,
640 5272 694 5318 et
765 5263 988 5317 minime
1032 5271 1180 5317 tanta
1228 5261 1450 5326 damna,
1497 5274 1697 5332 quanta
1727 5263 1881 5319 initio
1915 5264 2019 5320 sibi

438 5363 855 5427 proposuerunt,
887 5352 1148 5433 Romanis
1168 5353 1496 5408 intulissent.

2196 4812 2311 4871 κς’.
2348 4806 2471 4860 Ὀτι
2519 4805 2569 4858 οἱ
2622 4807 2796 4877 Μῆδοι
2840 4806 3073 4870 δεδιότες
3116 4807 3216 4877 τὴν
3261 4807 3370 4861 τῶν
3411 4809 3709 4879 Ῥωμαίων

2122 4898 2372 4970 εἰσϐολὴν
2388 4896 2434 4929 ⁸⁵⁸
2467 4897 2612 4952 κατά
2642 4897 2743 4968 τῆς
2788 4898 3015 4969 Περσῶν
3062 4898 3187 4951 ὅσον
3220 4898 3374 4954 οὓπω
3412 4901 3708 4973 ἐσομένην,

2123 4990 2220 5045 καὶ
2265 4988 2581 5052 ἐπανιόντες
2632 4988 2694 5041 τὸ
2724 4989 3016 5060 λεγόμενον
3062 4990 3367 5061 Θαυνάριος
3418 4994 3708 5065 φρούριον⁹

2124 5081 2358 5152 χηρεῦον
2403 5081 2719 5151 Ῥωμαῖκῆς
2769 5082 3112 5154 ἐπικουρίας,
3164 5083 3223 5136 ἐν
3270 5086 3474 5154 κατοχῇ
3511 5085 3709 5152 ἑποιὴ-
3804 5125 3815 5130 -

2125 5189 2287 5225 σαντο
2312 5190 2328 5206 ο
2366 5172 2463 5226 καὶ
2487 5172 2577 5226 ἐπ’
2609 5172 2762 5226 οῖκου
2807 5174 3186 5246 ἀνεχώρησαν,
3227 5176 3398 5247 μηδὲν
3427 5176 3489 5228 τὸ
3520 5175 3709 5247 παρά·

2120 5279 2230 5317 παν
2277 5263 2377 5334 τῆς
2419 5264 2780 5334 ἀναισχύντου
2828 5265 2938 5319 τῶν
2990 5266 3237 5320 σπονδῶν
3257 5265 3303 5298 ⁸⁸
3387 5264 3711 5337 ξυγχύσεως

2123 5354 2274 5420 ἄξιόν
2305 5373 2358 5408 τι
2389 5355 2772 5427 πορισάμενοι,
2807 5358 2949 5428 μήτε
2980 5358 3087 5429 μὴν
3123 5358 3266 5429 μέγα
3297 5376 3351 5411 τι
3389 5358 3710 5428 Ῥωμαίους

2116 5446 2448 5517 βλάψαντες,
2480 5447 2557 5511 ὡς
2587 5446 3027 5520 ὑπωπτεύθησαν
3053 5448 3151 5519 τὴν
3183 5448 3382 5521 ἀρχήν.

1725 5536 1961 5594 VARUE
1993 5538 2400 5597 LECTIONES.

507 5626 563 5702 “_
585 5625 792 5702 Stante
846 5628 1028 5702 ἔμπης
1051 5701 1056 5702 ν
1077 5643 1183 5684 ms.
1204 5700 1212 5702 Α
1237 5628 1302 5687 Ν.
1377 5628 1424 5662 ⁸³
1456 5629 1549 5702 τῇ]
1580 5648 1672 5702 τῳ
1723 5634 1873 5699 conj.
1905 5633 1967 5687 Β.

2078 5635 2124 5666 ⁸³
2151 5634 2362 5720 ἐλπίδα.
2375 5633 2616 5720 (ἕξοι-Β.
2643 5708 2654 5720 ,
2691 5637 2741 5720 ξιξ
2768 5638 2944 5720 τοῖσδε
2961 5637 3047 5720 ⁸Η.
3084 5654 3193 5720 mg.

3304 5639 3353 5671 “
3382 5639 3709 5708 ἱμείραντας

442 5696 916 5789 ξΣ-,είμξὶρα-νμτοῦ
946 5696 1147 5789 “vung
1172 5696 1653 5789 .ipsipavtai:il.'
1705 5702 1754 5734 “
1788 5696 1888 5789 μὲν
1932 5720 2046 5789 2m.
2088 5705 2239 5788 vulg.
2317 5706 2362 5737 "
2389 5706 2446 5759 δὲ
2468 5696 2655 5789 λεῇναί
2691 5708 2785 5789 H.,_
2811 5709 3062 5765 σαλεύειν
3093 5696 3171 5764 ΝΪ
3235 5709 3283 5742 ⁸⁸
3321 5696 3569 5779 είσϐολῆν
3609 5696 3701 5776 Ν.,

441 5765 842 5837 ἐκϐολὴννυΙε.
946 5767 991 5800 δ’
1031 5765 1273 5826 σπονδῶν
1297 5765 1365 5812 4
1392 5773 1746 5843 πορισάμενοι

1808 5759 1899 5843 ἢ,
1931 5776 2155 5847 Περσῶν
2182 5759 2249 5817 :—
2276 5759 2670 5847 προρισάιῖενοι
2693 5759 2843 5849 vulg.
