4010 6210
387 254 491 317 837

1164 262 1263 324 DE
1301 262 1871 330 LEGATIONIBUS
1907 267 2271 334 GENTIUM
2312 274 2414 337 AD
2455 278 2831 344 ROMANOS.

3534 302 3643 366 838

455 364 562 429 κζ’.
590 365 715 419 ’Ὀτι
764 365 1058 439 Ταχοσδρὼ
1075 368 1123 401 ⁸⁰
1154 372 1346 439 σαφῶς
1391 373 1817 446 ἐξεπιστάμενος
1864 395 1921 432 κο

2025 417 2034 437 .
2130 382 2219 438 27.
2264 384 2350 455 (A.
2405 386 2472 441 ο.
2521 388 2626 442 578
2681 389 2799 448 Ind.
2829 393 2916 448 ιι.
2955 395 3153 454 Justini
3200 401 3312 474 ιι.)
3364 401 3500 464 Cum
3543 364 3645 465 ir...

383 456 546 518 αὐτὸς
573 457 674 526 τὴν
707 459 948 529 Χοσρόου
977 460 1198 531 βουλὴν,
1232 462 1308 526 ὼς
1335 463 1604 534 Μεϐὡδης
1633 469 1958 540 ἀναπτερώ-

384 564 482 610 σας
514 548 679 602 αὐτὸν
713 549 798 620 εἵη
832 551 908 622 μὴ
946 555 1190 622 μεῖναι⁸¹
1225 555 1289 608 τὸ
1333 556 1510 626 πέρας
1544 558 1652 611 τῶν
1681 562 1958 632 τριετηρί-

381 638 487 690 δων
516 640 780 706 σπονδῶν,
838 644 900 697 αϊ
943 661 1007 712 γε
1057 647 1204 716 ἀμφὶ
1247 647 1349 716 τῆς
1400 648 1516 702 Ἕω
1558 651 1957 720 ἐμπεδωθεῖσαι

381 727 701 797 ἐτύγχανον,
755 734 850 811 καὶ
880 734 964 787 ὅτι
993 734 1137 788 οὕτω
1163 736 1354 791 δοκοῦν
1384 739 1537 810 αὐτῷ
1569 741 1956 811 ἀναμφιϐόλως

379 816 640 885 ἐμθαλεῖν
669 798 830 875 αὐτδν
853 841 911 875 τε
937 826 1204 896 Μεσώδην
1225 828 1319 880 καὶ
1343 798 1611 901 Σαπώρην
1625 798 1956 905 τδνίνίαιρόι-ζ

378 926 468 962 νου
496 913 638 966 κατά
663 917 761 984 τῆς
796 917 932 988 πρὸς
958 919 1058 987 τὴν
1091 919 1208 972 Ἕω
1237 920 1346 974 τῶν
1386 922 1674 992 Ῥωμαίων
1722 928 1954 998 ἐπικρα-

375 1002 528 1065 τείας
555 1044 570 1068 ,
606 1007 722 1057 εἴτε
754 1011 1237 1080 προστεταγμένον
1281 1013 1329 1065 οἱ
1378 1013 1553 1066 τοιάδε
1585 1015 1650 1068 ἐκ
1683 1017 1948 1087 Χοσρόιυ,

372 1093 483 1146 εἴτε
534 1097 628 1149 καὶ
679 1098 1004 1166 αὐτομάτως
1061 1101 1222 1155 τοῦτο
1264 1105 1483 1157 σκοπῶν
1525 1105 1613 1175 ἐφ’
1665 1109 1860 1162 ἐαυτοῦ
1879 1109 1948 1175 δ’,

369 1182 560 1255 ῶσπερ
591 1187 782 1256 ἀμέλει
836 1190 1098 1260 δευτέραν
1129 1195 1292 1262 ἀφεὶς
1338 1196 1609 1270 ἄγκυραν,
1649 1200 1949 1271 ἐκτραπεὶς

366 1275 475 1328 ἀπὸ
508 1278 602 1330 τοῦ
633 1281 951 1351 Κιθαρίζων
970 1284 1016 1315 ⁸³
1060 1283 1290 1356 ὥρμησε
1325 1289 1422 1340 καὶ
1465 1290 1629 1354 αὐτὸς
1675 1294 1816 1345 κατὰ
1849 1296 1948 1362 τῆς

321 1429 330 1443 l
377 1365 669 1437 Ῥωμαίων
724 1369 782 1425 ἐν
833 1373 1066 1446 ἀνατολῇ
1105 1376 1291 1448 χώρας
1340 1379 1452 1432 ἀπὸ
1503 1381 1613 1434 τῶν
1656 1384 1947 1454 Ἀρμενίας

368 1457 638 1525 ἐμϐολῶν,
666 1460 861 1532 διπλῆν
904 1465 1083 1518 ἐκεῖσε
1117 1467 1216 1538 τὴν
1266 1471 1513 1540 ταραχὴν
1558 1476 1941 1545 ποιησόμενος.

438 1549 546 1619 κη’.
578 1551 701 1605 Ὅτι
727 1554 1166 1626 πολιορκούντων
1197 1559 1486 1630 Ῥωμαίων
1515 1563 1576 1617 τὸ
1598 1566 1941 1639 Χλωμάρων,

366 1641 462 1692 καὶ
496 1643 808 1712 προσϐολὰς
836 1648 894 1700 ἐν
918 1647 1104 1720 κύκλῳ
1140 1653 1505 1723 ποιουμένων,
1538 1657 1636 1719 τάς
1659 1675 1719 1711 τε
1754 1659 1942 1714 ἑλεπό-

364 1730 476 1794 λεις
513 1736 764 1804 μηχανὰς
794 1743 1267 1812 περιστησάντων,
1304 1745 1442 1815 πρὸς
1483 1746 1540 1799 δέ
1572 1765 1635 1816 γε
1670 1751 1764 1804 καὶ
1803 1752 1939 1806 ὐπο-

360 1828 561 1895 νόμους
594 1828 819 1899 ἔνερθεν
849 1827 1262 1903 ὐπορυττόντών
1290 1838 1349 1900 ἐς
1381 1839 1442 1891 τὸ
1465 1839 1692 1909 ἀφανὲς,
1726 1844 1936 1900 στέλλει

359 1917 638 1991 Βιγγάνης
681 1922 758 1985 ὡς
788 1925 1098 1994 Μαυρίκιον
1147 1930 1240 1981 τόν
1279 1929 1383 2001 [τε]
1414 1931 1506 1985 τοῦ
1537 1936 1801 2006 φρουρίου
1837 1939 1937 2009 ἀρ-

359 2012 581 2080 χιερέα·
617 2014 939 2084 Χριστιανοὶ
968 2018 1079 2087 γὰρ
1111 2014 1253 2090 ἦσαν
1300 2023 1348 2075 οί
1390 2023 1492 2093 τῆς
1536 2025 1935 2099 Ἀρζανηνῆςεδ

360 2104 620 2166 απαντες.
651 2105 838 2177 Ταύτῃ
864 2125 979 2172 τοι,
1011 2109 1087 2172 ὠς
1112 2111 1296 2175 αἰδοῦς
1330 2112 1767 2186 ἀξιωθησόμενον
1799 2120 1934 2190 πρὸς

370 2189 658 2263 Ῥωμαίων
691 2195 1037 2265 Χριστιανῶν
1085 2200 1254 2256 ὄντων
1303 2204 1396 2256 τὸν
1447 2207 1769 2276 προεστῶτα
1822 2209 1933 2265 τῶν

361 2281 527 2352 ιερῶν
556 2287 651 2339 τοῦ
694 2290 956 2359 Χριστοῦ,
995 2294 1260 2347 ἱκετεύειν
1289 2317 1294 2322 θ
1325 2296 1596 2367 ἐπέτρεψε
1646 2299 1724 2370 τῷ
1755 2318 1930 2372 μυστ-

356 2377 584 2446 αγωγῷ,
620 2379 917 2448 εἰληφότας
965 2383 1168 2447 ὁπόσος
1198 2381 1268 2456 ἦν
1295 2387 1480 2451 αὐτοῖς
1505 2391 1706 2459 χρυσός
1737 2408 1797 2444 τε
1835 2394 1929 2448 καὶ

351 2471 592 2541 ἄργυρος
620 2473 1004 2543 ἀπαναστῆναι
1035 2478 1130 2530 καὶ
1158 2478 1234 2548 μὴ
1265 2478 1408 2548 πέρα
1435 2484 1636 2536 πονεῖν.
1658 2483 1794 2537 Οὔτε
1819 2485 1927 2556 γὰρ

349 2564 602 2619 ἐνδώσειν
644 2567 798 2630 ποτέ,
851 2567 1122 2634 Βιγγάνου
1173 2571 1266 2626 τὸν
1300 2572 1452 2642 ἥλιον
1493 2574 1749 2645 ὁρῶντος,
1796 2578 1928 2641 τοὺς

350 2657 466 2708 ὅσοι
495 2673 557 2724 γε
589 2657 646 2720 ἐς
691 2657 754 2710 τὸ
798 2659 1120 2730 Χλωμάρων
1169 2663 1279 2716 εἰσὶ
1331 2665 1626 2735 Ῥωμαίοις
1657 2669 1920 2733 ἑαυτούς’

351 2750 766 2818 προσμενόντων
793 2767 853 2803 τε
882 2754 949 2820 τῇ
993 2752 1281 2824 πολιορκίᾳ
1315 2755 1660 2826 Χριστιανῶν
1698 2760 1920 2816 ἔσεσθαι

347 2839 408 2892 τὸ
434 2839 884 2910 διαφθειρόμενον
910 2842 1135 2913 πλῆθος,
1186 2846 1281 2900 καὶ
1309 2847 1602 2918 ἀσεϐήσειν
1618 2850 1921 2921 Ῥωμαίους

347 2932 483 3001 πρὸς
506 2931 638 2986 Θεὸν
656 2935 1032 3004 περιορῶντας
1057 2935 1316 2999 ἀναιτίως
1345 2940 1468 3001 τοὺς
1499 2940 1647 2995 ἔνδον
1673 2943 1915 2997 ἀπολλυ-

2062 474 2301 531 chosdro
2334 493 2550 548 quoque
2582 478 2844 542 Chosrois
2891 491 3115 544 consilia
3153 498 3483 566 rescivisset,
3526 502 3641 558 Me-

2058 565 2254 621 bodem
2291 568 2593 630 Chosroem
2629 574 2682 628 in
2709 589 2826 630 eam
2861 590 3092 635 mentem
3126 584 3421 655 impulisse,
3453 604 3509 646 ut
3532 610 3636 648 non

2059 670 2402 728 exspectaret
2431 664 2598 729 diem,
2625 683 2729 735 qua
2757 670 3014 727 tinniebant
3043 677 3364 734 tricennales
3389 683 3637 752 inducim,

2059 765 2180 818 qua:
2216 751 2266 805 in
2304 751 2527 810 Oriente
2575 771 2854 815 conventa:
2898 762 3131 830 fuerant,
3183 779 3238 822 et
3271 770 3416 825 illum
3467 751 3637 844 iu)ch

2057 853 2210 894 rasse
2272 842 2480 898 Mebodi
2535 857 2589 900 et
2647 848 2860 918 Sapori,
2917 853 3120 909 Merani
3177 858 3317 924 lilio,
3379 842 3635 919 invadere

2053 929 2422 988 Romanorum
2460 938 2718 994 ditionem
2767 943 2817 996 in
2871 943 3113 1007 Oriente.
3179 950 3312 1018 ipse,
3362 955 3478 1011 sive
3532 959 3634 1011 hoc

2055 1027 2366 1080 mandatum
2400 1028 2577 1084 fuerat
2618 1047 2646 1085 a
2693 1034 2958 1101 Cltosroe,
3003 1041 3118 1095 sive
3151 1058 3243 1096 sua
3275 1056 3465 1114 sponte
3493 1053 3631 1116 apud

2053 1126 2112 1166 se
2149 1117 2394 1168 eamdem
2422 1131 2530 1169 rem
2568 1121 2749 1175 animo
2789 1123 3064 1186 volvisset.
3117 1138 3369 1197 tanquam
3425 1135 3632 1191 scilicet

2051 1209 2343 1259 secundam
2375 1209 2668 1263 anchoram
2702 1213 2976 1280 injiciens,
3009 1233 3036 1269 a
3067 1219 3374 1276 Citharizon
3406 1228 3630 1281 cnstello

2049 1305 2319 1360 egressus,
2365 1295 2416 1348 in
2451 1295 2815 1354 Romanorum
2849 1302 3068 1358 ditionis
3102 1308 3366 1375 regiones,
3408 1328 3527 1379 qua:
3560 1316 3626 1367 ad

2050 1380 2330 1436 Orientem
2360 1396 2537 1451 erant,
2573 1389 2828 1456 impetum
2858 1390 3004 1458 fecit,
3042 1394 3186 1448 circa
3215 1398 3486 1454 Armenia:
3534 1402 3628 1456 ad-

2050 1470 2157 1526 itus
2190 1473 2454 1541 duplicem
2501 1478 2788 1532 tumultum
2825 1491 2880 1534 et
2917 1494 3182 1540 terrorem
3218 1488 3516 1546 oblaturus.

2115 1561 2204 1615 28.
2247 1565 2333 1633 (Α.
2367 1564 2430 1619 C.
2465 1565 2570 1621 579
2599 1566 2712 1624 lnd.
2747 1570 2815 1622 12
2850 1570 3034 1629 Tiber.
3065 1573 3146 1643 2.)
3206 1576 3340 1632 Cum
3391 1579 3622 1637 Romani

2046 1651 2373 1709 Chlomaron
2420 1657 2674 1727 oppidum
2711 1661 3030 1718 obsiderent
3059 1675 3112 1718 et
3139 1672 3362 1724 armatis
3391 1673 3622 1730 homini-

2042 1743 2143 1798 bus
2166 1745 2466 1816 cingerent,
2496 1759 2550 1802 et
2579 1751 2879 1818 machinas,
2911 1754 3104 1822 quibus
3127 1758 3288 1814 urbes
3311 1765 3618 1831 capiuntur,

2041 1835 2413 1904 admoverent,
2440 1841 2676 1896 cuniculi
2701 1857 2917 1912 quoque
2949 1845 3288 1903 subterranei
3320 1850 3372 1904 in
3405 1853 3619 1911 occulto

2037 1927 2224 1980 subter
2252 1937 2448 1982 terram
2485 1928 2834 1997 ducerentur,
2871 1931 3100 2003 Biganes
3133 1939 3279 1993 misit
3309 1943 3460 1995 urbis
3499 1948 3615 2013 cpi-

2036 2030 2256 2084 scopum
2311 2017 2486 2088 (erant
2516 2021 2660 2074 enim
2692 2021 2983 2077 Christiani
3035 2041 3223 2081 omnes
3294 2032 3479 2086 incola:
3520 2034 3618 2087 Ar-

2038 2107 2325 2177 zattenm),
2384 2125 2543 2177 quem
2581 2110 2882 2182 Romanos,
2935 2116 3056 2184 quia
3098 2116 3390 2175 Christiani
3436 2135 3611 2189 erant,

2035 2198 2240 2265 majore
2273 2199 2572 2254 reverentia
2618 2211 2672 2255 et
2720 2203 2925 2260 honore
2968 2216 3312 2276 excepturos,
3354 2221 3609 2280 tanquam

2032 2301 2311 2342 sacrorum
2369 2292 2694 2358 antistitem,
2745 2296 3095 2363 existimavit,
3155 2301 3221 2354 ad
3269 2300 3608 2371 Mauricium,

2031 2393 2261 2450 eumque
2293 2395 2450 2436 orare
2471 2381 2654 2452 jussit,
2691 2393 2750 2438 ut
2788 2398 3012 2456 accepto
3050 2390 3310 2458 quidquid
3336 2395 3476 2460 apud
3509 2393 3607 2446 ob-

2029 2485 2210 2526 sessos
2246 2483 2363 2526 erat
2389 2474 2507 2526 auri
2531 2484 2583 2528 et
2612 2475 2842 2544 argenti,
2876 2475 3103 2532 Romani
3131 2480 3466 2534 obsidionem
3494 2482 3574 2536 sol
3593 2510 3607 2523 -

2034 2569 2241 2623 vereut,
2295 2575 2469 2628 neque
2521 2561 2660 2615 ultra
2706 2564 2759 2616 in
2805 2579 3001 2619 vanum
3029 2567 3358 2624 laborarent.
3421 2569 3606 2641 Neque

2027 2650 2170 2704 enim
2204 2665 2460 2720 unquam,
2507 2655 2764 2723 quamdiu
2801 2655 2986 2726 Bigaui
3034 2661 3202 2715 solem
3239 2662 3436 2718 intueri
3472 2665 3604 2720 Iice~

2027 2751 2128 2806 ret,
2180 2740 2540 2808 Christianos,
2607 2746 2698 2815 qui
2748 2747 2802 2801 in
2851 2750 3050 2817 oppido
3089 2764 3294 2818 essent,
3343 2754 3604 2809 Romanis

2023 2847 2147 2888 sese
2203 2835 2513 2891 tradituros.
2574 2836 2774 2903 Quodsi
2825 2840 3159 2897 obsidionem
3200 2846 3599 2910 continuarent,

2023 2923 2159 2990 fore,
2199 2927 2714 2981 utChristianorum
2746 2929 3035 2987 multitudo
3082 2935 3305 3004 periret.
3367 2937 3446 2990 Ex
3489 2953 3600 3006 quo

345 3023 568 3092 μένους.
585 3022 772 3077 Ταῦτα
797 3023 1072 3095 Βιγγάνης
1096 3025 1310 3096 ἐδήλου.
1343 3029 1645 3099 Μαυρίκιος
1667 3032 1722 3085 δὲ
1747 3034 1915 3088 πολλά

2025 3017 2196 3080 ﬁeret,
2230 3025 2288 3070 ut
2311 3016 2538 3071 Romani
2567 3017 2714 3087 impii
2742 3034 2867 3088 erga
2895 3021 3060 3076 Deum
3087 3037 3294 3089 essent,
3325 3027 3415 3096 qui
3443 3026 3600 3082 Chri-

343 3129 404 3166 τε
429 3113 527 3168 καὶ
551 3115 822 3183 ἐπαγωγά
839 3117 886 3148 ⁸⁸
918 3115 996 3186 τῷ
1029 3117 1168 3187 ίερεῖ
1202 3117 1502 3188 διαλεχθεὶς
1531 3123 1626 3174 καὶ
1656 3125 1769 3188 τοῖς
1798 3127 1914 3197 ἅμα

2025 3108 2244 3173 stianos,
2281 3109 2372 3177 qui
2417 3109 2560 3162 intra
2611 3112 2866 3178 oppidum
2918 3124 3122 3181 essent,
3170 3117 3288 3172 sine
3341 3118 3450 3171 ulla
3496 3134 3593 3172 sua

341 3203 492 3273 αὐτῷ
524 3203 660 3275 πρὸς
687 3204 927 3259 ἱκετείαν
957 3206 1336 3276 ἀφικομένοις,
1370 3209 1584 3274 πίστεις
1609 3229 1670 3265 τε
1701 3213 1914 3279 εὐνοίας

339 3297 475 3368 πρὸς
522 3296 616 3350 τοῦ
669 3297 859 3367 ίερέως
904 3297 1166 3367 εἰληφὼς,
1229 3300 1595 3370 ἀπαγγέλλειν
1659 3305 1912 3359 ἐκέλευσε

339 3389 605 3460 Βιγγάνῃ,
631 3389 727 3454 ὡς,
753 3391 909 3459 εἴπερ
937 3389 1131 3442 ἑαυτὸν
1163 3390 1385 3447 ἐνδώσει
1415 3393 1730 3463 Ῥωμαίοις,
1745 3395 1910 3462 ἀξιώ-

341 3479 508 3548 ματός
540 3495 599 3531 τε
633 3479 882 3549 μείζονος
911 3479 1057 3551 ἥπερ
1090 3479 1176 3550 ἐφ’
1209 3474 1272 3535 οὐ
1300 3481 1394 3536 νῦν
1422 3483 1541 3537 ἐστι
1570 3485 1725 3557 παρὰ
1764 3487 1909 3558 Πέρ-

338 3585 461 3640 σαις
501 3569 865 3642 ἀξιωθήσεται
907 3573 1042 3642 πρὸς
1090 3570 1398 3643 Ῥωμαίων,
1451 3577 1696 3648 κτήσεώς
1725 3596 1785 3632 τε
1823 3580 1905 3634 διο

335 3662 570 3724 πλασίας
609 3663 706 3716 καὶ⁹
757 3663 922 3732 ἄλλης
973 3665 1291 3735 εὐπορίας⁵⁸
1334 3670 1623 3738 γενήσεται
1676 3672 1904 3742 Κύριος.

335 3752 446 3804 Καὶ
478 3749 640 3821 ἕτερα
670 3750 747 3816 δὲ,
781 3752 953 3804 ὁπόσα
981 3748 1048 3822 ἦν
1074 3755 1302 3823 ἐφολκά,
1347 3759 1517 3812 είπὼν
1542 3761 1769 3830 ἀφίησιν
1806 3759 1905 3816 αὖ·

336 3842 419 3904 θις
449 3841 598 3894 ἔνδον
629 3842 723 3895 τοῦ
758 3843 1021 3914 φρουρίου
1071 3847 1326 3912 γενέσθαι
1352 3849 1443 3901 τὸν
1478 3851 1629 3919 ίερέα
1658 3853 1750 3904 καὶ
1779 3855 1905 3916 τοὺς

335 3931 428 3998 ξὺν
454 3932 620 4003 αὐτῷ.
663 3932 823 3986 Ἀλλά
867 3935 973 4004 γὰρ
1006 3936 1034 3988 δ
1068 3936 1343 4007 Βιγγάνης
1386 3940 1716 3993 εὐνούστατα
1764 3942 1904 4013 ἔχων

331 4023 406 4086 ὡς
434 4022 660 4093 βασιλέα
686 4023 912 4095 Περσῶν
936 4026 1032 4077 καὶ
1062 4027 1120 4089 ἐς
1143 4027 1241 4097 τὴν
1265 4030 1385 4082 κατ’
1409 4029 1572 4083 αὐτὸν
1602 4032 1901 4101 πολιτείαν,

330 4115 408 4168 ἔτι
442 4132 507 4184 γε
526 4116 569 4148 δ’
609 4115 716 4186 μὴν
746 4115 825 4186 τῷ
853 4115 1017 4187 χώρῳ
1050 4117 1270 4181 πίσυνος
1291 4160 1304 4185 ,
1359 4121 1560 4190 ἥκιστα
1591 4125 1714 4187 ταῖς
1740 4126 1900 4196 μεγί-

333 4223 488 4268 σταις
537 4205 864 4276 ὑποσχέσεσι
913 4207 1223 4276 Μαυρικίου
1255 4209 1324 4262 τὰ
1374 4204 1492 4265 ὦτα
1524 4211 1751 4282 ὑπέσχε,
1807 4216 1902 4268 καὶ

328 4297 504 4350 ταῦτα
543 4297 830 4368 Βάρϐαρος
860 4297 936 4350 ὢν
965 4298 1066 4351 οὐκ
1115 4300 1382 4369 ἀφηνίασε
1425 4301 1520 4355 τοῦ
1574 4306 1897 4375 πρέποντος,

2014 3197 2170 3267 culpa
2209 3199 2404 3254 misere
2436 3200 2613 3268 perire
2649 3209 2987 3268 paterentur.
3030 3203 3156 3260 Haec
3198 3206 3428 3276 Biganes
3455 3225 3593 3277 prte-

2013 3291 2230 3344 dicavit.
2295 3293 2365 3347 At
2408 3291 2721 3357 Mauricius,
2779 3308 2902 3348 cum
2955 3297 3184 3351 comiter
3237 3298 3402 3352 multa
3455 3314 3578 3354 cum

2009 3381 2262 3452 episcopo
2288 3393 2431 3437 esset
2460 3382 2779 3446 collocutus,
2811 3395 2864 3440 et
2897 3399 3020 3440 cum
3061 3386 3168 3451 bis,
3221 3388 3314 3458 qui
3364 3403 3468 3444 una
3519 3391 3588 3445 ad

2009 3497 2317 3552 exorandus
2349 3496 2623 3557 Romanos
2657 3508 2941 3566 venerant,
2994 3499 3132 3555 bona
3188 3501 3290 3556 lide
3334 3503 3588 3573 utrinque

2006 3587 2356 3659 jurejurando
2387 3591 2619 3659 firmata,
2666 3609 2788 3648 eum
2827 3595 3140 3650 renuntiare
3169 3594 3334 3664 jussit
3365 3594 3578 3665 Bigani,

2008 3681 2052 3736 si
2077 3696 2138 3735 se
2168 3681 2427 3737 Romanis
2468 3687 2727 3750 traderet,
2757 3687 2810 3740 in
2837 3687 3044 3756 majore
3069 3689 3273 3742 honore
3299 3704 3420 3742 eum
3445 3693 3585 3757 apud

2009 3771 2285 3828 Romanos
2306 3772 2569 3838 futurum,
2606 3791 2767 3844 quam
2815 3792 2956 3830 nunc
3003 3779 3145 3845 apud
3171 3778 3367 3833 Persas
3407 3781 3500 3844 sit,
3534 3791 3589 3833 et

2007 3861 2404 3928 possessionem
2442 3862 2606 3930 duplo
2658 3863 2977 3932 ampliorem
3029 3875 3084 3919 et
3126 3868 3365 3919 omnium
3405 3881 3584 3920 rerum

2005 3951 2336 4004 afﬂuentiam
2371 3961 2700 4019 nacturum;
2733 3953 2992 4023 pluraque
3028 3955 3154 4020 alia,
3189 3958 3386 4024 quibus
3428 3957 3581 4011 illum

2003 4042 2265 4107 alliceret,
2296 4042 2573 4110 dictitans,
2622 4045 2825 4098 dimisit
2855 4047 3192 4102 sacerdotem
3232 4057 3286 4103 et
3330 4064 3448 4118 eos,
3491 4053 3582 4120 qui

2002 4148 2125 4189 cum
2162 4149 2228 4190 eo
2273 4145 2449 4199 erant,
2490 4145 2548 4190 ut
2584 4135 2636 4191 in
2667 4143 2856 4191 urbem
2890 4149 3312 4196 reverterentur.
3354 4144 3460 4198 Sed
3491 4144 3582 4198 Bi-

2003 4227 2157 4298 ganis
2185 4241 2396 4284 summa
2422 4237 2540 4282 erat
2567 4243 2694 4299 erga
2727 4243 2903 4296 regem
2929 4241 2985 4284 et
3030 4233 3416 4300 rempublicam
3451 4235 3579 4290 Per-

2001 4333 2182 4374 sarum
2212 4320 2479 4388 voluntas,
2502 4329 2556 4375 et
2585 4337 2776 4391 magna
2802 4322 2902 4377 loci
2931 4321 3144 4377 liducia.
3177 4321 3360 4393 Itaque
3384 4340 3577 4395 quam—

326 4390 425 4459 τὴν
452 4389 509 4442 δὲ
538 4389 596 4455 ἐξ
626 4390 801 4460 ἀρχῆς
825 4390 1072 4444 δουλείαν
1091 4392 1426 4463 τιμιωτέραν
1456 4396 1703 4467 ἡγήσατο
1733 4399 1899 4453 πλού-

2025 4411 2084 4465 πὶε
2116 4410 2383 4466 barbarus
2417 4421 2585 4479 esset,
2617 4389 2866 4466 maximis
2899 4411 3142 4468 Mauricii
3182 4414 3342 4485 126
3373 4415 3578 4484 pollici-

325 4499 442 4536 του.
475 4481 687 4534 Στέλλει
711 4481 767 4533 δὲ
794 4477 951 4545 αὖθις
978 4483 1050 4536 τά
1071 4484 1128 4546 ἐς
1156 4484 1440 4551 ἀγιστείαν
1457 4487 1552 4540 τοῦ
1582 4487 1717 4542 Θεοῦ
1748 4491 1898 4544 ἀνει-

329 4573 487 4642 μένα,
521 4573 958 4643 περιρραντήριά
1008 4590 1066 4626 τε
1119 4575 1214 4627 καὶ
1263 4576 1570 4647 ἐκπώματα
1620 4580 1715 4633 καὶ
1763 4581 1898 4635 ἄλλα

325 4665 425 4718 ὅσα
468 4665 878 4735 τιμαλφέστατα
926 4667 1122 4738 σκεύη,
1155 4667 1232 4732 ὡς
1262 4669 1591 4740 Μαυρίκιον,
1643 4673 1898 4744 καθάπερ

325 4757 518 4827 ἀμέλει
547 4758 716 4826 λύτρα
739 4757 928 4811 τούτου
953 4757 1047 4811 τοῦ
1076 4759 1334 4829 φρουρίου
1354 4761 1526 4813 ταῦτα
1545 4763 1897 4834 ὑποδέχεσθαι

327 4849 642 4915 ἀντιϐολῶν,
686 4850 786 4921 τὴν
837 4851 1153 4922 πολιορκίαν
1198 4853 1590 4907 καταλύσοντα.
1658 4857 1818 4928 Ἀτάρ
1864 4860 1893 4912 δ

327 4944 631 5015 στρατηγὸς
665 4943 854 5013 ἐπειδὴ
898 4943 1071 4997 ταῦτα
1119 4943 1400 5012 ἐθεάσατο,
1449 4948 1508 4998 οὐ
1554 4950 1888 5019 προσήκατο,

327 5032 507 5086 καίτοι
543 5031 766 5104 ἐρίτιμα
785 5032 830 5063 ⁸⁸
863 5033 1199 5102 τυγχάνοντα
1224 5049 1235 5062 ·
1256 5033 1407 5103 ἥξειν
1433 5036 1541 5106 γὰρ
1571 5036 1809 5105 ἔφασκεν
1829 5039 1890 5091 οὐ

323 5122 392 5176 τὰ
425 5124 546 5195 ίερά
586 5124 897 5178 σκυλεύσων
921 5123 1043 5177 οὕτε
1073 5123 1180 5195 μὴν
1225 5126 1447 5196 Χριστῷ
1487 5129 1889 5199 μαχησόμενος,

321 5217 458 5269 ἀλλά
487 5218 582 5270 σὺν
615 5218 835 5288 Χριστῷ
865 5217 1210 5287 πολεμήσων,
1245 5219 1336 5271 καὶ
1369 5219 1569 5288 μᾶλλον
1604 5221 1892 5293 ἐξαιρησόο

322 5325 483 5376 μενος
513 5310 636 5374 τοὺς
660 5309 949 5379 ὁμοδόξους
991 5308 1126 5380 πρὸς
1167 5309 1276 5363 τῶν
1304 5311 1426 5381 ςούκ
1459 5312 1594 5381 ὀρθὰ
1630 5314 1889 5384 φρονούν-

2001 4500 2296 4558 tationibus
2325 4501 2547 4557 minime
2573 4517 2733 4558 aures
2761 4503 3008 4572 praebuit,
3055 4519 3226 4574 neque
3261 4509 3328 4560 ab
3355 4507 3579 4561 honeSto

2003 4591 2248 4648 recessit.
2285 4591 2493 4648 Iustam
2523 4594 2668 4648 enim
2696 4603 2750 4648 et
2782 4594 3076 4664 legitimam
3107 4596 3420 4650 servitutem
3449 4609 3576 4665 erga

1980 4699 2151 4750 oeum,
2191 4685 2282 4753 qui
2330 4699 2498 4754 regno
2537 4694 2788 4755 praeerat,
2838 4686 2994 4757 longe
3042 4685 3246 4741 divitiis
3313 4686 3576 4742 honoriﬁ-

2001 4777 2296 4831 oentiorem
2335 4775 2507 4831 duxit.
2564 4777 2922 4842 Quamobrem
2971 4780 3164 4833 iterum
3216 4779 3576 4848 aquiminaria

2002 4875 2055 4922 et
2087 4867 2280 4936 pocula
2312 4877 2367 4921 et
2408 4868 2512 4921 alia
2551 4870 2871 4937 pretiosiora
2904 4883 3053 4934 vasa,
3109 4885 3231 4938 qua:
3262 4871 3354 4924 Dei
3405 4868 3574 4924 cultui

2001 4958 2390 5023 inserviebant,
2427 4959 2492 5012 ad
2521 4959 2839 5014 Mauriciqu
2871 4960 3038 5021 misit,
3065 4975 3250 5023 orans,
3285 4971 3343 5014 ut
3375 4975 3437 5014 ea
3473 4975 3574 5029 pro

1999 5049 2181 5120 Oppidi
2212 5049 2583 5118 redemptione
2615 5061 2854 5105 sumeret
2881 5060 2935 5106 et
2976 5051 3044 5104 ab
3087 5051 3371 5106 obsidione
3429 5052 3573 5107 desi-

2000 5151 2187 5199 steret.
2253 5139 2359 5195 Sed
2411 5142 2518 5195 dux
2574 5142 2662 5197 ubi
2718 5141 2832 5196 haec
2882 5144 3033 5209 vidit,
3083 5145 3330 5212 quamvis
3389 5143 3570 5212 magni

1999 5234 2156 5302 pretii
2197 5241 2399 5296 essent,
2444 5241 2622 5288 tamen
2669 5235 3014 5302 contempsit.
3068 5235 3197 5288 Illuc
3242 5234 3386 5288 enim
3435 5233 3571 5287 dixit

2000 5341 2061 5382 se
2091 5326 2321 5390 venisse,
2351 5341 2458 5381 non
2485 5334 2544 5380 ut
2568 5341 2722 5381 sacra
2759 5327 3044 5396 expilaret,
3081 5335 3174 5382 aut
3202 5326 3420 5382 Christo
3450 5327 3570 5382 bel-

1569 5447 1799 5507 VARMS
1832 5454 2238 5516 LECTIUNES.

393 5553 447 5641 3°,
473 5551 768 5641 foocbpt‘u
794 5551 918 5641 Va!1
923 5591 937 5614 ,
957 5554 1031 5641 τὰ
1058 5552 1300 5641 ’Χοσδρὼ
1323 5561 1468 5641 vulg.
1535 5566 1587 5641 ξ¹
1631 5572 1810 5638 μεῖναι
1849 5571 1940 5641 Ν.,

322 5621 627 5721 ᾔιθαρξξειν
653 5625 827 5721 vulg."
873 5624 927 5721 “1
957 5621 1286 5721 ’ᾼρξανηνῆς
1313 5621 1455 5703 vulg.
1532 5638 1577 5671 σε
1611 5621 2062 5721 ἀπαγῶγᾶξώῖ.

322 5693 387 5747 ιι.
463 5693 507 5726 ⁵⁸
532 5694 749 5763 ἐρίτιμα
785 5694 874 5758 IL,
908 5693 1152 5766 ἐρύτημα
1175 5693 1326 5772 νοις.

2030 5576 2184 5651 είνας
2213 5577 2358 5651 vulg.
2400 5649 2407 5651 _
2435 5579 2480 5612 δ’
2511 5579 2604 5648 ἀφ’
2637 5577 2834 5651 ἑαυτοῦ
2866 5578 2931 5632 H.
2960 5649 2966 5651 Α
3009 5580 3053 5611 ⁸³
3075 5579 3386 5651 Κιθαρίζων
3420 5580 3562 5647 ναί..

2140 5647 2188 5680 ⁵⁸
2207 5647 2480 5720 ἐμπορίας
2521 5651 2663 5720 vulg.
2698 5650 2742 5681 ⁸⁷
2761 5649 2967 5719 ἕτοιμοί
2987 5666 3048 5719 γε
3081 5647 3246 5721 vulgi,
3282 5652 3362 5706 ἐτι
3394 5668 3454 5722 γε
3482 5653 3562 5724 μὴ
