4010 6210
395 283 503 347 δη
1274 258 2269 328 EXCERPTA'EX-MENAN‘DRO
2307 256 2803 319 PROTECTORE
2846 247 2856 253 ‘
3543 250 3647 315 διο

401 393 512 445 lum
547 388 775 453 faceret,
824 372 917 438 sed
974 381 1151 450 potius
1201 388 1257 431 ut
1306 376 1525 431 Cbristo
1579 372 1873 443 opitulante
1923 382 1977 426 et

2097 388 2186 424 των
2210 369 2457 439 Περσῶν.
2488 363 2618 420 Εἶτα
2652 370 2709 420 ἐν
2739 367 3035 438 ἀπορρήτῳ
3079 365 3226 430 ἔλεξε
3260 364 3337 435 τῷ
3382 364 3653 434 ἱερουργῴ

398 484 611 534 favente
638 477 833 531 bellum
863 480 1090 541 gereret,
1143 476 1199 523 et
1245 475 1391 520 recta
1422 466 1488 519 de
1536 465 1640 518 ﬂde
1686 464 1981 518 sentientes

2097 464 2181 515 5σα
2213 461 2402 530 ἐχρῆν,
2430 459 2776 530 συνεχώρησέ
2828 475 2887 511 τε
2916 458 3069 521 αὖθις
3098 458 3230 511 εἵσω
3267 456 3521 525 γενέσθαι
3560 454 3653 508 τοῦ

396 580 584 624 contra
616 570 833 628 Persas,
887 563 976 629 qui
1029 575 1057 614 a
1090 573 1215 614 vera
1260 557 1350 611 Dei
1408 555 1712 623 cognitione
1757 556 1978 609 aberra-

2097 549 2366 621 ρρουρίου.
2406 549 2494 611 Ὠς
2522 549 2580 603 δὲ
2642 547 2885 617 ἐπανῆκε
2915 546 2978 599 τὸ
3008 546 3319 599 τελευταῖον
3353 546 3382 597 ὁ
3417 544 3599 613 ἱερεὺς
3631 545 3659 595 ό

396 662 549 722 bant,
584 666 845 710 tueretur.
877 651 1080 705 Deinde
1106 650 1352 719 quaedam
1384 654 1594 701 secreto
1625 657 1750 699 cum
1783 658 1976 699 sacer-

2097 643 2379 715 iipGapoc,
2428 641 2523 695 καὶ
2548 640 2702 693 οὐδὲν
2733 639 2914 693 ὁτιοῦν
2956 641 3011 702 ἐς
3056 638 3118 690 τὸ
3171 637 3257 690 ίθὺ
3300 637 3396 706 τῆς
3430 634 3661 703 γνώμης

399 757 546 817 dote,
578 766 697 820 qua:
727 749 791 803 ad
824 746 1122 816 negotium,
1154 744 1297 813 quod
1328 742 1469 795 inter
1494 753 1589 795 eos
1614 738 1972 802 tractabatur,

2097 734 2406 803 ιφθέγξατο,
2429 734 2486 795 ἐς
2517 731 2828 788 τούναντίον
2856 731 2955 800 μὲν
2983 726 3078 783 οὖν
3098 730 3166 781 τὰ
3189 727 3415 798 Περσῶν
3446 724 3663 793 ἐπεφώ-

400 818 762 914 pertinebam,
790 840 1113 899 collocutus,
1146 834 1441 896 concessit,
1470 838 1528 883 ut
1562 844 1749 885 rursus
1791 828 1843 882 itt
1875 842 1974 897 op-

2097 843 2213 878 »ατο
2242 825 2644 895 ἀσπαζόμενος,
2689 822 3126 892 ξυλλαμϐάνεται
3171 821 3272 890 μὲν
3316 822 3407 887 ὅγε
3466 818 3563 872 καὶ
3612 820 3663 871 οἱ

400 912 582 1002 pidum
625 931 845 985 rediret.
882 927 1164 983 Postremo
1206 935 1267 978 ut
1309 935 1499 977 rursus
1540 921 1797 978 sacerdos
1848 919 1982 973 exiit

2097 919 2176 983 ξὺν
2208 917 2378 988 αὐτῷ,
2410 913 2567 979 αὖθις
2618 916 2676 970 δὲ
2710 917 2756 948 ⁸³
2807 913 3277 983 ἐγκελευσαμένου
3318 912 3413 966 τοῦ
3466 925 3665 982 στρατο

402 1022 535 1076 nihil
583 1021 899 1089 quidquam,
952 1015 1092 1085 quod
1133 1029 1198 1068 ex
1257 1027 1314 1067 re
1362 1022 1526 1078 esset,
1577 1010 1830 1077 at'ferens,
1884 1008 1979 1063 sed

2097 1009 2247 1081 ηγοῦ,
2272 1011 2481 1079 εἴχοντο
2503 1009 2605 1078 τῆς
2628 1007 2948 1094 πολιορκίας
2975 1006 3024 1058 oi
3040 1005 3342 1096 :Ptuttaim.

399 1120 588 1182 aperte
612 1108 905 1165 Persarum
934 1105 1095 1160 rebus
1132 1101 1361 1167 faveret,
1409 1102 1522 1170 ipse
1562 1110 1616 1157 et
1649 1099 1743 1170 qui
1798 1113 1919 1154 cum
1949 1112 2015 1155 eo
2052 1110 2208 1155 erant
2239 1098 2396 1169 jussu
2432 1100 2585 1156 ducis
2614 1100 2667 1154 in
2698 1099 2911 1154 vincula
2943 1095 3176 1167 coniecti
3209 1107 3356 1153 sunt.
3426 1095 3665 1154 Romani

400 1220 528 1261 vero
558 1203 894 1259 obsidionem
931 1195 1336 1251 continuarunt.

476 1304 566 1357 29.
609 1300 760 1353 Italia
800 1306 909 1351 tota
945 1293 1056 1348 fere
1090 1307 1121 1346 a
1164 1291 1537 1359 Longobardis
1582 1298 1664 1345 est
1704 1303 1890 1344 eversa
1923 1298 1978 1344 et

406 1396 603 1446 diruta.
628 1392 811 1456 Itaque
833 1384 1077 1440 nonnulli
1105 1399 1170 1438 ex
1200 1389 1394 1437 senatu
1416 1382 1615 1436 veteris
1636 1378 1821 1435 Romae
1853 1395 1973 1435 cum

405 1483 726 1555 quibusdam
748 1477 1144 1539 sacerdotibus,
1170 1490 1305 1543 quos
1329 1476 1417 1543 qui
1445 1488 1672 1528 summae
1697 1487 1975 1529 sacrorum

407 1581 643 1645 praeerat
683 1570 1040 1638 delegaverat,
1086 1566 1154 1620 ad
1209 1565 1591 1634 imperatorem
1624 1563 1784 1635 legati
1816 1577 1978 1618 vene-

407 1674 537 1719 runt
563 1671 809 1725 orantes,
839 1668 894 1713 ut
931 1658 1015 1714 his
1054 1657 1298 1728 partibus
1337 1657 1671 1712 subveniret.
1707 1654 1817 1711 Sed
1846 1656 1975 1711 Per-

408 1760 579 1812 sicum
609 1752 807 1810 bellum
832 1751 932 1805 hoc
963 1760 1205 1819 tempore
1230 1751 1280 1804 in
1307 1748 1562 1803 Armenia
1589 1758 1643 1805 et
1675 1748 1729 1803 in
1762 1747 1986 1804 Oriente

408 1848 547 1913 erat,
582 1847 724 1916 quod
791 1859 897 1899 non
932 1842 1093 1897 modo
1150 1856 1255 1896 non
1300 1841 1735 1904 intermittebat,
1782 1840 1889 1895 imo
1932 1840 1985 1893 in

409 1938 773 1992 ardentiorcm
796 1934 1205 1991 contentionem
1226 1931 1661 2001 ingravescebat.
1684 1931 1761 1986 Eo
1785 1931 1986 1987 factum

411 2041 513 2094 εει,
550 2039 607 2083 ιιι
632 2027 929 2096 imperator
952 2024 1127 2078 nullas
1153 2025 1371 2077 idoneas
1403 2022 1607 2090 copias,
1637 2037 1755 2091 quae
1777 2022 1985 2077 illarum

414 2115 644 2183 partium
697 2113 858 2166 rebus
918 2110 1267 2167 sublevandis
1324 2109 1654 2175 suﬂicerent,
1720 2112 1980 2167 mitteret.

418 2202 803 2259 Verumtamen
870 2202 1101 2269 delectu,
1153 2210 1213 2255 ut
1264 2215 1351 2256 res
1400 2201 1539 2268 tulit,
1579 2202 1782 2267 habito,
1827 2217 1991 2259 exer-

416 2296 610 2359 citum,
650 2308 811 2363 quem
849 2292 1043 2362 potuit,
1078 2292 1249 2356 misit,
1291 2299 1456 2361 atque
1484 2294 1647 2347 etiam
1681 2308 1845 2348 omne
1868 2305 1985 2349 stu-

419 2386 564 2439 dium
597 2394 649 2438 et
688 2383 1018 2454 diligentiam
1062 2378 1335 2448 adhibuit,
1369 2399 1475 2453 quo
1510 2384 1987 2454 Longobardorum

421 2478 584 2529 duces
620 2475 777 2529 donis
814 2475 1201 2537 demereretur,
1239 2488 1385 2543 quos
1407 2489 1597 2541 magna
1636 2475 1741 2530 illis
1771 2479 1989 2546 praemia

422 2565 804 2628 retributurus,
838 2567 903 2618 ad
939 2580 1067 2619 suas
1097 2575 1277 2634 partes
1307 2566 1634 2620 traduceret.
1660 2566 1847 2635 Itaque
1880 2567 1990 2636 ple.

421 2656 573 2725 rique
613 2671 679 2711 ex
740 2656 1216 2725 Langobardorum
1270 2655 1651 2725 principibus,
1706 2658 1990 2727 largitione

422 2748 773 2816 imperatoris
821 2756 1065 2817 accepta,
1105 2746 1171 2801 ad
1211 2745 1483 2802 Romanos
1512 2746 1846 2804 defecerunt.

2156 1289 2262 1346 κθ¹.
2291 1290 2414 1342 Ὀτι
2452 1287 2651 1342 Ἰταλία
2697 1288 2791 1340 ἐπὶ
2811 1289 2855 1319 ⁸⁸
2900 1287 3009 1340 τῶν
3035 1286 3425 1360 Λογγιϐάρδων
3472 1290 3663 1359 σχεδὸν

2085 1378 2276 1432 ἆπασα
2313 1378 2676 1449 ἐπεπόρθητο.
2729 1378 2820 1431 Διὸ
2868 1378 2930 1448 δὴ
2961 1380 3057 1431 καὶ
3111 1378 3175 1431 ἐκ
3204 1379 3301 1448 τῆς
3356 1380 3659 1452 συγκλήτου

2088 1470 2288 1540 βουλῆς
2327 1471 2426 1541 τῆς
2476 1470 2855 1541 πρεσϐυτέρας
2893 1469 3112 1541 Ῥώμης
3155 1472 3274 1541 ἅμα
3320 1470 3557 1542 ἱερεῦσιν
3597 1475 3663 1527 ἐκ

2084 1561 2179 1614 τοῦ
2213 1562 2557 1633 προεστῶτος
2588 1560 2605 1633 Ῐ
2612 1561 2733 1633 τῆς]
2761 1562 3020 1634 ἐνῬώμῃ
3046 1562 3153 1616 τῶν
3187 1563 3351 1633 ίερῶν
3374 1565 3654 1633 πεμφθέν-

2085 1670 2193 1706 των
2225 1652 2408 1718 τινῶν,
2444 1652 2810 1721 παρεγένοντο
2831 1654 3257 1724 πρεσϐευόμενοι
3284 1654 3360 1718 ώς
3390 1656 3482 1709 τὸν
3502 1656 3660 1710 αὑτο-

2086 1744 2351 1813 κράτορα,
2402 1744 2516 1806 τοῖς
2564 1744 2740 1796 ἐκεῖσε
2788 1744 3011 1813 μέρεσιν
3065 1744 3397 1815 ἐπαρκέσαι,
3462 1746 3604 1799 Ἀλλ’
3633 1751 3663 1802 ὁ

2086 1834 2361 1904 Περσικὸς
2394 1834 2629 1903 πόλεμος
2660 1836 2719 1888 ἐν
2761 1835 3024 1906 Ἀρμενίᾳ
3070 1852 3130 1888 τε
3174 1836 3316 1897 κατὰ
3339 1838 3532 1892 ταυτὸν
3568 1842 3666 1893 καὶ

2089 1926 2147 1987 ἐς
2182 1925 2252 1979 τὰ
2282 1926 2409 1995 περ)⁸
2435 1926 2535 1996 τὴν
2570 1925 2712 1995 ἐῴαν
2742 1925 3084 1995 ξυνεστηκώς
3109 1944 3167 1979 τε
3196 1928 3291 1981 καὶ
3321 1930 3420 1983 οῦκ
3446 1931 3667 2002 ἀπολή-

2087 2029 2223 2081 γων,
2266 2013 2467 2083 μᾶλλον
2493 2014 2593 2084 μὲν
2621 2009 2714 2066 οῦν
2745 2014 2838 2068 ἐπὶ
2859 2014 2930 2067 τὰ
2967 2015 3190 2086 μείζονα
3221 2018 3456 2089 δυσχερῆ
3484 2018 3664 2073 ἐκτει-

2088 2104 2333 2176 νόμενος,
2385 2106 2643 2176 οὐδεμίαν
2672 2107 2951 2175 ἀξιόλογον
3003 2108 3349 2179 συνεχώρησε
3401 2112 3665 2181 στρατιάν

2088 2214 2149 2249 τε
2176 2200 2268 2250 τὸν
2289 2198 2688 2271 αὐτοκράτορα,
2707 2199 2828 2251 οὐδὲ
2861 2200 2968 2268 μὴν
2989 2199 3319 2270 ἀποχρῶσαν
3339 2204 3451 2265 τοῖς
3481 2204 3666 2256 ἐκεῖσε

2092 2291 2380 2360 πράγμασι
2426 2291 2656 2361 δύναμιν
2708 2290 2931 2344 στεῖλαι.
2982 2290 3173 2362 Ὅμως
3226 2292 3283 2346 δὲ
3325 2294 3417 2346 καὶ
3456 2295 3521 2346 ἐκ
3557 2296 3667 2345 τῶν

2092 2380 2377 2451 παρόντων
2405 2397 2464 2433 τε
2491 2381 2587 2434 καὶ
2610 2379 2975 2450 ἐνδεχομένων
3002 2380 3313 2451 στράτευμα
3345 2381 3667 2454 ξυναγείρας

2092 2470 2341 2524 ἔστελλεν
2380 2474 2408 2525 ὁ
2458 2470 2708 2542 βασιλεὺς
2727 2487 2742 2501 ⁵
2771 2471 2869 2523 καὶ
2902 2471 3000 2543 τὴν
3027 2471 3195 2541 ἄλλην
3228 2471 3436 2525 ἐτίθετο
3465 2475 3666 2545 ἐπιμέ-

2092 2564 2241 2618 λειάν
2270 2582 2330 2617 τε
2363 2565 2460 2617 καὶ¹
2495 2564 2733 2634 σπουδὴν
2754 2603 2770 2629 ,
2800 2564 2855 2616 εί
2882 2552 3001 2627 πώς
3040 2580 3190 2630 τινας
3215 2565 3324 2619 τῶν
3351 2567 3670 2636 ἡγουμένων

2091 2654 2187 2708 τοῦ
2222 2654 2612 2725 Λογγιϐάρδων
2642 2654 2828 2719 ἐθνους
2853 2654 3174 2726 δεξιώσηται
3207 2656 3401 2727 δώροις
3437 2658 3669 2711 ὑποπεῐ-

2095 2746 2201 2799 θων
2232 2745 2324 2800 καὶ
2357 2746 2617 2816 μεγίστας
2645 2744 3117 2817 ἐπαγγελλόμενος
3142 2746 3399 2815 χάριτας.
3433 2747 3575 2817 Ἤδη
3603 2765 3664 2800 τε

2094 2837 2337 2891 πλεῖστοι
2384 2838 2494 2891 τῶν
2556 2837 2797 2891 δυνατῶν
2834 2837 3173 2908 μετετίθεντο
3200 2839 3277 2902 ώς
3318 2839 3629 2909 Ῥωμαίους
3653 2880 3668 2903 ,

2017 2944 2062 3005 c
2094 2930 2192 3001 τὴν
2238 2932 2303 2982 ἐκ
2352 2930 2446 2983 τοῦ
2478 2929 2878 3000 αὐτοκράτορος
2904 2930 3171 2998 ὠφέλειαν
3217 2930 3665 3001 προσδεχόμενοι.

491 3012 581 3067 50.
635 3013 903 3084 Bajanus,
963 3011 1199 3068 Avarum
1247 3013 1542 3083 citaganus,
1598 3015 1789 3069 eodem
1850 3029 1991 3071 anno

427 3104 725 3174 Targitiutn
759 3105 823 3158 ad
857 3105 1265 3174 imperatorem,
1302 3104 1391 3173 qui
1424 3106 1669 3173 praestari
1707 3105 1867 3161 solita
1897 3107 1991 3160 sti-

427 3196 621 3265 pendia
651 3196 913 3266 exigeret,
955 3178 1319 3267 misit‘(erant
1346 3206 1523 3250 autem
1566 3197 1840 3267 octoginta
1873 3198 1990 3251 mil-

427 3288 491 3339 lia
541 3304 905 3352 nuutmorum,
956 3304 1074 3357 quae
1122 3290 1415 3358 quotannis
1466 3290 1889 3361 pendebantur),
1943 3298 1996 3343 et

425 3380 514 3434 ubi
558 3396 680 3433 cum
719 3379 939 3447 reliquis
975 3380 1274 3444 mercibus,
1298 3383 1457 3448 tquas
1509 3389 1737 3445 emerat,
1773 3389 1826 3434 et
1871 3395 1993 3433 cum

310 3496 313 3507 ι
426 3486 560 3524 auro
602 3470 667 3523 ad
703 3470 853 3523 illum
899 3469 1158 3532 redierat,
1198 3469 1496 3534 barbarus,
1535 3470 1681 3524 nulla
1710 3470 1997 3526 occasione

282 5379 365 5420 ,ο

430 3569 522 3613 aut
550 3573 714 3615 causa
744 3558 1005 3623 conﬁcta,
1027 3572 1095 3612 ne
1124 3558 1316 3614 faISam
1349 3561 1563 3628 quidem
1590 3561 1992 3616 accusationem

431 3653 482 3704 in
510 3650 784 3704 Romanos
810 3650 1156 3706 comminisci
1194 3653 1468 3720 dignatus,
1507 3653 1995 3722 impudentissime,

424 3744 516 3814 qui
541 3743 790 3798 barbaris
829 3744 989 3812 127
1009 3758 1125 3799 mos
1151 3754 1257 3808 est,
1285 3744 1515 3810 hedera,
1539 3761 1656 3815 quae
1681 3762 1803 3802 cum
1835 3746 1996 3801 Tibe-

427 3838 510 3889 rio
540 3835 698 3889 initio
732 3834 850 3905 ejus
889 3836 1099 3904 imperii
1136 3834 1361 3902 fecerat,
1406 3838 1574 3907 rupit,
1600 3846 1658 3891 et
1695 3853 1816 3893 cum
1851 3838 1996 3893 omni

426 3928 667 3981 exercitu
738 3941 962 3982 movens
1012 3926 1079 3982 ad
1149 3927 1349 3983 Savum
1410 3927 1632 3983 ﬂuvium
1695 3929 1836 3984 inter
1884 3929 2001 3984 Sir-

432 4019 596 4073 mium
655 4019 912 4088 oppidum
967 4019 1093 4088 (hoc
1157 4033 1223 4073 ex
1266 4018 1476 4074 insidiis
1537 4033 1731 4088 capere
1781 4020 2000 4090 cogita—

430 4113 543 4179 bat)
599 4117 652 4164 et
684 4108 1042 4180 Singedonem
1075 4120 1252 4164 castra
1297 4110 1468 4178 ponit,
1498 4120 1554 4165 et
1587 4111 1809 4166 ﬂuvium
1838 4122 2001 4181 ponte

427 4199 655 4271 iungere
680 4201 926 4268 suscipit.
964 4198 1098 4254 Cum
1121 4209 1299 4254 autem
1329 4200 1564 4268 timeret,
1589 4217 1655 4257 ne
1687 4218 1717 4256 a
1743 4202 2001 4259 Romanis

2166 3021 2228 3075 λ’.
2263 3022 2386 3075 Ὅτι
2418 3021 2643 3086 Βαῖανὸς
2682 3021 2835 3075 ὁτῶν
2870 3021 3115 3093 Ἀϐάρων
3134 3023 3176 3053 ⁶¹
3210 3022 3473 3092 χαγάνος,
3514 3023 3675 3076 οὔδει

2099 3115 2228 3184 μιᾶς
2282 3114 2539 3185 ἀφορμῆς
2580 3113 2613 3184 ἢ
2662 3112 2914 3183 σκήψεως
2968 3111 3287 3182 λαϐόμενος,
3337 3113 3461 3167 οὐδὲ
3495 3113 3672 3186 ψευδῆ

2095 3204 2230 3274 γοῦν
2257 3206 2396 3259 κατὰ
2424 3206 2712 3276 Ῥωμαίων
2741 3205 2920 3259 αἰτίαν
2951 3204 3185 3269 ἀξιώσας
3218 3206 3341 3260 τινὰ
3371 3207 3671 3271 συνθεῖναι,

2096 3298 2231 3351 ἀλλὰ
2260 3297 2368 3368 γὰρ
2414 3297 2509 3351 καὶ
2553 3298 2696 3351 κατὰ
2726 3298 2843 3351 τόδε
2875 3298 3077 3367 ὁμοίως
3106 3298 3167 3351 τὸ
3212 3298 3333 3362 ἔτος
3376 3300 3673 3370 Ταργίτιον

2098 3393 2235 3457 πρὸς
2266 3388 2490 3458 βασιλέα
2519 3388 2754 3454 στείλας,
2778 3388 2854 3453 ώς
2883 3389 2951 3441 τὰ
2988 3390 3350 3461 συνταχθέντα
3382 3393 3676 3462 κομίσαιτο

2096 3475 2206 3526 τῶν
2245 3476 2545 3545 χρημάτων
2597 3476 2946 3549 (ὀγδοήκοντα
2971 3478 3028 3532 δέ
3060 3479 3297 3549 χιλιάδες
3320 3483 3565 3552 ὑπῆρχον
3596 3486 3676 3547 είς

2098 3568 2217 3630 ἔτος
2271 3568 2500 3623 ἕκαστον
2549 3571 2952 3642 νομισμάτων),
3002 3572 3190 3643 ἐπειδὴ
3236 3574 3326 3627 τόν
3384 3592 3443 3627 τε
3509 3575 3672 3629 ἄλλον

2100 3660 2317 3732 φόρτον,
2374 3660 2432 3713 ὃν
2464 3663 2528 3715 ἐκ
2553 3662 2661 3716 τῶν
2694 3664 2993 3735 χρημάτων
3026 3665 3440 3736 ἐνεπορεύσατο,
3479 3667 3575 3721 καὶ
3613 3667 3677 3719 τὸ

2098 3751 2322 3824 χρυσίον
2348 3751 2486 3823 ἔχων
2512 3754 2785 3824 ἐπανῆκεν
2814 3756 2890 3820 ώς
2917 3755 3101 3820 αὑτὸν,
3136 3758 3343 3821 ἐκεῖνος
3374 3759 3676 3829 ἀναισχυν-

2099 3847 2296 3902 τότατα
2323 3850 2416 3902 καὶ
2448 3848 2852 3920 βαρϐαρώτατα
2876 3851 3032 3922 ἄφνω
3058 3852 3381 3924 παραλύσας
3410 3852 3511 3918 τὰς
3542 3871 3677 3907 συν·

2101 3938 2296 4008 θήκας,
2341 3938 2407 4003 ἃς
2450 3940 2585 4011 πρὸς
2633 3941 2882 4011 Τιϐέριον
2929 3944 3031 4013 τῆς
3084 3944 3363 4015 Καίσαρος
3406 3945 3677 4000 ἐπιϐάντα

2100 4029 2269 4099 τύχης
2294 4031 2455 4095 εὐθὺς
2498 4032 2557 4085 ἐν
2588 4033 2785 4103 ἀρχαῖς
2834 4035 3147 4103 ἐποιήσατο,
3187 4037 3280 4090 καὶ
3329 4040 3675 4110 πανστρατιᾷ

2101 4123 2352 4192 κινήσας,
2404 4122 2711 4190 ἀφικνεῖται
2768 4125 2909 4179 κατά
2961 4126 3026 4197 δὴ
3078 4126 3170 4179 τὸν
3222 4128 3359 4181 Σάον
3402 4128 3675 4197 ποταμὸν,

2106 4213 2309 4283 μεταξὺ
2342 4215 2569 4285 Σιρμίου
2601 4216 2808 4278 πόλεως
2839 4218 2934 4270 καὶ
2964 4218 3309 4289 Σιγγηδόνος.
3359 4221 3470 4273 Καὶ⁵
3500 4237 3674 4289 γεφυ-

435 4291 793 4360 impedtretur
852 4293 943 4360 qui
1003 4287 1317 4361 Singedone
1368 4292 1420 4346 in
1490 4293 1755 4363 prtesidiis
1812 4306 1992 4360 erant,

2106 4302 2233 4374 ροῦν
2275 4305 2548 4375 ἐπεχείρει
2582 4307 2673 4359 τὸν
2707 4305 2859 4376 ῥοῦν,
2892 4287 3262 4365 ἐπιϐουλεύων
3315 4311 3415 4381 μὲν
3463 4287 3675 4383 Σιρμίῳ

437 4382 670 4434 maxime
699 4380 842 4451 quod
894 4380 1122 4436 multum
1152 4397 1308 4459 usum
1357 4393 1412 4437 et
1457 4384 1744 4439 scientiam
1777 4388 1993 4441 navium

434 4471 677 4527 ﬂuminis
700 4472 991 4540 habebant,
1005 4464 1285 4527 consilium
1308 4490 1487 4541 suum,
1509 4484 1792 4545 antequam
1814 4478 1867 4532 in
1887 4479 2002 4533 vul-

432 4578 530 4631 gus
573 4565 957 4629 innotesceret,
999 4574 1378 4630 exsecuturus,
1410 4567 1573 4620 multa
1614 4569 1853 4624 vectoria
1882 4586 1999 4640 grao

435 4656 628 4721 viaque
665 4655 878 4722 navigia
908 4656 960 4709 in
994 4654 1132 4710 Istro
1170 4672 1264 4726 per
1294 4657 1629 4726 superiorem
1659 4660 2022 4718 Pannoniam.

428 4745 631 4814 coegit,
666 4758 731 4797 ex
759 4745 978 4814 quibus,
1017 4760 1368 4827 quaecumque
1393 4749 1633 4804 nancisci
1666 4752 1860 4819 potuit,
1892 4767 1995 4809 non

432 4840 648 4910 quidem
685 4840 750 4894 ad
791 4842 922 4896 artis
954 4842 1171 4896 navium
1216 4842 1654 4898 aidiﬂcandarutn
1708 4846 1994 4910 rationem,

436 4943 616 4988 tamen
657 4947 820 4988 naves
868 4947 930 4987 ea
978 4936 1369 5005 magnitudine,
1413 4946 1474 4992 ut
1515 4938 1582 4992 ad
1635 4939 1831 4994 bellum
1859 4952 1997 5011 aptae

434 5034 637 5091 essent,
676 5025 963 5089 exstruxit,
997 5037 1051 5081 et
1092 5042 1184 5083 eas
1218 5029 1530 5085 hominibus
1569 5034 1793 5089 armatis
1826 5044 1880 5090 et
1914 5051 1998 5090 re-

437 5117 669 5188 migibus
701 5118 977 5182 instruxit,
1017 5122 1109 5189 qui
1144 5121 1431 5176 barbarum
1482 5124 1535 5177 in
1573 5139 1777 5179 morem
1819 5129 2001 5181 incon-

435 5209 565 5264 ditis
613 5209 810 5264 ictibus
846 5225 1040 5278 aquatn
1083 5213 1462 5268 verberabant.
1496 5215 1570 5269 Ita
1623 5216 1779 5270 simul
1829 5218 2001 5275 classe

442 5317 639 5372 magno
661 5313 805 5358 motu
830 5302 1049 5359 ﬂumine
1077 5304 1318 5371 derecta,
1340 5323 1462 5362 cum
1493 5309 1741 5364 omnibus
1765 5309 2000 5366 Avarum

2102 4399 2168 4467 τῇ
2203 4396 2352 4450 πόλει
2411 4398 2505 4450 καὶ
2552 4400 3010 4470 παραστήσασθαι
3048 4402 3255 4473 ταύτην
3307 4402 3671 4474 βουλόμενος·

2107 4488 2290 4552 δείσας
2320 4489 2397 4553 δέ,
2431 4488 2506 4559 μὴ
2541 4489 2900 4563 διακωλυθείη
2929 4493 3067 4563 πρδς
3091 4493 3204 4547 τῶν
3241 4494 3530 4565 Ῥωμαίων
3561 4496 3680 4548 τῶν

2106 4578 2577 4648 ἐπιφυλαττόντων
2619 4584 2676 4634 ἐν
2727 4584 3077 4653 Σιγγηδόνι⁶⁹
3116 4585 3211 4639 καὶ
3238 4586 3336 4657 τὴν
3375 4588 3439 4639 ἐκ
3467 4586 3676 4640 πολλοῦ

2103 4671 2199 4725 τοῦ
2250 4672 2441 4742 χρόνου
2491 4674 2689 4745 πεῖράν
2721 4693 2781 4728 τε
2817 4678 2912 4729 καὶ
2959 4678 3267 4748 ἐπιστήμην
3298 4681 3357 4731 ἐν
3404 4682 3524 4743 ταῖς
3574 4680 3676 4731 τοῦ

2106 4763 2354 4835 ποταμοῦ
2403 4768 2596 4822 ναυσὶν
2642 4768 3034 4839 ὑπειδόμενος,
3080 4770 3402 4840 βουλόμενός
3451 4788 3511 4824 τε
3566 4772 3682 4841 πρὸ

2104 4856 2197 4910 τοῦ
2215 4857 2259 4888 ⁸³
2288 4856 2385 4928 τὴν
2427 4858 2619 4929 βουλὴν
2657 4862 2714 4924 ἐς
2743 4861 2804 4913 τδ
2848 4863 3080 4931 φανερὸν
3115 4864 3368 4916 ἐκπεσεῖν
3389 4864 3447 4916 τὸ
3488 4865 3647 4932 ἐγχεί
3670 4893 3681 4899 ε

2108 4965 2260 5019 ρημα
2281 4950 2672 5015 τελεώσασθαι,
2713 4952 2873 5005 πλοῖα
2904 4955 3235 5024 συναγείρας
3267 4955 3410 5007 κατὰ
3436 4955 3536 5022 τὴν
3561 4955 3681 5007 ἄνω

2106 5041 2419 5095 Παννωνίαν
2449 5044 2529 5105 είς
2555 5043 2644 5097 τὸν
2665 5044 2880 5115 Ἵστρον
2907 5046 3077 5099 πολλὰ
3101 5047 3292 5117 βαρέα,
3324 5046 3420 5099 καὶ
3445 5046 3505 5099 οὐ
3534 5046 3683 5097 κατὰ

2106 5131 2264 5201 λόγον
2290 5134 2388 5203 τῆς
2413 5135 2764 5205 ναυπηγικῆς
2791 5135 3005 5207 τέχνης,
3035 5137 3186 5206 ὅμως
3216 5138 3280 5189 ἐκ
3306 5137 3415 5190 τῶν
3447 5136 3681 5189 ἐνόντων

2109 5224 2329 5294 μακρὰς
2396 5227 2887 5298 συμπηξάμενοςθι
2936 5229 3327 5298 στρατιώτιδας
3378 5228 3529 5295 ναῦς,
3579 5229 3682 5281 καὶ

2108 5314 2337 5377 πολλοὺς
2372 5317 2429 5369 ἐν
2460 5317 2651 5382 αὑταῖς
2678 5319 3004 5384 ἐπιϐιϐάσας
3029 5320 3250 5383 ὁπλίτας
3278 5319 3469 5389 ἐρέτας
3496 5336 3579 5383 τε,
3611 5320 3678 5371 οὐ

1738 5467 1967 5525 VARIE
2016 5470 2421 5530 LECTIONES.

512 5592 779 5691 ἒθρδξηῇιρο
825 5593 968 5691 ὶὲιίὲτ
996 5597 1089 5691 vi:
1334 5689 1359 5691 Η
1456 5600 2117 5691 ἈϐάρωνιξίηςΑράβων
2148 5611 2295 5691 vulg.
2372 5612 2416 5644 ⁸⁸
2441 5614 2742 5686 Σιγγηδῶνι
2768 5618 2971 5686 passim
3034 5619 3175 5691 vulg.
3254 5621 3299 5652 ⁸³
3323 5619 3429 5691 πρὸ
3464 5617 3557 5672 τοῦ
3579 5616 3677 5686 Ν..

440 5665 575 5732 πρὸς
628 5666 794 5734 vulg,
841 5665 969 5735 πρίν
1000 5667 1114 5723 Val.
1182 5670 1226 5700 ”
1261 5665 1681 5741 συμπηξάμενος
1717 5665 2130 5748 ΙΙ.,⁷ἀμπηξάμ.
2159 5665 2310 5752 νυῘᾲ.
