4006 6214
337 175 439 238 841

1146 170 1242 230 DE
1286 164 1847 229 LEGATIONiRUS
1879 165 2233 227 GENTIUM
2274 168 2372 226 AD
2406 166 2790 229 ROMANOS.

3472 175 3581 237 842

341 281 486 336 κατὰ
531 279 759 349 κόσμον,
797 277 932 331 ἀλλὰ
978 277 1326 347 βαρϐαρικῶς
1371 295 1426 329 τε
1472 280 1566 330 καὶ
1612 276 1915 345 ἀνωμάλως

2023 276 2361 341 pedestribus
2398 277 2567 343 c0piis
2610 293 2703 344 ιιι-ι·
2747 276 3074 331 δῗΓιιιὶίιηὲὶιη
3111 279 3336 332 insulam
3370 297 3585 339 cursum

335 377 454 435 ταῖς
494 374 709 432 κώπαις
754 369 1056 431 τύπτοντας
1098 369 1159 420 τὺ
1206 368 1370 439 ὕδωρ,
1424 371 1649 439 κινήσας
1698 368 1912 438 ἀθρόον,

334 469 455 529 ταῖς
502 452 908 531 τε⁶ὲπακτρὶσι
958 460 1047 512 τὸν
1094 461 1360 530 ποταμὸν,
1415 464 1510 513 καὶ
1563 459 1726 522 αὐτὸς
1779 459 1917 528 μετὰ

338 559 525 627 πάσης
551 559 650 635 τῆς
694 554 945 622 Ἀϐἀρων
978 555 1234 624 στρατιᾶς
1266 554 1404 624 πεζῇ
1436 554 1524 605 διὰ
1554 554 1654 622 τῆς
1687 554 1914 623 Σιρμιακ

336 651 433 719 νῆς
469 646 833 719 πορευόμενος
863 646 1050 715 νήσου,
1082 646 1436 716 παραγίνεται
1465 646 1606 698 κατᾶ
1647 647 1737 697 τὸν
1780 646 1915 697 Σάον

340 739 610 808 ποταμόν.
662 737 1140 806 Διαταραχθέντων
1196 737 1252 788 δὲ
1305 737 1411 788 τῶν
1456 738 1511 789 ὲν
1563 739 1683 801 ταῖς
1726 736 1914 789 πόλεσι

337 830 569 893 ταύταις
609 831 893 899 Ῥωμαίων
927 831 1016 880 καὶ
1052 829 1111 879 τὸ
1144 829 1449 898 ἐγχείρημα
1482 831 1911 899 συννοησὰντων,

337 921 435 974 τοῦ
485 938 543 974 τε
588 922 645 973 ὲν
676 920 1018 989 Σιγγηδύνια⁵
1047 919 1375 990 στρατηγοῦ,
1432 919 1601 989 Σήθου
1654 918 1911 988 τούνομα,

342 1010 649 1070 στείλαντος
682 1008 814 1077 πρὸς
847 1006 937 1058 τὸν
963 1008 1232 1073 Χαγὰνον,
1268 1000 1356 1057 καὶ
1386 1005 1771 1076 ἐπερωτῶντος
1804 1005 1831 1057 ὃ
1860 1021 1913 1056 τι

288 1118 291 1119 ⁷
338 1102 405 1171 δὴ
425 1095 468 1131 ⁸⁸
505 1099 597 1151 καὶ
638 1098 1225 1168 βουλόμενος,εἱρήνης
1264 1096 1484 1165 βεϐαίας
1516 1113 1575 1149 τε
1600 1099 1693 1150 καὶ
1729 1096 1910 1167 φιλίας

341 1191 685 1260 συνεστώσης
715 1188 864 1259 αὐτῷ
894 1206 953 1240 τε
986 1190 1078 1240 καὶ
1116 1184 1409 1256 Ῥωμαίοις
1438 1226 1452 1250 ,
1484 1187 1620 1255 πρὸς
1650 1186 1737 1239 τὸν
1765 1187 1903 1239 Σάον

337 1280 567 1351 ἀφίκετο
592 1279 867 1348 ποταμόνς
906 1280 1058 1347 Ἅμα
1090 1278 1146 1330 δὲ
1165 1278 1431 1345 λέγοντος,
1465 1278 1539 1340 ὡς
1565 1280 1624 1330 ού
1656 1278 1914 1347 περιόψει

337 1390 430 1426 ται
488 1371 762 1441 γεεξυροῦν
812 1371 1218 1440 ἐπιχειροῦντος
1271 1369 1435 1423 αὐτοῦ
1487 1371 1577 1421 τὸν
1644 1372 1910 1439 ποταμὸν,

339 1465 442 1516 οὐκ
472 1463 862 1533 ἐπιτρέποντος
891 1462 1025 1525 ὅλως
1056 1461 1148 1513 τοῦ
1203 1461 1604 1531 αὐτοκράτορος
1627 1478 1639 1491 ·
1673 1462 1733 1513 οὐ
1776 1461 1912 1513 κατὰ

352 1549 637 1627 Ῥωμαίων
663 1573 714 1608 τι
757 1555 1147 1627 μηχανώμενος
1180 1554 1282 1624 ἔφη
1330 1552 1613 1623 βούλεσθαι
1641 1553 1910 1622 πηγνύναι

2020 367 2207 429 tenuit,
2243 376 2293 418 et
2330 367 2394 417 ad
2428 367 2590 420 Saum
2621 367 2837 421 ﬂuvium
2868 371 3131 437 pervenit.
3168 370 3277 425 lloc
3303 389 3589 443 conspectu

2018 466 2296 523 apparatu,
2327 454 2580 524 Romani,
2616 459 2709 526 qui
2740 460 2787 511 iu
2827 462 3051 513 urbibus
3082 462 3134 515 in
3166 477 3224 516 ea
3276 475 3429 533 parte
3464 466 3585 520 sitis

2017 546 2279 610 habitant,
2317 548 2665 600 vehementer
2704 561 2828 601 sunt
2868 551 3187 617 perturbati.
3225 552 3350 607 Erat
3393 555 3590 611 Sethus

2016 632 2323 701 Singetloue
2350 633 2655 701 praefectus.
2690 634 2735 687 Is
2769 636 2832 688 ad
2861 636 3175 704 Chagauum
3212 642 3375 703 misit,
3404 645 3490 709 qui
3522 658 3589 697 ex

2015 724 2128 793 ipso
2147 737 2434 792 quaereret,
2456 729 2707 794 quoniam
2735 742 2833 794 pax
2866 738 2917 781 et
2948 731 3181 784 amicitia
3222 733 3292 785 illi
3334 752 3452 786 cum
3482 736 3587 788 Rn-

2016 815 2188 868 manis
2213 816 2516 883 esset,quid
2541 818 2639 869 sibi
2676 818 2849 881 vellet,
2890 821 3028 887 quod
3067 822 3131 874 ad
3152 822 3310 876 Sanm
3333 825 3589 891 venisset,

2014 921 2173 975 quem
2211 907 2255 962 si
2301 907 2712 978 poutejungerc
2746 911 3062 967 inconsulto
3088 914 3414 982 imperatore
3460 931 3578 972 tcn-

2018 1007 2177 1063 taret,
2224 1014 2329 1052 non
2380 1011 2642 1068 passurus
2674 1010 2839 1057 esset.
2890 1004 3000 1067 ltle,
3043 1021 3145 1058 non
3197 1016 3253 1060 ut
3289 1009 3583 1076 quidquam

2026 1090 2151 1144 mali
2183 1089 2442 1144 Romanis
2473 1092 2895 1157 machinaretur,
2924 1106 3137 1163 pontem
3172 1112 3230 1151 se
3255 1111 3463 1153 struere
3491 1101 3586 1162 ait.

2013 1182 2106 1236 sed
2144 1192 2200 1236 ut
2248 1192 2435 1238 contra
2487 1184 2771 1240 Sclavinos
2809 1188 3204 1255 expeditionem
3266 1193 3585 1261 susciperet.

2017 1276 2086 1329 Se
2120 1277 2440 1330 transmisso
2467 1277 2593 1334 Sao.
2616 1290 2665 1331 et
2689 1278 2882 1332 finilms
2907 1279 3275 1335 Romanorum
3296 1287 3585 1351 percursis:

2018 1382 2203 1420 rursus
2244 1360 2446 1421 lslru‘m
2486 1370 2859 1438 trajecturum,
2901 1372 3082 1425 multis
3117 1372 3181 1426 ad
3217 1372 3586 1441 trajectionem

2016 1457 2083 1509 ab
2108 1458 2435 1527 imperatore
2460 1456 2825 1514 Romanorum
2850 1464 3152 1531 impetratis
3176 1467 3423 1520 navibus.
3446 1468 3587 1520 Idem

2015 1560 2073 1600 se
2098 1546 2206 1612 jam
2246 1559 2402 1601 antea
2442 1550 2491 1601 in
2544 1552 2772 1618 gratiam
2814 1552 3178 1606 Romanorum
3242 1556 3585 1622 imperatoris

338 1650 439 1717 τὴν
470 1647 737 1717 γέφυραν,
768 1647 943 1708 ἄλλως
973 1646 1028 1698 δὲ
1060 1645 1199 1697 κατὰ
1230 1644 1555 1714 Σκλαϐηνῶν
1578 1645 1909 1716 χωρεῑν,κα“ι

2021 1637 2233 1701 fecisse,
2267 1649 2319 1691 et
2359 1640 2521 1692 multa
2565 1640 2928 1695 Romanorum
2969 1644 3166 1709 millia,
3201 1646 3289 1712 qui
3324 1646 3375 1698 iu
3410 1648 3585 1700 servi--

335 1738 829 1811 διαπεραιούμενος
848 1738 891 1769 ⁸⁷
938 1733 1030 1789 τὸν
1082 1736 1215 1789 Σάον
1253 1736 1549 1788 ἐπιϐαίνων
1604 1754 1661 1788 τε
1712 1737 1769 1798 ὲς
1809 1736 1909 1805 τὴν

347 1823 569 1898 Ῥώμην
600 1823 762 1889 αὖθις
788 1825 879 1878 τὸν
913 1824 1123 1895 Ἵστρον
1174 1824 1530 1893 διαϐήσεσθαι
1561 1825 1679 1878 κατ’
1705 1826 1907 1891 αὐτῶν,

341 1920 543 1974 πλοίων
572 1920 720 1991 αὐτῷ
754 1919 960 1972 πολλῶν
1018 1918 1167 1988 παρὰ
1213 1918 1319 1970 τῶν
1344 1918 1389 1950 ⁸⁸
1430 1918 1714 1986 Ῥωμαίων
1744 1919 1907 1970 αὐτοι

347 2012 618 2083 κράτορος
641 2012 697 2075 ἐς
716 2011 814 2082 τὴν
845 2010 1092 2064 διάϐασιν
1120 2008 1715 2079 παρασκευαζομένων.
1739 2009 1911 2061 Τοῦτο

345 2103 455 2173 γὰρ
476 2100 540 2171 δὴ
570 2101 664 2155 καὶ
696 2104 956 2171 πρότερον
993 2101 1131 2170 πρὸς
1158 2101 1317 2169 χάριν
1363 2098 1456 2151 τοῦ
1500 2099 1783 2170 Ῥωμαεων
1813 2099 1909 2169 βας

351 2194 544 2257 σιλέως
569 2193 792 2261 πρᾶξαι,
815 2194 909 2246 καὶ
940 2194 1137 2255 πολλὰς
1162 2192 1521 2261 αἰχμαλώτων
1559 2192 1821 2262 μυριάδας
1850 2193 1912 2243 ἐκ

342 2285 442 2355 τῆς
476 2284 763 2354 Ῥωμαίων
804 2284 908 2355 γῆς
951 2284 1277 2354 Σκλαϐηνοῖρ
1316 2284 1729 2353 δεδουλωμένων
1760 2284 1911 2338 ὲλευ-

344 2377 510 2447 θέρας
534 2374 690 2440 αὖθις
730 2374 1021 2447 Ῥωμαίοις
1051 2376 1364 2429 ἀποδοῦναι.
1400 2377 1512 2429 Νῦν
1553 2377 1608 2429 δὲ
1658 2377 1911 2449 ὑϐρίσθαι

347 2468 447 2537 μὲν
471 2468 621 2537 ἔλεγε
659 2468 793 2538 πρὸς
829 2468 1067 2520 αύτῶν⁶⁹
1113 2469 1171 2520 ού
1203 2467 1542 2538 βουλομένων
1601 2469 1659 2521 τὸ
1716 2485 1912 2521 συντα-

346 2559 473 2628 χθὲν
494 2556 797 2626 τηνικαῦτα
822 2559 974 2622 τέλος
1010 2560 1159 2628 παρὰ
1194 2561 1343 2627 σφῶν
1377 2560 1498 2613 καθ’
1527 2561 1754 2613 ἕκαστον
1794 2560 1912 2624 ἔτος

348 2651 435 2702 ἐπ’
469 2649 630 2702 αὑτὸν
676 2649 1057 2701 κατατιθέναι·
1101 2650 1193 2701 καὶ
1259 2650 1521 2718 πρέσϐεις
1566 2650 1623 2702 δὲ
1670 2650 1913 2718 Ἀὅάρων

347 2741 640 2803 σταλέντας
698 2741 834 2810 πρὸς
895 2741 1073 2793 αὐτῶν
1124 2741 1451 2811 ἀνῃρῆσθαι.
1496 2743 1592 2793 Διά
1627 2741 1798 2795 ταῦτά
1852 2752 1943 2794 τε¹

345 2830 504 2899 ἥκειν
527 2830 582 2892 ὲς
606 2828 697 2881 τδν
725 2829 881 2894 Σάον,
915 2828 1009 2881 καὶ
1043 2830 1133 2881 ἐπὶ
1158 2831 1330 2896 τούτῳ
1372 2828 1627 2899 πρέσϐεις
1662 2830 1913 2883 ἐκέλευσε

346 2921 608 2988 δέξασθαι
642 2922 773 2991 παρ’
809 2920 973 2974 αὐτοῦ
997 2920 1090 2972 τὸν
1122 2920 1355 2985 Σῆθοντο
1388 2920 1821 2990 στσλησομένους
1847 2922 1914 2975 δι’

348 3011 513 3065 αὐτοῦ
556 3012 630 3075 ὡς
654 3013 745 3065 τὸν
779 3012 1178 3080 αὐτοκράτορα,
1234 3013 1326 3063 καὶ
1359 3013 1682 3081 αἰτήσοντας
1739 3026 1916 3083 παρα-

350 3106 614 3156 σκευάσαι
668 3103 812 3155 κατὰ
854 3104 944 3155 τδν
971 3104 1182 3172 Ἴστρον
1216 3102 1362 3171 αὐτῷ
1397 3104 1464 3154 τὰ
1518 3103 1677 3155 πὶοῖα
1728 3102 1916 3155 διατε-

352 3195 635 3263 ραιοῦσθαι
694 3195 940 3266 μέλλοντι
995 3195 1138 3247 κατά
1186 3195 1531 3263 Σκλαϐηνῶν.
1572 3193 1824 3263 ὐμνύειν
1853 3211 1912 3245 τε

351 3286 539 3354 ἔλεγεν
566 3285 708 3356 ἔχειν
739 3285 970 3354 ἑτοίμως
1015 3287 1143 3347 τοὺς
1192 3284 1578 3354 νομιζομένους
1627 3285 1915 3353 μεγίστους

348 3374 505 3443 παρά
542 3390 603 3426 τε
637 3374 1015 3445 Ἀδάροιςκαι
1054 3374 1344 3440 Ῥωμαίοις
1392 3374 1607 3442 ὅρκους.
1641 3375 1715 3437 ὡς

352 3465 481 3534 μίαν
508 3465 627 3519 τινὰ
655 3464 799 3518 κατὰ
841 3463 1191 3535 Ῥωμαίωνῆ
1227 3465 1368 3516 κατὰ
1414 3466 1509 3535 τῆς
1555 3466 1781 3536 Σιρμίου
1825 3469 1916 3519 πόε-

350 3558 488 3620 λεως
514 3559 906 3628 μηχανώμενος
932 3555 1158 3626 βλάὸην,
1210 3557 1323 3608 ἀλλ’
1368 3558 1458 3609 ἐπὶ
1503 3561 1567 3626 τῇ
1600 3558 1691 3610 τοῦ
1730 3559 1915 3621 ἔθνους

348 3649 460 3702 τῶν
486 3647 812 3718 Σκλαὸηνῶν
840 3648 1015 3719 ἐφόδῳ
1053 3649 1152 3718 τὴν
1183 3648 1429 3716 γέφυραν
1462 3649 1703 3718 βούλοιτο
1741 3650 1914 3719 πήξα-

351 3739 497 3793 σθαι.
532 3737 718 3793 Ταῦτα
782 3739 842 3791 ού
874 3738 1040 3792 πιστὰ
1077 3739 1175 3807 μὲν
1208 3737 1333 3789 οὔτε
1394 3739 1546 3807 Σῄθῳ
1598 3739 1746 3808 αὐτῷ
1789 3740 1912 3793 οὔτε

347 3833 459 3894 τοῖς
503 3832 560 3883 ὲν
611 3830 892 3902 Σιγγηδόνι
925 3831 1100 3883 ἐδόκει
1135 3830 1447 3893 Ῥωμαίοις.
1487 3829 1676 3898 Ὅμως
1703 3830 1760 3882 δὲ
1797 3831 1914 3884 οὔτι

348 3924 706 3994 παρασκευὴν
742 3921 932 3992 ἱκανὴν
980 3922 1123 3991 ἔχειν
1158 3922 1415 3991 οἰόμενοι,
1470 3920 1819 3991 στρατιωτῶν
1855 3937 1914 3973 τε

347 4014 542 4081 ὀλίγων
579 4015 762 4077 αὐτοῖς
793 4014 1076 4084 παρόντων
1146 4014 1241 4066 καὶ
1274 4013 1555 4085 δρομάδων
1601 4014 1737 4066 νεῶν
1790 4014 1915 4065 πολ-

347 4104 454 4156 λῶν
483 4105 542 4157 οὗ
592 4105 902 4178 παρουσῶν,
958 4099 1046 4158 οἷα
1094 4106 1192 4173 τῆς
1223 4105 1487 4175 κινήσεως
1520 4104 1723 4175 ταύτης
1768 4103 1911 4167 ἐξαί-

352 4213 492 4264 φνης
521 4211 581 4248 τε
598 4198 641 4228 ⁷⁸
674 4197 769 4250 καὶ
789 4197 1211 4267 ἀπροσδοκήτως
1239 4197 1537 4265 γενομένης
1555 4210 1567 4223 ·
1597 4195 1713 4264 ἃμα
1738 4212 1795 4248 τε
1820 4195 1913 4248 τοῦ

346 4283 603 4352 Χαγάνου
635 4285 929 4338 διαπειλεῖν
963 4285 1268 4355 ἀρξαμένου
1298 4285 1387 4336 καὶ
1415 4284 1907 4355 διαμαρτύρασθαι,

343 4376 421 4437 ὡς
470 4374 632 4438 αὐτὸς
690 4376 787 4444 μὲν
814 4378 933 4438 ταῖς
968 4376 1105 4445 πρὸς
1140 4376 1447 4445 Ῥωμαίους
1475 4376 1909 4444 συντεθειμέναις

345 4462 498 4533 αὐτῷ
531 4467 658 4536 περὶ
692 4466 791 4536 τῆς
823 4467 1044 4536 εἰρήνης
1075 4468 1305 4535 ἐμμένοι
1337 4466 1654 4536 συνθήκαις,
1692 4469 1831 4521 κατὰ
1856 4469 1912 4521 δὲ

341 4557 453 4610 τῶν
481 4557 676 4611 ἑαυτοῦ
706 4575 766 4611 τε
815 4561 909 4611 καὶ
945 4557 1233 4627 Ῥωμαίων
1282 4560 1557 4627 πολεμίων
1589 4560 1912 4628 Σκλαόηνῶν

343 4651 538 4721 χωρῶν
560 4652 662 4705 οὑκ
692 4651 948 4721 ἀφέξεται
982 4651 1075 4705 τοῦ
1099 4651 1263 4721 ἔργου
1290 4652 1391 4720 τῆς
1421 4652 1784 4721 γεφυρώσεως
1809 4668 1823 4681 ο
1862 4655 1910 4704 εὶ

342 4740 401 4792 δέ
429 4757 512 4803 τις
555 4739 820 4811 θαῤῥήσοι
861 4739 1148 4808 Ῥωμαίων
1206 4739 1265 4792 ἒν
1321 4739 1452 4807 γοῦν
1505 4740 1721 4807 ἀφεῖναι
1760 4741 1912 4809 βέλος

346 4828 487 4881 κατὰ
537 4829 646 4881 τῶν
707 4827 1131 4898 ἐπιχειρούντων
1186 4828 1455 4897 πηγνύναι
1492 4829 1591 4897 τὴν
1636 4827 1906 4897 γέφυραν,

343 4916 637 4985 γινώσκειν
686 4920 907 4983 αὐτοὺς,
962 4921 1037 4982 ὡς
1074 4919 1230 4972 αὐτοὶ
1287 4920 1386 4989 τῆς
1443 4919 1622 4981 αἰτίας
1652 4920 1750 4987 τῆς
1802 4920 1911 4972 τῶν

345 5009 588 5063 σπονδῶν
623 5010 858 5081 ἦρξαντο
887 5012 1233 5074 καταλύσεως
1264 5050 1279 5076 ,
1314 5011 1409 5063 καὶ
1434 5011 1494 5063 τὸ
1524 5010 1792 5075 ἐντεῦθεν,
1816 5011 1911 5064 ἆτε

343 5098 843 5168 ὲκπολεμώσαντας
893 5102 1091 5164 αὐτοὺς
1151 5101 1214 5153 τὸ
1277 5101 1522 5170 Ἀϐάρων
1579 5101 1769 5165 ἔθνος,
1836 5101 1909 5172 μὴ

347 5190 686 5260 μέμφεσθαι,
711 5194 740 5245 ὅ
764 5209 817 5245 τι
846 5192 913 5245 ἃν
946 5192 1078 5262 παρ’
1102 5190 1283 5245 αὐτῶν
1311 5194 1344 5263 ή
1388 5192 1676 5262 Ῥωμαίων
1706 5194 1907 5263 ἡγεμοο

345 5280 438 5337 νεα
460 5280 630 5353 πάθῃ.
659 5281 847 5336 Ταῦτα
887 5282 1158 5345 δείσαντες
1194 5284 1241 5336 οἱ
1272 5284 1329 5337 ὲν
1355 5284 1641 5351 Σιγγηδόνι
1666 5286 1790 5348 τοὺς
1817 5287 1912 5355 ὅρ-

2015 1736 2182 1781 tutem
2214 1744 2240 1779 a
2270 1729 2535 1783 Sclavinis
2561 1730 2760 1785 redacti
2794 1733 3056 1797 fuissent,
3091 1734 3337 1789 libertate
3364 1737 3605 1809 donata,

2017 1821 2272 1875 Romanis
2305 1824 2625 1876 restituisse.
2660 1824 2814 1877 Nunc
2846 1839 2976 1877 vero
3012 1826 3242 1889 dicebat,
3275 1842 3332 1881 se
3373 1845 3399 1880 a
3438 1827 3589 1882 Scia-

2016 1913 2157 1964 vinis
2182 1911 2377 1979 injuria
2425 1912 2697 1976 all‘et‘tum,
2749 1913 2871 1981 quia
2917 1912 3116 1965 nollent
3159 1915 3420 1967 tribuutm
3453 1932 3589 1985 quo-

2016 2002 2193 2054 taunis
2227 2002 2319 2054 illo
2352 2013 2591 2068 tempore
2619 2003 2878 2057 indictum
2904 2003 3004 2057 sibi
3031 2002 3262 2067 solvere,
3285 2016 3392 2058 tum
3422 2010 3581 2061 etiam

2012 2093 2139 2160 quia
2177 2095 2409 2145 Avarum
2464 2093 2675 2163 legatos
2721 2112 2748 2145 ο
2803 2110 2863 2147 se
2904 2097 3097 2149 missos
3132 2098 3499 2163 sustulissent,
3534 2109 3590 2153 et

2015 2196 2132 2235 eam
2164 2198 2284 2237 esse
2313 2198 2554 2246 causam,
2580 2201 2676 2237 cur
2713 2187 2776 2236 ad
2820 2186 2985 2239 Saum
3021 2188 3360 2243 accessisset.
3400 2187 3584 2259 Itaque

2017 2270 2237 2327 Setinum
2268 2275 2524 2341 excipere
2564 2274 2726 2341 jussit
2760 2276 2986 2345 legatos,
3021 2293 3158 2347 quos
3190 2280 3255 2332 ad
3290 2281 3586 2350 imperato-

2018 2381 2128 2417 rem
2176 2367 2467 2431 mittebat,
2520 2369 2609 2437 qui
2660 2380 2924 2437 peterent,
2971 2380 3025 2423 ut
3059 2372 3161 2424 sibi
3208 2372 3259 2425 iu
3305 2373 3587 2428 Srlavinos

2018 2457 2310 2526 trajecturo
2345 2474 2512 2512 naves
2544 2475 2637 2528 per
2660 2460 2854 2514 Istrum
2892 2474 3239 2531 prmpararet.
3273 2465 3587 2531 Adjecit,se

2015 2563 2112 2616 per
2152 2563 2234 2612 ea,
2268 2564 2388 2618 quae
2427 2560 2482 2602 et
2519 2552 2655 2619 apud
2688 2550 2984 2616 Romanos,
3029 2565 3083 2607 et
3119 2555 3324 2609 Avares
3355 2558 3587 2611 sanctis-

2015 2644 2149 2696 sima
2196 2644 2499 2707 habentur,
2548 2656 2792 2713 paratum
2838 2648 3042 2716 jurare,
3092 2662 3151 2702 se
3186 2649 3389 2702 nullum
3436 2648 3588 2704 dant-

2017 2753 2145 2791 nunt
2170 2739 2408 2806 cogitare
2438 2738 2600 2807 128
2627 2746 2719 2791 aut
2747 2738 3028 2804 Romanis,
3051 2750 3141 2792 aut
3162 2742 3360 2811 oppido
3383 2742 3589 2796 Sirmio

2018 2829 2235 2893 inferre,
2271 2830 2363 2883 sed
2396 2839 2627 2893 tantum,
2664 2844 2768 2897 quo
2798 2831 2898 2884 sibi
2942 2832 3144 2886 aditum
3191 2835 3256 2886 ad
3302 2832 3586 2890 Sclavinos

2021 2920 2334 2988 patelaciat,
2384 2928 2598 2987 pontem
2643 2918 2821 2973 facere
2860 2922 3180 2978 instituisse.
3229 2923 3319 2978 His
3367 2926 3585 2995 quidem

1965 3001 1983 3020 ¹
2021 3011 2219 3065 Sethus
2267 3020 2322 3065 et
2373 3010 2623 3073 Romani,
2667 3011 2755 3078 qui
2799 3012 3102 3080 Siugeilone
3136 3024 3309 3081 erant,
3367 3017 3589 3071 minime

2023 3101 2278 3157 ﬁdebant.
2304 3100 2408 3155 Sed
2439 3115 2498 3155 se
2529 3100 2723 3155 idoneo
2748 3104 2985 3154 exercitu
3018 3104 3333 3167 instructos,
3355 3116 3447 3160 aut
3480 3108 3580 3160 mi-

2021 3193 2205 3247 litibus
2252 3192 2475 3261 (paucos
2525 3193 2669 3245 enim
2704 3192 2992 3261 habebant)
3046 3205 3137 3247 aut
3163 3196 3388 3250 navibus
3435 3198 3585 3252 velu-

2020 3284 2173 3338 cibus
2226 3283 2445 3336 minime
2489 3284 2622 3337 satis
2673 3293 2887 3351 paratos
2932 3300 3053 3338 esse
3116 3286 3446 3355 cogitabant.
3489 3287 3586 3344 llic

2019 3377 2162 3430 enim
2191 3385 2367 3430 motus
2395 3377 2459 3429 de
2486 3376 2777 3446 improviso
2809 3385 2859 3428 ct
2900 3385 3094 3445 przt'ter
3118 3394 3266 3447 spem
3297 3382 3584 3436 acciderat.

2019 3468 2284 3521 Praeterea
2332 3466 2621 3537 Clmganus
2667 3468 2906 3522 minitari
2969 3470 3135 3537 C(Bpil.
3177 3480 3231 3524 et
3281 3471 3585 3537 testiﬁcari,

2018 3573 2075 3612 se
2096 3559 2268 3612 solum
2305 3560 2584 3613 conventis
2612 3561 2752 3629 inter
2774 3577 2830 3614 se
2861 3570 2913 3614 et
2951 3561 3224 3618 Romanus
3278 3566 3424 3632 pacis
3450 3582 3550 3621 con

2018 3649 2315 3701 ditionibus
2343 3658 2506 3710 stare,
2560 3658 2614 3701 et
2644 3636 2896 3715 quoniam
2933 3653 2984 3704 iu
3022 3669 3336 3709 communes
3377 3671 3503 3711 suos
3532 3671 3587 3712 et

2020 3740 2385 3791 Romanorum
2422 3739 2602 3792 hostes
2646 3750 2855 3808 pergat,
2888 3742 3111 3795 minime
3152 3758 3211 3797 se
3236 3759 3371 3811 onus
3404 3750 3584 3814 pontis

2020 3830 2365 3883 construendi
2401 3829 2859 3885 intermissurum.
2894 3830 3044 3896 Quod
3071 3833 3114 3884 si
3144 3834 3262 3900 quis
3292 3835 3584 3889 Romano-

2021 3934 2138 3971 rum
2171 3918 2367 3970 audeat
2395 3916 2683 3971 velsuuum
2724 3918 2885 3972 telum
2922 3918 3193 3988 conjicere
3238 3922 3287 3973 iu
3327 3936 3443 3989 cos,
3486 3926 3581 3992 qui

2019 4008 2169 4077 ponti
2200 4007 2522 4060 tedilicautlo
2550 4022 2766 4061 manum
2804 4010 3173 4075 admoverent,
3209 4011 3275 4063 ab
3322 4012 3452 4077 ipsis
3487 4015 3585 4066 l0:-

2017 4102 2203 4153 tleruut
2235 4098 2602 4151 violantlorum
2629 4098 2837 4151 initium
2866 4098 3068 4152 factum
3102 4114 3241 4165 esse,
3269 4102 3583 4157 metuinisse

2019 4206 2111 4245 eos
2136 4191 2316 4255 jussit,
2349 4201 2402 4242 et
2433 4203 2599 4257 quum
2628 4188 2729 4255 ipsi
2755 4189 2958 4243 Avares
2989 4190 3039 4242 in
3079 4190 3278 4243 bellum
3324 4191 3543 4261 impulis
3566 4223 3584 4232 -

1949 4295 1989 4347 υ
2019 4291 2155 4340 sent,
2208 4280 2252 4334 si
2304 4280 2433 4350 quid
2470 4279 2592 4333 inde
2645 4276 3011 4333 Romanormn
3049 4295 3137 4334 res
3163 4281 3371 4349 publica
3405 4283 3586 4337 deui-

2022 4373 2183 4427 menti
2217 4372 2442 4441 ceperit,
2477 4373 2541 4424 de
2586 4385 2651 4425 eo
2702 4370 2853 4439 queri
2887 4372 3075 4426 vetuit.
3136 4372 3249 4428 lloc
3278 4376 3431 4430 veriti
3465 4376 3586 4430 Ro-

2020 4465 2185 4527 mani,
2239 4465 2328 4532 qui
2377 4462 2682 4531 Singedoue
2739 4473 2916 4527 erant,
2955 4463 3267 4535 Cliaganum
3312 4469 3377 4521 ad
3415 4469 3587 4537 jusju-

2022 4556 2245 4607 randqu
2282 4565 2661 4622 provocarent.
2684 4554 2865 4623 Itaque.
2893 4556 3178 4611 confestim
3204 4559 3438 4614 Avarico
3479 4562 3585 4613 ritu

2016 4647 2395 4715 jusjurandum
2432 4648 2498 4699 ad
2535 4646 2677 4701 hunc
2706 4648 2922 4701 modum
2962 4649 3234 4715 praestitit.
3287 4651 3425 4704 Ense
3454 4651 3588 4707 edu-

2020 4748 2131 4799 cto,
2164 4736 2264 4789 sibi
2306 4745 2360 4788 et
2400 4738 2634 4788 Avarum
2672 4736 2818 4804 genti
2870 4737 2985 4789 dira
3031 4746 3116 4790 est
3158 4737 3502 4805 imprecatus,
3540 4741 3585 4795 si

2019 4829 2149 4897 quid
2204 4828 2327 4879 mali
2372 4826 2873 4880 comminisceretur
2945 4826 3204 4880 Romanis
3247 4828 3297 4881 in
3339 4845 3403 4882 eo
3445 4835 3587 4899 quod

2021 4931 2235 4988 pontem
2269 4933 2431 4986 super
2459 4919 2565 4971 Sao
2595 4918 2813 4972 ﬂumine
2836 4916 3015 4972 lacere
3038 4920 3360 4987 susceperit,
3394 4932 3451 4973 ut
3473 4922 3587 4991 ipse

2020 5022 2074 5066 et
2110 5012 2361 5065 universa
2396 5026 2528 5080 gens
2560 5011 2626 5063 ad
2659 5010 3084 5066 internecionem
3112 5024 3285 5082 usque
3326 5012 3470 5067 ferro
3498 5028 3589 5083 pe-

2019 5107 2169 5167 riret,
2198 5104 2393 5158 coelum
2428 5118 2492 5155 ex
2540 5102 2645 5155 altu
2691 5117 2852 5171 super
2882 5103 3031 5171 ipsis,
3071 5114 3126 5157 et
3167 5102 3330 5170 Deus,
3391 5106 3480 5175 qui
3530 5108 3583 5165 in

2016 5195 2155 5249 cmlu
2180 5203 2283 5256 est,
2320 5194 2492 5263 ignem
2526 5193 2858 5255 immitteret,
2892 5194 3039 5248 silvae
3059 5202 3113 5248 et
3138 5202 3348 5250 montes
3376 5210 3508 5251 casu
3534 5208 3588 5251 et

2021 5289 2173 5340 ruina
2203 5287 2322 5339 illos
2366 5286 2694 5348 nbtererent,
2724 5296 2776 5338 et
2810 5286 2949 5339 Sans
3002 5284 3198 5341 ﬂuvius
3232 5287 3586 5356 inundatione

1574 5400 1807 5455 VARIzE
1871 5402 2271 5457 LECTIONES.

419 5487 780 5577 “.Etyy‘rj6dw
804 5488 870 5575 Η..
901 5505 1030 5577 mg.,
1052 5490 1525 5577 Σιγγιιξὸνιλξυιςε.
1747 5491 1809 5546 Η.
1838 5494 1921 5577 δἐἰ
1954 5494 2106 5577 vulg;
2183 5494 2224 5523 ⁸⁷
2258 5494 2753 5577 διαπερανούμενρς
2785 5498 2929 5577 vulg.
2972 5492 3017 5577 “‘3
3050 5492 3181 5564 τῶν]
3214 5493 3309 5547 τού
3343 5496 3486 5566 conj.
3520 5496 3581 5555 Β.

344 5557 393 5591 ⁸³
419 5558 600 5612 αὐτῶν
628 5557 769 5622 \’al.,
796 5557 1123 5629 abem—vulg.

674 5653 949 5714 PATROL.
985 5655 1102 5715 Gn.
1136 5652 1345 5715 CXIII.

1199 5560 1247 5590 '“’
1280 5560 1573 5630 ΣῆθονἨ.,
1605 5562 1760 5632 δῆδον
1790 5564 1956 5633 vulg.,
2010 5560 2172 5633 δῆθεν
2225 5580 2326 5634 mg.
2371 5560 2436 5617 Il.

2514 5566 2556 5597 “
2582 5582 2641 5617 τε
2686 5564 2773 5629 N.,
2806 5564 3053 5636 tqi'vuig.

3144 5658 3219 5718 9.7
