3954 6210
339 296 444 354 8.53

1157 287 1256 348 DE
1295 285 1864 348 LEGATIONIBUS
1905 283 2393 343 ROMANORUM
2425 283 2524 342 Al)
2553 282 2868 342 GENTES.

3474 274 3579 339 83i

339 404 598 458 ταοέσθαι
638 403 706 457 τὰ
749 403 890 458 ὅπλα
932 401 1300 471 ἑκασταχόσε,
1340 400 1686 471 ἐκπέμπεται
1731 399 1914 453 αὐτόθι

2026 412 2229 466 quoque
2270 397 2462 451 missus
2507 413 2534 449 a
2584 395 2762 451 Persis
2803 395 3010 464 legatus
3053 393 3309 462 dignitate
3357 392 3578 456 licbns.

340 496 432 548 καὶ
459 496 682 565 Περσῶν
709 493 1063 564 πρεσϐευτὴς,
1088 487 1133 560 ᾧ
1157 491 1293 561 δῆτα
1324 492 1536 562 ὑπῆρχε
1568 492 1666 560 μὲν
1693 492 1906 561 ἀξίωμα

337 587 459 640 re"
492 586 590 656 Ζὶχ
610 626 625 648 ,
660 587 919 656 μέγιστόν
949 604 999 639 τι
1031 584 1188 639 τοῦτο
1221 584 1373 652 παρὰ
1397 588 1510 647 τοῖς
1547 584 1783 654 Πέρσαις
1813 583 1908 650 γέ-

343 695 472 749 ρας,
514 679 851 750 προσηγορία
888 678 944 731 δὲ
983 678 1149 731 αὑτοῦ
1185 675 1613 744 Ἰεσδεγουσνάφ.
1650 668 1818 738 Οὗτος
1853 675 1908 728 δὲ

339 765 724 835 παρευναστὴρ
749 766 841 818 τοῦ
867 765 1159 819 κατάὐτὸν
1173 767 1218 797 ’³
1247 764 1510 834 βασιλέως
1535 765 1766 834 ὑπῆρχε.
1798 768 1908 819 Καὶ

337 857 515 908 τοίνυν
551 857 608 907 ἐν
649 854 832 925 ταυτῷ
853 855 898 884 ’⁵
934 854 1215 923 γενόμενοι
1253 854 1302 906 οί
1344 853 1632 923 πρέσϐεις,
1673 854 1766 907 καὶ
1800 854 1908 906 τῶν

339 946 646 999 κατάὐτῶν
672 945 979 1016 ἐπιχωρίων
1000 944 1281 1014 ἀρχόντων
1306 946 1384 1006 είς
1415 943 1470 996 ἓν
1496 943 1909 1013 ξυναθροισθέν·

337 1057 466 1101 των,
505 1039 842 1107 κατέστησαν
878 1039 935 1100 ές
979 1037 1298 1106 ἐκκλησίαν.
1339 1037 1448 1090 Καὶ
1493 1036 1698 1106 Πέτρος
1736 1039 1764 1089 ό
1803 1037 1910 1089 τῶν

353 1132 632 1200 Ῥωμαίων
660 1130 1023 1203 πρεσϐευτὴς,
1051 1129 1418 1202 ἀποχρώντως
1445 1128 1584 1200 ἔχων
1609 1132 1706 1200 τῆς
1732 1145 1790 1182 τε
1819 1129 1911 1182 ἄλ-

337 1223 432 1290 λης
455 1223 696 1286 παιδείας
717 1223 813 1276 καὶ
835 1223 935 1290 τῆς
963 1223 1070 1275 τῶν
1098 1223 1300 1292 νόμων,
1328 1221 1508 1287 ἔλεξεν
1534 1213 1636 1275 ὧδε
1654 1237 1667 1252 ⁸
1709 1239 1728 1272 ι
1763 1221 1911 1290 Ηάρ-

337 1330 523 1383 εσμεν,
573 1309 617 1366 ὦ
645 1314 835 1384 ἄνδρες
863 1314 1091 1381 Πέρσαι,
1121 1313 1258 1383 πρὸς
1286 1311 1386 1366 τοῦ
1431 1311 1715 1382 Ῥωμαίων
1755 1312 1910 1382 βασι-

337 1405 474 1468 λέως
518 1406 824 1468 σταλέντες.
862 1405 1076 1467 Ὀποῖος
1116 1405 1172 1457 δὲ
1213 1407 1241 1458 ό
1281 1404 1404 1456 καθ’
1430 1405 1578 1473 ἡμᾶς
1622 1404 1910 1473 βασιλεὺς,

340 1491 590 1556 περιττὸν
626 1491 690 1544 ἂν
725 1492 808 1563 εἴη
847 1491 1030 1559 λέγειν
1056 1532 1070 1556 ,
1133 1491 1476 1561 πραγμάτων
1507 1492 1596 1543 τὸν
1631 1491 1800 1562 ἄνδρα
1832 1491 1914 1544 δι-

339 1580 658 1649 ηγουμένων
695 1583 844 1651 ὑμῖν.
883 1583 1122 1653 Πάρειμι
1148 1583 1244 1652 μὲν
1276 1581 1368 1635 οὖν
1402 1582 1488 1650 ἐφ’
1513 1578 1556 1650 ᾧ
1591 1581 1656 1634 τά
1689 1580 1787 1650 τῆς
1811 1581 1912 1651 ήδη

339 1673 710 1741 γεγενημένης
749 1676 805 1735 ὲς
838 1673 1176 1743 τελεωτάτην
1209 1674 1436 1744 εἰρήνην
1477 1672 1909 1742 μετασκευάσαι.

2011 502 2129 556 qua:
2165 486 2414 540 tuaaimze
2433 494 2520 540 est
2552 487 2692 554 apud
2738 483 2933 538 Persas
2977 483 3330 547 auctetitatis,
3368 483 3584 535 nomine

2006 575 2435 646 Jesdegusnaph,
2490 575 2580 642 qui
2631 581 2748 627 erat
2788 572 2950 626 etiam
2998 570 3142 640 regis
3192 569 3579 632 cubicularius,

2011 669 2244 723 advenit.
2279 666 2462 738 Legati
2514 667 2676 735 igitur
2711 672 3100 725 convenerunt,
3130 671 3184 716 et
3235 677 3340 715 una
3368 675 3585 730 quoque

2009 775 2131 814 cum
2164 759 2269 812 illis
2300 759 2539 828 ipsarum
2576 757 2854 825 regionum
2890 755 2986 807 viri
3023 755 3291 823 primarii,
3325 761 3391 806 ut-
3414 753 3478 804 de
3503 753 3585 806 bis

2011 851 2175 904 rebus
2199 850 2582 908 deliberarent,
2614 857 2738 900 sunt
2779 847 3116 915 congregati.
3152 845 3302 914 Apud
3329 859 3462 912 quos
3486 843 3586 896 Pe-

2011 951 2149 1004 trus,
2181 938 2544 993 Romanorum
2575 937 2802 1006 legatus,
2841 950 2961 990 cum
2994 937 3248 990 omnibus
3281 934 3586 1002 disciplinis

2011 1031 2164 1084 valde
2185 1030 2453 1092 excultus,
2486 1039 2594 1082 tum
2627 1028 2893 1096 pnecipue
2924 1029 2973 1082 itt
2996 1028 3117 1095 jure
3149 1035 3418 1091 versatus,
3443 1044 3460 1077 ι
3488 1027 3590 1077 Αιε-

2010 1138 2221 1185 snmus,
2254 1136 2288 1176 o
2314 1120 2414 1175 viri
2441 1119 2642 1179 Persae.
2667 1119 2861 1188 inquit,
2892 1134 2920 1171 a
2953 1119 3316 1172 Romanorum
3354 1119 3590 1187 impera-

2015 1223 2130 1266 tore
2158 1210 2481 1278 missi.Quis
2505 1224 2636 1264 vero
2666 1218 2718 1262 et
2754 1209 2929 1277 qualis
2953 1210 3023 1262 sit
3050 1221 3233 1264 noster
3266 1211 3578 1279 imperator,

2012 1317 2404 1370 supervacuum
2451 1309 2537 1356 est
2585 1301 2784 1354 dicere.
2833 1300 3040 1352 Etenim
3076 1301 3192 1369 ejus
3235 1315 3397 1368 opera
3440 1302 3542 1354 vob
3567 1317 3595 1355 ε

2014 1394 2186 1446 virum
2214 1394 2588 1446 demonstrant
2613 1404 2666 1447 et
2699 1392 2959 1446 indicant.
2983 1391 3185 1445 Adsum
3222 1392 3378 1460 igitur
3401 1401 3458 1443 ut
3480 1391 3590 1459 jam

2018 1485 2178 1538 initas
2205 1496 2257 1538 et
2289 1485 2462 1538 factas
2497 1484 2886 1539 conventioncs
2914 1486 2980 1536 ad
3019 1485 3313 1552 perlectam
3341 1493 3394 1536 et
3425 1484 3592 1535 abso-

2016 1575 2180 1627 lutam
2216 1591 2399 1644 pacem
2445 1575 2744 1629 traducam.
2780 1574 2891 1643 Ego
2927 1590 3056 1628 vero
3097 1575 3328 1642 primum
3359 1574 3504 1643 quali
3540 1584 3594 1627 et

2018 1679 2180 1732 quam
2228 1664 2432 1734 potenti
2483 1680 2601 1717 cum
2660 1667 2856 1734 populo
2907 1663 3204 1727 amicitiam
3254 1663 3590 1718 contracturi

351 1761 688 1826 Ἀναδιδάξαι
719 1764 774 1816 δὲ
807 1763 1067 1834 βούλομαι
1103 1764 1366 1835 πρότερον
1396 1763 1530 1834 πρὸς
1559 1764 1679 1818 οἷαν
1703 1765 1747 1796 ’⁸
1779 1765 1908 1835 ὑμῖν

2026 1759 2156 1821 sitis,
2181 1758 2334 1812 vobis
2354 1757 2643 1813 ostendere
2677 1757 2819 1813 volo.
2845 1756 2998 1823 Quod
3024 1756 3067 1810 si
3099 1755 3297 1809 multus
3324 1755 3376 1807 in
3413 1754 3592 1808 dicen-

339 1853 616 1907 πολιτείαν
643 1857 736 1906 καὶ
765 1855 896 1922 ὅσην
923 1856 979 1906 al
1011 1853 1234 1907 σπονδαὶ
1263 1853 1746 1925 βεϐαιωθήσονται.
1767 1855 1910 1908 Ἀλλ’

337 1946 384 1998 εί
431 1945 522 1997 καί
563 1962 647 2008 τις
697 1946 1134 2018 μεγαλορρήμων
1177 1941 1314 1999 εἶναι
1358 1946 1514 2011 δόξω,
1557 1947 1618 1998 τὸ
1666 1948 1912 1999 συνοῖσον

337 2037 673 2106 ἀμφοτέραις
696 2039 816 2100 ταῖς
847 2037 1141 2099 πολιτείαις
1171 2036 1477 2106 θηρώμενοι
1505 2035 1580 2107 μή
1606 2037 1911 2107 ἀχθεσθῆτε

338 2131 406 2194 τῇ
447 2129 846 2200 περιττολογίᾳ.
883 2129 998 2183 Οὐκ
1037 2131 1093 2192 ὲς
1136 2129 1355 2200 μακρὰν
1389 2129 1498 2200 γὰρ
1538 2131 1594 2181 ὲν
1629 2131 1800 2183 δέοντι
1835 2130 1914 2184 δῦ·

341 2218 481 2282 551."
518 2218 586 2272 τὰ
629 2220 856 2272 τοιαῦτα
894 2219 1168 2290 λελέχθαι,
1207 2220 1637 2292 έπαινεθήσομαί
1677 2239 1736 2275 τε
1776 2223 1913 2294 πρὸς

341 2309 514 2378 ὑμῶν,
544 2309 652 2362 τῶν
683 2311 1022 2381 πραγμάτων
1053 2313 1196 2382 ὑμᾶς
1229 2313 1693 2367 ἀναδιδασκόντων
1723 2316 1822 2385 τὴν
1849 2317 1915 2368 ὲκ

339 2399 447 2451 τῶν
477 2400 649 2467 λόγων
677 2400 962 2468 ὠφέλειαν.
991 2403 1313 2472 Γενήσονται
1343 2403 1520 2456 τοίνυν
1548 2404 1676 2474 ὑμῖν
1705 2407 1758 2457 αἱ
1791 2405 1916 2471 ξυν-

341 2490 505 2559 θῆκαι
527 2492 660 2562 πρὸς
685 2491 1275 2564 Ῥωμαίους.’Δρκέσει
1299 2494 1354 2547 δὲ
1378 2494 1682 2564 Ῥωμαίους
1704 2497 1878 2548 εἰπεῖν
1897 2512 1913 2526 ·

339 2583 490 2653 δηλοῖ
530 2585 637 2654 γὰρ
679 2585 714 2654 ἡ
755 2585 1099 2656 προσηγορία
1130 2586 1198 2638 τὰ
1238 2586 1555 2656 λειπόμενα.
1591 2587 1786 2658 Χρεὼν
1822 2586 1915 2641 οὖν

344 2675 518 2743 ὑμᾶς,
546 2676 621 2738 ὡς
647 2677 781 2746 πρὸς
808 2678 1072 2748 τοσαύτην
1101 2678 1376 2732 πολιτείαν
1403 2680 1790 2750 σπεισομένους
1822 2679 1917 2733 καὶ

343 2768 404 2819 οὗ
437 2769 565 2837 περὶ
597 2768 842 2838 βραχέων
871 2769 1312 2838 βουλευομένους,
1341 2769 1410 2822 τά
1439 2771 1700 2824 κάλλιστά
1730 2788 1787 2824 τε
1821 2771 1916 2825 καὶ

347 2857 659 2911 συνοίσοντα
689 2859 887 2928 μᾶλλον
919 2858 1159 2922 ἑλέσθαι,
1189 2860 1283 2913 καὶ
1310 2861 1431 2914 ἀντὶ
1457 2862 1565 2914 τῶν
1591 2862 1798 2934 ἀδήλων
1821 2862 1915 2916 τοῦ

348 2949 588 3019 πολέμου
621 2950 681 3002 τὸ
715 2950 1113 3020 προδηλότατον
1146 2952 1308 3004 πᾶσιν
1340 2950 1680 3022 ἀνθρώποις,
1709 2953 1809 3023 τὴν
1839 2956 1916 3005 εί-

349 3042 547 3111 ρήνην,
579 3042 783 3110 ἀγαθὸν
815 3042 1177 3107 ἀσπάζεσθαι.
1214 3044 1324 3095 Καὶ
1362 3043 1435 3112 μή
1470 3061 1553 3106 τις
1590 3045 1735 3114 ὑμᾶς
1770 3047 1915 3097 ἀπαο
1945 3088 1993 3150 C

345 3135 491 3187 τάτω
525 3133 814 3203 λογισμὸς,
849 3133 924 3196 ὡς
957 3134 1277 3202 νενικήκατε
1306 3134 1640 3204 Ῥωμαίους,
1677 3136 1921 3206 ἐπηρμέ-

345 3240 426 3275 νοι
457 3223 533 3293 τῷ
561 3226 659 3294 τὴν
694 3223 1024 3294 Ἀντιόχειαν
1059 3223 1258 3276 ἁλῶναι
1294 3225 1434 3295 πρὸς
1471 3225 1624 3294 ὑμῶν
1657 3224 1750 3277 καὶ
1783 3225 1920 3295 ἄττα

361 3293 643 3385 Ῥωμαῖκά
672 3316 865 3386 χωρία.
891 3293 963 3369 Τὸ
988 3316 1096 3386 γὰρ
1122 3293 1461 3387 ὑπερϐάλλον
1485 3293 1582 3386 τῆς
1608 3293 1920 3388 Ῥωμαϊκῆς

348 3408 600 3476 εὐτυχίας
633 3410 660 3462 ὁ
681 3409 812 3472 Θεὸς
847 3409 1108 3462 ἐκόλασεν
1140 3409 1197 3462 ὲν
1227 3409 1422 3479 τούτῳ,
1454 3408 1532 3479 τῷ
1569 3409 1643 3480 μὴ
1674 3409 1919 3479 νομίζειν

347 3493 631 3563 ἄνθρωπον
661 3497 948 3569 ἀνθρώπου
985 3499 1266 3569 διαφέρειν
1299 3499 1455 3553 πολύ.
1491 3499 1599 3552 Καὶ
1639 3500 1688 3552 εἰ
1732 3500 1829 3570 μὲν
1859 3499 1921 3552 τὸ

351 3585 512 3655 φύσει
555 3587 763 3641 δίκαιον
810 3591 1068 3660 ἐκράτει,
1114 3589 1238 3643 οὔτε
1287 3591 1534 3662 ρητόρων
1576 3588 1698 3644 οὔτε
1741 3591 1922 3662 νόμων

350 3677 636 3746 ἀκριϐείας
673 3676 797 3730 οὔτε
837 3679 942 3747 μὴν
981 3679 1274 3748 ἐκκλησίας
1313 3681 1408 3733 καί¹
1445 3681 1544 3749 τῆς
1582 3680 1711 3749 περὶ
1748 3680 1923 3734 ταῦτα

353 3768 622 3830 ποικιλίας
653 3768 760 3821 τῶν
788 3769 961 3834 λόγων
992 3770 1098 3822 ἔδει
1124 3786 1136 3798 ·
1171 3770 1470 3837 αὐθαίρετα
1505 3769 1614 3840 γάρ
1643 3773 1754 3832 τοῖς
1795 3771 1921 3840 βιω-

353 3859 540 3925 φελέσι
569 3860 677 3911 τῶν
707 3861 1050 3928 πραγμάτων
1080 3859 1486 3929 προσετέθημεν
1512 3861 1580 3912 ’⁷.
1616 3860 1835 3930 Ἐπειδὴ
1866 3855 1922 3913 δὲ

355 3951 550 4012 πάντες
597 3951 872 4022 ἄνθρωποι
921 3951 1103 4003 δίκαια
1156 3951 1488 4004 καθεστάναι
1536 3950 1830 4021 νομίζομεν
1855 3952 1922 4017 ⁸⁸,

354 4041 574 4109 προσδεῖ
598 4043 640 4072 ¹⁹
683 4042 776 4094 καὶ
819 4042 915 4111 τῆς
964 4045 1026 4093 ἐκ
1069 4041 1176 4093 τῶν
1218 4040 1391 4106 λόγων
1433 4039 1718 4110 τερθρείας
1769 4042 1921 4110 ἡμῖν.

353 4134 652 4203 Τοιγαροῦν
688 4135 781 4186 καὶ
818 4136 874 4197 ὲς
913 4134 1210 4204 ἐκκλησίαν
1253 4132 1710 4203 ξυνεληλύθαμεν,
1744 4132 1819 4196 ὡς
1859 4132 1926 4186 ἂν

353 4225 699 4294 πείσοιμενδο
742 4225 964 4280 ἕκαστοι
1005 4227 1129 4288 τοὺς
1151 4225 1192 4257 ³⁸
1231 4224 1496 4294 δεινότητι
1539 4224 1715 4291 λόγων
1757 4226 1928 4277 ἐπιει-

353 4319 470 4379 κείς
506 4313 666 4371 εἶναι.
688 4318 811 4370 Ὅτι
848 4319 947 4388 μὲν
976 4318 1070 4371 οὖν
1103 4317 1309 4384 ἀγαθὸν
1343 4318 1534 4388 εἰρήνη
1574 4318 1669 4372 καὶ
1701 4319 1925 4371 τούναν-

355 4414 468 4466 τίον
501 4413 736 4483 πονηρὸν
765 4416 792 4467 ό
825 4414 1086 4484 πόλεμος,
1118 4413 1297 4477 οὐδεὶς
1330 4414 1567 4484 ἀντερεῖ.
1597 4414 1658 4467 El
1689 4414 1799 4482 γάρ
1834 4414 1927 4467 καὶ
1963 4441 2005 4494 D

356 4507 509 4574 παρὰ
536 4504 632 4575 τὴν
664 4505 846 4574 κοινήν
876 4507 984 4558 τῶν
1014 4504 1317 4575 ἀνθρώπων
1347 4505 1505 4564 δόξαν
1538 4505 1752 4574 βέϐαιον
1784 4509 1925 4575 ήγη-

358 4595 562 4665 σόμεθα
596 4596 655 4646 τὸ
686 4597 865 4666 νικᾷν,
899 4591 1055 4665 οἶμαι
1084 4595 1174 4648 τὸν
1205 4596 1528 4664 νενικηκότα
1558 4595 1796 4648 κάκιστα
1830 4599 1930 4666 ζῇν

360 4689 416 4754 ἐξ
445 4681 519 4740 ὧν
543 4686 868 4756 δακρύουσιν
895 4687 1094 4756 ἕτεροι.
1119 4686 1275 4740 Οὕτω
1304 4687 1474 4755 δήπου
1505 4687 1682 4739 καὶτὸ
1711 4692 1932 4758 κρατεῖν

358 4781 619 4851 λυπηρὸν,
656 4781 729 4849 μή
767 4780 818 4831 τί
859 4796 920 4846 γε
960 4779 1020 4830 τὸ
1060 4777 1380 4846 κρατεῖσθαι
1415 4777 1808 4848 λυπηρότερον.
1843 4780 1934 4831 Διὸ

359 4871 535 4926 τοίνυν
577 4874 604 4924 ὁ
649 4871 768 4924 καθ’
795 4872 942 4940 ἡμᾶς
983 4868 1234 4938 βασιλεὺς
1277 4869 1588 4922 ἀπέσταλκε
1634 4871 1933 4938 σπεισομέ-

362 4979 486 5027 νους
523 4965 672 5032 ἡμᾶς
717 4963 809 5015 καὶ
844 4961 1144 5031 προτέρους
1187 4960 1562 5023 ίκετεύσοντας
1601 4962 1934 5014 καταθέσθαι

364 5054 454 5104 τὸν
486 5051 741 5120 πόλεμον,
772 5053 870 5120 οὐχ
897 5049 971 5112 ὡς
1002 5049 1188 5112 δεδιὼς
1223 5051 1318 5120 μὲν
1348 5050 1416 5104 τὰ
1447 5049 1706 5119 πολέμια,
1739 5051 1934 5117 φοϐού-

369 5161 527 5214 μενος
577 5144 668 5206 δὲ,
725 5142 799 5213 μὴ
850 5141 1215 5213 προφθάσοιτε
1265 5141 1636 5211 διαλεγόμενοι
1684 5141 1940 5212 πρότεροι

368 5236 498 5306 περὶ
526 5238 622 5306 τῆς
657 5236 878 5306 εἰρήνης
906 5237 1004 5308 τῆς
1040 5234 1300 5305 φιλτάτης
1334 5235 1486 5305 ἡμῖν.
1517 5235 1609 5304 Μὴ
1642 5234 1784 5304 δῆτα
1810 5229 1902 5287 οὖν
1922 5275 1937 5298 ,

2019 1847 2088 1902 do
2111 1861 2232 1902 esse
2256 1846 2500 1912 videbor,
2531 1855 2706 1902 tamen
2729 1847 2875 1916 quod
2899 1846 3162 1900 Romanis
3185 1854 3238 1899 et
3262 1845 3444 1898 Persis
3465 1859 3594 1897 con—

2007 1940 2178 1992 ducat
2214 1940 2592 2008 respicientes,
2622 1953 2810 2007 quaeso
2850 1953 2920 1992 ne
2953 1936 3217 1995 orationis
3265 1934 3596 2003 longitudine

2017 2030 2388 2085 ollendamini.
2429 2029 2562 2085 Nam
2594 2031 2770 2092 brevi,
2803 2031 2916 2084 haec
2941 2038 3246 2099 opportuno
3280 2027 3420 2080 dicta
3453 2041 3593 2089 esse,

2021 2123 2323 2191 apparebit,
2364 2123 2672 2189 ctzlaudem
2710 2137 2742 2178 ο
2775 2121 2930 2178 vobis
2972 2135 3304 2189 consequar,
3337 2134 3458 2172 cum
3505 2132 3594 2171 res

2023 2217 2153 2282 ipsa:
2190 2213 2348 2285 135
2380 2229 2474 2268 vos
2503 2214 2786 2269 docuerint
2814 2228 2932 2269 eam
2950 2228 3110 2284 quam
3129 2227 3195 2266 ex
3220 2211 3462 2266 oratione
3481 2223 3596 2264 mea

2024 2307 2247 2375 capietis
2281 2307 2589 2361 utilitatem.
2643 2307 2748 2362 Vos
2790 2306 2958 2377 igitur
2993 2304 3171 2361 foedus
3203 2311 3258 2359 et
3297 2303 3595 2365 amicitiam

2022 2400 2353 2454 cotttraltetis
2383 2415 2502 2453 cum
2543 2397 2832 2462 Romanis;
2866 2397 3066 2455 snﬂicit
3105 2413 3234 2456 vero
3268 2397 3449 2450 dicere
3489 2394 3601 2449 Ro-

2028 2504 2234 2544 manos.
2270 2488 2482 2542 Etenim
2522 2489 2624 2542 hac
2661 2489 2776 2544 sola
2817 2488 3258 2545 denominatione
3285 2485 3493 2554 reliqua
3521 2483 3601 2538 l‘a-

2027 2580 2129 2636 dle
2156 2581 2550 2651 intelliguntur.
2579 2579 2804 2648 Oportet
2826 2582 3010 2649 igitur,
3039 2579 3478 2650 quandoquidem
3507 2593 3603 2632 vos

2028 2686 2148 2724 cum
2177 2679 2284 2725 tant
2317 2671 2524 2741 potenti
2554 2681 2713 2740 gente
2739 2671 2914 2727 ftedus
2946 2673 3114 2737 initis,
3144 2685 3319 2740 neque
3345 2672 3411 2723 de
3444 2670 3602 2723 rebus

2029 2764 2178 2832 parvi
2225 2765 2481 2818 ammenti
2519 2766 2808 2819 consilium
2845 2765 3079 2831 habetis,
3119 2763 3504 2820 honestissima
3549 2770 3604 2815 et

2030 2860 2316 2914 utilissima
2351 2876 2582 2930 quaeque
2633 2877 2918 2931 capessere
2967 2874 3020 2918 et
3065 2879 3162 2930 pro
3205 2861 3429 2918 incertis
3476 2859 3602 2916 belli

2025 2950 2392 3004 certissimum
2452 2951 2704 3006 omnibus
2755 2951 3078 3007 mortalibus
3125 2954 3344 3016 bonum,
3389 2967 3599 3020 pacem,

2029 3038 2278 3107 amplecti
2315 3048 2369 3093 et
2393 3054 2632 3094 servare.
2665 3041 2734 3093 At
2763 3055 2828 3093 ne
2860 3056 2964 3108 qua
2995 3042 3190 3096 blanda
3218 3044 3478 3112 cogitatio
3508 3059 3602 3098 vos
3631 3092 3635 3096 .

2030 3129 2282 3192 deludat,
2340 3139 2595 3198 tanquam
2640 3131 2917 3186 Romanos
2965 3133 3223 3196 viceritis,
3260 3125 3412 3198 elati,
3459 3139 3601 3202 quod

2030 3219 2370 3274 Antiochiam
2399 3231 2453 3275 et
2483 3223 2586 3275 alia
2622 3225 2869 3292 quaedam
2896 3224 3145 3294 ignobilia
3180 3225 3319 3290 loca,
3349 3241 3466 3294 quae
3498 3226 3604 3279 Ro-

2031 3323 2314 3364 manorum
2355 3321 2548 3374 erant,
2589 3313 2830 3381 cepistis,
2880 3315 2931 3368 itt
2975 3316 3076 3369 ltoc
3105 3313 3249 3368 Deus
3292 3314 3601 3369 felicitatem

2029 3401 2422 3467 Romanorum,
2449 3418 2569 3472 qua:
2605 3403 2768 3457 nimia
2805 3412 2942 3468 erat,
2967 3407 3191 3473 punivit,
3217 3421 3396 3478 neque
3427 3408 3603 3462 homi-

2031 3509 2154 3548 nem
2210 3493 2432 3550 homine
2479 3496 2706 3550 multum
2754 3507 3016 3567 praestare
3068 3499 3261 3554 debere
3324 3500 3600 3555 indicavit.

2031 3585 2182 3651 Quod
2221 3586 2266 3641 si
2297 3587 2439 3654 quod
2474 3597 2668 3642 natura
2689 3587 2894 3658 justum
2930 3600 3017 3645 est
3045 3589 3438 3656 dominaretur,
3473 3592 3606 3646 nihil

2029 3693 2164 3746 Opus
2191 3689 2336 3732 esset
2377 3694 2548 3746 neque
2589 3683 2889 3744 rhetorum,
2930 3698 3104 3751 neque
3153 3684 3330 3753 legum
3367 3685 3510 3738 cultu
3553 3695 3644 3739 et.

2030 3769 2328 3836 diligentia,
2364 3785 2463 3822 nec
2490 3772 2866 3836 concionibus,
2890 3783 2985 3826 aut
3009 3774 3310 3828 orationum
3337 3775 3605 3838 ubertate,

2031 3872 2151 3927 qua:
2181 3860 2232 3912 in
2259 3860 2341 3913 bis
2369 3869 2677 3928 usurpatur.
2704 3860 2906 3929 Sponte
2931 3863 3074 3916 enim
3106 3879 3286 3917 rerum
3319 3865 3612 3918 utilitatem.

2032 3959 2407 4012 sequeremur.
2457 3946 2561 4002 Sed
2610 3963 2775 4016 quum
2801 3964 2993 4014 omnes
3035 3952 3308 4017 mortales,
3344 3969 3464 4024 quae
3503 3955 3608 4010 sibi

2033 4036 2434 4106 placent,justa
2463 4053 2584 4092 esse
2610 4039 2770 4093 velint
2801 4057 2816 4093 :
2849 4042 3007 4095 etiam
3038 4043 3301 4100 orationis
3338 4046 3608 4102 illecebris

2035 4128 2189 4183 nobis
2224 4144 2359 4197 opus
2408 4142 2515 4185 est.
2557 4130 2710 4186 Hane
2757 4135 2825 4187 ob
2868 4149 3086 4189 causam
3132 4140 3500 4208 convenimus,
3552 4150 3610 4194 ut

2035 4225 2409 4293 unusquisque
2435 4235 2681 4281 nostrum
2713 4229 2930 4283 evincat
2965 4231 3230 4287 orationis
3261 4233 3310 4286 vi
3351 4242 3402 4287 et
3430 4237 3609 4304 gravi-

2037 4327 2167 4382 tate,
2202 4333 2261 4372 se
2293 4318 2500 4387 justum
2536 4337 2677 4376 esse.
2714 4322 2907 4378 Pacem
2945 4340 3072 4379 vero
3105 4325 3298 4380 bonum
3327 4343 3467 4391 esse,
3497 4331 3610 4384 belo

2036 4407 2144 4462 lunt
2209 4419 2390 4464 autem
2450 4427 2562 4466 rem
2606 4415 2826 4481 malam,
2879 4430 3038 4470 nemo
3083 4417 3315 4484 dubitat,
3373 4421 3606 4488 etiamsi,

2037 4509 2225 4554 contra
2277 4501 2352 4564 id,
2381 4505 2523 4571 quod
2567 4506 2725 4575 vulgo
2755 4505 3005 4561 homines
3054 4510 3366 4578 opinantur,
3404 4523 3609 4565 certum

2038 4589 2492 4660 ettploratumque
2526 4593 2848 4648 haberemus
2876 4611 2976 4650 nos
2992 4597 3270 4650 victoriam
3300 4599 3611 4666 adepturus,

2038 4683 2228 4750 opinor
2253 4692 2456 4744 tamen,
2485 4700 2633 4750 eum,
2653 4686 2742 4754 qui
2769 4686 2922 4750 vicit,
2953 4687 3243 4743 infeliciter
3267 4706 3444 4761 agere,
3472 4695 3614 4760 quod

2042 4773 2267 4828 alterum
2308 4776 2543 4842 graviter
2571 4775 2822 4830 alllictutn
2875 4779 3039 4832 videt.
3083 4779 3185 4834 Sie-
3213 4783 3374 4849 igitur
3402 4785 3616 4838 vincere

2044 4880 2259 4933 quoque
2300 4865 2586 4920 trtolestum
2624 4877 2725 4931 est,
2762 4869 2865 4920 etsi
2897 4870 3036 4923 vinci
3064 4881 3145 4924 est
3175 4876 3475 4928 molestius.
3507 4873 3616 4928 Ita-

2044 4971 2149 5025 que
2179 4968 2365 5010 noster
2392 4958 2688 5026 imperator
2713 4959 2860 5012 misit
2887 4975 3005 5025 nos,
3030 4962 3319 5016 utA‘mdera
3341 4966 3615 5019 vobiscum

2048 5048 2330 5113 iniremus,
2360 5059 2413 5101 et
2445 5048 2653 5116 prietes
2676 5051 3112 5119 deprecaremur,
3143 5064 3197 5107 ιιι
3230 5055 3422 5109 bellum
3447 5058 3613 5125 depo-

2050 5141 2194 5194 natis
2231 5159 2244 5194 :
2285 5156 2390 5193 non
2430 5142 2570 5210 quod
2605 5143 2793 5196 timeat
2839 5143 3124 5201 adversam
3172 5146 3292 5201 belli
3327 5148 3652 5215 fortunam,‘

2047 5232 2148 5288 sed.
2174 5247 2241 5287 ne
2268 5247 2388 5286 eunt
2423 5233 2764 5301 praeveniatis
2782 5235 2833 5289 iu
2860 5250 3010 5304 pace,
3037 5253 3156 5306 qua:
3180 5239 3335 5293 nubis
3365 5251 3468 5293 tam
3493 5255 3614 5293 cara
3649 5286 3655 5291 .

1663 5373 1899 5429 V—AltlAi
1944 5375 2332 5430 LECTIONES

443 5501 489 5531 ²’
518 5499 738 5570 ἀξίωμα
769 5479 1280 5570 τδ-ιίη-ἀξιῴματι
1321 5493 1465 5570 vulg.
1523 5490 1588 5570 1’
1614 5489 1778 5543 αὐτὸν
1807 5491 1894 5570 ll...
1927 5489 2076 5570 αὑτῷ
2115 5490 2257 5570 vulg.
2337 5489 2465 5570 'Lév
2496 5489 2679 5570 rapit];
2714 5489 2796 5570 8:,
2827 5492 2884 5570 ἐν
2909 5491 3058 5559 αὐτῷ
3089 5490 3244 5570 vulg:
3311 5496 3354 5526 "
3386 5496 3505 5570 οἷαν
3531 5498 3618 5570 ll._,

371 5565 460 5625 οἴει
491 5571 634 5640 vulg.
663 5563 676 5570 ⁷
711 5571 761 5601 ²⁶
780 5567 920 5640 δόξει
971 5565 1052 5640 (_3l.
1091 5563 1444 5640 Δδείξεινιιιςτ

372 5641 418 5672 ⁸⁹
484 5633 706 5706 προσδεῖ
763 5639 854 5706 Ν.,
899 5634 1036 5706 πρὸς
1085 5635 1150 5703 δὴ
1195 5633 1340 5702 vulg.

374 5711 495 5766 add.
529 5711 592 5766 Ν.

1522 5563 1564 5593 ’⁷
1599 5561 1930 5632 ,προσετέθη
1964 5560 2063 5632 μὲν
2104 5560 2249 5632 vulg.

1437 5632 1482 5664 "
1519 5628 1778 5700 πείσομεν
1821 5628 1928 5684 οιΙ.⁷
1962 5631 2080 5684 Par.
2161 5631 2200 5660 ³⁸
2231 5630 2448 5683 ἕκαστοι
2496 5628 2644 5697 τοὺς]
2677 5631 2708 5698 ή

2358 5560 2405 5590 ὀ
2453 5559 2884 5632 νομιζομενῖτά
2941 5559 3313 5632 κεχαρισμένα
3369 5567 3492 5618 add.
3557 5559 3618 5619 Ν.

2717 5631 2822 5698 μᾶς
2851 5632 3048 5694 αὐτοὺς
3089 5631 3238 5702 Con].
3289 5635 3371 5702 IL,
3432 5636 3649 5701 ἄλλους,
