4006 6214
474 290 585 352 855

1387 289 1778 348 EXCERPTA
1808 288 1910 348 EX
1951 289 2374 351 MENANDRO
2417 291 2905 352 PROTECTORE

3614 300 3719 363 856

470 415 577 466 est,
611 403 860 471 petenda.
888 401 1069 468 ltaque
1094 415 1194 453 non
1231 399 1458 468 amplius
1500 401 1779 455 foveatnns
1810 401 2033 455 inimici-

2140 404 2215 467 ὼς
2245 405 2381 475 πρὸς
2415 408 2513 475 τῆς
2541 406 2648 458 τῶν
2679 404 2926 474 θορύϐων
2956 406 3309 476 ἀπαλλαγῆς,
3342 408 3441 471 τὰς
3472 410 3594 463 κατ’
3618 412 3718 464 ἀλ-

470 495 575 547 tias
607 504 851 557 nostras,
874 502 931 543 ut
966 492 1179 543 tandem
1200 489 1489 559 aliquando
1518 490 1640 545 belli
1670 493 1818 547 curis
1847 501 1899 547 et
1935 509 2039 547 nto-

474 584 644 638 testiis
672 584 980 636 liberemur.
1009 581 1257 635 Alienum
1281 592 1364 637 est
1400 584 1546 639 enim
1576 583 1643 637 ab
1675 588 1820 637 omni
1850 600 1905 638 re
1939 600 2038 653 pus

472 677 604 729 Mica
646 675 779 727 bene
809 674 1124 739 constituta,
1181 689 1283 728 non
1335 675 1619 743 providere
1650 691 1828 739 casus,
1862 677 1953 744 qui
1984 676 2035 728 itt

470 768 606 821 bello
634 766 878 820 accidere
915 775 1156 834 possunt.
1183 767 1563 836 Unusquisque
1588 778 1824 822 vestrum
1854 783 2038 836 qumso

466 868 595 908 ante
621 854 807 907 oculos
839 863 1023 921 ponat,
1056 863 1109 907 et
1141 854 1282 921 apud
1315 853 1553 906 animum
1595 870 1750 907 suum
1793 865 2038 907 eontem-

466 948 659 1014 plctnr,
704 956 957 1015 tanquam
1015 956 1343 1015 praesentes,
1394 961 1507 1010 eos,
1552 947 1639 1014 qui
1680 962 1801 999 eum
1842 946 2038 1000 acerbo

462 1038 647 1093 dolore
677 1036 908 1100 cadunt;
948 1036 1259 1090 recordetur
1287 1053 1493 1099 eorum,
1533 1039 1621 1106 qui
1664 1039 1884 1093 lethalia
1924 1039 2037 1090 vul-

464 1141 590 1180 nera
628 1124 973 1179 ostendentes
1013 1123 1397 1188 lamentantur,
1438 1132 1491 1177 et
1518 1124 1857 1179 dominantes
1888 1125 2037 1178 inen-

459 1230 603 1283 Hllll,
640 1217 794 1284 quasi
827 1231 992 1285 pravo
1024 1231 1212 1270 eorum
1243 1217 1469 1269 consilio
1507 1216 1708 1270 subditi
1757 1226 1979 1283 pereant
2016 1231 2029 1266 :

461 1310 655 1364 deinde
684 1309 846 1362 etiam
883 1309 1197 1374 superstites
1238 1307 1665 1372 consideremus,
1694 1309 1781 1375 qui
1814 1323 1844 1361 a
1876 1308 2034 1363 nobis

463 1409 712 1465 repetunt
738 1402 855 1461 eos,
889 1413 1023 1467 ques
1058 1399 1107 1451 in
1141 1398 1278 1451 bello
1315 1399 1637 1463 amiserunt,
1672 1398 1809 1452 forte
1838 1414 2030 1468 paren-

459 1504 563 1553 tes,
596 1490 731 1544 forte
766 1490 983 1555 liberos,
1022 1499 1077 1543 ιιι
1112 1491 1400 1558 plurimum
1433 1490 1588 1559 135
1633 1500 1779 1545 certe
1818 1492 2035 1544 amicis-

460 1584 629 1637 simos
657 1599 924 1651 quosque,
961 1594 1050 1636 aut
1083 1584 1247 1636 alium
1278 1583 1838 1651 quemvisltmninem.
1874 1584 2036 1638 Deni-

457 1691 563 1742 que
596 1676 775 1728 animo
807 1675 1100 1728 lustremus
1131 1676 1375 1729 vitluatas
1416 1676 1543 1729 viris
1576 1675 1765 1729 domos
1804 1684 1855 1730 et
1882 1676 2031 1729 inﬂt‘o

460 1767 751 1819 missimam
779 1774 1016 1827 a-tatent,
1044 1765 1289 1833 patribus
1320 1776 1373 1817 et
1400 1765 1660 1819 matribus
1687 1765 1952 1825 orbatam,
1980 1774 2033 1817 et

458 1856 656 1924 passim
692 1854 943 1908 diﬁusunt
980 1870 1074 1921 per
1107 1870 1265 1909 omne
1306 1855 1644 1921 cognationis
1689 1869 1881 1907 nomen
1921 1854 2033 1907 luc-

459 1959 589 1999 tum.
623 1946 754 1999 Nam
785 1947 883 1999 etsi
920 1946 1249 2007 dederimus,
1282 1946 1564 1998 honestum
1600 1958 1722 1999 esse
1773 1944 1904 1996 mori
1935 1959 2031 2011 pro

456 2039 648 2107 patria,
683 2049 863 2091 tamen
895 2052 1117 2090 summa?
1139 2038 1424 2091 dementiae
1446 2046 1551 2101 est,
1571 2052 1732 2104 quum
1762 2037 2030 2105 possimus

455 2132 572 2184 sine
610 2130 847 2196 periculo
879 2139 1035 2197 terrae
1074 2129 1247 2183 altrici
1280 2130 1507 2198 gratiam
1542 2129 1767 2193 referre,
1796 2129 1844 2183 id
1874 2144 2029 2183 recu-

454 2236 598 2286 sure,
635 2220 758 2288 quia
807 2220 961 2274 nobis
1001 2235 1105 2274 non
1143 2220 1280 2273 idem
1315 2235 1435 2274 cum
1474 2220 1802 2275 adversariis
1837 2236 2026 2274 conse-

452 2312 560 2364 cuti
600 2324 719 2379 esse
758 2310 1027 2364 videmur.
1062 2308 1264 2379 Opinor
1288 2308 1565 2365 Persidem
1597 2320 1796 2365 terram
1827 2320 1881 2366 et
1913 2310 2027 2366 Ro—

452 2417 688 2468 manam,
718 2403 761 2458 si
790 2404 997 2473 possint
1027 2418 1211 2457 vocem
1237 2405 1505 2467 emittere,
1538 2406 1639 2459 hoc
1672 2420 1701 2457 a
1738 2404 1891 2459 nobis
1927 2418 2023 2470 po-

451 2494 745 2549 stnlaturas
777 2494 963 2552 fuisse.
1008 2494 1186 2561 Quare
1237 2496 1506 2549 neminem
1553 2503 1793 2549 nostrum
1828 2494 2027 2563 pudeat

449 2588 716 2650 deponere
746 2586 866 2641 belli
907 2600 1062 2640 onus.
1112 2586 1245 2639 Nam
1291 2586 1583 2655 prudenter
1636 2585 1815 2639 omnia
1867 2584 2025 2637 insti-

453 2680 650 2732 tuendo
678 2678 871 2732 melius
898 2677 1057 2731 fama:
1084 2664 1285 2731 nostra:
1324 2676 1692 2740 consulemus,
1722 2690 1882 2744 quam
1914 2675 2026 2728 bel-

451 2768 551 2821 lica
590 2771 803 2823 virtute.
846 2767 923 2822 Ne
949 2782 1076 2823 vero
1099 2768 1381 2835 quisquam
1416 2766 1554 2820 hanc
1590 2767 1746 2821 nobis
1769 2766 1892 2821 belli
1914 2782 2021 2819 non

448 2859 729 2912 omittendi
757 2874 971 2914 causam
1000 2858 1241 2929 objiciat,
1270 2859 1412 2929 quod
1437 2852 1858 2928 pulcherrimum
1888 2858 2020 2912 illttd

451 2956 598 3024 pacis
624 2955 939 3009 benelleium
971 2955 1110 3009 haud
1158 2953 1315 3010 facile
1362 2954 1587 3009 inveniri
1622 2962 1676 3008 et
1717 2955 2020 3023 comparati

2143 495 2318 566 λήλων
2360 497 2764 565 ἐπεκτείνωμεν
2805 496 3468 566 δυσμενείαςῘΠολιτείας
3506 502 3617 571 γάρ
3660 504 3724 557 εὖ

2142 587 2567 657 πολιτευομένης
2602 588 3127 658 ἁλλότριονπέφυκέ
3164 608 3280 651 πως
3310 592 3370 644 τὸ
3409 593 3483 663 μὴ
3521 596 3724 664 στοχα-

2141 677 2329 741 ζεσθαι
2362 678 2469 730 τῶν
2501 678 2931 747 συμϐησομένων
2964 679 3028 731 ὲκ
3062 677 3154 731 τοῦ
3190 679 3450 749 πολέμου.
3480 684 3729 752 Διαγρα-

2142 768 2286 837 φέτω
2326 786 2409 831 τις
2456 768 2610 837 ὑμῶν
2654 770 2712 821 ὲν
2754 772 2872 831 ταῖς
2921 769 3182 839 ψυχικαῖς
3234 770 3489 842 θεωρίαις
3526 774 3728 843 ὥσπερ

2140 858 2412 927 παρόντας
2436 859 2561 920 τοὺς
2589 860 2946 921 πεπτωκότας
2973 859 3511 929 κατολοφυρομένους
3538 876 3551 891 ·
3583 864 3727 915 άναο

2138 946 2437 1014 λογιζέσθω
2469 948 2562 997 καὶ
2593 946 2690 1009 τὰς
2725 947 2941 1017 καιρίας
2973 947 3081 1000 τῶν
3115 948 3340 1017 πληγῶν
3375 950 3726 1004 ἐπιδεικνύνο

2137 1055 2235 1100 τας
2280 1038 2766 1107 άποικτιζομένους
2805 1055 2863 1090 τε
2911 1041 3003 1092 καὶ
3046 1041 3484 1107 ἐπεγκαλοῦντας
3530 1042 3603 1107 ὡς
3654 1050 3725 1114 τῇ

2138 1129 2484 1198 κρατούντων
2523 1129 2750 1200 ἀῦνουλίᾳ
2798 1130 3121 1199 διέφθαρται
3160 1132 3222 1185 τὸ
3271 1134 3508 1205 ὑπήκοον
3533 1153 3548 1167 ’
3596 1133 3725 1189 εττα

2137 1220 2259 1281 τοὺς
2302 1220 2591 1289 περιόντας
2631 1221 3053 1289 εἰσπράττοντας
3096 1224 3241 1291 ἡμᾶς
3278 1225 3399 1286 τοὺς
3438 1226 3727 1278 ἀπολωλός

2136 1329 2232 1372 τας
2273 1312 2432 1378 τυχόν
2477 1312 2574 1378 μὲν
2614 1314 2810 1378 γονεῖς,
2849 1313 3010 1381 τυχὸν
3045 1312 3100 1364 δὲ
3144 1314 3359 1376 παῖδας,
3402 1315 3615 1383 ξυμόαν
3664 1318 3723 1368 δὲ

2136 1401 2260 1462 τοὺς
2293 1401 2609 1468 φιλτάτους,
2643 1401 2674 1469 ἢ
2711 1402 2801 1453 τὸν
2836 1402 3114 1455 ὁντιναοῦν
3148 1404 3240 1455 καὶ
3275 1406 3460 1468 άπλῶς
3496 1406 3720 1476 ἄνθρω-

2135 1509 2256 1546 πον.
2291 1492 2713 1561 Ἐνθυμηθῶμεν
2749 1494 3089 1562 χηρωθείσας
3123 1496 3221 1557 τὰς
3253 1497 3427 1558 οἰκίας
3472 1497 3717 1566 ἀνδρῶν,

2136 1585 2229 1637 καὶ
2260 1586 2359 1653 τὴν
2391 1586 2665 1655 νεωτάτην
2698 1585 2913 1654 ἡλικίαν
2948 1586 3397 1655 ὀρφανισθεῖσαν,
3433 1588 3526 1640 καὶ
3564 1607 3716 1642 παν-

2134 1675 2297 1745 ταχοῦ
2322 1674 2675 1745 μεριζόμενον
2696 1676 2785 1729 τὸν
2805 1676 3018 1745 θρῆνον,
3043 1677 3358 1746 ὲφᾋκάστῳ
3383 1680 3717 1747 συγγενείας

2065 1746 2104 1801 Β
2133 1768 2377 1836 ὀνόματι.
2410 1768 2471 1820 Εἰ
2501 1768 2609 1838 γὰρ
2639 1768 2733 1819 καὶ
2762 1768 2983 1836 δοίημεν
3009 1769 3069 1820 τὸ
3098 1769 3317 1822 πίπτειν
3341 1769 3480 1839 ὑπὲρ
3510 1771 3715 1839 πατρία

2132 1859 2219 1922 δος
2257 1856 2393 1911 εἶναι
2438 1859 2621 1921 καλὸν,
2666 1861 2845 1927 πάσης
2883 1859 3193 1930 ἀφροσύνης
3234 1861 3383 1915 ἐστὶν
3422 1861 3717 1914 άνὲπλεων

2130 1955 2387 2008 δύνασθαι
2427 1955 2525 2024 μὲν
2559 1954 2688 2008 ἄνευ
2724 1954 2984 2007 κινδύνων
3016 1955 3176 2023 χάριν
3210 1955 3439 2008 ἐκτίνειν
3473 1958 3537 2024 τῇ
3576 1955 3708 2023 θρε-

2128 2047 2369 2117 ψαμένῃ,
2399 2047 2474 2115 τῷ
2504 2046 2558 2099 δὲ
2588 2047 2765 2099 δοκεῖν
2796 2046 3224 2115 μειονεκτεῖσθαι
3251 2046 3362 2098 τῶν
3388 2046 3711 2099 ἀντιπάλων

2134 2140 2207 2211 μὴ
2250 2138 2555 2209 βούλεσθαι.
2592 2136 2765 2208 Οἶμαι
2802 2140 2895 2191 καὶ
2932 2137 3029 2209 τὴν
3067 2138 3301 2207 Περσίδα
3334 2137 3439 2206 γῆν
3473 2137 3569 2189 καὶ
3605 2136 3714 2205 τὴν

2139 2232 2359 2303 Ῥώμην
2384 2233 2572 2302 αὐτὴν,
2600 2234 2756 2301 εἴπερ
2780 2231 3040 2301 ἠδύναντο
3065 2231 3248 2300 φωνὰς
3270 2230 3504 2298 ἀφιέναι,
3528 2230 3714 2283 ταῦτα

2128 2326 2395 2395 δήπουθεν
2425 2327 2569 2394 ἡμᾶς
2603 2306 3043 2393 ἀντιϐολεῖν.’Μὴ
3074 2318 3167 2375 οὖν
3198 2320 3578 2390 αἰσχυνθῶμεν
3606 2317 3709 2371 τοῦ

2128 2418 2369 2487 πολέμου
2409 2416 2739 2471 καταθέσθαι
2773 2417 2833 2471 τὸ
2872 2418 3108 2489 φορτίον.
3146 2418 3218 2469 Τὸ
3252 2417 3360 2486 γάρ
3394 2414 3708 2482 ἐπικαίρως

2128 2509 2340 2562 ἅπαντα
2382 2510 2647 2581 πράσσειν
2683 2509 2880 2577 μᾶλλον
2914 2512 3047 2579 ἡμῖν
3083 2509 3360 2579 προσοίσει
3387 2507 3431 2538 ³²
3468 2506 3567 2572 τῆς
3602 2506 3709 2556 άν-

2126 2600 2309 2669 δρείας
2354 2601 2451 2669 τὴν
2496 2601 2766 2656 εὔκλειαν.
2810 2602 2963 2669 Μηδέ
3002 2618 3085 2663 τις
3130 2604 3260 2671 ἡμῖν
3280 2600 3346 2663 ³³,
3392 2601 3446 2661 ἐς
3489 2598 3710 2667 προικὶ-

2124 2694 2312 2763 λυμμα
2338 2693 2431 2746 τοῦ
2465 2696 2537 2763 μὴ
2565 2693 2768 2747 ἐθέλειν
2796 2694 3143 2746 κατατιθέναι
3171 2692 3232 2745 τα
3261 2692 3421 2754 ὅπλα,
3447 2689 3607 2741 τοῦτο
3631 2687 3708 2757 δὴ

2124 2786 2184 2838 τὸ
2214 2786 2498 2839 κάλλιστον
2526 2786 2625 2853 τὴν
2656 2786 2878 2856 εἰρήνην
2907 2785 3226 2855 δυσεύρετον
3246 2777 3391 2835 ,εἶναί
3421 2798 3474 2833 τι
3504 2780 3709 2848 χρῆμα

2125 2877 2217 2929 καὶ¹
2253 2876 2610 2945 δυσπόριστον
2640 2876 2805 2929 εἴποι.
2840 2877 2912 2929 Οὐ
2950 2877 3089 2947 γὰρ,
3128 2876 3202 2940 ὡς
3236 2878 3438 2930 οἴονται
3474 2874 3664 2927 πολλοὶ
3688 2914 3704 2938 ,

2123 2969 2188 3021 τὰ
2224 2968 2455 3022 κάκιστα
2489 2968 2586 3037 μὲν
2619 2968 3019 3040 προχειρότατα
3052 2970 3146 3022 καὶ
3177 2968 3473 3038 αὐθαίρετα
3522 2983 3704 3035 προσ-

449 3048 638 3113 possit.
690 3045 805 3101 Non
854 3046 1017 3111 enim,
1078 3056 1135 3101 ut
1191 3046 1341 3100 multi
1393 3045 1729 3111 existimant,
1780 3047 2012 3115 pessima

2123 3066 2341 3117 ίπταται
2372 3066 2484 3126 τοῖς
2519 3061 2843 3133 ἀνθρώποις,
2868 3063 2937 3115 τὰ
2969 3062 3023 3115 δὲ
3044 3058 3109 3115 αὖ
3131 3062 3381 3131 βέλτιστα
3412 3060 3517 3113 τῶν
3551 3063 3703 3130 πρα-

455 3154 682 3206 qua-que
713 3148 961 3208 prompte
995 3147 1047 3191 et
1076 3137 1219 3191 ultro
1252 3136 1304 3191 in
1334 3137 1507 3191 sinum
1548 3136 1823 3191 hominum
1858 3141 2013 3190 advo

447 3229 578 3290 lant,
610 3228 811 3296 optima
842 3226 1146 3295 dill'ugiunt,
1177 3235 1229 3279 et
1257 3239 1377 3279 sese
1404 3239 1434 3277 a
1489 3225 1641 3279 nobis
1671 3224 2011 3289 subtrahunt,

445 3331 699 3389 tanquam
737 3327 926 3371 natura
962 3318 1033 3370 ita
1070 3324 1378 3384 comparata
1427 3316 1564 3379 sint,
1599 3324 1655 3368 ιιι
1687 3316 1774 3368 vix
1819 3329 2013 3382 appre-

444 3416 601 3481 hendi
634 3422 687 3469 et
729 3414 897 3467 teneri
950 3414 1180 3482 possint.
1215 3410 1509 3465 Paxenim
1559 3425 1624 3464 ex
1669 3408 1815 3463 omni
1862 3416 2012 3476 parte

443 3506 641 3558 bonum
672 3514 1040 3563 censetur"...
1087 3502 1196 3572 Ego
1226 3503 1449 3571 quidem
1493 3501 1689 3556 vestris
1718 3499 2009 3553 verborum

442 3595 725 3663 prmsligiis
763 3610 1031 3659 moverer,
1068 3594 1170 3648 nisi
1207 3609 1301 3649 vos
1332 3593 1577 3658 Romani,
1618 3600 1671 3647 et
1710 3608 1807 3646 nos
1829 3592 2011 3645 Persae

439 3702 681 3742 essemus
717 3686 901 3753 Itaque
922 3701 987 3739 ne
1010 3686 1332 3741 exiSIimetis
1372 3696 1578 3741 vestras
1603 3684 1865 3740 orationis
1890 3698 2005 3736 am-

438 3778 602 3845 bages
630 3793 725 3831 nos
755 3779 1041 3842 celaturas,
1076 3793 1169 3832 vos
1206 3788 1406 3833 vestra:
1438 3778 1686 3831 utilitatis
1713 3790 1876 3831 causa
1900 3775 2002 3827 huc

435 3870 668 3921 venisse.
721 3850 1179 3933 Quemadmodum
1219 3876 1399 3923 autem
1442 3882 1534 3937 per
1583 3881 1805 3936 pacem,
1837 3877 1998 3933 quam

437 3960 754 4028 proponitis,
781 3960 1014 4013 colorem
1039 3959 1310 4014 timiditati
1336 3969 1527 4015 vestra:
1546 3959 1823 4028 qua-ratis,
1844 3969 1897 4013 et
1927 3959 1999 4011 ita

437 4062 671 4105 wstrum
703 4052 950 4116 dedecus,
982 4052 1122 4119 quod
1152 4051 1284 4105 satis
1310 4051 1544 4119 undique
1567 4060 1713 4120 patet
1744 4061 1797 4103 et
1832 4050 2003 4102 mani.

432 4144 626 4197 l't-sttnn
652 4151 757 4203 est,
790 4140 894 4208 tegi
920 4156 1077 4208 posse
1094 4143 1311 4209 putetis,
1338 4141 1519 4209 paucis
1550 4142 1854 4195 ostendam.
1884 4139 2000 4195 Ete-

435 4234 541 4287 nim
588 4235 703 4287 viro
752 4234 925 4287 Persa:
972 4235 1209 4287 insolens
1251 4242 1355 4299 est,
1388 4231 1670 4301 superﬂuis
1716 4233 1999 4287 verborum

434 4325 750 4394 ambagibus
798 4334 949 4377 extra
1000 4325 1334 4393 propositum
1370 4324 1546 4390 egredi
1576 4332 1631 4376 et
1686 4338 1995 4377 excurrere.

2118 3157 2252 3222 ξεων
2284 3157 2649 3227 διαδιδράσκει
2681 3173 2739 3208 τε
2781 3156 2873 3209 καὶ
2898 3155 3241 3208 διολισθαίνει
3279 3155 3371 3207 καὶ
3406 3153 3702 3207 δυσάλωτα

2114 3250 2326 3318 πέφυκέ
2355 3267 2492 3312 πως.
2518 3250 2634 3301 Πᾶν
2658 3248 2766 3317 γὰρ
2792 3247 2993 3314 ἀγαθὸν
3018 3248 3203 3318 εἰρήνη
3232 3246 3519 3299 δοκεῖ³⁸ηη
3543 3242 3701 3313 Ἐγὼ

2111 3341 2165 3393 δὲ
2197 3339 2545 3407 κατεπλάγην
2571 3340 2636 3391 ἂν
2662 3341 2781 3398 ταῖς
2808 3338 3219 3407 κομψολογίαις,
3246 3339 3292 3389 εἰ
3326 3336 3398 3406 μὴ
3425 3338 3694 3403 Ῥωμαῖοι

2115 3430 2215 3499 μὲν
2258 3431 2433 3499 ὑμεῖς,
2476 3431 2637 3498 ἡμεῖς
2679 3429 2734 3481 δὲ
2781 3429 2987 3499 Πέρσαι
3032 3429 3400 3498 ἐτυγχάνομεν
3422 3428 3467 3458 ³⁵
3511 3428 3691 3487 δντες.

2112 3522 2202 3592 Μὴ
2228 3520 2321 3574 οὖν
2347 3519 2522 3573 οἴεσθε
2550 3520 2788 3589 περιόδῳ
2822 3521 3081 3591 ῥημάτων
3108 3520 3289 3584 λήσειν
3316 3520 3482 3588 ἡμᾶς,
3511 3518 3694 3570 ὁποῖοί

2111 3630 2255 3676 τινες
2290 3612 2630 3675 καθεστῶτες
2674 3612 2839 3681 ἥκετε
2874 3612 3184 3681 τευξόμενοι
3209 3612 3253 3641 ³⁸
3286 3610 3378 3663 τοῦ
3418 3611 3694 3662 συνοίσον-

2115 3722 2225 3767 τος.
2260 3703 2476 3774 Ἐπειδὴ
2505 3703 2559 3755 δὲ
2594 3702 2961 3773 προδάλλεσθε
2989 3703 3086 3773 τὴν
3112 3704 3334 3772 εἰρήνην
3362 3701 3551 3770 ὥσπερ
3584 3718 3693 3752 πα-

2120 3798 2447 3865 ραπέτασμα
2478 3795 2575 3862 τῆς
2610 3794 2846 3857 δειλίας.
2880 3795 2972 3847 καὶ
3005 3794 3178 3865 ταύτῃ
3209 3794 3267 3846 τὸ
3303 3790 3693 3862 φανερώτατον

2112 3888 2211 3956 τῆς
2237 3887 2455 3957 ἀτιμίας
2481 3888 2820 3951 ἐπισκιάζειν
2843 3887 3048 3952 οἴεσθε,
3076 3887 3277 3957 βραχέα
3323 3884 3687 3954 διαλεχθείην.

2110 3980 2183 4031 Ο)
2215 3978 2323 4049 γὰρ
2356 3977 2582 4049 σύνηθες
2612 3978 2764 4047 ἀνδρὶ
2798 3979 2984 4050 Πέρσῃ
3019 3977 3398 4048 περιττολογία
3427 3976 3687 4039 διεξιέναι

2113 4068 2220 4120 τῶν
2255 4069 2593 4138 πραγμάτων
2630 4068 2697 4120 τὰ
2735 4067 2943 4138 καίρια.
2980 4069 3224 4139 Χοσρίης
3263 4069 3290 4119 ὁ
3334 4068 3548 4119 πάντων
3585 4067 3686 4118 άν-

2115 4158 2367 4229 θρώπων,
2401 4161 2558 4229 εἴπερ
2588 4159 2857 4228 βούλεται,
2895 4158 3171 4228 βασιλεὺς,
3201 4156 3260 4210 εὖ
3274 4174 3325 4209 τε
3356 4159 3453 4227 τὴν
3477 4156 3685 4208 Ἀντιο-

2105 4250 2257 4320 χείας
2294 4251 2493 4303 ἂλωσιν
2525 4248 2960 4319 ἐγκαλλώπισμά
2987 4267 3038 4301 τι
3074 4251 3165 4302 καὶ
3198 4249 3471 4319 ἐγκώμιον
3500 4247 3680 4314 ἐαυτῷ

2106 4341 2465 4410 περιτίθησιν.
2503 4342 2563 4393 Εἰ
2605 4341 2712 4410 γὰρ
2753 4342 2849 4394 καὶ
2887 4341 3114 4411 φοϐερὸν
3154 4343 3280 4411 ὑμῖν
3317 4342 3410 4394 καὶ
3444 4340 3681 4412 ἐργωδέ-

432 4416 700 4471 Chosroes
729 4415 968 4469 omnium
1000 4416 1300 4477 hominum,
1336 4414 1381 4468 si
1410 4413 1481 4467 illi
1516 4413 1685 4477 lubet,
1715 4429 1830 4476 rex,
1854 4414 1995 4483 quod

2120 4450 2303 4486 στατον
2347 4428 2485 4485 εἶναι
2533 4434 2681 4486 δοκεῖ
2725 4434 2786 4487 τὸ
2834 4436 2963 4505 παρ’
2992 4434 3150 4505 ἡμῶν
3202 4434 3477 4504 πραχθὲν,
3528 4433 3681 4500 ὅμως

434 4508 772 4562 Antiochiam
794 4509 1013 4573 ceperit,
1034 4508 1171 4560 haud
1205 4507 1255 4559 id
1281 4506 1383 4559 sibi
1417 4515 1739 4559 ornamento
1768 4516 1824 4560 et
1852 4505 1993 4559 laudi

432 4594 755 4652 lt'tbllll.VOS
776 4596 989 4663 quidem
1015 4595 1154 4663 quod
1181 4596 1465 4663 gessimus,
1491 4609 1739 4663 magnum
1771 4596 1994 4663 aliquid,

429 4711 441 4737 ι
467 4700 480 4740 t
509 4690 651 4758 quod
683 4688 849 4741 nostri
877 4697 1136 4741 terrorem
1162 4689 1357 4755 pariat,
1381 4688 1719 4751 existimatis,
1739 4703 1837 4741 nos
1869 4704 1996 4741 vero

429 4794 533 4833 ton
572 4779 723 4832 item.
758 4776 870 4830 Non
921 4779 1062 4831 enim
1104 4794 1215 4833 rem
1252 4794 1428 4847 operte
1462 4780 1618 4849 pretii
1651 4781 1912 4843 ducimus,
1949 4782 1993 4833 si

424 4870 852 4940 qualemcunque
890 4872 1095 4926 hostem
1148 4872 1524 4927 devicet'imns.
1562 4872 1767 4925 Etenim
1799 4874 1997 4927 eximie

424 4964 639 5018 vincere
670 4962 978 5028 didicimus,
1023 4980 1144 5019 cum
1193 4965 1455 5035 reliquum
1503 4966 1782 5019 hominum
1827 4981 1996 5033 genus

420 5070 449 5103 a
484 5053 638 5107 nobis
667 5051 806 5106 vinci
844 5052 1113 5106 didicerit.
1151 5052 1334 5123 Neque
1377 5055 1598 5108 alterius
1631 5070 1693 5107 ex
1738 5052 1997 5107 Romanis

423 5143 645 5197 urbibus
674 5143 1001 5212 expugnatio
1035 5159 1133 5198 nos
1162 5161 1397 5215 unquam
1429 5149 1495 5201 ad
1522 5147 1742 5207 altiores
1770 5152 1994 5220 spiritus

422 5235 591 5289 tollet.
627 5234 740 5289 Hoc
784 5235 928 5287 enim
981 5233 1035 5288 in
1086 5234 1239 5289 nobis
1284 5237 1504 5292 minime
1553 5240 1768 5308 tnirum,
1799 5244 1994 5311 quippe

418 5329 560 5397 quod
592 5327 845 5383 usitatum
879 5338 933 5381 et
980 5327 1031 5381 in
1064 5338 1313 5399 promptu
1352 5341 1453 5385 est.
1486 5334 1657 5402 Atque
1701 5336 1803 5389 hoc
1836 5338 1983 5389 stilli-

2108 4526 2270 4593 ἡμεῖς
2305 4524 2581 4593 πάρεργον
2616 4524 2899 4595 ἡγούμεθα
2937 4527 3027 4578 τὸν
3064 4526 3341 4578 ὁντιναοῦν
3376 4525 3483 4577 τῶν
3518 4521 3681 4575 πολε-

2111 4614 2247 4684 μίων
2280 4616 2452 4683 νικᾷν.
2489 4616 2904 4687 Πεπαιδεύμεθα
2934 4617 3043 4687 γὰρ
3071 4617 3313 4686 ἀκριϐῶς
3341 4616 3401 4668 τὸ
3429 4617 3676 4684 κρατεῖν,

2107 4706 2337 4760 καθόσον
2372 4708 2439 4759 τὰ
2482 4706 2643 4762 λοιπὰ
2682 4708 2789 4762 τῶν
2830 4708 3133 4779 ἀνθρώπων
3174 4710 3303 4776 γένη
3355 4707 3678 4777 κρατεῖσθαι

2109 4796 2493 4864 μεμαθήκασιν
2520 4797 2805 4867 ὑφ’ἡμῶν.
2834 4798 2969 4851 Οὒτε
3006 4800 3110 4868 μὴν
3142 4799 3332 4867 ἐτέρας
3363 4797 3678 4866 Ῥωμαῖκῆς

2104 4887 2311 4951 πόλεως
2348 4888 2698 4959 καταστροφὴ
2730 4891 2864 4958 πρδς
2894 4890 3056 4956 ὄγκον
3083 4891 3229 4959 ἡμᾶς
3261 4888 3467 4958 ἐξαίρει
3501 4889 3632 4941 ποτέ
3658 4905 3676 4920 ο

2098 4980 2159 5032 τὸ
2187 4979 2295 5049 γάρ
2325 4982 2742 5050 προχειρότατον
2766 4983 2896 5051 ἡμῖν
2920 4982 2979 5034 ού
3011 4981 3342 5050 θαυμαστόν.
3367 4982 3476 5032 Καὶ
3502 4978 3677 5031 ταῦτα

2102 5070 2201 5141 μὲν
2231 5072 2456 5142 ἀρκέσει
2494 5071 2627 5140 πρὸς
2662 5071 2879 5141 ἔλεγχον
2911 5074 3007 5140 τῆς
3032 5074 3087 5127 ⁸⁷,ν
3115 5073 3291 5143 μάτην
3322 5072 3676 5143 ἀπερριμμέ-

2098 5177 2193 5230 νη,
2236 5162 2366 5231 παρ’
2390 5161 2544 5230 ὑμῶν
2578 5161 2911 5233 ἀδολεσχίας.
2948 5164 3209 5231 Ῥωμαῖοι
3251 5163 3400 5225 δὲτὸ
3441 5162 3675 5231 σύνηθες

2100 5252 2419 5322 πράττουσι,
2446 5254 2572 5323 περὶ
2600 5254 2841 5306 σπονδῶν
2862 5255 3115 5324 πρότεροι
3136 5254 3509 5323 διαλεγόμενοι
3534 5253 3676 5322 Πέρ-

2096 5358 2236 5405 σαις.
2270 5342 2665 5414 Ἡσσηθῆκαιθθ
2696 5344 2829 5413 πρὸς
2860 5345 3017 5415 ἡμῶν
3043 5346 3361 5416 νενικήκατε
3388 5344 3465 5414 τῷ
3489 5344 3666 5414 τάχει,

1786 5502 2028 5559 ΥΑΠΙᾸΞ
2068 5507 2476 5563 LECTIONES.

424 5684 469 5717 υ
488 5619 533 5650 ³⁸
564 5626 843 5705 προσοίσει
891 5629 985 5717 11:,
1046 5630 1469 5717 np‘éauot'vulg.

499 5699 839 5763 τυγχάνομεν
864 5699 1011 5767 vulg.

1621 5636 1772 5715 ητις
1839 5642 1966 5710 ὑμῖν
2017 5646 2159 5715 vulg.

1103 5702 1149 5733 ”
1177 5700 1488 5773 τευξόμενα
1516 5703 1605 5772 IL,
1639 5700 1921 5780 εύξόμενοι
1960 5714 2104 5785 vulg.

2260 5647 2509 5721 δ”λυρρειλ
2542 5648 2754 5721 initium
2796 5652 3067 5721 orationis
3133 5652 3291 5721 legati
3352 5653 3655 5707 Persarum.

2199 5717 2241 5747 ³⁷
2274 5717 2391 5789 τῆς]
2424 5717 2515 5771 τοῦ
2541 5718 2685 5789 vulg.
2765 5720 2809 5753 ³⁸
2834 5720 3162 5791 ἡσσηθέντες
3190 5717 3268 5775 Ν.
