4006 6214
366 311 479 376 857

1156 312 1253 373 DE
1288 314 1854 382 LEGATIONIBUS
1892 324 2382 390 ROMANORUM
2420 334 2519 393 Al)
2558 337 2875 402 GENTES.

3535 354 3639 417 858

373 415 817 486 προτερήσαντες
843 415 942 485 τήν
968 415 1193 487 εἰρήνην
1220 420 1406 472 αἰτεῖν.
1442 423 1550 475 Καὶ
1575 424 1744 499 ταύτῃ
1770 426 1870 497 τὴν
1897 428 1943 481 ἐι

2059 434 2163 487 ciat
2198 436 2263 489 ad
2299 440 2773 507 reprehensionem
2808 464 3091 517 nugarum,
3116 469 3250 522 quas
3281 456 3477 512 frustra
3513 462 3640 516 effu-

372 513 485 574 τοῖς
527 509 790 577 πολέμοις
832 510 1050 573 ἀδοξίαν
1091 511 1511 581 ἐπικαλύπτετε,
1554 520 1633 589 τῷ
1672 520 1831 591 δῆθεν
1875 523 1950 594 μὴ

373 603 650 671 ἐφιέμενοι
708 600 891 670 μάχης
941 601 1209 665 ἐπιεικεῖς
1254 598 1391 658 εἷναι
1440 607 1637 663 δοκεῖν.
1660 612 1839 682 Ὅπερ
1885 613 1952 667 ἂν

372 695 556 761 ἡμεῖς,
600 691 759 761 εἰπερ
802 690 1161 760 ὲμελλήσατε,
1205 695 1299 747 καὶ
1344 698 1675 767 κρατοῦντες
1718 703 1956 770 ἐπράξα-

379 800 501 852 μεν.
525 783 715 848 Ὅμως
745 780 1011 850 δεχόμεθα
1039 782 1161 846 τοὺς
1191 783 1403 851 λόγους,
1436 788 1536 856 τὴν
1568 790 1792 859 εἰρήνην
1823 793 1951 862 περὶ

377 874 633 925 πλείστου
666 870 985 939 ποιούμεθα.
1019 873 1279 943 Φρόνημα
1310 877 1418 946 γὰρ
1453 879 1672 945 εὐγενὲς
1702 880 1779 949 τῷ
1815 883 1949 952 πρέ-

376 980 534 1015 ποντι
563 961 1097 1030 ξυμμεταρυθμίξειν
1124 962 1192 1015 τὰ
1222 966 1544 1036 πράγματα.
1575 987 1593 1019 ι

2060 522 2237 611 distis.
2278 525 2517 582 ‘Romani
2553 547 2700 598 vero,
2735 538 2875 604 quod
2921 553 3348 610 consueverunt,
3389 549 3594 604 faciunt
3620 592 3634 611 ,

2061 609 2151 676 qui
2180 611 2340 678 primi
2368 630 2488 667 cum
2514 618 2700 674 Persis
2728 623 2790 676 de
2819 641 2948 693 pace
2970 630 3299 699 colloquium
3327 609 3633 693 instituunt;

2065 700 2169 754 Vos
2194 704 2391 774 alioqui
2428 708 2553 761 victi
2587 710 2637 762 itt
2671 727 2734 766 eo
2767 714 3003 782 vincitis,
3043 722 3184 788 quod
3219 726 3365 790 pacis
3393 730 3634 793 petenda:

2061 793 2336 849 celeritate
2365 800 2688 867 praiveuitis,
2718 813 2771 858 et
2801 818 3077 876 acceptum
3112 828 3176 866 ex
3222 815 3371 871 bellis
3396 817 3635 873 dedecus

2063 884 2162 937 hac
2199 886 2645 961 rationetegitis,
2690 904 2743 948 et
2794 897 2846 951 in
2898 915 2961 954 eo
3019 903 3365 963 humanitatis
3422 910 3633 966 laudem

2059 974 2347 1067 affectatis,
2372 981 2512 1047 quod
2536 999 2563 1034 a
2599 989 2879 1054 pugnando
2915 993 3237 1050 abhorretis.
3259 998 3310 1051 Id
3335 1001 3549 1067 quidem
3578 1014 3634 1058 et

379 1068 498 1114 nnS,
544 1068 587 1105 si
620 1052 834 1118 quando
877 1053 1083 1106 tardius
1120 1056 1445 1111 mentionem
1474 1062 1621 1127 pacis
1650 1062 1934 1128 fecissetis,
1978 1065 2137 1135 136
2192 1067 2354 1121 etiam
2387 1052 3045 1139 vincentesfecissemus.
3113 1087 3296 1157 Itaque
3323 1052 3629 1161 ἐιρξξθῇζ

384 1162 411 1195 n
438 1144 560 1212 agni
597 1146 932 1199 aestimamus
998 1155 1052 1201 et
1085 1161 1363 1205 sermones
1395 1153 1545 1221 pacis
1590 1155 1949 1210 admittimus.
1994 1158 2124 1212 Nam
2160 1162 2404 1229 generosi
2467 1165 2631 1220 animi
2656 1170 3082 1234 est,1touestatis
3141 1144 3632 1250 leg'esinoarnii‘liu;

378 1235 539 1290 rebus
567 1236 739 1303 sequi.
784 1255 803 1287 ι

445 1330 601 1382 οὕτω
646 1331 701 1383 δὲ
744 1332 838 1384 καὶ
884 1330 979 1384 τοῦ
1032 1334 1128 1404 Ζὶχ
1180 1336 1461 1406 εἰπόντος,
1525 1341 1573 1392 οἰ
1631 1342 1956 1413 ἀμφοτέρων

374 1420 636 1489 ἑρμηνεῖς
706 1420 1198 1490 διασαφηνίσαντες
1256 1426 1339 1494 ἐφ’
1394 1429 1630 1500 ἑκάτερα
1688 1434 1825 1501 μέρη
1888 1432 1955 1485 τὰ

378 1514 600 1583 ῥήματα
632 1512 946 1567 διδάσκαλοι
996 1517 1105 1571 τῶν
1158 1520 1444 1588 νοημάτων
1476 1523 1775 1591 ἐγίγνοντο,
1806 1525 1958 1577 πλεί-

378 1622 522 1658 στων
568 1606 664 1659 καὶ
720 1606 923 1676 ἐτέρων
965 1609 1401 1680 ἀπερριμμένων
1450 1613 1642 1679 λόγων,
1704 1615 1798 1667 νῦν
1856 1616 1954 1683 μὲν

377 1696 544 1748 αὑτοῦ
577 1696 670 1749 τοῦ
693 1697 985 1766 χρειὼδους
1008 1700 1187 1769 χάριν,
1212 1701 1307 1753 νῦν
1331 1702 1385 1754 δὲ
1423 1704 1513 1754 καὶ
1542 1705 1756 1769 κόμπου
1792 1705 1951 1757 ἕνεκα

2131 1342 2257 1399 llaec
2297 1343 2505 1401 Ziclms
2539 1358 2595 1401 et
2631 1351 2912 1405 amborum
2953 1352 3248 1423 legatorum
3287 1364 3628 1432 interpretet,

2058 1435 2124 1487 ab
2158 1436 2405 1505 utrisque
2430 1439 2633 1507 prolata
2664 1443 2997 1511 explicantes
3029 1464 3113 1513 ea,
3144 1466 3262 1521 qua:
3292 1471 3630 1525 unaquznque

2060 1541 2186 1594 pars
2216 1528 2507 1595 sentiebat,
2533 1544 2923 1600 exposuerunt,
2962 1553 3083 1592 cum
3112 1541 3163 1594 in
3191 1544 3391 1600 multos
3418 1561 3632 1617 quoque

2058 1616 2195 1669 alios
2230 1632 2510 1672 sermones
2538 1622 2868 1687 erupissent,
2894 1640 3056 1693 quum
3090 1630 3360 1695 utilitatis,
3393 1642 3504 1687 tum
3538 1650 3629 1689 or-

2058 1716 2217 1762 natus
2247 1724 2428 1772 causa,
2460 1718 2514 1763 et
2550 1727 2614 1766 ne
2644 1713 2793 1780 pacis
2827 1714 3097 1772 desiderio
3133 1722 3313 1777 minus
3348 1726 3520 1780 teneri
3550 1729 3630 1780 vi-

375 1787 470 1838 καὶ
498 1786 592 1838 τοῦ
617 1788 692 1855 μὴ
726 1787 906 1841 δοκεῖν
948 1783 1110 1859 ἦττον
1144 1790 1367 1861 ἔχοντας
1400 1797 1498 1863 τῆς
1531 1797 1753 1865 εἰρήνης
1801 1798 1943 1866 ἐφίε-

2060 1798 2334 1853 derentur.
2382 1798 2559 1855 Persa:
2598 1813 2777 1857 autem
2814 1820 2999 1873 pacem
3048 1812 3357 1867 continuam
3413 1831 3533 1870 esse
3575 1828 3628 1870 et

374 1876 527 1931 σθαι.
615 1878 820 1948 Πέρσαι
871 1881 968 1949 μὲν
1020 1880 1287 1952 διηνεκεῖς
1338 1885 1523 1955 ἠξίουν
1574 1887 1794 1940 ἔσεσθαι
1856 1890 1955 1954 τὰς

373 1968 627 2035 σπονδὰς,
654 1970 790 2039 πρὸς
813 1970 872 2023 δέ
914 1987 979 2039 γε
1006 1974 1101 2026 καὶ
1140 1976 1363 2043 χρυσίον
1391 1978 1555 2047 ῥητὸν
1609 1979 1695 2047 ἐφ’
1738 1980 1954 2051 ἑκάστῳ

374 2061 603 2129 ἐνιαυτῷ
654 2062 794 2132 ὑπὲρ
842 2062 935 2115 τοῦ
985 2063 1396 2136 μὴικεχρῆσθαι
1429 2071 1539 2131 τοῖς
1574 2068 1763 2133 ὅπλοις
1794 2072 1952 2139 κομί-

376 2150 566 2214 ζεσθαι
596 2151 702 2204 ἀπὸ
742 2152 1054 2222 Ῥωμαίων,
1087 2158 1182 2208 καὶ
1210 2158 1623 2226 τεσσαράκοντα
1656 2159 1756 2228 μὲν
1793 2161 1951 2227 ὲτῶν,

372 2243 437 2295 τὸ
464 2242 593 2309 γοῦν
629 2243 908 2313 ἐλάχιστον
936 2248 1253 2317 τριάκοντα,
1288 2250 1688 2319 προειληφότας
1721 2252 1879 2314 ἐκτὸς
1907 2255 1951 2285 ⁸⁵

386 2332 961 2406 συντελεσθησομένων
1009 2337 1067 2388 ὲν
1113 2337 1193 2390 ἑνὶ
1232 2335 1633 2409 ξυναθροισμῷ,
1658 2341 1800 2394 οὕτω
1824 2342 1947 2411 βού-

370 2422 559 2476 λεσθαι
593 2426 1035 2479 κατατιθέναιτὰ
1065 2427 1227 2479 ὅπλα.
1265 2428 1528 2497 Ῥωμαῖοι
1557 2429 1612 2482 δὲ
1641 2431 1949 2484 τούναντίον

367 2514 764 2583 ὀλιγοχρονίους
808 2516 906 2578 τὰς
954 2515 1227 2587 ξυνθήκας
1275 2513 1413 2571 εἶναι
1459 2518 1759 2586 ἐϐούλοντο,
1813 2522 1948 2591 πρὸς

367 2610 478 2667 τοῖς
513 2611 645 2678 μήτε
686 2609 787 2677 μὲν
813 2609 857 2640 ⁸⁸
888 2609 1242 2663 κατατιθέναι
1277 2629 1330 2663 τι
1376 2612 1519 2682 ὑπὲρ
1562 2613 1659 2682 τῆς
1702 2615 1943 2684 εἰρήνης.

379 2698 641 2770 ’Λμίλλης
683 2702 740 2755 δὲ
786 2703 913 2773 περὶ
945 2703 1136 2756 τούτου
1175 2703 1267 2756 ἐπὶ
1319 2704 1462 2775 μέγα
1494 2705 1812 2775 κινηθείσης
1854 2707 1947 2760 καὶ

366 2792 544 2860 λόγων
590 2793 964 2864 προελθόντων
993 2796 1035 2825 ⁸⁸
1066 2796 1268 2865 ἣκιστα
1310 2796 1525 2863 ὀλίγων,
1573 2796 1726 2859 τέλος
1768 2796 1946 2862 ἔδοξεν

366 2886 511 2938 ὥστε
545 2884 639 2937 ἐπὶ
670 2887 1008 2956 πεντήκοντα
1042 2886 1141 2953 μὲν
1171 2886 1264 2957 έτη
1298 2886 1619 2950 ξυνεστάναι
1657 2886 1752 2958 τὴν
1792 2887 1944 2958 είρή-

366 2994 487 3044 νην,
542 2976 834 3046 Ῥωμαίοις
854 2978 910 3030 δὲ
936 2978 1249 3047 ἐπιδοθῆναι
1281 2978 1378 3049 τὴν
1402 2978 1646 3049 Λαζικήν
1668 2994 1683 3010 ο
1715 2980 1945 3049 στερρᾶς

365 3083 430 3119 τε
475 3064 613 3120 εἶναι
662 3069 757 3120 καὶ
801 3069 1120 3137 ἐρρωμένας
1144 3069 1239 3131 τὰς
1276 3069 1569 3137 συνθήκας,
1599 3071 1689 3122 καὶ
1723 3072 1945 3139 κρατεῖν

371 3160 726 3229 ἑκασταχόσε,
780 3160 937 3211 τοῦτο
986 3160 1084 3227 μὲν
1132 3162 1273 3213 κατά
1301 3160 1398 3230 τὴν
1437 3161 1531 3223 ἕω,
1574 3161 1731 3214 τοῦτο
1759 3162 1816 3213 δὲ
1848 3163 1943 3214 καὶ

370 3248 536 3322 [κατὰ
582 3252 678 3321 τὴν
696 3251 763 3322 ⁸³]
808 3253 864 3305 ἐν
909 3252 1188 3321 ’Λρμενίᾳ,
1235 3251 1369 3305 ἀλλὰ
1400 3251 1507 3321 γὰρ
1553 3251 1649 3305 καὶ
1702 3252 1762 3304 ὲν
1806 3251 1942 3322 αὐτῇ

369 3348 543 3417 δήπου
575 3349 639 3415 τῇ
679 3346 909 3415 Λαζικῇ,
952 3344 1095 3396 οὕτω
1120 3344 1305 3415 μέντοι
1340 3345 1414 3407 ὡς
1448 3347 1740 3415 τριάκοντα
1775 3347 1940 3415 χιλιάι

367 3436 464 3499 δας
499 3436 717 3505 ἐτησίας
742 3437 963 3505 χρυσίου
996 3436 1329 3505 νομίσματος
1385 3436 1756 3507 ἀποφέρεσθαι
1805 3439 1944 3508 Πέρ-

372 3544 475 3591 σας
495 3529 539 3562 ⁸³
560 3528 661 3597 τῆς
684 3529 906 3598 εἰρήνης
932 3528 1093 3580 ἕνεκα
1120 3527 1229 3580 ἀπὸ
1274 3527 1579 3595 Ῥωμαίων,
1603 3528 1941 3600 Ἐὅεὸαιώθη

368 3621 427 3675 δὲ
472 3619 649 3683 τοῦτο,
699 3619 839 3672 ὥστε
897 3618 1202 3692 Ῥωμαίρυς
1249 3620 1309 3671 ὲν
1356 3620 1516 3689 ὁμάδι
1558 3620 1603 3651 ⁸⁵
1659 3620 1943 3680 δεκαετίας

372 3710 647 3778 ποσότητα
686 3711 1099 3779 προπαρασχεῖν
1138 3709 1303 3773 οὕτω,
1330 3711 1671 3780 παραχρῆμα
1706 3712 1803 3780 μὲν
1833 3714 1941 3764 ἐνι-

366 3801 612 3857 (ιυτῶσιθ⁵
650 3802 809 3863 ἑπτὰ,
851 3800 945 3853 καὶ
982 3802 1117 3873 μετά
1150 3800 1248 3871 τὴν
1286 3802 1394 3853 τῶν
1421 3801 1464 3863 ζ’
1501 3801 1638 3853 ἑτῶν
1669 3802 1943 3870 παραδρο-

368 3897 509 3965 μὴν,
567 3894 667 3946 οὐκ
723 3897 779 3956 ἐς
828 3892 1124 3962 ἀναὸολὴν,
1171 3892 1520 3945 κατατιθέναι
1578 3893 1688 3944 τῶν
1739 3892 1941 3945 λοιπῶν

363 3988 532 4054 τριῶν
580 3986 716 4036 ἐτῶν
749 3985 847 4054 τὴν
884 3984 1214 4037 συντέλειαν·
1242 3978 1343 4035 εἴθ’
1375 3981 1517 4035 οὕτω
1549 3982 1671 4035 καθ’
1706 3982 1940 4036 ἕκαστον

364 4078 483 4140 ἔτος
536 4076 857 4145 πορίζεσθαι
894 4077 938 4107 ⁵⁸
978 4077 1194 4145 Πέρσας
1239 4075 1281 4105 ⁸⁷
1320 4075 1380 4126 τὸ
1412 4074 1720 4143 ὡρισμένον
1763 4076 1942 4127 ἐνιαυ-

368 4172 561 4222 σιαῖον.
596 4169 783 4233 Ἔδοξε
818 4169 875 4222 δὲ
927 4169 1024 4221 καὶ
1067 4170 1193 4238 περὶ
1239 4167 1333 4219 τοῦ
1379 4168 1803 4237 κατασκαφῆναι
1847 4168 1940 4220 τὸν

366 4261 731 4330 μοναστήριον
760 4258 907 4313 οἷκον
940 4262 1031 4312 τδν
1070 4260 1361 4328 λεγόμενον
1396 4258 1627 4312 Σεόανδν
1656 4260 1750 4312 καὶ
1793 4260 1940 4329 ἰδρυ-

364 4351 529 4418 μένον
555 4352 611 4403 ὲν
633 4354 742 4413 τοῖς
774 4350 1061 4421 μεθορίοις,
1095 4351 1187 4401 καὶ
1212 4349 1588 4419 ἀπολήψεσθαι
1634 4350 1939 4420 Ῥωμαίους

359 4440 457 4492 τὸν
496 4442 688 4505 τόπον,
755 4443 1042 4511 Ῥωμαίων
1086 4442 1182 4509 μὲν
1235 4440 1553 4493 καθεστῶτα
1596 4442 1690 4495 ἀπ’
1738 4443 1934 4513 ἀρχῆς,

360 4532 592 4599 Περσῶν
625 4533 680 4585 δὲ
713 4533 1284 4603 παρασπονδησὰντων
1315 4534 1405 4584 καὶ
1435 4535 1493 4587 ὲν
1514 4535 1717 4604 κατοχῇ
1743 4536 1934 4586 τούτου

361 4628 464 4704 ήδη
501 4626 830 4695 γενομένων,
866 4624 1034 4693 τείχει
1076 4642 1133 4677 τε
1173 4626 1699 4696 κατησφαλισμένων
1729 4627 1790 4678 τὸ
1822 4627 1935 4679 ἰλα-

361 4722 602 4793 στήριον.
635 4721 694 4772 Οἱ
725 4719 780 4771 δὲ
812 4718 944 4770 ἀλλὰ
976 4719 1085 4787 γὰρ
1111 4718 1232 4770 οὒτε
1261 4719 1318 4778 ἐς
1338 4718 1519 4769 τέλεον
1560 4718 1931 4788 κατέσκαψαν,

356 4810 482 4864 οὒτε
516 4812 621 4881 μὴν
655 4810 995 4880 ἐνεχείρισαν
1026 4810 1071 4840 ⁸⁸
1111 4810 1420 4878 Ῥωμαίοις.
1467 4809 1653 4863 Ταῦτά
1696 4828 1777 4862 τοι
1813 4809 1933 4862 οὐδὲ

359 4905 419 4956 ἐν
448 4906 567 4956 ταῖς
595 4903 849 4964 σπονδαῖς
886 4901 1209 4971 ἐμφέρεται.
1243 4900 1546 4970 Ἐστέρχθη
1576 4900 1632 4952 δὲ
1666 4900 1806 4953 ὥστε
1838 4901 1934 4963 τὰς

352 4992 652 5062 λεγομένας
698 4994 762 5062 τῇ
798 4991 1042 5044 Λατίνων
1071 4990 1337 5060 διαλέκτῳ
1370 4991 1577 5061 σάκρας
1617 4992 1675 5057 ἐξ
1725 4993 1930 5060 ἀμφοῖν

356 5088 470 5137 τοῖν
506 5084 776 5154 βασιλέοιν
825 5083 992 5137 αὐτοῦ
1032 5085 1477 5154 ἐπικομισθῆναι,
1511 5084 1931 5148 ὲπιϐεὸαιούσας

356 5176 611 5239 ἅπαντα,
667 5178 766 5229 ὅσα
836 5176 974 5246 πρὸς
1028 5175 1135 5227 τῶν
1200 5176 1490 5247 πρέσόεων
1547 5176 1929 5245 ὲμπεδωθέντα

354 5265 638 5334 ἐτύγχανε.
665 5267 776 5320 Καὶ
799 5267 978 5319 τοίνυν
1002 5265 1072 5319 τὰ
1097 5267 1271 5320 τοιάδε
1302 5267 1499 5336 ἐστάλη
1548 5265 1757 5319 αὐτόθι.
1792 5265 1926 5318 Ξυν-

2059 1903 2261 1945 certain
2302 1894 2418 1947 auri
2458 1898 2833 1964 quantitatem,
2882 1916 2948 1954 ne
2989 1905 3154 1958 armis
3183 1914 3477 1973 uterentur,
3514 1910 3627 1965 sin-

2059 1983 2198 2052 gulis
2222 1983 2380 2036 annis
2412 1986 2661 2054 accipere
2685 1988 2953 2045 volebant.
2985 1993 3248 2049 Prmterea
3270 2001 3620 2069 quadraginta

2057 2086 2151 2129 aut
2186 2078 2250 2131 ad
2282 2077 2458 2132 minus
2493 2080 2710 2149 triginta
2743 2098 3005 2138 annorum
3051 2088 3167 2141 auri
3220 2094 3623 2157 praestationem

2056 2182 2165 2221 uno
2198 2169 2414 2224 cumulo
2440 2181 2814 2226 coacervatam
2845 2174 2946 2228 sibi
2977 2176 3115 2240 dari,
3138 2187 3195 2230 ιιι
3225 2179 3292 2233 ab
3320 2181 3488 2233 armis
3519 2183 3628 2235 dis-

2054 2261 2344 2325 cederent,
2389 2263 2752 2328 postulabant.
2813 2264 3040 2321 Romani
3113 2278 3302 2324 contra
3353 2273 3419 2325 ad
3466 2273 3627 2329 breve

2054 2357 2266 2415 tempus
2300 2351 2499 2405 foedera
2536 2353 2649 2408 fieri
2670 2370 2879 2423 tequmn
2910 2360 3221 2427 censebant,
3249 2371 3300 2416 et
3333 2363 3624 2433 quidquam

2053 2457 2149 2511 pro
2190 2457 2316 2507 pare
2350 2444 2559 2499 solvere
2591 2447 2928 2501 recusabant.
2963 2448 3159 2518 Magno
3191 2469 3353 2522 super
3383 2456 3483 2510 hoc
3507 2472 3624 2508 cer-

2054 2534 2254 2588 tamine
2311 2546 2686 2600 exorto,~cum
2730 2539 2969 2606 pluribus
3011 2543 3189 2609 verbis
3234 2544 3373 2600 inter
3412 2563 3471 2601 se
3503 2549 3625 2602 dis-

2052 2622 2349 2677 servissent
2375 2664 2390 2687 ,
2450 2625 2663 2678 tandem
2714 2628 2935 2682 decreto
2977 2631 3242 2685 sancitum
3287 2642 3401 2698 est,
3437 2644 3491 2686 ut
3531 2652 3627 2704 per

2052 2715 2438 2784 quinquaginta
2488 2731 2659 2795 annos
2700 2733 2803 2786 pax
2853 2730 3014 2786 esset,
3061 2723 3317 2778 Romanis
3368 2724 3621 2779 Lazicam

2051 2801 2229 2858 Persa:
2270 2807 2555 2860 redderent
2584 2822 2598 2858 :
2626 2817 2685 2861 ut
2725 2809 2874 2877 pacis
2909 2812 3248 2867 conditiones
3291 2814 3533 2869 valerent
3568 2826 3624 2870 et

2052 2894 2247 2971 ubique
2279 2894 2722 2962 observarentur,
2761 2907 2815 2950 et
2843 2913 2937 2967 per
2970 2898 3269 2964 Orientem,
3302 2909 3357 2955 et
3388 2915 3484 2969 per
3505 2903 3623 2954 Ar-

2053 2984 2284 3036 meniam
2315 2994 2370 3037 et
2399 3000 2493 3052 per
2527 2986 2697 3054 ipsam
2737 3002 2949 3055 quoque
2979 2988 3231 3044 Lazicam
3268 3008 3283 3042 :
3326 2993 3404 3045 sic
3436 3003 3613 3045 tamen

2054 3085 2110 3128 ut
2143 3076 2360 3145 triginta
2391 3092 2678 3131 aureorum
2718 3077 2881 3131 millia
2913 3080 3138 3148 singulis
3167 3081 3326 3135 annis
3369 3096 3465 3150 pro
3490 3096 3621 3150 pace

1969 3141 2013 3203 Ο
2050 3167 2279 3222 Romani
2316 3167 2497 3224 Persis
2526 3179 2841 3238 praestarent
2872 3188 2885 3223 :
2913 3171 2979 3223 de
3018 3186 3082 3225 eo
3116 3187 3329 3241 quoque
3352 3188 3616 3227 convene-

2050 3268 2197 3321 runt,
2228 3267 2285 3311 ut
2317 3259 2501 3313 decem
2538 3275 2801 3314 annorum
2832 3262 3090 3315 tributum
3128 3278 3233 3315 una
3266 3264 3415 3330 prius
3444 3265 3613 3317 solve-

2048 3357 2214 3415 retur,
2241 3348 2313 3402 ita
2336 3359 2393 3403 ut
2419 3360 2622 3418 septem
2644 3364 2908 3405 annorum
2936 3366 3143 3405 summa
3166 3352 3416 3420 praesenti
3450 3368 3615 3419 pecu-

2047 3440 2158 3507 nia,
2198 3441 2358 3494 trium
2397 3440 2726 3509 reliquorum
2757 3456 3048 3504 annorum,
3097 3441 3187 3509 qui
3243 3442 3517 3495 restabant
3546 3458 3611 3495 ex

2046 3535 2251 3595 decem,
2284 3532 2469 3586 statim
2511 3512 2630 3601 post
2657 3541 2939 3601 peractum
2975 3534 3315 3601 septennium
3354 3525 3615 3603 pendere-

2046 3635 2162 3688 tur;
2194 3624 2386 3677 deinde
2416 3639 2509 3693 per
2545 3625 2779 3693 reliquos
2816 3625 3057 3695 singulos
3082 3642 3251 3681 annos
3284 3641 3347 3680 ex
3380 3642 3617 3682 conven-

2043 3718 2190 3771 tione
2217 3717 2415 3771 solutio
2448 3718 2619 3772 ﬁeret.
2648 3718 2841 3771 Actum
2873 3735 3090 3789 quoque
3130 3729 3214 3774 est
3255 3721 3321 3774 de
3352 3722 3614 3776 diruenda

2045 3809 2341 3860 monastica
2372 3808 2556 3872 domo,
2582 3823 2705 3876 qua:
2736 3808 2984 3863 Sebanus
3010 3822 3251 3874 vocatur,
3280 3814 3538 3866 aediﬁcata
3565 3815 3616 3866 in

2043 3897 2364 3963 confinibus,
2399 3899 2551 3967 cujus
2576 3914 2755 3953 arcam
2796 3900 3019 3954 Romani
3046 3902 3373 3969 acciperent.
3406 3903 3615 3955 Etenim

2043 3989 2111 4041 ab
2154 3988 2307 4041 initio
2331 3987 2698 4043 Romanorum
2736 3990 2909 4043 fuerat
2936 4007 2951 4045 :
2981 3993 3074 4044 sed
3104 4006 3222 4043 eam
3256 3990 3431 4044 Persa:
3454 4033 3467 4053 ,
3494 4009 3614 4045 eum

2045 4096 2233 4151 pacem
2277 4082 2569 4149 rupissent,
2594 4091 3015 4150 occupaverant,
3045 4092 3238 4135 etcum
3271 4083 3320 4134 in
3353 4082 3470 4152 ejus
3493 4099 3617 4152 pos-

2043 4173 2287 4227 sessione
2320 4173 2411 4225 diu
2452 4172 2707 4239 fuissent,
2740 4173 2879 4227 hanc
2911 4173 3080 4227 autem
3116 4175 3385 4226 moenibus
3420 4192 3576 4244 sepse
3598 4206 3617 4215 -

2043 4277 2183 4319 rant.
2228 4263 2344 4320 Non
2394 4274 2570 4320 tamen
2622 4266 2696 4319 illi
2741 4282 2860 4321 eam
2915 4245 3155 4319 fitnditus
3188 4266 3425 4322 demoliti
3468 4277 3611 4330 sunt,

2042 4372 2218 4425 neque
2248 4354 2508 4411 Romanis
2536 4358 2890 4412 tradiderunt.
2928 4355 3157 4410 Fmdrra
3192 4356 3337 4410 euitn
3366 4357 3433 4409 de
3464 4372 3525 4409 ea
3559 4374 3615 4410 re

2043 4452 2172 4505 nihil
2204 4453 2495 4520 quidquam
2523 4452 2891 4507 continebant.
2933 4452 3268 4506 Conventum
3296 4450 3457 4503 etiam
3491 4450 3612 4514 fuit,

2043 4555 2098 4597 ιιι
2153 4544 2368 4609 litterae,
2421 4559 2557 4612 quas
2604 4558 2790 4598 sacras
2832 4543 3020 4597 Latina
3067 4544 3246 4609 lingua
3294 4553 3509 4606 vocant,
3545 4542 3612 4595 ab

2040 4636 2303 4701 utrisque,
2346 4644 2397 4687 ct
2435 4635 2502 4686 ab
2544 4633 2890 4701 imperatore,
2923 4644 2976 4687 et
3003 4648 3030 4687 a
3066 4648 3222 4703 rege,
3260 4632 3609 4689 atl‘erreutur.

2036 4724 2231 4792 quibus
2273 4726 2420 4776 ratas
2452 4724 2715 4779 ltaliereut
2744 4735 2797 4777 et
2831 4726 3218 4779 confirmarent
3251 4726 3399 4792 pacis
3427 4726 3611 4778 condi-

2042 4817 2237 4878 tiones,
2276 4817 2342 4868 de
2371 4817 2569 4883 quibus
2615 4817 2773 4884 legati
2810 4828 3219 4872 consenserant.
3254 4818 3316 4872 Et
3364 4819 3447 4873 ita:
3481 4834 3614 4872 con-

2036 4905 2215 4958 festim
2242 4906 2368 4958 illuc
2385 4915 2511 4958 sunt
2533 4907 2731 4960 missae.
2759 4908 3173 4960 Conditionibus
3204 4924 3419 4976 quoque
3446 4908 3614 4961 ascri-

1990 4994 2007 5009 ⁴
2039 5006 2187 5066 ptum
2217 5006 2354 5061 erat,
2390 5005 2447 5049 ut
2483 4994 2774 5065 separatim
2817 5012 2971 5051 sacra
3014 5002 3224 5053 sanctio
3268 5000 3336 5052 ab
3379 5000 3613 5067 impera--

2038 5100 2155 5142 tore
2186 5089 2425 5144 Romano
2472 5089 2835 5154 emitteretur,
2883 5107 2987 5161 qua
3035 5092 3288 5159 pecunias
3337 5091 3611 5160 pensiouis

2034 5183 2197 5234 trium
2248 5180 2580 5249 reliquorum
2629 5196 2926 5247 annorum,
2974 5184 3064 5252 qui
3106 5184 3382 5238 restabant
3417 5199 3483 5236 ex
3514 5185 3608 5237 dc—

2034 5285 2173 5333 cem.
2232 5286 2292 5327 se
2329 5273 2513 5327 statim
2547 5282 2783 5329 exeunte
2822 5275 3053 5343 septimo
3100 5293 3246 5331 anno
3291 5276 3473 5332 Persis
3506 5292 3606 5330 ttu-

1647 5427 1877 5483 VARle
1913 5427 2313 5487 LECTIONES.

424 5568 472 5599 ε’
502 5567 657 5631 ἐκτὸς
686 5567 861 5639 συντ.]
897 5570 1004 5621 πᾶν
1047 5569 1108 5620 τὸ
1161 5568 1717 5637 συντελεσθησόμενον
1754 5569 1815 5622 Ν.
1879 5570 1924 5601 ⁸⁸
1960 5573 2095 5640 πρὸς
2128 5572 2204 5640 τῷ
2234 5572 2371 5641 μήτε
2451 5572 2517 5640 ὴν
2544 5571 2602 5626 Β.
2681 5571 2724 5602 ⁸⁸
2759 5570 3162 5640 προσελθόντων
3199 5573 3338 5642 vulg.
3394 5570 3438 5603 “
3466 5590 3531 5623 κα
3549 5573 3605 5626 τὰ

426 5656 454 5690 ν
490 5638 645 5692 uncis
699 5639 916 5693 inclusit
956 5638 1014 5690 ll.
1094 5639 1137 5670 ”
1168 5640 1379 5695 Πέρσας
1432 5640 1747 5695 ΙΙ..11ἐραις
1785 5642 1925 5695 νιιΙιι.
2022 5644 2067 5677 ’δ’
2105 5644 2162 5693 ἐν
2190 5643 2351 5695 mea:
2409 5589 2548 5695 cal”
2604 5642 2823 5695 ὲνοιιάδι
2867 5643 3010 5695 vulg.
3090 5643 3132 5677 ⁵⁵
3166 5644 3429 5695 ἐνιαυτῶν
3461 5642 3600 5695 νιιΙ..

352 5639 454 5711 τὴν
490 5638 645 5711 uncis
699 5638 916 5711 inclusit
956 5638 1041 5711 Β,
1094 5639 1517 5711 ηλιιξρσαςηιι..
1548 5640 1747 5711 ΙΙὲραις
1785 5642 1925 5711 vulg.

356 5706 473 5762 ἔνια
493 5708 603 5762 τῶν
636 5709 779 5781 vulg.
818 5710 863 5741 “
896 5706 1591 5782 πορίζεσθαι]’κομξζεσοαι
1616 5706 1759 5779 eonj.
1799 5710 1857 5764 Β.

1590 5930 1619 5939 κ

2022 5644 2067 5677 ’δ’
2105 5644 2162 5693 ἐν
2190 5643 2351 5710 ὁμάδι
2411 5642 2548 5703 Val..
2604 5642 2823 5711 ὲνομάδι
2867 5643 3010 5711 vulg.
3090 5643 3132 5677 ⁵⁸
3166 5644 3429 5695 ἐνιαυτῶν
3461 5642 3600 5708 Val.,

1936 5713 1979 5746 ⁸⁷
2010 5712 2246 5782 Πέρσαις
2274 5713 2419 5783 conj.
2452 5713 2520 5766 N.
2551 5713 2596 5745 ⁸⁸
2626 5712 2962 5782 ἐνεχείρισαν
2989 5712 3079 5778 ll.,
3108 5714 3419 5785 ἐνεχείρησε
3455 5715 3599 5782 vulg.
