4006 6214
428 277 538 340 839

1313 271 1710 333 EXCERPTA
1742 271 1845 331 EX
1878 270 2301 333 MENANDRU
2338 273 2829 334 PROTECTORE

3570 275 3693 338 8(0'

435 397 764 443 meraturum
796 393 1030 443 careret.
1071 383 1229 454 137
1267 381 1486 435 Pactum
1529 395 1747 451 quoque
1786 390 1890 445 est,
1940 388 2000 434 ut

2105 380 2306 450 ἔϐησαν
2338 383 2397 437 δὲ
2445 384 2541 437 καὶ
2590 386 2648 448 ἐς
2686 383 2883 451 τοῦτο,
2933 384 3077 439 ὥστε
3126 388 3269 441 κατὰ
3317 387 3446 457 μίαν
3480 392 3676 460 μοῖραν

434 479 722 535 Persarum
751 491 839 529 rex
876 474 1179 528 cautionem
1220 471 1606 538 interponeret,
1635 485 1719 535 se,
1750 469 1996 525 simulat-

432 586 540 642 que
568 584 791 633 aurum,
825 564 965 634 quod
1008 561 1297 633 stipulatus
1330 570 1470 627 erat,
1507 577 1604 631 pro
1635 562 1808 617 tribus
1841 562 1998 619 anuis

434 663 750 731 recepisset,
791 655 1102 711 securitatis
1138 655 1347 709 litteras
1380 654 1696 723 imperatori
1744 652 1996 709 Romano

432 755 776 815 traditurum.
800 749 866 803 Et
885 748 1113 802 Romani
1142 747 1484 815 imperatoris
1506 746 1657 816 pacis
1682 745 1995 800 ratiltabitio

431 846 643 903 solitam
670 858 780 913 pra:
798 857 858 897 se
883 838 1089 895 ferebat
1123 839 1552 907 inscriptionem,
1573 853 1694 906 qua:
1717 840 1849 894 satis
1873 847 1994 893 nota

432 948 537 994 est.
589 935 876 991 Persarum
928 947 1054 991 vero
1094 930 1238 1001 regis
1288 930 1505 984 Persica
1556 929 1734 999 lingua
1783 930 1998 998 scriptas

430 1030 595 1085 verba
631 1027 817 1082 Graece
847 1026 961 1079 lucc
988 1033 1221 1078 sonant:
1252 1040 1270 1073 ι
1313 1022 1554 1085 Divinos,
1584 1022 1775 1085 bonus,
1810 1021 1998 1089 pacili-

429 1136 548 1186 cus,
578 1132 822 1175 summus
854 1116 1121 1185 princeps,
1151 1113 1442 1177 Cltosroes,
1477 1127 1571 1166 rex
1608 1126 1813 1179 regum,
1847 1110 1996 1177 felix,

428 1211 568 1278 pius,
625 1207 922 1269 beneficus,
979 1205 1063 1258 cui
1119 1202 1200 1257 Dii
1239 1217 1490 1271 magnum
1536 1200 1820 1270 imperium
1875 1215 1995 1255 cum

432 1299 639 1369 magnis
660 1298 851 1367 opibus
878 1294 1235 1360 indulserunt,
1263 1294 1412 1363 gigas
1445 1293 1742 1363 gigantum.
1778 1292 1843 1345 ad
1868 1292 1994 1346 deo-

434 1407 548 1445 rum
574 1391 849 1456 exemplar
882 1386 1229 1454 compositus,
1252 1383 1559 1438 Iustiniano
1589 1382 1809 1447 Caesari,
1841 1381 1999 1438 fratri

431 1491 638 1536 nostro.
681 1501 699 1532 ι
737 1481 910 1548 Atque
951 1478 1227 1546 inscriptio
1260 1486 1380 1531 erat
1410 1475 1738 1543 huiusmodi.
1776 1476 1867 1530 Vis
1904 1491 1998 1531 au-

434 1586 538 1627 tem
586 1587 805 1636 eorum,
841 1584 959 1640 quae
1002 1570 1391 1640 comprehensa
1436 1579 1559 1623 suttt
1612 1568 1826 1631 litteris,
1879 1568 2000 1623 talis

2103 472 2385 549 προελθεῖν
2422 476 2465 507 ⁵⁸
2506 474 2605 546 τὴν
2650 475 2995 545 καλουμένην
3035 476 3246 548 σάκραν
3300 478 3366 530 ἐκ
3407 478 3502 532 τοῦ
3560 482 3678 533 Γω-

2106 565 2281 635 μαίων
2310 566 2596 635 βασιλέως,
2645 566 3121 638 ἐπιψηφιζομένην
3154 569 3285 640 περὶ
3321 568 3430 624 τῶν
3476 572 3679 642 προδο-

2103 657 2418 729 θησομένων
2457 659 2757 730 χρημάτων
2797 658 2899 727 τῆς
2945 659 3188 730 τριετίας
3237 661 3376 730 μετὰ
3406 661 3499 715 τὸν
3526 661 3681 715 ἐϐδο-

2106 764 2204 817 μον
2260 747 2546 816 ἐνιαυτὸν,
2608 749 2686 813 ὡς
2750 749 3121 820 καταθήσουσι
3180 749 3354 804 ταῦτα
3414 751 3681 821 Ῥωμαῖοι

2102 840 2358 911 Πέρσαις.
2416 839 2698 911 Ἐκυρώθη
2728 841 2798 905 ⁸ο,
2848 840 2994 895 ὥστε
3028 842 3126 895 καὶ
3180 843 3247 894 ἐκ
3275 842 3371 896 τοῦ
3412 842 3679 912 βασιλέως

2103 930 2332 1001 Περσῶν
2355 932 2644 1001 ὁμολογίαν
2672 935 2731 986 ἐν
2747 933 3039 1004 γράμμασι
3062 934 3366 1002 προελθεῖν,
3386 933 3484 998 ὥς,
3514 935 3682 1005 ήνίκα

2103 1023 2422 1094 πορίσαιντο
2451 1026 2497 1060 ⁸⁸
2536 1025 2747 1095 Ηέρσαι
2774 1025 2883 1079 τῶν
2910 1025 3077 1097 τριῶν
3122 1026 3261 1079 ἐτῶν
3297 1026 3359 1079 τὸ
3389 1025 3683 1095 ὀφειλόμε-

2103 1133 2194 1169 νον
2247 1117 2471 1187 χρυσίον
2498 1155 2515 1182 ,
2567 1117 2775 1189 βασιλεῖ
2827 1118 3117 1189 Ῥωμαίων
3171 1118 3237 1172 τδ
3286 1119 3419 1189 περὶ
3469 1118 3684 1173 τοιοῦδε

2106 1206 2464 1276 βεϐαιωτικὸν
2517 1209 2912 1280 ἁναδοθήσεται
2968 1209 3228 1281 γράμμα.
3309 1210 3375 1263 Ἦ
3434 1211 3538 1281 μὲν
3582 1212 3682 1266 τοῦ

2117 1296 2390 1368 Ῥωμαίου
2424 1299 2826 1370 αὐτοκράτορος
2858 1299 2989 1372 περὶ
3012 1299 3111 1370 τῆς
3139 1300 3362 1371 είρήνης
3391 1299 3682 1369 ὁμολογία,

2102 1389 2201 1461 τήν
2233 1389 2436 1462 συνήθη
2480 1391 2727 1462 φέρουσα
2774 1391 3121 1463 προγραφὴν,
3151 1391 3428 1462 γνώριμος
3460 1394 3596 1463 ἡμῖν
3622 1396 3685 1457 ἐς

2103 1480 2171 1533 τὰ
2205 1480 2440 1549 μάλιστα
2485 1481 2764 1550 τυγχάνει.
2827 1480 2891 1533 Ἦ
2933 1480 2991 1534 δέ
3025 1480 3120 1534 τοῦ
3151 1480 3377 1551 Περσῶν
3414 1480 3687 1551 βασιλέως

2106 1570 2402 1645 γράμμασι
2452 1571 2555 1640 μὲν
2585 1571 2801 1644 ἐγράφη
2832 1572 3162 1642 Περσικοῖς,
3204 1574 3271 1642 τῇ
3313 1572 3370 1626 δὲ
3417 1573 3689 1643 Ἑλληνίδι

431 1666 546 1719 fuit.
592 1661 839 1717 Referam
873 1677 970 1730 ego
1027 1661 1196 1730 ipsam
1241 1660 1525 1714 verborum
1577 1668 1901 1714 structuram
1946 1669 2001 1715 et

2108 1664 2261 1733 φωνῇ
2320 1661 2460 1716 κατὰ
2519 1662 2690 1717 ταῦτα
2738 1662 3008 1734 δήπουθεν
3055 1662 3230 1733 ἰσχύει
3288 1664 3357 1717 τὰ
3423 1666 3687 1735 ρήματα’

427 1756 854 1823 dispositionem.
887 1751 1258 1819 Necessarium
1282 1752 1426 1806 enim
1451 1767 1573 1807 esse
1603 1753 1727 1806 duxi
1760 1769 1865 1805 uott
1892 1752 1994 1805 ali-

2106 1771 2125 1807 ι
2151 1753 2325 1818 Θείας,
2372 1753 2597 1822 ἀγαθὸς,
2635 1754 3076 1825 εἰρηνοπάτριος,
3127 1755 3356 1826 ἀρχαῖος
3406 1757 3685 1827 Χοσρόης,

429 1860 512 1904 ter
542 1847 739 1914 facere,
779 1862 846 1901 ne
881 1845 1002 1915 quis
1030 1843 1418 1913 suspicaretur,
1441 1859 1507 1899 ex
1540 1845 1766 1899 veritate
1793 1844 1998 1912 aliquid

2105 1844 2354 1916 βασιλεὺς
2399 1845 2686 1916 βασιλέων,
2735 1847 2995 1918 εὐτυχὴς,
3033 1846 3288 1917 εὐσεϐὴς,
3321 1847 3683 1915 ἁγαθοποιδς,

427 1959 456 1994 a
487 1954 572 1994 me
604 1940 967 1993 intututatnm.
994 1937 1121 2008 llaec
1147 1937 1225 1990 sic
1248 1951 1306 1990 se
1333 1936 1535 1995 habent
1561 1953 1575 1990 :
1609 1953 1628 1993 ι
1652 1934 1866 1991 Gratias
1888 1936 2001 2007 agi-

429 2052 548 2090 mus
579 2034 807 2089 Ctesaris
836 2029 1161 2087 fraternitati
1186 2043 1285 2098 pro
1315 2043 1446 2098 pace
1473 2029 1614 2083 inter
1642 2030 1742 2085 ista
1775 2029 1883 2086 duo
1920 2046 2001 2085 re-

429 2141 531 2197 gna
561 2123 888 2179 coustituta.
920 2122 1034 2175 Nos
1067 2120 1285 2189 quidem
1317 2117 1779 2193 .lesdegusuaplto,
1817 2120 2005 2184 divino

427 2214 761 2269 cubiculario
789 2221 994 2276 nostro,
1009 2210 1268 2277 iussimus
1289 2220 1344 2265 et
1371 2218 1699 2278 potestatem
1728 2212 1997 2279 dedimus,

428 2306 481 2366 id
510 2304 712 2375 negetii
740 2304 1027 2361 conficere.
1052 2301 1389 2357 Fraternitas
1417 2312 1595 2355 autem
1624 2301 1854 2361 Caesaris
1880 2304 1999 2371 ejus

429 2400 863 2468 procurationem
896 2395 1077 2459 Petro,
1116 2394 1476 2455 Romanorum
1511 2396 1789 2464 magistro,
1817 2406 1869 2450 et
1894 2394 1999 2448 En-

428 2489 581 2547 sebio
612 2487 903 2553 commisit,
933 2497 989 2538 ut
1022 2486 1094 2541 de
1121 2499 1253 2553 pace
1295 2485 1622 2553 colloquium
1664 2488 1922 2540 baberent
1947 2496 2002 2538 tt

426 2589 745 2636 tractarent.
776 2580 837 2633 Et
857 2577 1071 2648 quidem
1097 2576 1319 2639 Zicltus,
1341 2584 1394 2630 et
1415 2576 1504 2643 qui
1530 2590 1558 2627 a
1588 2575 1851 2640 Romanis
1885 2592 2001 2631 tua-

426 2675 594 2743 gister
625 2674 841 2736 dicitur,
874 2681 929 2724 et
958 2670 1243 2732 Eusebius,
1277 2682 1336 2723 re
1367 2666 1513 2723 inter
1540 2681 1599 2719 se
1628 2666 1919 2720 deliberata
1947 2677 2002 2722 et

428 2777 714 2832 perpensa,
744 2768 1113 2815 traCtaveruttt
1141 2766 1196 2819 ct
1230 2757 1279 2809 itt
1311 2755 1527 2823 scriptis
1562 2756 1878 2821 redegerunt
1907 2772 2003 2826 pa-

426 2872 545 2911 cem
582 2857 633 2911 in
658 2854 1047 2924 quinquaginta
1079 2866 1251 2905 annos
1267 2848 1455 2907 Persis
1479 2862 1531 2905 et
1574 2848 1831 2905 Romanis
1854 2866 1999 2914 esse,

376 2942 389 2953 ’
427 2958 484 3000 et
508 2961 628 3014 qua:
658 2946 861 3013 scripta
885 2953 1028 3008 sunt,
1060 2942 1175 2999 suis
1204 2942 1397 3011 sigillis
1429 2943 1706 3011 impressis
1730 2943 1994 3011 approba-

428 3044 643 3088 vcruttt.
681 3032 865 3101 Itaque
902 3045 998 3085 nos
1028 3030 1228 3092 omnia,
1275 3045 1395 3098 quae
1437 3028 1636 3083 Zicltus
1663 3039 1718 3084 ct
1749 3030 2003 3098 magister

430 3123 792 3181 Romanorum
818 3133 868 3177 et
889 3121 1151 3175 Eusebius
1182 3121 1246 3174 de
1280 3136 1412 3190 pace
1454 3130 1841 3181 convenerunt,
1886 3129 2001 3174 rata

429 3218 583 3270 firma
617 3216 794 3268 valere
826 3213 1109 3278 volumus,
1144 3221 1202 3266 et
1246 3210 1646 3265 conditionibus
1676 3211 1835 3265 dictis
1884 3221 1996 3264 sta-

430 3318 571 3358 mus.
612 3322 632 3355 t
666 3304 728 3357 Et
763 3304 866 3357 ista
897 3302 1110 3371 quidem
1142 3301 1206 3353 ad
1241 3300 1464 3355 verbum
1498 3300 1569 3353 ita
1602 3300 1799 3368 set-ipta
1827 3316 1885 3353 se
1909 3300 2002 3352 Ita-

428 3391 646 3447 ltebant.
671 3392 871 3446 Eodem
899 3406 1062 3444 sensu
1085 3389 1450 3451 Romanorum
1494 3391 1697 3458 itnpera
1710 3391 1841 3446 toris
1872 3393 2001 3447 rati-

429 3484 634 3537 ltabitio
665 3482 868 3549 scripta
893 3482 1017 3545 fuit,
1050 3480 1143 3535 sed
1170 3481 1292 3535 sine
1315 3480 1672 3548 inscriptione
1705 3482 1816 3546 illa,
1845 3498 2002 3550 quant

424 3573 620 3627 litterae
646 3574 786 3640 regis
804 3570 1090 3627 Persarum
1118 3571 1409 3633 habebant.
1444 3570 1620 3641 Super
1651 3573 1734 3629 bis
1763 3574 2000 3633 solutum

426 3672 510 3717 est
545 3662 686 3715 inter
714 3661 916 3730 legatos
949 3659 1296 3729 colloquium.

2099 1928 2251 2005 ᾧτινι
2291 1936 2404 1990 θεοὶ
2433 1938 2678 2008 μεγάλην
2723 1938 2890 2009 τύχην
2911 1938 2957 1969 ⁸⁸
2985 1937 3083 1992 καὶ
3116 1936 3361 2007 μεγάλην
3394 1936 3689 2008 βασιλείαν

2099 2025 2385 2094 δεδώκασι,
2416 2028 2580 2096 γίγας
2605 2029 2903 2097 γιγάντων,
2934 2028 2993 2091 ὃς
3023 2028 3088 2082 ἐκ
3112 2026 3250 2082 θεῶν
3277 2030 3689 2100 χαρακτηρίζε-

2102 2135 2216 2186 ται,
2260 2119 2629 2193 Ἰουστινιανῷ
2681 2121 2942 2193 Καίσαρι,
2982 2123 3196 2194 ἀδελφῷ
3230 2124 3503 2193 ἡμετέρῳ.
3542 2140 3562 2174 ι
3620 2124 3689 2175 ἰι

2109 2211 2212 2281 μὲν
2233 2211 2327 2267 οὖν
2349 2213 2644 2283 προγραφὴ
2672 2211 2819 2271 οὕτω
2846 2229 2925 2284 πη
2955 2214 3170 2286 ἐδήλου,
3208 2214 3352 2285 ἀτὰρ
3385 2214 3419 2284 ή
3452 2214 3690 2285 δύναμις

2099 2304 2211 2357 τῶν
2238 2304 2544 2374 λεχθέντων
2574 2306 2753 2361 τοιάδε
2779 2304 3046 2377 ὑπῆρχεν.
3079 2305 3307 2375 Εἴποιμι
3336 2305 3392 2359 δέ
3418 2306 3589 2374 αὐτήν
3618 2323 3686 2372 γε

2098 2393 2269 2465 δήπου
2310 2393 2418 2447 τῶν
2470 2393 2646 2463 λόγων
2704 2393 2805 2465 τὴν
2852 2395 3131 2465 συνθήκην
3156 2410 3171 2425 ·
3222 2397 3518 2463 αναγκαῖον
3570 2397 3687 2466 γὰρ

2100 2486 2275 2554 ἔγωγε
2313 2485 2503 2557 ᾠήθην
2542 2487 2781 2557 χρῆσθαι
2825 2486 2929 2541 οὐκ
2955 2487 3149 2553 ἄλλως,
3178 2488 3255 2552 ὡς
3284 2487 3351 2541 ἂν
3380 2487 3455 2558 μὴ
3485 2487 3688 2541 ὑποτο-

2102 2577 2267 2645 πήσοι
2304 2590 2389 2637 τις
2433 2574 2597 2644 ἑτέρᾳ
2636 2576 2837 2645 φράσει
2875 2575 3332 2646 παρατετράφθαι
3386 2593 3441 2629 τι
3491 2575 3601 2629 τῶν
3637 2577 3689 2612 ⁸⁸

2100 2664 2315 2734 ἀληθῶς
2343 2665 2392 2697 ⁸⁸
2422 2705 2440 2721 .
2467 2705 2490 2735 .λ
2518 2706 2533 2723 .
2565 2661 2713 2743 εῖχεν
2755 2666 2930 2721 οὕτω·
2964 2686 2983 2719 ι
3022 2668 3197 2740 χὲιριν
3226 2668 3575 2739 ἁπονέμομεν
3612 2671 3684 2739 τῇ

2099 2756 2423 2827 ἀδελφότητι
2452 2756 2546 2812 τοῦ
2570 2759 2849 2829 Καίσαρος
2886 2760 3014 2829 περὶ
3046 2742 3146 2830 τῆς
3175 2759 3363 2830 χρείας
3403 2761 3504 2830 τῆς
3526 2762 3687 2830 εἰρή-

2100 2866 2198 2919 νης
2223 2849 2323 2918 τῆς
2355 2848 2558 2918 μεταξὺ
2583 2851 2790 2903 τούτων
2829 2850 2937 2903 τῶν
2985 2849 3079 2903 δύο
3108 2851 3441 2908 πολιτειῶν.
3489 2850 3693 2921 Ἡμεῖς,

2104 2940 2204 3010 μὲν
2262 2940 2697 3009 Ἰεσδεγουσνὰφ,
2745 2942 2874 3010 θείῳ
2900 2942 3354 3015 κουϐικουλαρίῳ,
3388 2943 3682 2998 ἐκελεύσα-

2106 3045 2206 3100 μεν
2229 3030 2325 3085 καὶ
2352 3030 2600 3095 ἐξουσίαν
2624 3030 2958 3102 δεδώκαμεν·
2987 3035 3020 3102 ή
3055 3033 3354 3104 ἀδελφότης
3400 3034 3493 3088 τοῦ
3536 3036 3682 3090 Καί-

2105 3135 2270 3191 σαρος
2297 3122 2488 3194 Πέτρῳ
2514 3123 2800 3193 μαγίστριρ
2840 3123 2949 3181 τῶν
2993 3124 3282 3195 Ῥωμαίων
3310 3127 3406 3181 καὶ
3437 3126 3699 3199 Εὐσεσίῳ,

2103 3214 2362 3270 ἐκέλευσε
2396 3216 2491 3269 καὶ
2515 3216 2783 3286 ἐπέτρεψε
2813 3218 2908 3270 καὶ¹
2942 3218 3193 3284 ἐξουσίαν
3219 3218 3420 3274 δέδωκε
3451 3218 3689 3288 λαλῆσαι

2102 3308 2199 3360 καὶ
2235 3308 2586 3378 τρακταῖσαι.
2651 3310 2761 3362 Καὶ
2794 3309 2960 3380 ὁ,Ζὶ.χ
2993 3311 3089 3364 καὶ
3125 3312 3154 3362 6
3202 3309 3495 3380 λεγόμενος
3531 3312 3687 3380 παρὰ

2119 3393 2413 3465 Ῥωμαιοις
2470 3398 2773 3469 μάγιστρος
2828 3398 2925 3452 καὶ
2976 3398 3233 3463 Εὐσέϐιος
3300 3399 3369 3453 τὰ
3406 3399 3539 3470 περὶ
3583 3403 3686 3470 τῆς

2104 3486 2334 3556 εἰρήνης
2361 3487 2558 3555 κοινῶς
2583 3487 2855 3556 ἐλάλησαν
2888 3489 2981 3542 καὶ
3005 3490 3392 3557 ἐτρακτάῖσαν,
3427 3489 3529 3542 καὶ
3562 3490 3687 3542 ἐτύ-

2103 3594 2291 3630 πωσαν
2346 3577 2444 3649 τὴν
2516 3579 2742 3650 εἰρήνην
2810 3584 3149 3651 πεντήκοντα
3219 3581 3486 3635 ἐνιαυτῶν
3513 3623 3529 3646 ,
3592 3582 3691 3633 καὶ

2101 3669 2355 3741 ἑγγραφα
2385 3671 2585 3734 πάντες
2613 3672 2974 3744 ἐσφράγισαν.
3023 3672 3213 3743 Ἡμεῖς
3238 3671 3331 3726 οὖν
3370 3672 3493 3726 καθ’
3515 3673 3564 3704 ⁸⁸
3593 3670 3630 3726 ἃ
3657 3679 3686 3731 6

425 3753 522 3822 Ζὶχ
552 3750 647 3805 καὶ
688 3753 717 3804 6
746 3751 1045 3821 μάγιστρος
1092 3750 1200 3803 τῶν
1259 3750 1545 3821 Ῥωμαίων
1601 3753 1696 3806 καὶ
1765 3753 2027 3824 Εὐσέϐιος
2067 3760 2353 3830 ἐποίησαν,
2415 3762 2645 3832 βεϐαίως
2685 3764 2885 3835 ἔχομεν
2919 3765 3018 3835 τὴν
3087 3767 3332 3836 εἰρήνην,
3368 3766 3467 3819 καὶ
3500 3764 3683 3834 ἐμμέ-

426 3861 590 3913 νομεν
617 3844 822 3908 αὐτοῖς·
861 3863 881 3896 ι
916 3842 1074 3898 Οὕτω
1122 3844 1220 3915 μὲν
1247 3844 1341 3898 ἐπὶ
1367 3845 1566 3911 λέξεως
1597 3841 1768 3917 εἶχεν.
1847 3848 2253 3926 Ὀμοιοτρόπως
2308 3857 2488 3911 δὲκαὶ
2546 3858 2578 3927 ή
2643 3858 2738 3912 τοῦ
2787 3850 3074 3929 Ῥωμαίων
3097 3858 3361 3928 βασιλέως
3387 3858 3693 3928 ἐτύγχανεν,

425 3935 560 3993 οὖσα
589 3939 869 4010 ὁμολογία,
900 3941 1025 3995 ἄνευ
1051 3940 1148 4010 τῆς
1175 3945 1501 4013 προγραφῆς
1520 3938 1589 4016 ἧς
1613 3939 1726 4015 εἶχε
1752 3944 2117 4019 τδβασίλειον
2182 3954 2419 4023 γράμμα
2486 3957 2549 4006 τὸ
2580 3953 2869 4025 Περσικόν.
2933 3954 3044 4009 Καὶ
3070 3952 3129 4006 ἐν
3152 3953 3381 4006 τοιοῖσδε
3429 3954 3460 4006 6
3489 3950 3683 4017 ξύλλο-

426 4050 520 4102 γος
541 4034 887 4104 διελύθησαν.

496 4126 630 4180 Cum
658 4128 832 4182 denuo
863 4128 931 4182 ad
953 4128 1279 4197 colloquium
1306 4129 1647 4185 venissentet
1673 4130 1868 4188 Zicbtts
1894 4149 2008 4189 tua-

426 4218 637 4286 gnilicis
668 4219 848 4273 verbis
874 4218 1125 4286 iactaret,
1156 4232 1211 4275 et
1236 4221 1506 4276 attolleret
1527 4222 1898 4289 Cltosroen,et
1924 4226 2006 4280 di-

430 4321 602 4369 ceret,
633 4308 782 4362 illum
812 4309 1071 4364 invictum
1106 4324 1227 4365 esse
1253 4318 1307 4364 et
1339 4311 1538 4366 multas
1573 4313 1826 4367 victorias
1847 4326 2008 4370 retu-

427 4397 577 4463 lisse,
611 4409 666 4451 et
701 4400 770 4453 ab
801 4413 868 4453 eo
908 4408 1168 4468 tempore,
1191 4414 1302 4469 quo
1336 4401 1505 4455 cidari
1548 4401 1833 4457 redimitus
1869 4402 2005 4459 fuis-

429 4496 532 4549 set,
564 4491 745 4543 decem
781 4498 990 4558 gentes,
1018 4504 1141 4544 cum
1167 4489 1360 4558 quibus
1382 4489 1714 4556 dimicasset,
1740 4492 2002 4547 tributum

431 4578 665 4647 pendere
695 4579 962 4649 coegisse,
991 4587 1046 4633 et
1067 4578 1504 4648 Ephtltalitaruttt
1533 4579 1831 4649 potentiam
1856 4595 2008 4638 ever-

428 4671 579 4734 tisse,
605 4680 662 4724 et
706 4671 905 4725 multos
931 4685 1086 4741 reges
1131 4670 1435 4739 subegisse,
1478 4679 1533 4725 et
1565 4687 1756 4728 omnes
1791 4672 2004 4728 illarum

431 4773 699 4817 terrarum
732 4762 1002 4817 Barbaros
1046 4762 1220 4831 ipsum
1263 4762 1445 4818 colere
1476 4772 1533 4818 et
1563 4767 1833 4834 venerari,
1865 4768 2007 4823 unde

423 4853 548 4923 jure
568 4862 624 4908 et
652 4854 843 4908 merito
876 4855 1016 4925 regis
1047 4869 1231 4923 regum
1255 4855 1667 4925 appellationem
1689 4859 1793 4913 sibi
1821 4874 2000 4914 sume-

429 4952 534 4998 ret:
551 4960 672 4999 cum
691 4944 806 5000 haec
825 4954 880 5000 et
898 4945 1201 5014 ltujusmodi
1228 4943 1430 5001 Zieltus
1450 4946 1517 5002 de
1540 4945 1783 5004 Chosroe
1802 4950 1999 5019 pradi-

431 5046 601 5103 caret,
625 5046 681 5092 et
698 5037 982 5107 magnifice
1003 5036 1336 5107 loqueretur,
1371 5038 1564 5095 Petrus
1594 5040 2006 5110 pauluma.pro-

430 5128 612 5199 posito
657 5128 984 5200 digrediens,
1026 5130 1170 5184 banc
1218 5129 1502 5186 historiam
1538 5131 1805 5186 recitavit.
1844 5131 2008 5203 138

431 5219 580 5287 Erat,
618 5220 815 5290 inquit,
840 5219 970 5274 olim
999 5220 1190 5288 priscis
1223 5221 1564 5292 temporibus
1585 5221 1804 5291 quidam
1843 5222 2010 5293 Egy-

430 5312 668 5380 ptiorum
697 5328 813 5379 rex,
847 5312 1062 5366 nomine
1086 5311 1375 5367 Sesostris.
1406 5311 1476 5379 ls,
1514 5327 1636 5367 cum
1668 5312 1742 5368 illi
1778 5313 2007 5368 fortuna:

2194 4132 2284 4187 Ἑν
2326 4131 2413 4186 δέκ
2443 4133 2507 4202 δὴ
2540 4132 2705 4203 ἑτέρᾳ
2743 4122 3053 4197 ξυνελεύσει
3086 4129 3560 4201 μεγαλαυχοῦντος
3586 4130 3684 4184 τοῦ

2109 4225 2208 4295 Ζὶχ
2241 4224 2335 4276 καὶ
2371 4224 2466 4278 ἐπὶ
2498 4224 2717 4296 Χοσρόῃ
2747 4223 2963 4292 βασιλεῖ
2996 4223 3339 4294 κομπολογίᾳ
3373 4221 3682 4292 χρωμένου,

2110 4312 2413 4382 φάσκοντός
2441 4330 2525 4377 τε,
2567 4313 2642 4376 ὡς
2700 4311 3063 4383 ἁμαχώτατός
3099 4313 3160 4365 τέ
3210 4314 3326 4365 ἐστι
3384 4313 3480 4364 καὶ
3527 4312 3684 4372 νίκας

2109 4404 2461 4476 περιεϐάλετο
2491 4404 2712 4469 πολλὰς,
2730 4405 2822 4458 καὶ
2851 4404 2926 4466 ὡς
2956 4401 3017 4468 ἐξ
3039 4397 3101 4457 οὗ
3130 4404 3322 4474 χρόνου
3351 4403 3450 4473 τὴν
3471 4402 3687 4471 κίδαριν

2107 4497 2438 4568 ἀνεδήσατο,
2483 4498 2629 4567 ἀμφὶ
2670 4497 2741 4550 τὰ
2794 4495 2931 4550 δέκα
2979 4495 3108 4566 ἔθνη
3166 4495 3691 4563 καταγωνισάμενος

2108 4588 2445 4658 κατέστησεν
2497 4589 2554 4650 ἐς
2605 4589 2776 4658 φόρου
2833 4587 3173 4658 ἀπαγωγὴν,
3212 4588 3306 4640 καὶ
3334 4586 3416 4640 ὅτι
3446 4584 3549 4656 τὴν
3578 4584 3690 4638 τῶν

2119 4680 2455 4751 Ἐφθαλιτῶν
2499 4680 2907 4751 κατεστρέψατο
2955 4681 3222 4751 δύναμιν,
3276 4679 3373 4734 καὶ
3435 4679 3538 4750 μὲν
3592 4677 3690 4733 οὖν

2109 4769 2347 4841 βασιλεῖς
2384 4769 2716 4841 ἐχειρώσατο
2751 4770 3059 4835 πλείστους,
3115 4770 3209 4822 καὶ
3235 4769 3311 4833 ὡς
3342 4768 3576 4837 ἄγανται
3622 4784 3689 4820 τε

2107 4860 2271 4913 αὐτὸν
2303 4861 2399 4914 καὶ
2423 4860 2727 4932 τεθήπασιν
2758 4860 2809 4912 οί
2849 4859 3039 4933 ἐκείνη
3063 4859 3110 4892 ⁸⁸
3154 4859 3453 4931 Βάρϐαροι,
3484 4860 3579 4913 καὶ

2110 4950 2254 5003 κατὰ
2285 4951 2344 5002 τὸ
2370 4950 2645 5019 προσῆκον
2669 4950 2763 5003 καὶ
2787 4949 2886 5002 οὐκ
2908 4949 3134 5012 ἀπεικὸς
3156 4949 3306 5019 αὐτῷ
3335 4951 3370 5019 ή
3399 4950 3692 5018 ἐπωνυμία

2109 5040 2478 5111 κεκόμψευται
2504 5040 2564 5093 τὸ
2599 5040 2827 5110 βασιλέα
2854 5039 3362 5111 προσαγορεύεσθαι
3393 5039 3691 5110 βασιλέων,

2108 5132 2283 5187 ταῦτα
2315 5131 2411 5187 καὶ
2438 5131 2509 5184 τὰ
2538 5130 2717 5191 τοιάδε
2744 5130 2839 5184 τοῦ
2872 5132 2971 5201 Ζὶχ
3012 5132 3140 5204 περὶ
3173 5131 3416 5202 Χοσρόου
3450 5129 3693 5200 μεγαληο

2108 5219 2269 5291 γορίᾳ
2321 5220 2670 5291 χρησαμένου
2698 5224 2756 5275 ἐν
2788 5221 3093 5292 διηγηματι
3132 5220 3364 5307 ’ἐξῆλθεν
3413 5220 3442 5272 ὁ
3476 5221 3690 5288 Πέτρος

2108 5312 2316 5366 τοιάνδε
2342 5314 2582 5385 ἱστορίαν
2608 5314 2751 5381 τινὰ,
2785 5313 2860 5378 ὡς
2903 5312 3149 5382 Ἐγένετό
3182 5329 3266 5378 τις
3297 5314 3354 5365 ἐν
3377 5315 3489 5375 τοῖς
3516 5310 3692 5364 πάλαι

1697 5425 1932 5483 ΥΔΠΙᾸΞ
1961 5426 2371 5484 LECTIONES.

541 5540 586 5573 ‘9
613 5551 676 5614 ct,
696 5542 831 5595 infra
860 5612 869 5614 ᾼ
896 5540 1180 5614 προελθεῖν
1217 5540 1302 5614 8,,
1356 5542 1678 5614 προσελθεῖν
1718 5544 1877 5614 vulg.

1988 5542 2037 5609 [⁸
2066 5541 2319 5609 ἐκυρώθη

2365 5542 2421 5594 δὲ
2448 5610 2453 5612 Α
2479 5541 2618 5612 ὥστε
2653 5540 2800 5612 conj.
3014 5537 3417 5612 "_}<0p_t'oat~i;o
3448 5537 3590 5612 conj.
3616 5535 3687 5612 Et

440 5607 763 5685 ξξμεγάλην
788 5604 954 5685 -τύχδ
984 5612 1073 5685 Ν..
1106 5612 1244 5685 μετὰ
1306 5604 1429 5683 τύχζ
1488 5612 1633 5682 vulg.
1712 5613 1757 5647 ⁸³
1817 5604 1949 5685 τῶν]
1987 5605 2064 5667 ὧν
2115 5604 2183 5667 H.
2249 5604 2565 5680 ⁵⁴¹ι’ὰ).ηθῶν.
2601 5612 2634 5681 ἡ
2693 5604 2856 5681 δ”άρ’
2891 5610 3036 5681 εἶχεν
3058 5607 3125 5663 Ν.
3168 5604 3247 5640 ’⁵³
3281 5608 3403 5662 καθ’
3465 5604 3687 5663 add.N.

440 5674 490 5708 “
506 5676 689 5748 ἐκείνῃ
711 5679 850 5744 Val.,
882 5674 1078 5734 ῖκεῑνοι
1104 5674 1249 5751 vulg.
