  <div class='ocr_page' id='page_1' title='image "/cluster/home/n/w/nwhite01/storage/ocr_20150623/113/hvd.32044073502270/434.png"; bbox 0 0 3954 6210; ppageno 0'>
   <div class='ocr_carea' id='block_1_1' title="bbox 266 303 366 355">
    <p class='ocr_par' dir='ltr' id='par_1_1' title="bbox 266 303 366 355">
     <span class='ocr_line' id='line_1_1' title="bbox 266 303 366 355; baseline 0.01 -1"><span class='ocrx_word' id='word_1_1' title='bbox 266 303 366 355; x_wconf 68' lang='grc' dir='ltr'><strong>ΗΠ</strong></span> 
     </span>
    </p>
   </div>
   <div class='ocr_carea' id='block_1_2' title="bbox 1046 294 2789 365">
    <p class='ocr_par' dir='ltr' id='par_1_2' title="bbox 1046 294 2789 365">
     <span class='ocr_line' id='line_1_2' title="bbox 1046 294 2789 365; baseline 0.009 -15"><span class='ocrx_word' id='word_1_2' title='bbox 1046 294 1146 352; x_wconf 85' lang='lat' dir='ltr'><strong>DE</strong></span> <span class='ocrx_word' id='word_1_3' title='bbox 1181 294 1750 356; x_wconf 74' lang='lat' dir='ltr'><strong>LEGATIONIBUS</strong></span> <span class='ocrx_word' id='word_1_4' title='bbox 1790 299 2281 360; x_wconf 70' lang='lat' dir='ltr'>ROMANORUM</span> <span class='ocrx_word' id='word_1_5' title='bbox 2332 305 2433 362; x_wconf 83' lang='lat' dir='ltr'><strong>AD</strong></span> <span class='ocrx_word' id='word_1_6' title='bbox 2471 303 2789 365; x_wconf 87' lang='lat' dir='ltr'><strong>GENTES.</strong></span> 
     </span>
    </p>
   </div>
   <div class='ocr_carea' id='block_1_3' title="bbox 3419 307 3526 368">
    <p class='ocr_par' dir='ltr' id='par_1_3' title="bbox 3419 307 3526 368">
     <span class='ocr_line' id='line_1_3' title="bbox 3419 307 3526 368; baseline -0.019 0"><span class='ocrx_word' id='word_1_7' title='bbox 3419 307 3526 368; x_wconf 73' lang='lat'><strong>862</strong></span> 
     </span>
    </p>
   </div>
   <div class='ocr_carea' id='block_1_4' title="bbox 261 408 1833 485">
    <p class='ocr_par' dir='ltr' id='par_1_4' title="bbox 261 408 1833 480">
     <span class='ocr_line' id='line_1_4' title="bbox 261 408 1833 480; baseline 0.001 -17"><span class='ocrx_word' id='word_1_8' title='bbox 261 430 319 464; x_wconf 84' lang='grc' dir='ltr'><strong>τε</strong></span> <span class='ocrx_word' id='word_1_9' title='bbox 357 414 450 464; x_wconf 73' lang='grc' dir='ltr'>καὶ</span> <span class='ocrx_word' id='word_1_10' title='bbox 483 412 742 465; x_wconf 77' lang='grc' dir='ltr'><strong>ἀνωτάτω</strong></span> <span class='ocrx_word' id='word_1_11' title='bbox 773 409 988 479; x_wconf 79' lang='grc' dir='ltr'><strong>χρόνοις</strong></span> <span class='ocrx_word' id='word_1_12' title='bbox 1022 408 1278 478; x_wconf 80' lang='grc' dir='ltr'>βασιλεὺς</span> <span class='ocrx_word' id='word_1_13' title='bbox 1310 409 1631 477; x_wconf 74' lang='grc' dir='ltr'><strong>Αἰγύπτιος,</strong></span> <span class='ocrx_word' id='word_1_14' title='bbox 1661 411 1833 480; x_wconf 83' lang='grc' dir='ltr'>δνομα</span> 
     </span>
    </p>
   </div>
   <div class='ocr_carea' id='block_1_5' title="bbox 1938 408 3528 485">
    <p class='ocr_par' dir='ltr' id='par_1_5' title="bbox 1940 414 3528 485">
     <span class='ocr_line' id='line_1_5' title="bbox 1940 414 3528 485; baseline 0.004 -21"><span class='ocrx_word' id='word_1_15' title='bbox 1940 429 2071 466; x_wconf 87' lang='lat' dir='ltr'><strong>aura</strong></span> <span class='ocrx_word' id='word_1_16' title='bbox 2119 414 2347 478; x_wconf 82' lang='lat' dir='ltr'><strong>alllaret,</strong></span> <span class='ocrx_word' id='word_1_17' title='bbox 2391 431 2618 483; x_wconf 89' lang='lat' dir='ltr'><strong>magnos</strong></span> <span class='ocrx_word' id='word_1_18' title='bbox 2653 415 2879 482; x_wconf 86' lang='lat' dir='ltr'><strong>spiritus</strong></span> <span class='ocrx_word' id='word_1_19' title='bbox 2911 417 3164 484; x_wconf 86' lang='lat' dir='ltr'><strong>sumpsit,</strong></span> <span class='ocrx_word' id='word_1_20' title='bbox 3195 425 3246 470; x_wconf 90' lang='lat' dir='ltr'><strong>et</strong></span> <span class='ocrx_word' id='word_1_21' title='bbox 3281 427 3528 485; x_wconf 86' lang='lat' dir='ltr'><strong>potentes</strong></span> 
     </span>
    </p>
   </div>
   <div class='ocr_carea' id='block_1_6' title="bbox 264 499 1841 573">
    <p class='ocr_par' dir='ltr' id='par_1_6' title="bbox 264 499 1841 573">
     <span class='ocr_line' id='line_1_6' title="bbox 264 499 1841 573; baseline 0.009 -18"><span class='ocrx_word' id='word_1_22' title='bbox 264 506 700 572; x_wconf 73' lang='grc' dir='ltr'>Σέσωστρις,καὶ</span> <span class='ocrx_word' id='word_1_23' title='bbox 727 499 819 558; x_wconf 83' lang='grc' dir='ltr'><strong>οὖν</strong></span> <span class='ocrx_word' id='word_1_24' title='bbox 853 519 917 571; x_wconf 84' lang='grc' dir='ltr'><strong>γε</strong></span> <span class='ocrx_word' id='word_1_25' title='bbox 951 502 1337 573; x_wconf 72' lang='grc' dir='ltr'><strong>συμπνεούσης</strong></span> <span class='ocrx_word' id='word_1_26' title='bbox 1369 503 1518 572; x_wconf 81' lang='grc' dir='ltr'>αὐτῷ</span> <span class='ocrx_word' id='word_1_27' title='bbox 1551 506 1648 572; x_wconf 77' lang='grc' dir='ltr'><strong>τῆς</strong></span> <span class='ocrx_word' id='word_1_28' title='bbox 1671 505 1841 573; x_wconf 72' lang='grc' dir='ltr'>τύχης</span> 
     </span>
    </p>
   </div>
   <div class='ocr_carea' id='block_1_7' title="bbox 275 595 1842 666">
    <p class='ocr_par' dir='ltr' id='par_1_7' title="bbox 275 595 1842 666">
     <span class='ocr_line' id='line_1_7' title="bbox 275 595 1842 666; baseline 0.002 -19"><span class='ocrx_word' id='word_1_29' title='bbox 275 599 485 666; x_wconf 74' lang='grc' dir='ltr'>μεγάλα</span> <span class='ocrx_word' id='word_1_30' title='bbox 525 597 698 664; x_wconf 76' lang='grc' dir='ltr'>ἐφύσα</span> <span class='ocrx_word' id='word_1_31' title='bbox 734 595 826 650; x_wconf 72' lang='grc' dir='ltr'>καὶ</span> <span class='ocrx_word' id='word_1_32' title='bbox 858 595 986 664; x_wconf 81' lang='grc' dir='ltr'>ἔθνη</span> <span class='ocrx_word' id='word_1_33' title='bbox 1028 597 1264 664; x_wconf 83' lang='grc' dir='ltr'>μέγιστα</span> <span class='ocrx_word' id='word_1_34' title='bbox 1296 595 1566 660; x_wconf 76' lang='grc' dir='ltr'>καθεῖλεν,</span> <span class='ocrx_word' id='word_1_35' title='bbox 1595 596 1669 660; x_wconf 83' lang='grc' dir='ltr'>ὡς</span> <span class='ocrx_word' id='word_1_36' title='bbox 1691 597 1842 650; x_wconf 83' lang='grc' dir='ltr'>δουλ-</span> 
     </span>
    </p>
   </div>
   <div class='ocr_carea' id='block_1_8' title="bbox 263 688 1828 759">
    <p class='ocr_par' dir='ltr' id='par_1_8' title="bbox 263 688 1828 759">
     <span class='ocr_line' id='line_1_8' title="bbox 263 688 1828 759; baseline 0 -17"><span class='ocrx_word' id='word_1_37' title='bbox 263 691 550 759; x_wconf 74' lang='grc' dir='ltr'>αγωγῆσαι</span> <span class='ocrx_word' id='word_1_38' title='bbox 598 690 690 742; x_wconf 77' lang='grc' dir='ltr'><strong>καὶ</strong></span> <span class='ocrx_word' id='word_1_39' title='bbox 726 689 983 759; x_wconf 72' lang='grc' dir='ltr'>βασιλεῖς,</span> <span class='ocrx_word' id='word_1_40' title='bbox 1017 689 1111 740; x_wconf 77' lang='grc' dir='ltr'>καὶ</span> <span class='ocrx_word' id='word_1_41' title='bbox 1147 689 1241 740; x_wconf 74' lang='grc' dir='ltr'>ἐπὶ</span> <span class='ocrx_word' id='word_1_42' title='bbox 1293 688 1547 741; x_wconf 82' lang='grc' dir='ltr'>τοσοῦτον</span> <span class='ocrx_word' id='word_1_43' title='bbox 1595 689 1828 759; x_wconf 77' lang='grc' dir='ltr'>ἀρθῆναι</span> 
     </span>
    </p>
   </div>
   <div class='ocr_carea' id='block_1_9' title="bbox 265 771 1840 852">
    <p class='ocr_par' dir='ltr' id='par_1_9' title="bbox 265 771 1840 852">
     <span class='ocr_line' id='line_1_9' title="bbox 265 771 1840 852; baseline -0.001 -17"><span class='ocrx_word' id='word_1_44' title='bbox 265 783 602 846; x_wconf 70' lang='grc' dir='ltr'><strong>ἀλαζονείας,</strong></span> <span class='ocrx_word' id='word_1_45' title='bbox 633 783 709 845; x_wconf 82' lang='grc' dir='ltr'>ὡς</span> <span class='ocrx_word' id='word_1_46' title='bbox 736 783 829 834; x_wconf 75' lang='grc' dir='ltr'><strong>καὶ</strong></span> <span class='ocrx_word' id='word_1_47' title='bbox 864 771 1050 851; x_wconf 73' lang='grc' dir='ltr'>ὅχημά</span> <span class='ocrx_word' id='word_1_48' title='bbox 1081 781 1512 850; x_wconf 77' lang='grc' dir='ltr'><strong>χρυσοκόλλητον</strong></span> <span class='ocrx_word' id='word_1_49' title='bbox 1553 782 1840 852; x_wconf 74' lang='grc' dir='ltr'>συμπήξα-</span> 
     </span>
    </p>
   </div>
   <div class='ocr_carea' id='block_1_10' title="bbox 269 867 1839 943">
    <p class='ocr_par' dir='ltr' id='par_1_10' title="bbox 269 867 1839 943">
     <span class='ocr_line' id='line_1_10' title="bbox 269 867 1839 943; baseline 0.002 -20"><span class='ocrx_word' id='word_1_50' title='bbox 269 873 413 934; x_wconf 77' lang='grc' dir='ltr'>σθαι,</span> <span class='ocrx_word' id='word_1_51' title='bbox 448 875 540 925; x_wconf 66' lang='grc' dir='ltr'>καὶ</span> <span class='ocrx_word' id='word_1_52' title='bbox 584 873 702 925; x_wconf 84' lang='grc' dir='ltr'>ἀνθ’</span> <span class='ocrx_word' id='word_1_53' title='bbox 733 867 807 925; x_wconf 82' lang='grc' dir='ltr'>ὧν</span> <span class='ocrx_word' id='word_1_54' title='bbox 841 873 1043 933; x_wconf 75' lang='grc' dir='ltr'>ἵππους</span> <span class='ocrx_word' id='word_1_55' title='bbox 1087 872 1206 925; x_wconf 84' lang='grc' dir='ltr'>δέον</span> <span class='ocrx_word' id='word_1_56' title='bbox 1236 872 1268 940; x_wconf 80' lang='grc' dir='ltr'>ἢ</span> <span class='ocrx_word' id='word_1_57' title='bbox 1301 871 1462 942; x_wconf 73' lang='grc' dir='ltr'>ἕτερα</span> <span class='ocrx_word' id='word_1_58' title='bbox 1508 873 1839 943; x_wconf 79' lang='grc' dir='ltr'>ἐλκυστήρια</span> 
     </span>
    </p>
   </div>
   <div class='ocr_carea' id='block_1_11' title="bbox 267 961 1838 1031">
    <p class='ocr_par' dir='ltr' id='par_1_11' title="bbox 267 961 1838 1031">
     <span class='ocr_line' id='line_1_11' title="bbox 267 961 1838 1031; baseline 0.001 -17"><span class='ocrx_word' id='word_1_59' title='bbox 267 962 403 1025; x_wconf 82' lang='grc' dir='ltr'>ζῶα,</span> <span class='ocrx_word' id='word_1_60' title='bbox 436 965 560 1025; x_wconf 78' lang='grc' dir='ltr'>τοὺς</span> <span class='ocrx_word' id='word_1_61' title='bbox 586 962 944 1030; x_wconf 80' lang='grc' dir='ltr'><strong>δοριαλώτους</strong></span> <span class='ocrx_word' id='word_1_62' title='bbox 980 963 1221 1024; x_wconf 77' lang='grc' dir='ltr'><strong>ἐκείνους</strong></span> <span class='ocrx_word' id='word_1_63' title='bbox 1259 961 1498 1031; x_wconf 76' lang='grc' dir='ltr'><strong>βασιλεῖς</strong></span> <span class='ocrx_word' id='word_1_64' title='bbox 1529 964 1838 1031; x_wconf 78' lang='grc' dir='ltr'><strong>ὑπαγαγεῖν</strong></span> 
     </span>
    </p>
   </div>
   <div class='ocr_carea' id='block_1_12' title="bbox 262 1051 1838 1124">
    <p class='ocr_par' dir='ltr' id='par_1_12' title="bbox 262 1051 1838 1124">
     <span class='ocr_line' id='line_1_12' title="bbox 262 1051 1838 1124; baseline 0.001 -18"><span class='ocrx_word' id='word_1_65' title='bbox 262 1053 340 1122; x_wconf 77' lang='grc' dir='ltr'>τῷ</span> <span class='ocrx_word' id='word_1_66' title='bbox 375 1053 542 1122; x_wconf 76' lang='grc' dir='ltr'>ζυγῷ,</span> <span class='ocrx_word' id='word_1_67' title='bbox 592 1051 733 1105; x_wconf 75' lang='grc' dir='ltr'>οὕτω</span> <span class='ocrx_word' id='word_1_68' title='bbox 774 1069 834 1104; x_wconf 90' lang='grc' dir='ltr'><strong>τε</strong></span> <span class='ocrx_word' id='word_1_69' title='bbox 872 1053 1262 1122; x_wconf 81' lang='grc' dir='ltr'>διφρευόμενον</span> <span class='ocrx_word' id='word_1_70' title='bbox 1292 1051 1378 1106; x_wconf 73' lang='grc' dir='ltr'><strong>δια</strong></span> <span class='ocrx_word' id='word_1_71' title='bbox 1411 1052 1514 1105; x_wconf 85' lang='grc' dir='ltr'>τῶν</span> <span class='ocrx_word' id='word_1_72' title='bbox 1545 1053 1838 1124; x_wconf 76' lang='grc' dir='ltr'><strong>λεωφόρων</strong></span> 
     </span>
    </p>
   </div>
   <div class='ocr_carea' id='block_1_13' title="bbox 263 1144 1837 1218">
    <p class='ocr_par' dir='ltr' id='par_1_13' title="bbox 263 1144 1837 1218">
     <span class='ocr_line' id='line_1_13' title="bbox 263 1144 1837 1218; baseline -0.001 -19"><span class='ocrx_word' id='word_1_73' title='bbox 263 1146 624 1216; x_wconf 67' lang='grc' dir='ltr'><strong>ἐπιφέρεσθαι</strong></span> <span class='ocrx_word' id='word_1_74' title='bbox 653 1148 697 1178; x_wconf 81' lang='grc'><strong>⁵⁷</strong></span> <span class='ocrx_word' id='word_1_75' title='bbox 721 1149 836 1209; x_wconf 81' lang='grc' dir='ltr'>τοῖς</span> <span class='ocrx_word' id='word_1_76' title='bbox 866 1147 1149 1216; x_wconf 81' lang='grc' dir='ltr'>ὑπηκόοις.</span> <span class='ocrx_word' id='word_1_77' title='bbox 1203 1144 1376 1199; x_wconf 80' lang='grc' dir='ltr'>Τοῦτο</span> <span class='ocrx_word' id='word_1_78' title='bbox 1417 1147 1540 1199; x_wconf 69' lang='grc' dir='ltr'>ἐπεὶ</span> <span class='ocrx_word' id='word_1_79' title='bbox 1568 1147 1837 1218; x_wconf 82' lang='grc' dir='ltr'><strong>ὁσημέραι</strong></span> 
     </span>
    </p>
   </div>
   <div class='ocr_carea' id='block_1_14' title="bbox 263 1236 1838 1307">
    <p class='ocr_par' dir='ltr' id='par_1_14' title="bbox 263 1236 1838 1307">
     <span class='ocr_line' id='line_1_14' title="bbox 263 1236 1838 1307; baseline 0.001 -20"><span class='ocrx_word' id='word_1_80' title='bbox 263 1238 530 1299; x_wconf 80' lang='grc' dir='ltr'>ἐπετέλει,</span> <span class='ocrx_word' id='word_1_81' title='bbox 561 1237 667 1289; x_wconf 83' lang='grc' dir='ltr'><strong>τῶν</strong></span> <span class='ocrx_word' id='word_1_82' title='bbox 693 1254 775 1299; x_wconf 87' lang='grc' dir='ltr'><strong>τις</strong></span> <span class='ocrx_word' id='word_1_83' title='bbox 802 1237 1067 1307; x_wconf 82' lang='grc' dir='ltr'>βασιλέων</span> <span class='ocrx_word' id='word_1_84' title='bbox 1099 1236 1160 1288; x_wconf 81' lang='grc' dir='ltr'><strong>τὸ</strong></span> <span class='ocrx_word' id='word_1_85' title='bbox 1185 1236 1371 1306; x_wconf 75' lang='grc' dir='ltr'>ὄχημα</span> <span class='ocrx_word' id='word_1_86' title='bbox 1403 1236 1672 1289; x_wconf 81' lang='grc' dir='ltr'>ἑλκόντων</span> <span class='ocrx_word' id='word_1_87' title='bbox 1697 1238 1838 1289; x_wconf 83' lang='grc' dir='ltr'><strong>κατὰ</strong></span> 
     </span>
    </p>
   </div>
   <div class='ocr_carea' id='block_1_15' title="bbox 261 1328 1838 1398">
    <p class='ocr_par' dir='ltr' id='par_1_15' title="bbox 261 1328 1838 1398">
     <span class='ocr_line' id='line_1_15' title="bbox 261 1328 1838 1398; baseline 0.001 -18"><span class='ocrx_word' id='word_1_88' title='bbox 261 1331 322 1381; x_wconf 74' lang='grc' dir='ltr'><strong>τὸ</strong></span> <span class='ocrx_word' id='word_1_89' title='bbox 353 1331 519 1398; x_wconf 76' lang='grc' dir='ltr'>ἄκρον</span> <span class='ocrx_word' id='word_1_90' title='bbox 551 1330 904 1396; x_wconf 76' lang='grc' dir='ltr'>ὲζευγμένος,</span> <span class='ocrx_word' id='word_1_91' title='bbox 949 1329 1314 1396; x_wconf 81' lang='grc' dir='ltr'>συνεχέστατά</span> <span class='ocrx_word' id='word_1_92' title='bbox 1348 1345 1464 1388; x_wconf 83' lang='grc' dir='ltr'><strong>πως</strong></span> <span class='ocrx_word' id='word_1_93' title='bbox 1495 1328 1588 1380; x_wconf 72' lang='grc' dir='ltr'><strong>καὶ</strong></span> <span class='ocrx_word' id='word_1_94' title='bbox 1615 1328 1838 1398; x_wconf 80' lang='grc' dir='ltr'>λεληθό-</span> 
     </span>
    </p>
   </div>
   <div class='ocr_carea' id='block_1_16' title="bbox 261 1419 1838 1488">
    <p class='ocr_par' dir='ltr' id='par_1_16' title="bbox 261 1419 1838 1488">
     <span class='ocr_line' id='line_1_16' title="bbox 261 1419 1838 1488; baseline 0.001 -17"><span class='ocrx_word' id='word_1_95' title='bbox 261 1438 369 1481; x_wconf 79' lang='grc' dir='ltr'><strong>τως</strong></span> <span class='ocrx_word' id='word_1_96' title='bbox 397 1421 440 1452; x_wconf 81' lang='grc'><strong>⁸⁸</strong></span> <span class='ocrx_word' id='word_1_97' title='bbox 493 1421 573 1482; x_wconf 80' lang='grc' dir='ltr'><strong>είς</strong></span> <span class='ocrx_word' id='word_1_98' title='bbox 628 1419 870 1472; x_wconf 74' lang='grc' dir='ltr'>τούπίσω</span> <span class='ocrx_word' id='word_1_99' title='bbox 905 1420 965 1471; x_wconf 84' lang='grc' dir='ltr'><strong>τὸ</strong></span> <span class='ocrx_word' id='word_1_100' title='bbox 1002 1419 1222 1488; x_wconf 80' lang='grc' dir='ltr'>βλέμμα</span> <span class='ocrx_word' id='word_1_101' title='bbox 1255 1419 1617 1488; x_wconf 73' lang='grc' dir='ltr'>ἐπιστρέφων,</span> <span class='ocrx_word' id='word_1_102' title='bbox 1650 1420 1838 1472; x_wconf 81' lang='grc' dir='ltr'>ἐθεᾶτο</span> 
     </span>
    </p>
   </div>
   <div class='ocr_carea' id='block_1_17' title="bbox 261 1510 1839 1581">
    <p class='ocr_par' dir='ltr' id='par_1_17' title="bbox 261 1510 1839 1581">
     <span class='ocr_line' id='line_1_17' title="bbox 261 1510 1839 1581; baseline 0 -19"><span class='ocrx_word' id='word_1_103' title='bbox 261 1519 352 1563; x_wconf 71' lang='grc' dir='ltr'><strong>τὸν</strong></span> <span class='ocrx_word' id='word_1_104' title='bbox 406 1512 598 1581; x_wconf 70' lang='grc' dir='ltr'>τροχὸν</span> <span class='ocrx_word' id='word_1_105' title='bbox 644 1510 1062 1579; x_wconf 82' lang='grc' dir='ltr'>κυλινδούμενόν</span> <span class='ocrx_word' id='word_1_106' title='bbox 1112 1527 1169 1562; x_wconf 88' lang='grc' dir='ltr'><strong>τε</strong></span> <span class='ocrx_word' id='word_1_107' title='bbox 1202 1511 1296 1562; x_wconf 81' lang='grc' dir='ltr'>καὶ</span> <span class='ocrx_word' id='word_1_108' title='bbox 1329 1513 1392 1579; x_wconf 82' lang='grc' dir='ltr'>τῇ</span> <span class='ocrx_word' id='word_1_109' title='bbox 1436 1511 1534 1580; x_wconf 80' lang='grc' dir='ltr'>τῆς</span> <span class='ocrx_word' id='word_1_110' title='bbox 1573 1511 1839 1576; x_wconf 71' lang='grc' dir='ltr'>κινήσεως</span> 
     </span>
    </p>
   </div>
   <div class='ocr_carea' id='block_1_18' title="bbox 263 1603 1838 1678">
    <p class='ocr_par' dir='ltr' id='par_1_18' title="bbox 263 1603 1838 1678">
     <span class='ocr_line' id='line_1_18' title="bbox 263 1603 1838 1678; baseline -0.003 -18"><span class='ocrx_word' id='word_1_111' title='bbox 263 1607 516 1678; x_wconf 70' lang='grc' dir='ltr'>συνεχείᾳ</span> <span class='ocrx_word' id='word_1_112' title='bbox 561 1607 620 1658; x_wconf 70' lang='grc' dir='ltr'>ἐν</span> <span class='ocrx_word' id='word_1_113' title='bbox 667 1604 843 1674; x_wconf 79' lang='grc' dir='ltr'>ἑαυτῷ</span> <span class='ocrx_word' id='word_1_114' title='bbox 877 1604 1367 1671; x_wconf 72' lang='grc' dir='ltr'>περιελιττόμενον.</span> <span class='ocrx_word' id='word_1_115' title='bbox 1441 1603 1838 1672; x_wconf 82' lang='grc' dir='ltr'>Ἐποχούμενος</span> 
     </span>
    </p>
   </div>
   <div class='ocr_carea' id='block_1_19' title="bbox 255 1695 1826 1771">
    <p class='ocr_par' dir='ltr' id='par_1_19' title="bbox 255 1695 1826 1771">
     <span class='ocr_line' id='line_1_19' title="bbox 255 1695 1826 1771; baseline -0.006 -16"><span class='ocrx_word' id='word_1_116' title='bbox 255 1704 320 1771; x_wconf 73' lang='grc' dir='ltr'>δὴ</span> <span class='ocrx_word' id='word_1_117' title='bbox 353 1697 445 1754; x_wconf 74' lang='grc' dir='ltr'><strong>οὖν</strong></span> <span class='ocrx_word' id='word_1_118' title='bbox 491 1703 517 1752; x_wconf 86' lang='grc' dir='ltr'>ὁ</span> <span class='ocrx_word' id='word_1_119' title='bbox 553 1699 855 1768; x_wconf 78' lang='grc' dir='ltr'>Σέσωστρις</span> <span class='ocrx_word' id='word_1_120' title='bbox 905 1695 1205 1766; x_wconf 64' lang='grc' dir='ltr'>(ἐπέσκηψε</span> <span class='ocrx_word' id='word_1_121' title='bbox 1267 1695 1396 1764; x_wconf 69' lang='grc' dir='ltr'>γὰρ)</span> <span class='ocrx_word' id='word_1_122' title='bbox 1430 1736 1444 1759; x_wconf 96' lang='grc'>,</span> <span class='ocrx_word' id='word_1_123' title='bbox 1503 1713 1522 1745; x_wconf 71' lang='grc' dir='ltr'><strong>ι</strong></span> <span class='ocrx_word' id='word_1_124' title='bbox 1554 1695 1620 1746; x_wconf 89' lang='grc' dir='ltr'>Τί</span> <span class='ocrx_word' id='word_1_125' title='bbox 1669 1695 1826 1762; x_wconf 81' lang='grc' dir='ltr'>δῆτα,</span> 
     </span>
    </p>
   </div>
   <div class='ocr_carea' id='block_1_20' title="bbox 258 1780 1829 1863">
    <p class='ocr_par' dir='ltr' id='par_1_20' title="bbox 258 1780 1829 1863">
     <span class='ocr_line' id='line_1_20' title="bbox 258 1780 1829 1863; baseline -0.022 2"><span class='ocrx_word' id='word_1_126' title='bbox 258 1798 382 1863; x_wconf 58' lang='grc' dir='ltr'><strong>ἔφης</strong></span> <span class='ocrx_word' id='word_1_127' title='bbox 439 1791 588 1846; x_wconf 65' lang='grc' dir='ltr'>τοῦτο</span> <span class='ocrx_word' id='word_1_128' title='bbox 617 1792 788 1853; x_wconf 79' lang='grc' dir='ltr'><strong>ποεῖς.</strong></span> <span class='ocrx_word' id='word_1_129' title='bbox 836 1784 880 1842; x_wconf 80' lang='grc' dir='ltr'>ὧ</span> <span class='ocrx_word' id='word_1_130' title='bbox 921 1780 1105 1849; x_wconf 74' lang='grc' dir='ltr'>οὗτοςς</span> <span class='ocrx_word' id='word_1_131' title='bbox 1135 1807 1152 1838; x_wconf 74' lang='grc' dir='ltr'><strong>ι</strong></span> <span class='ocrx_word' id='word_1_132' title='bbox 1205 1786 1262 1839; x_wconf 92' lang='lat'><strong>&#39;0</strong></span> <span class='ocrx_word' id='word_1_133' title='bbox 1292 1786 1349 1839; x_wconf 81' lang='grc' dir='ltr'>δὲ</span> <span class='ocrx_word' id='word_1_134' title='bbox 1387 1785 1678 1856; x_wconf 78' lang='grc' dir='ltr'>ἀμοιόαδὸν</span> <span class='ocrx_word' id='word_1_135' title='bbox 1704 1785 1829 1853; x_wconf 73' lang='grc' dir='ltr'>ἔφη·</span> 
     </span>
    </p>
   </div>
   <div class='ocr_carea' id='block_1_21' title="bbox 263 1876 1834 1950">
    <p class='ocr_par' dir='ltr' id='par_1_21' title="bbox 263 1876 1834 1950">
     <span class='ocr_line' id='line_1_21' title="bbox 263 1876 1834 1950; baseline -0.008 -10"><span class='ocrx_word' id='word_1_136' title='bbox 263 1911 279 1941; x_wconf 78' lang='grc' dir='ltr'><strong>ι</strong></span> <span class='ocrx_word' id='word_1_137' title='bbox 320 1885 390 1939; x_wconf 78' lang='grc' dir='ltr'>Ὠ</span> <span class='ocrx_word' id='word_1_138' title='bbox 435 1886 690 1947; x_wconf 76' lang='grc' dir='ltr'>δέσποτα,</span> <span class='ocrx_word' id='word_1_139' title='bbox 721 1882 862 1950; x_wconf 81' lang='grc' dir='ltr'>όρῶν</span> <span class='ocrx_word' id='word_1_140' title='bbox 891 1881 980 1933; x_wconf 70' lang='grc' dir='ltr'>τὸν</span> <span class='ocrx_word' id='word_1_141' title='bbox 1000 1879 1213 1948; x_wconf 73' lang='grc' dir='ltr'>τροχὸν,</span> <span class='ocrx_word' id='word_1_142' title='bbox 1246 1879 1322 1941; x_wconf 84' lang='grc' dir='ltr'>ὡς</span> <span class='ocrx_word' id='word_1_143' title='bbox 1352 1878 1499 1947; x_wconf 80' lang='grc' dir='ltr'>θαμὰ</span> <span class='ocrx_word' id='word_1_144' title='bbox 1533 1876 1834 1946; x_wconf 85' lang='grc' dir='ltr'>περιδινού-</span> 
     </span>
    </p>
   </div>
   <div class='ocr_carea' id='block_1_22' title="bbox 261 1965 1835 2046">
    <p class='ocr_par' dir='ltr' id='par_1_22' title="bbox 261 1965 1835 2046">
     <span class='ocr_line' id='line_1_22' title="bbox 261 1965 1835 2046; baseline -0.006 -20"><span class='ocrx_word' id='word_1_145' title='bbox 261 1991 417 2046; x_wconf 73' lang='grc' dir='ltr'>μενος</span> <span class='ocrx_word' id='word_1_146' title='bbox 469 1972 567 2024; x_wconf 80' lang='grc' dir='ltr'><strong>οὐκ</strong></span> <span class='ocrx_word' id='word_1_147' title='bbox 602 1971 695 2023; x_wconf 75' lang='grc' dir='ltr'><strong>ἐπὶ</strong></span> <span class='ocrx_word' id='word_1_148' title='bbox 737 1971 836 2037; x_wconf 80' lang='grc' dir='ltr'>τῆς</span> <span class='ocrx_word' id='word_1_149' title='bbox 870 1969 1038 2037; x_wconf 71' lang='grc' dir='ltr'>αὐτῆς</span> <span class='ocrx_word' id='word_1_150' title='bbox 1097 1967 1309 2036; x_wconf 71' lang='grc' dir='ltr'>βάσεως</span> <span class='ocrx_word' id='word_1_151' title='bbox 1357 1967 1508 2036; x_wconf 73' lang='grc' dir='ltr'>μέτει</span> <span class='ocrx_word' id='word_1_152' title='bbox 1557 1966 1665 2030; x_wconf 75' lang='grc' dir='ltr'>ὅδε,</span> <span class='ocrx_word' id='word_1_153' title='bbox 1699 1965 1835 2019; x_wconf 83' lang='grc' dir='ltr'>ἀλλὰ</span> 
     </span>
    </p>
   </div>
   <div class='ocr_carea' id='block_1_23' title="bbox 256 2053 1838 2136">
    <p class='ocr_par' dir='ltr' id='par_1_23' title="bbox 256 2053 1838 2136">
     <span class='ocr_line' id='line_1_23' title="bbox 256 2053 1838 2136; baseline -0.006 -22"><span class='ocrx_word' id='word_1_154' title='bbox 256 2060 505 2136; x_wconf 27' lang='grc' dir='ltr'>γὰριᾶνω</span> <span class='ocrx_word' id='word_1_155' title='bbox 535 2057 686 2111; x_wconf 81' lang='grc' dir='ltr'>κάτω</span> <span class='ocrx_word' id='word_1_156' title='bbox 717 2056 1016 2126; x_wconf 86' lang='grc' dir='ltr'>φερόμενος</span> <span class='ocrx_word' id='word_1_157' title='bbox 1061 2053 1159 2124; x_wconf 81' lang='grc' dir='ltr'>τὴν</span> <span class='ocrx_word' id='word_1_158' title='bbox 1198 2053 1637 2123; x_wconf 71' lang='grc' dir='ltr'>ἁρματοτροχίαν</span> <span class='ocrx_word' id='word_1_159' title='bbox 1671 2053 1838 2122; x_wconf 74' lang='grc' dir='ltr'>ἐργά-</span> 
     </span>
    </p>
   </div>
   <div class='ocr_carea' id='block_1_24' title="bbox 259 2141 1830 2216">
    <p class='ocr_par' dir='ltr' id='par_1_24' title="bbox 259 2141 1830 2216">
     <span class='ocr_line' id='line_1_24' title="bbox 259 2141 1830 2216; baseline -0.003 -12"><span class='ocrx_word' id='word_1_160' title='bbox 259 2153 432 2216; x_wconf 82' lang='grc' dir='ltr'>ζεται.</span> <span class='ocrx_word' id='word_1_161' title='bbox 463 2169 480 2200; x_wconf 75' lang='grc' dir='ltr'><strong>ι</strong></span> <span class='ocrx_word' id='word_1_162' title='bbox 513 2149 686 2202; x_wconf 80' lang='grc' dir='ltr'>Τοῦτο</span> <span class='ocrx_word' id='word_1_163' title='bbox 731 2145 987 2215; x_wconf 82' lang='grc' dir='ltr'>ἀκηκοὼς</span> <span class='ocrx_word' id='word_1_164' title='bbox 1023 2147 1052 2198; x_wconf 97' lang='lat'><strong>6</strong></span> <span class='ocrx_word' id='word_1_165' title='bbox 1099 2145 1424 2212; x_wconf 77' lang='grc' dir='ltr'>Αἰγύπτιος,</span> <span class='ocrx_word' id='word_1_166' title='bbox 1460 2145 1554 2198; x_wconf 81' lang='grc' dir='ltr'><strong>καὶ</strong></span> <span class='ocrx_word' id='word_1_167' title='bbox 1591 2144 1692 2214; x_wconf 70' lang='grc' dir='ltr'>μὲν</span> <span class='ocrx_word' id='word_1_168' title='bbox 1733 2141 1830 2199; x_wconf 79' lang='grc' dir='ltr'><strong>οὖν</strong></span> 
     </span>
    </p>
   </div>
   <div class='ocr_carea' id='block_1_25' title="bbox 256 2236 1833 2312">
    <p class='ocr_par' dir='ltr' id='par_1_25' title="bbox 256 2236 1833 2312">
     <span class='ocr_line' id='line_1_25' title="bbox 256 2236 1833 2312; baseline 0.003 -22"><span class='ocrx_word' id='word_1_169' title='bbox 256 2242 678 2312; x_wconf 69' lang='grc' dir='ltr'>τεκμηράμενος</span> <span class='ocrx_word' id='word_1_170' title='bbox 708 2279 724 2300; x_wconf 90' lang='grc'>,</span> <span class='ocrx_word' id='word_1_171' title='bbox 758 2237 834 2302; x_wconf 81' lang='grc' dir='ltr'>ὡς</span> <span class='ocrx_word' id='word_1_172' title='bbox 869 2237 1241 2291; x_wconf 79' lang='grc' dir='ltr'>ύπαινέττεται</span> <span class='ocrx_word' id='word_1_173' title='bbox 1293 2237 1354 2290; x_wconf 78' lang='grc' dir='ltr'><strong>τὸ</strong></span> <span class='ocrx_word' id='word_1_174' title='bbox 1386 2236 1732 2308; x_wconf 75' lang='grc' dir='ltr'>ἀστάθμητόν</span> <span class='ocrx_word' id='word_1_175' title='bbox 1775 2257 1833 2294; x_wconf 80' lang='grc' dir='ltr'><strong>τε</strong></span> 
     </span>
    </p>
   </div>
   <div class='ocr_carea' id='block_1_26' title="bbox 258 2327 1834 2402">
    <p class='ocr_par' dir='ltr' id='par_1_26' title="bbox 258 2327 1834 2402">
     <span class='ocr_line' id='line_1_26' title="bbox 258 2327 1834 2402; baseline -0.001 -17"><span class='ocrx_word' id='word_1_176' title='bbox 258 2335 351 2386; x_wconf 75' lang='grc' dir='ltr'>καὶ</span> <span class='ocrx_word' id='word_1_177' title='bbox 385 2330 716 2400; x_wconf 80' lang='grc' dir='ltr'>παλίμόολον</span> <span class='ocrx_word' id='word_1_178' title='bbox 747 2329 847 2397; x_wconf 81' lang='grc' dir='ltr'><strong>τῆς</strong></span> <span class='ocrx_word' id='word_1_179' title='bbox 878 2327 1050 2398; x_wconf 80' lang='grc' dir='ltr'>τύχης</span> <span class='ocrx_word' id='word_1_180' title='bbox 1079 2329 1174 2382; x_wconf 72' lang='grc' dir='ltr'><strong>καὶ</strong></span> <span class='ocrx_word' id='word_1_181' title='bbox 1214 2327 1289 2391; x_wconf 84' lang='grc' dir='ltr'>ὡς</span> <span class='ocrx_word' id='word_1_182' title='bbox 1318 2328 1500 2399; x_wconf 82' lang='grc' dir='ltr'>τροχῷ</span> <span class='ocrx_word' id='word_1_183' title='bbox 1530 2329 1834 2402; x_wconf 85' lang='grc' dir='ltr'>κυλιομένῳ</span> 
     </span>
    </p>
   </div>
   <div class='ocr_carea' id='block_1_27' title="bbox 255 2421 1835 2492">
    <p class='ocr_par' dir='ltr' id='par_1_27' title="bbox 255 2421 1835 2492">
     <span class='ocr_line' id='line_1_27' title="bbox 255 2421 1835 2492; baseline -0.002 -14"><span class='ocrx_word' id='word_1_184' title='bbox 255 2426 398 2478; x_wconf 71' lang='grc' dir='ltr'>ἕειικε</span> <span class='ocrx_word' id='word_1_185' title='bbox 435 2424 502 2476; x_wconf 73' lang='grc' dir='ltr'><strong>τὰ</strong></span> <span class='ocrx_word' id='word_1_186' title='bbox 559 2421 898 2492; x_wconf 82' lang='grc' dir='ltr'>ἀνθρώπεια,</span> <span class='ocrx_word' id='word_1_187' title='bbox 959 2421 1182 2488; x_wconf 82' lang='grc' dir='ltr'>ξυνῆκε,</span> <span class='ocrx_word' id='word_1_188' title='bbox 1235 2421 1310 2490; x_wconf 79' lang='grc' dir='ltr'><strong>μὴ</strong></span> <span class='ocrx_word' id='word_1_189' title='bbox 1374 2422 1480 2490; x_wconf 71' lang='grc' dir='ltr'>ἄρα</span> <span class='ocrx_word' id='word_1_190' title='bbox 1531 2425 1626 2475; x_wconf 76' lang='grc' dir='ltr'><strong>καὶ</strong></span> <span class='ocrx_word' id='word_1_191' title='bbox 1673 2424 1835 2486; x_wconf 72' lang='grc' dir='ltr'>αὐτὸς</span> 
     </span>
    </p>
   </div>
   <div class='ocr_carea' id='block_1_28' title="bbox 255 2511 1832 2586">
    <p class='ocr_par' dir='ltr' id='par_1_28' title="bbox 255 2511 1832 2586">
     <span class='ocr_line' id='line_1_28' title="bbox 255 2511 1832 2586; baseline -0.001 -19"><span class='ocrx_word' id='word_1_192' title='bbox 255 2517 432 2586; x_wconf 76' lang='grc' dir='ltr'>χρόνῳ</span> <span class='ocrx_word' id='word_1_193' title='bbox 482 2512 611 2569; x_wconf 81' lang='grc' dir='ltr'>ποτὲ</span> <span class='ocrx_word' id='word_1_194' title='bbox 660 2511 886 2581; x_wconf 88' lang='grc' dir='ltr'>τοιούτῳ</span> <span class='ocrx_word' id='word_1_195' title='bbox 934 2512 1285 2583; x_wconf 81' lang='grc' dir='ltr'>προσπταίσῃ</span> <span class='ocrx_word' id='word_1_196' title='bbox 1310 2511 1709 2583; x_wconf 81' lang='grc' dir='ltr'>δυστυχήματι,</span> <span class='ocrx_word' id='word_1_197' title='bbox 1740 2514 1832 2567; x_wconf 77' lang='grc' dir='ltr'>τοῦ</span> 
     </span>
    </p>
   </div>
   <div class='ocr_carea' id='block_1_29' title="bbox 252 2601 1835 2676">
    <p class='ocr_par' dir='ltr' id='par_1_29' title="bbox 252 2601 1835 2676">
     <span class='ocr_line' id='line_1_29' title="bbox 252 2601 1835 2676; baseline -0.001 -16"><span class='ocrx_word' id='word_1_198' title='bbox 252 2607 440 2660; x_wconf 63' lang='grc' dir='ltr'>λοιποῦ</span> <span class='ocrx_word' id='word_1_199' title='bbox 473 2622 533 2658; x_wconf 83' lang='grc' dir='ltr'><strong>τε</strong></span> <span class='ocrx_word' id='word_1_200' title='bbox 576 2602 853 2657; x_wconf 74' lang='grc' dir='ltr'>ἐπαύσατο</span> <span class='ocrx_word' id='word_1_201' title='bbox 900 2601 1042 2655; x_wconf 75' lang='grc' dir='ltr'>κατὰ</span> <span class='ocrx_word' id='word_1_202' title='bbox 1088 2602 1180 2655; x_wconf 74' lang='grc' dir='ltr'><strong>τὸν</strong></span> <span class='ocrx_word' id='word_1_203' title='bbox 1222 2604 1592 2673; x_wconf 86' lang='grc' dir='ltr'>προλεχθέντα</span> <span class='ocrx_word' id='word_1_204' title='bbox 1635 2605 1835 2676; x_wconf 86' lang='grc' dir='ltr'>τρόπον</span> 
     </span>
    </p>
   </div>
   <div class='ocr_carea' id='block_1_30' title="bbox 252 2692 1833 2766">
    <p class='ocr_par' dir='ltr' id='par_1_30' title="bbox 252 2692 1833 2766">
     <span class='ocr_line' id='line_1_30' title="bbox 252 2692 1833 2766; baseline -0.001 -16"><span class='ocrx_word' id='word_1_205' title='bbox 252 2695 678 2766; x_wconf 77' lang='grc' dir='ltr'>ἁρματηλατεῖν.</span> <span class='ocrx_word' id='word_1_206' title='bbox 739 2693 883 2763; x_wconf 75' lang='grc' dir='ltr'>Πρὸς</span> <span class='ocrx_word' id='word_1_207' title='bbox 912 2695 1024 2755; x_wconf 80' lang='grc' dir='ltr'>τοῖς</span> <span class='ocrx_word' id='word_1_208' title='bbox 1059 2693 1105 2725; x_wconf 75' lang='grc'>⁸⁸</span> <span class='ocrx_word' id='word_1_209' title='bbox 1131 2692 1564 2764; x_wconf 83' lang='grc' dir='ltr'>δεδουλωμένους</span> <span class='ocrx_word' id='word_1_210' title='bbox 1599 2695 1649 2747; x_wconf 77' lang='grc' dir='ltr'>οἱ</span> <span class='ocrx_word' id='word_1_211' title='bbox 1679 2695 1833 2764; x_wconf 80' lang='grc' dir='ltr'>βασι-</span> 
     </span>
    </p>
   </div>
   <div class='ocr_carea' id='block_1_31' title="bbox 251 2783 1834 2856">
    <p class='ocr_par' dir='ltr' id='par_1_31' title="bbox 251 2783 1834 2856">
     <span class='ocr_line' id='line_1_31' title="bbox 251 2783 1834 2856; baseline 0.001 -18"><span class='ocrx_word' id='word_1_212' title='bbox 251 2785 364 2846; x_wconf 75' lang='grc' dir='ltr'>λεῖς</span> <span class='ocrx_word' id='word_1_213' title='bbox 392 2786 570 2852; x_wconf 77' lang='grc' dir='ltr'>ἀφῆκε</span> <span class='ocrx_word' id='word_1_214' title='bbox 620 2783 714 2837; x_wconf 81' lang='grc' dir='ltr'>καὶ</span> <span class='ocrx_word' id='word_1_215' title='bbox 744 2787 864 2844; x_wconf 84' lang='grc' dir='ltr'>ταῖς</span> <span class='ocrx_word' id='word_1_216' title='bbox 916 2783 1067 2852; x_wconf 80' lang='grc' dir='ltr'>σφῶν</span> <span class='ocrx_word' id='word_1_217' title='bbox 1098 2784 1279 2837; x_wconf 83' lang='grc' dir='ltr'>αὐτῶν</span> <span class='ocrx_word' id='word_1_218' title='bbox 1313 2786 1629 2856; x_wconf 81' lang='grc' dir='ltr'>ἡγεμονίαις</span> <span class='ocrx_word' id='word_1_219' title='bbox 1657 2787 1834 2840; x_wconf 80' lang='grc' dir='ltr'>ὲνεσί-</span> 
     </span>
    </p>
   </div>
   <div class='ocr_carea' id='block_1_32' title="bbox 253 2872 1834 2948">
    <p class='ocr_par' dir='ltr' id='par_1_32' title="bbox 253 2872 1834 2948">
     <span class='ocr_line' id='line_1_32' title="bbox 253 2872 1834 2948; baseline 0.004 -24"><span class='ocrx_word' id='word_1_220' title='bbox 253 2874 419 2927; x_wconf 69' lang='grc' dir='ltr'>δασεν</span> <span class='ocrx_word' id='word_1_221' title='bbox 437 2873 614 2936; x_wconf 80' lang='grc' dir='ltr'>αὖθις.</span> <span class='ocrx_word' id='word_1_222' title='bbox 642 2872 908 2926; x_wconf 83' lang='grc' dir='ltr'>Ἐνταῦθα</span> <span class='ocrx_word' id='word_1_223' title='bbox 939 2873 1132 2944; x_wconf 81' lang='grc' dir='ltr'>Πέτρῳ</span> <span class='ocrx_word' id='word_1_224' title='bbox 1161 2873 1438 2928; x_wconf 78' lang='grc' dir='ltr'>ἐπαύσατο</span> <span class='ocrx_word' id='word_1_225' title='bbox 1461 2877 1560 2945; x_wconf 83' lang='grc' dir='ltr'>τῆς</span> <span class='ocrx_word' id='word_1_226' title='bbox 1595 2878 1834 2948; x_wconf 79' lang='grc' dir='ltr'>ἱστορίας</span> 
     </span>
    </p>
   </div>
   <div class='ocr_carea' id='block_1_33' title="bbox 252 2965 1832 3041">
    <p class='ocr_par' dir='ltr' id='par_1_33' title="bbox 252 2965 1832 3041">
     <span class='ocr_line' id='line_1_33' title="bbox 252 2965 1832 3041; baseline 0.002 -20"><span class='ocrx_word' id='word_1_227' title='bbox 252 2971 281 3022; x_wconf 88' lang='lat'><strong>6</strong></span> <span class='ocrx_word' id='word_1_228' title='bbox 310 2968 488 3034; x_wconf 77' lang='grc' dir='ltr'>λόγος,</span> <span class='ocrx_word' id='word_1_229' title='bbox 523 2965 954 3037; x_wconf 76' lang='grc' dir='ltr'>ἐγχαλινώσαντι</span> <span class='ocrx_word' id='word_1_230' title='bbox 994 2965 1094 3035; x_wconf 77' lang='grc' dir='ltr'>τὴν</span> <span class='ocrx_word' id='word_1_231' title='bbox 1127 2966 1220 3018; x_wconf 85' lang='grc' dir='ltr'>τοῦ</span> <span class='ocrx_word' id='word_1_232' title='bbox 1266 2969 1363 3037; x_wconf 75' lang='grc' dir='ltr'><strong>Ζὶχ</strong></span> <span class='ocrx_word' id='word_1_233' title='bbox 1411 2970 1540 3040; x_wconf 73' lang='grc' dir='ltr'>περὶ</span> <span class='ocrx_word' id='word_1_234' title='bbox 1591 2971 1832 3041; x_wconf 87' lang='grc' dir='ltr'>Χοσρόου</span> 
     </span>
    </p>
   </div>
   <div class='ocr_carea' id='block_1_34' title="bbox 1952 507 3528 578">
    <p class='ocr_par' dir='ltr' id='par_1_34' title="bbox 1952 507 3528 578">
     <span class='ocr_line' id='line_1_34' title="bbox 1952 507 3528 578; baseline 0.004 -22"><span class='ocrx_word' id='word_1_235' title='bbox 1952 517 2142 572; x_wconf 68' lang='grc' dir='ltr'>ςπηιρε</span> <span class='ocrx_word' id='word_1_236' title='bbox 2177 507 2404 570; x_wconf 93' lang='lat' dir='ltr'><strong>domuit,</strong></span> <span class='ocrx_word' id='word_1_237' title='bbox 2429 516 2484 559; x_wconf 90' lang='lat' dir='ltr'><strong>et</strong></span> <span class='ocrx_word' id='word_1_238' title='bbox 2505 521 2691 559; x_wconf 86' lang='lat' dir='ltr'><strong>earum</strong></span> <span class='ocrx_word' id='word_1_239' title='bbox 2724 521 2878 574; x_wconf 82' lang='lat' dir='ltr'><strong>reges</strong></span> <span class='ocrx_word' id='word_1_240' title='bbox 2907 508 3150 576; x_wconf 89' lang='lat' dir='ltr'><strong>captivos</strong></span> <span class='ocrx_word' id='word_1_241' title='bbox 3173 507 3320 573; x_wconf 91' lang='lat' dir='ltr'><strong>fecit,</strong></span> <span class='ocrx_word' id='word_1_242' title='bbox 3354 523 3528 578; x_wconf 89' lang='lat' dir='ltr'><strong>eoque</strong></span> 
     </span>
    </p>
   </div>
   <div class='ocr_carea' id='block_1_35' title="bbox 1943 595 3525 662">
    <p class='ocr_par' dir='ltr' id='par_1_35' title="bbox 1943 595 3525 662">
     <span class='ocr_line' id='line_1_35' title="bbox 1943 595 3525 662; baseline 0.003 -14"><span class='ocrx_word' id='word_1_243' title='bbox 1943 595 2162 649; x_wconf 90' lang='lat' dir='ltr'><strong>devenit</strong></span> <span class='ocrx_word' id='word_1_244' title='bbox 2191 597 2534 662; x_wconf 67' lang='lat' dir='ltr'><strong>arrogantiaa,</strong></span> <span class='ocrx_word' id='word_1_245' title='bbox 2575 607 2631 650; x_wconf 88' lang='lat' dir='ltr'><strong>ut</strong></span> <span class='ocrx_word' id='word_1_246' title='bbox 2657 613 2876 652; x_wconf 89' lang='lat' dir='ltr'><strong>currum</strong></span> <span class='ocrx_word' id='word_1_247' title='bbox 2923 599 3243 653; x_wconf 88' lang='lat' dir='ltr'><strong>deauratum</strong></span> <span class='ocrx_word' id='word_1_248' title='bbox 3291 600 3525 654; x_wconf 79' lang='lat' dir='ltr'><strong>fabrica-</strong></span> 
     </span>
    </p>
   </div>
   <div class='ocr_carea' id='block_1_36' title="bbox 1946 687 3526 759">
    <p class='ocr_par' dir='ltr' id='par_1_36' title="bbox 1946 687 3526 759">
     <span class='ocr_line' id='line_1_36' title="bbox 1946 687 3526 759; baseline 0.004 -23"><span class='ocrx_word' id='word_1_249' title='bbox 1946 695 2054 746; x_wconf 89' lang='lat' dir='ltr'><strong>ret,</strong></span> <span class='ocrx_word' id='word_1_250' title='bbox 2084 694 2139 737; x_wconf 84' lang='lat' dir='ltr'><strong>et</strong></span> <span class='ocrx_word' id='word_1_251' title='bbox 2164 698 2430 752; x_wconf 87' lang='lat' dir='ltr'><strong>equorum</strong></span> <span class='ocrx_word' id='word_1_252' title='bbox 2461 696 2514 739; x_wconf 83' lang='lat' dir='ltr'><strong>ct</strong></span> <span class='ocrx_word' id='word_1_253' title='bbox 2557 687 2783 740; x_wconf 90' lang='lat' dir='ltr'><strong>aliorum</strong></span> <span class='ocrx_word' id='word_1_254' title='bbox 2814 687 3130 741; x_wconf 79' lang='lat' dir='ltr'><strong>animalium</strong></span> <span class='ocrx_word' id='word_1_255' title='bbox 3171 699 3406 743; x_wconf 69' lang='lat' dir='ltr'><strong>vectum</strong></span> <span class='ocrx_word' id='word_1_256' title='bbox 3430 705 3526 759; x_wconf 81' lang='lat' dir='ltr'><strong>ap-</strong></span> 
     </span>
    </p>
   </div>
   <div class='ocr_carea' id='block_1_37' title="bbox 1946 775 3520 850">
    <p class='ocr_par' dir='ltr' id='par_1_37' title="bbox 1946 775 3520 850">
     <span class='ocr_line' id='line_1_37' title="bbox 1946 775 3520 850; baseline 0.004 -24"><span class='ocrx_word' id='word_1_257' title='bbox 1946 783 2116 828; x_wconf 85' lang='lat' dir='ltr'><strong>torum</strong></span> <span class='ocrx_word' id='word_1_258' title='bbox 2155 775 2276 831; x_wconf 89' lang='lat' dir='ltr'><strong>loco</strong></span> <span class='ocrx_word' id='word_1_259' title='bbox 2308 793 2461 846; x_wconf 80' lang='lat' dir='ltr'><strong>reges</strong></span> <span class='ocrx_word' id='word_1_260' title='bbox 2491 778 2612 831; x_wconf 86' lang='lat' dir='ltr'><strong>illos</strong></span> <span class='ocrx_word' id='word_1_261' title='bbox 2648 779 2891 847; x_wconf 88' lang='lat' dir='ltr'><strong>captivos</strong></span> <span class='ocrx_word' id='word_1_262' title='bbox 2924 779 3054 850; x_wconf 77' lang='lat' dir='ltr'><strong>jngo</strong></span> <span class='ocrx_word' id='word_1_263' title='bbox 3081 790 3309 848; x_wconf 88' lang='lat' dir='ltr'><strong>aptaret.</strong></span> <span class='ocrx_word' id='word_1_264' title='bbox 3344 782 3406 834; x_wconf 79' lang='lat' dir='ltr'><strong>Et</strong></span> <span class='ocrx_word' id='word_1_265' title='bbox 3451 785 3520 835; x_wconf 83' lang='lat' dir='ltr'><strong>ita</strong></span> 
     </span>
    </p>
   </div>
   <div class='ocr_carea' id='block_1_38' title="bbox 1943 869 3518 936">
    <p class='ocr_par' dir='ltr' id='par_1_38' title="bbox 1943 869 3518 936">
     <span class='ocr_line' id='line_1_38' title="bbox 1943 869 3518 936; baseline 0.006 -18"><span class='ocrx_word' id='word_1_266' title='bbox 1943 876 2126 920; x_wconf 87' lang='lat' dir='ltr'><strong>vectus</strong></span> <span class='ocrx_word' id='word_1_267' title='bbox 2185 883 2280 935; x_wconf 89' lang='lat' dir='ltr'><strong>per</strong></span> <span class='ocrx_word' id='word_1_268' title='bbox 2322 869 2439 923; x_wconf 91' lang='lat' dir='ltr'><strong>vias</strong></span> <span class='ocrx_word' id='word_1_269' title='bbox 2479 869 2721 936; x_wconf 87' lang='lat' dir='ltr'><strong>publicas</strong></span> <span class='ocrx_word' id='word_1_270' title='bbox 2769 884 2891 924; x_wconf 89' lang='lat' dir='ltr'><strong>sese</strong></span> <span class='ocrx_word' id='word_1_271' title='bbox 2938 871 3172 925; x_wconf 87' lang='lat' dir='ltr'><strong>subditis</strong></span> <span class='ocrx_word' id='word_1_272' title='bbox 3209 873 3518 927; x_wconf 79' lang='lat' dir='ltr'><strong>exhibebat.</strong></span> 
     </span>
    </p>
   </div>
   <div class='ocr_carea' id='block_1_39' title="bbox 1941 958 3518 1034">
    <p class='ocr_par' dir='ltr' id='par_1_39' title="bbox 1941 958 3518 1034">
     <span class='ocr_line' id='line_1_39' title="bbox 1941 958 3518 1034; baseline 0.005 -26"><span class='ocrx_word' id='word_1_273' title='bbox 1941 958 2071 1023; x_wconf 71' lang='lat' dir='ltr'><strong>Quae</strong></span> <span class='ocrx_word' id='word_1_274' title='bbox 2101 973 2224 1012; x_wconf 86' lang='lat' dir='ltr'><strong>cum</strong></span> <span class='ocrx_word' id='word_1_275' title='bbox 2275 960 2517 1027; x_wconf 86' lang='lat' dir='ltr'><strong>quotidie</strong></span> <span class='ocrx_word' id='word_1_276' title='bbox 2547 961 2868 1026; x_wconf 85' lang='lat' dir='ltr'><strong>factitasset,</strong></span> <span class='ocrx_word' id='word_1_277' title='bbox 2921 963 3139 1027; x_wconf 89' lang='lat' dir='ltr'><strong>accidit,</strong></span> <span class='ocrx_word' id='word_1_278' title='bbox 3177 974 3234 1017; x_wconf 91' lang='lat' dir='ltr'><strong>ut</strong></span> <span class='ocrx_word' id='word_1_279' title='bbox 3283 966 3518 1034; x_wconf 87' lang='lat' dir='ltr'><strong>quodam</strong></span> 
     </span>
    </p>
   </div>
   <div class='ocr_carea' id='block_1_40' title="bbox 1941 1050 3521 1125">
    <p class='ocr_par' dir='ltr' id='par_1_40' title="bbox 1941 1050 3521 1125">
     <span class='ocr_line' id='line_1_40' title="bbox 1941 1050 3521 1125; baseline 0.003 -21"><span class='ocrx_word' id='word_1_280' title='bbox 1941 1051 2028 1104; x_wconf 89' lang='lat' dir='ltr'><strong>die</strong></span> <span class='ocrx_word' id='word_1_281' title='bbox 2057 1067 2197 1104; x_wconf 84' lang='lat' dir='ltr'><strong>unus</strong></span> <span class='ocrx_word' id='word_1_282' title='bbox 2228 1067 2291 1104; x_wconf 88' lang='lat' dir='ltr'><strong>ex</strong></span> <span class='ocrx_word' id='word_1_283' title='bbox 2331 1050 2435 1104; x_wconf 82' lang='lat' dir='ltr'><strong>illis</strong></span> <span class='ocrx_word' id='word_1_284' title='bbox 2463 1053 2695 1121; x_wconf 87' lang='lat' dir='ltr'><strong>regibus,</strong></span> <span class='ocrx_word' id='word_1_285' title='bbox 2739 1057 2831 1122; x_wconf 92' lang='lat' dir='ltr'><strong>qui</strong></span> <span class='ocrx_word' id='word_1_286' title='bbox 2863 1064 2984 1108; x_wconf 87' lang='lat' dir='ltr'><strong>erat</strong></span> <span class='ocrx_word' id='word_1_287' title='bbox 3018 1055 3379 1125; x_wconf 79' lang='lat' dir='ltr'><strong>sutntnojngo</strong></span> <span class='ocrx_word' id='word_1_288' title='bbox 3409 1072 3521 1124; x_wconf 86' lang='lat' dir='ltr'><strong>ap—</strong></span> 
     </span>
    </p>
   </div>
   <div class='ocr_carea' id='block_1_41' title="bbox 1943 1143 3523 1213">
    <p class='ocr_par' dir='ltr' id='par_1_41' title="bbox 1943 1143 3523 1213">
     <span class='ocr_line' id='line_1_41' title="bbox 1943 1143 3523 1213; baseline 0.002 -18"><span class='ocrx_word' id='word_1_289' title='bbox 1943 1151 2102 1204; x_wconf 86' lang='lat' dir='ltr'><strong>tatus,</strong></span> <span class='ocrx_word' id='word_1_290' title='bbox 2143 1143 2350 1195; x_wconf 84' lang='lat' dir='ltr'><strong>intente</strong></span> <span class='ocrx_word' id='word_1_291' title='bbox 2379 1152 2432 1195; x_wconf 91' lang='lat' dir='ltr'><strong>et</strong></span> <span class='ocrx_word' id='word_1_292' title='bbox 2456 1143 2632 1196; x_wconf 80' lang='lat' dir='ltr'><strong>defixe</strong></span> <span class='ocrx_word' id='word_1_293' title='bbox 2654 1144 2857 1196; x_wconf 85' lang='lat' dir='ltr'><strong>vultum</strong></span> <span class='ocrx_word' id='word_1_294' title='bbox 2888 1155 3226 1210; x_wconf 87' lang='lat' dir='ltr'><strong>retorquens,</strong></span> <span class='ocrx_word' id='word_1_295' title='bbox 3257 1155 3523 1213; x_wconf 79' lang='lat' dir='ltr'><strong>spectaret</strong></span> 
     </span>
    </p>
   </div>
   <div class='ocr_carea' id='block_1_42' title="bbox 1943 1235 3616 1298">
    <p class='ocr_par' dir='ltr' id='par_1_42' title="bbox 1943 1235 3616 1298">
     <span class='ocr_line' id='line_1_42' title="bbox 1943 1235 3616 1298; baseline 0.002 -12"><span class='ocrx_word' id='word_1_296' title='bbox 1943 1245 2112 1288; x_wconf 84' lang='lat' dir='ltr'><strong>rotant</strong></span> <span class='ocrx_word' id='word_1_297' title='bbox 2149 1250 2206 1288; x_wconf 85' lang='lat' dir='ltr'><strong>se</strong></span> <span class='ocrx_word' id='word_1_298' title='bbox 2243 1235 2758 1288; x_wconf 86' lang='lat' dir='ltr'><strong>circutnvolvcntem</strong></span> <span class='ocrx_word' id='word_1_299' title='bbox 2810 1247 2863 1288; x_wconf 89' lang='lat' dir='ltr'><strong>et</strong></span> <span class='ocrx_word' id='word_1_300' title='bbox 2898 1237 3310 1291; x_wconf 75' lang='lat' dir='ltr'><strong>continuatione</strong></span> <span class='ocrx_word' id='word_1_301' title='bbox 3343 1247 3522 1290; x_wconf 86' lang='lat' dir='ltr'><strong>motus</strong></span> <span class='ocrx_word' id='word_1_302' title='bbox 3611 1293 3616 1298; x_wconf 63' lang='grc'><strong>,</strong></span> 
     </span>
    </p>
   </div>
   <div class='ocr_carea' id='block_1_43' title="bbox 1941 1325 3516 1396">
    <p class='ocr_par' dir='ltr' id='par_1_43' title="bbox 1941 1325 3516 1396">
     <span class='ocr_line' id='line_1_43' title="bbox 1941 1325 3516 1396; baseline 0.003 -19"><span class='ocrx_word' id='word_1_303' title='bbox 1941 1326 1994 1378; x_wconf 91' lang='lat' dir='ltr'><strong>in</strong></span> <span class='ocrx_word' id='word_1_304' title='bbox 2030 1341 2088 1377; x_wconf 87' lang='lat' dir='ltr'><strong>se</strong></span> <span class='ocrx_word' id='word_1_305' title='bbox 2127 1325 2296 1393; x_wconf 85' lang='lat' dir='ltr'><strong>ipsam</strong></span> <span class='ocrx_word' id='word_1_306' title='bbox 2337 1336 2719 1380; x_wconf 71' lang='lat' dir='ltr'><strong>revertentem.</strong></span> <span class='ocrx_word' id='word_1_307' title='bbox 2750 1326 2882 1380; x_wconf 87' lang='lat' dir='ltr'><strong>Cum</strong></span> <span class='ocrx_word' id='word_1_308' title='bbox 2911 1327 2959 1379; x_wconf 78' lang='lat' dir='ltr'><strong>itl</strong></span> <span class='ocrx_word' id='word_1_309' title='bbox 2993 1327 3279 1392; x_wconf 77' lang='lat' dir='ltr'><strong>Sesostris,</strong></span> <span class='ocrx_word' id='word_1_310' title='bbox 3310 1330 3398 1396; x_wconf 87' lang='lat' dir='ltr'><strong>qui</strong></span> <span class='ocrx_word' id='word_1_311' title='bbox 3428 1345 3516 1382; x_wconf 85' lang='lat' dir='ltr'><strong>ve-</strong></span> 
     </span>
    </p>
   </div>
   <div class='ocr_carea' id='block_1_44' title="bbox 1940 1417 3519 1488">
    <p class='ocr_par' dir='ltr' id='par_1_44' title="bbox 1940 1417 3519 1488">
     <span class='ocr_line' id='line_1_44' title="bbox 1940 1417 3519 1488; baseline 0.001 -18"><span class='ocrx_word' id='word_1_312' title='bbox 1940 1417 2190 1481; x_wconf 83' lang='lat' dir='ltr'><strong>hebatur,</strong></span> <span class='ocrx_word' id='word_1_313' title='bbox 2247 1417 2742 1480; x_wconf 84' lang='lat' dir='ltr'><strong>animadvertisset,</strong></span> <span class='ocrx_word' id='word_1_314' title='bbox 2781 1433 2903 1472; x_wconf 90' lang='lat' dir='ltr'><strong>eum</strong></span> <span class='ocrx_word' id='word_1_315' title='bbox 2967 1419 3275 1488; x_wconf 84' lang='lat' dir='ltr'><strong>increpans,</strong></span> <span class='ocrx_word' id='word_1_316' title='bbox 3315 1438 3334 1470; x_wconf 70' lang='grc' dir='ltr'><strong>ι</strong></span> <span class='ocrx_word' id='word_1_317' title='bbox 3383 1419 3519 1485; x_wconf 73' lang='lat' dir='ltr'><strong>Quid</strong></span> 
     </span>
    </p>
   </div>
   <div class='ocr_carea' id='block_1_45' title="bbox 1939 1506 3520 1578">
    <p class='ocr_par' dir='ltr' id='par_1_45' title="bbox 1939 1506 3520 1578">
     <span class='ocr_line' id='line_1_45' title="bbox 1939 1506 3520 1578; baseline 0 -17"><span class='ocrx_word' id='word_1_318' title='bbox 1939 1523 2116 1561; x_wconf 85' lang='lat' dir='ltr'><strong>rerum</strong></span> <span class='ocrx_word' id='word_1_319' title='bbox 2151 1506 2298 1574; x_wconf 80' lang='lat' dir='ltr'><strong>agis?</strong></span> <span class='ocrx_word' id='word_1_320' title='bbox 2326 1525 2344 1558; x_wconf 77' lang='grc' dir='ltr'><strong>ι</strong></span> <span class='ocrx_word' id='word_1_321' title='bbox 2381 1508 2572 1574; x_wconf 86' lang='lat' dir='ltr'><strong>inquit.</strong></span> <span class='ocrx_word' id='word_1_322' title='bbox 2617 1527 2636 1558; x_wconf 87' lang='grc'><strong>‹</strong></span> <span class='ocrx_word' id='word_1_323' title='bbox 2682 1507 3058 1577; x_wconf 87' lang='lat' dir='ltr'><strong>Contemptor,</strong></span> <span class='ocrx_word' id='word_1_324' title='bbox 3094 1510 3372 1578; x_wconf 89' lang='lat' dir='ltr'><strong>respondit</strong></span> <span class='ocrx_word' id='word_1_325' title='bbox 3409 1510 3520 1574; x_wconf 82' lang='lat' dir='ltr'><strong>ille,</strong></span> 
     </span>
    </p>
   </div>
   <div class='ocr_carea' id='block_1_46' title="bbox 1940 1600 3514 1670">
    <p class='ocr_par' dir='ltr' id='par_1_46' title="bbox 1940 1600 3514 1670">
     <span class='ocr_line' id='line_1_46' title="bbox 1940 1600 3514 1670; baseline 0.003 -18"><span class='ocrx_word' id='word_1_326' title='bbox 1940 1601 2176 1664; x_wconf 87' lang='lat' dir='ltr'><strong>domine,</strong></span> <span class='ocrx_word' id='word_1_327' title='bbox 2209 1600 2347 1652; x_wconf 89' lang='lat' dir='ltr'><strong>hanc</strong></span> <span class='ocrx_word' id='word_1_328' title='bbox 2384 1611 2576 1663; x_wconf 87' lang='lat' dir='ltr'><strong>rotam,</strong></span> <span class='ocrx_word' id='word_1_329' title='bbox 2611 1616 2729 1667; x_wconf 76' lang='lat' dir='ltr'><strong>qua:</strong></span> <span class='ocrx_word' id='word_1_330' title='bbox 2755 1617 2813 1653; x_wconf 91' lang='lat' dir='ltr'><strong>se</strong></span> <span class='ocrx_word' id='word_1_331' title='bbox 2847 1603 3074 1657; x_wconf 85' lang='lat' dir='ltr'><strong>alternis</strong></span> <span class='ocrx_word' id='word_1_332' title='bbox 3112 1602 3426 1670; x_wconf 85' lang='lat' dir='ltr'><strong>frequenter</strong></span> <span class='ocrx_word' id='word_1_333' title='bbox 3461 1603 3514 1656; x_wconf 91' lang='lat' dir='ltr'><strong>in</strong></span> 
     </span>
    </p>
   </div>
   <div class='ocr_carea' id='block_1_47' title="bbox 1940 1692 3518 1761">
    <p class='ocr_par' dir='ltr' id='par_1_47' title="bbox 1940 1692 3518 1761">
     <span class='ocr_line' id='line_1_47' title="bbox 1940 1692 3518 1761; baseline 0.002 -16"><span class='ocrx_word' id='word_1_334' title='bbox 1940 1692 2126 1746; x_wconf 89' lang='lat' dir='ltr'><strong>orbem</strong></span> <span class='ocrx_word' id='word_1_335' title='bbox 2155 1692 2498 1756; x_wconf 78' lang='lat' dir='ltr'><strong>circumagit,</strong></span> <span class='ocrx_word' id='word_1_336' title='bbox 2531 1707 2649 1760; x_wconf 67' lang='lat' dir='ltr'><strong>qum</strong></span> <span class='ocrx_word' id='word_1_337' title='bbox 2668 1708 2938 1761; x_wconf 89' lang='lat' dir='ltr'><strong>nunquam</strong></span> <span class='ocrx_word' id='word_1_338' title='bbox 2967 1694 3152 1748; x_wconf 91' lang='lat' dir='ltr'><strong>eodem</strong></span> <span class='ocrx_word' id='word_1_339' title='bbox 3172 1694 3290 1747; x_wconf 76' lang='lat' dir='ltr'><strong>loco</strong></span> <span class='ocrx_word' id='word_1_340' title='bbox 3318 1705 3518 1757; x_wconf 77' lang='lat' dir='ltr'><strong>manet,</strong></span> 
     </span>
    </p>
   </div>
   <div class='ocr_carea' id='block_1_48' title="bbox 1937 1782 3520 1850">
    <p class='ocr_par' dir='ltr' id='par_1_48' title="bbox 1937 1782 3520 1850">
     <span class='ocr_line' id='line_1_48' title="bbox 1937 1782 3520 1850; baseline 0 -14"><span class='ocrx_word' id='word_1_341' title='bbox 1937 1783 2029 1838; x_wconf 84' lang='lat' dir='ltr'><strong>sed</strong></span> <span class='ocrx_word' id='word_1_342' title='bbox 2059 1782 2227 1837; x_wconf 77' lang='lat' dir='ltr'><strong>fertur</strong></span> <span class='ocrx_word' id='word_1_343' title='bbox 2264 1784 2423 1836; x_wconf 91' lang='lat' dir='ltr'><strong>modo</strong></span> <span class='ocrx_word' id='word_1_344' title='bbox 2450 1785 2718 1850; x_wconf 83' lang='lat' dir='ltr'><strong>superius,</strong></span> <span class='ocrx_word' id='word_1_345' title='bbox 2755 1785 2910 1838; x_wconf 85' lang='lat' dir='ltr'><strong>modo</strong></span> <span class='ocrx_word' id='word_1_346' title='bbox 2939 1785 3184 1848; x_wconf 84' lang='lat' dir='ltr'><strong>inferius,</strong></span> <span class='ocrx_word' id='word_1_347' title='bbox 3211 1796 3265 1839; x_wconf 89' lang='lat' dir='ltr'><strong>et</strong></span> <span class='ocrx_word' id='word_1_348' title='bbox 3296 1786 3366 1838; x_wconf 91' lang='lat' dir='ltr'><strong>ita</strong></span> <span class='ocrx_word' id='word_1_349' title='bbox 3389 1801 3520 1839; x_wconf 83' lang='lat' dir='ltr'><strong>cur-</strong></span> 
     </span>
    </p>
   </div>
   <div class='ocr_carea' id='block_1_49' title="bbox 1937 1875 3518 1944">
    <p class='ocr_par' dir='ltr' id='par_1_49' title="bbox 1937 1875 3518 1944">
     <span class='ocr_line' id='line_1_49' title="bbox 1937 1875 3518 1944; baseline 0 -17"><span class='ocrx_word' id='word_1_350' title='bbox 1937 1889 2030 1928; x_wconf 84' lang='lat' dir='ltr'><strong>rus</strong></span> <span class='ocrx_word' id='word_1_351' title='bbox 2056 1875 2400 1942; x_wconf 81' lang='lat' dir='ltr'><strong>agitationem</strong></span> <span class='ocrx_word' id='word_1_352' title='bbox 2441 1875 2576 1928; x_wconf 76' lang='lat' dir='ltr'><strong>facit</strong></span> <span class='ocrx_word' id='word_1_353' title='bbox 2601 1883 2654 1927; x_wconf 89' lang='lat' dir='ltr'><strong>et</strong></span> <span class='ocrx_word' id='word_1_354' title='bbox 2690 1886 2968 1944; x_wconf 85' lang='lat' dir='ltr'><strong>operatur.</strong></span> <span class='ocrx_word' id='word_1_355' title='bbox 3011 1894 3030 1927; x_wconf 76' lang='grc' dir='ltr'><strong>ι</strong></span> <span class='ocrx_word' id='word_1_356' title='bbox 3071 1877 3191 1931; x_wconf 74' lang='lat' dir='ltr'><strong>Ilmc</strong></span> <span class='ocrx_word' id='word_1_357' title='bbox 3223 1893 3386 1944; x_wconf 87' lang='lat' dir='ltr'><strong>quunt</strong></span> <span class='ocrx_word' id='word_1_358' title='bbox 3420 1891 3518 1935; x_wconf 82' lang='lat' dir='ltr'><strong>au-</strong></span> 
     </span>
    </p>
   </div>
   <div class='ocr_carea' id='block_1_50' title="bbox 1937 1964 3516 2035">
    <p class='ocr_par' dir='ltr' id='par_1_50' title="bbox 1937 1964 3516 2035">
     <span class='ocr_line' id='line_1_50' title="bbox 1937 1964 3516 2035; baseline 0.001 -16"><span class='ocrx_word' id='word_1_359' title='bbox 1937 1966 2106 2019; x_wconf 85' lang='lat' dir='ltr'><strong>disset</strong></span> <span class='ocrx_word' id='word_1_360' title='bbox 2132 1980 2221 2018; x_wconf 89' lang='lat' dir='ltr'><strong>rex</strong></span> <span class='ocrx_word' id='word_1_361' title='bbox 2254 1964 2560 2035; x_wconf 70' lang='lat' dir='ltr'><strong>Egyptius,</strong></span> <span class='ocrx_word' id='word_1_362' title='bbox 2591 1976 2642 2018; x_wconf 89' lang='lat' dir='ltr'><strong>et</strong></span> <span class='ocrx_word' id='word_1_363' title='bbox 2677 1969 2924 2032; x_wconf 86' lang='lat' dir='ltr'><strong>sentiret,</strong></span> <span class='ocrx_word' id='word_1_364' title='bbox 2955 1968 3101 2020; x_wconf 89' lang='lat' dir='ltr'><strong>illum</strong></span> <span class='ocrx_word' id='word_1_365' title='bbox 3144 1968 3383 2021; x_wconf 82' lang='lat' dir='ltr'><strong>indicare</strong></span> <span class='ocrx_word' id='word_1_366' title='bbox 3408 1967 3516 2020; x_wconf 82' lang='lat' dir='ltr'><strong>for-</strong></span> 
     </span>
    </p>
   </div>
   <div class='ocr_carea' id='block_1_51' title="bbox 1937 2058 3520 2129">
    <p class='ocr_par' dir='ltr' id='par_1_51' title="bbox 1937 2058 3520 2129">
     <span class='ocr_line' id='line_1_51' title="bbox 1937 2058 3520 2129; baseline -0.002 -17"><span class='ocrx_word' id='word_1_367' title='bbox 1937 2066 2080 2112; x_wconf 59' lang='lat' dir='ltr'><strong>tuna:</strong></span> <span class='ocrx_word' id='word_1_368' title='bbox 2132 2058 2551 2112; x_wconf 83' lang='lat' dir='ltr'><strong>inconstantiam</strong></span> <span class='ocrx_word' id='word_1_369' title='bbox 2589 2070 2642 2112; x_wconf 89' lang='lat' dir='ltr'><strong>et</strong></span> <span class='ocrx_word' id='word_1_370' title='bbox 2697 2059 3106 2125; x_wconf 79' lang='lat' dir='ltr'><strong>volubilitatem,</strong></span> <span class='ocrx_word' id='word_1_371' title='bbox 3139 2075 3259 2129; x_wconf 70' lang='lat' dir='ltr'><strong>quae</strong></span> <span class='ocrx_word' id='word_1_372' title='bbox 3307 2074 3520 2129; x_wconf 84' lang='lat' dir='ltr'><strong>semper</strong></span> 
     </span>
    </p>
   </div>
   <div class='ocr_carea' id='block_1_52' title="bbox 1934 2148 3518 2219">
    <p class='ocr_par' dir='ltr' id='par_1_52' title="bbox 1934 2148 3518 2219">
     <span class='ocr_line' id='line_1_52' title="bbox 1934 2148 3518 2219; baseline -0.003 -16"><span class='ocrx_word' id='word_1_373' title='bbox 1934 2148 2193 2212; x_wconf 76' lang='lat' dir='ltr'><strong>volvitur,</strong></span> <span class='ocrx_word' id='word_1_374' title='bbox 2219 2163 2393 2218; x_wconf 89' lang='lat' dir='ltr'><strong>neque</strong></span> <span class='ocrx_word' id='word_1_375' title='bbox 2415 2150 2604 2204; x_wconf 84' lang='lat' dir='ltr'><strong>eodem</strong></span> <span class='ocrx_word' id='word_1_376' title='bbox 2653 2151 2775 2204; x_wconf 93' lang='lat' dir='ltr'><strong>loco</strong></span> <span class='ocrx_word' id='word_1_377' title='bbox 2800 2159 3104 2219; x_wconf 82' lang='lat' dir='ltr'><strong>permanet,</strong></span> <span class='ocrx_word' id='word_1_378' title='bbox 3136 2158 3187 2204; x_wconf 91' lang='lat' dir='ltr'><strong>et</strong></span> <span class='ocrx_word' id='word_1_379' title='bbox 3217 2159 3348 2204; x_wconf 68' lang='lat' dir='ltr'><strong>rotae</strong></span> <span class='ocrx_word' id='word_1_380' title='bbox 3370 2165 3518 2204; x_wconf 82' lang='lat' dir='ltr'><strong>sein-</strong></span> 
     </span>
    </p>
   </div>
   <div class='ocr_carea' id='block_1_53' title="bbox 1936 2241 3520 2310">
    <p class='ocr_par' dir='ltr' id='par_1_53' title="bbox 1936 2241 3520 2310">
     <span class='ocr_line' id='line_1_53' title="bbox 1936 2241 3520 2310; baseline -0.001 -15"><span class='ocrx_word' id='word_1_381' title='bbox 1936 2255 2036 2310; x_wconf 90' lang='lat' dir='ltr'><strong>per</strong></span> <span class='ocrx_word' id='word_1_382' title='bbox 2072 2241 2307 2295; x_wconf 86' lang='lat' dir='ltr'><strong>volventi</strong></span> <span class='ocrx_word' id='word_1_383' title='bbox 2337 2256 2425 2296; x_wconf 89' lang='lat' dir='ltr'><strong>res</strong></span> <span class='ocrx_word' id='word_1_384' title='bbox 2458 2243 2721 2296; x_wconf 84' lang='lat' dir='ltr'><strong>humanas</strong></span> <span class='ocrx_word' id='word_1_385' title='bbox 2750 2243 2957 2297; x_wconf 81' lang='lat' dir='ltr'><strong>similes</strong></span> <span class='ocrx_word' id='word_1_386' title='bbox 2987 2257 3109 2297; x_wconf 87' lang='lat' dir='ltr'><strong>esse</strong></span> <span class='ocrx_word' id='word_1_387' title='bbox 3143 2261 3157 2296; x_wconf 92' lang='lat'><strong>:</strong></span> <span class='ocrx_word' id='word_1_388' title='bbox 3193 2243 3420 2305; x_wconf 88' lang='lat' dir='ltr'><strong>veritus,</strong></span> <span class='ocrx_word' id='word_1_389' title='bbox 3453 2257 3520 2295; x_wconf 83' lang='lat' dir='ltr'><strong>ne</strong></span> 
     </span>
    </p>
   </div>
   <div class='ocr_carea' id='block_1_54' title="bbox 1937 2333 3514 2402">
    <p class='ocr_par' dir='ltr' id='par_1_54' title="bbox 1937 2333 3514 2402">
     <span class='ocr_line' id='line_1_54' title="bbox 1937 2333 3514 2402; baseline 0.001 -16"><span class='ocrx_word' id='word_1_390' title='bbox 1937 2333 2050 2401; x_wconf 85' lang='lat' dir='ltr'><strong>ipse</strong></span> <span class='ocrx_word' id='word_1_391' title='bbox 2080 2333 2304 2402; x_wconf 88' lang='lat' dir='ltr'><strong>posthac</strong></span> <span class='ocrx_word' id='word_1_392' title='bbox 2342 2335 2393 2387; x_wconf 95' lang='lat' dir='ltr'><strong>in</strong></span> <span class='ocrx_word' id='word_1_393' title='bbox 2431 2334 2662 2402; x_wconf 90' lang='lat' dir='ltr'><strong>aliquam</strong></span> <span class='ocrx_word' id='word_1_394' title='bbox 2696 2334 3059 2388; x_wconf 86' lang='lat' dir='ltr'><strong>calamitatem</strong></span> <span class='ocrx_word' id='word_1_395' title='bbox 3096 2334 3382 2398; x_wconf 88' lang='lat' dir='ltr'><strong>incideret,</strong></span> <span class='ocrx_word' id='word_1_396' title='bbox 3416 2335 3514 2387; x_wconf 89' lang='lat' dir='ltr'><strong>ab-</strong></span> 
     </span>
    </p>
   </div>
   <div class='ocr_carea' id='block_1_55' title="bbox 1935 2420 3517 2493">
    <p class='ocr_par' dir='ltr' id='par_1_55' title="bbox 1935 2420 3517 2493">
     <span class='ocr_line' id='line_1_55' title="bbox 1935 2420 3517 2493; baseline -0.001 -18"><span class='ocrx_word' id='word_1_397' title='bbox 1935 2420 2127 2475; x_wconf 72' lang='lat' dir='ltr'><strong>etinuit</strong></span> <span class='ocrx_word' id='word_1_398' title='bbox 2159 2423 2411 2490; x_wconf 77' lang='lat' dir='ltr'><strong>deinceps</strong></span> <span class='ocrx_word' id='word_1_399' title='bbox 2436 2437 2500 2476; x_wconf 86' lang='lat' dir='ltr'><strong>eo</strong></span> <span class='ocrx_word' id='word_1_400' title='bbox 2531 2424 2707 2488; x_wconf 88' lang='lat' dir='ltr'><strong>modo,</strong></span> <span class='ocrx_word' id='word_1_401' title='bbox 2746 2438 2855 2493; x_wconf 91' lang='lat' dir='ltr'><strong>quo</strong></span> <span class='ocrx_word' id='word_1_402' title='bbox 2883 2424 3139 2482; x_wconf 84' lang='lat' dir='ltr'><strong>diximus.</strong></span> <span class='ocrx_word' id='word_1_403' title='bbox 3177 2423 3319 2486; x_wconf 87' lang='lat' dir='ltr'><strong>vehi,</strong></span> <span class='ocrx_word' id='word_1_404' title='bbox 3353 2433 3406 2476; x_wconf 90' lang='lat' dir='ltr'><strong>et</strong></span> <span class='ocrx_word' id='word_1_405' title='bbox 3439 2437 3517 2475; x_wconf 60' lang='lat' dir='ltr'><strong>reo</strong></span> 
     </span>
    </p>
   </div>
   <div class='ocr_carea' id='block_1_56' title="bbox 1935 2513 3510 2581">
    <p class='ocr_par' dir='ltr' id='par_1_56' title="bbox 1935 2513 3510 2581">
     <span class='ocr_line' id='line_1_56' title="bbox 1935 2513 3510 2581; baseline -0.001 -16"><span class='ocrx_word' id='word_1_406' title='bbox 1935 2526 2030 2578; x_wconf 82' lang='lat' dir='ltr'><strong>ges</strong></span> <span class='ocrx_word' id='word_1_407' title='bbox 2056 2515 2195 2581; x_wconf 91' lang='lat' dir='ltr'><strong>apud</strong></span> <span class='ocrx_word' id='word_1_408' title='bbox 2221 2529 2280 2566; x_wconf 85' lang='lat' dir='ltr'><strong>se</strong></span> <span class='ocrx_word' id='word_1_409' title='bbox 2324 2513 2639 2567; x_wconf 76' lang='lat' dir='ltr'><strong>servitutem</strong></span> <span class='ocrx_word' id='word_1_410' title='bbox 2683 2515 2984 2568; x_wconf 87' lang='lat' dir='ltr'><strong>servientes</strong></span> <span class='ocrx_word' id='word_1_411' title='bbox 3017 2515 3068 2567; x_wconf 92' lang='lat' dir='ltr'><strong>in</strong></span> <span class='ocrx_word' id='word_1_412' title='bbox 3104 2530 3203 2567; x_wconf 88' lang='lat' dir='ltr'><strong>sua</strong></span> <span class='ocrx_word' id='word_1_413' title='bbox 3231 2529 3416 2580; x_wconf 73' lang='lat' dir='ltr'><strong>regna,</strong></span> <span class='ocrx_word' id='word_1_414' title='bbox 3460 2526 3510 2564; x_wconf 90' lang='lat' dir='ltr'><strong>ut</strong></span> 
     </span>
    </p>
   </div>
   <div class='ocr_carea' id='block_1_57' title="bbox 1935 2603 3511 2677">
    <p class='ocr_par' dir='ltr' id='par_1_57' title="bbox 1935 2603 3511 2677">
     <span class='ocr_line' id='line_1_57' title="bbox 1935 2603 3511 2677; baseline 0 -21"><span class='ocrx_word' id='word_1_415' title='bbox 1935 2603 2065 2666; x_wconf 84' lang='lat' dir='ltr'><strong>illic,</strong></span> <span class='ocrx_word' id='word_1_416' title='bbox 2123 2605 2573 2671; x_wconf 83' lang='lat' dir='ltr'><strong>quemadmodum</strong></span> <span class='ocrx_word' id='word_1_417' title='bbox 2627 2615 2806 2669; x_wconf 89' lang='lat' dir='ltr'><strong>antea,</strong></span> <span class='ocrx_word' id='word_1_418' title='bbox 2863 2617 3178 2677; x_wconf 80' lang='lat' dir='ltr'><strong>regnarent,</strong></span> <span class='ocrx_word' id='word_1_419' title='bbox 3231 2609 3455 2661; x_wconf 89' lang='lat' dir='ltr'><strong>dimisit.</strong></span> <span class='ocrx_word' id='word_1_420' title='bbox 3493 2626 3511 2656; x_wconf 72' lang='grc' dir='ltr'><strong>ι</strong></span> 
     </span>
    </p>
   </div>
   <div class='ocr_carea' id='block_1_58' title="bbox 1938 2693 3513 2764">
    <p class='ocr_par' dir='ltr' id='par_1_58' title="bbox 1938 2693 3513 2764">
     <span class='ocr_line' id='line_1_58' title="bbox 1938 2693 3513 2764; baseline 0.003 -17"><span class='ocrx_word' id='word_1_421' title='bbox 1938 2693 2038 2749; x_wconf 85' lang='lat' dir='ltr'><strong>Hic</strong></span> <span class='ocrx_word' id='word_1_422' title='bbox 2069 2693 2230 2748; x_wconf 81' lang='lat' dir='ltr'><strong>tinem</strong></span> <span class='ocrx_word' id='word_1_423' title='bbox 2267 2696 2477 2764; x_wconf 88' lang='lat' dir='ltr'><strong>accepit</strong></span> <span class='ocrx_word' id='word_1_424' title='bbox 2509 2697 2649 2750; x_wconf 82' lang='lat' dir='ltr'><strong>Petri</strong></span> <span class='ocrx_word' id='word_1_425' title='bbox 2681 2712 2864 2751; x_wconf 88' lang='lat' dir='ltr'><strong>sermo</strong></span> <span class='ocrx_word' id='word_1_426' title='bbox 2894 2699 3179 2752; x_wconf 88' lang='lat' dir='ltr'><strong>historiam</strong></span> <span class='ocrx_word' id='word_1_427' title='bbox 3208 2699 3513 2757; x_wconf 86' lang='lat' dir='ltr'><strong>recitantis,</strong></span> 
     </span>
    </p>
   </div>
   <div class='ocr_carea' id='block_1_59' title="bbox 1934 2785 3517 2858">
    <p class='ocr_par' dir='ltr' id='par_1_59' title="bbox 1934 2785 3517 2858">
     <span class='ocr_line' id='line_1_59' title="bbox 1934 2785 3517 2858; baseline 0.003 -19"><span class='ocrx_word' id='word_1_428' title='bbox 1934 2801 2043 2857; x_wconf 91' lang='lat' dir='ltr'><strong>quo</strong></span> <span class='ocrx_word' id='word_1_429' title='bbox 2073 2785 2221 2840; x_wconf 88' lang='lat' dir='ltr'><strong>Zichi</strong></span> <span class='ocrx_word' id='word_1_430' title='bbox 2250 2788 2767 2858; x_wconf 80' lang='lat' dir='ltr'><strong>magniloquentiam</strong></span> <span class='ocrx_word' id='word_1_431' title='bbox 2805 2790 3089 2856; x_wconf 88' lang='lat' dir='ltr'><strong>repressit.</strong></span> <span class='ocrx_word' id='word_1_432' title='bbox 3125 2790 3326 2843; x_wconf 88' lang='lat' dir='ltr'><strong>Deinde</strong></span> <span class='ocrx_word' id='word_1_433' title='bbox 3347 2791 3517 2844; x_wconf 87' lang='lat' dir='ltr'><strong>disse-</strong></span> 
     </span>
    </p>
   </div>
   <div class='ocr_carea' id='block_1_60' title="bbox 1935 2880 3514 2949">
    <p class='ocr_par' dir='ltr' id='par_1_60' title="bbox 1935 2880 3514 2949">
     <span class='ocr_line' id='line_1_60' title="bbox 1935 2880 3514 2949; baseline 0 -17"><span class='ocrx_word' id='word_1_434' title='bbox 1935 2889 2157 2932; x_wconf 91' lang='lat' dir='ltr'><strong>ruerunt</strong></span> <span class='ocrx_word' id='word_1_435' title='bbox 2193 2881 2260 2933; x_wconf 91' lang='lat' dir='ltr'><strong>de</strong></span> <span class='ocrx_word' id='word_1_436' title='bbox 2283 2880 2386 2943; x_wconf 89' lang='lat' dir='ltr'><strong>his,</strong></span> <span class='ocrx_word' id='word_1_437' title='bbox 2417 2895 2539 2948; x_wconf 64' lang='lat' dir='ltr'><strong>quae</strong></span> <span class='ocrx_word' id='word_1_438' title='bbox 2569 2882 2774 2949; x_wconf 82' lang='lat' dir='ltr'><strong>agenda</strong></span> <span class='ocrx_word' id='word_1_439' title='bbox 2806 2882 3100 2936; x_wconf 88' lang='lat' dir='ltr'><strong>restabant.</strong></span> <span class='ocrx_word' id='word_1_440' title='bbox 3137 2882 3340 2936; x_wconf 71' lang='lat' dir='ltr'><strong>Caetera</strong></span> <span class='ocrx_word' id='word_1_441' title='bbox 3373 2883 3514 2935; x_wconf 90' lang='lat' dir='ltr'><strong>enim</strong></span> 
     </span>
    </p>
   </div>
   <div class='ocr_carea' id='block_1_61' title="bbox 1936 2971 3520 3042">
    <p class='ocr_par' dir='ltr' id='par_1_61' title="bbox 1936 2971 3520 3042">
     <span class='ocr_line' id='line_1_61' title="bbox 1936 2971 3520 3042; baseline 0 -17"><span class='ocrx_word' id='word_1_442' title='bbox 1936 2972 2141 3034; x_wconf 88' lang='lat' dir='ltr'><strong>omnia,</strong></span> <span class='ocrx_word' id='word_1_443' title='bbox 2181 2973 2322 3039; x_wconf 90' lang='lat' dir='ltr'><strong>quad</strong></span> <span class='ocrx_word' id='word_1_444' title='bbox 2353 2971 2470 3037; x_wconf 89' lang='lat' dir='ltr'><strong>ejus</strong></span> <span class='ocrx_word' id='word_1_445' title='bbox 2507 2971 2620 3024; x_wconf 81' lang='lat' dir='ltr'><strong>fieri</strong></span> <span class='ocrx_word' id='word_1_446' title='bbox 2664 2981 2935 3040; x_wconf 88' lang='lat' dir='ltr'><strong>potuerat,</strong></span> <span class='ocrx_word' id='word_1_447' title='bbox 2970 2988 3088 3042; x_wconf 82' lang='lat' dir='ltr'><strong>qua:</strong></span> <span class='ocrx_word' id='word_1_448' title='bbox 3120 2973 3170 3026; x_wconf 91' lang='lat' dir='ltr'><strong>iu</strong></span> <span class='ocrx_word' id='word_1_449' title='bbox 3205 2981 3520 3027; x_wconf 85' lang='lat' dir='ltr'><strong>controver-</strong></span> 
     </span>
    </p>
   </div>
   <div class='ocr_carea' id='block_1_62' title="bbox 260 3052 1833 3142">
    <p class='ocr_par' dir='ltr' id='par_1_62' title="bbox 260 3052 1832 3131">
     <span class='ocr_line' id='line_1_62' title="bbox 260 3052 1832 3131; baseline 0.002 -19"><span class='ocrx_word' id='word_1_450' title='bbox 260 3060 689 3130; x_wconf 83' lang='grc' dir='ltr'>μεγαληγορίαν.</span> <span class='ocrx_word' id='word_1_451' title='bbox 775 3052 912 3112; x_wconf 77' lang='grc' dir='ltr'><strong>Εἶτα</strong></span> <span class='ocrx_word' id='word_1_452' title='bbox 961 3057 1265 3126; x_wconf 75' lang='grc' dir='ltr'>διελέγοντο</span> <span class='ocrx_word' id='word_1_453' title='bbox 1317 3057 1474 3122; x_wconf 79' lang='grc' dir='ltr'>αὖθις</span> <span class='ocrx_word' id='word_1_454' title='bbox 1537 3061 1665 3131; x_wconf 78' lang='grc' dir='ltr'>περὶ</span> <span class='ocrx_word' id='word_1_455' title='bbox 1723 3063 1832 3116; x_wconf 85' lang='grc' dir='ltr'><strong>τῶν</strong></span> 
     </span>
    </p>
   </div>
   <div class='ocr_carea' id='block_1_63' title="bbox 1938 3052 3518 3142">
    <p class='ocr_par' dir='ltr' id='par_1_63' title="bbox 1938 3062 3518 3134">
     <span class='ocr_line' id='line_1_63' title="bbox 1938 3062 3518 3134; baseline 0.001 -18"><span class='ocrx_word' id='word_1_456' title='bbox 1938 3062 2015 3116; x_wconf 87' lang='lat' dir='ltr'><strong>sia</strong></span> <span class='ocrx_word' id='word_1_457' title='bbox 2054 3063 2249 3125; x_wconf 79' lang='lat' dir='ltr'><strong>fuerat,</strong></span> <span class='ocrx_word' id='word_1_458' title='bbox 2313 3063 2614 3131; x_wconf 86' lang='lat' dir='ltr'><strong>composita</strong></span> <span class='ocrx_word' id='word_1_459' title='bbox 2645 3073 3034 3134; x_wconf 86' lang='lat' dir='ltr'><strong>transactaque</strong></span> <span class='ocrx_word' id='word_1_460' title='bbox 3074 3063 3518 3132; x_wconf 84' lang='lat' dir='ltr'><strong>erant,exccptis</strong></span> 
     </span>
    </p>
   </div>
   <div class='ocr_carea' id='block_1_64' title="bbox 253 3147 1832 3220">
    <p class='ocr_par' dir='ltr' id='par_1_64' title="bbox 253 3147 1832 3220">
     <span class='ocr_line' id='line_1_64' title="bbox 253 3147 1832 3220; baseline -0.001 -18"><span class='ocrx_word' id='word_1_461' title='bbox 253 3150 562 3220; x_wconf 73' lang='grc' dir='ltr'>πρακτέων.</span> <span class='ocrx_word' id='word_1_462' title='bbox 599 3149 854 3202; x_wconf 82' lang='grc' dir='ltr'>Ἀπαντα</span> <span class='ocrx_word' id='word_1_463' title='bbox 883 3147 982 3216; x_wconf 77' lang='grc' dir='ltr'>μὲν</span> <span class='ocrx_word' id='word_1_464' title='bbox 1011 3148 1142 3217; x_wconf 81' lang='grc' dir='ltr'>γὰρ,</span> <span class='ocrx_word' id='word_1_465' title='bbox 1171 3148 1245 3209; x_wconf 83' lang='grc' dir='ltr'>ὡς</span> <span class='ocrx_word' id='word_1_466' title='bbox 1281 3148 1429 3216; x_wconf 75' lang='grc' dir='ltr'>ἐνῆν,</span> <span class='ocrx_word' id='word_1_467' title='bbox 1467 3148 1745 3216; x_wconf 76' lang='grc' dir='ltr'>ἀμφίϐολα</span> <span class='ocrx_word' id='word_1_468' title='bbox 1774 3151 1832 3202; x_wconf 88' lang='grc' dir='ltr'>ὲν</span> 
     </span>
    </p>
   </div>
   <div class='ocr_carea' id='block_1_65' title="bbox 251 3235 1833 3310">
    <p class='ocr_par' dir='ltr' id='par_1_65' title="bbox 251 3235 1833 3310">
     <span class='ocr_line' id='line_1_65' title="bbox 251 3235 1833 3310; baseline 0.003 -20"><span class='ocrx_word' id='word_1_469' title='bbox 251 3243 512 3305; x_wconf 68' lang='grc' dir='ltr'>τάξεικαὶ</span> <span class='ocrx_word' id='word_1_470' title='bbox 547 3241 738 3310; x_wconf 81' lang='grc' dir='ltr'>κόσμῳ</span> <span class='ocrx_word' id='word_1_471' title='bbox 774 3239 1146 3308; x_wconf 71' lang='grc' dir='ltr'>καθειστήκει.</span> <span class='ocrx_word' id='word_1_472' title='bbox 1172 3239 1254 3291; x_wconf 86' lang='grc' dir='ltr'><strong>Τὰ</strong></span> <span class='ocrx_word' id='word_1_473' title='bbox 1277 3235 1369 3292; x_wconf 76' lang='grc' dir='ltr'><strong>οὖν</strong></span> <span class='ocrx_word' id='word_1_474' title='bbox 1397 3241 1523 3308; x_wconf 74' lang='grc' dir='ltr'>περὶ</span> <span class='ocrx_word' id='word_1_475' title='bbox 1574 3241 1833 3294; x_wconf 78' lang='grc' dir='ltr'>Σουανίαν</span> 
     </span>
    </p>
   </div>
   <div class='ocr_carea' id='block_1_66' title="bbox 253 3330 1832 3402">
    <p class='ocr_par' dir='ltr' id='par_1_66' title="bbox 253 3330 1832 3402">
     <span class='ocr_line' id='line_1_66' title="bbox 253 3330 1832 3402; baseline 0 -16"><span class='ocrx_word' id='word_1_476' title='bbox 253 3333 334 3387; x_wconf 71' lang='grc' dir='ltr'>ἔτι</span> <span class='ocrx_word' id='word_1_477' title='bbox 380 3336 437 3385; x_wconf 79' lang='grc' dir='ltr'>ἐν</span> <span class='ocrx_word' id='word_1_478' title='bbox 496 3332 756 3402; x_wconf 81' lang='grc' dir='ltr'>μετεώρῳ</span> <span class='ocrx_word' id='word_1_479' title='bbox 817 3332 1069 3401; x_wconf 79' lang='grc' dir='ltr'>ὑπῆρχε,</span> <span class='ocrx_word' id='word_1_480' title='bbox 1126 3332 1221 3383; x_wconf 67' lang='grc' dir='ltr'>καὶ</span> <span class='ocrx_word' id='word_1_481' title='bbox 1277 3330 1635 3385; x_wconf 83' lang='grc' dir='ltr'>ὑπελέλειπτό</span> <span class='ocrx_word' id='word_1_482' title='bbox 1679 3349 1832 3401; x_wconf 81' lang='grc' dir='ltr'>σφισι</span> 
     </span>
    </p>
   </div>
   <div class='ocr_carea' id='block_1_67' title="bbox 257 3417 1828 3496">
    <p class='ocr_par' dir='ltr' id='par_1_67' title="bbox 257 3417 1828 3496">
     <span class='ocr_line' id='line_1_67' title="bbox 257 3417 1828 3496; baseline 0.001 -19"><span class='ocrx_word' id='word_1_483' title='bbox 257 3427 389 3493; x_wconf 81' lang='grc' dir='ltr'>μόνα</span> <span class='ocrx_word' id='word_1_484' title='bbox 425 3427 469 3457; x_wconf 86' lang='grc'><strong>⁶⁶</strong></span> <span class='ocrx_word' id='word_1_485' title='bbox 499 3425 585 3478; x_wconf 75' lang='grc' dir='ltr'><strong>ἐπ’</strong></span> <span class='ocrx_word' id='word_1_486' title='bbox 614 3425 922 3494; x_wconf 59' lang='grc' dir='ltr'>ἀμφιϐόλῳ.</span> <span class='ocrx_word' id='word_1_487' title='bbox 981 3424 1071 3494; x_wconf 82' lang='grc' dir='ltr'><strong>Τῷ</strong></span> <span class='ocrx_word' id='word_1_488' title='bbox 1117 3441 1200 3477; x_wconf 74' lang='grc' dir='ltr'><strong>τοι</strong></span> <span class='ocrx_word' id='word_1_489' title='bbox 1248 3424 1430 3490; x_wconf 75' lang='grc' dir='ltr'>ἔλεξεν</span> <span class='ocrx_word' id='word_1_490' title='bbox 1465 3417 1569 3480; x_wconf 83' lang='grc' dir='ltr'>ὧδε</span> <span class='ocrx_word' id='word_1_491' title='bbox 1605 3426 1828 3496; x_wconf 73' lang='grc' dir='ltr'>Πέτροςσ</span> 
     </span>
    </p>
   </div>
   <div class='ocr_carea' id='block_1_68' title="bbox 261 3517 1830 3588">
    <p class='ocr_par' dir='ltr' id='par_1_68' title="bbox 261 3517 1830 3588">
     <span class='ocr_line' id='line_1_68' title="bbox 261 3517 1830 3588; baseline 0.003 -19"><span class='ocrx_word' id='word_1_492' title='bbox 261 3519 578 3570; x_wconf 79' lang='grc' dir='ltr'>«Πλείστων</span> <span class='ocrx_word' id='word_1_493' title='bbox 631 3517 869 3570; x_wconf 76' lang='grc' dir='ltr'>ἐπαίνων</span> <span class='ocrx_word' id='word_1_494' title='bbox 920 3517 1070 3580; x_wconf 76' lang='grc' dir='ltr'>ἄξιός</span> <span class='ocrx_word' id='word_1_495' title='bbox 1129 3521 1276 3570; x_wconf 74' lang='grc' dir='ltr'>ἐστιν</span> <span class='ocrx_word' id='word_1_496' title='bbox 1339 3517 1501 3588; x_wconf 82' lang='grc' dir='ltr'>ἀνὴρ,</span> <span class='ocrx_word' id='word_1_497' title='bbox 1549 3519 1607 3580; x_wconf 84' lang='grc' dir='ltr'>ὃς</span> <span class='ocrx_word' id='word_1_498' title='bbox 1649 3518 1830 3573; x_wconf 84' lang='grc' dir='ltr'>τέλεια</span> 
     </span>
    </p>
   </div>
   <div class='ocr_carea' id='block_1_69' title="bbox 258 3607 1830 3680">
    <p class='ocr_par' dir='ltr' id='par_1_69' title="bbox 258 3607 1830 3680">
     <span class='ocr_line' id='line_1_69' title="bbox 258 3607 1830 3680; baseline 0.003 -20"><span class='ocrx_word' id='word_1_499' title='bbox 258 3608 641 3676; x_wconf 81' lang='grc' dir='ltr'>βουλευόμενος</span> <span class='ocrx_word' id='word_1_500' title='bbox 671 3607 875 3660; x_wconf 85' lang='grc' dir='ltr'>τέλειον</span> <span class='ocrx_word' id='word_1_501' title='bbox 908 3609 1160 3677; x_wconf 79' lang='grc' dir='ltr'>ὲπιθήσοι</span> <span class='ocrx_word' id='word_1_502' title='bbox 1204 3613 1325 3672; x_wconf 86' lang='grc' dir='ltr'>ταῖς</span> <span class='ocrx_word' id='word_1_503' title='bbox 1375 3610 1605 3680; x_wconf 72' lang='grc' dir='ltr'>πράξεσι</span> <span class='ocrx_word' id='word_1_504' title='bbox 1631 3611 1692 3663; x_wconf 77' lang='grc' dir='ltr'><strong>τὸ</strong></span> <span class='ocrx_word' id='word_1_505' title='bbox 1727 3612 1830 3666; x_wconf 83' lang='grc' dir='ltr'>πέ-</span> 
     </span>
    </p>
   </div>
   <div class='ocr_carea' id='block_1_70' title="bbox 259 3698 1831 3771">
    <p class='ocr_par' dir='ltr' id='par_1_70' title="bbox 259 3698 1831 3771">
     <span class='ocr_line' id='line_1_70' title="bbox 259 3698 1831 3771; baseline 0.003 -21"><span class='ocrx_word' id='word_1_506' title='bbox 259 3715 376 3768; x_wconf 81' lang='grc' dir='ltr'>ρας.</span> <span class='ocrx_word' id='word_1_507' title='bbox 419 3699 482 3750; x_wconf 79' lang='lat' dir='ltr'><strong>Et</strong></span> <span class='ocrx_word' id='word_1_508' title='bbox 515 3699 618 3768; x_wconf 76' lang='grc' dir='ltr'>γὰρ</span> <span class='ocrx_word' id='word_1_509' title='bbox 649 3698 883 3750; x_wconf 67' lang='grc' dir='ltr'>ἐλλείπει</span> <span class='ocrx_word' id='word_1_510' title='bbox 910 3715 962 3750; x_wconf 89' lang='grc' dir='ltr'><strong>τι</strong></span> <span class='ocrx_word' id='word_1_511' title='bbox 997 3699 1106 3749; x_wconf 81' lang='grc' dir='ltr'><strong>τῶν</strong></span> <span class='ocrx_word' id='word_1_512' title='bbox 1142 3700 1392 3762; x_wconf 86' lang='grc' dir='ltr'>δεόντων,</span> <span class='ocrx_word' id='word_1_513' title='bbox 1429 3701 1650 3764; x_wconf 80' lang='grc' dir='ltr'>ἐλλιπὲς</span> <span class='ocrx_word' id='word_1_514' title='bbox 1675 3699 1831 3771; x_wconf 68' lang='grc' dir='ltr'>οἶμαι</span> 
     </span>
    </p>
   </div>
   <div class='ocr_carea' id='block_1_71' title="bbox 255 3789 1830 3862">
    <p class='ocr_par' dir='ltr' id='par_1_71' title="bbox 255 3789 1830 3862">
     <span class='ocr_line' id='line_1_71' title="bbox 255 3789 1830 3862; baseline 0 -18"><span class='ocrx_word' id='word_1_515' title='bbox 255 3791 350 3845; x_wconf 71' lang='grc' dir='ltr'><strong>καὶ</strong></span> <span class='ocrx_word' id='word_1_516' title='bbox 402 3789 481 3859; x_wconf 79' lang='grc' dir='ltr'>τῷ</span> <span class='ocrx_word' id='word_1_517' title='bbox 534 3789 904 3860; x_wconf 71' lang='grc' dir='ltr'>βουλευομένῳ</span> <span class='ocrx_word' id='word_1_518' title='bbox 953 3792 1227 3860; x_wconf 74' lang='grc' dir='ltr'>φρόνημα.</span> <span class='ocrx_word' id='word_1_519' title='bbox 1293 3793 1406 3844; x_wconf 76' lang='grc' dir='ltr'><strong>Οὐκ</strong></span> <span class='ocrx_word' id='word_1_520' title='bbox 1456 3794 1578 3862; x_wconf 87' lang='grc' dir='ltr'>είκῆ</span> <span class='ocrx_word' id='word_1_521' title='bbox 1631 3793 1688 3845; x_wconf 73' lang='grc' dir='ltr'>δὲ</span> <span class='ocrx_word' id='word_1_522' title='bbox 1737 3794 1830 3847; x_wconf 69' lang='grc' dir='ltr'><strong>καὶ</strong></span> 
     </span>
    </p>
   </div>
   <div class='ocr_carea' id='block_1_72' title="bbox 260 3881 1833 3955">
    <p class='ocr_par' dir='ltr' id='par_1_72' title="bbox 260 3881 1833 3955">
     <span class='ocr_line' id='line_1_72' title="bbox 260 3881 1833 3955; baseline 0.002 -21"><span class='ocrx_word' id='word_1_523' title='bbox 260 3882 436 3951; x_wconf 80' lang='grc' dir='ltr'>μάτην</span> <span class='ocrx_word' id='word_1_524' title='bbox 467 3882 682 3951; x_wconf 72' lang='grc' dir='ltr'>εἴρηται</span> <span class='ocrx_word' id='word_1_525' title='bbox 721 3881 816 3933; x_wconf 82' lang='grc' dir='ltr'>νῦν</span> <span class='ocrx_word' id='word_1_526' title='bbox 844 3883 975 3952; x_wconf 77' lang='grc' dir='ltr'>ἡμῖν</span> <span class='ocrx_word' id='word_1_527' title='bbox 1010 3885 1038 3934; x_wconf 88' lang='lat'><strong>6</strong></span> <span class='ocrx_word' id='word_1_528' title='bbox 1085 3883 1237 3949; x_wconf 74' lang='grc' dir='ltr'>λόγος</span> <span class='ocrx_word' id='word_1_529' title='bbox 1258 3901 1272 3914; x_wconf 89' lang='grc'><strong>·</strong></span> <span class='ocrx_word' id='word_1_530' title='bbox 1324 3883 1458 3952; x_wconf 62' lang='grc' dir='ltr'>πρὸς</span> <span class='ocrx_word' id='word_1_531' title='bbox 1492 3885 1551 3936; x_wconf 79' lang='grc' dir='ltr'>σὲ</span> <span class='ocrx_word' id='word_1_532' title='bbox 1583 3885 1640 3936; x_wconf 75' lang='grc' dir='ltr'>δὲ</span> <span class='ocrx_word' id='word_1_533' title='bbox 1674 3885 1833 3955; x_wconf 86' lang='grc' dir='ltr'>φερό-</span> 
     </span>
    </p>
   </div>
   <div class='ocr_carea' id='block_1_73' title="bbox 259 3959 1831 4042">
    <p class='ocr_par' dir='ltr' id='par_1_73' title="bbox 259 3959 1831 4042">
     <span class='ocr_line' id='line_1_73' title="bbox 259 3959 1831 4042; baseline 0.003 -17"><span class='ocrx_word' id='word_1_534' title='bbox 259 3989 440 4042; x_wconf 85' lang='grc' dir='ltr'>μενος,</span> <span class='ocrx_word' id='word_1_535' title='bbox 474 3967 519 4024; x_wconf 85' lang='grc' dir='ltr'><strong>ὧ</strong></span> <span class='ocrx_word' id='word_1_536' title='bbox 559 3974 676 4041; x_wconf 64' lang='grc' dir='ltr'><strong>Ζὶχ,</strong></span> <span class='ocrx_word' id='word_1_537' title='bbox 727 3972 1018 4042; x_wconf 83' lang='grc' dir='ltr'>Ῥωμαίοις</span> <span class='ocrx_word' id='word_1_538' title='bbox 1044 3989 1103 4025; x_wconf 85' lang='grc' dir='ltr'><strong>τε</strong></span> <span class='ocrx_word' id='word_1_539' title='bbox 1146 3973 1240 4025; x_wconf 78' lang='grc' dir='ltr'>καὶ</span> <span class='ocrx_word' id='word_1_540' title='bbox 1271 3959 1506 4042; x_wconf 80' lang='grc' dir='ltr'>Πέρσαὶς</span> <span class='ocrx_word' id='word_1_541' title='bbox 1535 3976 1831 4041; x_wconf 81' lang='grc' dir='ltr'>φανήσεται</span> 
     </span>
    </p>
   </div>
   <div class='ocr_carea' id='block_1_74' title="bbox 254 4061 1832 4134">
    <p class='ocr_par' dir='ltr' id='par_1_74' title="bbox 254 4061 1832 4134">
     <span class='ocr_line' id='line_1_74' title="bbox 254 4061 1832 4134; baseline 0.003 -21"><span class='ocrx_word' id='word_1_542' title='bbox 254 4062 712 4132; x_wconf 84' lang='grc' dir='ltr'>λυσιτελέστερος.</span> <span class='ocrx_word' id='word_1_543' title='bbox 747 4062 973 4131; x_wconf 76' lang='grc' dir='ltr'>Εἴποιμι</span> <span class='ocrx_word' id='word_1_544' title='bbox 999 4062 1056 4115; x_wconf 76' lang='grc' dir='ltr'><strong>δέ</strong></span> <span class='ocrx_word' id='word_1_545' title='bbox 1082 4079 1199 4126; x_wconf 88' lang='grc' dir='ltr'><strong>πως</strong></span> <span class='ocrx_word' id='word_1_546' title='bbox 1231 4061 1631 4134; x_wconf 82' lang='grc' dir='ltr'>φανερώτερον.</span> <span class='ocrx_word' id='word_1_547' title='bbox 1665 4065 1832 4118; x_wconf 84' lang='grc' dir='ltr'>Σουα-</span> 
     </span>
    </p>
   </div>
   <div class='ocr_carea' id='block_1_75' title="bbox 254 4151 1825 4224">
    <p class='ocr_par' dir='ltr' id='par_1_75' title="bbox 254 4151 1825 4224">
     <span class='ocr_line' id='line_1_75' title="bbox 254 4151 1825 4224; baseline 0.001 -15"><span class='ocrx_word' id='word_1_548' title='bbox 254 4155 342 4209; x_wconf 82' lang='grc' dir='ltr'><strong>νία</strong></span> <span class='ocrx_word' id='word_1_549' title='bbox 401 4153 692 4222; x_wconf 88' lang='grc' dir='ltr'>Ῥωμαίοις</span> <span class='ocrx_word' id='word_1_550' title='bbox 716 4154 949 4224; x_wconf 72' lang='grc' dir='ltr'>ὑπῆρχε,</span> <span class='ocrx_word' id='word_1_551' title='bbox 991 4155 1085 4206; x_wconf 79' lang='grc' dir='ltr'>καὶ</span> <span class='ocrx_word' id='word_1_552' title='bbox 1123 4151 1386 4222; x_wconf 83' lang='grc' dir='ltr'>Ῥωμαῖοι</span> <span class='ocrx_word' id='word_1_553' title='bbox 1413 4152 1668 4218; x_wconf 82' lang='grc' dir='ltr'>Σούάνοις</span> <span class='ocrx_word' id='word_1_554' title='bbox 1701 4157 1825 4210; x_wconf 80' lang='grc' dir='ltr'><strong>ἐκέ-</strong></span> 
     </span>
    </p>
   </div>
   <div class='ocr_carea' id='block_1_76' title="bbox 255 4237 1829 4318">
    <p class='ocr_par' dir='ltr' id='par_1_76' title="bbox 255 4237 1829 4318">
     <span class='ocr_line' id='line_1_76' title="bbox 255 4237 1829 4318; baseline 0.001 -19"><span class='ocrx_word' id='word_1_555' title='bbox 255 4248 430 4300; x_wconf 87' lang='grc' dir='ltr'>λευον.</span> <span class='ocrx_word' id='word_1_556' title='bbox 495 4237 710 4316; x_wconf 78' lang='grc' dir='ltr'>Ἆμέλει</span> <span class='ocrx_word' id='word_1_557' title='bbox 757 4246 986 4311; x_wconf 79' lang='grc' dir='ltr'>Τζαθίου</span> <span class='ocrx_word' id='word_1_558' title='bbox 1020 4246 1270 4299; x_wconf 76' lang='grc' dir='ltr'>Σουὰνων</span> <span class='ocrx_word' id='word_1_559' title='bbox 1313 4246 1678 4318; x_wconf 74' lang='grc' dir='ltr'>ἐξηγουμένου</span> <span class='ocrx_word' id='word_1_560' title='bbox 1709 4251 1829 4302; x_wconf 80' lang='grc' dir='ltr'>Δεί-</span> 
     </span>
    </p>
   </div>
   <div class='ocr_carea' id='block_1_77' title="bbox 252 4337 1830 4409">
    <p class='ocr_par' dir='ltr' id='par_1_77' title="bbox 252 4337 1830 4409">
     <span class='ocr_line' id='line_1_77' title="bbox 252 4337 1830 4409; baseline 0.002 -17"><span class='ocrx_word' id='word_1_561' title='bbox 252 4341 414 4402; x_wconf 77' lang='grc' dir='ltr'>τατός</span> <span class='ocrx_word' id='word_1_562' title='bbox 447 4340 488 4370; x_wconf 78' lang='grc'><strong>⁸³</strong></span> <span class='ocrx_word' id='word_1_563' title='bbox 519 4357 604 4402; x_wconf 87' lang='grc' dir='ltr'><strong>τις</strong></span> <span class='ocrx_word' id='word_1_564' title='bbox 644 4340 916 4408; x_wconf 79' lang='grc' dir='ltr'>Ῥωμαῖος</span> <span class='ocrx_word' id='word_1_565' title='bbox 946 4339 1084 4408; x_wconf 74' lang='grc' dir='ltr'>ἀνὴρ</span> <span class='ocrx_word' id='word_1_566' title='bbox 1123 4337 1236 4391; x_wconf 81' lang='grc' dir='ltr'><strong>τῶν</strong></span> <span class='ocrx_word' id='word_1_567' title='bbox 1274 4341 1456 4392; x_wconf 82' lang='grc' dir='ltr'>ἐκεῖσε</span> <span class='ocrx_word' id='word_1_568' title='bbox 1501 4339 1830 4409; x_wconf 80' lang='grc' dir='ltr'>Ῥωμαϊκῶν</span> 
     </span>
    </p>
   </div>
   <div class='ocr_carea' id='block_1_78' title="bbox 255 4431 1265 4501">
    <p class='ocr_par' dir='ltr' id='par_1_78' title="bbox 255 4431 1265 4501">
     <span class='ocr_line' id='line_1_78' title="bbox 255 4431 1265 4501; baseline -0.006 -14"><span class='ocrx_word' id='word_1_569' title='bbox 255 4434 570 4497; x_wconf 74' lang='grc' dir='ltr'>καταλόγων</span> <span class='ocrx_word' id='word_1_570' title='bbox 627 4431 890 4501; x_wconf 81' lang='grc' dir='ltr'>ἐτύγχανε</span> <span class='ocrx_word' id='word_1_571' title='bbox 941 4431 1265 4498; x_wconf 81' lang='grc' dir='ltr'>προεστώς·</span> 
     </span>
    </p>
   </div>
   <div class='ocr_carea' id='block_1_79' title="bbox 255 4525 1832 4596">
    <p class='ocr_par' dir='ltr' id='par_1_79' title="bbox 255 4525 1832 4596">
     <span class='ocr_line' id='line_1_79' title="bbox 255 4525 1832 4596; baseline -0.003 -14"><span class='ocrx_word' id='word_1_572' title='bbox 255 4547 399 4592; x_wconf 77' lang='grc' dir='ltr'>τινες</span> <span class='ocrx_word' id='word_1_573' title='bbox 444 4530 726 4596; x_wconf 73' lang='grc' dir='ltr'>Ῥωμαίων</span> <span class='ocrx_word' id='word_1_574' title='bbox 777 4530 834 4578; x_wconf 82' lang='grc' dir='ltr'>ἐν</span> <span class='ocrx_word' id='word_1_575' title='bbox 868 4526 1122 4587; x_wconf 79' lang='grc' dir='ltr'>Σουὰνοις</span> <span class='ocrx_word' id='word_1_576' title='bbox 1177 4525 1453 4580; x_wconf 76' lang='grc' dir='ltr'>ἐποιοῦντο</span> <span class='ocrx_word' id='word_1_577' title='bbox 1491 4525 1590 4590; x_wconf 86' lang='grc' dir='ltr'>τὰς</span> <span class='ocrx_word' id='word_1_578' title='bbox 1623 4525 1832 4594; x_wconf 84' lang='grc' dir='ltr'>διατρ.-</span> 
     </span>
    </p>
   </div>
   <div class='ocr_carea' id='block_1_80' title="bbox 259 4617 1829 4687">
    <p class='ocr_par' dir='ltr' id='par_1_80' title="bbox 259 4617 1829 4687">
     <span class='ocr_line' id='line_1_80' title="bbox 259 4617 1829 4687; baseline -0.001 -16"><span class='ocrx_word' id='word_1_579' title='bbox 259 4625 374 4684; x_wconf 63' lang='grc' dir='ltr'><strong>εὶς.</strong></span> <span class='ocrx_word' id='word_1_580' title='bbox 441 4620 770 4686; x_wconf 84' lang='grc' dir='ltr'>Δυσμενείας</span> <span class='ocrx_word' id='word_1_581' title='bbox 829 4619 884 4672; x_wconf 80' lang='grc' dir='ltr'><strong>δέ</strong></span> <span class='ocrx_word' id='word_1_582' title='bbox 934 4635 1080 4680; x_wconf 86' lang='grc' dir='ltr'>τινος</span> <span class='ocrx_word' id='word_1_583' title='bbox 1127 4619 1171 4649; x_wconf 77' lang='grc'><strong>⁵³</strong></span> <span class='ocrx_word' id='word_1_584' title='bbox 1218 4658 1231 4672; x_wconf 88' lang='grc'><strong>.</strong></span> <span class='ocrx_word' id='word_1_585' title='bbox 1275 4655 1290 4670; x_wconf 93' lang='grc'><strong>.</strong></span> <span class='ocrx_word' id='word_1_586' title='bbox 1340 4657 1353 4670; x_wconf 94' lang='grc'><strong>.</strong></span> <span class='ocrx_word' id='word_1_587' title='bbox 1397 4656 1412 4672; x_wconf 93' lang='grc'><strong>.</strong></span> <span class='ocrx_word' id='word_1_588' title='bbox 1468 4618 1669 4687; x_wconf 75' lang='grc' dir='ltr'>μεταξὺ</span> <span class='ocrx_word' id='word_1_589' title='bbox 1734 4617 1829 4670; x_wconf 79' lang='grc' dir='ltr'><strong>τοῦ</strong></span> 
     </span>
    </p>
   </div>
   <div class='ocr_carea' id='block_1_81' title="bbox 257 4705 1830 4780">
    <p class='ocr_par' dir='ltr' id='par_1_81' title="bbox 257 4705 1830 4780">
     <span class='ocr_line' id='line_1_81' title="bbox 257 4705 1830 4780; baseline -0.006 -13"><span class='ocrx_word' id='word_1_590' title='bbox 257 4713 448 4776; x_wconf 51' lang='grc' dir='ltr'>Λαζῶν</span> <span class='ocrx_word' id='word_1_591' title='bbox 481 4710 747 4780; x_wconf 72' lang='grc' dir='ltr'>βασιλέως</span> <span class='ocrx_word' id='word_1_592' title='bbox 788 4712 875 4760; x_wconf 69' lang='grc' dir='ltr'><strong>καὶ</strong></span> <span class='ocrx_word' id='word_1_593' title='bbox 910 4706 1185 4777; x_wconf 82' lang='grc' dir='ltr'>Μαρτίνου</span> <span class='ocrx_word' id='word_1_594' title='bbox 1221 4705 1315 4756; x_wconf 83' lang='grc' dir='ltr'><strong>τοῦ</strong></span> <span class='ocrx_word' id='word_1_595' title='bbox 1358 4706 1631 4774; x_wconf 86' lang='grc' dir='ltr'>Ῥωμαίου</span> <span class='ocrx_word' id='word_1_596' title='bbox 1683 4723 1830 4775; x_wconf 79' lang='grc' dir='ltr'>τηνιο</span> 
     </span>
    </p>
   </div>
   <div class='ocr_carea' id='block_1_82' title="bbox 258 4796 1831 4870">
    <p class='ocr_par' dir='ltr' id='par_1_82' title="bbox 258 4796 1831 4870">
     <span class='ocr_line' id='line_1_82' title="bbox 258 4796 1831 4870; baseline -0.006 -14"><span class='ocrx_word' id='word_1_597' title='bbox 258 4804 436 4858; x_wconf 74' lang='grc' dir='ltr'>καῦτα</span> <span class='ocrx_word' id='word_1_598' title='bbox 468 4806 644 4856; x_wconf 83' lang='grc' dir='ltr'>ἐκεῖσε</span> <span class='ocrx_word' id='word_1_599' title='bbox 671 4798 1125 4870; x_wconf 77' lang='grc' dir='ltr'>στρατηγοῦντος,</span> <span class='ocrx_word' id='word_1_600' title='bbox 1156 4796 1346 4848; x_wconf 85' lang='grc' dir='ltr'>τούτου</span> <span class='ocrx_word' id='word_1_601' title='bbox 1373 4796 1537 4848; x_wconf 77' lang='grc' dir='ltr'>ἓνεκα</span> <span class='ocrx_word' id='word_1_602' title='bbox 1565 4798 1592 4848; x_wconf 88' lang='lat'><strong>6</strong></span> <span class='ocrx_word' id='word_1_603' title='bbox 1623 4796 1831 4866; x_wconf 81' lang='grc' dir='ltr'>Κόλχος</span> 
     </span>
    </p>
   </div>
   <div class='ocr_carea' id='block_1_83' title="bbox 257 4887 1830 4956">
    <p class='ocr_par' dir='ltr' id='par_1_83' title="bbox 257 4887 1830 4956">
     <span class='ocr_line' id='line_1_83' title="bbox 257 4887 1830 4956; baseline -0.004 -9"><span class='ocrx_word' id='word_1_604' title='bbox 257 4897 354 4948; x_wconf 61' lang='grc' dir='ltr'>οὒκ</span> <span class='ocrx_word' id='word_1_605' title='bbox 387 4892 672 4946; x_wconf 75' lang='grc' dir='ltr'>ἀπέστειλε</span> <span class='ocrx_word' id='word_1_606' title='bbox 705 4891 960 4950; x_wconf 81' lang='grc' dir='ltr'>Σουάνοις</span> <span class='ocrx_word' id='word_1_607' title='bbox 989 4888 1050 4939; x_wconf 78' lang='grc' dir='ltr'>τὸ</span> <span class='ocrx_word' id='word_1_608' title='bbox 1079 4887 1305 4956; x_wconf 86' lang='grc' dir='ltr'>σύνηθες</span> <span class='ocrx_word' id='word_1_609' title='bbox 1338 4889 1646 4956; x_wconf 78' lang='grc' dir='ltr'>σιτηρέσιον</span> <span class='ocrx_word' id='word_1_610' title='bbox 1667 4903 1680 4917; x_wconf 79' lang='grc'><strong><em>⁸</em></strong></span> <span class='ocrx_word' id='word_1_611' title='bbox 1711 4888 1830 4950; x_wconf 77' lang='grc' dir='ltr'>ἔθος</span> 
     </span>
    </p>
   </div>
   <div class='ocr_carea' id='block_1_84' title="bbox 257 4977 1831 5058">
    <p class='ocr_par' dir='ltr' id='par_1_84' title="bbox 257 4977 1831 5058">
     <span class='ocr_line' id='line_1_84' title="bbox 257 4977 1831 5058; baseline -0.006 -19"><span class='ocrx_word' id='word_1_612' title='bbox 257 4989 366 5058; x_wconf 69' lang='grc' dir='ltr'><strong>γὰρ</strong></span> <span class='ocrx_word' id='word_1_613' title='bbox 406 4985 721 5055; x_wconf 83' lang='grc' dir='ltr'>πέμπεσθαι</span> <span class='ocrx_word' id='word_1_614' title='bbox 770 4985 912 5034; x_wconf 84' lang='grc' dir='ltr'>σῖτον</span> <span class='ocrx_word' id='word_1_615' title='bbox 937 4982 1000 5032; x_wconf 82' lang='grc' dir='ltr'><strong>ἐκ</strong></span> <span class='ocrx_word' id='word_1_616' title='bbox 1027 4978 1120 5030; x_wconf 74' lang='grc' dir='ltr'>τοῦ</span> <span class='ocrx_word' id='word_1_617' title='bbox 1151 4978 1374 5048; x_wconf 81' lang='grc' dir='ltr'>Κόλχων</span> <span class='ocrx_word' id='word_1_618' title='bbox 1409 4977 1691 5046; x_wconf 78' lang='grc' dir='ltr'>βασιλέως.</span> <span class='ocrx_word' id='word_1_619' title='bbox 1741 4978 1831 5030; x_wconf 79' lang='grc' dir='ltr'><strong>Διὸ</strong></span> 
     </span>
    </p>
   </div>
   <div class='ocr_carea' id='block_1_85' title="bbox 256 5067 1832 5144">
    <p class='ocr_par' dir='ltr' id='par_1_85' title="bbox 256 5067 1832 5144">
     <span class='ocr_line' id='line_1_85' title="bbox 256 5067 1832 5144; baseline -0.006 -15"><span class='ocrx_word' id='word_1_620' title='bbox 256 5073 778 5144; x_wconf 82' lang='grc' dir='ltr'>δυσανασχετοῦντες</span> <span class='ocrx_word' id='word_1_621' title='bbox 842 5073 889 5122; x_wconf 82' lang='grc' dir='ltr'>οξ</span> <span class='ocrx_word' id='word_1_622' title='bbox 946 5069 1167 5122; x_wconf 81' lang='grc' dir='ltr'>Σουάνοι</span> <span class='ocrx_word' id='word_1_623' title='bbox 1201 5068 1271 5098; x_wconf 73' lang='grc'><strong>’⁸³</strong></span> <span class='ocrx_word' id='word_1_624' title='bbox 1322 5067 1399 5138; x_wconf 80' lang='grc' dir='ltr'>τῷ</span> <span class='ocrx_word' id='word_1_625' title='bbox 1458 5067 1566 5118; x_wconf 85' lang='grc' dir='ltr'><strong>τῶν</strong></span> <span class='ocrx_word' id='word_1_626' title='bbox 1619 5083 1832 5136; x_wconf 84' lang='grc' dir='ltr'>νενομι-</span> 
     </span>
    </p>
   </div>
   <div class='ocr_carea' id='block_1_86' title="bbox 260 5161 1832 5238">
    <p class='ocr_par' dir='ltr' id='par_1_86' title="bbox 260 5161 1832 5238">
     <span class='ocr_line' id='line_1_86' title="bbox 260 5161 1832 5238; baseline -0.007 -15"><span class='ocrx_word' id='word_1_627' title='bbox 260 5170 473 5238; x_wconf 81' lang='grc' dir='ltr'>σμένων</span> <span class='ocrx_word' id='word_1_628' title='bbox 513 5165 844 5236; x_wconf 77' lang='grc' dir='ltr'>στερηθῆναι</span> <span class='ocrx_word' id='word_1_629' title='bbox 877 5164 949 5228; x_wconf 70' lang='grc'><strong>⁸⁵,</strong></span> <span class='ocrx_word' id='word_1_630' title='bbox 999 5161 1297 5230; x_wconf 79' lang='grc' dir='ltr'>κατάδηλον</span> <span class='ocrx_word' id='word_1_631' title='bbox 1331 5162 1658 5230; x_wconf 79' lang='grc' dir='ltr'>ἐποιήσαντο</span> <span class='ocrx_word' id='word_1_632' title='bbox 1689 5161 1832 5228; x_wconf 86' lang='grc' dir='ltr'>Πέρ-</span> 
     </span>
    </p>
   </div>
   <div class='ocr_carea' id='block_1_87' title="bbox 261 5252 1831 5330">
    <p class='ocr_par' dir='ltr' id='par_1_87' title="bbox 261 5252 1831 5330">
     <span class='ocr_line' id='line_1_87' title="bbox 261 5252 1831 5330; baseline -0.009 -14"><span class='ocrx_word' id='word_1_633' title='bbox 261 5279 402 5326; x_wconf 78' lang='grc' dir='ltr'>σαις,</span> <span class='ocrx_word' id='word_1_634' title='bbox 435 5261 531 5326; x_wconf 84' lang='grc' dir='ltr'>ὡς,</span> <span class='ocrx_word' id='word_1_635' title='bbox 569 5263 617 5314; x_wconf 87' lang='grc' dir='ltr'>εξ</span> <span class='ocrx_word' id='word_1_636' title='bbox 651 5264 964 5330; x_wconf 73' lang='grc' dir='ltr'>γενήσοιντο</span> <span class='ocrx_word' id='word_1_637' title='bbox 995 5253 1181 5319; x_wconf 82' lang='grc' dir='ltr'>αύτοῦ,</span> <span class='ocrx_word' id='word_1_638' title='bbox 1219 5253 1478 5306; x_wconf 86' lang='grc' dir='ltr'>Σουανίαν</span> <span class='ocrx_word' id='word_1_639' title='bbox 1518 5252 1564 5286; x_wconf 82' lang='grc'><strong><em>⁸⁸</em></strong></span> <span class='ocrx_word' id='word_1_640' title='bbox 1592 5252 1831 5322; x_wconf 77' lang='grc' dir='ltr'>ἐγχειρί-</span> 
     </span>
    </p>
   </div>
   <div class='ocr_carea' id='block_1_88' title="bbox 1935 3151 3518 3223">
    <p class='ocr_par' dir='ltr' id='par_1_88' title="bbox 1935 3151 3518 3223">
     <span class='ocr_line' id='line_1_88' title="bbox 1935 3151 3518 3223; baseline 0 -19"><span class='ocrx_word' id='word_1_641' title='bbox 1935 3166 2057 3220; x_wconf 70' lang='lat' dir='ltr'><strong>quae</strong></span> <span class='ocrx_word' id='word_1_642' title='bbox 2089 3153 2156 3205; x_wconf 90' lang='lat' dir='ltr'><strong>ad</strong></span> <span class='ocrx_word' id='word_1_643' title='bbox 2194 3151 2450 3205; x_wconf 88' lang='lat' dir='ltr'><strong>Suaniam</strong></span> <span class='ocrx_word' id='word_1_644' title='bbox 2484 3154 2846 3221; x_wconf 85' lang='lat' dir='ltr'><strong>pertinebant,</strong></span> <span class='ocrx_word' id='word_1_645' title='bbox 2888 3170 3009 3223; x_wconf 73' lang='lat' dir='ltr'><strong>quae</strong></span> <span class='ocrx_word' id='word_1_646' title='bbox 3042 3155 3150 3209; x_wconf 89' lang='lat' dir='ltr'><strong>sola</strong></span> <span class='ocrx_word' id='word_1_647' title='bbox 3172 3157 3223 3208; x_wconf 95' lang='lat' dir='ltr'><strong>in</strong></span> <span class='ocrx_word' id='word_1_648' title='bbox 3249 3169 3518 3222; x_wconf 85' lang='lat' dir='ltr'><strong>suspenso</strong></span> 
     </span>
    </p>
   </div>
   <div class='ocr_carea' id='block_1_89' title="bbox 1935 3245 3516 3315">
    <p class='ocr_par' dir='ltr' id='par_1_89' title="bbox 1935 3245 3516 3315">
     <span class='ocr_line' id='line_1_89' title="bbox 1935 3245 3516 3315; baseline 0 -17"><span class='ocrx_word' id='word_1_649' title='bbox 1935 3245 2110 3299; x_wconf 85' lang='lat' dir='ltr'><strong>adhuc</strong></span> <span class='ocrx_word' id='word_1_650' title='bbox 2137 3253 2192 3299; x_wconf 84' lang='lat' dir='ltr'><strong>et</strong></span> <span class='ocrx_word' id='word_1_651' title='bbox 2228 3246 2428 3299; x_wconf 87' lang='lat' dir='ltr'><strong>incerta</strong></span> <span class='ocrx_word' id='word_1_652' title='bbox 2462 3245 2770 3300; x_wconf 84' lang='lat' dir='ltr'><strong>manebant.</strong></span> <span class='ocrx_word' id='word_1_653' title='bbox 2800 3245 2987 3315; x_wconf 88' lang='lat' dir='ltr'><strong>Itaque</strong></span> <span class='ocrx_word' id='word_1_654' title='bbox 3013 3247 3206 3300; x_wconf 85' lang='lat' dir='ltr'><strong>Petrus</strong></span> <span class='ocrx_word' id='word_1_655' title='bbox 3242 3246 3408 3300; x_wconf 78' lang='lat' dir='ltr'><strong>Ziclto</strong></span> <span class='ocrx_word' id='word_1_656' title='bbox 3439 3247 3516 3299; x_wconf 91' lang='lat' dir='ltr'><strong>di-</strong></span> 
     </span>
    </p>
   </div>
   <div class='ocr_carea' id='block_1_90' title="bbox 1935 3336 3512 3408">
    <p class='ocr_par' dir='ltr' id='par_1_90' title="bbox 1935 3336 3512 3408">
     <span class='ocr_line' id='line_1_90' title="bbox 1935 3336 3512 3408; baseline -0.001 -17"><span class='ocrx_word' id='word_1_657' title='bbox 1935 3339 2015 3392; x_wconf 86' lang='lat' dir='ltr'><strong>xit</strong></span> <span class='ocrx_word' id='word_1_658' title='bbox 2046 3356 2060 3392; x_wconf 92' lang='lat'><strong>:</strong></span> <span class='ocrx_word' id='word_1_659' title='bbox 2105 3357 2122 3389; x_wconf 75' lang='grc'><strong>(</strong></span> <span class='ocrx_word' id='word_1_660' title='bbox 2161 3336 2340 3391; x_wconf 80' lang='lat' dir='ltr'><strong>Multis</strong></span> <span class='ocrx_word' id='word_1_661' title='bbox 2375 3337 2626 3392; x_wconf 85' lang='lat' dir='ltr'><strong>laudibus</strong></span> <span class='ocrx_word' id='word_1_662' title='bbox 2675 3340 2755 3392; x_wconf 87' lang='lat' dir='ltr'><strong>vir</strong></span> <span class='ocrx_word' id='word_1_663' title='bbox 2790 3339 2877 3393; x_wconf 89' lang='lat' dir='ltr'><strong>ille</strong></span> <span class='ocrx_word' id='word_1_664' title='bbox 2901 3339 3094 3408; x_wconf 89' lang='lat' dir='ltr'><strong>dignus</strong></span> <span class='ocrx_word' id='word_1_665' title='bbox 3131 3349 3233 3401; x_wconf 92' lang='lat' dir='ltr'><strong>est,</strong></span> <span class='ocrx_word' id='word_1_666' title='bbox 3268 3338 3356 3406; x_wconf 91' lang='lat' dir='ltr'><strong>qui</strong></span> <span class='ocrx_word' id='word_1_667' title='bbox 3385 3353 3512 3406; x_wconf 84' lang='lat' dir='ltr'><strong>per-</strong></span> 
     </span>
    </p>
   </div>
   <div class='ocr_carea' id='block_1_91' title="bbox 1934 3429 3515 3499">
    <p class='ocr_par' dir='ltr' id='par_1_91' title="bbox 1934 3429 3515 3499">
     <span class='ocr_line' id='line_1_91' title="bbox 1934 3429 3515 3499; baseline -0.003 -15"><span class='ocrx_word' id='word_1_668' title='bbox 1934 3430 2074 3486; x_wconf 91' lang='lat' dir='ltr'><strong>fecte</strong></span> <span class='ocrx_word' id='word_1_669' title='bbox 2125 3431 2278 3484; x_wconf 92' lang='lat' dir='ltr'><strong>utilia</strong></span> <span class='ocrx_word' id='word_1_670' title='bbox 2319 3431 2535 3494; x_wconf 85' lang='lat' dir='ltr'><strong>suadet,</strong></span> <span class='ocrx_word' id='word_1_671' title='bbox 2583 3432 2882 3499; x_wconf 82' lang='lat' dir='ltr'><strong>eademque</strong></span> <span class='ocrx_word' id='word_1_672' title='bbox 2927 3429 3164 3498; x_wconf 81' lang='lat' dir='ltr'><strong>perfecte</strong></span> <span class='ocrx_word' id='word_1_673' title='bbox 3195 3430 3257 3482; x_wconf 88' lang='lat' dir='ltr'><strong>ad</strong></span> <span class='ocrx_word' id='word_1_674' title='bbox 3309 3429 3515 3482; x_wconf 79' lang='lat' dir='ltr'><strong>exitum</strong></span> 
     </span>
    </p>
   </div>
   <div class='ocr_carea' id='block_1_92' title="bbox 1935 3519 3514 3602">
    <p class='ocr_par' dir='ltr' id='par_1_92' title="bbox 1935 3519 3514 3602">
     <span class='ocr_line' id='line_1_92' title="bbox 1935 3519 3514 3602; baseline -0.004 -26"><span class='ocrx_word' id='word_1_675' title='bbox 1935 3524 2197 3591; x_wconf 85' lang='lat' dir='ltr'><strong>perducit.</strong></span> <span class='ocrx_word' id='word_1_676' title='bbox 2239 3523 2468 3588; x_wconf 79' lang='lat' dir='ltr'><strong>Etenim,</strong></span> <span class='ocrx_word' id='word_1_677' title='bbox 2495 3523 2538 3576; x_wconf 88' lang='lat' dir='ltr'><strong>si</strong></span> <span class='ocrx_word' id='word_1_678' title='bbox 2571 3523 2700 3602; x_wconf 84' lang='lat' dir='ltr'><strong>quid</strong></span> <span class='ocrx_word' id='word_1_679' title='bbox 2732 3523 2782 3575; x_wconf 89' lang='lat' dir='ltr'><strong>itt</strong></span> <span class='ocrx_word' id='word_1_680' title='bbox 2815 3522 2898 3576; x_wconf 87' lang='lat' dir='ltr'><strong>his</strong></span> <span class='ocrx_word' id='word_1_681' title='bbox 2927 3522 3100 3584; x_wconf 77' lang='lat' dir='ltr'><strong>deest,</strong></span> <span class='ocrx_word' id='word_1_682' title='bbox 3152 3519 3514 3574; x_wconf 84' lang='lat' dir='ltr'><strong>imbecillitati</strong></span> 
     </span>
    </p>
   </div>
   <div class='ocr_carea' id='block_1_93' title="bbox 1933 3611 3517 3683">
    <p class='ocr_par' dir='ltr' id='par_1_93' title="bbox 1933 3611 3517 3683">
     <span class='ocr_line' id='line_1_93' title="bbox 1933 3611 3517 3683; baseline -0.003 -16"><span class='ocrx_word' id='word_1_683' title='bbox 1933 3613 2126 3682; x_wconf 86' lang='lat' dir='ltr'><strong>opinor</strong></span> <span class='ocrx_word' id='word_1_684' title='bbox 2151 3613 2341 3683; x_wconf 88' lang='lat' dir='ltr'><strong>judicii</strong></span> <span class='ocrx_word' id='word_1_685' title='bbox 2371 3613 2510 3681; x_wconf 82' lang='lat' dir='ltr'><strong>ejus,</strong></span> <span class='ocrx_word' id='word_1_686' title='bbox 2542 3613 2636 3682; x_wconf 92' lang='lat' dir='ltr'><strong>qui</strong></span> <span class='ocrx_word' id='word_1_687' title='bbox 2667 3615 2942 3683; x_wconf 85' lang='lat' dir='ltr'><strong>negotium</strong></span> <span class='ocrx_word' id='word_1_688' title='bbox 2969 3611 3228 3680; x_wconf 88' lang='lat' dir='ltr'><strong>suscepit,</strong></span> <span class='ocrx_word' id='word_1_689' title='bbox 3268 3612 3517 3665; x_wconf 88' lang='lat' dir='ltr'><strong>attribui-</strong></span> 
     </span>
    </p>
   </div>
   <div class='ocr_carea' id='block_1_94' title="bbox 1936 3701 3517 3770">
    <p class='ocr_par' dir='ltr' id='par_1_94' title="bbox 1936 3701 3517 3770">
     <span class='ocr_line' id='line_1_94' title="bbox 1936 3701 3517 3770; baseline 0.001 -16"><span class='ocrx_word' id='word_1_690' title='bbox 1936 3711 2046 3755; x_wconf 93' lang='lat' dir='ltr'><strong>tur.</strong></span> <span class='ocrx_word' id='word_1_691' title='bbox 2085 3701 2201 3754; x_wconf 81' lang='lat' dir='ltr'><strong>Non</strong></span> <span class='ocrx_word' id='word_1_692' title='bbox 2244 3703 2517 3755; x_wconf 84' lang='lat' dir='ltr'><strong>immerito</strong></span> <span class='ocrx_word' id='word_1_693' title='bbox 2547 3717 2724 3770; x_wconf 86' lang='lat' dir='ltr'><strong>neque</strong></span> <span class='ocrx_word' id='word_1_694' title='bbox 2755 3713 2958 3755; x_wconf 88' lang='lat' dir='ltr'><strong>temere</strong></span> <span class='ocrx_word' id='word_1_695' title='bbox 2997 3703 3110 3755; x_wconf 66' lang='lat' dir='ltr'><strong>baac</strong></span> <span class='ocrx_word' id='word_1_696' title='bbox 3151 3717 3180 3754; x_wconf 87' lang='lat' dir='ltr'><strong>a</strong></span> <span class='ocrx_word' id='word_1_697' title='bbox 3223 3716 3307 3755; x_wconf 89' lang='lat' dir='ltr'><strong>me</strong></span> <span class='ocrx_word' id='word_1_698' title='bbox 3354 3701 3517 3755; x_wconf 89' lang='lat' dir='ltr'><strong>habe-</strong></span> 
     </span>
    </p>
   </div>
   <div class='ocr_carea' id='block_1_95' title="bbox 1937 3793 3514 3860">
    <p class='ocr_par' dir='ltr' id='par_1_95' title="bbox 1937 3793 3514 3860">
     <span class='ocr_line' id='line_1_95' title="bbox 1937 3793 3514 3860; baseline -0.001 -15"><span class='ocrx_word' id='word_1_699' title='bbox 1937 3805 2024 3845; x_wconf 88' lang='lat' dir='ltr'><strong>tur</strong></span> <span class='ocrx_word' id='word_1_700' title='bbox 2053 3793 2248 3854; x_wconf 88' lang='lat' dir='ltr'><strong>oratio,</strong></span> <span class='ocrx_word' id='word_1_701' title='bbox 2295 3806 2414 3860; x_wconf 70' lang='lat' dir='ltr'><strong>quze</strong></span> <span class='ocrx_word' id='word_1_702' title='bbox 2447 3793 2513 3844; x_wconf 91' lang='lat' dir='ltr'><strong>ad</strong></span> <span class='ocrx_word' id='word_1_703' title='bbox 2551 3802 2601 3844; x_wconf 81' lang='lat' dir='ltr'><strong>te</strong></span> <span class='ocrx_word' id='word_1_704' title='bbox 2627 3793 2858 3855; x_wconf 88' lang='lat' dir='ltr'><strong>directa,</strong></span> <span class='ocrx_word' id='word_1_705' title='bbox 2901 3810 2933 3844; x_wconf 89' lang='grc' dir='ltr'><strong>ο</strong></span> <span class='ocrx_word' id='word_1_706' title='bbox 2983 3793 3176 3856; x_wconf 86' lang='lat' dir='ltr'><strong>Ziche,</strong></span> <span class='ocrx_word' id='word_1_707' title='bbox 3204 3793 3423 3846; x_wconf 78' lang='lat' dir='ltr'><strong>tandem</strong></span> <span class='ocrx_word' id='word_1_708' title='bbox 3462 3793 3514 3844; x_wconf 85' lang='lat' dir='ltr'><strong>in</strong></span> 
     </span>
    </p>
   </div>
   <div class='ocr_carea' id='block_1_96' title="bbox 1942 3881 3516 3951">
    <p class='ocr_par' dir='ltr' id='par_1_96' title="bbox 1942 3881 3516 3951">
     <span class='ocr_line' id='line_1_96' title="bbox 1942 3881 3516 3951; baseline -0.002 -15"><span class='ocrx_word' id='word_1_709' title='bbox 1942 3895 2193 3951; x_wconf 82' lang='lat' dir='ltr'><strong>magnam</strong></span> <span class='ocrx_word' id='word_1_710' title='bbox 2236 3881 2628 3935; x_wconf 72' lang='lat' dir='ltr'><strong>Romanorum</strong></span> <span class='ocrx_word' id='word_1_711' title='bbox 2679 3891 2733 3936; x_wconf 91' lang='lat' dir='ltr'><strong>et</strong></span> <span class='ocrx_word' id='word_1_712' title='bbox 2782 3881 3067 3935; x_wconf 84' lang='lat' dir='ltr'><strong>Persarum</strong></span> <span class='ocrx_word' id='word_1_713' title='bbox 3111 3884 3394 3936; x_wconf 88' lang='lat' dir='ltr'><strong>utilitatem</strong></span> <span class='ocrx_word' id='word_1_714' title='bbox 3435 3894 3516 3934; x_wconf 69' lang='lat' dir='ltr'><strong>est</strong></span> 
     </span>
    </p>
   </div>
   <div class='ocr_carea' id='block_1_97' title="bbox 1935 3972 3515 4042">
    <p class='ocr_par' dir='ltr' id='par_1_97' title="bbox 1935 3972 3515 4042">
     <span class='ocr_line' id='line_1_97' title="bbox 1935 3972 3515 4042; baseline -0.001 -16"><span class='ocrx_word' id='word_1_715' title='bbox 1935 3972 2323 4026; x_wconf 85' lang='lat' dir='ltr'><strong>redundatura.</strong></span> <span class='ocrx_word' id='word_1_716' title='bbox 2357 3972 2538 4028; x_wconf 91' lang='lat' dir='ltr'><strong>Dicam</strong></span> <span class='ocrx_word' id='word_1_717' title='bbox 2564 3989 2661 4042; x_wconf 84' lang='lat' dir='ltr'><strong>ego</strong></span> <span class='ocrx_word' id='word_1_718' title='bbox 2683 3973 2840 4042; x_wconf 90' lang='lat' dir='ltr'><strong>paulo</strong></span> <span class='ocrx_word' id='word_1_719' title='bbox 2858 3975 3113 4042; x_wconf 89' lang='lat' dir='ltr'><strong>apertius.</strong></span> <span class='ocrx_word' id='word_1_720' title='bbox 3133 3973 3328 4028; x_wconf 84' lang='lat' dir='ltr'><strong>Suania</strong></span> <span class='ocrx_word' id='word_1_721' title='bbox 3355 3976 3515 4028; x_wconf 83' lang='lat' dir='ltr'><strong>ditio-</strong></span> 
     </span>
    </p>
   </div>
   <div class='ocr_carea' id='block_1_98' title="bbox 1934 4063 3514 4134">
    <p class='ocr_par' dir='ltr' id='par_1_98' title="bbox 1934 4063 3514 4134">
     <span class='ocr_line' id='line_1_98' title="bbox 1934 4063 3514 4134; baseline 0.001 -16"><span class='ocrx_word' id='word_1_722' title='bbox 1934 4066 2018 4119; x_wconf 86' lang='lat' dir='ltr'><strong>nis</strong></span> <span class='ocrx_word' id='word_1_723' title='bbox 2052 4063 2417 4119; x_wconf 78' lang='lat' dir='ltr'><strong>Romanorum</strong></span> <span class='ocrx_word' id='word_1_724' title='bbox 2450 4064 2568 4127; x_wconf 88' lang='lat' dir='ltr'><strong>fuit,</strong></span> <span class='ocrx_word' id='word_1_725' title='bbox 2595 4074 2644 4118; x_wconf 88' lang='lat' dir='ltr'><strong>et</strong></span> <span class='ocrx_word' id='word_1_726' title='bbox 2672 4064 2870 4119; x_wconf 87' lang='lat' dir='ltr'><strong>Suanis</strong></span> <span class='ocrx_word' id='word_1_727' title='bbox 2900 4064 3124 4119; x_wconf 78' lang='lat' dir='ltr'><strong>Romani</strong></span> <span class='ocrx_word' id='word_1_728' title='bbox 3160 4066 3514 4134; x_wconf 84' lang='lat' dir='ltr'><strong>imperarunt.</strong></span> 
     </span>
    </p>
   </div>
   <div class='ocr_carea' id='block_1_99' title="bbox 1937 4157 3515 4225">
    <p class='ocr_par' dir='ltr' id='par_1_99' title="bbox 1937 4157 3515 4225">
     <span class='ocr_line' id='line_1_99' title="bbox 1937 4157 3515 4225; baseline 0 -14"><span class='ocrx_word' id='word_1_729' title='bbox 1937 4158 2053 4223; x_wconf 82' lang='lat' dir='ltr'><strong>Quo</strong></span> <span class='ocrx_word' id='word_1_730' title='bbox 2087 4168 2326 4225; x_wconf 89' lang='lat' dir='ltr'><strong>tempore</strong></span> <span class='ocrx_word' id='word_1_731' title='bbox 2351 4168 2528 4211; x_wconf 90' lang='lat' dir='ltr'><strong>autem</strong></span> <span class='ocrx_word' id='word_1_732' title='bbox 2571 4157 2844 4211; x_wconf 86' lang='lat' dir='ltr'><strong>Tzatheus</strong></span> <span class='ocrx_word' id='word_1_733' title='bbox 2880 4173 3066 4212; x_wconf 92' lang='lat' dir='ltr'><strong>eorum</strong></span> <span class='ocrx_word' id='word_1_734' title='bbox 3101 4158 3205 4212; x_wconf 86' lang='lat' dir='ltr'><strong>dux</strong></span> <span class='ocrx_word' id='word_1_735' title='bbox 3235 4168 3376 4222; x_wconf 89' lang='lat' dir='ltr'><strong>erat,</strong></span> <span class='ocrx_word' id='word_1_736' title='bbox 3425 4157 3515 4211; x_wconf 82' lang='lat' dir='ltr'><strong>Di-</strong></span> 
     </span>
    </p>
   </div>
   <div class='ocr_carea' id='block_1_100' title="bbox 1938 4251 3512 4323">
    <p class='ocr_par' dir='ltr' id='par_1_100' title="bbox 1938 4251 3512 4323">
     <span class='ocr_line' id='line_1_100' title="bbox 1938 4251 3512 4323; baseline 0.002 -16"><span class='ocrx_word' id='word_1_737' title='bbox 1938 4259 2081 4308; x_wconf 89' lang='lat' dir='ltr'><strong>tatus</strong></span> <span class='ocrx_word' id='word_1_738' title='bbox 2112 4253 2358 4322; x_wconf 87' lang='lat' dir='ltr'><strong>quidam,</strong></span> <span class='ocrx_word' id='word_1_739' title='bbox 2384 4251 2682 4317; x_wconf 84' lang='lat' dir='ltr'><strong>Romanus,</strong></span> <span class='ocrx_word' id='word_1_740' title='bbox 2703 4264 2930 4323; x_wconf 64' lang='lat' dir='ltr'><strong>praeerat</strong></span> <span class='ocrx_word' id='word_1_741' title='bbox 2955 4252 3214 4310; x_wconf 80' lang='lat' dir='ltr'><strong>Romanis</strong></span> <span class='ocrx_word' id='word_1_742' title='bbox 3233 4257 3512 4310; x_wconf 88' lang='lat' dir='ltr'><strong>militibus.</strong></span> 
     </span>
    </p>
   </div>
   <div class='ocr_carea' id='block_1_101' title="bbox 1935 4347 3510 4418">
    <p class='ocr_par' dir='ltr' id='par_1_101' title="bbox 1935 4347 3510 4418">
     <span class='ocr_line' id='line_1_101' title="bbox 1935 4347 3510 4418; baseline 0.003 -21"><span class='ocrx_word' id='word_1_743' title='bbox 1935 4348 2024 4416; x_wconf 85' lang='lat' dir='ltr'><strong>qui</strong></span> <span class='ocrx_word' id='word_1_744' title='bbox 2067 4347 2175 4402; x_wconf 91' lang='lat' dir='ltr'><strong>illic</strong></span> <span class='ocrx_word' id='word_1_745' title='bbox 2225 4347 2278 4400; x_wconf 88' lang='lat' dir='ltr'><strong>itt</strong></span> <span class='ocrx_word' id='word_1_746' title='bbox 2330 4347 2593 4416; x_wconf 73' lang='lat' dir='ltr'><strong>przesidiis</strong></span> <span class='ocrx_word' id='word_1_747' title='bbox 2627 4348 2862 4416; x_wconf 82' lang='lat' dir='ltr'><strong>agebant</strong></span> <span class='ocrx_word' id='word_1_748' title='bbox 2897 4364 2910 4400; x_wconf 91' lang='lat'><strong>:</strong></span> <span class='ocrx_word' id='word_1_749' title='bbox 2941 4359 3051 4400; x_wconf 92' lang='lat' dir='ltr'><strong>tum</strong></span> <span class='ocrx_word' id='word_1_750' title='bbox 3087 4363 3307 4418; x_wconf 89' lang='lat' dir='ltr'><strong>quoque</strong></span> <span class='ocrx_word' id='word_1_751' title='bbox 3361 4349 3510 4401; x_wconf 90' lang='lat' dir='ltr'><strong>multi</strong></span> 
     </span>
    </p>
   </div>
   <div class='ocr_carea' id='block_1_102' title="bbox 1324 4411 1833 4502">
    <p class='ocr_par' dir='ltr' id='par_1_102' title="bbox 1324 4431 1832 4502">
     <span class='ocr_line' id='line_1_102' title="bbox 1324 4431 1832 4502; baseline 0.006 -20"><span class='ocrx_word' id='word_1_752' title='bbox 1324 4431 1459 4483; x_wconf 70' lang='grc' dir='ltr'>ἀλλὰ</span> <span class='ocrx_word' id='word_1_753' title='bbox 1507 4433 1600 4484; x_wconf 67' lang='grc' dir='ltr'>καὶ</span> <span class='ocrx_word' id='word_1_754' title='bbox 1655 4432 1741 4485; x_wconf 84' lang='grc' dir='ltr'>’ἐτε</span> <span class='ocrx_word' id='word_1_755' title='bbox 1751 4432 1832 4502; x_wconf 88' lang='grc' dir='ltr'><strong>ροί</strong></span> 
     </span>
    </p>
   </div>
   <div class='ocr_carea' id='block_1_103' title="bbox 1938 4411 3516 4502">
    <p class='ocr_par' dir='ltr' id='par_1_103' title="bbox 1939 4427 3516 4495">
     <span class='ocr_line' id='line_1_103' title="bbox 1939 4427 3516 4495; baseline -0.003 -1"><span class='ocrx_word' id='word_1_756' title='bbox 1939 4439 2168 4494; x_wconf 80' lang='lat' dir='ltr'><strong>Romani</strong></span> <span class='ocrx_word' id='word_1_757' title='bbox 2210 4439 2354 4495; x_wconf 88' lang='lat' dir='ltr'><strong>inter</strong></span> <span class='ocrx_word' id='word_1_758' title='bbox 2383 4438 2596 4494; x_wconf 85' lang='lat' dir='ltr'><strong>Suanos</strong></span> <span class='ocrx_word' id='word_1_759' title='bbox 2621 4439 2951 4493; x_wconf 88' lang='lat' dir='ltr'><strong>domicilium</strong></span> <span class='ocrx_word' id='word_1_760' title='bbox 2986 4427 3258 4493; x_wconf 27' lang='lat' dir='ltr'><strong>habe-baut</strong></span> <span class='ocrx_word' id='word_1_761' title='bbox 3290 4452 3342 4492; x_wconf 88' lang='lat' dir='ltr'><strong>et</strong></span> <span class='ocrx_word' id='word_1_762' title='bbox 3369 4454 3516 4492; x_wconf 82' lang='lat' dir='ltr'><strong>cont-</strong></span> 
     </span>
    </p>
   </div>
   <div class='ocr_carea' id='block_1_104' title="bbox 1943 4531 3516 4602">
    <p class='ocr_par' dir='ltr' id='par_1_104' title="bbox 1943 4531 3516 4602">
     <span class='ocr_line' id='line_1_104' title="bbox 1943 4531 3516 4602; baseline -0.001 -16"><span class='ocrx_word' id='word_1_763' title='bbox 1943 4533 2315 4588; x_wconf 88' lang='lat' dir='ltr'><strong>morabantnr.</strong></span> <span class='ocrx_word' id='word_1_764' title='bbox 2363 4531 2497 4586; x_wconf 87' lang='lat' dir='ltr'><strong>Orta</strong></span> <span class='ocrx_word' id='word_1_765' title='bbox 2535 4534 2762 4602; x_wconf 88' lang='lat' dir='ltr'><strong>quadam</strong></span> <span class='ocrx_word' id='word_1_766' title='bbox 2801 4532 2943 4586; x_wconf 91' lang='lat' dir='ltr'><strong>inter</strong></span> <span class='ocrx_word' id='word_1_767' title='bbox 2971 4531 3232 4587; x_wconf 88' lang='lat' dir='ltr'><strong>Lazorum</strong></span> <span class='ocrx_word' id='word_1_768' title='bbox 3258 4547 3434 4601; x_wconf 83' lang='lat' dir='ltr'><strong>regem</strong></span> <span class='ocrx_word' id='word_1_769' title='bbox 3463 4544 3516 4586; x_wconf 92' lang='lat' dir='ltr'><strong>et</strong></span> 
     </span>
    </p>
   </div>
   <div class='ocr_carea' id='block_1_105' title="bbox 1939 4624 3516 4696">
    <p class='ocr_par' dir='ltr' id='par_1_105' title="bbox 1939 4624 3516 4696">
     <span class='ocr_line' id='line_1_105' title="bbox 1939 4624 3516 4696; baseline 0.003 -20"><span class='ocrx_word' id='word_1_770' title='bbox 1939 4625 2227 4677; x_wconf 77' lang='lat' dir='ltr'><strong>Martinam</strong></span> <span class='ocrx_word' id='word_1_771' title='bbox 2267 4624 2633 4680; x_wconf 79' lang='lat' dir='ltr'><strong>Romanorum</strong></span> <span class='ocrx_word' id='word_1_772' title='bbox 2695 4624 2854 4696; x_wconf 82' lang='lat'><strong>139</strong></span> <span class='ocrx_word' id='word_1_773' title='bbox 2884 4634 3011 4680; x_wconf 89' lang='lat' dir='ltr'><strong>tunc</strong></span> <span class='ocrx_word' id='word_1_774' title='bbox 3047 4625 3304 4695; x_wconf 89' lang='lat' dir='ltr'><strong>temporis</strong></span> <span class='ocrx_word' id='word_1_775' title='bbox 3342 4627 3394 4678; x_wconf 90' lang='lat' dir='ltr'><strong>in</strong></span> <span class='ocrx_word' id='word_1_776' title='bbox 3434 4626 3516 4680; x_wconf 89' lang='lat' dir='ltr'><strong>bis</strong></span> 
     </span>
    </p>
   </div>
   <div class='ocr_carea' id='block_1_106' title="bbox 1937 4715 3516 4784">
    <p class='ocr_par' dir='ltr' id='par_1_106' title="bbox 1937 4715 3516 4784">
     <span class='ocr_line' id='line_1_106' title="bbox 1937 4715 3516 4784; baseline 0.004 -18"><span class='ocrx_word' id='word_1_777' title='bbox 1937 4715 2182 4784; x_wconf 88' lang='lat' dir='ltr'><strong>partibus</strong></span> <span class='ocrx_word' id='word_1_778' title='bbox 2206 4715 2422 4780; x_wconf 89' lang='lat' dir='ltr'><strong>ducem,</strong></span> <span class='ocrx_word' id='word_1_779' title='bbox 2452 4716 2738 4782; x_wconf 87' lang='lat' dir='ltr'><strong>discordia,</strong></span> <span class='ocrx_word' id='word_1_780' title='bbox 2787 4717 3024 4772; x_wconf 85' lang='lat' dir='ltr'><strong>Colchus</strong></span> <span class='ocrx_word' id='word_1_781' title='bbox 3059 4719 3273 4772; x_wconf 89' lang='lat' dir='ltr'><strong>mittere</strong></span> <span class='ocrx_word' id='word_1_782' title='bbox 3318 4718 3516 4773; x_wconf 89' lang='lat' dir='ltr'><strong>Suanis</strong></span> 
     </span>
    </p>
   </div>
   <div class='ocr_carea' id='block_1_107' title="bbox 1939 4804 3517 4870">
    <p class='ocr_par' dir='ltr' id='par_1_107' title="bbox 1939 4804 3517 4870">
     <span class='ocr_line' id='line_1_107' title="bbox 1939 4804 3517 4870; baseline 0.005 -16"><span class='ocrx_word' id='word_1_783' title='bbox 1939 4804 2178 4870; x_wconf 69' lang='lat' dir='ltr'><strong>praestari</strong></span> <span class='ocrx_word' id='word_1_784' title='bbox 2201 4805 2416 4857; x_wconf 89' lang='lat' dir='ltr'><strong>solitum</strong></span> <span class='ocrx_word' id='word_1_785' title='bbox 2443 4806 2770 4859; x_wconf 80' lang='lat' dir='ltr'><strong>frumentum</strong></span> <span class='ocrx_word' id='word_1_786' title='bbox 2791 4808 3080 4861; x_wconf 88' lang='lat' dir='ltr'><strong>recusavit.</strong></span> <span class='ocrx_word' id='word_1_787' title='bbox 3112 4807 3222 4861; x_wconf 81' lang='lat' dir='ltr'><strong>Mos</strong></span> <span class='ocrx_word' id='word_1_788' title='bbox 3240 4809 3380 4862; x_wconf 93' lang='lat' dir='ltr'><strong>enim</strong></span> <span class='ocrx_word' id='word_1_789' title='bbox 3398 4819 3517 4862; x_wconf 89' lang='lat' dir='ltr'><strong>erat</strong></span> 
     </span>
    </p>
   </div>
   <div class='ocr_carea' id='block_1_108' title="bbox 1941 4891 3516 4966">
    <p class='ocr_par' dir='ltr' id='par_1_108' title="bbox 1941 4891 3516 4966">
     <span class='ocr_line' id='line_1_108' title="bbox 1941 4891 3516 4966; baseline 0.002 -21"><span class='ocrx_word' id='word_1_790' title='bbox 1941 4892 2076 4945; x_wconf 90' lang='lat' dir='ltr'><strong>tnitti</strong></span> <span class='ocrx_word' id='word_1_791' title='bbox 2103 4905 2130 4944; x_wconf 90' lang='lat' dir='ltr'><strong>a</strong></span> <span class='ocrx_word' id='word_1_792' title='bbox 2170 4907 2292 4962; x_wconf 79' lang='lat' dir='ltr'><strong>rege</strong></span> <span class='ocrx_word' id='word_1_793' title='bbox 2331 4891 2656 4947; x_wconf 88' lang='lat' dir='ltr'><strong>Colchorum</strong></span> <span class='ocrx_word' id='word_1_794' title='bbox 2683 4893 3032 4960; x_wconf 81' lang='lat' dir='ltr'><strong>frumentum.</strong></span> <span class='ocrx_word' id='word_1_795' title='bbox 3079 4895 3244 4948; x_wconf 86' lang='lat' dir='ltr'><strong>Suani</strong></span> <span class='ocrx_word' id='word_1_796' title='bbox 3272 4897 3516 4966; x_wconf 83' lang='lat' dir='ltr'><strong>graviter</strong></span> 
     </span>
    </p>
   </div>
   <div class='ocr_carea' id='block_1_109' title="bbox 1937 4984 3512 5056">
    <p class='ocr_par' dir='ltr' id='par_1_109' title="bbox 1937 4984 3512 5056">
     <span class='ocr_line' id='line_1_109' title="bbox 1937 4984 3512 5056; baseline 0.001 -18"><span class='ocrx_word' id='word_1_797' title='bbox 1937 4992 1991 5038; x_wconf 89' lang='lat' dir='ltr'><strong>et</strong></span> <span class='ocrx_word' id='word_1_798' title='bbox 2015 4984 2199 5053; x_wconf 91' lang='lat' dir='ltr'><strong>iniquo</strong></span> <span class='ocrx_word' id='word_1_799' title='bbox 2223 4986 2404 5038; x_wconf 89' lang='lat' dir='ltr'><strong>animo</strong></span> <span class='ocrx_word' id='word_1_800' title='bbox 2439 4986 2702 5048; x_wconf 90' lang='lat' dir='ltr'><strong>tulerunt,</strong></span> <span class='ocrx_word' id='word_1_801' title='bbox 2741 5001 2799 5040; x_wconf 92' lang='lat' dir='ltr'><strong>se</strong></span> <span class='ocrx_word' id='word_1_802' title='bbox 2829 4986 3070 5056; x_wconf 87' lang='lat' dir='ltr'><strong>privatos</strong></span> <span class='ocrx_word' id='word_1_803' title='bbox 3101 5000 3220 5040; x_wconf 88' lang='lat' dir='ltr'><strong>esse</strong></span> <span class='ocrx_word' id='word_1_804' title='bbox 3262 4988 3365 5053; x_wconf 87' lang='lat' dir='ltr'><strong>his,</strong></span> <span class='ocrx_word' id='word_1_805' title='bbox 3393 5002 3512 5056; x_wconf 82' lang='lat' dir='ltr'><strong>qua:</strong></span> 
     </span>
    </p>
   </div>
   <div class='ocr_carea' id='block_1_110' title="bbox 1937 5075 3514 5146">
    <p class='ocr_par' dir='ltr' id='par_1_110' title="bbox 1937 5075 3514 5146">
     <span class='ocr_line' id='line_1_110' title="bbox 1937 5075 3514 5146; baseline 0.003 -18"><span class='ocrx_word' id='word_1_806' title='bbox 1937 5075 2037 5128; x_wconf 90' lang='lat' dir='ltr'><strong>sibi</strong></span> <span class='ocrx_word' id='word_1_807' title='bbox 2063 5091 2127 5128; x_wconf 90' lang='lat' dir='ltr'><strong>ex</strong></span> <span class='ocrx_word' id='word_1_808' title='bbox 2146 5077 2499 5130; x_wconf 84' lang='lat' dir='ltr'><strong>conventione</strong></span> <span class='ocrx_word' id='word_1_809' title='bbox 2517 5077 2870 5132; x_wconf 86' lang='lat' dir='ltr'><strong>debebantur.</strong></span> <span class='ocrx_word' id='word_1_810' title='bbox 2892 5078 3063 5145; x_wconf 86' lang='lat' dir='ltr'><strong>Quam</strong></span> <span class='ocrx_word' id='word_1_811' title='bbox 3082 5078 3152 5134; x_wconf 92' lang='lat' dir='ltr'><strong>ob</strong></span> <span class='ocrx_word' id='word_1_812' title='bbox 3172 5094 3284 5132; x_wconf 87' lang='lat' dir='ltr'><strong>rem</strong></span> <span class='ocrx_word' id='word_1_813' title='bbox 3311 5079 3514 5146; x_wconf 82' lang='lat' dir='ltr'><strong>signiti-</strong></span> 
     </span>
    </p>
   </div>
   <div class='ocr_carea' id='block_1_111' title="bbox 1937 5166 3513 5239">
    <p class='ocr_par' dir='ltr' id='par_1_111' title="bbox 1937 5166 3513 5239">
     <span class='ocr_line' id='line_1_111' title="bbox 1937 5166 3513 5239; baseline 0.007 -22"><span class='ocrx_word' id='word_1_814' title='bbox 1937 5175 2130 5221; x_wconf 85' lang='lat' dir='ltr'><strong>carunt</strong></span> <span class='ocrx_word' id='word_1_815' title='bbox 2155 5166 2450 5234; x_wconf 87' lang='lat' dir='ltr'><strong>Persis,se,</strong></span> <span class='ocrx_word' id='word_1_816' title='bbox 2469 5169 2512 5223; x_wconf 94' lang='lat' dir='ltr'><strong>si</strong></span> <span class='ocrx_word' id='word_1_817' title='bbox 2542 5170 2666 5224; x_wconf 88' lang='lat' dir='ltr'><strong>illuc</strong></span> <span class='ocrx_word' id='word_1_818' title='bbox 2693 5172 3030 5239; x_wconf 90' lang='lat' dir='ltr'><strong>accederent,</strong></span> <span class='ocrx_word' id='word_1_819' title='bbox 3055 5187 3243 5228; x_wconf 93' lang='lat' dir='ltr'><strong>eorum</strong></span> <span class='ocrx_word' id='word_1_820' title='bbox 3265 5174 3513 5228; x_wconf 86' lang='lat' dir='ltr'><strong>manibus</strong></span> 
     </span>
    </p>
   </div>
   <div class='ocr_carea' id='block_1_112' title="bbox 1941 5256 3512 5333">
    <p class='ocr_par' dir='ltr' id='par_1_112' title="bbox 1941 5256 3512 5333">
     <span class='ocr_line' id='line_1_112' title="bbox 1941 5256 3512 5333; baseline 0.006 -25"><span class='ocrx_word' id='word_1_821' title='bbox 1941 5256 2199 5310; x_wconf 85' lang='lat' dir='ltr'><strong>Suaniam</strong></span> <span class='ocrx_word' id='word_1_822' title='bbox 2232 5261 2550 5316; x_wconf 89' lang='lat' dir='ltr'><strong>tradituros.</strong></span> <span class='ocrx_word' id='word_1_823' title='bbox 2582 5259 2782 5317; x_wconf 87' lang='lat' dir='ltr'><strong>Eodem</strong></span> <span class='ocrx_word' id='word_1_824' title='bbox 2803 5273 3044 5333; x_wconf 89' lang='lat' dir='ltr'><strong>tempore</strong></span> <span class='ocrx_word' id='word_1_825' title='bbox 3091 5265 3313 5319; x_wconf 87' lang='lat' dir='ltr'><strong>Exisato</strong></span> <span class='ocrx_word' id='word_1_826' title='bbox 3338 5274 3390 5320; x_wconf 85' lang='lat' dir='ltr'><strong>et</strong></span> <span class='ocrx_word' id='word_1_827' title='bbox 3426 5279 3512 5318; x_wconf 86' lang='lat' dir='ltr'><strong>re-</strong></span> 
     </span>
    </p>
   </div>
   <div class='ocr_carea' id='block_1_113' title="bbox 1522 5392 2212 5455">
    <p class='ocr_par' dir='ltr' id='par_1_113' title="bbox 1522 5392 2212 5455">
     <span class='ocr_line' id='line_1_113' title="bbox 1522 5392 2212 5455; baseline 0.014 -10"><span class='ocrx_word' id='word_1_828' title='bbox 1522 5392 1758 5448; x_wconf 65' lang='lat' dir='ltr'><strong>VARIA‘J</strong></span> <span class='ocrx_word' id='word_1_829' title='bbox 1799 5395 2094 5452; x_wconf 77' lang='lat' dir='ltr'><strong>LECTION</strong></span> <span class='ocrx_word' id='word_1_830' title='bbox 2107 5401 2212 5455; x_wconf 88' lang='lat' dir='ltr'><strong>ES.</strong></span> 
     </span>
    </p>
   </div>
   <div class='ocr_carea' id='block_1_114' title="bbox 331 5513 3504 5595">
    <p class='ocr_par' dir='ltr' id='par_1_114' title="bbox 331 5513 3504 5595">
     <span class='ocr_line' id='line_1_114' title="bbox 331 5513 3504 5595; baseline 0.005 -29"><span class='ocrx_word' id='word_1_831' title='bbox 331 5519 790 5595; x_wconf 15' lang='lat' dir='ltr'><strong>&quot;rtzggaivgﬁat</strong></span> <span class='ocrx_word' id='word_1_832' title='bbox 845 5513 1115 5595; x_wconf 76' lang='lat' dir='ltr'><strong>cortj.__B_.</strong></span> <span class='ocrx_word' id='word_1_833' title='bbox 1159 5517 1236 5595; x_wconf 35' lang='grc'><strong>,⁵⁸</strong></span> <span class='ocrx_word' id='word_1_834' title='bbox 1281 5515 1606 5595; x_wconf 61' lang='grc' dir='ltr'>πεπηγότως</span> <span class='ocrx_word' id='word_1_835' title='bbox 1637 5516 1802 5595; x_wconf 30' lang='grc' dir='ltr'>σουλ..</span> <span class='ocrx_word' id='word_1_836' title='bbox 1898 5587 1909 5595; x_wconf 80' lang='lat'><em>_</em></span> <span class='ocrx_word' id='word_1_837' title='bbox 1959 5518 2176 5595; x_wconf 28' lang='grc' dir='ltr'>Ἀ’,πρός</span> <span class='ocrx_word' id='word_1_838' title='bbox 2202 5537 2264 5587; x_wconf 87' lang='grc' dir='ltr'><strong>γε</strong></span> <span class='ocrx_word' id='word_1_839' title='bbox 2290 5523 2414 5585; x_wconf 83' lang='grc' dir='ltr'>τοὺς</span> <span class='ocrx_word' id='word_1_840' title='bbox 2443 5523 2583 5595; x_wconf 81' lang='lat' dir='ltr'><strong>conj.</strong></span> <span class='ocrx_word' id='word_1_841' title='bbox 2614 5523 2700 5590; x_wconf 71' lang='lat'><strong>8.,</strong></span> <span class='ocrx_word' id='word_1_842' title='bbox 2727 5524 2862 5595; x_wconf 82' lang='grc' dir='ltr'>πρὸς</span> <span class='ocrx_word' id='word_1_843' title='bbox 2899 5527 3008 5587; x_wconf 83' lang='grc' dir='ltr'>τοῖς</span> <span class='ocrx_word' id='word_1_844' title='bbox 3029 5524 3160 5595; x_wconf 75' lang='grc' dir='ltr'>τοὺς</span> <span class='ocrx_word' id='word_1_845' title='bbox 3189 5525 3235 5580; x_wconf 85' lang='grc' dir='ltr'>δ.</span> <span class='ocrx_word' id='word_1_846' title='bbox 3270 5528 3412 5595; x_wconf 90' lang='lat' dir='ltr'><strong>conj.</strong></span> <span class='ocrx_word' id='word_1_847' title='bbox 3442 5528 3504 5582; x_wconf 84' lang='lat' dir='ltr'><strong>N.</strong></span> 
     </span>
    </p>
   </div>
   <div class='ocr_carea' id='block_1_115' title="bbox 263 5585 3510 5667">
    <p class='ocr_par' dir='ltr' id='par_1_115' title="bbox 263 5585 3510 5667">
     <span class='ocr_line' id='line_1_115' title="bbox 263 5585 3510 5667; baseline 0.008 -41"><span class='ocrx_word' id='word_1_848' title='bbox 263 5596 307 5626; x_wconf 75' lang='grc' dir='ltr'><strong>σο</strong></span> <span class='ocrx_word' id='word_1_849' title='bbox 329 5594 465 5662; x_wconf 55' lang='grc' dir='ltr'><strong>μόνα,</strong></span> <span class='ocrx_word' id='word_1_850' title='bbox 500 5585 588 5667; x_wconf 40' lang='grc' dir='ltr'><strong>ιι)</strong></span> <span class='ocrx_word' id='word_1_851' title='bbox 621 5590 754 5658; x_wconf 80' lang='grc' dir='ltr'>μόνη</span> <span class='ocrx_word' id='word_1_852' title='bbox 783 5588 955 5667; x_wconf 54' lang='lat' dir='ltr'><strong>vulg:-</strong></span> <span class='ocrx_word' id='word_1_853' title='bbox 1005 5586 1047 5615; x_wconf 78' lang='grc'><strong>⁶¹</strong></span> <span class='ocrx_word' id='word_1_854' title='bbox 1081 5585 1332 5667; x_wconf 50' lang='lat' dir='ltr'><strong>Astraeo;</strong></span> <span class='ocrx_word' id='word_1_855' title='bbox 1359 5601 1376 5667; x_wconf 75' lang='lat'><strong>°_</strong></span> <span class='ocrx_word' id='word_1_856' title='bbox 1406 5586 1570 5648; x_wconf 90' lang='lat' dir='ltr'><strong>idem,</strong></span> <span class='ocrx_word' id='word_1_857' title='bbox 1591 5588 1701 5667; x_wconf 50' lang='lat' dir='ltr'><strong>col.</strong></span> <span class='ocrx_word' id='word_1_858' title='bbox 1737 5587 1932 5667; x_wconf 23' lang='grc' dir='ltr'><strong>δυ’-ξιξ.</strong></span> <span class='ocrx_word' id='word_1_859' title='bbox 1973 5585 2020 5667; x_wconf 37' lang='grc'><strong>1.,</strong></span> <span class='ocrx_word' id='word_1_860' title='bbox 2067 5585 2342 5667; x_wconf 46' lang='lat' dir='ltr'><strong>aqua»;</strong></span> <span class='ocrx_word' id='word_1_861' title='bbox 2369 5585 2750 5667; x_wconf 30' lang='lat' dir='ltr'><strong>nominatur.”</strong></span> <span class='ocrx_word' id='word_1_862' title='bbox 2771 5585 3044 5667; x_wconf 51' lang='grc' dir='ltr'>Ἥλωνος]</span> <span class='ocrx_word' id='word_1_863' title='bbox 3075 5585 3278 5652; x_wconf 78' lang='lat' dir='ltr'><strong>excidit</strong></span> <span class='ocrx_word' id='word_1_864' title='bbox 3340 5585 3510 5667; x_wconf 67' lang='lat' dir='ltr'><strong>parti-</strong></span> 
     </span>
    </p>
   </div>
   <div class='ocr_carea' id='block_1_116' title="bbox 261 5655 1724 5731">
    <p class='ocr_par' dir='ltr' id='par_1_116' title="bbox 261 5655 1724 5731">
     <span class='ocr_line' id='line_1_116' title="bbox 261 5655 1724 5731; baseline -0.008 -13"><span class='ocrx_word' id='word_1_865' title='bbox 261 5655 485 5731; x_wconf 83' lang='lat' dir='ltr'><strong>cipiutn,</strong></span> <span class='ocrx_word' id='word_1_866' title='bbox 527 5655 880 5731; x_wconf 42' lang='lat' dir='ltr'><strong>etiamquod</strong></span> <span class='ocrx_word' id='word_1_867' title='bbox 915 5655 979 5731; x_wconf 31' lang='lat' dir='ltr'><strong>l‘l.</strong></span> <span class='ocrx_word' id='word_1_868' title='bbox 1023 5655 1256 5731; x_wconf 58' lang='lat' dir='ltr'><strong>supplet,</strong></span> <span class='ocrx_word' id='word_1_869' title='bbox 1294 5655 1724 5731; x_wconf 54' lang='grc' dir='ltr'>γει-γενομένης.</span> 
     </span>
    </p>
   </div>
   <div class='ocr_carea' id='block_1_117' title="bbox 263 5725 1604 5808">
    <p class='ocr_par' dir='ltr' id='par_1_117' title="bbox 263 5725 1604 5808">
     <span class='ocr_line' id='line_1_117' title="bbox 263 5725 1604 5808; baseline -0.008 -20"><span class='ocrx_word' id='word_1_870' title='bbox 263 5725 421 5808; x_wconf 63' lang='grc' dir='ltr'>θῆναι</span> <span class='ocrx_word' id='word_1_871' title='bbox 458 5725 599 5803; x_wconf 76' lang='lat' dir='ltr'><strong>vnlg.</strong></span> <span class='ocrx_word' id='word_1_872' title='bbox 649 5725 726 5761; x_wconf 70' lang='grc' dir='ltr'><strong>’στ’</strong></span> <span class='ocrx_word' id='word_1_873' title='bbox 753 5725 1013 5782; x_wconf 81' lang='grc' dir='ltr'>Σουανξαν</span> <span class='ocrx_word' id='word_1_874' title='bbox 1041 5725 1132 5789; x_wconf 74' lang='lat'><strong>1].,</strong></span> <span class='ocrx_word' id='word_1_875' title='bbox 1169 5725 1436 5779; x_wconf 84' lang='grc' dir='ltr'>Σουανιῶν</span> <span class='ocrx_word' id='word_1_876' title='bbox 1463 5726 1604 5796; x_wconf 69' lang='lat' dir='ltr'><strong>vulg.</strong></span> 
     </span>
    </p>
   </div>
   <div class='ocr_carea' id='block_1_118' title="bbox 1806 5659 3495 5739">
    <p class='ocr_par' dir='ltr' id='par_1_118' title="bbox 1806 5659 3495 5739">
     <span class='ocr_line' id='line_1_118' title="bbox 1806 5659 3495 5739; baseline 0.008 -31"><span class='ocrx_word' id='word_1_877' title='bbox 1806 5662 1847 5687; x_wconf 66' lang='grc'><strong>⁸³³</strong></span> <span class='ocrx_word' id='word_1_878' title='bbox 1871 5659 2097 5711; x_wconf 72' lang='grc' dir='ltr'>Τονάνοι</span> <span class='ocrx_word' id='word_1_879' title='bbox 2136 5659 2224 5725; x_wconf 91' lang='grc' dir='ltr'><strong>ΙΙ.,</strong></span> <span class='ocrx_word' id='word_1_880' title='bbox 2268 5663 2460 5716; x_wconf 75' lang='grc' dir='ltr'>Σαυνοὶ</span> <span class='ocrx_word' id='word_1_881' title='bbox 2491 5664 2634 5734; x_wconf 86' lang='lat' dir='ltr'><strong>vulg.</strong></span> <span class='ocrx_word' id='word_1_882' title='bbox 2713 5664 2759 5696; x_wconf 77' lang='lat'><strong>“</strong></span> <span class='ocrx_word' id='word_1_883' title='bbox 2788 5659 3118 5735; x_wconf 76' lang='grc' dir='ltr'>στερηθῆναι</span> <span class='ocrx_word' id='word_1_884' title='bbox 3145 5667 3232 5731; x_wconf 86' lang='lat' dir='ltr'><strong>B.,</strong></span> <span class='ocrx_word' id='word_1_885' title='bbox 3265 5659 3495 5739; x_wconf 69' lang='grc' dir='ltr'>ὑστερηο</span> 
     </span>
    </p>
   </div>
  </div>
