4006 6214
424 282 532 344 8ὓ3

1295 264 1691 331 ΕΧΟΕΒΡΤΑ
1727 264 1827 325 EX
1864 258 2292 323 MENANDRO
2328 254 2829 319 PROTECTORE‘

3558 244 3663 311 861

424 391 589 463 liquis
619 389 879 446 Romanis
897 388 1147 443 ordinum
1175 384 1402 439 ducibus
1440 381 1712 444 dixerunt,
1739 391 1987 447 magnam
2024 406 2032 432 ι

2114 388 2280 424 τουσιν
2339 371 2543 432 αὑτοῖς.
2626 369 2714 420 Ἐν
2776 363 3018 433 τοσούτῳ
3087 361 3349 429 Ἐξισάτῳ
3407 359 3498 412 καὶ
3556 361 3669 421 τοῖς

427 488 714 539 Persarum
755 493 966 533 manqu
1003 475 1201 530 Suanis
1240 474 1433 528 bellum
1486 472 1687 527 inferre
1732 468 1993 523 nuntiari.

428 575 786 642 Quamobrem
824 584 945 623 cum
1002 581 1105 619 non
1141 565 1365 619 idoneas
1408 564 1475 617 ad
1510 562 1868 617 resistendum
1900 560 1996 613 ba-

429 666 625 724 berent
646 662 848 730 copias,
883 669 1083 728 petere,
1114 666 1170 711 ut
1198 658 1435 725 ipsorum
1460 655 1650 708 salutis
1681 668 1849 707 causa
1871 666 1995 705 cum

430 755 794 810 Romanorum
814 752 980 820 copiis
998 749 1259 804 exercitui
1284 748 1571 803 Persarum
1596 747 1807 800 obviam
1836 745 1995 800 irent.

429 845 540 903 Hoc
561 844 683 899 dolo
716 842 884 897 Suani
917 842 1022 906 usi,
1047 852 1100 895 et
1124 841 1283 894 donis
1329 839 1575 894 detneriti
1603 838 1870 905 legionum
1904 852 1999 890 no-

429 948 661 991 strarum
713 935 900 995 duces,
948 933 1308 987 Romanorum
1344 929 1648 999 praesidium
1700 928 1996 995 ejecerunt.

428 1027 605 1081 Persae
629 1034 805 1079 autem
830 1024 1078 1078 celeriter
1111 1024 1453 1081 accedentes,
1478 1019 1735 1072 Suaniam
1762 1031 1873 1071 suae
1905 1032 2000 1081 po-

433 1119 641 1174 testatis
690 1117 958 1172 fecerunt.
1016 1114 1151 1168 llinc
1196 1113 1351 1167 facile
1403 1121 1486 1167 est
1516 1110 1828 1176 intelligere,
1874 1110 1999 1163 olim

435 1207 800 1261 Romanorum
819 1205 957 1275 juris
979 1204 1144 1257 fuisse
1171 1203 1453 1263 Suaniam,
1480 1202 1748 1269 hodieque
1767 1200 1891 1269 jure
1937 1200 2000 1253 il-

434 1299 507 1353 lis
527 1307 848 1368 competere.
882 1295 1016 1350 Nam
1048 1297 1093 1349 si
1127 1296 1330 1364 optimo
1352 1296 1475 1361 jure
1509 1295 1788 1347 constituti
1819 1309 2004 1347 sumus

434 1392 635 1443 domini
664 1389 869 1443 [θείοιο
914 1388 1015 1458 (sic
1045 1388 1186 1442 enim
1205 1396 1259 1441 et
1288 1402 1382 1440 vos
1429 1385 1747 1454 jampridem
1790 1400 2003 1454 {equum

432 1478 728 1532 ceusuistis
751 1479 791 1547 ),
832 1493 935 1531 non
972 1477 1175 1544 absque
1206 1475 1417 1529 ratione
1448 1474 1672 1534 Suania,
1709 1488 1828 1542 qua:
1864 1473 2005 1527 infla

437 1569 682 1624 Lazicam
715 1569 815 1622 sita
844 1579 947 1629 est,
980 1569 1030 1620 in
1058 1575 1299 1621 nostrum
1334 1565 1421 1632 jus
1456 1564 1457 1567 “
1486 1564 1895 1633 dominiumque
1920 1580 2005 1619 ce-

437 1660 757 1715 deredebet.
795 1678 812 1710 ι
838 1660 934 1713 Cui
958 1658 1194 1713 Surenas
1220 1657 1501 1724 respondit
1530 1670 1543 1709 :
1574 1674 1592 1707 ι
1626 1656 1702 1712 Eo
1750 1657 2008 1724 iniquior't

436 1752 616 1805 animo
638 1751 925 1820 etgravius
955 1750 1053 1803 ista
1083 1748 1256 1811 fertis,
1283 1764 1315 1802 ο
1344 1746 1591 1811 Romani,
1616 1747 1769 1816 quod»
1790 1764 1850 1801 ea
1875 1762 2006 1817 gens

436 1860 531 1895 sua
560 1851 751 1911 sponte
777 1852 831 1896 et
860 1841 999 1895 ultro
1028 1855 1148 1895 sese
1174 1854 1372 1894 nostrae
1396 1839 1647 1908 potestati
1698 1839 1947 1907 permisit
1985 1856 2009 1890 ι

437 1931 633 1990 Zirbus
670 1931 783 1999 ejus
817 1930 975 1986 verba
1003 1929 1301 1997 suscipiens
1330 1944 1345 1982 :
1391 1945 1412 1978 ι
1449 1927 1612 1983 Suani
1646 1929 1759 1985 suis
1806 1928 2013 1998 legibus

435 2034 567 2081 sum
605 2025 708 2087 usi,
748 2024 948 2092 inquit,
992 2035 1163 2090 neque
1198 2034 1431 2089 unquam
1464 2019 1784 2074 Colchorum
1840 2021 2010 2089 impe-

440 2117 520 2169 rio
549 2123 894 2184 paruerunln
925 2112 1060 2166 Tum
1096 2111 1332 2166 Petrus:
1366 2130 1385 2163 ι
1417 2112 1474 2166 Si
1499 2121 1578 2178 tu,
1608 2126 1639 2166 o
1663 2111 1850 2177 Ziche,
1875 2111 2014 2168 Sua-

441 2208 543 2260 niaa
579 2222 775 2260 nomen
829 2206 879 2259 in
915 2204 1273 2259 conventione
1301 2204 1449 2273 pacis
1492 2203 1668 2259 omitti
1699 2204 1891 2269 mavis,
1916 2204 2016 2262 ltoc

446 2309 625 2352 tamen
672 2311 1056 2361 commemora,
1098 2305 1147 2350 te
1173 2295 1303 2351 mihi
1337 2294 1586 2351 Lazicam
1639 2296 1869 2351 reddere
1891 2311 2012 2351 cum

442 2389 711 2456 gentibus,
738 2406 854 2458 qua:
888 2388 1016 2445 huic
1038 2389 1240 2458 regioni
1270 2388 1529 2458 subjecta:
1554 2399 1699 2443 sunt.
1736 2408 1754 2442 ι
1780 2419 1848 2429 -
1883 2408 1900 2441 ι
1926 2389 2017 2444 Sic

446 2482 548 2536 lioc
601 2482 759 2549 facio,
791 2482 967 2550 inquit
1019 2480 1242 2544 Ziehus,
1298 2482 1479 2535 aditus
1519 2482 1611 2535 tibi
1643 2482 1923 2549 aperietur
1950 2482 2018 2538 de
2064 2510 2073 2519 ~

446 2572 615 2629 Iberia
660 2589 877 2643 quoque
929 2573 1350 2628 controversiam
1377 2587 1616 2628 movere.
1654 2572 1786 2625 Nam
1827 2573 1881 2625 in
1926 2587 2016 2628 tuo

450 2666 675 2719 arbitrio
698 2666 804 2720 erit
834 2665 1037 2729 dicere,
1071 2665 1240 2733 ipsam
1271 2677 1486 2732 quoque
1518 2662 1821 2731 subjemam
1850 2664 2018 2720 fuisse

452 2757 630 2815 Lazis.
670 2775 689 2807 ι
711 2785 780 2796 -
805 2774 827 2807 ι
850 2755 1189 2809 Manifestum
1214 2764 1296 2809 est
1315 2754 1499 2824 igitur,
1526 2769 1558 2808 o
1581 2753 1763 2822 Ziche,
1800 2756 2020 2812 tenolle

452 2848 608 2901 nobis
626 2848 887 2917 integram
910 2846 1158 2906 Lazicam
1182 2847 1494 2912 restituere,
1507 2847 1602 2902 sed
1617 2845 1731 2914 ejus
1752 2856 1980 2915 partem.
1995 2868 2019 2901 λ

451 2967 521 2981 -ο
554 2937 717 2993 Multa
754 2937 915 2993 etiam
941 2936 1043 2991 alia
1075 2936 1215 2992 ultro
1235 2936 1479 3005 citroque
1496 2935 1675 2992 Persa:
1701 2948 1757 2991 et
1783 2937 2015 2994 Romani

2099 464 2308 535 ἑτέροις
2337 462 2598 531 ἡγεμόσιν
2624 459 2732 512 τῶν
2764 455 3091 527 Ῥωμαϊκῶν
3120 453 3415 523 ταγμάτων
3439 451 3671 520 ἔφησαν,

2097 554 2178 607 ὅτι
2216 573 2235 605 ι
2281 552 2630 620 Πολυπληθία
2672 549 2898 620 Περσῶν
2943 546 3272 614 ἀγγέλλεται
3301 546 3347 575 ⁶⁶
3416 541 3672 613 χωροῦσα

2099 645 2241 700 κατὰ
2304 643 2586 707 Σουάνων,
2639 642 2777 710 πρὸς
2832 642 2897 710 ἢν
2953 639 3250 707 ἀξιόμαχον
3304 635 3405 687 οὑκ
3466 634 3667 702 ἔχομεν

2100 733 2349 802 δύναμιν.
2387 731 2547 785 ’Λλλά
2577 731 2636 782 τὸ
2667 732 2915 782 συνοῖσον
2957 726 3318 797 βουλεύσασθε
3345 726 3411 787 ",
3445 723 3545 788 ξῦν,
3561 725 3677 784 τοῖς

2099 822 2338 876 ἐνταῦθα
2406 820 2689 890 Ῥωμαίων
2749 818 3075 885 καταλόγοις
3142 813 3553 885 ὑποχωροῦντες
3610 813 3676 878 τῇ

2100 914 2318 984 Μηδικῇ
2361 912 2611 982 στρατιᾷ.
2640 928 2657 961 ι
2703 907 2955 977 Τοσούτῳ
2984 905 3319 976 χρησάμενοι
3368 902 3594 961 Σουάνοι
3632 900 3679 933 ⁵⁸

2101 1006 2259 1076 δόλῳ,
2294 1004 2388 1057 καὶ
2416 1002 2610 1074 δώροις
2643 1002 3037 1061 ἀναπείσαντες
3069 996 3195 1059 τοὺς
3221 994 3341 1050 τῶνι
3362 992 3681 1058 καταλόγων

2104 1100 2147 1131 θ’
2169 1097 2483 1159 ἐπιστάτας,
2520 1092 2858 1147 ἀπεϐἀλοντο
2888 1090 2934 1122 ⁷⁰
2972 1088 3125 1158 παρά
3176 1087 3336 1155 σφῶν.
3379 1086 3478 1153 τὴν
3546 1084 3687 1136 Ῥω-

2108 1192 2281 1262 μαίων
2318 1190 2589 1259 φυλακήν.
2642 1186 2709 1243 Οἱ
2750 1186 2809 1240 δὲ
2849 1186 3055 1256 Πέρσαι
3101 1183 3195 1249 ξὺν
3226 1183 3379 1252 τάχει
3430 1198 3686 1251 παραγε-

2105 1282 2321 1353 νόμενοι
2350 1278 2613 1333 Σουανίαν
2638 1278 2850 1332 ἔλαϐον.
2897 1275 3145 1344 Ληπτέον
3172 1267 3264 1325 οὖν
3295 1270 3561 1334 ἐντεῦθεν,
3609 1270 3687 1331 ὡς

2107 1375 2203 1429 καὶ
2242 1370 2531 1441 Ῥωμαίων
2558 1369 2821 1423 ἀνέκαθεν
2852 1368 3093 1435 ὑπῆρχεν
3124 1366 3192 1426 τί,
3235 1362 3328 1415 καὶ
3383 1361 3686 1429 Ῥωμαίοις

2106 1464 2336 1537 ἁρμόζει
2405 1465 2666 1534 τήμερον.
2759 1461 2821 1514 Εἰ
2879 1460 2987 1528 γὰρ
3059 1458 3370 1511 δικαιότατα
3439 1452 3688 1521 Λαζικῂ

2082 1554 2286 1625 ,κύριοι
2321 1553 2768 1622 καθεστήκαμεν,
2809 1550 2952 1603 καθά
2999 1548 3268 1619 δήπουθεν
3302 1547 3460 1615 ὑμεῖς
3485 1544 3690 1613 ἐψηφί-

2110 1646 2297 1710 σασθε,
2337 1645 2598 1707 Σουανιας
2643 1645 2741 1714 τῆς
2785 1642 2890 1695 ὑπὸ
2918 1640 3159 1711 Λαζικὴν
3188 1640 3288 1693 οὑκ
3319 1638 3426 1692 ἀπὸ
3476 1637 3700 1708 τρόπου,

2112 1740 2469 1810 δεσπόσομεν.
2499 1757 2518 1790 ι
2615 1738 2678 1793 '0
2734 1737 2791 1788 δὲ
2858 1735 3132 1805 Σουρήνας
3174 1733 3279 1802 ἔφη
3311 1746 3325 1760 ·
3365 1749 3383 1782 ι
3415 1728 3693 1799 ’Δχθεσθε

2118 1834 2342 1903 μᾶλλον,
2381 1833 2663 1901 Ῥωμαῖοι,
2693 1831 2774 1883 ὅτι
2802 1828 2953 1890 ἔθνος
2984 1826 3281 1897 αὐθαίρετα
3306 1822 3399 1876 καί.
3428 1821 3695 1884 ἑκουσίως

2114 1923 2525 1995 πτροσεπέλασεν
2580 1922 2735 1992 ἡμῖν.
2790 1938 2809 1971 ι
2901 1918 2963 1970 '0
3020 1916 3120 1986 Ζὶχ
3188 1912 3475 1967 ὑπολαϐὼν
3538 1912 3646 1978 ἔφη
3677 1927 3689 1938 ·

2120 2034 2137 2067 ι
2171 2014 2468 2082 Λὺτόνομοι
2514 2012 2771 2079 γεγόνασι
2828 2007 3074 2071 Σουάνοι,
3128 2005 3223 2058 καὶ
3259 2005 3318 2057 οὑ
3353 2002 3569 2055 πώποτε
3628 2003 3702 2070 τῇ

2116 2106 2340 2175 Κόλχων
2391 2102 2762 2171 ὑπεκλίθησαν
2821 2099 2985 2167 ἀρχῇ.
3020 2115 3039 2147 ι
3097 2090 3263 2156 Αὖθις
3316 2092 3390 2156 ὡς
3444 2092 3537 2143 τὸν
3598 2092 3699 2160 Ζὶχ

2117 2196 2296 2263 ἔλεξεν
2341 2197 2369 2249 ὁ
2401 2194 2603 2264 Πέτρος
2631 2209 2645 2224 °
2699 2209 2718 2244 ι
2753 2187 2884 2257 Εἷγε
2919 2189 2993 2260 μὴ
3023 2186 3238 2257 βούλει,
3270 2179 3314 2237 ὦ
3344 2186 3462 2255 Ζ¹ιχ.
3497 2185 3555 2234 ὲν
3584 2184 3699 2244 τοῖς

2116 2291 2215 2359 τῆς
2270 2288 2494 2357 εἰρήνης
2549 2281 2937 2354 συμϐουλαίοις
3007 2278 3179 2349 ὄνομα
3219 2278 3264 2309 ⁷³
3320 2275 3379 2328 τὸ
3432 2274 3701 2334 Σουανίας

2120 2378 2441 2451 ἐγχαράξαι,
2482 2377 2746 2447 σήμανον,
2791 2373 2864 2434 ὼς
2892 2369 3160 2433 ἀποδίδως
3210 2385 3300 2438 μοι
3325 2365 3571 2433 Λαζικὴν
3603 2363 3703 2427 ξὺν

2116 2475 2227 2534 τοῖς
2265 2467 2726 2536 ὑποτεταγμένοις
2780 2464 2989 2517 ἔθνεσιν
3036 2462 3195 2531 αὑτῇ.
3224 2478 3243 2511 ι
3312 2459 3371 2512 '0
3421 2457 3541 2526 Ζὶχ,
3584 2475 3605 2506 ‹
3640 2456 3703 2507 Εἰ

2118 2566 2277 2617 τοῦτο
2308 2604 2323 2627 ,
2392 2562 2494 2631 ἔφη
2525 2601 2539 2625 ,
2610 2560 2863 2628 ποιήσω,
2918 2555 3071 2610 ἄδειά
3144 2570 3225 2606 σοι
3268 2550 3554 2620 δοθήσεται
3606 2549 3707 2600 καὶ

2122 2658 2250 2728 περὶ
2290 2654 2531 2725 Ἰϐηρίας
2560 2649 2947 2721 ἀμφισϐητεῖν,
2991 2646 3111 2700 κατ’
3156 2643 3404 2709 ἐξουσίαν
3433 2659 3493 2694 τε
3524 2641 3706 2702 εἴποις

2122 2748 2208 2812 ἂν,
2230 2746 2304 2808 ὡς
2323 2749 2415 2799 καὶ
2442 2743 2579 2815 αὑτὴ
2605 2743 2870 2810 κατήκοος
2890 2740 3133 2808 ὲγεγόνε.
3154 2735 3369 2799 Λαζῶν.
3401 2753 3421 2786 ι
3452 2765 3521 2774 -—
3548 2753 3566 2786 ι
3613 2733 3707 2785 Ἐν

2122 2838 2355 2909 δηλώσει
2386 2837 2463 2902 δὲ,
2499 2856 2519 2887 ι
2572 2838 2600 2889 ὁ
2628 2834 2857 2904 Πέτρος,
2911 2851 2929 2884 ι
2963 2830 3280 2899 γεγένησαι,
3314 2822 3358 2881 ὦ
3389 2828 3508 2895 Ζὶχ,
3537 2825 3612 2886 ὡς
3643 2826 3708 2877 οὑ

2126 2932 2304 3004 βούλει
2348 2932 2529 2983 πᾶσαν
2585 2929 2715 2997 ἡμῖν
2767 2924 3058 2979 ἀποδοῦναι
3103 2920 3367 2990 Λαζικὴν,
3407 2918 3550 2972 ἀλλά
3582 2934 3709 2969 τινα

447 3040 503 3086 et
537 3032 788 3085 dixerunt
824 3041 879 3087 et
927 3030 1214 3086 audierunt
1262 3030 1326 3085 de
1381 3028 1604 3097 Suania,
1640 3045 1815 3100 neque
1848 3038 2022 3087 tamen

2135 3028 2326 3097 μοῖραν
2358 3022 2548 3090 αὐτῆς.
2587 3037 2604 3071 ι
2646 3017 2823 3072 Πολλὰ
2854 3018 2951 3088 μὲν
2989 3013 3083 3070 οὖν
3110 3015 3207 3067 καὶ
3234 3014 3397 3082 ἕτερα
3435 3008 3705 3078 Ῥωμαῖοί

448 3119 738 3174 convenire
778 3127 1086 3188 potuerunt.
1125 3119 1232 3175 Sed
1288 3128 1453 3174 totam
1481 3134 1594 3175 rem
1624 3121 1689 3175 ad
1710 3121 1850 3190 regis
1890 3119 2019 3176 Per-

450 3227 630 3265 sarum
661 3211 946 3266 arbitrium
994 3211 1318 3278 rejecerunt,
1352 3210 1493 3280 apud
1524 3225 1682 3280 quem
1736 3211 1934 3266 Zicbus
1963 3226 2021 3266 se

450 3304 609 3359 Petro
637 3318 812 3373 neque
840 3303 1021 3357 studio
1052 3318 1227 3371 neque
1260 3302 1431 3371 gratia
1477 3301 1820 3367 defuturum,
1856 3318 2019 3372 quum

450 3396 686 3463 primum
708 3392 775 3447 ad
815 3392 1109 3446 Cbosroem
1154 3390 1425 3452 rediisset,
1450 3389 1827 3457 jurejurando,
1878 3391 2020 3458 quod

452 3485 599 3553 apud.
620 3486 812 3538 Persas
841 3488 1246 3536 sacrosanctum
1277 3479 1522 3545 babetur,
1558 3482 1715 3535 ﬁdem
1747 3496 1897 3535 suam
1927 3482 2022 3535 ob-

453 3571 692 3628 strinxit.
719 3568 921 3623 Deinde
948 3566 1146 3621 Zicbus
1184 3580 1489 3621 sermonem
1508 3568 1680 3623 movit
1712 3567 1779 3622 de
1801 3568 2020 3633 Ambro,

455 3661 808 3719 Alamuudari
852 3661 983 3727 tilio,
1019 3660 1439 3730 [Saracenorum
1473 3661 1631 3727 duce,
1662 3659 1905 3728 dixitque
1944 3658 2025 3717 illi

456 3750 657 3806 debere
708 3759 923 3805 centum
965 3752 1081 3804 auri
1125 3750 1293 3806 libras
1342 3757 1396 3804 et
1433 3763 1645 3816 aequum
1676 3763 1817 3816 esse,
1843 3756 2023 3802 uteas

456 3843 746 3911 acciperet,
792 3842 933 3905 sicut
981 3852 1033 3896 et
1065 3841 1130 3905 is,
1182 3840 1279 3910 qui
1310 3850 1436 3894 ante
1492 3840 1887 3895 Saracenorum
1917 3839 2024 3894 dux

458 3934 657 3991 fuerat.
680 3933 878 3990 Contra
903 3936 1038 3990 dixit
1062 3935 1256 3991 Petrus
1279 3948 1299 3988 :
1334 3952 1355 3986 ι
1394 3932 1789 3988 Saracenorum
1810 3933 2021 3998 ducem,

457 4024 554 4095 qui
595 4035 720 4079 ante
746 4026 1006 4087 Ambrum
1052 4024 1249 4089 fuerat,
1306 4026 1602 4095 imperator
1639 4033 1824 4080 noster
1853 4024 2025 4079 libero

457 4119 575 4172 auri
600 4118 739 4171 dono
765 4116 927 4170 nullis
949 4117 1148 4171 litteris
1190 4115 1475 4178 obstricto,
1513 4114 1729 4183 quando
1764 4113 1866 4183 ipsi
1914 4111 2027 4181 plaq

458 4209 634 4273 cebat,
665 4207 823 4280 140
844 4223 1037 4262 ornare
1065 4206 1289 4261 solebat.
1310 4204 1621 4259 Mittebatur
1643 4204 1804 4272 igitur
1830 4202 1896 4257 ad
1922 4202 2025 4257 Sa-

2120 3136 2179 3172 τε
2207 3117 2299 3171 καὶ
2333 3115 2537 3183 Πέρσαι
2582 3110 2827 3172 εἰπόντες
2862 3125 2923 3167 τε
2969 3108 3063 3167 καὶ
3102 3103 3399 3174 ἀκηκοότες
3435 3099 3704 3159 Σουανίας

2121 3211 2273 3280 πέρι,
2320 3208 2467 3278 ὅμως
2526 3204 2585 3256 ού
2621 3200 2945 3271 ξυνέϐησαν.
2996 3199 3163 3257 Δοκεῖ,
3197 3191 3487 3262 τοιγαροῦν
3517 3190 3711 3251 αὑτοῖς

2126 3301 2257 3371 περὶ
2286 3298 2381 3351 τοῦ
2410 3294 2615 3349 τοιοῦδε
2647 3294 2737 3347 τὸν
2766 3292 2989 3364 βασιλέα
3039 3286 3408 3355 ὲπισκοπῆσαι
3453 3282 3708 3352 Περσῶν.

2124 3392 2235 3445 Καὶ
2260 3391 2409 3459 ὅρκῳ
2430 3386 2770 3440 ἐπιστώσατο
2788 3387 2816 3438 ὸ
2845 3386 2963 3454 Ζὶχ,
3052 3382 3114 3420 ⁷³ι
3134 3378 3447 3447 νενόμισται
3470 3376 3711 3443 Πέρσαις

2122 3482 2342 3552 ὀμνύειν
2374 3520 2390 3547 ,
2441 3478 2905 3544 ξυνεπιλαϐέσθαι,
2959 3474 3151 3543 Πέτρῳ
3188 3471 3264 3534 ὡς
3305 3468 3554 3538 Χοσρόην
3594 3469 3710 3532 (ww

2128 3572 2430 3643 ικνουμένῳ
2468 3571 2633 3625 ἓνεκα
2681 3569 2964 3632 Σουανίας.
2992 3563 3127 3621 Εἶτα
3168 3564 3263 3618 τοῦ
3298 3565 3395 3631 Ζὶχ
3422 3563 3551 3622 τοὺς
3580 3559 3715 3627 περὶ

2128 3663 2377 3733 Ἀμϐρου
2421 3661 2515 3715 τοῦ
2563 3658 2998 3731 Ἀλαμουνδάρου
3032 3657 3078 3688 ⁷⁵
3106 3654 3200 3709 τοῦ
3235 3653 3343 3707 τῶν
3370 3650 3714 3722 Σαρακηνῶν

2125 3752 2425 3825 ἡγουμένου
2478 3753 2797 3823 κινήσαντος
2847 3749 3066 3817 λόγους,
3134 3744 3434 3816 φάσκοντός
3488 3757 3573 3804 τε,
3619 3741 3714 3792 ὅτι

2122 3864 2187 3917 γε
2236 3846 2407 3916 δήπου
2458 3843 2555 3898 καὶ
2592 3842 2791 3907 αὐτὸν,
2851 3840 3042 3910 ὥσπερ
3086 3839 3179 3890 καὶ⁸
3229 3837 3321 3889 τὸν
3376 3832 3484 3904 πρὸ
3543 3831 3715 3883 αὑτοῦ

2126 3938 2366 4008 ἡγεμόνα
2394 3933 2488 3988 τοῦ
2515 3930 2892 4005 Σαρακηνικοῦ
2924 3932 2970 3962 ⁷⁸
2992 3971 3007 3996 ,
3049 3926 3371 3999 κομίζεσθαι
3401 3921 3583 3995 χρεὼν
3612 3922 3713 3982 τὰς

2127 4028 2320 4083 ἑκατὸν
2369 4026 2592 4099 χρυσίου
2653 4025 2862 4095 λίτρας,
2913 4024 3171 4077 ἀντεῖπεν
3218 4021 3246 4071 ὁ
3294 4018 3525 4087 Πέτρος,
3568 4015 3713 4067 ὥστε

2133 4119 2282 4177 «Τὸν
2327 4116 2435 4186 πρὸ
2492 4113 2741 4184 ’Λμϐρου
2777 4111 3019 4183 ἡγεμόνα
3068 4109 3245 4178 δωρεᾷ
3293 4122 3400 4159 τινι
3454 4104 3715 4173 ἀγράφῳ,

2127 4208 2237 4275 ὅσῳ
2269 4206 2334 4259 ἂν
2371 4204 2474 4274 ἡϐο
2488 4201 2647 4255 ύλετο
2680 4200 2889 4272 χρυσίῳ
2923 4200 3017 4261 καὶ
3045 4198 3301 4267 ὁπηνίκα,
3336 4198 3364 4248 ὁ
3393 4194 3512 4247 καθ’
3566 4194 3716 4260 ἡμᾶς

460 4316 717 4358 racenum
772 4299 1011 4363 nuntius,
1059 4298 1153 4366 qui
1208 4305 1396 4350 vectus
1436 4294 1716 4350 celeritate
1762 4308 2024 4362 equorum

2131 4297 2547 4368 ἐφιλοφρονεῖτο
2580 4293 2866 4362 δεσπότης.
2952 4288 3252 4359 Τοιγαροῦν
3318 4284 3595 4341 ἐστέλλετο
3642 4287 3716 4351 τῇ

461 4393 821 4461 publicorum,
878 4390 1128 4444 redderet
1164 4388 1305 4457 quod
1334 4387 1407 4441 illi
1440 4387 1733 4454 imperator
1762 4386 2019 4440 d0uatum

2133 4390 2394 4460 ταχυτῆτι
2460 4386 2566 4443 τῶν
2639 4384 2914 4457 δημοσίων
2976 4383 3158 4436 ῖππων
3217 4378 3509 4450 ὀχούμενος
3572 4376 3718 4442 ἀνὴρ

460 4484 694 4539 volebat.
720 4480 827 4537 Sed
848 4491 971 4535 ante
992 4479 1297 4534 Saracenus
1317 4493 1414 4548 per
1436 4477 1694 4546 legatum,
1714 4491 1871 4544 quem
1906 4475 2030 4529 mit-

2132 4480 2534 4551 ἀγγελιαφόρος
2559 4479 2633 4543 ὡς
2661 4478 2752 4532 τὸν
2798 4476 3134 4547 Σαρακηνὸν,
3164 4472 3630 4541 ἀποκαταστήσων
3666 4470 3719 4520 οἱ

463 4577 628 4639 tebat,
655 4575 1035 4644 imperatorem
1069 4580 1310 4626 nostrum
1358 4569 1513 4624 donis
1541 4569 1643 4623 sibi
1686 4568 2028 4624 conciliabat.

2130 4574 2192 4629 τὸ
2252 4574 2390 4642 ὅπερ
2427 4574 2721 4641 ἐτύγχανεν
2752 4568 2900 4639 αὐτῴ
2944 4566 3195 4638 πεμφθὲν
3249 4564 3385 4633 πρὸς
3432 4561 3527 4614 τοῦ
3578 4558 3720 4611 Ῥω-

461 4666 617 4720 Tunc
642 4665 837 4719 iterum
864 4664 1155 4733 imperator
1192 4659 1430 4719 vicissim
1473 4658 1651 4728 aliqua
1710 4659 2032 4713 liberalitate

2144 4662 2304 4733 μαίου
2354 4660 2638 4731 βασιλέως.
2721 4658 2877 4713 Οὕτω
2920 4675 2981 4711 τε
3032 4660 3091 4719 ὲς
3139 4652 3447 4724 τοῦμπαλιν
3494 4654 3558 4703 ὲκ
3614 4648 3719 4701 τοῦ

464 4755 796 4811 Saracenum
824 4754 924 4807 sibi
948 4752 1219 4807 devincire
1259 4749 1530 4806 Studebat.
1573 4749 1630 4804 Si
1659 4750 1893 4805 Ambrus
1925 4750 2026 4819 igi—

2138 4753 2455 4822 Σαρακηνοῦ
2524 4750 2600 4813 ὡς
2675 4749 2898 4820 βασιλέα
2948 4748 3039 4801 τὸν
3101 4745 3378 4816 ἡμεδαπὺν
3435 4742 3723 4812 ἐπέμπετο

466 4858 552 4902 tur
584 4847 656 4900 ita
693 4844 871 4899 facere
894 4845 1216 4910 decreverit,
1241 4854 1295 4900 et
1326 4844 1638 4915 imperatori
1666 4852 1857 4898 nostro
1887 4840 2027 4895 idem

2140 4844 2464 4915 δωροφορῶν
2504 4841 2866 4911 πρεσϐευτής.
2920 4837 3052 4892 Εῐτα
3081 4836 3363 4906 ἀντιδώρῳ
3397 4830 3553 4895 αὖθις
3596 4834 3723 4901 ἐφι-

464 4937 750 5006 placuerit,
779 4936 914 4993 bene
939 4944 1056 5001 est;
1084 4935 1166 4991 sin
1188 4935 1385 4999 minus,
1417 4936 1617 4989 frustra
1649 4932 1947 4997 contendit,
1977 4942 2032 4985 et

2136 4937 2447 5007 λοφρονεῖτο
2491 4935 2580 4987 τὸν
2612 4932 2927 5003 Σαρακηνὺν
2946 4933 2974 4984 ὁ
3014 4929 3132 4982 καθ’
3160 4929 3309 4999 ἡμᾶς
3334 4926 3721 4995 αὐτοκράτωρ.

465 5028 684 5081 demens
713 5037 817 5092 est,
838 5042 1012 5095 neque
1069 5027 1362 5095 quidquam
1394 5026 1723 5095 impetrabit.
1754 5044 1773 5077 ι

2138 5028 2201 5081 Εἰ
2236 5026 2481 5096 βούλεται
2510 5020 2602 5077 οὖν
2633 5023 2728 5076 καὶ
2761 5022 3006 5093 ’Λμϐρος
3045 5020 3186 5079 κατά
3222 5017 3399 5072 ταῦτα
3433 5018 3631 5077 ποιεῖν,
3669 5015 3724 5066 εἰ

464 5121 613 5175 δοκεῖ
642 5123 733 5173 καὶ
758 5119 836 5191 τῷ
865 5119 983 5175 καθ’
1008 5121 1157 5189 ἡμᾶς
1184 5119 1410 5190 βασιλεῖ·
1441 5121 1489 5173 εί
1514 5120 1570 5173 δέ
1591 5136 1653 5187 γε
1679 5121 1740 5172 οὑ
1808 5119 2075 5189 βούλεται,
2151 5122 2291 5175 κινεῖ
2333 5117 2630 5188 τηνάλλως,
2685 5116 2821 5185 πρός
2871 5129 2932 5177 γε
2987 5112 3083 5165 καὶ
3127 5109 3457 5181 ήλιθιώτατα
3502 5107 3718 5179 φρονεῖ.

479 5216 790 5269 ’Λποίσεται
823 5215 932 5285 γὰρ
963 5214 1114 5271 οὐδὲν
1148 5214 1380 5268 ὁτιοῦν.»

542 5306 668 5363 Haec
697 5316 751 5361 ct
772 5304 875 5359 alia
906 5305 1074 5358 multa
1102 5318 1225 5359 cum
1257 5304 1397 5359 inter
1429 5317 1487 5359 se
1512 5304 1828 5374 agitassent,
1868 5302 2032 5359 foede-

2218 5303 2445 5359 Τούτων
2478 5298 3053 5373 διαμφισϐητηθέντων
3081 5294 3178 5349 καὶ
3207 5295 3429 5366 ἑτέρων,
3468 5292 3723 5361 ἐγράφη-

1778 5419 2018 5478 ἾΑΒΙᾹΞ
2058 5420 2460 5478 LECTIONES.

541 5546 587 5575 “
613 5546 936 5613 ἀγγέλλεται
973 5543 1064 5609 Ν.,
1091 5544 1385 5612 ἀγάλλεται
1416 5544 1575 5615 'vulg.
1649 5545 1692 5575 ⁸⁷
1727 5544 2120 5615 βουλεύσασθαι
2152 5544 2297 5614 vulg.
2378 5544 2423 5575 ⁸⁸
2459 5543 2680 5615 Σουὰνοι
2735 5540 2825 5615 H._.
2887 5539 3132 5615 Xoua'tgtm
3186 5537 3328 5615 vulg.
3354 5535 3450 5615 ﬂ"
3485 5530 3725 5615 καταλόε-

476 5629 587 5685 γωμν
621 5604 710 5677 ΝΖ,
737 5616 908 5685 λόγων
947 5604 1118 5685 vulg”
1140 5604 1321 5685 ’λόχων
1357 5604 1601 5685 Cauto'cl.
1634 5683 1639 5685 Α
1676 5604 2123 5685 τίδ’όιπεϐάλλοντο
2156 5604 2307 5685 μιῆς.
2369 5615 2428 5685 λ⁷¹
2464 5613 2708 5685 ὑπῇρχον
2734 5611 2889 5685 vulg._
2955 5611 2999 5685 '_'
3028 5610 3200 5685 ρνομα
3248 5604 3307 5660 τδ
3353 5604 3441 5669 Νη
3489 5604 3723 5671 ὀνόματι

478 5682 623 5752 Vulg.
698 5685 741 5715 ⁷³
768 5678 923 5757 ᾖιι..
946 5684 979 5754 ἢ
1004 5678 1148 5754 vulg.
1214 5678 1271 5716 ’ίδ
1314 5683 1745 5754 Ἀλαμουνδοὶρου
1772 5682 1858 5748 Ν..
1904 5678 2437 5756 ἈλαμὰνδρούιίιΙθ
2513 5683 2557 5713 ’³⁵
2578 5678 2894 5751 Σαρακηνοῦ
2915 5679 2999 5734 ed.
3028 5678 3146 5733 Par.
