4006 6214
364 186 471 251 865

1150 192 1246 251 DE
1283 191 1842 254 LEGATIONIBUS
1883 195 2375 257 ROMANORUM
2419 199 2517 256 AD
2555 198 2871 259 GENTES.

3515 203 3623 265 £66

367 312 468 349 σαν
534 293 595 347 αἰ
659 293 1173 363 πεντηκοντούτιδες
1238 298 1465 350 σπονδαὶ
1523 300 1787 370 Περσιστὶ
1849 301 1941 353 καὶ

2052 316 2167 354 rum
2193 302 2243 353 in
2291 304 2682 372 quinquaginta
2724 320 2893 358 annos
2927 307 3261 363 conditiones
3309 318 3436 365 sunt
3484 326 3617 379 pra:—

374 389 700 459 Ἐλληνιστί,
724 388 1028 459 μετεϐλήθη
1065 406 1123 441 τε
1149 389 1211 442 τὸ
1248 390 1560 461 Ἑλληνικὸν
1595 394 1675 455 είς
1708 394 1943 461 Περσίδα

362 480 549 549 φωνὴν
607 482 704 533 καὶ
742 479 803 531 τὸ
845 478 1113 549 Περσικὸν
1141 482 1221 540 εἰς
1276 480 1580 551 Ἑλληνίδα.
1632 487 1696 537 Οἱ
1742 485 1799 537 δὲ
1845 485 1945 547 τὰς

365 567 637 637 ξυνθήκας
667 564 1011 637 βεϐαιοῦντες
1065 567 1352 637 Ῥωμαίων
1401 568 1499 638 μὲν
1539 571 1747 639 Πέτρος
1777 574 1805 624 ὁ
1834 570 1943 623 τῶν

365 661 494 727 περὶ
539 658 763 727 βασιλέα
807 655 1125 724 καταλόγων
1159 657 1382 727 ἡγεμὼν
1421 659 1513 710 καὶ
1547 658 1801 721 Εύσὲὁιος
1850 661 1945 712 καὶ

366 752 569 822 ἕτεροι,
624 750 850 820 Περσῶν
890 748 948 802 δέ
990 750 1018 801 ὁ
1064 747 1473 817 Ἰεσδεγουσνάφ
1520 751 1613 802 καὶ
1668 752 1941 821 Σουρήνας

371 844 466 897 καὶ
514 845 714 914 ἕτεροι.
750 841 875 897 Τῶν
910 837 1003 895 οὖν
1035 842 1093 908 ἐξ
1129 842 1390 913 ἐκατέρου
1421 844 1619 913 μέρους
1643 844 1942 912 ὁμολογιῶν

372 938 432 989 ἐν
493 935 781 998 συλλαϐαῖς
855 934 1270 1006 ἀναληφθεισῶν
1305 974 1319 998 ,
1393 934 1943 1005 ἀντιπαρεόλήθησαν

367 1026 627 1097 ἀλλήλαις
671 1026 749 1094 τῷ
801 1024 1109 1097 ἰσώυνάμῳ
1154 1026 1265 1079 τῶν
1299 1026 1703 1097 ἐνθυμημάτων
1752 1044 1811 1079 τε
1846 1028 1941 1079 καὶ

360 1117 648 1185 ῥημάτων.
682 1117 820 1168 Ὅσα
847 1116 903 1168 δέ
928 1117 1171 1185 ἐσήμηνε
1205 1116 1275 1169 τὰ
1302 1118 1399 1186 τῆς
1427 1118 1650 1186 εἰρήνης
1672 1134 1941 1186 γραμμα-

366 1210 504 1269 τεῖα,
540 1206 827 1270 λελέξεται.
878 1207 986 1260 Καὶ
1020 1207 1084 1278 δὴ
1113 1207 1290 1277 δόγμα
1331 1207 1546 1278 ἐγράφη
1592 1207 1830 1278 πρῶτον,
1863 1207 1939 1270 ὼς

356 1300 452 1352 ’διὰ
504 1299 605 1367 τῆς
661 1296 1014 1367 στενοπορίας
1078 1298 1176 1367 τῆς
1237 1298 1443 1351 εἰσόδου
1493 1298 1587 1352 τοῦ
1649 1299 1940 1367 λεγομένου

367 1388 673 1459 Χορουτζδν
732 1389 827 1441 καὶ
880 1387 989 1442 τῶν
1045 1388 1310 1441 Κασπίων
1357 1388 1541 1442 πυλῶν
1600 1389 1673 1459 μὴ
1734 1391 1941 1458 ἐφεῖναι

371 1479 642 1549 Πέρσαςῆ
691 1479 926 1543 Οὕννους
954 1482 987 1551 ἢ
1018 1482 1273 1545 Ἀλανοὺς
1306 1484 1339 1553 ἢ
1374 1484 1595 1555 ἐτέρους
1627 1483 1943 1554 Βαρὸἁρους

366 1568 602 1638 πάροδον
624 1569 898 1623 ποιεῖσθαι
930 1572 1071 1625 κατά
1097 1572 1199 1640 τῆς
1240 1572 1529 1642 Ῥωμαίων
1560 1574 1939 1644 ἐπικρατείαςο

2046 392 2463 461 δοτίριτεϐιιιιοο
2490 405 2544 447 et
2570 394 2808 449 Persice.
2878 397 3081 451 Deinde
3110 398 3295 454 Graeca
3325 400 3374 453 in
3414 418 3621 455 sermo-

2048 494 2165 531 nem
2193 479 2488 543 Persicutu,
2514 490 2567 535 et
2591 478 2809 535 Persica
2841 483 2891 537 in
2915 485 3158 538 (ira-cuni
3181 497 3304 540 sunt
3338 491 3618 544 translata.

2047 569 2363 624 Fmderibus
2386 586 2564 625 autem
2601 574 2897 627 scribendis
2928 584 2982 628 et
3018 575 3274 631 faciendis
3301 578 3567 634 aﬂ'uerunt
3590 599 3621 635 e

2049 658 2305 714 Romanis
2323 660 2534 724 Petrus,
2557 664 2661 715 dux
2684 664 2935 726 militum,
2957 667 3049 730 qui
3070 666 3215 721 circa
3240 668 3618 735 imperatorem

2046 750 2369 815 militabant,
2398 752 2658 808 Eusebius
2679 765 2731 809 et
2758 755 2870 822 alii;
2891 771 2954 809 ex
2987 756 3167 812 Persis
3201 759 3618 832 lt-sdc-gusuaph,

2049 840 2295 895 Surenas
2326 852 2378 896 et
2417 845 2528 898 alii.
2562 844 2682 909 Qun
2697 864 2744 899 ιιι
2774 848 2936 916 igitur
2961 851 3346 905 conventiones
3383 855 3449 907 ab
3476 865 3621 907 utra-

2048 946 2152 1000 que
2229 942 2382 1000 parte
2453 934 2648 989 litteris
2717 941 2984 993 mandatae
3055 953 3268 1007 essent,
3336 952 3621 1013 utramque

2047 1024 2187 1077 inter
2255 1038 2313 1077 se
2380 1038 2800 1094 compararunt,
2867 1039 2926 1083 ut
2992 1036 3154 1085 verba
3221 1044 3276 1088 et
3342 1038 3623 1089 sententia:

2047 1116 2189 1169 idrm
2225 1116 2486 1171 valerent.
2517 1118 2645 1183 Qum
2675 1131 2854 1173 autem
2888 1120 3036 1187 pacis
3069 1120 3230 1175 libelli
3258 1126 3620 1189 continerent,

2046 1207 2311 1264 dicentur.
2348 1207 2593 1261 Primum
2625 1211 2785 1279 igitur
2825 1211 3105 1262 decretum
3141 1211 3238 1263 fuit
3270 1228 3282 1264 :
3314 1229 3378 1265 ne
3406 1230 3496 1282 per
3520 1232 3618 1268 an-

2047 1301 2252 1365 gustias
2286 1301 2401 1369 ejus
2431 1302 2697 1364 introitus,
2730 1305 2818 1370 qui
2853 1302 3158 1358 Chorntson
3202 1306 3522 1374 appellatur,
3567 1319 3621 1363 et

2040 1396 2229 1456 portas
2257 1390 2483 1458 Caspias
2526 1391 2725 1455 Persis,
2767 1402 2859 1445 aut
2912 1393 3139 1459 llunnis,
3174 1406 3265 1448 aut
3294 1397 3503 1462 Alanis,
3528 1410 3623 1452 aut

2046 1473 2168 1528 aliis
2200 1474 2450 1531 Barbaris
2492 1481 2544 1531 in
2578 1478 2948 1534 Romanorum
2980 1482 3115 1537 fines
3145 1487 3377 1541 transire
3407 1487 3619 1551 liceret,

2049 1578 2186 1619 neve
2234 1564 2461 1621 Romani
2494 1573 2543 1621 in
2577 1585 2637 1623 ea
2678 1570 2790 1624 loca
2823 1584 2913 1625 aut
2963 1574 3013 1626 in
3047 1575 3207 1628 aliam
3242 1592 3622 1649 quamcunque

371 1635 507 1729 μήτε
536 1658 593 1711 δὲ
638 1659 941 1728 Ῥωμαίους
991 1663 1049 1714 ἐν
1080 1635 1229 1733 αὐτῷ
1260 1635 1432 1734 δήπου
1463 1665 1541 1735 τῷ
1571 1635 1751 1735 χώρω,
1802 1635 1939 1737 μήτε

2052 1664 2255 1723 partem
2287 1658 2469 1712 finium
2502 1658 2830 1714 Medicorum
2877 1667 3171 1719 exercitum
3206 1676 3393 1721 contra
3432 1669 3622 1724 Persas

356 1751 476 1818 pip)
503 1752 560 1802 ἐν
604 1749 783 1814 ἄλλοις
825 1753 1088 1820 Μηδικοῖς
1123 1755 1290 1824 ὁρίοις
1342 1755 1654 1826 στράτευμα
1701 1758 1940 1811 στέλλειν

364 1840 506 1893 κατὰ
540 1841 781 1911 Περσῶν.
828 1844 1112 1914 Δεύτερον,
1156 1844 1230 1907 ὼς
1263 1845 1329 1899 ἂν
1364 1848 1411 1899 οἱ
1444 1847 1723 1917 σύμμαχοι
1761 1849 1939 1920 Σαρα-

358 1932 524 2000 οιηνοὶ
578 1932 847 2004 ἑκατέρας
902 1934 1179 1999 πολιτείας
1235 1938 1526 2007 ἐμμένοιεν
1581 1940 1677 1992 καὶ
1731 1941 1780 1994 οἳ
1831 1945 1942 2005 τοῖς

362 2024 734 2093 βεδαιωθεῖσι,
762 2025 856 2077 καὶ
883 2026 1021 2095 μήτε
1041 2028 1171 2090 τοὺς
1203 2028 1429 2099 Περσῶν
1457 2031 1597 2083 κατὰ
1649 2032 1940 2101 Ρωμαίων,

366 2117 513 2183 ,μήτε
574 2112 701 2175 τοὺς
770 2113 1059 2183 Ῥωμαίων
1111 2117 1427 2181 ὁπλίζεσθαι
1491 2123 1635 2173 κατὰ
1691 2121 1937 2191 Περσῶν.

372 2202 530 2255 Κατὰ
558 2203 746 2274 τρίτην
772 2202 945 2268 τάξιν,
983 2204 1125 2258 ὥστε
1168 2206 1294 2269 τοὺς
1323 2209 1599 2278 ἐμπόρους
1656 2209 1942 2280 Ῥωμαίων

368 2311 427 2347 τε
463 2296 557 2348 καὶ
589 2294 811 2365 Περσῶν
838 2295 943 2349 τῶν
981 2297 1277 2352 ὁποιωνοῦν
1324 2301 1580 2369 φορτίων,
1617 2291 1841 2366 τούτους
1882 2303 1941 2355 δὲ

370 2391 465 2441 καὶ
504 2390 628 2453 τοὺς
669 2389 909 2443 τοιούσδε
935 2393 1194 2462 παριστὰς
1227 2394 1371 2447 κατὰ
1401 2394 1461 2447 τὸ
1499 2394 1558 2459 ἐξ
1591 2396 1765 2465 ἀρχῆς
1790 2416 1940 2467 ,κρα-

369 2484 539 2554 τῆσαν
569 2482 689 2546 εθος
724 2484 1132 2553 ἐμπορεύεσθαι
1174 2485 1261 2538 διὰ
1299 2486 1408 2539 τῶν
1439 2488 1745 2557 εἰρημένων
1785 2490 1943 2543 δεκα-

368 2573 694 2646 τευτηρίων.
728 2578 803 2640 Δ⁹,
830 2574 913 2638 ὡς
942 2574 1007 2628 ἂν
1035 2576 1084 2629 oi
1115 2574 1371 2647 πρέσϐεις
1396 2578 1486 2629 καὶ
1516 2580 1561 2630 οί
1588 2581 1652 2648 τῇ
1680 2580 1942 2650 ταχυτῆτι

370 2665 643 2737 χρώμενοι
662 2667 771 2721 τῶν
800 2668 1075 2739 δημοσίων
1098 2668 1277 2721 ἵππων
1298 2669 1434 2739 πρὸς
1460 2671 1558 2732 τὰς
1583 2672 1941 2737 ἀπαγγελίας,

368 2757 399 2809 ὁ
425 2758 521 2827 μὲν
551 2757 610 2821 ἐς
641 2757 711 2812 τὰ
766 2758 1073 2828 Ῥωμαίων,
1127 2760 1154 2810 ὁ
1193 2758 1237 2810 δ’
1280 2761 1335 2821 ἐς
1366 2760 1413 2790 ⁷⁸
1456 2759 1523 2811 τὰ
1557 2760 1783 2830 Περσῶν
1837 2760 1941 2831 ἤθη

368 2846 777 2917 ἀφικνούμενοι,
822 2848 965 2902 κατὰ
1007 2848 1209 2918 ταύτην
1250 2849 1406 2913 ἀξίαν
1457 2851 1641 2902 καὶτὸ
1670 2851 1945 2920 προσῆκον

2044 1748 2349 1814 mitterent;
2373 1751 2698 1814 secundum,
2718 1762 2775 1805 ut
2797 1752 3080 1819 Saraceni,
3096 1758 3374 1827 utriusque
3388 1759 3622 1814 civitatis

2042 1840 2195 1903 socii,
2230 1840 2419 1893 eadem
2449 1854 2600 1909 pacta
2634 1855 2934 1907 servarent,
2970 1862 3142 1915 neque
3196 1849 3247 1902 hi
3287 1851 3378 1918 qui
3424 1851 3619 1906 Roma-

2044 1944 2238 1983 norum
2271 1931 2506 1999 partiunt
2555 1942 2743 1986 essent
2766 1974 2781 1997 ,
2816 1945 3002 1989 contra
3032 1938 3264 2000 Persas,
3310 1955 3483 2011 neque
3525 1944 3617 2012 qui

2043 2018 2353 2085 Persarum,
2404 2032 2591 2075 contra
2649 2021 2920 2078 Romanos
2971 2041 3118 2079 arma
3164 2027 3367 2084 ferrent
3421 2050 3436 2086 :
3508 2042 3619 2087 ter-

2047 2110 2120 2163 tio
2151 2110 2326 2179 capite
2379 2121 2621 2172 cavetur.
2667 2122 2722 2165 ut
2776 2114 3001 2171 Romani
3035 2128 3090 2172 et
3134 2118 3332 2182 Persae,
3366 2134 3623 2188 quarum-

2045 2213 2255 2269 cunquc
2283 2200 2543 2255 mercium
2568 2215 2901 2261 mercatores
2930 2217 2983 2261 et
3013 2211 3398 2278 negotiatores,
3432 2227 3623 2267 secun-

2047 2289 2174 2342 dum
2207 2298 2442 2346 veterem
2480 2307 2683 2348 morem
2714 2310 2885 2365 neque
2919 2298 2973 2351 in
3005 2299 3127 2354 aliis
3180 2302 3335 2365 locis,
3368 2317 3528 2371 quam
3559 2304 3613 2357 in

2048 2382 2243 2450 quibus
2294 2384 2625 2439 decimarum
2662 2388 2857 2442 solutio
2890 2400 2973 2444 est
3009 2391 3235 2457 indicta,
3280 2404 3620 2450 mercaturas

2051 2473 2254 2529 faciant
2282 2491 2298 2540 ;
2331 2486 2531 2544 quarto
2579 2486 2634 2529 ut
2670 2477 2827 2547 legati
2862 2489 2914 2532 et
2958 2481 3172 2550 reliqui,
3202 2485 3315 2551 qui,
3346 2499 3465 2538 cum
3494 2486 3621 2554 quid

2055 2567 2233 2619 nuntii
2254 2567 2549 2635 perferant,
2576 2570 2729 2637 cquis
2749 2571 2976 2638 publicis
3004 2584 3390 2639 utantur,.ttnn
3418 2578 3509 2646 qui
3530 2592 3625 2645 per

2052 2658 2445 2725 Romanorum,
2469 2668 2578 2713 tum
2600 2662 2689 2729 qui
2719 2677 2812 2729 per
2838 2661 3122 2716 Persarum
3143 2666 3385 2735 regiones
3411 2669 3513 2721 iter
3539 2669 3623 2723 hac

2047 2746 2229 2811 beant,
2249 2763 2345 2815 pro
2370 2748 2649 2818 cujusque
2675 2759 2841 2820 gradu
2883 2761 2937 2807 et
2969 2753 3226 2822 dignitate
3259 2756 3461 2811 honore
3505 2757 3624 2811 afﬁ-

2049 2837 2286 2904 ciantur,
2312 2848 2367 2893 et
2393 2839 2571 2894 debita
2604 2856 2731 2893 cura
2771 2843 3133 2912 excipiantur,
3163 2860 3336 2915 neque
3360 2860 3623 2904 cuncten-

374 2936 917 3008 gmﬂmﬂmgazev,
949 2939 1044 2993 καὶ
1064 2938 1163 3007 τῆς
1194 2939 1419 3010 δεούσης
1442 2939 1720 3003 τεύξονται
1748 2943 1941 3011 emus-
1973 2972 2015 3028 Ο
2053 2939 2159 2992 tur,
2188 2939 2241 2982 et
2294 2945 2503 2985 merces
2541 2932 2586 2985 si
2624 2925 2759 2999 quas
2811 2933 3041 3028 aderunt
3066 2976 3081 3001 ,
3142 2948 3448 3028 permutent
3502 2941 3620 2996 sine

369 3025 539 3090 λείαςδ
562 3027 999 3082 ἀπαλλάττεσθαι
1020 3047 1077 3082 τε
1112 3031 1249 3098 σφᾶς
1282 3030 1355 3098 μὴ
1378 3030 1856 3099 χρονοτριϐοὖντας
1874 3032 1943 3085 ⁷⁷.

384 3117 546 3172 Ἀλλὰ
568 3119 678 3189 γὰρ
707 3120 801 3173 καὶ⁸
828 3120 927 3183 τὰς
964 3120 1253 3190 ἐμπορίας,
1287 3120 1351 3183 ἃς
1384 3121 1759 3191 ἐπιφέρονται,
1785 3123 1946 3191 ἀμοι-

374 3207 561 3273 ϐάζειν
593 3208 886 3273 ἀκωλύτως
932 3227 993 3263 τε
1040 3210 1134 3264 καὶ
1165 3211 1293 3264 ἄνευ
1330 3210 1633 3273 συντελείας
1681 3212 1845 3273 τινός.
1890 3213 1944 3263 E'

371 3301 700 3372 διετυπὼθη,
728 3302 868 3356 ὥστε
899 3304 1023 3366 τοὺς
1056 3304 1402 3373 Σαρακηνοὺς
1435 3304 1530 3357 καὶ
1570 3305 1696 3368 τοὺς
1734 3308 1947 3359 ὁποιου-

376 3392 504 3446 σοῦν
544 3393 864 3465 Βαρὸἀρους
908 3395 1183 3465 ἐμπόρους
1234 3396 1497 3465 ἑκατέρας
1554 3395 1827 3458 πολιτείας
1870 3396 1946 3466 μὴ

375 3484 467 3537 διὰ
499 3483 662 3549 ξένων
692 3485 953 3556 ἀτραπῶν
1004 3486 1276 3539 ποιεῖσθαι
1324 3487 1423 3549 τὰς
1457 3488 1703 3557 πορείας,
1748 3487 1947 3556 μᾶλλον

378 3576 477 3645 μὲν
506 3570 599 3628 οὖν
625 3576 713 3629 διὰ
742 3578 838 3646 τῆς
881 3578 1149 3640 Νισίὸεως
1180 3579 1275 3631 καὶ
1302 3580 1393 3632 τοῦ
1435 3582 1633 3648 Δάρας,
1668 3581 1803 3649 μήτε
1842 3574 1955 3650 μὴν

373 3667 502 3721 ἄνευ
540 3668 843 3730 κελεύσεως
875 3669 1111 3738 ἀρχικῆς
1144 3670 1279 3723 ίέναι
1321 3671 1460 3723 κατά
1490 3671 1586 3741 τὴν
1619 3670 1945 3741 ἀλλοδαπήν.

374 3757 437 3810 Ei
469 3757 650 3827 μέντοι
694 3760 842 3828 παρὰ
876 3760 936 3812 τὸ
967 3760 1155 3813 δοκοῦν
1198 3762 1512 3831 τολμήσωσί
1555 3779 1629 3825 τι,
1660 3764 1849 3831 ήγουν,
1887 3764 1948 3815 τὸ

373 3844 687 3917 λεγόμενον,
716 3850 1337 3922 κλεπτοτελωνήσουσιν,
1366 3854 1812 3922 ἁνιχνευομένους
1844 3855 1951 3907 ὑπὸ

376 3938 425 3971 ⁷⁸
456 3939 562 3993 τῶν
591 3942 650 3992 ἐν
677 3944 788 4005 τοῖς
811 3943 977 4012 ὁρίοις
1005 3944 1302 4015 ἀρχόντων,
1349 3942 1441 4007 ξὺν
1483 3945 1593 4003 τοῖ;
1625 3944 1723 3997 ὅσα
1763 3944 1950 4011 ἐπιφέ-

380 4047 582 4101 ρονται,
620 4032 732 4086 εἴτε
783 4035 1043 4105 Ἀσσύρια
1095 4036 1291 4106 φορτία
1332 4031 1445 4087 εἷεν
1501 4036 1610 4088 εἴτε
1681 4037 1949 4105 Ῥωμαῖα,

375 4120 764 4187 παραδίδοσθαι
804 4122 1035 4185 εὐθύνας
1095 4123 1410 4193 ὑφέξοντας.
1475 4125 1565 4192 ς’,
1607 4126 1681 4188 ὡς
1702 4126 1755 4178 εί
1784 4143 1949 4191 τινες,

378 4210 439 4260 ἐν
481 4201 525 4274 ᾧ
565 4211 739 4282 χρόνῳ
792 4215 820 4265 ό
854 4214 1087 4283 πόλεμος
1142 4216 1502 4285 ξυνειστήκει,
1551 4218 1947 4287 ηὐτομόλησαν,

2052 3020 2157 3073 ullo
2188 3021 2576 3088 impedimento
2618 3030 2710 3076 aut
2767 3024 2951 3077 tributi
2987 3027 3315 3082 exactione:
3358 3027 3621 3083 sancitum

2057 3114 2251 3181 quinto
2288 3123 2391 3176 est,
2427 3129 2495 3168 ne
2530 3125 2862 3170 mercatores
2909 3116 3165 3171 Saraceni
3227 3129 3320 3172 aut
3370 3120 3459 3173 alii
3493 3122 3616 3188 qui-

2050 3219 2261 3273 cunque
2284 3205 2504 3259 Barbari
2544 3206 2595 3260 in
2640 3207 2922 3262 amborum
2976 3225 3162 3278 regum
3192 3211 3500 3278 regionibus
3531 3227 3625 3279 per

2051 3295 2353 3365 incognitas
2372 3306 2426 3351 et
2460 3298 2687 3353 minime
2722 3299 2877 3353 tritas
2903 3300 3020 3353 vias
3050 3301 3318 3366 incedant,
3366 3305 3460 3357 scd
3484 3304 3625 3359 Nisi-

2050 3386 2159 3441 bim
2195 3387 2473 3441 autDaras
2491 3397 2694 3458 petant,
2724 3406 2899 3459 neque
2940 3391 3058 3446 sine
3110 3392 3266 3462 jussu
3320 3396 3622 3465 principum

2049 3478 2279 3533 alienam
2335 3481 2604 3549 regionem
2660 3482 2875 3536 adeant.
2936 3481 2992 3537 Si
3026 3485 3154 3551 quid
3200 3496 3377 3542 tamen
3431 3500 3627 3556 praeter

2050 3573 2191 3641 quod
2246 3580 2500 3625 statutum
2542 3582 2626 3627 est
2656 3576 2913 3640 audeant,
2958 3586 3071 3641 aut,
3100 3586 3157 3630 ιιι
3207 3579 3426 3643 dicitur,
3467 3581 3620 3652 141

2051 3663 2335 3731 vectigalia
2354 3662 2747 3727 fraudaverim,
2774 3667 2816 3719 si
2835 3667 3303 3734 deprehendantur
3321 3672 3515 3735 abhis,
3533 3674 3624 3739 qui

2055 3755 2317 3809 limitibus
2343 3765 2599 3823 praasunt,
2629 3771 2732 3809 una
2778 3772 2900 3809 cum
2933 3757 3223 3821 mercibus,
3248 3775 3382 3828 quas
3406 3762 3624 3827 vehunt,

2053 3849 2167 3901 sive
2194 3847 2302 3900 sint
2327 3860 2538 3899 merces
2564 3846 2818 3916 Assyriae,
2858 3847 2972 3901 sive
3002 3848 3283 3909 Romanas,
3337 3864 3524 3919 poenas
3571 3864 3627 3907 et

2057 3939 2251 3992 multas
2269 3955 2294 3989 a
2324 3937 2532 4007 legibus
2553 3946 2787 3992 statutas
2815 3938 3166 3994 luant:sexto
3190 3951 3246 3994 ut
3263 3941 3364 4002 his.
3390 3943 3479 4010 qui
3500 3943 3624 3996 dunt

2056 4028 2252 4081 bellum
2289 4038 2425 4093 erat,
2452 4026 2568 4081 sive
2595 4043 2623 4079 a
2659 4026 2918 4083 Romanis
2950 4030 3016 4083 ad
3047 4030 3263 4094 Persas,
3289 4034 3400 4087 sive
3434 4050 3464 4087 a
3498 4034 3628 4089 Per-

2056 4122 2130 4174 sis
2154 4121 2218 4174 ad
2254 4119 2525 4174 Romanos
2583 4120 2932 4184 transierunt,
2968 4120 3013 4175 si
3063 4123 3271 4190 regredi
3318 4135 3371 4178 et
3421 4125 3483 4178 ad
3531 4143 3625 4180 sua

2060 4213 2232 4266 redire
2270 4212 2557 4276 voluerint,
2590 4212 2790 4265 nullum
2844 4213 3284 4282 impedimentum
3318 4226 3407 4269 aut
3449 4216 3629 4270 mole—

376 4300 538 4352 τοῦτο
596 4303 691 4370 μὲν
737 4303 812 4366 ὼς
869 4306 1082 4375 Πέρσας
1128 4308 1237 4359 ἀπὸ
1272 4308 1317 4339 ⁷⁷
1364 4306 1670 4377 Ῥωμαίων,
1712 4308 1870 4361 τοῦτο
1898 4310 1946 4362 δὲ

2062 4306 2158 4358 stia
2195 4304 2321 4369 fiat;
2361 4304 2453 4358 sed
2480 4304 2570 4373 qui
2619 4319 2713 4372 per
2746 4320 2930 4373 pacem
2969 4307 3223 4374 deinceps
3273 4308 3549 4378 aufugient
3575 4320 3630 4363 et

379 4390 491 4442 ἀπὸ
532 4393 753 4462 Περσῶν
783 4392 858 4457 ὡς
899 4393 1222 4465 Ῥωμαίους,
1262 4399 1380 4465 εἴγε
1415 4398 1688 4468 βούλοιντο
1712 4401 1760 4452 οἱ
1792 4417 1958 4468 προσ-

380 4487 759 4556 κεχωρηκότες
806 4488 851 4521 ⁸ο
894 4492 949 4552 ἐς
1009 4491 1077 4543 τὰ
1143 4491 1283 4545 οἶκοι
1334 4494 1803 4563 ἐπαναστρέφειν,
1874 4493 1949 4564 μὴ

381 4575 629 4642 γίνεσθαί
682 4594 864 4645 σφισιν
910 4580 1165 4650 ἐμποδὼν
1193 4584 1329 4652 μήτε
1359 4583 1464 4651 μὴν
1500 4584 1730 4656 κωλύμη
1753 4586 1959 4653 χρήσα-

385 4665 509 4718 σθαί
531 4685 659 4722 τινι.
696 4670 833 4734 Τοὺς
868 4671 1051 4740 μέντοι
1080 4674 1138 4724 ἐν
1170 4672 1345 4743 καιρῷ
1372 4674 1595 4745 εἰρήνης
1626 4675 1959 4744 αὐτομόλους

383 4759 555 4827 ἧγουν
604 4763 1046 4833 καταφεύγοντας
1105 4764 1163 4831 ἐξ
1217 4764 1420 4834 ἐτέρων
1472 4767 1551 4827 εἰς
1602 4766 1825 4834 ἐτέρους
1884 4766 1959 4837 μὴ

385 4851 771 4922 ὑποδέχεσθαι,
825 4852 941 4907 ἀλλ’
976 4855 1041 4907 ἐκ
1087 4855 1290 4917 παντὸς
1339 4856 1541 4926 τρόπου
1596 4855 1690 4907 καὶ
1728 4855 1960 4916 ἄκοντας

385 4942 787 5012 ἐγχειρίζεσοαι
813 4948 926 5007 τοῖς
947 4946 1005 5009 ἐξ
1036 4946 1079 4977 ⁸⁸
1104 4939 1181 4999 ὧν
1215 4946 1309 4999 καὶ
1347 4947 1679 5015 ἀπέδρασαν.
1709 4947 1761 4997 Ζ¹
1794 4945 1956 5015 μέρος

383 5032 495 5084 τῶν
536 5034 814 5100 σπονδῶν,
856 5035 996 5088 ὥστε
1032 5037 1158 5100 τοὺς
1201 5037 1639 5105 ἐπεγκαλοῦντας
1686 5037 1816 5108 περὶ
1863 5037 1957 5090 τοῦ

388 5121 631 5175 σίνεσθαι
684 5142 737 5178 τι
809 5128 951 5196 σφᾶς
1010 5128 1135 5191 τοὺς
1198 5128 1770 5197 ἀντιπολιτευομένους
1834 5128 1957 5199 δίκῃ

385 5212 682 5284 τέμνεσθαι
710 5217 773 5270 τὸ
811 5218 1308 5289 φιλονεικούμενον,
1340 5220 1373 5290 ἦ
1400 5221 1467 5273 δι’
1487 5219 1696 5273 ἑαυτῶν
1724 5219 1834 5272 τῶν
1860 5218 1959 5292 τὴν

2062 4396 2368 4463 migrabunt
2389 4409 2453 4448 ex
2477 4394 2701 4448 alterius
2727 4394 2947 4447 ditionis
2979 4397 3159 4459 terris,
3204 4397 3255 4449 itt
3296 4397 3519 4452 alterius
3550 4415 3632 4452 re-

2060 4488 2272 4556 gionem
2301 4487 2524 4541 minime
2569 4486 2945 4552 admittantur,
2976 4489 3068 4542 sed
3099 4490 3244 4542 Omni
3280 4491 3437 4544 modo
3464 4492 3627 4545 etiam

2062 4578 2212 4630 inviti
2267 4577 2558 4629 reddantur
2606 4576 2711 4639 his,
2748 4592 2775 4627 a
2830 4591 3059 4646 quorum
3105 4579 3377 4633 dominatu
3429 4580 3627 4646 effuge-

2062 4678 2186 4720 runt
2214 4684 2229 4733 ;
2261 4683 2387 4735 pars
2423 4668 2672 4735 septima
2708 4668 2971 4722 flrderum
3006 4669 3127 4732 fuit,
3161 4680 3217 4722 ut
3245 4670 3288 4724 si
3314 4672 3402 4739 qui
3438 4686 3631 4740 quere-

2066 4772 2277 4821 rentur,
2307 4757 2409 4810 sibi
2453 4760 2581 4825 quid
2618 4759 2796 4810 damni
2848 4758 3052 4810 illatum
3103 4775 3223 4813 esse
3258 4775 3288 4813 a
3345 4764 3631 4815 contraria:

2064 4850 2233 4920 partis
2279 4848 2504 4914 civibus,
2540 4848 2739 4901 indicio
2783 4848 3072 4901 dirimatur
3101 4852 3469 4905 controversia
3514 4853 3629 4907 sive

2063 4958 2161 5013 per
2177 4940 2432 5009 eosipsos
2462 4978 2476 5003 ,
2512 4940 2602 5009 qui
2636 4939 2885 5007 iniuriam
2908 4940 3050 5009 passi
3079 4941 3208 5002 sint.
3250 4942 3364 4996 sive
3399 4956 3494 5010 per
3510 4956 3627 4996 cer-

2068 5045 2150 5090 tos
2187 5032 2452 5096 homines,
2482 5032 2573 5099 qui
2623 5031 2673 5083 in
2713 5030 2965 5087 confiniis
2991 5034 3127 5102 apttd
3155 5033 3432 5100 utriusque
3465 5034 3631 5102 partis

2070 5124 2355 5195 praefectos
2390 5122 2737 5189 conveniant,
2773 5131 2826 5177 et
2849 5124 2943 5190 ita,
2975 5124 3065 5193 qui
3086 5124 3409 5191 peccaverit,
3438 5124 3631 5176 damno

2068 5216 2374 5282 medeatur;
2391 5225 2608 5279 octava,
2626 5224 2685 5269 ut
2700 5216 2751 5271 in
2768 5224 3042 5286 posterum
3058 5214 3237 5270 Persa:
3251 5214 3510 5271 Romanis
3526 5231 3631 5270 non

1667 5351 1900 5408 YARle
1938 5348 2341 5407 LECTIONES.

530 5493 557 5545 ὁ
585 5492 628 5546 δ’
655 5494 712 5568 ἐς
744 5492 836 5557 IL,
865 5493 968 5568 ὁ-δέ
998 5493 1143 5568 vulg.
1206 5494 1251 5525 ⁷⁷
1286 5494 1761 5568 χρονοτριϐοὗν-τες
1790 5493 1966 5568 νᾼιιίςη
1992 5491 2293 5568 "sua",
2322 5493 2429 5568 ἀπὸ
2457 5493 2600 5568 vulg.
2646 5495 2707 5568 _"
2736 5495 2843 5551 ἀπὸ
2864 5504 2987 5551 ante
3014 5494 3241 5567 Περσῶν
3270 5513 3334 5555 ex
3364 5497 3508 5568 conj.
3538 5499 3632 5554 ad-

391 5561 595 5619 didisse
626 5564 839 5618 videtur
866 5563 933 5617 Η.
1008 5564 1055 5596 ⁸⁸
1080 5561 1568 5634 προκεχωρηκότες
1592 5566 1733 5635 vulg.

1812 5564 1853 5595 ⁸¹
1885 5562 1997 5625 τοῖς
2044 5563 2103 5627 ἐξ
2166 5562 2254 5627 Η.,
2297 5564 2423 5625 τοὺς
2477 5562 2718 5636 ἐξίνμίε.
