  <div class='ocr_page' id='page_1' title='image "/cluster/home/n/w/nwhite01/storage/ocr_20150623/113/hvd.32044073502270/438.png"; bbox 0 0 4006 6214; ppageno 0'>
   <div class='ocr_carea' id='block_1_1' title="bbox 351 296 455 357">
    <p class='ocr_par' dir='ltr' id='par_1_1' title="bbox 351 296 455 357">
     <span class='ocr_line' id='line_1_1' title="bbox 351 296 455 357; baseline -0.019 0"><span class='ocrx_word' id='word_1_1' title='bbox 351 296 455 357; x_wconf 77' lang='lat'><strong>860</strong></span> 
     </span>
    </p>
   </div>
   <div class='ocr_carea' id='block_1_2' title="bbox 1102 290 2829 359">
    <p class='ocr_par' dir='ltr' id='par_1_2' title="bbox 1102 290 2829 359">
     <span class='ocr_line' id='line_1_2' title="bbox 1102 290 2829 359; baseline 0.002 -5"><span class='ocrx_word' id='word_1_2' title='bbox 1102 294 1199 354; x_wconf 88' lang='lat' dir='ltr'><strong>DE</strong></span> <span class='ocrx_word' id='word_1_3' title='bbox 1238 290 1810 353; x_wconf 80' lang='lat' dir='ltr'><strong>LEGATIONIBUS</strong></span> <span class='ocrx_word' id='word_1_4' title='bbox 1845 292 2333 353; x_wconf 73' lang='lat' dir='ltr'><strong>ROMANORUM</strong></span> <span class='ocrx_word' id='word_1_5' title='bbox 2380 297 2476 355; x_wconf 80' lang='lat' dir='ltr'><strong>AD</strong></span> <span class='ocrx_word' id='word_1_6' title='bbox 2517 299 2829 359; x_wconf 75' lang='lat' dir='ltr'><strong>UENTES.</strong></span> 
     </span>
    </p>
   </div>
   <div class='ocr_carea' id='block_1_3' title="bbox 3502 308 3610 367">
    <p class='ocr_par' dir='ltr' id='par_1_3' title="bbox 3502 308 3610 367">
     <span class='ocr_line' id='line_1_3' title="bbox 3502 308 3610 367; baseline -0.019 0"><span class='ocrx_word' id='word_1_7' title='bbox 3502 308 3610 367; x_wconf 63' lang='grc' dir='ltr'><strong>δῖε)</strong></span> 
     </span>
    </p>
   </div>
   <div class='ocr_carea' id='block_1_4' title="bbox 349 404 1922 483">
    <p class='ocr_par' dir='ltr' id='par_1_4' title="bbox 349 404 1922 476">
     <span class='ocr_line' id='line_1_4' title="bbox 349 404 1922 476; baseline 0 -16"><span class='ocrx_word' id='word_1_8' title='bbox 349 408 442 461; x_wconf 75' lang='grc' dir='ltr'><strong>καὶ</strong></span> <span class='ocrx_word' id='word_1_9' title='bbox 474 405 609 468; x_wconf 76' lang='grc' dir='ltr'>νεὼς</span> <span class='ocrx_word' id='word_1_10' title='bbox 641 404 951 476; x_wconf 77' lang='grc' dir='ltr'><strong>οἰκοδομεῖν</strong></span> <span class='ocrx_word' id='word_1_11' title='bbox 972 408 1064 459; x_wconf 69' lang='grc' dir='ltr'>καὶ</span> <span class='ocrx_word' id='word_1_12' title='bbox 1095 405 1426 470; x_wconf 71' lang='grc' dir='ltr'><strong>ἐπιθειάζειν</strong></span> <span class='ocrx_word' id='word_1_13' title='bbox 1452 408 1594 475; x_wconf 81' lang='grc' dir='ltr'>σφᾶς</span> <span class='ocrx_word' id='word_1_14' title='bbox 1616 406 1809 471; x_wconf 80' lang='grc' dir='ltr'><strong>ἀδεῶς,</strong></span> <span class='ocrx_word' id='word_1_15' title='bbox 1841 407 1922 460; x_wconf 55' lang='grc' dir='ltr'><strong>καί</strong></span> 
     </span>
    </p>
   </div>
   <div class='ocr_carea' id='block_1_5' title="bbox 2026 404 3609 483">
    <p class='ocr_par' dir='ltr' id='par_1_5' title="bbox 2040 410 3609 483">
     <span class='ocr_line' id='line_1_5' title="bbox 2040 410 3609 483; baseline 0.008 -23"><span class='ocrx_word' id='word_1_16' title='bbox 2040 418 2194 473; x_wconf 88' lang='lat' dir='ltr'><strong>vunt,</strong></span> <span class='ocrx_word' id='word_1_17' title='bbox 2228 410 2411 464; x_wconf 90' lang='lat' dir='ltr'><strong>utillis</strong></span> <span class='ocrx_word' id='word_1_18' title='bbox 2446 411 2637 466; x_wconf 89' lang='lat' dir='ltr'><strong>liceret</strong></span> <span class='ocrx_word' id='word_1_19' title='bbox 2667 413 2864 483; x_wconf 83' lang='lat' dir='ltr'><strong>templa</strong></span> <span class='ocrx_word' id='word_1_20' title='bbox 2891 426 3227 479; x_wconf 76' lang='lat' dir='ltr'><strong>construere,</strong></span> <span class='ocrx_word' id='word_1_21' title='bbox 3266 428 3319 470; x_wconf 83' lang='lat' dir='ltr'><strong>ct</strong></span> <span class='ocrx_word' id='word_1_22' title='bbox 3350 418 3467 472; x_wconf 87' lang='lat' dir='ltr'><strong>sine</strong></span> <span class='ocrx_word' id='word_1_23' title='bbox 3501 421 3609 473; x_wconf 77' lang='lat' dir='ltr'><strong>ullo</strong></span> 
     </span>
    </p>
   </div>
   <div class='ocr_carea' id='block_1_6' title="bbox 348 496 1925 568">
    <p class='ocr_par' dir='ltr' id='par_1_6' title="bbox 348 496 1925 568">
     <span class='ocr_line' id='line_1_6' title="bbox 348 496 1925 568; baseline -0.001 -18"><span class='ocrx_word' id='word_1_24' title='bbox 348 498 472 561; x_wconf 72' lang='grc' dir='ltr'>τοὺς</span> <span class='ocrx_word' id='word_1_25' title='bbox 513 497 906 567; x_wconf 80' lang='grc' dir='ltr'><strong>χαριστηρίους</strong></span> <span class='ocrx_word' id='word_1_26' title='bbox 956 496 1181 567; x_wconf 77' lang='grc' dir='ltr'>ὕμνους,</span> <span class='ocrx_word' id='word_1_27' title='bbox 1238 498 1381 550; x_wconf 84' lang='grc' dir='ltr'>καθὰ</span> <span class='ocrx_word' id='word_1_28' title='bbox 1411 498 1721 567; x_wconf 86' lang='grc' dir='ltr'>νενόμισται</span> <span class='ocrx_word' id='word_1_29' title='bbox 1753 500 1886 568; x_wconf 88' lang='grc' dir='ltr'>ήμῖν</span> <span class='ocrx_word' id='word_1_30' title='bbox 1911 540 1925 565; x_wconf 84' lang='grc'><strong>,</strong></span> 
     </span>
    </p>
   </div>
   <div class='ocr_carea' id='block_1_7' title="bbox 349 585 1927 656">
    <p class='ocr_par' dir='ltr' id='par_1_7' title="bbox 349 585 1927 656">
     <span class='ocr_line' id='line_1_7' title="bbox 349 585 1927 656; baseline -0.002 -16"><span class='ocrx_word' id='word_1_31' title='bbox 349 586 641 648; x_wconf 80' lang='grc' dir='ltr'><strong>ἀκωλύτως</strong></span> <span class='ocrx_word' id='word_1_32' title='bbox 675 585 967 649; x_wconf 80' lang='grc' dir='ltr'>ἐπιτελεῖν,</span> <span class='ocrx_word' id='word_1_33' title='bbox 1001 585 1137 639; x_wconf 81' lang='grc' dir='ltr'><strong>ἀλλὰ</strong></span> <span class='ocrx_word' id='word_1_34' title='bbox 1184 585 1294 656; x_wconf 73' lang='grc' dir='ltr'><strong>γὰρ</strong></span> <span class='ocrx_word' id='word_1_35' title='bbox 1343 586 1480 656; x_wconf 84' lang='grc' dir='ltr'>μήτε</span> <span class='ocrx_word' id='word_1_36' title='bbox 1516 586 1927 654; x_wconf 75' lang='grc' dir='ltr'>καταναγκάζε-</span> 
     </span>
    </p>
   </div>
   <div class='ocr_carea' id='block_1_8' title="bbox 351 673 1920 747">
    <p class='ocr_par' dir='ltr' id='par_1_8' title="bbox 351 673 1920 747">
     <span class='ocr_line' id='line_1_8' title="bbox 351 673 1920 747; baseline -0.001 -18"><span class='ocrx_word' id='word_1_37' title='bbox 351 677 477 729; x_wconf 84' lang='grc' dir='ltr'>σθαι</span> <span class='ocrx_word' id='word_1_38' title='bbox 514 673 755 746; x_wconf 69' lang='grc' dir='ltr'>μαγικήν</span> <span class='ocrx_word' id='word_1_39' title='bbox 784 674 832 705; x_wconf 81' lang='grc'><strong>⁸⁸</strong></span> <span class='ocrx_word' id='word_1_40' title='bbox 867 674 1109 742; x_wconf 84' lang='grc' dir='ltr'>μετιέναι</span> <span class='ocrx_word' id='word_1_41' title='bbox 1143 674 1459 745; x_wconf 83' lang='grc' dir='ltr'>Θρησκείαν,</span> <span class='ocrx_word' id='word_1_42' title='bbox 1501 676 1636 747; x_wconf 83' lang='grc' dir='ltr'>μήτε</span> <span class='ocrx_word' id='word_1_43' title='bbox 1663 677 1772 746; x_wconf 81' lang='grc' dir='ltr'>μὴν</span> <span class='ocrx_word' id='word_1_44' title='bbox 1799 676 1920 728; x_wconf 78' lang='grc' dir='ltr'>θεο-</span> 
     </span>
    </p>
   </div>
   <div class='ocr_carea' id='block_1_9' title="bbox 352 765 1928 837">
    <p class='ocr_par' dir='ltr' id='par_1_9' title="bbox 352 765 1928 837">
     <span class='ocr_line' id='line_1_9' title="bbox 352 765 1928 837; baseline -0.001 -17"><span class='ocrx_word' id='word_1_45' title='bbox 352 769 566 820; x_wconf 70' lang='grc' dir='ltr'>κλυτε.ἷν</span> <span class='ocrx_word' id='word_1_46' title='bbox 598 766 867 829; x_wconf 79' lang='grc' dir='ltr'><strong>ἀκουσίως</strong></span> <span class='ocrx_word' id='word_1_47' title='bbox 906 765 1032 828; x_wconf 86' lang='grc' dir='ltr'>τοὺς</span> <span class='ocrx_word' id='word_1_48' title='bbox 1073 766 1224 835; x_wconf 86' lang='grc' dir='ltr'><strong>παρὰ</strong></span> <span class='ocrx_word' id='word_1_49' title='bbox 1273 767 1477 837; x_wconf 84' lang='grc' dir='ltr'><strong>Μήδοις</strong></span> <span class='ocrx_word' id='word_1_50' title='bbox 1509 767 1928 836; x_wconf 81' lang='grc' dir='ltr'><strong>νενομισμένους</strong></span> 
     </span>
    </p>
   </div>
   <div class='ocr_carea' id='block_1_10' title="bbox 352 857 1927 928">
    <p class='ocr_par' dir='ltr' id='par_1_10' title="bbox 352 857 1927 928">
     <span class='ocr_line' id='line_1_10' title="bbox 352 857 1927 928; baseline 0 -17"><span class='ocrx_word' id='word_1_51' title='bbox 352 858 528 921; x_wconf 82' lang='grc' dir='ltr'>Οεούς.</span> <span class='ocrx_word' id='word_1_52' title='bbox 565 859 675 911; x_wconf 71' lang='grc' dir='ltr'><strong>Καὶ</strong></span> <span class='ocrx_word' id='word_1_53' title='bbox 703 860 750 911; x_wconf 88' lang='grc' dir='ltr'><strong>οἰ</strong></span> <span class='ocrx_word' id='word_1_54' title='bbox 782 858 1100 928; x_wconf 77' lang='grc' dir='ltr'><strong>Χριστιανοὶ</strong></span> <span class='ocrx_word' id='word_1_55' title='bbox 1142 858 1221 920; x_wconf 85' lang='grc' dir='ltr'>δὲ,</span> <span class='ocrx_word' id='word_1_56' title='bbox 1274 857 1413 911; x_wconf 83' lang='grc' dir='ltr'>ὥστε</span> <span class='ocrx_word' id='word_1_57' title='bbox 1447 860 1646 928; x_wconf 80' lang='grc' dir='ltr'>ἥκιστα</span> <span class='ocrx_word' id='word_1_58' title='bbox 1699 859 1794 910; x_wconf 82' lang='grc' dir='ltr'><strong>καὶ</strong></span> <span class='ocrx_word' id='word_1_59' title='bbox 1819 859 1927 911; x_wconf 82' lang='grc' dir='ltr'>οἵδε</span> 
     </span>
    </p>
   </div>
   <div class='ocr_carea' id='block_1_11' title="bbox 351 947 1929 1018">
    <p class='ocr_par' dir='ltr' id='par_1_11' title="bbox 351 947 1929 1018">
     <span class='ocr_line' id='line_1_11' title="bbox 351 947 1929 1018; baseline 0 -17"><span class='ocrx_word' id='word_1_60' title='bbox 351 949 597 1018; x_wconf 76' lang='grc' dir='ltr'>τολμῷεν</span> <span class='ocrx_word' id='word_1_61' title='bbox 641 948 985 1018; x_wconf 77' lang='grc' dir='ltr'><strong>μετατιθέναι</strong></span> <span class='ocrx_word' id='word_1_62' title='bbox 1021 947 1229 1017; x_wconf 84' lang='grc' dir='ltr'><strong>μάγους</strong></span> <span class='ocrx_word' id='word_1_63' title='bbox 1276 950 1331 1009; x_wconf 83' lang='grc' dir='ltr'>ἐς</span> <span class='ocrx_word' id='word_1_64' title='bbox 1361 948 1460 1018; x_wconf 84' lang='grc' dir='ltr'><strong>τὴν</strong></span> <span class='ocrx_word' id='word_1_65' title='bbox 1497 947 1620 1001; x_wconf 76' lang='grc' dir='ltr'>καθ’</span> <span class='ocrx_word' id='word_1_66' title='bbox 1665 950 1813 1018; x_wconf 83' lang='grc' dir='ltr'><strong>ἡμᾶς</strong></span> <span class='ocrx_word' id='word_1_67' title='bbox 1843 949 1929 1001; x_wconf 83' lang='grc' dir='ltr'>δό-</span> 
     </span>
    </p>
   </div>
   <div class='ocr_carea' id='block_1_12' title="bbox 353 1039 1927 1110">
    <p class='ocr_par' dir='ltr' id='par_1_12' title="bbox 353 1039 1927 1110">
     <span class='ocr_line' id='line_1_12' title="bbox 353 1039 1927 1110; baseline 0 -19"><span class='ocrx_word' id='word_1_68' title='bbox 353 1042 470 1103; x_wconf 81' lang='grc' dir='ltr'>ξαν.</span> <span class='ocrx_word' id='word_1_69' title='bbox 515 1041 813 1110; x_wconf 74' lang='grc' dir='ltr'><strong>Ἐκράτησε</strong></span> <span class='ocrx_word' id='word_1_70' title='bbox 844 1040 901 1092; x_wconf 90' lang='grc' dir='ltr'><strong>δέ</strong></span> <span class='ocrx_word' id='word_1_71' title='bbox 953 1039 1095 1092; x_wconf 79' lang='grc' dir='ltr'>ὥστε</span> <span class='ocrx_word' id='word_1_72' title='bbox 1124 1041 1218 1091; x_wconf 81' lang='grc' dir='ltr'><strong>καί</strong></span> <span class='ocrx_word' id='word_1_73' title='bbox 1271 1040 1397 1101; x_wconf 76' lang='grc' dir='ltr'>τοὺς</span> <span class='ocrx_word' id='word_1_74' title='bbox 1455 1039 1787 1109; x_wconf 83' lang='grc' dir='ltr'>Θνήσκοντας</span> <span class='ocrx_word' id='word_1_75' title='bbox 1817 1042 1927 1101; x_wconf 86' lang='grc' dir='ltr'>τοῖς</span> 
     </span>
    </p>
   </div>
   <div class='ocr_carea' id='block_1_13' title="bbox 354 1124 1923 1201">
    <p class='ocr_par' dir='ltr' id='par_1_13' title="bbox 354 1124 1923 1201">
     <span class='ocr_line' id='line_1_13' title="bbox 354 1124 1923 1201; baseline 0.002 -22"><span class='ocrx_word' id='word_1_76' title='bbox 354 1128 700 1197; x_wconf 76' lang='grc' dir='ltr'>Χριστιανοῖς</span> <span class='ocrx_word' id='word_1_77' title='bbox 719 1130 801 1180; x_wconf 81' lang='grc' dir='ltr'>ἐπ’</span> <span class='ocrx_word' id='word_1_78' title='bbox 830 1128 1075 1192; x_wconf 75' lang='grc' dir='ltr'>ἐξουσίας</span> <span class='ocrx_word' id='word_1_79' title='bbox 1092 1124 1231 1180; x_wconf 73' lang='grc' dir='ltr'>εἶναι</span> <span class='ocrx_word' id='word_1_80' title='bbox 1257 1127 1481 1182; x_wconf 80' lang='grc' dir='ltr'>θάπτειν</span> <span class='ocrx_word' id='word_1_81' title='bbox 1507 1133 1565 1181; x_wconf 89' lang='grc' dir='ltr'>ἐν</span> <span class='ocrx_word' id='word_1_82' title='bbox 1584 1130 1792 1197; x_wconf 83' lang='grc' dir='ltr'>τάφοις,</span> <span class='ocrx_word' id='word_1_83' title='bbox 1880 1130 1923 1160; x_wconf 83' lang='grc'><strong>⁸⁷</strong></span> 
     </span>
    </p>
   </div>
   <div class='ocr_carea' id='block_1_14' title="bbox 359 1216 1927 1287">
    <p class='ocr_par' dir='ltr' id='par_1_14' title="bbox 359 1216 1927 1287">
     <span class='ocr_line' id='line_1_14' title="bbox 359 1216 1927 1287; baseline 0.003 -20"><span class='ocrx_word' id='word_1_84' title='bbox 359 1218 667 1285; x_wconf 85' lang='grc' dir='ltr'>νενόμισται</span> <span class='ocrx_word' id='word_1_85' title='bbox 727 1218 869 1287; x_wconf 88' lang='grc' dir='ltr'>παρ’</span> <span class='ocrx_word' id='word_1_86' title='bbox 902 1218 1051 1285; x_wconf 78' lang='grc' dir='ltr'>ἡμῖν.</span> <span class='ocrx_word' id='word_1_87' title='bbox 1086 1216 1301 1269; x_wconf 79' lang='grc' dir='ltr'><strong>Τούτων</strong></span> <span class='ocrx_word' id='word_1_88' title='bbox 1360 1217 1499 1270; x_wconf 77' lang='grc' dir='ltr'>οὕτω</span> <span class='ocrx_word' id='word_1_89' title='bbox 1558 1218 1927 1287; x_wconf 72' lang='grc' dir='ltr'>προελῢόντων</span> 
     </span>
    </p>
   </div>
   <div class='ocr_carea' id='block_1_15' title="bbox 354 1305 1925 1376">
    <p class='ocr_par' dir='ltr' id='par_1_15' title="bbox 354 1305 1925 1376">
     <span class='ocr_line' id='line_1_15' title="bbox 354 1305 1925 1376; baseline 0.001 -19"><span class='ocrx_word' id='word_1_90' title='bbox 354 1310 444 1359; x_wconf 73' lang='grc' dir='ltr'><strong>καὶ</strong></span> <span class='ocrx_word' id='word_1_91' title='bbox 475 1310 530 1359; x_wconf 89' lang='grc' dir='ltr'><strong>ἐν</strong></span> <span class='ocrx_word' id='word_1_92' title='bbox 557 1308 751 1376; x_wconf 80' lang='grc' dir='ltr'>κόσμῳ</span> <span class='ocrx_word' id='word_1_93' title='bbox 776 1308 870 1359; x_wconf 73' lang='grc' dir='ltr'><strong>καὶ</strong></span> <span class='ocrx_word' id='word_1_94' title='bbox 899 1306 1050 1370; x_wconf 83' lang='grc' dir='ltr'>τάξει</span> <span class='ocrx_word' id='word_1_95' title='bbox 1079 1308 1405 1375; x_wconf 78' lang='grc' dir='ltr'><strong>γενομένων,</strong></span> <span class='ocrx_word' id='word_1_96' title='bbox 1458 1308 1577 1358; x_wconf 66' lang='grc' dir='ltr'><strong>ἐειτεί⁵</strong></span> <span class='ocrx_word' id='word_1_97' title='bbox 1608 1305 1925 1369; x_wconf 68' lang='grc' dir='ltr'><strong>ἀνεδέξαντο</strong></span> 
     </span>
    </p>
   </div>
   <div class='ocr_carea' id='block_1_16' title="bbox 350 1397 1926 1468">
    <p class='ocr_par' dir='ltr' id='par_1_16' title="bbox 350 1397 1926 1468">
     <span class='ocr_line' id='line_1_16' title="bbox 350 1397 1926 1468; baseline 0.002 -20"><span class='ocrx_word' id='word_1_98' title='bbox 350 1398 403 1448; x_wconf 78' lang='grc' dir='ltr'>οἵ</span> <span class='ocrx_word' id='word_1_99' title='bbox 427 1415 489 1464; x_wconf 92' lang='grc' dir='ltr'><strong>γε</strong></span> <span class='ocrx_word' id='word_1_100' title='bbox 526 1400 580 1460; x_wconf 83' lang='grc' dir='ltr'><strong>ἐς</strong></span> <span class='ocrx_word' id='word_1_101' title='bbox 616 1398 777 1450; x_wconf 86' lang='grc' dir='ltr'>τοῦτο</span> <span class='ocrx_word' id='word_1_102' title='bbox 824 1398 1149 1468; x_wconf 80' lang='grc' dir='ltr'>τεταγμένοι</span> <span class='ocrx_word' id='word_1_103' title='bbox 1180 1398 1278 1460; x_wconf 83' lang='grc' dir='ltr'><strong>τὰς</strong></span> <span class='ocrx_word' id='word_1_104' title='bbox 1321 1397 1589 1460; x_wconf 76' lang='grc' dir='ltr'>συλλαϐὰς</span> <span class='ocrx_word' id='word_1_105' title='bbox 1637 1400 1748 1450; x_wconf 81' lang='grc' dir='ltr'>τοῖν</span> <span class='ocrx_word' id='word_1_106' title='bbox 1782 1399 1926 1452; x_wconf 82' lang='grc' dir='ltr'>δυοῖν</span> 
     </span>
    </p>
   </div>
   <div class='ocr_carea' id='block_1_17' title="bbox 352 1488 1927 1565">
    <p class='ocr_par' dir='ltr' id='par_1_17' title="bbox 352 1488 1927 1565">
     <span class='ocr_line' id='line_1_17' title="bbox 352 1488 1927 1565; baseline 0.001 -25"><span class='ocrx_word' id='word_1_107' title='bbox 352 1488 597 1557; x_wconf 74' lang='grc' dir='ltr'>βιϐλίοιν,</span> <span class='ocrx_word' id='word_1_108' title='bbox 643 1490 737 1541; x_wconf 68' lang='grc' dir='ltr'><strong>καὶ</strong></span> <span class='ocrx_word' id='word_1_109' title='bbox 791 1489 1190 1565; x_wconf 73' lang='grc' dir='ltr'>ἁπηκρίόωσαν</span> <span class='ocrx_word' id='word_1_110' title='bbox 1229 1489 1502 1559; x_wconf 74' lang='grc' dir='ltr'><strong>ἰσορρόπῳ</strong></span> <span class='ocrx_word' id='word_1_111' title='bbox 1549 1488 1626 1557; x_wconf 78' lang='grc' dir='ltr'>τῷ</span> <span class='ocrx_word' id='word_1_112' title='bbox 1666 1493 1759 1542; x_wconf 82' lang='grc' dir='ltr'><strong>καὶ</strong></span> <span class='ocrx_word' id='word_1_113' title='bbox 1814 1492 1927 1542; x_wconf 73' lang='grc' dir='ltr'>ἰσο-</span> 
     </span>
    </p>
   </div>
   <div class='ocr_carea' id='block_1_18' title="bbox 351 1579 1926 1650">
    <p class='ocr_par' dir='ltr' id='par_1_18' title="bbox 351 1579 1926 1650">
     <span class='ocr_line' id='line_1_18' title="bbox 351 1579 1926 1650; baseline 0.001 -18"><span class='ocrx_word' id='word_1_114' title='bbox 351 1580 576 1650; x_wconf 76' lang='grc' dir='ltr'>δυνάμῳ</span> <span class='ocrx_word' id='word_1_115' title='bbox 614 1580 720 1631; x_wconf 85' lang='grc' dir='ltr'>τῶν</span> <span class='ocrx_word' id='word_1_116' title='bbox 752 1580 1010 1650; x_wconf 78' lang='grc' dir='ltr'>ῥημάτων</span> <span class='ocrx_word' id='word_1_117' title='bbox 1043 1580 1110 1632; x_wconf 73' lang='grc' dir='ltr'>τὰ</span> <span class='ocrx_word' id='word_1_118' title='bbox 1167 1579 1549 1648; x_wconf 80' lang='grc' dir='ltr'>ἐνθυμήματα,</span> <span class='ocrx_word' id='word_1_119' title='bbox 1581 1580 1776 1632; x_wconf 74' lang='grc' dir='ltr'>αὐτίκα</span> <span class='ocrx_word' id='word_1_120' title='bbox 1808 1580 1926 1647; x_wconf 83' lang='grc' dir='ltr'>οἶγε</span> 
     </span>
    </p>
   </div>
   <div class='ocr_carea' id='block_1_19' title="bbox 354 1670 1922 1741">
    <p class='ocr_par' dir='ltr' id='par_1_19' title="bbox 354 1670 1922 1741">
     <span class='ocr_line' id='line_1_19' title="bbox 354 1670 1922 1741; baseline 0 -20"><span class='ocrx_word' id='word_1_121' title='bbox 354 1673 624 1741; x_wconf 72' lang='grc' dir='ltr'>ἰσόγραφα</span> <span class='ocrx_word' id='word_1_122' title='bbox 683 1672 847 1739; x_wconf 81' lang='grc' dir='ltr'>ἓτερα</span> <span class='ocrx_word' id='word_1_123' title='bbox 911 1672 1217 1723; x_wconf 74' lang='grc' dir='ltr'>ἐπετέλουν.</span> <span class='ocrx_word' id='word_1_124' title='bbox 1263 1672 1371 1721; x_wconf 77' lang='grc' dir='ltr'>Καὶ</span> <span class='ocrx_word' id='word_1_125' title='bbox 1420 1670 1486 1722; x_wconf 69' lang='grc' dir='ltr'>τὰ</span> <span class='ocrx_word' id='word_1_126' title='bbox 1548 1670 1646 1738; x_wconf 81' lang='grc' dir='ltr'>μὲν</span> <span class='ocrx_word' id='word_1_127' title='bbox 1718 1670 1922 1739; x_wconf 85' lang='grc' dir='ltr'>κυριώ-</span> 
     </span>
    </p>
   </div>
   <div class='ocr_carea' id='block_1_20' title="bbox 2034 499 3607 577">
    <p class='ocr_par' dir='ltr' id='par_1_20' title="bbox 2034 499 3607 577">
     <span class='ocr_line' id='line_1_20' title="bbox 2034 499 3607 577; baseline 0.008 -26"><span class='ocrx_word' id='word_1_128' title='bbox 2034 499 2226 553; x_wconf 89' lang='lat' dir='ltr'><strong>timore</strong></span> <span class='ocrx_word' id='word_1_129' title='bbox 2257 515 2409 554; x_wconf 90' lang='lat' dir='ltr'><strong>sacra</strong></span> <span class='ocrx_word' id='word_1_130' title='bbox 2444 517 2724 572; x_wconf 81' lang='lat' dir='ltr'><strong>peragere,</strong></span> <span class='ocrx_word' id='word_1_131' title='bbox 2782 513 2835 557; x_wconf 89' lang='lat' dir='ltr'><strong>et</strong></span> <span class='ocrx_word' id='word_1_132' title='bbox 2886 505 3181 574; x_wconf 75' lang='lat' dir='ltr'><strong>gratiarum</strong></span> <span class='ocrx_word' id='word_1_133' title='bbox 3238 510 3478 563; x_wconf 83' lang='lat' dir='ltr'><strong>actiones</strong></span> <span class='ocrx_word' id='word_1_134' title='bbox 3514 526 3607 577; x_wconf 89' lang='lat' dir='ltr'><strong>per</strong></span> 
     </span>
    </p>
   </div>
   <div class='ocr_carea' id='block_1_21' title="bbox 2032 592 3610 669">
    <p class='ocr_par' dir='ltr' id='par_1_21' title="bbox 2032 592 3610 669">
     <span class='ocr_line' id='line_1_21' title="bbox 2032 592 3610 669; baseline 0.007 -28"><span class='ocrx_word' id='word_1_135' title='bbox 2032 592 2257 661; x_wconf 80' lang='lat' dir='ltr'><strong>hymnos</strong></span> <span class='ocrx_word' id='word_1_136' title='bbox 2322 592 2453 656; x_wconf 86' lang='lat' dir='ltr'><strong>Deo.</strong></span> <span class='ocrx_word' id='word_1_137' title='bbox 2486 597 2628 649; x_wconf 86' lang='lat' dir='ltr'><strong>sicut</strong></span> <span class='ocrx_word' id='word_1_138' title='bbox 2676 596 2817 663; x_wconf 87' lang='lat' dir='ltr'><strong>apud</strong></span> <span class='ocrx_word' id='word_1_139' title='bbox 2858 612 2956 651; x_wconf 88' lang='lat' dir='ltr'><strong>nos</strong></span> <span class='ocrx_word' id='word_1_140' title='bbox 3007 596 3121 650; x_wconf 72' lang='lat' dir='ltr'><strong>fieri</strong></span> <span class='ocrx_word' id='word_1_141' title='bbox 3176 600 3332 663; x_wconf 90' lang='lat' dir='ltr'><strong>solet,</strong></span> <span class='ocrx_word' id='word_1_142' title='bbox 3390 616 3610 669; x_wconf 67' lang='lat' dir='ltr'><strong>canere,</strong></span> 
     </span>
    </p>
   </div>
   <div class='ocr_carea' id='block_1_22' title="bbox 2030 688 3611 757">
    <p class='ocr_par' dir='ltr' id='par_1_22' title="bbox 2030 688 3611 757">
     <span class='ocr_line' id='line_1_22' title="bbox 2030 688 3611 757; baseline 0.007 -21"><span class='ocrx_word' id='word_1_143' title='bbox 2030 698 2163 737; x_wconf 87' lang='lat' dir='ltr'><strong>neve</strong></span> <span class='ocrx_word' id='word_1_144' title='bbox 2184 696 2507 754; x_wconf 76' lang='lat' dir='ltr'><strong>cogerentur</strong></span> <span class='ocrx_word' id='word_1_145' title='bbox 2550 688 2775 757; x_wconf 76' lang='lat' dir='ltr'><strong>magicis</strong></span> <span class='ocrx_word' id='word_1_146' title='bbox 2816 692 3131 745; x_wconf 87' lang='lat' dir='ltr'><strong>cerimoniis</strong></span> <span class='ocrx_word' id='word_1_147' title='bbox 3153 692 3436 757; x_wconf 71' lang='lat' dir='ltr'><strong>interesse,</strong></span> <span class='ocrx_word' id='word_1_148' title='bbox 3468 705 3611 747; x_wconf 63' lang='lat' dir='ltr'><strong>antae</strong></span> 
     </span>
    </p>
   </div>
   <div class='ocr_carea' id='block_1_23' title="bbox 2031 775 3604 850">
    <p class='ocr_par' dir='ltr' id='par_1_23' title="bbox 2031 775 3604 850">
     <span class='ocr_line' id='line_1_23' title="bbox 2031 775 3604 850; baseline 0.007 -22"><span class='ocrx_word' id='word_1_149' title='bbox 2031 775 2230 830; x_wconf 86' lang='lat' dir='ltr'><strong>invitos</strong></span> <span class='ocrx_word' id='word_1_150' title='bbox 2263 778 2442 831; x_wconf 86' lang='lat' dir='ltr'><strong>colere</strong></span> <span class='ocrx_word' id='word_1_151' title='bbox 2470 787 2522 831; x_wconf 87' lang='lat' dir='ltr'><strong>et</strong></span> <span class='ocrx_word' id='word_1_152' title='bbox 2551 781 2820 844; x_wconf 84' lang='lat' dir='ltr'><strong>venerari,</strong></span> <span class='ocrx_word' id='word_1_153' title='bbox 2854 782 2943 848; x_wconf 87' lang='lat' dir='ltr'><strong>qui</strong></span> <span class='ocrx_word' id='word_1_154' title='bbox 2980 786 3119 850; x_wconf 89' lang='lat' dir='ltr'><strong>apud</strong></span> <span class='ocrx_word' id='word_1_155' title='bbox 3155 782 3336 838; x_wconf 85' lang='lat' dir='ltr'><strong>Medos</strong></span> <span class='ocrx_word' id='word_1_156' title='bbox 3383 789 3604 839; x_wconf 89' lang='lat' dir='ltr'><strong>deorum</strong></span> 
     </span>
    </p>
   </div>
   <div class='ocr_carea' id='block_1_24' title="bbox 2032 867 3599 935">
    <p class='ocr_par' dir='ltr' id='par_1_24' title="bbox 2032 867 3599 935">
     <span class='ocr_line' id='line_1_24' title="bbox 2032 867 3599 935; baseline 0.008 -19"><span class='ocrx_word' id='word_1_157' title='bbox 2032 879 2255 919; x_wconf 90' lang='lat' dir='ltr'><strong>numero</strong></span> <span class='ocrx_word' id='word_1_158' title='bbox 2285 867 2571 921; x_wconf 88' lang='lat' dir='ltr'><strong>habentur.</strong></span> <span class='ocrx_word' id='word_1_159' title='bbox 2601 868 2787 935; x_wconf 80' lang='lat' dir='ltr'><strong>Neque</strong></span> <span class='ocrx_word' id='word_1_160' title='bbox 2819 880 2998 924; x_wconf 89' lang='lat' dir='ltr'><strong>tamen</strong></span> <span class='ocrx_word' id='word_1_161' title='bbox 3033 872 3153 925; x_wconf 93' lang='lat' dir='ltr'><strong>ideo</strong></span> <span class='ocrx_word' id='word_1_162' title='bbox 3181 873 3475 927; x_wconf 73' lang='lat' dir='ltr'><strong>Christiani</strong></span> <span class='ocrx_word' id='word_1_163' title='bbox 3504 891 3599 928; x_wconf 87' lang='lat' dir='ltr'><strong>au-</strong></span> 
     </span>
    </p>
   </div>
   <div class='ocr_carea' id='block_1_25' title="bbox 2029 957 3600 1033">
    <p class='ocr_par' dir='ltr' id='par_1_25' title="bbox 2029 957 3600 1033">
     <span class='ocr_line' id='line_1_25' title="bbox 2029 957 3600 1033; baseline 0.006 -24"><span class='ocrx_word' id='word_1_164' title='bbox 2029 957 2216 1010; x_wconf 90' lang='lat' dir='ltr'><strong>derent</strong></span> <span class='ocrx_word' id='word_1_165' title='bbox 2245 958 2428 1010; x_wconf 89' lang='lat' dir='ltr'><strong>conari</strong></span> <span class='ocrx_word' id='word_1_166' title='bbox 2457 959 2657 1027; x_wconf 89' lang='lat' dir='ltr'><strong>magica</strong></span> <span class='ocrx_word' id='word_1_167' title='bbox 2701 970 2973 1016; x_wconf 75' lang='lat' dir='ltr'><strong>sectantes</strong></span> <span class='ocrx_word' id='word_1_168' title='bbox 3009 962 3059 1015; x_wconf 92' lang='lat' dir='ltr'><strong>in</strong></span> <span class='ocrx_word' id='word_1_169' title='bbox 3089 973 3331 1016; x_wconf 89' lang='lat' dir='ltr'><strong>nostram</strong></span> <span class='ocrx_word' id='word_1_170' title='bbox 3386 968 3600 1033; x_wconf 76' lang='lat' dir='ltr'><strong>religio-</strong></span> 
     </span>
    </p>
   </div>
   <div class='ocr_carea' id='block_1_26' title="bbox 2031 1046 3603 1121">
    <p class='ocr_par' dir='ltr' id='par_1_26' title="bbox 2031 1046 3603 1121">
     <span class='ocr_line' id='line_1_26' title="bbox 2031 1046 3603 1121; baseline 0.008 -24"><span class='ocrx_word' id='word_1_171' title='bbox 2031 1060 2150 1098; x_wconf 85' lang='lat' dir='ltr'><strong>nem</strong></span> <span class='ocrx_word' id='word_1_172' title='bbox 2201 1046 2539 1112; x_wconf 82' lang='lat' dir='ltr'><strong>pertrahere.</strong></span> <span class='ocrx_word' id='word_1_173' title='bbox 2586 1049 2835 1103; x_wconf 89' lang='lat' dir='ltr'><strong>Obtinuit</strong></span> <span class='ocrx_word' id='word_1_174' title='bbox 2888 1067 3124 1121; x_wconf 90' lang='lat' dir='ltr'><strong>quoque,</strong></span> <span class='ocrx_word' id='word_1_175' title='bbox 3170 1063 3226 1106; x_wconf 91' lang='lat' dir='ltr'><strong>ut</strong></span> <span class='ocrx_word' id='word_1_176' title='bbox 3276 1054 3603 1109; x_wconf 83' lang='lat' dir='ltr'><strong>Christianis</strong></span> 
     </span>
    </p>
   </div>
   <div class='ocr_carea' id='block_1_27' title="bbox 2028 1139 3602 1208">
    <p class='ocr_par' dir='ltr' id='par_1_27' title="bbox 2028 1139 3602 1208">
     <span class='ocr_line' id='line_1_27' title="bbox 2028 1139 3602 1208; baseline 0.008 -24"><span class='ocrx_word' id='word_1_177' title='bbox 2028 1144 2267 1201; x_wconf 83' lang='lat' dir='ltr'><strong>potestas</strong></span> <span class='ocrx_word' id='word_1_178' title='bbox 2284 1146 2431 1189; x_wconf 90' lang='lat' dir='ltr'><strong>esset</strong></span> <span class='ocrx_word' id='word_1_179' title='bbox 2463 1146 2703 1191; x_wconf 86' lang='lat' dir='ltr'><strong>mortuos</strong></span> <span class='ocrx_word' id='word_1_180' title='bbox 2733 1139 2996 1206; x_wconf 83' lang='lat' dir='ltr'><strong>sepulcris</strong></span> <span class='ocrx_word' id='word_1_181' title='bbox 3018 1143 3275 1208; x_wconf 87' lang='lat' dir='ltr'><strong>condere,</strong></span> <span class='ocrx_word' id='word_1_182' title='bbox 3310 1156 3364 1197; x_wconf 91' lang='lat' dir='ltr'><strong>ct</strong></span> <span class='ocrx_word' id='word_1_183' title='bbox 3394 1146 3498 1199; x_wconf 89' lang='lat' dir='ltr'><strong>illis</strong></span> <span class='ocrx_word' id='word_1_184' title='bbox 3538 1152 3602 1199; x_wconf 77' lang='lat' dir='ltr'><strong>ad</strong></span> 
     </span>
    </p>
   </div>
   <div class='ocr_carea' id='block_1_28' title="bbox 2030 1230 3607 1298">
    <p class='ocr_par' dir='ltr' id='par_1_28' title="bbox 2030 1230 3607 1298">
     <span class='ocr_line' id='line_1_28' title="bbox 2030 1230 3607 1298; baseline 0.008 -18"><span class='ocrx_word' id='word_1_185' title='bbox 2030 1239 2271 1282; x_wconf 85' lang='lat' dir='ltr'><strong>nostrum</strong></span> <span class='ocrx_word' id='word_1_186' title='bbox 2305 1244 2509 1283; x_wconf 89' lang='lat' dir='ltr'><strong>morem</strong></span> <span class='ocrx_word' id='word_1_187' title='bbox 2533 1230 2676 1298; x_wconf 87' lang='lat' dir='ltr'><strong>justa</strong></span> <span class='ocrx_word' id='word_1_188' title='bbox 2710 1232 3041 1298; x_wconf 84' lang='lat' dir='ltr'><strong>persolvere,</strong></span> <span class='ocrx_word' id='word_1_189' title='bbox 3076 1232 3202 1290; x_wconf 66' lang='lat' dir='ltr'><strong>llaec</strong></span> <span class='ocrx_word' id='word_1_190' title='bbox 3233 1253 3352 1289; x_wconf 90' lang='lat' dir='ltr'><strong>enm</strong></span> <span class='ocrx_word' id='word_1_191' title='bbox 3396 1239 3465 1289; x_wconf 85' lang='lat' dir='ltr'><strong>ita</strong></span> <span class='ocrx_word' id='word_1_192' title='bbox 3502 1240 3607 1293; x_wconf 86' lang='lat' dir='ltr'><strong>rite</strong></span> 
     </span>
    </p>
   </div>
   <div class='ocr_carea' id='block_1_29' title="bbox 2028 1318 3601 1391">
    <p class='ocr_par' dir='ltr' id='par_1_29' title="bbox 2028 1318 3601 1391">
     <span class='ocr_line' id='line_1_29' title="bbox 2028 1318 3601 1391; baseline 0.004 -20"><span class='ocrx_word' id='word_1_193' title='bbox 2028 1328 2082 1371; x_wconf 90' lang='lat' dir='ltr'><strong>et</strong></span> <span class='ocrx_word' id='word_1_194' title='bbox 2112 1318 2301 1372; x_wconf 88' lang='lat' dir='ltr'><strong>ordine</strong></span> <span class='ocrx_word' id='word_1_195' title='bbox 2326 1327 2477 1387; x_wconf 86' lang='lat' dir='ltr'><strong>gesta</strong></span> <span class='ocrx_word' id='word_1_196' title='bbox 2507 1320 2997 1391; x_wconf 87' lang='lat' dir='ltr'><strong>administrataque</strong></span> <span class='ocrx_word' id='word_1_197' title='bbox 3021 1322 3267 1389; x_wconf 82' lang='lat' dir='ltr'><strong>fuissent,</strong></span> <span class='ocrx_word' id='word_1_198' title='bbox 3296 1327 3502 1381; x_wconf 81' lang='lat' dir='ltr'><strong>litteras</strong></span> <span class='ocrx_word' id='word_1_199' title='bbox 3526 1330 3601 1390; x_wconf 84' lang='lat' dir='ltr'><strong>hi,</strong></span> 
     </span>
    </p>
   </div>
   <div class='ocr_carea' id='block_1_30' title="bbox 2027 1408 3599 1474">
    <p class='ocr_par' dir='ltr' id='par_1_30' title="bbox 2027 1408 3599 1474">
     <span class='ocr_line' id='line_1_30' title="bbox 2027 1408 3599 1474; baseline 0.008 -18"><span class='ocrx_word' id='word_1_200' title='bbox 2027 1408 2221 1474; x_wconf 78' lang='lat' dir='ltr'><strong>quibus</strong></span> <span class='ocrx_word' id='word_1_201' title='bbox 2256 1408 2373 1474; x_wconf 89' lang='lat' dir='ltr'><strong>ejus</strong></span> <span class='ocrx_word' id='word_1_202' title='bbox 2404 1409 2478 1462; x_wconf 89' lang='lat' dir='ltr'><strong>rei</strong></span> <span class='ocrx_word' id='word_1_203' title='bbox 2512 1422 2639 1463; x_wconf 90' lang='lat' dir='ltr'><strong>cura</strong></span> <span class='ocrx_word' id='word_1_204' title='bbox 2673 1412 2992 1465; x_wconf 84' lang='lat' dir='ltr'><strong>demandata</strong></span> <span class='ocrx_word' id='word_1_205' title='bbox 3031 1422 3168 1471; x_wconf 85' lang='lat' dir='ltr'><strong>erat.</strong></span> <span class='ocrx_word' id='word_1_206' title='bbox 3202 1415 3413 1469; x_wconf 88' lang='lat' dir='ltr'><strong>duobus</strong></span> <span class='ocrx_word' id='word_1_207' title='bbox 3446 1417 3599 1469; x_wconf 78' lang='lat' dir='ltr'><strong>Lbcl-</strong></span> 
     </span>
    </p>
   </div>
   <div class='ocr_carea' id='block_1_31' title="bbox 2029 1497 3601 1567">
    <p class='ocr_par' dir='ltr' id='par_1_31' title="bbox 2029 1497 3601 1567">
     <span class='ocr_line' id='line_1_31' title="bbox 2029 1497 3601 1567; baseline 0.007 -18"><span class='ocrx_word' id='word_1_208' title='bbox 2029 1497 2094 1550; x_wconf 89' lang='lat' dir='ltr'><strong>lis</strong></span> <span class='ocrx_word' id='word_1_209' title='bbox 2126 1507 2379 1552; x_wconf 81' lang='lat' dir='ltr'><strong>cxaratas</strong></span> <span class='ocrx_word' id='word_1_210' title='bbox 2411 1511 2784 1567; x_wconf 87' lang='lat' dir='ltr'><strong>susceperunt,</strong></span> <span class='ocrx_word' id='word_1_211' title='bbox 2842 1510 2893 1555; x_wconf 93' lang='lat' dir='ltr'><strong>et</strong></span> <span class='ocrx_word' id='word_1_212' title='bbox 2938 1518 3121 1555; x_wconf 80' lang='lat' dir='ltr'><strong>earnm</strong></span> <span class='ocrx_word' id='word_1_213' title='bbox 3156 1505 3261 1557; x_wconf 91' lang='lat' dir='ltr'><strong>vim</strong></span> <span class='ocrx_word' id='word_1_214' title='bbox 3296 1516 3344 1557; x_wconf 90' lang='lat' dir='ltr'><strong>et</strong></span> <span class='ocrx_word' id='word_1_215' title='bbox 3381 1520 3601 1560; x_wconf 82' lang='lat' dir='ltr'><strong>sensum</strong></span> 
     </span>
    </p>
   </div>
   <div class='ocr_carea' id='block_1_32' title="bbox 2029 1591 3603 1662">
    <p class='ocr_par' dir='ltr' id='par_1_32' title="bbox 2029 1591 3603 1662">
     <span class='ocr_line' id='line_1_32' title="bbox 2029 1591 3603 1662; baseline 0.005 -19"><span class='ocrx_word' id='word_1_216' title='bbox 2029 1601 2283 1644; x_wconf 88' lang='lat' dir='ltr'><strong>accurate</strong></span> <span class='ocrx_word' id='word_1_217' title='bbox 2307 1591 2449 1644; x_wconf 89' lang='lat' dir='ltr'><strong>inter</strong></span> <span class='ocrx_word' id='word_1_218' title='bbox 2476 1606 2533 1646; x_wconf 87' lang='lat' dir='ltr'><strong>se</strong></span> <span class='ocrx_word' id='word_1_219' title='bbox 2562 1592 2927 1656; x_wconf 87' lang='lat' dir='ltr'><strong>cuntnlerunt,</strong></span> <span class='ocrx_word' id='word_1_220' title='bbox 2954 1610 3182 1662; x_wconf 89' lang='lat' dir='ltr'><strong>quarum</strong></span> <span class='ocrx_word' id='word_1_221' title='bbox 3208 1598 3392 1649; x_wconf 88' lang='lat' dir='ltr'><strong>statim</strong></span> <span class='ocrx_word' id='word_1_222' title='bbox 3426 1597 3603 1651; x_wconf 73' lang='lat' dir='ltr'><strong>altera</strong></span> 
     </span>
    </p>
   </div>
   <div class='ocr_carea' id='block_1_33' title="bbox 2027 1682 3601 1756">
    <p class='ocr_par' dir='ltr' id='par_1_33' title="bbox 2027 1682 3601 1756">
     <span class='ocr_line' id='line_1_33' title="bbox 2027 1682 3601 1756; baseline 0.003 -20"><span class='ocrx_word' id='word_1_223' title='bbox 2027 1683 2268 1751; x_wconf 78' lang='lat' dir='ltr'><strong>exempla</strong></span> <span class='ocrx_word' id='word_1_224' title='bbox 2294 1682 2666 1737; x_wconf 79' lang='lat' dir='ltr'><strong>confecerunt.</strong></span> <span class='ocrx_word' id='word_1_225' title='bbox 2711 1685 2773 1736; x_wconf 86' lang='lat' dir='ltr'><strong>Et</strong></span> <span class='ocrx_word' id='word_1_226' title='bbox 2800 1686 3015 1753; x_wconf 85' lang='lat' dir='ltr'><strong>quidem</strong></span> <span class='ocrx_word' id='word_1_227' title='bbox 3047 1702 3122 1740; x_wconf 77' lang='lat' dir='ltr'><strong>ea:</strong></span> <span class='ocrx_word' id='word_1_228' title='bbox 3160 1688 3373 1756; x_wconf 67' lang='lat' dir='ltr'><strong>tabulae,</strong></span> <span class='ocrx_word' id='word_1_229' title='bbox 3404 1690 3601 1756; x_wconf 78' lang='lat' dir='ltr'><strong>quabus</strong></span> 
     </span>
    </p>
   </div>
   <div class='ocr_carea' id='block_1_34' title="bbox 349 1744 1922 1843">
    <p class='ocr_par' dir='ltr' id='par_1_34' title="bbox 349 1762 1922 1832">
     <span class='ocr_line' id='line_1_34' title="bbox 349 1762 1922 1832; baseline 0.001 -20"><span class='ocrx_word' id='word_1_230' title='bbox 349 1777 483 1832; x_wconf 73' lang='grc' dir='ltr'>τερα</span> <span class='ocrx_word' id='word_1_231' title='bbox 515 1762 896 1829; x_wconf 80' lang='grc' dir='ltr'>ξυνειληοέντα</span> <span class='ocrx_word' id='word_1_232' title='bbox 946 1779 1003 1813; x_wconf 88' lang='grc' dir='ltr'><strong>τε</strong></span> <span class='ocrx_word' id='word_1_233' title='bbox 1064 1762 1155 1813; x_wconf 78' lang='grc' dir='ltr'><strong>καὶ</strong></span> <span class='ocrx_word' id='word_1_234' title='bbox 1206 1763 1713 1828; x_wconf 76' lang='grc' dir='ltr'>κατασφαλισθέντα</span> <span class='ocrx_word' id='word_1_235' title='bbox 1750 1764 1922 1832; x_wconf 85' lang='grc' dir='ltr'>ἐκμα-</span> 
     </span>
    </p>
   </div>
   <div class='ocr_carea' id='block_1_35' title="bbox 2026 1744 3598 1843">
    <p class='ocr_par' dir='ltr' id='par_1_35' title="bbox 2027 1774 3598 1843">
     <span class='ocr_line' id='line_1_35' title="bbox 2027 1774 3598 1843; baseline 0.003 -17"><span class='ocrx_word' id='word_1_236' title='bbox 2027 1775 2239 1842; x_wconf 80' lang='lat' dir='ltr'><strong>plenior</strong></span> <span class='ocrx_word' id='word_1_237' title='bbox 2271 1774 2401 1828; x_wconf 82' lang='lat' dir='ltr'><strong>ﬁdes</strong></span> <span class='ocrx_word' id='word_1_238' title='bbox 2447 1774 2759 1836; x_wconf 84' lang='lat' dir='ltr'><strong>haberetur,</strong></span> <span class='ocrx_word' id='word_1_239' title='bbox 2801 1775 3089 1843; x_wconf 80' lang='lat' dir='ltr'><strong>diligenter</strong></span> <span class='ocrx_word' id='word_1_240' title='bbox 3121 1777 3394 1839; x_wconf 61' lang='lat' dir='ltr'><strong>involutae,</strong></span> <span class='ocrx_word' id='word_1_241' title='bbox 3433 1789 3487 1830; x_wconf 91' lang='lat' dir='ltr'><strong>et</strong></span> <span class='ocrx_word' id='word_1_242' title='bbox 3513 1792 3598 1830; x_wconf 86' lang='lat' dir='ltr'><strong>se-</strong></span> 
     </span>
    </p>
   </div>
   <div class='ocr_carea' id='block_1_36' title="bbox 347 1848 1923 1924">
    <p class='ocr_par' dir='ltr' id='par_1_36' title="bbox 347 1848 1923 1924">
     <span class='ocr_line' id='line_1_36' title="bbox 347 1848 1923 1924; baseline 0.001 -20"><span class='ocrx_word' id='word_1_243' title='bbox 347 1852 515 1920; x_wconf 79' lang='grc' dir='ltr'>γείοις</span> <span class='ocrx_word' id='word_1_244' title='bbox 548 1869 607 1905; x_wconf 87' lang='grc' dir='ltr'><strong>τε</strong></span> <span class='ocrx_word' id='word_1_245' title='bbox 664 1854 928 1923; x_wconf 73' lang='grc' dir='ltr'>κηρίνοις,</span> <span class='ocrx_word' id='word_1_246' title='bbox 979 1854 1184 1921; x_wconf 78' lang='grc' dir='ltr'>ἑτέροις</span> <span class='ocrx_word' id='word_1_247' title='bbox 1234 1870 1292 1904; x_wconf 86' lang='grc' dir='ltr'><strong>τε</strong></span> <span class='ocrx_word' id='word_1_248' title='bbox 1326 1848 1407 1914; x_wconf 79' lang='grc' dir='ltr'>οἷς</span> <span class='ocrx_word' id='word_1_249' title='bbox 1445 1854 1669 1904; x_wconf 77' lang='grc' dir='ltr'>εἰώθασι</span> <span class='ocrx_word' id='word_1_250' title='bbox 1716 1854 1923 1924; x_wconf 78' lang='grc' dir='ltr'>Πέρσαι</span> 
     </span>
    </p>
   </div>
   <div class='ocr_carea' id='block_1_37' title="bbox 345 1944 1922 2016">
    <p class='ocr_par' dir='ltr' id='par_1_37' title="bbox 345 1944 1922 2016">
     <span class='ocr_line' id='line_1_37' title="bbox 345 1944 1922 2016; baseline 0.001 -20"><span class='ocrx_word' id='word_1_251' title='bbox 345 1946 605 2014; x_wconf 69' lang='grc' dir='ltr'>χρῆσθαι,</span> <span class='ocrx_word' id='word_1_252' title='bbox 643 1945 735 1999; x_wconf 76' lang='grc' dir='ltr'><strong>καὶ</strong></span> <span class='ocrx_word' id='word_1_253' title='bbox 766 1944 1128 2013; x_wconf 81' lang='grc' dir='ltr'>ἐκτυπώμασι</span> <span class='ocrx_word' id='word_1_254' title='bbox 1154 1945 1452 1997; x_wconf 79' lang='grc' dir='ltr'>δακτυλίων</span> <span class='ocrx_word' id='word_1_255' title='bbox 1487 1947 1598 1997; x_wconf 80' lang='grc' dir='ltr'><strong>ὑπὸ</strong></span> <span class='ocrx_word' id='word_1_256' title='bbox 1626 1945 1734 1998; x_wconf 85' lang='grc' dir='ltr'><strong>τῶν</strong></span> <span class='ocrx_word' id='word_1_257' title='bbox 1788 1947 1922 2016; x_wconf 86' lang='grc' dir='ltr'>πρέ-</span> 
     </span>
    </p>
   </div>
   <div class='ocr_carea' id='block_1_38' title="bbox 349 2036 1921 2106">
    <p class='ocr_par' dir='ltr' id='par_1_38' title="bbox 349 2036 1921 2106">
     <span class='ocr_line' id='line_1_38' title="bbox 349 2036 1921 2106; baseline 0.001 -18"><span class='ocrx_word' id='word_1_258' title='bbox 349 2036 545 2103; x_wconf 77' lang='grc' dir='ltr'>σϐεων,</span> <span class='ocrx_word' id='word_1_259' title='bbox 592 2037 673 2091; x_wconf 69' lang='grc' dir='ltr'>ἔτι</span> <span class='ocrx_word' id='word_1_260' title='bbox 725 2038 831 2105; x_wconf 81' lang='grc' dir='ltr'><strong>μὴν</strong></span> <span class='ocrx_word' id='word_1_261' title='bbox 872 2040 965 2089; x_wconf 77' lang='grc' dir='ltr'><strong>καὶ</strong></span> <span class='ocrx_word' id='word_1_262' title='bbox 1011 2037 1292 2106; x_wconf 79' lang='grc' dir='ltr'>ἑρμηνέων</span> <span class='ocrx_word' id='word_1_263' title='bbox 1316 2037 1447 2089; x_wconf 80' lang='grc' dir='ltr'>δέκα</span> <span class='ocrx_word' id='word_1_264' title='bbox 1496 2038 1631 2106; x_wconf 67' lang='grc' dir='ltr'>πρὸς</span> <span class='ocrx_word' id='word_1_265' title='bbox 1661 2039 1769 2098; x_wconf 83' lang='grc' dir='ltr'>τοῖς</span> <span class='ocrx_word' id='word_1_266' title='bbox 1808 2038 1921 2101; x_wconf 87' lang='grc' dir='ltr'>δύο,</span> 
     </span>
    </p>
   </div>
   <div class='ocr_carea' id='block_1_39' title="bbox 350 2122 1924 2199">
    <p class='ocr_par' dir='ltr' id='par_1_39' title="bbox 350 2122 1924 2199">
     <span class='ocr_line' id='line_1_39' title="bbox 350 2122 1924 2199; baseline -0.001 -19"><span class='ocrx_word' id='word_1_267' title='bbox 350 2125 412 2191; x_wconf 76' lang='grc' dir='ltr'>ἐξ</span> <span class='ocrx_word' id='word_1_268' title='bbox 438 2128 534 2193; x_wconf 75' lang='grc' dir='ltr'>μὲν</span> <span class='ocrx_word' id='word_1_269' title='bbox 575 2128 881 2197; x_wconf 82' lang='grc' dir='ltr'>Ῥωμαίων,</span> <span class='ocrx_word' id='word_1_270' title='bbox 912 2128 1009 2196; x_wconf 85' lang='grc' dir='ltr'><strong>ούχ</strong></span> <span class='ocrx_word' id='word_1_271' title='bbox 1038 2122 1203 2199; x_wconf 82' lang='grc' dir='ltr'>ἦττον</span> <span class='ocrx_word' id='word_1_272' title='bbox 1238 2128 1292 2180; x_wconf 83' lang='grc' dir='ltr'>δὲ</span> <span class='ocrx_word' id='word_1_273' title='bbox 1352 2128 1599 2193; x_wconf 80' lang='grc' dir='ltr'>Περσῶν,</span> <span class='ocrx_word' id='word_1_274' title='bbox 1652 2127 1924 2198; x_wconf 70' lang='grc' dir='ltr'>ἀμοιϐαίᾳ</span> 
     </span>
    </p>
   </div>
   <div class='ocr_carea' id='block_1_40' title="bbox 352 2219 1923 2290">
    <p class='ocr_par' dir='ltr' id='par_1_40' title="bbox 352 2219 1923 2290">
     <span class='ocr_line' id='line_1_40' title="bbox 352 2219 1923 2290; baseline 0.001 -20"><span class='ocrx_word' id='word_1_275' title='bbox 352 2223 416 2287; x_wconf 76' lang='grc' dir='ltr'><strong>τῇ</strong></span> <span class='ocrx_word' id='word_1_276' title='bbox 440 2220 580 2272; x_wconf 81' lang='grc' dir='ltr'>δόσει</span> <span class='ocrx_word' id='word_1_277' title='bbox 604 2220 671 2273; x_wconf 82' lang='grc' dir='ltr'>τὰ</span> <span class='ocrx_word' id='word_1_278' title='bbox 703 2220 799 2288; x_wconf 85' lang='grc' dir='ltr'>τῆς</span> <span class='ocrx_word' id='word_1_279' title='bbox 820 2220 1041 2290; x_wconf 75' lang='grc' dir='ltr'>εἰρήνης</span> <span class='ocrx_word' id='word_1_280' title='bbox 1080 2219 1260 2287; x_wconf 78' lang='grc' dir='ltr'>βιὸλία</span> <span class='ocrx_word' id='word_1_281' title='bbox 1288 2220 1617 2290; x_wconf 79' lang='grc' dir='ltr'>παρέσχοντο</span> <span class='ocrx_word' id='word_1_282' title='bbox 1651 2219 1923 2289; x_wconf 81' lang='grc' dir='ltr'>ἀλλήλοις.</span> 
     </span>
    </p>
   </div>
   <div class='ocr_carea' id='block_1_41' title="bbox 352 2310 1925 2381">
    <p class='ocr_par' dir='ltr' id='par_1_41' title="bbox 352 2310 1925 2381">
     <span class='ocr_line' id='line_1_41' title="bbox 352 2310 1925 2381; baseline 0.001 -19"><span class='ocrx_word' id='word_1_283' title='bbox 352 2312 424 2362; x_wconf 81' lang='grc' dir='ltr'>Τὸ</span> <span class='ocrx_word' id='word_1_284' title='bbox 450 2310 548 2379; x_wconf 86' lang='grc' dir='ltr'>μέν</span> <span class='ocrx_word' id='word_1_285' title='bbox 576 2313 641 2380; x_wconf 83' lang='grc' dir='ltr'>τῇ</span> <span class='ocrx_word' id='word_1_286' title='bbox 666 2310 888 2381; x_wconf 82' lang='grc' dir='ltr'>Περσῶν</span> <span class='ocrx_word' id='word_1_287' title='bbox 916 2314 1067 2380; x_wconf 77' lang='grc' dir='ltr'>φωνῇ</span> <span class='ocrx_word' id='word_1_288' title='bbox 1092 2312 1473 2381; x_wconf 67' lang='grc' dir='ltr'>γεγραμμένον</span> <span class='ocrx_word' id='word_1_289' title='bbox 1500 2314 1794 2381; x_wconf 83' lang='grc' dir='ltr'>ἐνεχείρισε</span> <span class='ocrx_word' id='word_1_290' title='bbox 1821 2312 1925 2364; x_wconf 83' lang='grc' dir='ltr'>Πέ-</span> 
     </span>
    </p>
   </div>
   <div class='ocr_carea' id='block_1_42' title="bbox 346 2397 1920 2470">
    <p class='ocr_par' dir='ltr' id='par_1_42' title="bbox 346 2397 1920 2470">
     <span class='ocr_line' id='line_1_42' title="bbox 346 2397 1920 2470; baseline 0.003 -22"><span class='ocrx_word' id='word_1_291' title='bbox 346 2397 462 2467; x_wconf 82' lang='grc' dir='ltr'>τρῷ</span> <span class='ocrx_word' id='word_1_292' title='bbox 494 2399 522 2449; x_wconf 83' lang='grc' dir='ltr'><strong>ό</strong></span> <span class='ocrx_word' id='word_1_293' title='bbox 550 2397 667 2466; x_wconf 70' lang='grc' dir='ltr'><strong>Ζὶχ,</strong></span> <span class='ocrx_word' id='word_1_294' title='bbox 703 2398 796 2451; x_wconf 79' lang='grc' dir='ltr'><strong>καὶ</strong></span> <span class='ocrx_word' id='word_1_295' title='bbox 828 2398 1031 2467; x_wconf 79' lang='grc' dir='ltr'>Πέτρος</span> <span class='ocrx_word' id='word_1_296' title='bbox 1064 2399 1121 2450; x_wconf 77' lang='grc' dir='ltr'>δὲ</span> <span class='ocrx_word' id='word_1_297' title='bbox 1144 2398 1221 2468; x_wconf 81' lang='grc' dir='ltr'>τῷ</span> <span class='ocrx_word' id='word_1_298' title='bbox 1251 2400 1347 2468; x_wconf 73' lang='grc' dir='ltr'><strong>Ζὶχ</strong></span> <span class='ocrx_word' id='word_1_299' title='bbox 1378 2402 1438 2451; x_wconf 71' lang='grc' dir='ltr'><strong>τὸ</strong></span> <span class='ocrx_word' id='word_1_300' title='bbox 1489 2403 1555 2469; x_wconf 79' lang='grc' dir='ltr'>τῇ</span> <span class='ocrx_word' id='word_1_301' title='bbox 1602 2400 1872 2470; x_wconf 79' lang='grc' dir='ltr'>Ἑλληνίδι</span> <span class='ocrx_word' id='word_1_302' title='bbox 1906 2416 1920 2429; x_wconf 91' lang='grc'><strong>·</strong></span> 
     </span>
    </p>
   </div>
   <div class='ocr_carea' id='block_1_43' title="bbox 348 2483 1924 2561">
    <p class='ocr_par' dir='ltr' id='par_1_43' title="bbox 348 2483 1924 2561">
     <span class='ocr_line' id='line_1_43' title="bbox 348 2483 1924 2561; baseline 0.003 -20"><span class='ocrx_word' id='word_1_303' title='bbox 348 2491 442 2541; x_wconf 67' lang='grc' dir='ltr'><strong>καὶ</strong></span> <span class='ocrx_word' id='word_1_304' title='bbox 470 2483 625 2552; x_wconf 80' lang='grc' dir='ltr'>αὖθις</span> <span class='ocrx_word' id='word_1_305' title='bbox 647 2488 739 2540; x_wconf 91' lang='grc' dir='ltr'><strong>τοῦ</strong></span> <span class='ocrx_word' id='word_1_306' title='bbox 761 2488 859 2557; x_wconf 76' lang='grc' dir='ltr'><strong>Ζίχ</strong></span> <span class='ocrx_word' id='word_1_307' title='bbox 883 2489 943 2541; x_wconf 81' lang='grc' dir='ltr'>τὸ</span> <span class='ocrx_word' id='word_1_308' title='bbox 971 2490 1289 2561; x_wconf 62' lang='grc' dir='ltr'>ἰσῖηρροποῦν</span> <span class='ocrx_word' id='word_1_309' title='bbox 1318 2494 1383 2559; x_wconf 82' lang='grc' dir='ltr'>τῇ</span> <span class='ocrx_word' id='word_1_310' title='bbox 1422 2490 1683 2561; x_wconf 78' lang='grc' dir='ltr'>Ἑλληνίδι</span> <span class='ocrx_word' id='word_1_311' title='bbox 1716 2490 1924 2559; x_wconf 79' lang='grc' dir='ltr'>βιϐλίον</span> 
     </span>
    </p>
   </div>
   <div class='ocr_carea' id='block_1_44' title="bbox 344 2577 1922 2648">
    <p class='ocr_par' dir='ltr' id='par_1_44' title="bbox 344 2577 1922 2648">
     <span class='ocr_line' id='line_1_44' title="bbox 344 2577 1922 2648; baseline 0 -18"><span class='ocrx_word' id='word_1_312' title='bbox 344 2578 635 2647; x_wconf 85' lang='grc' dir='ltr'>γράμμασι</span> <span class='ocrx_word' id='word_1_313' title='bbox 662 2577 948 2647; x_wconf 83' lang='grc' dir='ltr'>Περσίκοῖς</span> <span class='ocrx_word' id='word_1_314' title='bbox 974 2578 1503 2648; x_wconf 86' lang='grc' dir='ltr'>διασεσημασμένον,</span> <span class='ocrx_word' id='word_1_315' title='bbox 1534 2580 1662 2632; x_wconf 80' lang='grc' dir='ltr'>ἄνευ</span> <span class='ocrx_word' id='word_1_316' title='bbox 1692 2578 1792 2647; x_wconf 80' lang='grc' dir='ltr'><strong>τῆς</strong></span> <span class='ocrx_word' id='word_1_317' title='bbox 1816 2578 1922 2630; x_wconf 83' lang='grc' dir='ltr'>τῶν</span> 
     </span>
    </p>
   </div>
   <div class='ocr_carea' id='block_1_45' title="bbox 346 2669 1921 2742">
    <p class='ocr_par' dir='ltr' id='par_1_45' title="bbox 346 2669 1921 2742">
     <span class='ocr_line' id='line_1_45' title="bbox 346 2669 1921 2742; baseline 0.001 -20"><span class='ocrx_word' id='word_1_318' title='bbox 346 2669 759 2738; x_wconf 79' lang='grc' dir='ltr'>ἐκτυπωμάτων</span> <span class='ocrx_word' id='word_1_319' title='bbox 789 2669 1111 2738; x_wconf 84' lang='grc' dir='ltr'>ἀσφαλείας,</span> <span class='ocrx_word' id='word_1_320' title='bbox 1152 2671 1456 2740; x_wconf 83' lang='grc' dir='ltr'>εἰληφότος,</span> <span class='ocrx_word' id='word_1_321' title='bbox 1495 2672 1557 2723; x_wconf 81' lang='grc' dir='ltr'>τὸ</span> <span class='ocrx_word' id='word_1_322' title='bbox 1594 2672 1639 2703; x_wconf 75' lang='grc'><strong>⁸⁸</strong></span> <span class='ocrx_word' id='word_1_323' title='bbox 1673 2671 1921 2742; x_wconf 79' lang='grc' dir='ltr'>σωθήσε-</span> 
     </span>
    </p>
   </div>
   <div class='ocr_carea' id='block_1_46' title="bbox 348 2760 1922 2834">
    <p class='ocr_par' dir='ltr' id='par_1_46' title="bbox 348 2760 1922 2834">
     <span class='ocr_line' id='line_1_46' title="bbox 348 2760 1922 2834; baseline 0.004 -23"><span class='ocrx_word' id='word_1_324' title='bbox 348 2760 473 2813; x_wconf 74' lang='grc' dir='ltr'>σοαί</span> <span class='ocrx_word' id='word_1_325' title='bbox 496 2764 543 2813; x_wconf 88' lang='grc' dir='ltr'><strong>οἰ</strong></span> <span class='ocrx_word' id='word_1_326' title='bbox 575 2761 673 2822; x_wconf 83' lang='grc' dir='ltr'>τὰς</span> <span class='ocrx_word' id='word_1_327' title='bbox 717 2761 960 2831; x_wconf 79' lang='grc' dir='ltr'>μνήμας,</span> <span class='ocrx_word' id='word_1_328' title='bbox 996 2761 1091 2815; x_wconf 73' lang='grc' dir='ltr'><strong>καὶ</strong></span> <span class='ocrx_word' id='word_1_329' title='bbox 1146 2762 1349 2834; x_wconf 74' lang='grc' dir='ltr'>Πέτρος</span> <span class='ocrx_word' id='word_1_330' title='bbox 1378 2764 1476 2816; x_wconf 77' lang='grc' dir='ltr'><strong>οὐκ</strong></span> <span class='ocrx_word' id='word_1_331' title='bbox 1521 2763 1694 2829; x_wconf 72' lang='grc' dir='ltr'>ἄλλως</span> <span class='ocrx_word' id='word_1_332' title='bbox 1724 2764 1922 2817; x_wconf 77' lang='grc' dir='ltr'>ἐπετέ-</span> 
     </span>
    </p>
   </div>
   <div class='ocr_carea' id='block_1_47' title="bbox 346 2852 853 2922">
    <p class='ocr_par' dir='ltr' id='par_1_47' title="bbox 346 2852 853 2922">
     <span class='ocr_line' id='line_1_47' title="bbox 346 2852 853 2922; baseline 0.012 -19"><span class='ocrx_word' id='word_1_333' title='bbox 346 2852 499 2905; x_wconf 82' lang='grc' dir='ltr'>λεσεν</span> <span class='ocrx_word' id='word_1_334' title='bbox 530 2853 853 2922; x_wconf 84' lang='grc' dir='ltr'>ἀμοιδαίως.</span> 
     </span>
    </p>
   </div>
   <div class='ocr_carea' id='block_1_48' title="bbox 417 2937 1925 3016">
    <p class='ocr_par' dir='ltr' id='par_1_48' title="bbox 417 2937 1925 3016">
     <span class='ocr_line' id='line_1_48' title="bbox 417 2937 1925 3016; baseline 0.005 -23"><span class='ocrx_word' id='word_1_335' title='bbox 417 2937 547 2994; x_wconf 83' lang='grc' dir='ltr'>Εῐτα</span> <span class='ocrx_word' id='word_1_336' title='bbox 582 2943 677 2995; x_wconf 85' lang='grc' dir='ltr'><strong>ἐπί</strong></span> <span class='ocrx_word' id='word_1_337' title='bbox 712 2943 923 3006; x_wconf 81' lang='grc' dir='ltr'>τούτοις</span> <span class='ocrx_word' id='word_1_338' title='bbox 977 2944 1324 3013; x_wconf 80' lang='grc' dir='ltr'>διελύθησαν,</span> <span class='ocrx_word' id='word_1_339' title='bbox 1381 2944 1488 2999; x_wconf 83' lang='grc' dir='ltr'>τῶν</span> <span class='ocrx_word' id='word_1_340' title='bbox 1534 2962 1591 2998; x_wconf 90' lang='grc' dir='ltr'><strong>τε</strong></span> <span class='ocrx_word' id='word_1_341' title='bbox 1625 2946 1785 3016; x_wconf 83' lang='grc' dir='ltr'>ὁρίων</span> <span class='ocrx_word' id='word_1_342' title='bbox 1816 2948 1925 3001; x_wconf 80' lang='grc' dir='ltr'>ἄπο</span> 
     </span>
    </p>
   </div>
   <div class='ocr_carea' id='block_1_49' title="bbox 343 3032 1917 3106">
    <p class='ocr_par' dir='ltr' id='par_1_49' title="bbox 343 3032 1917 3106">
     <span class='ocr_line' id='line_1_49' title="bbox 343 3032 1917 3106; baseline 0.004 -21"><span class='ocrx_word' id='word_1_343' title='bbox 343 3032 614 3101; x_wconf 86' lang='grc' dir='ltr'>ἐγένοντο,</span> <span class='ocrx_word' id='word_1_344' title='bbox 650 3035 745 3087; x_wconf 75' lang='grc' dir='ltr'><strong>καὶ</strong></span> <span class='ocrx_word' id='word_1_345' title='bbox 798 3034 827 3085; x_wconf 83' lang='grc' dir='ltr'><strong>ό</strong></span> <span class='ocrx_word' id='word_1_346' title='bbox 860 3035 959 3104; x_wconf 74' lang='grc' dir='ltr'><strong>Ζὶχ</strong></span> <span class='ocrx_word' id='word_1_347' title='bbox 997 3035 1076 3097; x_wconf 87' lang='grc' dir='ltr'><strong>εἰς</strong></span> <span class='ocrx_word' id='word_1_348' title='bbox 1114 3037 1181 3087; x_wconf 80' lang='grc' dir='ltr'>τὰ</span> <span class='ocrx_word' id='word_1_349' title='bbox 1220 3036 1427 3105; x_wconf 79' lang='grc' dir='ltr'>πάτρια</span> <span class='ocrx_word' id='word_1_350' title='bbox 1465 3035 1567 3106; x_wconf 79' lang='grc' dir='ltr'>ήθη</span> <span class='ocrx_word' id='word_1_351' title='bbox 1608 3036 1917 3105; x_wconf 82' lang='grc' dir='ltr'>ἐπορεύετο.</span> 
     </span>
    </p>
   </div>
   <div class='ocr_carea' id='block_1_50' title="bbox 2025 1866 3598 1935">
    <p class='ocr_par' dir='ltr' id='par_1_50' title="bbox 2025 1866 3598 1935">
     <span class='ocr_line' id='line_1_50' title="bbox 2025 1866 3598 1935; baseline -0.001 -17"><span class='ocrx_word' id='word_1_352' title='bbox 2025 1866 2274 1919; x_wconf 79' lang='lat' dir='ltr'><strong>euritatis</strong></span> <span class='ocrx_word' id='word_1_353' title='bbox 2304 1880 2465 1919; x_wconf 89' lang='lat' dir='ltr'><strong>causa</strong></span> <span class='ocrx_word' id='word_1_354' title='bbox 2488 1880 2612 1919; x_wconf 92' lang='lat' dir='ltr'><strong>cera</strong></span> <span class='ocrx_word' id='word_1_355' title='bbox 2648 1866 2841 1919; x_wconf 82' lang='lat' dir='ltr'><strong>iterum</strong></span> <span class='ocrx_word' id='word_1_356' title='bbox 2869 1881 3161 1935; x_wconf 64' lang='lat' dir='ltr'><strong>expressae,</strong></span> <span class='ocrx_word' id='word_1_357' title='bbox 3196 1879 3246 1920; x_wconf 87' lang='lat' dir='ltr'><strong>et</strong></span> <span class='ocrx_word' id='word_1_358' title='bbox 3267 1866 3389 1921; x_wconf 89' lang='lat' dir='ltr'><strong>aliis</strong></span> <span class='ocrx_word' id='word_1_359' title='bbox 3418 1870 3598 1927; x_wconf 76' lang='lat' dir='ltr'><strong>rebus,</strong></span> 
     </span>
    </p>
   </div>
   <div class='ocr_carea' id='block_1_51' title="bbox 2023 1957 3598 2027">
    <p class='ocr_par' dir='ltr' id='par_1_51' title="bbox 2023 1957 3598 2027">
     <span class='ocr_line' id='line_1_51' title="bbox 2023 1957 3598 2027; baseline 0.002 -21"><span class='ocrx_word' id='word_1_360' title='bbox 2023 1974 2142 2027; x_wconf 69' lang='lat' dir='ltr'><strong>quae</strong></span> <span class='ocrx_word' id='word_1_361' title='bbox 2170 1958 2308 2026; x_wconf 89' lang='lat' dir='ltr'><strong>apud</strong></span> <span class='ocrx_word' id='word_1_362' title='bbox 2342 1957 2538 2011; x_wconf 83' lang='lat' dir='ltr'><strong>Persas</strong></span> <span class='ocrx_word' id='word_1_363' title='bbox 2568 1966 2693 2011; x_wconf 86' lang='lat' dir='ltr'><strong>sunt</strong></span> <span class='ocrx_word' id='word_1_364' title='bbox 2744 1959 2796 2010; x_wconf 91' lang='lat' dir='ltr'><strong>in</strong></span> <span class='ocrx_word' id='word_1_365' title='bbox 2851 1974 2970 2021; x_wconf 89' lang='lat' dir='ltr'><strong>nsn,</strong></span> <span class='ocrx_word' id='word_1_366' title='bbox 3013 1959 3236 2013; x_wconf 77' lang='lat' dir='ltr'><strong>ﬁrmata:</strong></span> <span class='ocrx_word' id='word_1_367' title='bbox 3283 1968 3411 2013; x_wconf 90' lang='lat' dir='ltr'><strong>sunt</strong></span> <span class='ocrx_word' id='word_1_368' title='bbox 3446 1976 3461 2013; x_wconf 89' lang='lat'><strong>:</strong></span> <span class='ocrx_word' id='word_1_369' title='bbox 3490 1972 3598 2011; x_wconf 89' lang='lat' dir='ltr'><strong>tum</strong></span> 
     </span>
    </p>
   </div>
   <div class='ocr_carea' id='block_1_52' title="bbox 2023 2048 3601 2117">
    <p class='ocr_par' dir='ltr' id='par_1_52' title="bbox 2023 2048 3601 2117">
     <span class='ocr_line' id='line_1_52' title="bbox 2023 2048 3601 2117; baseline -0.001 -14"><span class='ocrx_word' id='word_1_370' title='bbox 2023 2050 2183 2103; x_wconf 89' lang='lat' dir='ltr'><strong>etiam</strong></span> <span class='ocrx_word' id='word_1_371' title='bbox 2215 2052 2515 2117; x_wconf 87' lang='lat' dir='ltr'><strong>legatorum</strong></span> <span class='ocrx_word' id='word_1_372' title='bbox 2540 2048 2710 2117; x_wconf 75' lang='lat' dir='ltr'><strong>sigilla</strong></span> <span class='ocrx_word' id='word_1_373' title='bbox 2747 2048 2959 2101; x_wconf 91' lang='lat' dir='ltr'><strong>annulis</strong></span> <span class='ocrx_word' id='word_1_374' title='bbox 2993 2049 3277 2117; x_wconf 86' lang='lat' dir='ltr'><strong>impressa,</strong></span> <span class='ocrx_word' id='word_1_375' title='bbox 3310 2061 3365 2103; x_wconf 91' lang='lat' dir='ltr'><strong>et</strong></span> <span class='ocrx_word' id='word_1_376' title='bbox 3399 2049 3601 2102; x_wconf 80' lang='lat' dir='ltr'><strong>duode-</strong></span> 
     </span>
    </p>
   </div>
   <div class='ocr_carea' id='block_1_53' title="bbox 2025 2140 3599 2207">
    <p class='ocr_par' dir='ltr' id='par_1_53' title="bbox 2025 2140 3599 2207">
     <span class='ocr_line' id='line_1_53' title="bbox 2025 2140 3599 2207; baseline 0.002 -14"><span class='ocrx_word' id='word_1_377' title='bbox 2025 2140 2128 2194; x_wconf 90' lang='lat' dir='ltr'><strong>cim</strong></span> <span class='ocrx_word' id='word_1_378' title='bbox 2190 2140 2546 2207; x_wconf 72' lang='lat' dir='ltr'><strong>interpretum</strong></span> <span class='ocrx_word' id='word_1_379' title='bbox 2581 2179 2597 2201; x_wconf 85' lang='lat'><strong>,</strong></span> <span class='ocrx_word' id='word_1_380' title='bbox 2650 2154 2745 2193; x_wconf 82' lang='lat' dir='ltr'><strong>sex</strong></span> <span class='ocrx_word' id='word_1_381' title='bbox 2807 2140 3196 2204; x_wconf 85' lang='lat' dir='ltr'><strong>Romanorum,</strong></span> <span class='ocrx_word' id='word_1_382' title='bbox 3267 2150 3323 2193; x_wconf 90' lang='lat' dir='ltr'><strong>et</strong></span> <span class='ocrx_word' id='word_1_383' title='bbox 3378 2140 3599 2196; x_wconf 88' lang='lat' dir='ltr'><strong>totidem</strong></span> 
     </span>
    </p>
   </div>
   <div class='ocr_carea' id='block_1_54' title="bbox 2024 2230 3605 2301">
    <p class='ocr_par' dir='ltr' id='par_1_54' title="bbox 2024 2230 3605 2301">
     <span class='ocr_line' id='line_1_54' title="bbox 2024 2230 3605 2301; baseline 0.001 -18"><span class='ocrx_word' id='word_1_384' title='bbox 2024 2230 2335 2284; x_wconf 86' lang='lat' dir='ltr'><strong>Persarum.</strong></span> <span class='ocrx_word' id='word_1_385' title='bbox 2371 2230 2461 2285; x_wconf 91' lang='lat' dir='ltr'><strong>Sic</strong></span> <span class='ocrx_word' id='word_1_386' title='bbox 2486 2239 2669 2284; x_wconf 91' lang='lat' dir='ltr'><strong>mntna</strong></span> <span class='ocrx_word' id='word_1_387' title='bbox 2703 2232 2997 2286; x_wconf 89' lang='lat' dir='ltr'><strong>traditione</strong></span> <span class='ocrx_word' id='word_1_388' title='bbox 3042 2231 3181 2285; x_wconf 91' lang='lat' dir='ltr'><strong>inter</strong></span> <span class='ocrx_word' id='word_1_389' title='bbox 3215 2246 3273 2286; x_wconf 91' lang='lat' dir='ltr'><strong>se</strong></span> <span class='ocrx_word' id='word_1_390' title='bbox 3303 2232 3405 2286; x_wconf 87' lang='lat' dir='ltr'><strong>sibi</strong></span> <span class='ocrx_word' id='word_1_391' title='bbox 3453 2234 3605 2301; x_wconf 82' lang='lat' dir='ltr'><strong>pacis</strong></span> 
     </span>
    </p>
   </div>
   <div class='ocr_carea' id='block_1_55' title="bbox 2029 2319 3602 2390">
    <p class='ocr_par' dir='ltr' id='par_1_55' title="bbox 2029 2319 3602 2390">
     <span class='ocr_line' id='line_1_55' title="bbox 2029 2319 3602 2390; baseline 0.001 -18"><span class='ocrx_word' id='word_1_392' title='bbox 2029 2320 2239 2374; x_wconf 83' lang='lat' dir='ltr'><strong>tabulas</strong></span> <span class='ocrx_word' id='word_1_393' title='bbox 2276 2319 2477 2375; x_wconf 85' lang='lat' dir='ltr'><strong>Zichus</strong></span> <span class='ocrx_word' id='word_1_394' title='bbox 2517 2322 2683 2376; x_wconf 88' lang='lat' dir='ltr'><strong>Petro</strong></span> <span class='ocrx_word' id='word_1_395' title='bbox 2715 2320 3003 2373; x_wconf 82' lang='lat' dir='ltr'><strong>Persarum</strong></span> <span class='ocrx_word' id='word_1_396' title='bbox 3031 2320 3208 2390; x_wconf 89' lang='lat' dir='ltr'><strong>lingua</strong></span> <span class='ocrx_word' id='word_1_397' title='bbox 3242 2322 3491 2390; x_wconf 88' lang='lat' dir='ltr'><strong>scriptas,</strong></span> <span class='ocrx_word' id='word_1_398' title='bbox 3547 2330 3602 2374; x_wconf 89' lang='lat' dir='ltr'><strong>et</strong></span> 
     </span>
    </p>
   </div>
   <div class='ocr_carea' id='block_1_56' title="bbox 2024 2410 3602 2502">
    <p class='ocr_par' dir='ltr' id='par_1_56' title="bbox 2024 2410 3602 2502">
     <span class='ocr_line' id='line_1_56' title="bbox 2024 2410 3602 2502; baseline 0.001 -38"><span class='ocrx_word' id='word_1_399' title='bbox 2024 2410 2222 2502; x_wconf 59' lang='lat' dir='ltr'><strong>Graeca.</strong></span> <span class='ocrx_word' id='word_1_400' title='bbox 2251 2411 2445 2465; x_wconf 89' lang='lat' dir='ltr'><strong>Petrus</strong></span> <span class='ocrx_word' id='word_1_401' title='bbox 2490 2411 2655 2466; x_wconf 86' lang='lat' dir='ltr'><strong>Zicho</strong></span> <span class='ocrx_word' id='word_1_402' title='bbox 2688 2413 3052 2465; x_wconf 84' lang='lat' dir='ltr'><strong>tradiderunt.</strong></span> <span class='ocrx_word' id='word_1_403' title='bbox 3089 2410 3298 2467; x_wconf 81' lang='lat' dir='ltr'><strong>Rursus</strong></span> <span class='ocrx_word' id='word_1_404' title='bbox 3345 2426 3468 2465; x_wconf 90' lang='lat' dir='ltr'><strong>eum</strong></span> <span class='ocrx_word' id='word_1_405' title='bbox 3514 2412 3602 2465; x_wconf 84' lang='lat' dir='ltr'><strong>Zi-</strong></span> 
     </span>
    </p>
   </div>
   <div class='ocr_carea' id='block_1_57' title="bbox 2024 2504 3601 2574">
    <p class='ocr_par' dir='ltr' id='par_1_57' title="bbox 2024 2504 3601 2574">
     <span class='ocr_line' id='line_1_57' title="bbox 2024 2504 3601 2574; baseline -0.002 -15"><span class='ocrx_word' id='word_1_406' title='bbox 2024 2507 2157 2559; x_wconf 87' lang='lat' dir='ltr'><strong>chus</strong></span> <span class='ocrx_word' id='word_1_407' title='bbox 2185 2506 2483 2574; x_wconf 86' lang='lat' dir='ltr'><strong>accepisset</strong></span> <span class='ocrx_word' id='word_1_408' title='bbox 2511 2521 2539 2559; x_wconf 93' lang='lat' dir='ltr'><strong>a</strong></span> <span class='ocrx_word' id='word_1_409' title='bbox 2574 2506 2733 2560; x_wconf 87' lang='lat' dir='ltr'><strong>Petro</strong></span> <span class='ocrx_word' id='word_1_410' title='bbox 2760 2504 2905 2559; x_wconf 89' lang='lat' dir='ltr'><strong>aliud</strong></span> <span class='ocrx_word' id='word_1_411' title='bbox 2937 2505 3085 2560; x_wconf 89' lang='lat' dir='ltr'><strong>illius</strong></span> <span class='ocrx_word' id='word_1_412' title='bbox 3118 2506 3384 2572; x_wconf 87' lang='lat' dir='ltr'><strong>pactionis</strong></span> <span class='ocrx_word' id='word_1_413' title='bbox 3412 2520 3601 2560; x_wconf 70' lang='lat' dir='ltr'><strong>exem-</strong></span> 
     </span>
    </p>
   </div>
   <div class='ocr_carea' id='block_1_58' title="bbox 2025 2598 3597 2666">
    <p class='ocr_par' dir='ltr' id='par_1_58' title="bbox 2025 2598 3597 2666">
     <span class='ocr_line' id='line_1_58' title="bbox 2025 2598 3597 2666; baseline 0.001 -17"><span class='ocrx_word' id='word_1_414' title='bbox 2025 2599 2168 2666; x_wconf 87' lang='lat' dir='ltr'><strong>plum</strong></span> <span class='ocrx_word' id='word_1_415' title='bbox 2198 2598 2383 2651; x_wconf 66' lang='lat' dir='ltr'><strong>Grmea</strong></span> <span class='ocrx_word' id='word_1_416' title='bbox 2413 2598 2615 2666; x_wconf 81' lang='lat' dir='ltr'><strong>lingua,</strong></span> <span class='ocrx_word' id='word_1_417' title='bbox 2641 2599 2733 2653; x_wconf 87' lang='lat' dir='ltr'><strong>sed</strong></span> <span class='ocrx_word' id='word_1_418' title='bbox 2780 2598 2976 2653; x_wconf 88' lang='lat' dir='ltr'><strong>litteris</strong></span> <span class='ocrx_word' id='word_1_419' title='bbox 3014 2598 3251 2652; x_wconf 85' lang='lat' dir='ltr'><strong>Persicis</strong></span> <span class='ocrx_word' id='word_1_420' title='bbox 3292 2608 3597 2663; x_wconf 74' lang='lat' dir='ltr'><strong>exaratum,</strong></span> 
     </span>
    </p>
   </div>
   <div class='ocr_carea' id='block_1_59' title="bbox 2023 2688 3600 2760">
    <p class='ocr_par' dir='ltr' id='par_1_59' title="bbox 2023 2688 3600 2760">
     <span class='ocr_line' id='line_1_59' title="bbox 2023 2688 3600 2760; baseline 0.003 -19"><span class='ocrx_word' id='word_1_421' title='bbox 2023 2690 2139 2741; x_wconf 79' lang='lat' dir='ltr'><strong>sine</strong></span> <span class='ocrx_word' id='word_1_422' title='bbox 2166 2690 2270 2741; x_wconf 83' lang='lat' dir='ltr'><strong>ulla</strong></span> <span class='ocrx_word' id='word_1_423' title='bbox 2300 2688 2601 2750; x_wconf 77' lang='lat' dir='ltr'><strong>sigillorum</strong></span> <span class='ocrx_word' id='word_1_424' title='bbox 2647 2689 3022 2757; x_wconf 73' lang='lat' dir='ltr'><strong>impre~sione,</strong></span> <span class='ocrx_word' id='word_1_425' title='bbox 3054 2690 3195 2757; x_wconf 90' lang='lat' dir='ltr'><strong>quod</strong></span> <span class='ocrx_word' id='word_1_426' title='bbox 3232 2690 3386 2760; x_wconf 63' lang='lat'><strong>143</strong></span> <span class='ocrx_word' id='word_1_427' title='bbox 3419 2691 3482 2743; x_wconf 90' lang='lat' dir='ltr'><strong>ad</strong></span> <span class='ocrx_word' id='word_1_428' title='bbox 3510 2707 3600 2745; x_wconf 86' lang='lat' dir='ltr'><strong>so-</strong></span> 
     </span>
    </p>
   </div>
   <div class='ocr_carea' id='block_1_60' title="bbox 2022 2778 3597 2845">
    <p class='ocr_par' dir='ltr' id='par_1_60' title="bbox 2022 2778 3597 2845">
     <span class='ocr_line' id='line_1_60' title="bbox 2022 2778 3597 2845; baseline 0.001 -14"><span class='ocrx_word' id='word_1_429' title='bbox 2022 2779 2127 2831; x_wconf 84' lang='lat' dir='ltr'><strong>lam</strong></span> <span class='ocrx_word' id='word_1_430' title='bbox 2184 2780 2260 2832; x_wconf 92' lang='lat' dir='ltr'><strong>rei</strong></span> <span class='ocrx_word' id='word_1_431' title='bbox 2315 2789 2479 2845; x_wconf 72' lang='lat' dir='ltr'><strong>gesta:</strong></span> <span class='ocrx_word' id='word_1_432' title='bbox 2522 2780 2838 2833; x_wconf 82' lang='lat' dir='ltr'><strong>memoriam</strong></span> <span class='ocrx_word' id='word_1_433' title='bbox 2889 2778 3120 2841; x_wconf 84' lang='lat' dir='ltr'><strong>valeret.</strong></span> <span class='ocrx_word' id='word_1_434' title='bbox 3172 2783 3359 2833; x_wconf 88' lang='lat' dir='ltr'><strong>eadem</strong></span> <span class='ocrx_word' id='word_1_435' title='bbox 3412 2781 3597 2835; x_wconf 84' lang='lat' dir='ltr'><strong>itidem</strong></span> 
     </span>
    </p>
   </div>
   <div class='ocr_carea' id='block_1_61' title="bbox 2025 2868 3097 2939">
    <p class='ocr_par' dir='ltr' id='par_1_61' title="bbox 2025 2868 3097 2939">
     <span class='ocr_line' id='line_1_61' title="bbox 2025 2868 3097 2939; baseline 0.003 -18"><span class='ocrx_word' id='word_1_436' title='bbox 2025 2868 2213 2923; x_wconf 83' lang='lat' dir='ltr'><strong>Petrus</strong></span> <span class='ocrx_word' id='word_1_437' title='bbox 2246 2884 2274 2922; x_wconf 91' lang='lat' dir='ltr'><strong>a</strong></span> <span class='ocrx_word' id='word_1_438' title='bbox 2315 2869 2483 2923; x_wconf 72' lang='lat' dir='ltr'><strong>Zicho</strong></span> <span class='ocrx_word' id='word_1_439' title='bbox 2514 2870 2628 2939; x_wconf 85' lang='lat' dir='ltr'><strong>pari</strong></span> <span class='ocrx_word' id='word_1_440' title='bbox 2660 2870 2830 2925; x_wconf 81' lang='lat' dir='ltr'><strong>forma</strong></span> <span class='ocrx_word' id='word_1_441' title='bbox 2861 2871 3097 2939; x_wconf 88' lang='lat' dir='ltr'><strong>accepit.</strong></span> 
     </span>
    </p>
   </div>
   <div class='ocr_carea' id='block_1_62' title="bbox 2103 2960 3595 3029">
    <p class='ocr_par' dir='ltr' id='par_1_62' title="bbox 2103 2960 3595 3029">
     <span class='ocr_line' id='line_1_62' title="bbox 2103 2960 3595 3029; baseline 0.003 -17"><span class='ocrx_word' id='word_1_442' title='bbox 2103 2960 2195 3013; x_wconf 89' lang='lat' dir='ltr'><strong>llis</strong></span> <span class='ocrx_word' id='word_1_443' title='bbox 2226 2961 2517 3015; x_wconf 87' lang='lat' dir='ltr'><strong>transactis</strong></span> <span class='ocrx_word' id='word_1_444' title='bbox 2559 2962 2783 3015; x_wconf 87' lang='lat' dir='ltr'><strong>seorsim</strong></span> <span class='ocrx_word' id='word_1_445' title='bbox 2820 2960 2957 3014; x_wconf 89' lang='lat' dir='ltr'><strong>alter</strong></span> <span class='ocrx_word' id='word_1_446' title='bbox 3004 2962 3073 3014; x_wconf 88' lang='lat' dir='ltr'><strong>ab</strong></span> <span class='ocrx_word' id='word_1_447' title='bbox 3110 2962 3281 3016; x_wconf 87' lang='lat' dir='ltr'><strong>altero</strong></span> <span class='ocrx_word' id='word_1_448' title='bbox 3324 2963 3508 3029; x_wconf 87' lang='lat' dir='ltr'><strong>procul</strong></span> <span class='ocrx_word' id='word_1_449' title='bbox 3568 2979 3595 3016; x_wconf 92' lang='lat' dir='ltr'><strong>a</strong></span> 
     </span>
    </p>
   </div>
   <div class='ocr_carea' id='block_1_63' title="bbox 2026 3050 3601 3119">
    <p class='ocr_par' dir='ltr' id='par_1_63' title="bbox 2026 3050 3601 3119">
     <span class='ocr_line' id='line_1_63' title="bbox 2026 3050 3601 3119; baseline -0.001 -13"><span class='ocrx_word' id='word_1_450' title='bbox 2026 3051 2275 3106; x_wconf 78' lang='lat' dir='ltr'><strong>conﬁniis</strong></span> <span class='ocrx_word' id='word_1_451' title='bbox 2309 3051 2582 3115; x_wconf 84' lang='lat' dir='ltr'><strong>abierunt,</strong></span> <span class='ocrx_word' id='word_1_452' title='bbox 2635 3060 2689 3103; x_wconf 91' lang='lat' dir='ltr'><strong>et</strong></span> <span class='ocrx_word' id='word_1_453' title='bbox 2722 3050 2923 3104; x_wconf 89' lang='lat' dir='ltr'><strong>Zichus</strong></span> <span class='ocrx_word' id='word_1_454' title='bbox 2956 3050 3169 3118; x_wconf 84' lang='lat' dir='ltr'><strong>quidem</strong></span> <span class='ocrx_word' id='word_1_455' title='bbox 3203 3052 3268 3104; x_wconf 85' lang='lat' dir='ltr'><strong>ad</strong></span> <span class='ocrx_word' id='word_1_456' title='bbox 3313 3054 3467 3106; x_wconf 85' lang='lat' dir='ltr'><strong>sedes</strong></span> <span class='ocrx_word' id='word_1_457' title='bbox 3501 3066 3601 3119; x_wconf 88' lang='lat' dir='ltr'><strong>pa-</strong></span> 
     </span>
    </p>
   </div>
   <div class='ocr_carea' id='block_1_64' title="bbox 346 3102 1922 3204">
    <p class='ocr_par' dir='ltr' id='par_1_64' title="bbox 346 3102 1917 3197">
     <span class='ocr_line' id='line_1_64' title="bbox 346 3102 1917 3197; baseline 0.001 -19"><span class='ocrx_word' id='word_1_458' title='bbox 346 3127 514 3195; x_wconf 84' lang='grc' dir='ltr'>Ἀτὰρ</span> <span class='ocrx_word' id='word_1_459' title='bbox 542 3129 570 3179; x_wconf 79' lang='grc' dir='ltr'><strong>ό</strong></span> <span class='ocrx_word' id='word_1_460' title='bbox 598 3127 801 3196; x_wconf 88' lang='grc' dir='ltr'>Πέτρος</span> <span class='ocrx_word' id='word_1_461' title='bbox 832 3102 1047 3197; x_wconf 76' lang='grc' dir='ltr'>ἔμεινεν</span> <span class='ocrx_word' id='word_1_462' title='bbox 1087 3125 1274 3190; x_wconf 68' lang='grc' dir='ltr'>αὑτοῦ,</span> <span class='ocrx_word' id='word_1_463' title='bbox 1307 3102 1632 3179; x_wconf 26' lang='grc' dir='ltr'>ἐνπιθειασων</span> <span class='ocrx_word' id='word_1_464' title='bbox 1660 3102 1726 3195; x_wconf 59' lang='grc' dir='ltr'><strong>τῇ</strong></span> <span class='ocrx_word' id='word_1_465' title='bbox 1764 3142 1917 3194; x_wconf 89' lang='grc' dir='ltr'>γενε-</span> 
     </span>
    </p>
   </div>
   <div class='ocr_carea' id='block_1_65' title="bbox 2026 3102 3594 3204">
    <p class='ocr_par' dir='ltr' id='par_1_65' title="bbox 2028 3138 3594 3204">
     <span class='ocr_line' id='line_1_65' title="bbox 2028 3138 3594 3204; baseline -0.003 -9"><span class='ocrx_word' id='word_1_466' title='bbox 2028 3144 2157 3196; x_wconf 90' lang='lat' dir='ltr'><strong>trias</strong></span> <span class='ocrx_word' id='word_1_467' title='bbox 2180 3141 2482 3196; x_wconf 84' lang='lat' dir='ltr'><strong>remeavit:</strong></span> <span class='ocrx_word' id='word_1_468' title='bbox 2521 3141 2611 3194; x_wconf 89' lang='lat' dir='ltr'><strong>sed</strong></span> <span class='ocrx_word' id='word_1_469' title='bbox 2643 3139 2834 3193; x_wconf 88' lang='lat' dir='ltr'><strong>Petrus</strong></span> <span class='ocrx_word' id='word_1_470' title='bbox 2864 3138 2975 3192; x_wconf 92' lang='lat' dir='ltr'><strong>illic</strong></span> <span class='ocrx_word' id='word_1_471' title='bbox 3005 3141 3285 3204; x_wconf 86' lang='lat' dir='ltr'><strong>remansit,</strong></span> <span class='ocrx_word' id='word_1_472' title='bbox 3318 3150 3376 3193; x_wconf 88' lang='lat' dir='ltr'><strong>ut</strong></span> <span class='ocrx_word' id='word_1_473' title='bbox 3402 3139 3594 3193; x_wconf 80' lang='lat' dir='ltr'><strong>festum</strong></span> 
     </span>
    </p>
   </div>
   <div class='ocr_carea' id='block_1_66' title="bbox 347 3217 1918 3289">
    <p class='ocr_par' dir='ltr' id='par_1_66' title="bbox 347 3217 1918 3289">
     <span class='ocr_line' id='line_1_66' title="bbox 347 3217 1918 3289; baseline 0.001 -19"><span class='ocrx_word' id='word_1_474' title='bbox 347 3217 470 3288; x_wconf 62' lang='lat' dir='ltr'><strong>0M;</strong></span> <span class='ocrx_word' id='word_1_475' title='bbox 524 3219 685 3287; x_wconf 84' lang='grc' dir='ltr'>ἐορτῇ</span> <span class='ocrx_word' id='word_1_476' title='bbox 732 3217 965 3288; x_wconf 81' lang='grc' dir='ltr'>Χριστοῦ</span> <span class='ocrx_word' id='word_1_477' title='bbox 1000 3218 1093 3271; x_wconf 87' lang='grc' dir='ltr'><strong>τοῦ</strong></span> <span class='ocrx_word' id='word_1_478' title='bbox 1129 3218 1264 3271; x_wconf 82' lang='grc' dir='ltr'>Θεοῦ</span> <span class='ocrx_word' id='word_1_479' title='bbox 1292 3235 1305 3249; x_wconf 91' lang='grc'><strong>·</strong></span> <span class='ocrx_word' id='word_1_480' title='bbox 1360 3218 1460 3287; x_wconf 75' lang='grc' dir='ltr'><strong>ήδη</strong></span> <span class='ocrx_word' id='word_1_481' title='bbox 1496 3218 1606 3289; x_wconf 82' lang='grc' dir='ltr'>γὰρ</span> <span class='ocrx_word' id='word_1_482' title='bbox 1645 3219 1918 3289; x_wconf 83' lang='grc' dir='ltr'>προσεπέ-</span> 
     </span>
    </p>
   </div>
   <div class='ocr_carea' id='block_1_67' title="bbox 346 3310 1919 3381">
    <p class='ocr_par' dir='ltr' id='par_1_67' title="bbox 346 3310 1919 3381">
     <span class='ocr_line' id='line_1_67' title="bbox 346 3310 1919 3381; baseline 0.003 -20"><span class='ocrx_word' id='word_1_483' title='bbox 346 3310 475 3373; x_wconf 78' lang='grc' dir='ltr'>λαζε</span> <span class='ocrx_word' id='word_1_484' title='bbox 502 3310 600 3379; x_wconf 83' lang='grc' dir='ltr'><strong>τῆς</strong></span> <span class='ocrx_word' id='word_1_485' title='bbox 636 3311 851 3381; x_wconf 80' lang='grc' dir='ltr'>ἡμέρας</span> <span class='ocrx_word' id='word_1_486' title='bbox 887 3310 949 3363; x_wconf 77' lang='grc' dir='ltr'>τὸ</span> <span class='ocrx_word' id='word_1_487' title='bbox 980 3310 1166 3372; x_wconf 75' lang='grc' dir='ltr'>σέϐας.</span> <span class='ocrx_word' id='word_1_488' title='bbox 1200 3312 1319 3364; x_wconf 85' lang='grc' dir='ltr'><strong>Ἔτι</strong></span> <span class='ocrx_word' id='word_1_489' title='bbox 1349 3310 1405 3364; x_wconf 78' lang='grc' dir='ltr'>δὲ</span> <span class='ocrx_word' id='word_1_490' title='bbox 1436 3312 1530 3364; x_wconf 77' lang='grc' dir='ltr'><strong>καὶ</strong></span> <span class='ocrx_word' id='word_1_491' title='bbox 1556 3314 1621 3381; x_wconf 82' lang='grc' dir='ltr'>τῇ</span> <span class='ocrx_word' id='word_1_492' title='bbox 1663 3310 1756 3363; x_wconf 88' lang='grc' dir='ltr'><strong>τοῦ</strong></span> <span class='ocrx_word' id='word_1_493' title='bbox 1786 3312 1919 3365; x_wconf 83' lang='grc' dir='ltr'>Θεοῦ</span> 
     </span>
    </p>
   </div>
   <div class='ocr_carea' id='block_1_68' title="bbox 347 3405 1918 3477">
    <p class='ocr_par' dir='ltr' id='par_1_68' title="bbox 347 3405 1918 3477">
     <span class='ocr_line' id='line_1_68' title="bbox 347 3405 1918 3477; baseline 0.001 -20"><span class='ocrx_word' id='word_1_494' title='bbox 347 3405 641 3475; x_wconf 76' lang='grc' dir='ltr'>ἐπιφανείᾳ</span> <span class='ocrx_word' id='word_1_495' title='bbox 679 3407 746 3459; x_wconf 83' lang='grc' dir='ltr'>τὰ</span> <span class='ocrx_word' id='word_1_496' title='bbox 780 3406 1359 3476; x_wconf 85' lang='grc' dir='ltr'>νόμιμα’ἁγιστεύσας,</span> <span class='ocrx_word' id='word_1_497' title='bbox 1391 3406 1527 3477; x_wconf 83' lang='grc' dir='ltr'>μετὰ</span> <span class='ocrx_word' id='word_1_498' title='bbox 1550 3406 1723 3459; x_wconf 89' lang='grc' dir='ltr'>ταῦτα</span> <span class='ocrx_word' id='word_1_499' title='bbox 1748 3407 1918 3475; x_wconf 76' lang='grc' dir='ltr'>ἐπέϐη</span> 
     </span>
    </p>
   </div>
   <div class='ocr_carea' id='block_1_69' title="bbox 348 3497 1919 3569">
    <p class='ocr_par' dir='ltr' id='par_1_69' title="bbox 348 3497 1919 3569">
     <span class='ocr_line' id='line_1_69' title="bbox 348 3497 1919 3569; baseline 0.001 -20"><span class='ocrx_word' id='word_1_500' title='bbox 348 3497 449 3567; x_wconf 78' lang='grc' dir='ltr'><strong>τῆς</strong></span> <span class='ocrx_word' id='word_1_501' title='bbox 490 3497 734 3566; x_wconf 82' lang='grc' dir='ltr'>Περσῶν.</span> <span class='ocrx_word' id='word_1_502' title='bbox 784 3499 894 3551; x_wconf 72' lang='grc' dir='ltr'><strong>Καὶ</strong></span> <span class='ocrx_word' id='word_1_503' title='bbox 914 3500 989 3556; x_wconf 84' lang='grc' dir='ltr'><strong>,ἐν</strong></span> <span class='ocrx_word' id='word_1_504' title='bbox 1027 3498 1201 3552; x_wconf 76' lang='grc' dir='ltr'>τοῖσδε</span> <span class='ocrx_word' id='word_1_505' title='bbox 1228 3499 1399 3569; x_wconf 85' lang='grc' dir='ltr'>πέρας</span> <span class='ocrx_word' id='word_1_506' title='bbox 1431 3500 1644 3568; x_wconf 81' lang='grc' dir='ltr'>εἰλήφει</span> <span class='ocrx_word' id='word_1_507' title='bbox 1694 3498 1764 3551; x_wconf 85' lang='grc' dir='ltr'>τὰ</span> <span class='ocrx_word' id='word_1_508' title='bbox 1812 3498 1919 3551; x_wconf 82' lang='grc' dir='ltr'><strong>τῶν</strong></span> 
     </span>
    </p>
   </div>
   <div class='ocr_carea' id='block_1_70' title="bbox 350 3586 1913 3661">
    <p class='ocr_par' dir='ltr' id='par_1_70' title="bbox 350 3586 1913 3661">
     <span class='ocr_line' id='line_1_70' title="bbox 350 3586 1913 3661; baseline 0.003 -23"><span class='ocrx_word' id='word_1_509' title='bbox 350 3586 649 3656; x_wconf 81' lang='grc' dir='ltr'>ξυνθηκῶν.</span> <span class='ocrx_word' id='word_1_510' title='bbox 690 3589 803 3659; x_wconf 84' lang='grc' dir='ltr'>Πρὸ</span> <span class='ocrx_word' id='word_1_511' title='bbox 854 3588 913 3642; x_wconf 88' lang='grc' dir='ltr'><strong>δέ</strong></span> <span class='ocrx_word' id='word_1_512' title='bbox 950 3589 1015 3660; x_wconf 81' lang='grc' dir='ltr'><strong>δὴ</strong></span> <span class='ocrx_word' id='word_1_513' title='bbox 1066 3588 1166 3655; x_wconf 80' lang='grc' dir='ltr'><strong>τῆς</strong></span> <span class='ocrx_word' id='word_1_514' title='bbox 1202 3590 1599 3661; x_wconf 77' lang='grc' dir='ltr'>ἀναχωρήσεως</span> <span class='ocrx_word' id='word_1_515' title='bbox 1636 3590 1745 3643; x_wconf 82' lang='grc' dir='ltr'><strong>τῶν</strong></span> <span class='ocrx_word' id='word_1_516' title='bbox 1780 3590 1913 3660; x_wconf 83' lang='grc' dir='ltr'>πρέ-</span> 
     </span>
    </p>
   </div>
   <div class='ocr_carea' id='block_1_71' title="bbox 350 3680 1915 3754">
    <p class='ocr_par' dir='ltr' id='par_1_71' title="bbox 350 3680 1915 3754">
     <span class='ocr_line' id='line_1_71' title="bbox 350 3680 1915 3754; baseline 0.001 -20"><span class='ocrx_word' id='word_1_517' title='bbox 350 3680 549 3743; x_wconf 78' lang='grc' dir='ltr'>σϐεων,</span> <span class='ocrx_word' id='word_1_518' title='bbox 591 3681 1048 3751; x_wconf 85' lang='grc' dir='ltr'>παραγενομένων</span> <span class='ocrx_word' id='word_1_519' title='bbox 1077 3682 1241 3734; x_wconf 77' lang='grc' dir='ltr'>τινῶν</span> <span class='ocrx_word' id='word_1_520' title='bbox 1263 3682 1489 3751; x_wconf 85' lang='grc' dir='ltr'>Περσῶν</span> <span class='ocrx_word' id='word_1_521' title='bbox 1514 3685 1593 3746; x_wconf 90' lang='grc' dir='ltr'><strong>είς</strong></span> <span class='ocrx_word' id='word_1_522' title='bbox 1623 3684 1685 3735; x_wconf 67' lang='grc' dir='ltr'>τὸ</span> <span class='ocrx_word' id='word_1_523' title='bbox 1716 3684 1915 3754; x_wconf 78' lang='grc' dir='ltr'>Δάρας,</span> 
     </span>
    </p>
   </div>
   <div class='ocr_carea' id='block_1_72' title="bbox 347 3768 1921 3844">
    <p class='ocr_par' dir='ltr' id='par_1_72' title="bbox 347 3768 1921 3844">
     <span class='ocr_line' id='line_1_72' title="bbox 347 3768 1921 3844; baseline 0.001 -19"><span class='ocrx_word' id='word_1_524' title='bbox 347 3768 428 3828; x_wconf 75' lang='grc' dir='ltr'>οἷς</span> <span class='ocrx_word' id='word_1_525' title='bbox 456 3772 517 3825; x_wconf 82' lang='grc' dir='ltr'>τὸ</span> <span class='ocrx_word' id='word_1_526' title='bbox 545 3774 741 3825; x_wconf 84' lang='grc' dir='ltr'>τοιόνδε</span> <span class='ocrx_word' id='word_1_527' title='bbox 771 3775 830 3827; x_wconf 85' lang='grc' dir='ltr'><strong>ἐν</strong></span> <span class='ocrx_word' id='word_1_528' title='bbox 863 3774 1138 3843; x_wconf 88' lang='grc' dir='ltr'>φροντίσιν</span> <span class='ocrx_word' id='word_1_529' title='bbox 1171 3775 1435 3844; x_wconf 74' lang='grc' dir='ltr'>ὑπῆρχεν,</span> <span class='ocrx_word' id='word_1_530' title='bbox 1463 3774 1578 3844; x_wconf 78' lang='grc' dir='ltr'>ἅμα</span> <span class='ocrx_word' id='word_1_531' title='bbox 1620 3776 1783 3836; x_wconf 81' lang='grc' dir='ltr'>ἐνίοις</span> <span class='ocrx_word' id='word_1_532' title='bbox 1809 3775 1921 3828; x_wconf 88' lang='grc' dir='ltr'><strong>τῶν</strong></span> 
     </span>
    </p>
   </div>
   <div class='ocr_carea' id='block_1_73' title="bbox 348 3863 1920 3933">
    <p class='ocr_par' dir='ltr' id='par_1_73' title="bbox 348 3863 1920 3933">
     <span class='ocr_line' id='line_1_73' title="bbox 348 3863 1920 3933; baseline 0.001 -19"><span class='ocrx_word' id='word_1_533' title='bbox 348 3864 632 3933; x_wconf 76' lang='grc' dir='ltr'>ἑρμηνέων</span> <span class='ocrx_word' id='word_1_534' title='bbox 659 3864 753 3917; x_wconf 75' lang='grc' dir='ltr'><strong>καὶ</strong></span> <span class='ocrx_word' id='word_1_535' title='bbox 797 3867 909 3926; x_wconf 85' lang='grc' dir='ltr'>τοῖς</span> <span class='ocrx_word' id='word_1_536' title='bbox 932 3864 1040 3916; x_wconf 74' lang='grc' dir='ltr'>τιῖιν</span> <span class='ocrx_word' id='word_1_537' title='bbox 1068 3863 1419 3929; x_wconf 83' lang='grc' dir='ltr'>πλαστίγγων</span> <span class='ocrx_word' id='word_1_538' title='bbox 1451 3864 1788 3928; x_wconf 81' lang='grc' dir='ltr'>ἐπιστάταις,</span> <span class='ocrx_word' id='word_1_539' title='bbox 1816 3866 1920 3916; x_wconf 77' lang='grc' dir='ltr'><strong>ἀπρ</strong></span> 
     </span>
    </p>
   </div>
   <div class='ocr_carea' id='block_1_74' title="bbox 346 3953 1920 4025">
    <p class='ocr_par' dir='ltr' id='par_1_74' title="bbox 346 3953 1920 4025">
     <span class='ocr_line' id='line_1_74' title="bbox 346 3953 1920 4025; baseline -0.001 -18"><span class='ocrx_word' id='word_1_540' title='bbox 346 3956 615 4024; x_wconf 76' lang='grc' dir='ltr'>ικατέστη</span> <span class='ocrx_word' id='word_1_541' title='bbox 647 3958 760 4016; x_wconf 85' lang='grc' dir='ltr'>τοῖς</span> <span class='ocrx_word' id='word_1_542' title='bbox 791 3954 919 4025; x_wconf 83' lang='grc' dir='ltr'>περὶ</span> <span class='ocrx_word' id='word_1_543' title='bbox 950 3955 1041 4007; x_wconf 74' lang='grc' dir='ltr'><strong>τὸν</strong></span> <span class='ocrx_word' id='word_1_544' title='bbox 1075 3955 1173 4022; x_wconf 71' lang='grc' dir='ltr'>Ζίχ</span> <span class='ocrx_word' id='word_1_545' title='bbox 1204 3954 1273 4005; x_wconf 80' lang='grc' dir='ltr'>τὰ</span> <span class='ocrx_word' id='word_1_546' title='bbox 1311 3953 1634 4020; x_wconf 79' lang='grc' dir='ltr'>ὀφειλόμενα</span> <span class='ocrx_word' id='word_1_547' title='bbox 1660 3956 1920 4025; x_wconf 84' lang='grc' dir='ltr'>χρήματα</span> 
     </span>
    </p>
   </div>
   <div class='ocr_carea' id='block_1_75' title="bbox 348 4034 1919 4118">
    <p class='ocr_par' dir='ltr' id='par_1_75' title="bbox 348 4034 1919 4118">
     <span class='ocr_line' id='line_1_75' title="bbox 348 4034 1919 4118; baseline 0 -19"><span class='ocrx_word' id='word_1_548' title='bbox 348 4048 455 4099; x_wconf 83' lang='grc' dir='ltr'>τῶν</span> <span class='ocrx_word' id='word_1_549' title='bbox 500 4046 543 4112; x_wconf 76' lang='grc' dir='ltr'><strong>ζ’</strong></span> <span class='ocrx_word' id='word_1_550' title='bbox 593 4049 875 4113; x_wconf 78' lang='grc' dir='ltr'>ἐνιαυτῶν,</span> <span class='ocrx_word' id='word_1_551' title='bbox 934 4048 1030 4118; x_wconf 85' lang='grc' dir='ltr'><strong>ἐφ’</strong></span> <span class='ocrx_word' id='word_1_552' title='bbox 1082 4041 1164 4109; x_wconf 76' lang='grc' dir='ltr'>οἷς</span> <span class='ocrx_word' id='word_1_553' title='bbox 1216 4050 1273 4099; x_wconf 82' lang='grc' dir='ltr'>αἱ</span> <span class='ocrx_word' id='word_1_554' title='bbox 1338 4034 1671 4115; x_wconf 77' lang='grc' dir='ltr'>ξυνθῆκαι¹¹⁹</span> <span class='ocrx_word' id='word_1_555' title='bbox 1718 4048 1919 4117; x_wconf 82' lang='grc' dir='ltr'>προῆλ-</span> 
     </span>
    </p>
   </div>
   <div class='ocr_carea' id='block_1_76' title="bbox 351 4136 1920 4210">
    <p class='ocr_par' dir='ltr' id='par_1_76' title="bbox 351 4136 1920 4210">
     <span class='ocr_line' id='line_1_76' title="bbox 351 4136 1920 4210; baseline -0.004 -17"><span class='ocrx_word' id='word_1_556' title='bbox 351 4140 460 4194; x_wconf 79' lang='grc' dir='ltr'>θον.</span> <span class='ocrx_word' id='word_1_557' title='bbox 506 4140 591 4201; x_wconf 76' lang='grc' dir='ltr'><strong>Ὡς</strong></span> <span class='ocrx_word' id='word_1_558' title='bbox 631 4139 685 4192; x_wconf 77' lang='grc' dir='ltr'>δὲ</span> <span class='ocrx_word' id='word_1_559' title='bbox 738 4140 939 4210; x_wconf 83' lang='grc' dir='ltr'>Πέτρος</span> <span class='ocrx_word' id='word_1_560' title='bbox 993 4139 1214 4205; x_wconf 79' lang='grc' dir='ltr'>ἀφίκετο</span> <span class='ocrx_word' id='word_1_561' title='bbox 1253 4136 1388 4207; x_wconf 75' lang='grc' dir='ltr'>πρὸς</span> <span class='ocrx_word' id='word_1_562' title='bbox 1430 4136 1652 4205; x_wconf 79' lang='grc' dir='ltr'>βασιλέα</span> <span class='ocrx_word' id='word_1_563' title='bbox 1700 4136 1920 4207; x_wconf 80' lang='grc' dir='ltr'>Περσῶν</span> 
     </span>
    </p>
   </div>
   <div class='ocr_carea' id='block_1_77' title="bbox 349 4229 1920 4303">
    <p class='ocr_par' dir='ltr' id='par_1_77' title="bbox 349 4229 1920 4303">
     <span class='ocr_line' id='line_1_77' title="bbox 349 4229 1920 4303; baseline -0.003 -18"><span class='ocrx_word' id='word_1_564' title='bbox 349 4236 403 4285; x_wconf 90' lang='grc' dir='ltr'><strong>ἐν</strong></span> <span class='ocrx_word' id='word_1_565' title='bbox 439 4232 517 4303; x_wconf 82' lang='grc' dir='ltr'>τῷ</span> <span class='ocrx_word' id='word_1_566' title='bbox 563 4234 1087 4303; x_wconf 68' lang='grc' dir='ltr'>προσαγορευομένῳ</span> <span class='ocrx_word' id='word_1_567' title='bbox 1133 4229 1458 4301; x_wconf 75' lang='grc' dir='ltr'>Βιθαρμαϊς,</span> <span class='ocrx_word' id='word_1_568' title='bbox 1498 4229 1920 4299; x_wconf 74' lang='grc' dir='ltr'>διαλεχθησόμε-</span> 
     </span>
    </p>
   </div>
   <div class='ocr_carea' id='block_1_78' title="bbox 347 4321 1921 4393">
    <p class='ocr_par' dir='ltr' id='par_1_78' title="bbox 347 4321 1921 4393">
     <span class='ocr_line' id='line_1_78' title="bbox 347 4321 1921 4393; baseline -0.001 -16"><span class='ocrx_word' id='word_1_569' title='bbox 347 4325 440 4387; x_wconf 85' lang='grc' dir='ltr'><strong>νός</strong></span> <span class='ocrx_word' id='word_1_570' title='bbox 469 4327 519 4377; x_wconf 91' lang='grc' dir='ltr'><strong>οἰ</strong></span> <span class='ocrx_word' id='word_1_571' title='bbox 543 4328 667 4392; x_wconf 71' lang='grc' dir='ltr'>περὶ</span> <span class='ocrx_word' id='word_1_572' title='bbox 697 4326 954 4386; x_wconf 84' lang='grc' dir='ltr'>Σουανίας</span> <span class='ocrx_word' id='word_1_573' title='bbox 986 4324 1030 4355; x_wconf 83' lang='grc'>⁹⁰</span> <span class='ocrx_word' id='word_1_574' title='bbox 1062 4326 1117 4387; x_wconf 84' lang='grc' dir='ltr'>ἐς</span> <span class='ocrx_word' id='word_1_575' title='bbox 1141 4327 1207 4377; x_wconf 71' lang='grc' dir='ltr'>τὰ</span> <span class='ocrx_word' id='word_1_576' title='bbox 1239 4323 1481 4393; x_wconf 77' lang='grc' dir='ltr'>βασίλεια</span> <span class='ocrx_word' id='word_1_577' title='bbox 1504 4321 1780 4393; x_wconf 77' lang='grc' dir='ltr'>προελθὼν</span> <span class='ocrx_word' id='word_1_578' title='bbox 1810 4323 1921 4375; x_wconf 81' lang='grc' dir='ltr'>ἐλε-</span> 
     </span>
    </p>
   </div>
   <div class='ocr_carea' id='block_1_79' title="bbox 2021 3230 3596 3299">
    <p class='ocr_par' dir='ltr' id='par_1_79' title="bbox 2021 3230 3596 3299">
     <span class='ocr_line' id='line_1_79' title="bbox 2021 3230 3596 3299; baseline -0.001 -13"><span class='ocrx_word' id='word_1_579' title='bbox 2021 3233 2335 3287; x_wconf 87' lang='lat' dir='ltr'><strong>Nativitatis</strong></span> <span class='ocrx_word' id='word_1_580' title='bbox 2369 3232 2572 3285; x_wconf 86' lang='lat' dir='ltr'><strong>Christi</strong></span> <span class='ocrx_word' id='word_1_581' title='bbox 2646 3230 2738 3287; x_wconf 85' lang='lat' dir='ltr'><strong>Dei</strong></span> <span class='ocrx_word' id='word_1_582' title='bbox 2799 3231 3063 3299; x_wconf 77' lang='lat' dir='ltr'><strong>(inetabat</strong></span> <span class='ocrx_word' id='word_1_583' title='bbox 3094 3233 3239 3285; x_wconf 89' lang='lat' dir='ltr'><strong>enim</strong></span> <span class='ocrx_word' id='word_1_584' title='bbox 3290 3231 3596 3286; x_wconf 82' lang='lat' dir='ltr'><strong>veneranda</strong></span> 
     </span>
    </p>
   </div>
   <div class='ocr_carea' id='block_1_80' title="bbox 2022 3320 3597 3395">
    <p class='ocr_par' dir='ltr' id='par_1_80' title="bbox 2022 3320 3597 3395">
     <span class='ocr_line' id='line_1_80' title="bbox 2022 3320 3597 3395; baseline -0.003 -16"><span class='ocrx_word' id='word_1_585' title='bbox 2022 3325 2181 3395; x_wconf 82' lang='lat' dir='ltr'><strong>dies,)</strong></span> <span class='ocrx_word' id='word_1_586' title='bbox 2212 3334 2397 3378; x_wconf 88' lang='lat' dir='ltr'><strong>sancte</strong></span> <span class='ocrx_word' id='word_1_587' title='bbox 2435 3332 2487 3376; x_wconf 90' lang='lat' dir='ltr'><strong>et</strong></span> <span class='ocrx_word' id='word_1_588' title='bbox 2524 3322 2774 3391; x_wconf 74' lang='lat' dir='ltr'><strong>religiose</strong></span> <span class='ocrx_word' id='word_1_589' title='bbox 2822 3321 3045 3376; x_wconf 87' lang='lat' dir='ltr'><strong>coleret.</strong></span> <span class='ocrx_word' id='word_1_590' title='bbox 3099 3320 3209 3375; x_wconf 88' lang='lat' dir='ltr'><strong>Nec</strong></span> <span class='ocrx_word' id='word_1_591' title='bbox 3256 3321 3424 3375; x_wconf 92' lang='lat' dir='ltr'><strong>multo</strong></span> <span class='ocrx_word' id='word_1_592' title='bbox 3478 3331 3597 3387; x_wconf 87' lang='lat' dir='ltr'><strong>post</strong></span> 
     </span>
    </p>
   </div>
   <div class='ocr_carea' id='block_1_81' title="bbox 2024 3412 3597 3482">
    <p class='ocr_par' dir='ltr' id='par_1_81' title="bbox 2024 3412 3597 3482">
     <span class='ocr_line' id='line_1_81' title="bbox 2024 3412 3597 3482; baseline -0.003 -13"><span class='ocrx_word' id='word_1_593' title='bbox 2024 3416 2132 3469; x_wconf 88' lang='lat' dir='ltr'><strong>illic</strong></span> <span class='ocrx_word' id='word_1_594' title='bbox 2161 3416 2338 3469; x_wconf 90' lang='lat' dir='ltr'><strong>adhuc</strong></span> <span class='ocrx_word' id='word_1_595' title='bbox 2360 3414 2677 3482; x_wconf 66' lang='lat' dir='ltr'><strong>Epiphaniae</strong></span> <span class='ocrx_word' id='word_1_596' title='bbox 2708 3412 2902 3467; x_wconf 73' lang='lat' dir='ltr'><strong>festum</strong></span> <span class='ocrx_word' id='word_1_597' title='bbox 2931 3412 3140 3468; x_wconf 85' lang='lat' dir='ltr'><strong>solenni</strong></span> <span class='ocrx_word' id='word_1_598' title='bbox 3177 3426 3327 3465; x_wconf 86' lang='lat' dir='ltr'><strong>more</strong></span> <span class='ocrx_word' id='word_1_599' title='bbox 3354 3412 3597 3467; x_wconf 83' lang='lat' dir='ltr'><strong>celebra-</strong></span> 
     </span>
    </p>
   </div>
   <div class='ocr_carea' id='block_1_82' title="bbox 2022 3502 3596 3572">
    <p class='ocr_par' dir='ltr' id='par_1_82' title="bbox 2022 3502 3596 3572">
     <span class='ocr_line' id='line_1_82' title="bbox 2022 3502 3596 3572; baseline -0.002 -14"><span class='ocrx_word' id='word_1_600' title='bbox 2022 3508 2099 3559; x_wconf 87' lang='lat' dir='ltr'><strong>vit</strong></span> <span class='ocrx_word' id='word_1_601' title='bbox 2128 3522 2143 3558; x_wconf 89' lang='lat'><strong>:</strong></span> <span class='ocrx_word' id='word_1_602' title='bbox 2168 3505 2359 3559; x_wconf 90' lang='lat' dir='ltr'><strong>deinde</strong></span> <span class='ocrx_word' id='word_1_603' title='bbox 2392 3504 2456 3557; x_wconf 91' lang='lat' dir='ltr'><strong>ad</strong></span> <span class='ocrx_word' id='word_1_604' title='bbox 2486 3503 2681 3558; x_wconf 89' lang='lat' dir='ltr'><strong>Persas</strong></span> <span class='ocrx_word' id='word_1_605' title='bbox 2711 3502 2986 3572; x_wconf 83' lang='lat' dir='ltr'><strong>profectus</strong></span> <span class='ocrx_word' id='word_1_606' title='bbox 3033 3512 3137 3558; x_wconf 89' lang='lat' dir='ltr'><strong>est.</strong></span> <span class='ocrx_word' id='word_1_607' title='bbox 3172 3503 3237 3556; x_wconf 87' lang='lat' dir='ltr'><strong>Et</strong></span> <span class='ocrx_word' id='word_1_608' title='bbox 3267 3503 3345 3556; x_wconf 89' lang='lat' dir='ltr'><strong>sic</strong></span> <span class='ocrx_word' id='word_1_609' title='bbox 3377 3502 3596 3571; x_wconf 88' lang='lat' dir='ltr'><strong>quidem</strong></span> 
     </span>
    </p>
   </div>
   <div class='ocr_carea' id='block_1_83' title="bbox 2022 3594 3600 3666">
    <p class='ocr_par' dir='ltr' id='par_1_83' title="bbox 2022 3594 3600 3666">
     <span class='ocr_line' id='line_1_83' title="bbox 2022 3594 3600 3666; baseline 0.001 -18"><span class='ocrx_word' id='word_1_610' title='bbox 2022 3598 2166 3666; x_wconf 85' lang='lat' dir='ltr'><strong>pacis</strong></span> <span class='ocrx_word' id='word_1_611' title='bbox 2194 3596 2491 3657; x_wconf 67' lang='lat' dir='ltr'><strong>trassactio</strong></span> <span class='ocrx_word' id='word_1_612' title='bbox 2518 3597 2584 3649; x_wconf 88' lang='lat' dir='ltr'><strong>ad</strong></span> <span class='ocrx_word' id='word_1_613' title='bbox 2614 3595 2773 3649; x_wconf 81' lang='lat' dir='ltr'><strong>linem</strong></span> <span class='ocrx_word' id='word_1_614' title='bbox 2809 3596 3065 3664; x_wconf 90' lang='lat' dir='ltr'><strong>perducta</strong></span> <span class='ocrx_word' id='word_1_615' title='bbox 3115 3605 3217 3651; x_wconf 90' lang='lat' dir='ltr'><strong>est.</strong></span> <span class='ocrx_word' id='word_1_616' title='bbox 3250 3595 3391 3649; x_wconf 83' lang='lat' dir='ltr'><strong>Ante</strong></span> <span class='ocrx_word' id='word_1_617' title='bbox 3422 3594 3600 3665; x_wconf 81' lang='lat' dir='ltr'><strong>perfe-</strong></span> 
     </span>
    </p>
   </div>
   <div class='ocr_carea' id='block_1_84' title="bbox 2023 3686 3594 3756">
    <p class='ocr_par' dir='ltr' id='par_1_84' title="bbox 2023 3686 3594 3756">
     <span class='ocr_line' id='line_1_84' title="bbox 2023 3686 3594 3756; baseline 0 -15"><span class='ocrx_word' id='word_1_618' title='bbox 2023 3687 2260 3742; x_wconf 86' lang='lat' dir='ltr'><strong>ctionem</strong></span> <span class='ocrx_word' id='word_1_619' title='bbox 2297 3688 2619 3755; x_wconf 89' lang='lat' dir='ltr'><strong>legatorum,</strong></span> <span class='ocrx_word' id='word_1_620' title='bbox 2659 3702 2778 3741; x_wconf 91' lang='lat' dir='ltr'><strong>cum</strong></span> <span class='ocrx_word' id='word_1_621' title='bbox 2832 3703 2898 3741; x_wconf 83' lang='lat' dir='ltr'><strong>ex</strong></span> <span class='ocrx_word' id='word_1_622' title='bbox 2940 3686 3122 3741; x_wconf 86' lang='lat' dir='ltr'><strong>Persis</strong></span> <span class='ocrx_word' id='word_1_623' title='bbox 3164 3689 3256 3752; x_wconf 89' lang='lat' dir='ltr'><strong>hi,</strong></span> <span class='ocrx_word' id='word_1_624' title='bbox 3310 3689 3504 3756; x_wconf 88' lang='lat' dir='ltr'><strong>quibus</strong></span> <span class='ocrx_word' id='word_1_625' title='bbox 3533 3704 3594 3742; x_wconf 90' lang='lat' dir='ltr'><strong>ea</strong></span> 
     </span>
    </p>
   </div>
   <div class='ocr_carea' id='block_1_85' title="bbox 2025 3776 3597 3840">
    <p class='ocr_par' dir='ltr' id='par_1_85' title="bbox 2025 3776 3597 3840">
     <span class='ocr_line' id='line_1_85' title="bbox 2025 3776 3597 3840; baseline -0.001 -9"><span class='ocrx_word' id='word_1_626' title='bbox 2025 3793 2111 3832; x_wconf 88' lang='lat' dir='ltr'><strong>res</strong></span> <span class='ocrx_word' id='word_1_627' title='bbox 2144 3792 2284 3830; x_wconf 66' lang='lat' dir='ltr'><strong>cura:</strong></span> <span class='ocrx_word' id='word_1_628' title='bbox 2317 3786 2457 3840; x_wconf 89' lang='lat' dir='ltr'><strong>erat,</strong></span> <span class='ocrx_word' id='word_1_629' title='bbox 2509 3777 2574 3829; x_wconf 88' lang='lat' dir='ltr'><strong>ad</strong></span> <span class='ocrx_word' id='word_1_630' title='bbox 2612 3776 2779 3829; x_wconf 88' lang='lat' dir='ltr'><strong>Daras</strong></span> <span class='ocrx_word' id='word_1_631' title='bbox 2803 3777 3170 3830; x_wconf 83' lang='lat' dir='ltr'><strong>accessissent</strong></span> <span class='ocrx_word' id='word_1_632' title='bbox 3202 3794 3305 3830; x_wconf 90' lang='lat' dir='ltr'><strong>una</strong></span> <span class='ocrx_word' id='word_1_633' title='bbox 3351 3794 3475 3832; x_wconf 89' lang='lat' dir='ltr'><strong>cum</strong></span> <span class='ocrx_word' id='word_1_634' title='bbox 3512 3779 3597 3830; x_wconf 83' lang='lat' dir='ltr'><strong>in—</strong></span> 
     </span>
    </p>
   </div>
   <div class='ocr_carea' id='block_1_86' title="bbox 2026 3864 3600 3935">
    <p class='ocr_par' dir='ltr' id='par_1_86' title="bbox 2026 3864 3600 3935">
     <span class='ocr_line' id='line_1_86' title="bbox 2026 3864 3600 3935; baseline 0 -15"><span class='ocrx_word' id='word_1_635' title='bbox 2026 3866 2353 3933; x_wconf 87' lang='lat' dir='ltr'><strong>terpretibus</strong></span> <span class='ocrx_word' id='word_1_636' title='bbox 2408 3876 2461 3918; x_wconf 90' lang='lat' dir='ltr'><strong>et</strong></span> <span class='ocrx_word' id='word_1_637' title='bbox 2493 3866 2574 3928; x_wconf 88' lang='lat' dir='ltr'><strong>iis,</strong></span> <span class='ocrx_word' id='word_1_638' title='bbox 2614 3865 2707 3933; x_wconf 89' lang='lat' dir='ltr'><strong>qui</strong></span> <span class='ocrx_word' id='word_1_639' title='bbox 2758 3866 2989 3918; x_wconf 89' lang='lat' dir='ltr'><strong>trutinas</strong></span> <span class='ocrx_word' id='word_1_640' title='bbox 3036 3864 3354 3926; x_wconf 82' lang='lat' dir='ltr'><strong>aﬂ‘erebant,</strong></span> <span class='ocrx_word' id='word_1_641' title='bbox 3398 3882 3600 3935; x_wconf 63' lang='lat' dir='ltr'><strong>reprzea</strong></span> 
     </span>
    </p>
   </div>
   <div class='ocr_carea' id='block_1_87' title="bbox 2024 3953 3599 4025">
    <p class='ocr_par' dir='ltr' id='par_1_87' title="bbox 2024 3953 3599 4025">
     <span class='ocr_line' id='line_1_87' title="bbox 2024 3953 3599 4025; baseline -0.001 -14"><span class='ocrx_word' id='word_1_642' title='bbox 2024 3966 2247 4011; x_wconf 74' lang='lat' dir='ltr'><strong>scutata:</strong></span> <span class='ocrx_word' id='word_1_643' title='bbox 2276 3964 2403 4010; x_wconf 89' lang='lat' dir='ltr'><strong>sunt</strong></span> <span class='ocrx_word' id='word_1_644' title='bbox 2438 3971 2558 4022; x_wconf 74' lang='lat' dir='ltr'><strong>qua:</strong></span> <span class='ocrx_word' id='word_1_645' title='bbox 2594 3953 2763 4008; x_wconf 77' lang='lat' dir='ltr'><strong>Zicho</strong></span> <span class='ocrx_word' id='word_1_646' title='bbox 2795 3970 2890 4023; x_wconf 91' lang='lat' dir='ltr'><strong>pro</strong></span> <span class='ocrx_word' id='word_1_647' title='bbox 2920 3964 3125 4023; x_wconf 89' lang='lat' dir='ltr'><strong>septem</strong></span> <span class='ocrx_word' id='word_1_648' title='bbox 3173 3971 3437 4009; x_wconf 89' lang='lat' dir='ltr'><strong>annorum</strong></span> <span class='ocrx_word' id='word_1_649' title='bbox 3472 3971 3599 4025; x_wconf 89' lang='lat' dir='ltr'><strong>pen-</strong></span> 
     </span>
    </p>
   </div>
   <div class='ocr_carea' id='block_1_88' title="bbox 2025 4044 3594 4113">
    <p class='ocr_par' dir='ltr' id='par_1_88' title="bbox 2025 4044 3594 4113">
     <span class='ocr_line' id='line_1_88' title="bbox 2025 4044 3594 4113; baseline 0.003 -14"><span class='ocrx_word' id='word_1_650' title='bbox 2025 4047 2267 4099; x_wconf 86' lang='lat' dir='ltr'><strong>sionibus</strong></span> <span class='ocrx_word' id='word_1_651' title='bbox 2298 4046 2574 4109; x_wconf 73' lang='lat' dir='ltr'><strong>promissa:</strong></span> <span class='ocrx_word' id='word_1_652' title='bbox 2598 4044 2813 4099; x_wconf 70' lang='lat' dir='ltr'><strong>fueram</strong></span> <span class='ocrx_word' id='word_1_653' title='bbox 2846 4046 3110 4113; x_wconf 66' lang='lat' dir='ltr'><strong>pecuniae.</strong></span> <span class='ocrx_word' id='word_1_654' title='bbox 3156 4046 3348 4101; x_wconf 86' lang='lat' dir='ltr'><strong>Petrus</strong></span> <span class='ocrx_word' id='word_1_655' title='bbox 3373 4064 3499 4103; x_wconf 87' lang='lat' dir='ltr'><strong>vero</strong></span> <span class='ocrx_word' id='word_1_656' title='bbox 3529 4052 3594 4103; x_wconf 90' lang='lat' dir='ltr'><strong>ad</strong></span> 
     </span>
    </p>
   </div>
   <div class='ocr_carea' id='block_1_89' title="bbox 2026 4137 3597 4207">
    <p class='ocr_par' dir='ltr' id='par_1_89' title="bbox 2026 4137 3597 4207">
     <span class='ocr_line' id='line_1_89' title="bbox 2026 4137 3597 4207; baseline 0.001 -14"><span class='ocrx_word' id='word_1_657' title='bbox 2026 4155 2201 4207; x_wconf 80' lang='lat' dir='ltr'><strong>regem</strong></span> <span class='ocrx_word' id='word_1_658' title='bbox 2240 4137 2525 4192; x_wconf 84' lang='lat' dir='ltr'><strong>Persarum</strong></span> <span class='ocrx_word' id='word_1_659' title='bbox 2577 4139 2805 4192; x_wconf 72' lang='lat' dir='ltr'><strong>arcessit</strong></span> <span class='ocrx_word' id='word_1_660' title='bbox 2856 4140 3079 4201; x_wconf 92' lang='lat' dir='ltr'><strong>inloco,</strong></span> <span class='ocrx_word' id='word_1_661' title='bbox 3129 4142 3220 4206; x_wconf 87' lang='lat' dir='ltr'><strong>qui</strong></span> <span class='ocrx_word' id='word_1_662' title='bbox 3271 4141 3597 4195; x_wconf 75' lang='lat' dir='ltr'><strong>Bitliarmais</strong></span> 
     </span>
    </p>
   </div>
   <div class='ocr_carea' id='block_1_90' title="bbox 2025 4226 3594 4300">
    <p class='ocr_par' dir='ltr' id='par_1_90' title="bbox 2025 4226 3594 4300">
     <span class='ocr_line' id='line_1_90' title="bbox 2025 4226 3594 4300; baseline 0.003 -18"><span class='ocrx_word' id='word_1_663' title='bbox 2025 4229 2341 4298; x_wconf 84' lang='lat' dir='ltr'><strong>appellatur,</strong></span> <span class='ocrx_word' id='word_1_664' title='bbox 2382 4240 2436 4281; x_wconf 90' lang='lat' dir='ltr'><strong>ut</strong></span> <span class='ocrx_word' id='word_1_665' title='bbox 2465 4231 2527 4282; x_wconf 91' lang='lat' dir='ltr'><strong>de</strong></span> <span class='ocrx_word' id='word_1_666' title='bbox 2566 4226 2764 4282; x_wconf 83' lang='lat' dir='ltr'><strong>Suania</strong></span> <span class='ocrx_word' id='word_1_667' title='bbox 2800 4244 2921 4282; x_wconf 89' lang='lat' dir='ltr'><strong>cum</strong></span> <span class='ocrx_word' id='word_1_668' title='bbox 2958 4231 3050 4283; x_wconf 66' lang='lat' dir='ltr'><strong>illo</strong></span> <span class='ocrx_word' id='word_1_669' title='bbox 3073 4242 3281 4300; x_wconf 78' lang='lat' dir='ltr'><strong>ageret,</strong></span> <span class='ocrx_word' id='word_1_670' title='bbox 3317 4242 3371 4285; x_wconf 91' lang='lat' dir='ltr'><strong>et</strong></span> <span class='ocrx_word' id='word_1_671' title='bbox 3404 4234 3455 4285; x_wconf 92' lang='lat' dir='ltr'><strong>in</strong></span> <span class='ocrx_word' id='word_1_672' title='bbox 3507 4249 3594 4287; x_wconf 89' lang='lat' dir='ltr'><strong>re-</strong></span> 
     </span>
    </p>
   </div>
   <div class='ocr_carea' id='block_1_91' title="bbox 2024 4320 3600 4390">
    <p class='ocr_par' dir='ltr' id='par_1_91' title="bbox 2024 4320 3600 4390">
     <span class='ocr_line' id='line_1_91' title="bbox 2024 4320 3600 4390; baseline 0.003 -19"><span class='ocrx_word' id='word_1_673' title='bbox 2024 4324 2162 4390; x_wconf 85' lang='lat' dir='ltr'><strong>giam</strong></span> <span class='ocrx_word' id='word_1_674' title='bbox 2217 4322 2560 4375; x_wconf 87' lang='lat' dir='ltr'><strong>introductus</strong></span> <span class='ocrx_word' id='word_1_675' title='bbox 2614 4321 2693 4374; x_wconf 84' lang='lat' dir='ltr'><strong>sic</strong></span> <span class='ocrx_word' id='word_1_676' title='bbox 2749 4320 2959 4375; x_wconf 81' lang='lat' dir='ltr'><strong>locutus</strong></span> <span class='ocrx_word' id='word_1_677' title='bbox 3009 4333 3093 4376; x_wconf 91' lang='lat' dir='ltr'><strong>est</strong></span> <span class='ocrx_word' id='word_1_678' title='bbox 3127 4342 3141 4378; x_wconf 88' lang='lat'><strong>:</strong></span> <span class='ocrx_word' id='word_1_679' title='bbox 3180 4342 3197 4373; x_wconf 84' lang='grc' dir='ltr'><strong>ι</strong></span> <span class='ocrx_word' id='word_1_680' title='bbox 3238 4324 3517 4389; x_wconf 76' lang='lat' dir='ltr'><strong>Venimus,</strong></span> <span class='ocrx_word' id='word_1_681' title='bbox 3563 4341 3600 4375; x_wconf 74' lang='grc' dir='ltr'><strong>ο</strong></span> 
     </span>
    </p>
   </div>
   <div class='ocr_carea' id='block_1_92' title="bbox 352 4408 1922 4493">
    <p class='ocr_par' dir='ltr' id='par_1_92' title="bbox 352 4408 1922 4485">
     <span class='ocr_line' id='line_1_92' title="bbox 352 4408 1922 4485; baseline -0.002 -18"><span class='ocrx_word' id='word_1_682' title='bbox 352 4418 442 4481; x_wconf 83' lang='grc' dir='ltr'>ξεν</span> <span class='ocrx_word' id='word_1_683' title='bbox 469 4408 625 4468; x_wconf 62' lang='grc' dir='ltr'>ὧδεη</span> <span class='ocrx_word' id='word_1_684' title='bbox 651 4417 918 4485; x_wconf 79' lang='grc' dir='ltr'>Ἰικομεν,</span> <span class='ocrx_word' id='word_1_685' title='bbox 942 4410 987 4467; x_wconf 82' lang='grc' dir='ltr'><strong>ὦ</strong></span> <span class='ocrx_word' id='word_1_686' title='bbox 1019 4413 1261 4485; x_wconf 82' lang='grc' dir='ltr'>βασιλεῦ,</span> <span class='ocrx_word' id='word_1_687' title='bbox 1284 4414 1436 4483; x_wconf 84' lang='grc' dir='ltr'><strong>παρά</strong></span> <span class='ocrx_word' id='word_1_688' title='bbox 1456 4414 1533 4478; x_wconf 87' lang='grc' dir='ltr'><strong>σέ,</strong></span> <span class='ocrx_word' id='word_1_689' title='bbox 1556 4412 1615 4465; x_wconf 74' lang='grc' dir='ltr'><strong>τὸ</strong></span> <span class='ocrx_word' id='word_1_690' title='bbox 1640 4412 1737 4481; x_wconf 77' lang='grc' dir='ltr'>μὲν</span> <span class='ocrx_word' id='word_1_691' title='bbox 1756 4414 1810 4464; x_wconf 87' lang='grc' dir='ltr'><strong>ἐν</strong></span> <span class='ocrx_word' id='word_1_692' title='bbox 1836 4414 1922 4483; x_wconf 88' lang='grc' dir='ltr'><strong>βε-</strong></span> 
     </span>
    </p>
   </div>
   <div class='ocr_carea' id='block_1_93' title="bbox 2026 4408 3641 4493">
    <p class='ocr_par' dir='ltr' id='par_1_93' title="bbox 2033 4414 3641 4493">
     <span class='ocr_line' id='line_1_93' title="bbox 2033 4414 3641 4493; baseline 0.003 -29"><span class='ocrx_word' id='word_1_693' title='bbox 2033 4428 2145 4473; x_wconf 76' lang='lat' dir='ltr'><strong>rex,</strong></span> <span class='ocrx_word' id='word_1_694' title='bbox 2200 4414 2263 4465; x_wconf 88' lang='lat' dir='ltr'><strong>ad</strong></span> <span class='ocrx_word' id='word_1_695' title='bbox 2290 4424 2359 4473; x_wconf 92' lang='lat' dir='ltr'><strong>te,</strong></span> <span class='ocrx_word' id='word_1_696' title='bbox 2407 4428 2526 4464; x_wconf 88' lang='lat' dir='ltr'><strong>cum</strong></span> <span class='ocrx_word' id='word_1_697' title='bbox 2562 4427 2754 4481; x_wconf 86' lang='lat' dir='ltr'><strong>magna</strong></span> <span class='ocrx_word' id='word_1_698' title='bbox 2799 4428 2864 4466; x_wconf 81' lang='lat' dir='ltr'><strong>ex</strong></span> <span class='ocrx_word' id='word_1_699' title='bbox 2917 4422 3069 4481; x_wconf 87' lang='lat' dir='ltr'><strong>parte</strong></span> <span class='ocrx_word' id='word_1_700' title='bbox 3094 4415 3241 4482; x_wconf 89' lang='lat' dir='ltr'><strong>pacis</strong></span> <span class='ocrx_word' id='word_1_701' title='bbox 3268 4416 3599 4469; x_wconf 75' lang='lat' dir='ltr'><strong>beneficium</strong></span> <span class='ocrx_word' id='word_1_702' title='bbox 3636 4488 3641 4493; x_wconf 19' lang='grc' dir='ltr'><em>ι</em></span> 
     </span>
    </p>
   </div>
   <div class='ocr_carea' id='block_1_94' title="bbox 351 4504 1928 4577">
    <p class='ocr_par' dir='ltr' id='par_1_94' title="bbox 351 4504 1928 4577">
     <span class='ocr_line' id='line_1_94' title="bbox 351 4504 1928 4577; baseline -0.001 -18"><span class='ocrx_word' id='word_1_703' title='bbox 351 4508 495 4577; x_wconf 73' lang='grc' dir='ltr'>σαίῳ</span> <span class='ocrx_word' id='word_1_704' title='bbox 529 4507 625 4577; x_wconf 80' lang='grc' dir='ltr'>τὴν</span> <span class='ocrx_word' id='word_1_705' title='bbox 654 4508 875 4577; x_wconf 86' lang='grc' dir='ltr'>εἰρήνην</span> <span class='ocrx_word' id='word_1_706' title='bbox 901 4508 1042 4575; x_wconf 77' lang='grc' dir='ltr'>ἔχειν</span> <span class='ocrx_word' id='word_1_707' title='bbox 1070 4507 1467 4576; x_wconf 73' lang='grc' dir='ltr'>εὐτυχήσαντες</span> <span class='ocrx_word' id='word_1_708' title='bbox 1500 4505 1624 4575; x_wconf 76' lang='grc' dir='ltr'>ήδη,</span> <span class='ocrx_word' id='word_1_709' title='bbox 1654 4505 1713 4557; x_wconf 87' lang='grc' dir='ltr'>τὸ</span> <span class='ocrx_word' id='word_1_710' title='bbox 1747 4504 1802 4557; x_wconf 83' lang='grc' dir='ltr'>δὲ</span> <span class='ocrx_word' id='word_1_711' title='bbox 1835 4506 1928 4557; x_wconf 78' lang='grc' dir='ltr'><strong>καὶ</strong></span> 
     </span>
    </p>
   </div>
   <div class='ocr_carea' id='block_1_95' title="bbox 349 4595 1927 4668">
    <p class='ocr_par' dir='ltr' id='par_1_95' title="bbox 349 4595 1927 4668">
     <span class='ocr_line' id='line_1_95' title="bbox 349 4595 1927 4668; baseline -0.003 -17"><span class='ocrx_word' id='word_1_712' title='bbox 349 4600 447 4665; x_wconf 55' lang='grc' dir='ltr'>όῷἐ</span> <span class='ocrx_word' id='word_1_713' title='bbox 480 4599 607 4667; x_wconf 83' lang='grc' dir='ltr'>γοῦν</span> <span class='ocrx_word' id='word_1_714' title='bbox 630 4600 939 4668; x_wconf 80' lang='grc' dir='ltr'>τευξόμενοι</span> <span class='ocrx_word' id='word_1_715' title='bbox 983 4598 1092 4651; x_wconf 89' lang='grc' dir='ltr'><strong>τῶν</strong></span> <span class='ocrx_word' id='word_1_716' title='bbox 1129 4597 1477 4665; x_wconf 82' lang='grc' dir='ltr'>δικαιοτέρων</span> <span class='ocrx_word' id='word_1_717' title='bbox 1534 4597 1682 4666; x_wconf 86' lang='grc' dir='ltr'>παρὰ</span> <span class='ocrx_word' id='word_1_718' title='bbox 1718 4595 1812 4647; x_wconf 92' lang='grc' dir='ltr'><strong>σοῦ</strong></span> <span class='ocrx_word' id='word_1_719' title='bbox 1852 4595 1927 4666; x_wconf 81' lang='grc' dir='ltr'>μὴ</span> 
     </span>
    </p>
   </div>
   <div class='ocr_carea' id='block_1_96' title="bbox 348 4687 1927 4761">
    <p class='ocr_par' dir='ltr' id='par_1_96' title="bbox 348 4687 1927 4761">
     <span class='ocr_line' id='line_1_96' title="bbox 348 4687 1927 4761; baseline -0.004 -16"><span class='ocrx_word' id='word_1_720' title='bbox 348 4691 733 4761; x_wconf 74' lang='grc' dir='ltr'>ἀχθησόμενοι.</span> <span class='ocrx_word' id='word_1_721' title='bbox 778 4691 837 4743; x_wconf 88' lang='lat'><strong>&#39;0</strong></span> <span class='ocrx_word' id='word_1_722' title='bbox 868 4691 974 4759; x_wconf 81' lang='grc' dir='ltr'>γὰρ</span> <span class='ocrx_word' id='word_1_723' title='bbox 1024 4690 1084 4741; x_wconf 74' lang='grc' dir='ltr'><strong>τὸ</strong></span> <span class='ocrx_word' id='word_1_724' title='bbox 1133 4690 1307 4758; x_wconf 78' lang='grc' dir='ltr'>παρὸν</span> <span class='ocrx_word' id='word_1_725' title='bbox 1341 4687 1400 4739; x_wconf 83' lang='grc' dir='ltr'><strong>εῦ</strong></span> <span class='ocrx_word' id='word_1_726' title='bbox 1450 4688 1653 4749; x_wconf 51' lang='lat' dir='ltr'><strong>suos;</strong></span> <span class='ocrx_word' id='word_1_727' title='bbox 1680 4690 1773 4740; x_wconf 70' lang='grc' dir='ltr'><strong>καὶ</strong></span> <span class='ocrx_word' id='word_1_728' title='bbox 1800 4704 1927 4756; x_wconf 84' lang='grc' dir='ltr'>σχε-</span> 
     </span>
    </p>
   </div>
   <div class='ocr_carea' id='block_1_97' title="bbox 351 4778 1931 4847">
    <p class='ocr_par' dir='ltr' id='par_1_97' title="bbox 351 4778 1931 4847">
     <span class='ocr_line' id='line_1_97' title="bbox 351 4778 1931 4847; baseline -0.003 -14"><span class='ocrx_word' id='word_1_729' title='bbox 351 4784 565 4845; x_wconf 81' lang='grc' dir='ltr'>διὰσας,</span> <span class='ocrx_word' id='word_1_730' title='bbox 595 4783 669 4845; x_wconf 85' lang='grc' dir='ltr'><strong>ὡς</strong></span> <span class='ocrx_word' id='word_1_731' title='bbox 708 4786 898 4844; x_wconf 82' lang='grc' dir='ltr'>εἰπεῖν,</span> <span class='ocrx_word' id='word_1_732' title='bbox 929 4782 989 4833; x_wconf 82' lang='grc' dir='ltr'>τὸ</span> <span class='ocrx_word' id='word_1_733' title='bbox 1021 4783 1286 4845; x_wconf 83' lang='grc' dir='ltr'>συνοῖσον,</span> <span class='ocrx_word' id='word_1_734' title='bbox 1328 4780 1441 4840; x_wconf 83' lang='grc' dir='ltr'><strong>πῶς</strong></span> <span class='ocrx_word' id='word_1_735' title='bbox 1489 4780 1608 4847; x_wconf 74' lang='grc' dir='ltr'><strong>οὐχὶ</strong></span> <span class='ocrx_word' id='word_1_736' title='bbox 1646 4778 1753 4829; x_wconf 80' lang='grc' dir='ltr'><strong>τῶν</strong></span> <span class='ocrx_word' id='word_1_737' title='bbox 1801 4779 1931 4847; x_wconf 87' lang='grc' dir='ltr'>μελ-</span> 
     </span>
    </p>
   </div>
   <div class='ocr_carea' id='block_1_98' title="bbox 351 4870 1928 4944">
    <p class='ocr_par' dir='ltr' id='par_1_98' title="bbox 351 4870 1928 4944">
     <span class='ocr_line' id='line_1_98' title="bbox 351 4870 1928 4944; baseline 0.001 -20"><span class='ocrx_word' id='word_1_738' title='bbox 351 4874 553 4926; x_wconf 79' lang='grc' dir='ltr'>λόντων</span> <span class='ocrx_word' id='word_1_739' title='bbox 594 4873 995 4944; x_wconf 84' lang='grc' dir='ltr'>προμηθεύεται</span> <span class='ocrx_word' id='word_1_740' title='bbox 1044 4871 1223 4940; x_wconf 80' lang='grc' dir='ltr'>πολλῷ</span> <span class='ocrx_word' id='word_1_741' title='bbox 1288 4870 1365 4941; x_wconf 80' lang='grc' dir='ltr'>τῷ</span> <span class='ocrx_word' id='word_1_742' title='bbox 1399 4870 1655 4940; x_wconf 84' lang='grc' dir='ltr'>διαφόρῳ,</span> <span class='ocrx_word' id='word_1_743' title='bbox 1698 4871 1928 4925; x_wconf 79' lang='grc' dir='ltr'>καθόσον</span> 
     </span>
    </p>
   </div>
   <div class='ocr_carea' id='block_1_99' title="bbox 350 4962 1923 5036">
    <p class='ocr_par' dir='ltr' id='par_1_99' title="bbox 350 4962 1923 5036">
     <span class='ocr_line' id='line_1_99' title="bbox 350 4962 1923 5036; baseline -0.002 -19"><span class='ocrx_word' id='word_1_744' title='bbox 350 4968 445 5017; x_wconf 80' lang='grc' dir='ltr'><strong>καὶ</strong></span> <span class='ocrx_word' id='word_1_745' title='bbox 477 4965 651 5036; x_wconf 81' lang='grc' dir='ltr'>χρόνῳ</span> <span class='ocrx_word' id='word_1_746' title='bbox 682 4966 759 5034; x_wconf 78' lang='grc' dir='ltr'>τῷ</span> <span class='ocrx_word' id='word_1_747' title='bbox 791 4966 1020 5018; x_wconf 86' lang='grc' dir='ltr'>πλείονι.</span> <span class='ocrx_word' id='word_1_748' title='bbox 1049 4962 1543 5031; x_wconf 86' lang='grc' dir='ltr'>Μεγίστου⁶τοίνυν</span> <span class='ocrx_word' id='word_1_749' title='bbox 1580 4963 1788 5029; x_wconf 76' lang='grc' dir='ltr'>πέφυκε</span> <span class='ocrx_word' id='word_1_750' title='bbox 1823 4962 1923 5030; x_wconf 86' lang='grc' dir='ltr'><strong>βα-</strong></span> 
     </span>
    </p>
   </div>
   <div class='ocr_carea' id='block_1_100' title="bbox 352 5050 1924 5124">
    <p class='ocr_par' dir='ltr' id='par_1_100' title="bbox 352 5050 1924 5124">
     <span class='ocr_line' id='line_1_100' title="bbox 352 5050 1924 5124; baseline -0.002 -19"><span class='ocrx_word' id='word_1_751' title='bbox 352 5054 547 5117; x_wconf 83' lang='grc' dir='ltr'>σιλέως</span> <span class='ocrx_word' id='word_1_752' title='bbox 588 5055 650 5106; x_wconf 76' lang='grc' dir='ltr'>τὸ</span> <span class='ocrx_word' id='word_1_753' title='bbox 681 5055 940 5107; x_wconf 78' lang='grc' dir='ltr'>δύνασθαι</span> <span class='ocrx_word' id='word_1_754' title='bbox 973 5057 1069 5124; x_wconf 79' lang='grc' dir='ltr'><strong>μὲν</strong></span> <span class='ocrx_word' id='word_1_755' title='bbox 1104 5053 1263 5105; x_wconf 83' lang='grc' dir='ltr'>πλέον</span> <span class='ocrx_word' id='word_1_756' title='bbox 1316 5051 1481 5122; x_wconf 76' lang='grc' dir='ltr'>ἔχειν,</span> <span class='ocrx_word' id='word_1_757' title='bbox 1518 5050 1591 5120; x_wconf 82' lang='grc' dir='ltr'><strong>μὴ</strong></span> <span class='ocrx_word' id='word_1_758' title='bbox 1633 5051 1924 5120; x_wconf 85' lang='grc' dir='ltr'>βούλεσθαι</span> 
     </span>
    </p>
   </div>
   <div class='ocr_carea' id='block_1_101' title="bbox 346 5144 1922 5216">
    <p class='ocr_par' dir='ltr' id='par_1_101' title="bbox 346 5144 1922 5216">
     <span class='ocr_line' id='line_1_101' title="bbox 346 5144 1922 5216; baseline 0 -19"><span class='ocrx_word' id='word_1_759' title='bbox 346 5145 410 5197; x_wconf 76' lang='grc' dir='ltr'><strong>δέ</strong></span> <span class='ocrx_word' id='word_1_760' title='bbox 438 5162 451 5176; x_wconf 81' lang='lat'><strong><em>°</em></strong></span> <span class='ocrx_word' id='word_1_761' title='bbox 481 5146 540 5199; x_wconf 86' lang='grc' dir='ltr'>τὸ</span> <span class='ocrx_word' id='word_1_762' title='bbox 570 5146 678 5215; x_wconf 82' lang='grc' dir='ltr'><strong>γὰρ</strong></span> <span class='ocrx_word' id='word_1_763' title='bbox 707 5146 1044 5216; x_wconf 81' lang='grc' dir='ltr'>ὐπερῦάλλον</span> <span class='ocrx_word' id='word_1_764' title='bbox 1071 5147 1169 5215; x_wconf 82' lang='grc' dir='ltr'><strong>τῆς</strong></span> <span class='ocrx_word' id='word_1_765' title='bbox 1203 5146 1383 5214; x_wconf 85' lang='grc' dir='ltr'>ἰσχύος</span> <span class='ocrx_word' id='word_1_766' title='bbox 1404 5147 1461 5197; x_wconf 90' lang='grc' dir='ltr'><strong>ἐν</strong></span> <span class='ocrx_word' id='word_1_767' title='bbox 1494 5144 1725 5213; x_wconf 81' lang='grc' dir='ltr'>σώφρονι</span> <span class='ocrx_word' id='word_1_768' title='bbox 1761 5144 1922 5197; x_wconf 84' lang='grc' dir='ltr'>κολά-</span> 
     </span>
    </p>
   </div>
   <div class='ocr_carea' id='block_1_102' title="bbox 350 5238 1924 5309">
    <p class='ocr_par' dir='ltr' id='par_1_102' title="bbox 350 5238 1924 5309">
     <span class='ocr_line' id='line_1_102' title="bbox 350 5238 1924 5309; baseline 0.001 -21"><span class='ocrx_word' id='word_1_769' title='bbox 350 5238 506 5300; x_wconf 79' lang='grc' dir='ltr'>ζεται</span> <span class='ocrx_word' id='word_1_770' title='bbox 530 5238 794 5309; x_wconf 79' lang='grc' dir='ltr'>λογισμῷ.</span> <span class='ocrx_word' id='word_1_771' title='bbox 832 5240 983 5293; x_wconf 72' lang='grc' dir='ltr'>Ἐπεὶ</span> <span class='ocrx_word' id='word_1_772' title='bbox 1035 5239 1127 5293; x_wconf 79' lang='grc' dir='ltr'><strong>οὖν</strong></span> <span class='ocrx_word' id='word_1_773' title='bbox 1161 5240 1223 5292; x_wconf 85' lang='grc' dir='ltr'>τὸ</span> <span class='ocrx_word' id='word_1_774' title='bbox 1250 5239 1370 5301; x_wconf 79' lang='grc' dir='ltr'>ζέον</span> <span class='ocrx_word' id='word_1_775' title='bbox 1402 5238 1493 5291; x_wconf 85' lang='grc' dir='ltr'><strong>τοῦ</strong></span> <span class='ocrx_word' id='word_1_776' title='bbox 1524 5238 1763 5307; x_wconf 83' lang='grc' dir='ltr'>πολέμου</span> <span class='ocrx_word' id='word_1_777' title='bbox 1790 5255 1924 5291; x_wconf 82' lang='grc' dir='ltr'><strong>κατ-</strong></span> 
     </span>
    </p>
   </div>
   <div class='ocr_carea' id='block_1_103' title="bbox 350 5326 1924 5403">
    <p class='ocr_par' dir='ltr' id='par_1_103' title="bbox 350 5326 1924 5403">
     <span class='ocr_line' id='line_1_103' title="bbox 350 5326 1924 5403; baseline 0 -23"><span class='ocrx_word' id='word_1_778' title='bbox 350 5328 605 5384; x_wconf 77' lang='grc' dir='ltr'>έσϐεσται</span> <span class='ocrx_word' id='word_1_779' title='bbox 638 5330 733 5385; x_wconf 89' lang='grc' dir='ltr'><strong>νῦν</strong></span> <span class='ocrx_word' id='word_1_780' title='bbox 768 5333 897 5401; x_wconf 85' lang='grc' dir='ltr'>ήμῖν</span> <span class='ocrx_word' id='word_1_781' title='bbox 947 5332 1039 5385; x_wconf 76' lang='grc' dir='ltr'>καὶ</span> <span class='ocrx_word' id='word_1_782' title='bbox 1064 5331 1250 5403; x_wconf 80' lang='grc' dir='ltr'>ὥσπερ</span> <span class='ocrx_word' id='word_1_783' title='bbox 1284 5330 1713 5399; x_wconf 82' lang='grc' dir='ltr'>ἁνεπνεύσαμεν,</span> <span class='ocrx_word' id='word_1_784' title='bbox 1742 5326 1821 5392; x_wconf 75' lang='grc' dir='ltr'><strong>εἷς</strong></span> <span class='ocrx_word' id='word_1_785' title='bbox 1870 5330 1924 5381; x_wconf 85' lang='grc' dir='ltr'><strong>δέ</strong></span> 
     </span>
    </p>
   </div>
   <div class='ocr_carea' id='block_1_104' title="bbox 2025 4503 3599 4575">
    <p class='ocr_par' dir='ltr' id='par_1_104' title="bbox 2025 4503 3599 4575">
     <span class='ocr_line' id='line_1_104' title="bbox 2025 4503 3599 4575; baseline 0.004 -22"><span class='ocrx_word' id='word_1_786' title='bbox 2025 4504 2134 4570; x_wconf 84' lang='lat' dir='ltr'><strong>jam</strong></span> <span class='ocrx_word' id='word_1_787' title='bbox 2167 4504 2341 4571; x_wconf 81' lang='lat' dir='ltr'><strong>adepti</strong></span> <span class='ocrx_word' id='word_1_788' title='bbox 2377 4504 2566 4567; x_wconf 84' lang='lat' dir='ltr'><strong>simus,</strong></span> <span class='ocrx_word' id='word_1_789' title='bbox 2616 4513 2674 4556; x_wconf 93' lang='lat' dir='ltr'><strong>ut</strong></span> <span class='ocrx_word' id='word_1_790' title='bbox 2723 4504 2777 4556; x_wconf 88' lang='lat' dir='ltr'><strong>in</strong></span> <span class='ocrx_word' id='word_1_791' title='bbox 2832 4503 3053 4571; x_wconf 91' lang='lat' dir='ltr'><strong>reliquis</strong></span> <span class='ocrx_word' id='word_1_792' title='bbox 3080 4520 3292 4574; x_wconf 90' lang='lat' dir='ltr'><strong>quoque</strong></span> <span class='ocrx_word' id='word_1_793' title='bbox 3346 4509 3599 4575; x_wconf 76' lang='lat' dir='ltr'><strong>quamvis</strong></span> 
     </span>
    </p>
   </div>
   <div class='ocr_carea' id='block_1_105' title="bbox 2031 4593 3601 4666">
    <p class='ocr_par' dir='ltr' id='par_1_105' title="bbox 2031 4593 3601 4666">
     <span class='ocr_line' id='line_1_105' title="bbox 2031 4593 3601 4666; baseline 0.002 -19"><span class='ocrx_word' id='word_1_794' title='bbox 2031 4593 2438 4661; x_wconf 78' lang='lat' dir='ltr'><strong>scrojnstitiam</strong></span> <span class='ocrx_word' id='word_1_795' title='bbox 2467 4612 2493 4646; x_wconf 88' lang='lat' dir='ltr'><strong>a</strong></span> <span class='ocrx_word' id='word_1_796' title='bbox 2532 4606 2581 4647; x_wconf 89' lang='lat' dir='ltr'><strong>te</strong></span> <span class='ocrx_word' id='word_1_797' title='bbox 2613 4594 2999 4662; x_wconf 84' lang='lat' dir='ltr'><strong>impetremus;</strong></span> <span class='ocrx_word' id='word_1_798' title='bbox 3048 4610 3145 4650; x_wconf 88' lang='lat' dir='ltr'><strong>nec</strong></span> <span class='ocrx_word' id='word_1_799' title='bbox 3185 4611 3281 4650; x_wconf 87' lang='lat' dir='ltr'><strong>nos</strong></span> <span class='ocrx_word' id='word_1_800' title='bbox 3316 4598 3601 4666; x_wconf 86' lang='lat' dir='ltr'><strong>deceptum</strong></span> 
     </span>
    </p>
   </div>
   <div class='ocr_carea' id='block_1_106' title="bbox 2030 4686 3592 4756">
    <p class='ocr_par' dir='ltr' id='par_1_106' title="bbox 2030 4686 3592 4756">
     <span class='ocr_line' id='line_1_106' title="bbox 2030 4686 3592 4756; baseline 0.001 -18"><span class='ocrx_word' id='word_1_801' title='bbox 2030 4688 2093 4739; x_wconf 93' lang='lat' dir='ltr'><strong>iri</strong></span> <span class='ocrx_word' id='word_1_802' title='bbox 2147 4702 2451 4754; x_wconf 85' lang='lat' dir='ltr'><strong>speramus.</strong></span> <span class='ocrx_word' id='word_1_803' title='bbox 2483 4686 2612 4740; x_wconf 78' lang='lat' dir='ltr'><strong>Nam</strong></span> <span class='ocrx_word' id='word_1_804' title='bbox 2664 4689 2754 4755; x_wconf 89' lang='lat' dir='ltr'><strong>qui</strong></span> <span class='ocrx_word' id='word_1_805' title='bbox 2810 4698 3130 4756; x_wconf 66' lang='lat' dir='ltr'><strong>praesentem</strong></span> <span class='ocrx_word' id='word_1_806' title='bbox 3188 4704 3364 4741; x_wconf 91' lang='lat' dir='ltr'><strong>rerum</strong></span> <span class='ocrx_word' id='word_1_807' title='bbox 3396 4698 3592 4743; x_wconf 90' lang='lat' dir='ltr'><strong>statum</strong></span> 
     </span>
    </p>
   </div>
   <div class='ocr_carea' id='block_1_107' title="bbox 2030 4766 3600 4847">
    <p class='ocr_par' dir='ltr' id='par_1_107' title="bbox 2030 4766 3600 4847">
     <span class='ocr_line' id='line_1_107' title="bbox 2030 4766 3600 4847; baseline 0.004 -22"><span class='ocrx_word' id='word_1_808' title='bbox 2030 4786 2175 4829; x_wconf 90' lang='lat' dir='ltr'><strong>recte</strong></span> <span class='ocrx_word' id='word_1_809' title='bbox 2229 4776 2552 4843; x_wconf 89' lang='lat' dir='ltr'><strong>composuit,</strong></span> <span class='ocrx_word' id='word_1_810' title='bbox 2594 4786 2648 4829; x_wconf 91' lang='lat' dir='ltr'><strong>et</strong></span> <span class='ocrx_word' id='word_1_811' title='bbox 2696 4777 2955 4829; x_wconf 91' lang='lat' dir='ltr'><strong>instantia</strong></span> <span class='ocrx_word' id='word_1_812' title='bbox 2994 4780 3279 4832; x_wconf 90' lang='lat' dir='ltr'><strong>commoda</strong></span> <span class='ocrx_word' id='word_1_813' title='bbox 3326 4766 3600 4847; x_wconf 69' lang='lat' dir='ltr'><strong>respexit,</strong></span> 
     </span>
    </p>
   </div>
   <div class='ocr_carea' id='block_1_108' title="bbox 2028 4866 3605 4936">
    <p class='ocr_par' dir='ltr' id='par_1_108' title="bbox 2028 4866 3605 4936">
     <span class='ocr_line' id='line_1_108' title="bbox 2028 4866 3605 4936; baseline 0.003 -19"><span class='ocrx_word' id='word_1_814' title='bbox 2028 4876 2232 4934; x_wconf 83' lang='lat' dir='ltr'><strong>quanto</strong></span> <span class='ocrx_word' id='word_1_815' title='bbox 2260 4868 2429 4934; x_wconf 87' lang='lat' dir='ltr'><strong>magis</strong></span> <span class='ocrx_word' id='word_1_816' title='bbox 2460 4868 2505 4920; x_wconf 88' lang='lat' dir='ltr'><strong>is</strong></span> <span class='ocrx_word' id='word_1_817' title='bbox 2538 4866 2733 4920; x_wconf 80' lang='lat' dir='ltr'><strong>futuris</strong></span> <span class='ocrx_word' id='word_1_818' title='bbox 2765 4868 3099 4935; x_wconf 88' lang='lat' dir='ltr'><strong>providebit,</strong></span> <span class='ocrx_word' id='word_1_819' title='bbox 3139 4872 3261 4936; x_wconf 90' lang='lat' dir='ltr'><strong>quia</strong></span> <span class='ocrx_word' id='word_1_820' title='bbox 3297 4879 3351 4923; x_wconf 86' lang='lat' dir='ltr'><strong>et</strong></span> <span class='ocrx_word' id='word_1_821' title='bbox 3390 4873 3605 4923; x_wconf 68' lang='lat' dir='ltr'><strong>dintnr-r</strong></span> 
     </span>
    </p>
   </div>
   <div class='ocr_carea' id='block_1_109' title="bbox 2029 4957 3596 5029">
    <p class='ocr_par' dir='ltr' id='par_1_109' title="bbox 2029 4957 3596 5029">
     <span class='ocr_line' id='line_1_109' title="bbox 2029 4957 3596 5029; baseline 0.002 -18"><span class='ocrx_word' id='word_1_822' title='bbox 2029 4960 2177 5011; x_wconf 89' lang='lat' dir='ltr'><strong>niora</strong></span> <span class='ocrx_word' id='word_1_823' title='bbox 2206 4957 2372 5011; x_wconf 88' lang='lat' dir='ltr'><strong>sunt?</strong></span> <span class='ocrx_word' id='word_1_824' title='bbox 2401 4957 2575 5027; x_wconf 84' lang='lat' dir='ltr'><strong>Magni</strong></span> <span class='ocrx_word' id='word_1_825' title='bbox 2620 4958 2759 5026; x_wconf 84' lang='lat' dir='ltr'><strong>regis</strong></span> <span class='ocrx_word' id='word_1_826' title='bbox 2792 4968 2876 5012; x_wconf 90' lang='lat' dir='ltr'><strong>est</strong></span> <span class='ocrx_word' id='word_1_827' title='bbox 2907 4973 3064 5025; x_wconf 89' lang='lat' dir='ltr'><strong>posse</strong></span> <span class='ocrx_word' id='word_1_828' title='bbox 3094 4960 3307 5027; x_wconf 90' lang='lat' dir='ltr'><strong>quidem</strong></span> <span class='ocrx_word' id='word_1_829' title='bbox 3342 4962 3460 5029; x_wconf 86' lang='lat' dir='ltr'><strong>plus</strong></span> <span class='ocrx_word' id='word_1_830' title='bbox 3498 4963 3596 5014; x_wconf 88' lang='lat' dir='ltr'><strong>ha-</strong></span> 
     </span>
    </p>
   </div>
   <div class='ocr_carea' id='block_1_110' title="bbox 2027 5045 3600 5118">
    <p class='ocr_par' dir='ltr' id='par_1_110' title="bbox 2027 5045 3600 5118">
     <span class='ocr_line' id='line_1_110' title="bbox 2027 5045 3600 5118; baseline 0.002 -18"><span class='ocrx_word' id='word_1_831' title='bbox 2027 5048 2174 5112; x_wconf 86' lang='lat' dir='ltr'><strong>bere,</strong></span> <span class='ocrx_word' id='word_1_832' title='bbox 2206 5046 2299 5100; x_wconf 90' lang='lat' dir='ltr'><strong>sed</strong></span> <span class='ocrx_word' id='word_1_833' title='bbox 2333 5046 2493 5101; x_wconf 91' lang='lat' dir='ltr'><strong>nolle.</strong></span> <span class='ocrx_word' id='word_1_834' title='bbox 2542 5045 2811 5113; x_wconf 77' lang='lat' dir='ltr'><strong>Quidquid</strong></span> <span class='ocrx_word' id='word_1_835' title='bbox 2862 5047 3006 5113; x_wconf 87' lang='lat' dir='ltr'><strong>enim</strong></span> <span class='ocrx_word' id='word_1_836' title='bbox 3056 5048 3311 5116; x_wconf 67' lang='lat' dir='ltr'><strong>potentiae</strong></span> <span class='ocrx_word' id='word_1_837' title='bbox 3351 5060 3600 5118; x_wconf 86' lang='lat' dir='ltr'><strong>superat,</strong></span> 
     </span>
    </p>
   </div>
   <div class='ocr_carea' id='block_1_111' title="bbox 2025 5140 3597 5208">
    <p class='ocr_par' dir='ltr' id='par_1_111' title="bbox 2025 5140 3597 5208">
     <span class='ocr_line' id='line_1_111' title="bbox 2025 5140 3597 5208; baseline 0.002 -15"><span class='ocrx_word' id='word_1_838' title='bbox 2025 5141 2335 5201; x_wconf 88' lang='lat' dir='ltr'><strong>cohibetur,</strong></span> <span class='ocrx_word' id='word_1_839' title='bbox 2389 5148 2443 5191; x_wconf 92' lang='lat' dir='ltr'><strong>et</strong></span> <span class='ocrx_word' id='word_1_840' title='bbox 2494 5140 2870 5205; x_wconf 91' lang='lat' dir='ltr'><strong>comprimitur</strong></span> <span class='ocrx_word' id='word_1_841' title='bbox 2904 5140 3149 5208; x_wconf 89' lang='lat' dir='ltr'><strong>prudenti</strong></span> <span class='ocrx_word' id='word_1_842' title='bbox 3203 5140 3597 5196; x_wconf 82' lang='lat' dir='ltr'><strong>moderatione.</strong></span> 
     </span>
    </p>
   </div>
   <div class='ocr_carea' id='block_1_112' title="bbox 2023 5230 3587 5304">
    <p class='ocr_par' dir='ltr' id='par_1_112' title="bbox 2023 5230 3587 5304">
     <span class='ocr_line' id='line_1_112' title="bbox 2023 5230 3587 5304; baseline 0.003 -20"><span class='ocrx_word' id='word_1_843' title='bbox 2023 5232 2201 5300; x_wconf 82' lang='lat' dir='ltr'><strong>Itaque</strong></span> <span class='ocrx_word' id='word_1_844' title='bbox 2234 5246 2354 5285; x_wconf 89' lang='lat' dir='ltr'><strong>cum</strong></span> <span class='ocrx_word' id='word_1_845' title='bbox 2391 5230 2605 5287; x_wconf 85' lang='lat' dir='ltr'><strong>fervens</strong></span> <span class='ocrx_word' id='word_1_846' title='bbox 2638 5230 2759 5284; x_wconf 88' lang='lat' dir='ltr'><strong>belli</strong></span> <span class='ocrx_word' id='word_1_847' title='bbox 2799 5233 2937 5285; x_wconf 90' lang='lat' dir='ltr'><strong>inter</strong></span> <span class='ocrx_word' id='word_1_848' title='bbox 2970 5248 3066 5288; x_wconf 91' lang='lat' dir='ltr'><strong>nos</strong></span> <span class='ocrx_word' id='word_1_849' title='bbox 3113 5235 3278 5289; x_wconf 88' lang='lat' dir='ltr'><strong>ardor</strong></span> <span class='ocrx_word' id='word_1_850' title='bbox 3320 5234 3431 5304; x_wconf 82' lang='lat' dir='ltr'><strong>jam</strong></span> <span class='ocrx_word' id='word_1_851' title='bbox 3491 5236 3587 5289; x_wconf 90' lang='lat' dir='ltr'><strong>de-</strong></span> 
     </span>
    </p>
   </div>
   <div class='ocr_carea' id='block_1_113' title="bbox 2026 5322 3598 5391">
    <p class='ocr_par' dir='ltr' id='par_1_113' title="bbox 2026 5322 3598 5391">
     <span class='ocr_line' id='line_1_113' title="bbox 2026 5322 3598 5391; baseline 0.002 -16"><span class='ocrx_word' id='word_1_852' title='bbox 2026 5322 2290 5376; x_wconf 86' lang='lat' dir='ltr'><strong>l&#39;erbnerit</strong></span> <span class='ocrx_word' id='word_1_853' title='bbox 2324 5334 2372 5376; x_wconf 85' lang='lat' dir='ltr'><strong>et</strong></span> <span class='ocrx_word' id='word_1_854' title='bbox 2398 5322 2793 5390; x_wconf 85' lang='lat' dir='ltr'><strong>quodammodo</strong></span> <span class='ocrx_word' id='word_1_855' title='bbox 2834 5322 3186 5391; x_wconf 85' lang='lat' dir='ltr'><strong>respiremus,</strong></span> <span class='ocrx_word' id='word_1_856' title='bbox 3219 5339 3322 5377; x_wconf 91' lang='lat' dir='ltr'><strong>una</strong></span> <span class='ocrx_word' id='word_1_857' title='bbox 3354 5324 3598 5380; x_wconf 74' lang='lat' dir='ltr'><strong>scintiha</strong></span> 
     </span>
    </p>
   </div>
   <div class='ocr_carea' id='block_1_114' title="bbox 1637 5459 2319 5516">
    <p class='ocr_par' dir='ltr' id='par_1_114' title="bbox 1637 5459 2319 5516">
     <span class='ocr_line' id='line_1_114' title="bbox 1637 5459 2319 5516; baseline -0.003 -1"><span class='ocrx_word' id='word_1_858' title='bbox 1637 5460 1872 5516; x_wconf 66' lang='lat' dir='ltr'><strong>VARl/E</strong></span> <span class='ocrx_word' id='word_1_859' title='bbox 1914 5459 2319 5515; x_wconf 79' lang='lat' dir='ltr'><strong>LECTIONES.</strong></span> 
     </span>
    </p>
   </div>
   <div class='ocr_carea' id='block_1_115' title="bbox 423 5595 627 5651">
    <p class='ocr_par' dir='ltr' id='par_1_115' title="bbox 423 5595 627 5651">
     <span class='ocr_line' id='line_1_115' title="bbox 423 5595 627 5651; baseline 0.005 -1"><span class='ocrx_word' id='word_1_860' title='bbox 423 5595 472 5630; x_wconf 83' lang='grc'><strong><em>⁸⁸</em></strong></span> <span class='ocrx_word' id='word_1_861' title='bbox 487 5596 627 5651; x_wconf 85' lang='lat' dir='ltr'><strong>Ante</strong></span> 
     </span>
    </p>
   </div>
   <div class='ocr_carea' id='block_1_116' title="bbox 712 5588 3592 5669">
    <p class='ocr_par' dir='ltr' id='par_1_116' title="bbox 712 5588 3592 5669">
     <span class='ocr_line' id='line_1_116' title="bbox 712 5588 3592 5669; baseline 0 -19"><span class='ocrx_word' id='word_1_862' title='bbox 712 5597 909 5669; x_wconf 67' lang='grc' dir='ltr'>αγικήν</span> <span class='ocrx_word' id='word_1_863' title='bbox 942 5596 1101 5669; x_wconf 86' lang='lat' dir='ltr'><strong>vulgo</strong></span> <span class='ocrx_word' id='word_1_864' title='bbox 1122 5595 1515 5669; x_wconf 15' lang='lat' dir='ltr'><strong>ei;i_in_scritu_r,</strong></span> <span class='ocrx_word' id='word_1_865' title='bbox 1542 5594 1635 5648; x_wconf 90' lang='lat' dir='ltr'><strong>scd</strong></span> <span class='ocrx_word' id='word_1_866' title='bbox 1670 5594 1824 5669; x_wconf 82' lang='lat' dir='ltr'><strong>uncis</strong></span> <span class='ocrx_word' id='word_1_867' title='bbox 1848 5595 2143 5669; x_wconf 77' lang='lat' dir='ltr'><strong>inclusum.</strong></span> <span class='ocrx_word' id='word_1_868' title='bbox 2219 5594 2264 5669; x_wconf 83' lang='lat'><strong>_&quot;</strong></span> <span class='ocrx_word' id='word_1_869' title='bbox 2346 5594 2491 5663; x_wconf 81' lang='grc' dir='ltr'>Η.,ἢ</span> <span class='ocrx_word' id='word_1_870' title='bbox 2528 5593 2703 5669; x_wconf 34' lang='lat' dir='ltr'><strong>vulg.“</strong></span> <span class='ocrx_word' id='word_1_871' title='bbox 2748 5593 2793 5625; x_wconf 79' lang='grc'><strong>⁸⁸</strong></span> <span class='ocrx_word' id='word_1_872' title='bbox 2818 5592 2905 5669; x_wconf 76' lang='grc' dir='ltr'><strong>τὸ]</strong></span> <span class='ocrx_word' id='word_1_873' title='bbox 2938 5594 2995 5659; x_wconf 80' lang='grc' dir='ltr'>ἐς</span> <span class='ocrx_word' id='word_1_874' title='bbox 3022 5595 3080 5649; x_wconf 84' lang='grc' dir='ltr'>τὸ</span> <span class='ocrx_word' id='word_1_875' title='bbox 3108 5594 3173 5650; x_wconf 88' lang='grc' dir='ltr'>Ν.</span> <span class='ocrx_word' id='word_1_876' title='bbox 3248 5595 3369 5651; x_wconf 74' lang='lat' dir='ltr'><strong>&quot;at</strong></span> <span class='ocrx_word' id='word_1_877' title='bbox 3399 5595 3592 5669; x_wconf 74' lang='grc' dir='ltr'><strong>ξυνοῆ-</strong></span> 
     </span>
    </p>
   </div>
   <div class='ocr_carea' id='block_1_117' title="bbox 352 5653 2913 5736">
    <p class='ocr_par' dir='ltr' id='par_1_117' title="bbox 352 5653 2913 5736">
     <span class='ocr_line' id='line_1_117' title="bbox 352 5653 2913 5736; baseline -0.003 -14"><span class='ocrx_word' id='word_1_878' title='bbox 352 5683 450 5722; x_wconf 76' lang='grc' dir='ltr'>και</span> <span class='ocrx_word' id='word_1_879' title='bbox 492 5666 583 5733; x_wconf 86' lang='lat' dir='ltr'><strong>H.,</strong></span> <span class='ocrx_word' id='word_1_880' title='bbox 637 5653 834 5736; x_wconf 67' lang='grc' dir='ltr'>ἐξυνθῆ</span> <span class='ocrx_word' id='word_1_881' title='bbox 859 5653 952 5719; x_wconf 56' lang='lat' dir='ltr'><strong>icit</strong></span> <span class='ocrx_word' id='word_1_882' title='bbox 983 5653 1127 5736; x_wconf 73' lang='lat' dir='ltr'><strong>vulg.</strong></span> <span class='ocrx_word' id='word_1_883' title='bbox 1183 5653 1249 5697; x_wconf 61' lang='lat'><strong>&quot;°</strong></span> <span class='ocrx_word' id='word_1_884' title='bbox 1281 5653 1545 5729; x_wconf 79' lang='grc' dir='ltr'>Σουανίας</span> <span class='ocrx_word' id='word_1_885' title='bbox 1579 5678 1633 5719; x_wconf 88' lang='lat' dir='ltr'><strong>ct</strong></span> <span class='ocrx_word' id='word_1_886' title='bbox 1664 5666 1949 5736; x_wconf 74' lang='grc' dir='ltr'>προελθὼν</span> <span class='ocrx_word' id='word_1_887' title='bbox 1979 5665 2073 5732; x_wconf 86' lang='grc' dir='ltr'>ΙΙ.,</span> <span class='ocrx_word' id='word_1_888' title='bbox 2098 5653 2336 5727; x_wconf 70' lang='grc' dir='ltr'>Σουάνάξ</span> <span class='ocrx_word' id='word_1_889' title='bbox 2367 5653 2432 5718; x_wconf 64' lang='grc' dir='ltr'><strong>ρι’</strong></span> <span class='ocrx_word' id='word_1_890' title='bbox 2452 5653 2733 5734; x_wconf 69' lang='grc' dir='ltr'>τίροελόεῖν</span> <span class='ocrx_word' id='word_1_891' title='bbox 2767 5653 2913 5735; x_wconf 48' lang='lat' dir='ltr'><strong>vulg‘.</strong></span> 
     </span>
    </p>
   </div>
  </div>
