4006 6214
384 294 485 359 871
1207 284 1601 349 EXCERPTA
1641 283 1743 343 EX
1776 277 2202 341 MENANDRU
2242 272 2737 336 PROTECTORE
2854 274 2857 277 ’
3548 265 3652 326 872

393 404 584 460 relicta
621 413 706 459 est
735 419 749 456 :
788 401 1046 456 Suaniam
1079 398 1198 451 dico
1226 395 1517 449 scintillam
1543 392 1826 455 malorum,
1854 404 1975 458 quze

2088 384 2238 455 μόνος
2262 382 2609 436 ὑπολείπεται
2638 381 2871 451 σπινθὴρ
2896 381 3062 450 (φημὶ
3092 380 3148 433 δὲ
3173 377 3445 449 σπινθῆρα
3470 377 3657 431 κακῶν

399 498 633 550 minatur
668 495 820 548 nobis
863 489 1154 545 maximum
1188 486 1598 539 inimicitiarum
1635 483 1961 536 incendium.

2088 476 2166 545 τὴν
2187 475 2470 535 Σιυανίαν,
2499 476 2601 526 ἀπε
2612 472 2827 525 ιλοῦσαν
2845 475 2975 541 ἡμῖν
2996 470 3261 541 μεγίστην
3290 468 3506 521 ἔσεσθαι
3529 470 3657 520 δυσ·

398 588 661 656 Sisigitur
687 584 964 638 obstaculo
999 592 1051 634 ct
1079 581 1467 650 impedimento
1498 575 1836 647 gravissimis
1864 574 1957 641 qui

2088 565 2287 627 ιενείας
2323 564 2686 635 ὲμπύρωσιν).
2725 562 2882 629 γενοῦ
2919 562 3145 631 κώλυμα
3184 560 3290 612 τῶν
3323 560 3534 623 δεινῶν,
3564 562 3659 611 καὶ

400 677 703 744 impendent
735 673 973 736 casibus,
1000 680 1053 725 et
1083 672 1359 740 restingue
1391 668 1651 722 malorum
1679 666 1965 719 imminen—

2088 658 2528 727 τροκατάπαυσον
2557 658 2685 726 ἡμῖν
2716 655 2905 706 ἐλπίδα
2934 655 3043 706 τῶν
3076 654 3279 705 κακῶν.
3318 653 3410 706 Ἐν
3438 655 3521 703 σοι
3548 652 3659 719 γὰρ

400 741 531 817 ιὶιιίιι
580 762 1060 832 exspectationem.
1110 758 1219 812 Nos
1262 760 1407 812 enim
1438 756 1599 811 dubia
1645 765 1698 809 et
1750 764 1969 809 contro-

2088 749 2181 800 τῶν
2212 748 2509 816 ἀμηχάνων
2550 746 2610 798 τὸ
2639 746 2839 813 ἄπορον
2889 746 2932 774 ⁹¹
2974 741 3296 810 ἀνεθέμεθα,
3334 756 3659 809 μηχανησαο

397 870 574 916 versa,
610 868 729 922 qna:
760 865 945 907 secare
981 866 1085 905 non
1114 850 1404 919 potuimus,
1446 849 1512 900 ad
1563 856 1614 901 te
1664 845 1966 913 rejecimus,

2088 840 2223 906 ιέιῳ
2254 839 2299 869 θ’
2334 837 2404 889 τὰ
2430 837 2639 890 δέοντα.
2678 836 2792 888 Μία
2827 834 2934 902 γάρ
2960 834 3040 894 τίς
3077 834 3190 884 ἐστι
3222 831 3531 898 τελεωτάτη
3564 829 3660 881 τοῦ

397 956 455 999 ιιι
489 961 605 1014 qua:
633 945 983 999 convenirent
1009 952 1301 996 statueres.
1352 939 1524 994 Unica
1557 938 1700 991 enim
1750 947 1803 990 et
1856 936 1967 989 sola

2088 931 2312 999 πολέμου
2366 928 2684 989 κατάλυσις,
2720 927 2781 978 τὸ
2830 924 3193 994 προστεθῆναι
3248 923 3343 973 καὶ
3394 920 3664 972 Σουανίαν

398 1036 517 1090 belli
545 1048 767 1105 prorsus
817 1033 1034 1087 finiendi
1082 1032 1219 1085 ratio
1269 1039 1372 1093 est,
1407 1031 1449 1081 si
1500 1028 1715 1097 quidem
1766 1026 1966 1080 domini

398 1128 606 1181 Lazicte
632 1141 842 1190 sumus,
882 1134 938 1178 ut
964 1123 1221 1178 Suaniam
1254 1134 1467 1189 quoque
1503 1119 1658 1173 nobis
1688 1117 1967 1171 restituas.

399 1220 498 1285 Qui
526 1220 669 1273 enim
700 1218 996 1271 dominium
1029 1214 1335 1281 assequitur
1363 1212 1477 1278 ejus
1500 1250 1513 1273 ,
1545 1211 1685 1279 quod
1719 1212 1968 1277 imperat,

398 1310 489 1378 qui
512 1308 626 1362 fieri
648 1316 843 1374 potest,
867 1314 924 1359 ut
944 1321 1047 1358 non
1072 1320 1286 1373 quoque
1304 1303 1557 1355 dominus
1580 1302 1648 1354 sit
1668 1299 1804 1367 ejus,
1830 1301 1971 1368 quod

402 1401 558 1454 alteri
604 1399 803 1469 paret?
830 1396 1273 1467 AtquiLazi,sed
1310 1408 1377 1446 ne
1398 1394 1612 1461 quidem
1648 1392 1744 1458 ipsi
1781 1389 1968 1453 Suani,

404 1491 622 1544 minime
646 1490 697 1542 in
718 1489 937 1543 dubium
959 1486 1349 1547 revocaverint,
1367 1483 1623 1537 Suaniam
1644 1482 1771 1535 olim
1791 1481 1972 1547 subje-

402 1592 545 1635 ctam
569 1581 734 1635 fuisse
756 1579 983 1641 Lazicae,
1012 1584 1065 1631 et
1100 1577 1207 1645 regi
1227 1574 1491 1628 Lazorum
1514 1572 1602 1640 jus
1641 1574 1803 1625 fuisse
1826 1572 1973 1624 arbi-

406 1670 508 1723 trio
556 1683 677 1729 suo,
724 1668 815 1735 qui
853 1666 1374 1733 Suaniamregeret,
1411 1664 1792 1717 constituere.»
1844 1664 1972 1727 Quae

2074 1020 2229 1087 ἡμῖν,
2278 1018 2440 1084 εἴπερ
2471 1015 2714 1083 Λαζικῆς
2751 1012 2929 1082 κύριοι
2968 1010 3409 1079 καθεστήκαμεν.
3456 1009 3514 1063 Ὀ
3550 1010 3665 1079 γὰρ

2074 1109 2339 1170 δεσπόσας
2369 1107 2461 1160 τοῦ
2494 1104 2822 1177 ἡγεμονικοῦ
2860 1103 2972 1164 πῶς
3002 1104 3100 1172 οὐχ
3155 1104 3268 1168 ἓξει
3295 1104 3355 1155 τὸ
3392 1102 3663 1168 67:06:61.-

2075 1202 2170 1264 κός
2205 1216 2218 1231 ·
2253 1199 2374 1252 οὔτε
2404 1200 2511 1269 γὰρ
2547 1196 2713 1261 Λαζοί.
2765 1196 2891 1249 οὔτε
2923 1195 3028 1265 μὴν
3070 1195 3222 1247 αὐτοὶ
3256 1195 3479 1247 Σουᾶνοι
3523 1193 3662 1263 πρὸς

2076 1293 2487 1362 ἀμφισϐήτησιν
2525 1291 2653 1343 ίοιεν
2704 1289 2750 1321 ⁸³
2793 1289 2868 1351 ὡς
2928 1289 3025 1357 οὐχ
3081 1287 3317 1355 ὑπήκοος
3352 1290 3385 1357 ή
3429 1286 3662 1338 Σουανία

2076 1386 2265 1448 Λαζῶν
2292 1382 2554 1435 ἀνέκαθεν
2580 1378 2671 1452 ἦν,
2713 1382 2807 1433 καὶ
2835 1381 2916 1432 ὅτι
2944 1379 3110 1447 ψήφῳ
3156 1377 3248 1430 τοῦ
3281 1376 3473 1439 Λαζῶν
3508 1376 3655 1445 βασι-

2076 1476 2210 1537 λέως
2241 1478 2268 1528 ὁ
2292 1475 2552 1536 Σουανίας
2580 1472 2757 1541 ἄρξων
2784 1472 2843 1525 τὸ
2887 1471 3051 1540 κῦρος
3077 1470 3123 1502 ⁸³
3150 1470 3380 1537 ἐδέχετο.
3436 1488 3455 1519 ι
3492 1468 3663 1520 Ταῦτ’

2080 1567 2250 1619 εἰπὼν
2309 1566 2510 1634 Πέτρος
2575 1566 2632 1615 ἐν
2690 1564 3011 1631 γράμμασιν
3067 1542 3347 1611 ὲπέδείκνυ
3438 1559 3665 1628 Χοσρὸῃ

2081 1655 2445 1725 παλαιτέρους
2472 1651 2666 1716 Λαζῶν
2698 1651 2959 1720 βασιλεῖς,
2994 1650 3089 1701 καὶ
3118 1648 3308 1709 ἄλλους
3352 1647 3457 1699 ὑπὸ
3485 1646 3667 1701 ἄλλων

403 1775 522 1813 cum
572 1759 779 1812 diceret
824 1756 1039 1818 Petrus,
1077 1769 1142 1807 ex
1194 1754 1389 1808 tabulis
1421 1753 1715 1808 Gliosroem
1764 1752 1968 1815 docuit,

2088 1746 2544 1818 (ειροτονηθέντας
2570 1744 2819 1796 Σουάνων
2849 1741 3100 1811 βασιλέας
3124 1741 3193 1793 ⁸⁵.
3225 1734 3358 1791 Εἶτα
3389 1740 3483 1791 καὶ
3507 1734 3667 1799 αὖθις

405 1850 670 1903 1,·ιῑιη-ιιιη
706 1863 857 1917 reges
885 1846 1217 1914 antiquiores
1236 1860 1376 1911 esse,
1411 1854 1463 1897 et
1496 1860 1644 1912 reges
1674 1843 1974 1896 Suanorum

404 1943 471 1994 ab
530 1940 595 1992 iis
652 1938 880 1992 subinde
939 1949 1059 1989 esse
1108 1944 1368 1988 creatos:
1410 1934 1602 1985 deinde
1661 1932 1740 1985 sic
1800 1931 1979 1985 dicere

406 2028 621 2096 pergit:
656 2044 675 2076 ι
715 2025 847 2078 Cum
884 2024 1044 2092 igitur
1070 2023 1179 2091 ipsa
1214 2022 1446 2089 justitia,
1485 2037 1515 2073 ο
1559 2036 1671 2083 rex,
1720 2018 1977 2072 Suaniam

411 2116 571 2189 1M
602 2115 758 2170 nobis
792 2115 1080 2178 attribuat,
1112 2127 1290 2166 nonne
1322 2122 1374 2165 ιιι
1414 2110 1586 2181 magni
1616 2110 1805 2173 facies,
1831 2110 1980 2177 prius

407 2207 756 2262 concedendo
807 2216 1097 2272 utrumque
1130 2203 1368 2271 assequi,
1400 2212 1455 2254 ut
1487 2212 1539 2255 et
1592 2200 1792 2256 nemini
1841 2200 1980 2269 inju-

410 2301 543 2354 riain
579 2297 848 2359 intulisse,
908 2307 962 2350 et
1012 2296 1281 2358 oumibus,
1335 2300 1452 2363 qiu:
1486 2296 1685 2358 debes,
1748 2294 1977 2362 largitus

409 2405 531 2444 esse
562 2389 834 2442 videaris?
864 2389 954 2442 Sic
982 2388 1128 2441 enim
1157 2402 1247 2440 rex
1295 2396 1478 2441 noster
1530 2387 1749 2439 minime
1793 2401 1852 2439 se
1887 2386 1980 2438 Ia:-

411 2496 528 2538 sunt
580 2494 701 2535 esse
731 2478 1084 2542 existimavit,
1141 2478 1185 2531 si
1223 2478 1362 2546 quod
1394 2492 1545 2530 suum
1576 2485 1678 2540 est,
1727 2484 1981 2544 tanquam

413 2576 552 2629 dono
586 2572 879 2641 acceperit,
918 2586 1036 2624 eum
1094 2579 1147 2622 et
1203 2567 1453 2622 Lazicam
1511 2584 1613 2620 non
1669 2567 1775 2620 alio
1822 2566 1981 2620 modo

412 2682 563 2719 suam
594 2665 838 2718 effectam
884 2669 1177 2731 putaverit.
1211 2658 1342 2714 Cum
1368 2658 1511 2713 enim
1598 2667 1982 2710 asscveranter

413 2756 881 2818 contenderemus,
909 2753 1049 2821 quod
1089 2753 1253 2805 etiam
1304 2761 1491 2819 aperte
1541 2748 1981 2814 estvudebanius,

418 2846 668 2899 Lazicam
737 2860 765 2895 a
797 2844 955 2909 longo
1005 2853 1244 2911 tempore
1306 2858 1334 2894 a
1390 2840 1645 2895 Rowanis
1681 2856 1981 2907 possessam

420 2938 605 3002 fuisse,
660 2947 712 2991 tu
748 2948 937 2990 contra
968 2951 1084 2990 eam
1115 2936 1207 2989 tibi
1246 2936 1370 2989 belli
1398 2934 1519 3002 jure
1552 2934 1821 3002 propriam
1855 2933 1986 2987 eﬂ'e-

419 3040 561 3084 ctam
588 3030 793 3095 dixisti,
820 3028 1168 3083 nihilominus
1202 3028 1417 3081 illmsam
1453 3027 1722 3096 ju5titiam
1746 3042 1864 3081 esse
1894 3042 1985 3081 vo-

2080 1839 2225 1901 ἐλεξε
2255 1854 2268 1867 ·
2321 1856 2339 1887 ι
2373 1836 2479 1888 Τοῦ
2532 1835 2741 1887 δικαίου
2787 1833 2964 1885 τοίνυν
3005 1833 3157 1901 ἡμῖν,
3188 1828 3234 1883 ὦ
3272 1830 3516 1899 βασιλεῦ,
3552 1830 3657 1882 καὶ

2081 1932 2125 1961 ⁸³
2151 1927 2411 1981 Σουανίαν
2469 1926 2819 1996 παρέχοντος,
2876 1925 2995 1993 οὐχὶ
3047 1925 3109 1977 σὺ
3176 1924 3532 1994 προτηρήσας
3602 1923 3666 1973 ὲν

2083 2020 2266 2090 κέρδει
2309 2020 2529 2088 σχήσεις
2568 2017 2873 2087 ἀμφότερα,
2908 2018 3002 2068 καὶ
3049 2015 3109 2068 τὸ
3138 2015 3285 2081 δόξαι
3339 2014 3412 2085 μὴ
3451 2014 3667 2067 ἀδικεῖν

2083 2115 2175 2164 καὶ
2198 2111 2258 2162 τὸ
2280 2109 2456 2161 δοκεῖν
2483 2106 2771 2175 δωρεῖσθαι
2802 2107 2860 2158 τὸ
2888 2107 3165 2176 προσῆκον
3200 2106 3368 2179 πᾶσιν
3395 2120 3406 2134 ·
3449 2102 3599 2157 οὓτω
3620 2104 3667 2133 ’⁷

2080 2203 2188 2274 γὰρ
2211 2200 2277 2254 ἂν
2298 2202 2391 2254 καὶ
2416 2202 2442 2253 ὁ
2472 2199 2591 2253 καθ’
2614 2200 2761 2269 ἡμᾶς
2787 2199 3038 2266 βασιλεὺς
3063 2198 3227 2250 οῖοιτο
3250 2196 3295 2229 ’⁸
3327 2194 3669 2255 ἀδικεῖσθαι,

2082 2296 2197 2362 είγε
2224 2295 2283 2346 τὸ
2305 2295 2503 2346 οἰκεῖον
2525 2292 2713 2363 ὥσπερ
2745 2291 2915 2361 δῶρον
2936 2290 3166 2361 λήψεται
3190 2288 3317 2359 παρ’
3346 2287 3520 2357 ὑμῶν,
3541 2286 3672 2339 ἐπεὶ

2082 2386 2177 2438 καὶ
2204 2384 2445 2455 Λαζικὴν
2493 2385 2665 2436 οῖεται
2694 2383 2792 2434 οὐκ
2816 2382 2991 2444 ἄλλως
3038 2382 3204 2451 ἔχειν.
3250 2377 3673 2448 Διαϐεϐαιουμέ·

2082 2498 2189 2534 νων
2217 2482 2325 2549 γὰρ
2351 2480 2508 2550 ήμῶν
2541 2479 2635 2531 καὶ
2662 2477 3038 2547 ἐναργέστατα
3068 2475 3395 2528 δεικνύντων
3423 2475 3498 2536 ὠς
3535 2474 3673 2524 Ῥω-

2087 2572 2261 2641 μαίων
2286 2572 2349 2622 ἐκ
2379 2570 2629 2621 πλείστου
2655 2570 2845 2638 χρόνον
2873 2568 3078 2636 κτῆμα.
3106 2569 3365 2628 ἀντεῖπας
3392 2565 3555 2625 αὐτὸς
3587 2564 3672 2632 τῷ

2084 2661 2177 2714 τοῦ
2210 2660 2450 2729 πολέμου
2484 2661 2633 2729 νόμῳ
2656 2660 2899 2728 Λαζικὴν
2930 2657 3335 2721 οἰκειώσασθαι,
3371 2657 3463 2708 καὶ
3486 2656 3670 2725 ὅμως,

2085 2754 2165 2824 τῷ
2203 2752 2486 2823 βούλεσθαι
2517 2752 2613 2820 τήν
2643 2752 2798 2820 δίκην
2826 2750 3070 2822 ἄτρωτον
3102 2745 3259 2811 εἶναι,
3288 2746 3678 2818 προύργιαίτε-

2084 2863 2241 2916 τερον
2274 2845 2397 2897 ἔθου
2453 2844 2705 2913 σώφρονα
2756 2842 3053 2911 κεκτῆσθαι
3113 2841 3372 2910 λογισμὸν
3414 2841 3447 2910 ἢ
3506 2842 3677 2909 χεῖρα

2084 2938 2339 3007 δυνατήν.
2378 2936 2677 3007 Τοιγαροῦν
2722 2935 2962 3004 ἐποιήσω
2991 2934 3089 3004 τήν
3118 2935 3221 2987 οὑκ
3269 2933 3536 3001 ἀνάγκην,
3569 2934 3673 2984 καὶ

2088 3028 2166 3099 τῷ
2191 3028 2422 3097 γενναίῳ
2449 3028 2547 3097 τῆς
2581 3025 3061 3097 μεγαλοφροσύνης
3091 3026 3342 3096 ἐψηφίσω
3366 3026 3510 3077 κατὰ
3539 3040 3673 3075 σαυ-

423 3122 591 3186 luisti,
644 3133 697 3175 et
736 3130 1086 3187 temperatam
1136 3119 1334 3173 habere
1383 3119 1784 3187 cogitationem,
1821 3133 1981 3186 quam

2088 3122 2201 3184 τοῦ,
2238 3118 2333 3171 καὶ
2371 3118 2525 3187 νικᾷν
2577 3116 2815 3185 ἠξίωσας
2867 3114 3168 3186 ἡττημένος
3207 3114 3298 3167 τοῦ
3336 3114 3673 3183 πρέποντος,

420 3224 636 3263 manum
663 3217 933 3277 potentem
960 3207 1137 3277 potius
1160 3207 1386 3262 duxisti.
1423 3209 1599 3275 Quare
1621 3248 1636 3273 ,
1681 3224 1801 3276 qua:
1834 3208 1977 3261 nulla

419 3290 536 3353 erat
564 3299 879 3361 necessitas,
918 3313 1035 3351 eam
1063 3308 1256 3366 sponte
1290 3298 1383 3351 tibi
1416 3299 1787 3352 necessitatem
1815 3299 1985 3365 impo-

420 3392 596 3455 suisti,
629 3400 685 3444 et
710 3404 974 3459 generoso
999 3388 1204 3455 judicio
1228 3400 1416 3442 contra
1444 3399 1496 3442 te
1530 3389 1702 3456 ipsum
1744 3403 1983 3457 pronun-

423 3482 568 3532 tiasti
598 3498 611 3531 :
637 3482 703 3531 ab
731 3480 1011 3531 honestate
1036 3485 1085 3529 te
1115 3477 1315 3529 victum
1351 3491 1472 3530 esse
1495 3476 1797 3539 confessus,
1824 3478 1983 3545 plane

424 3569 578 3621 nobis
615 3566 862 3619 Lazicam
892 3565 1199 3630 restituisti,
1229 3576 1281 3619 et
1314 3578 1567 3634 tanquam
1588 3576 1828 3620 nostrum
1862 3581 1986 3636 pro-

425 3657 599 3725 prium
633 3655 1010 3723 patrimonium
1040 3669 1158 3709 eam
1198 3656 1417 3709 tradens
1476 3655 1592 3722 ejus
1649 3658 1986 3725 possidenda:

425 3756 742 3815 potestatem
780 3748 831 3801 in
886 3763 983 3801 nos
1016 3747 1375 3811 transtulisti;
1420 3749 1564 3817 quod
1612 3758 1665 3803 et
1713 3750 1851 3804 idem
1920 3752 1985 3805 de

2094 3212 2190 3266 καὶ
2246 3210 2433 3273 ἁπλῶς
2481 3208 2934 3278 ἁπεκατέστησας
2981 3208 3113 3277 ἡμῖν
3172 3206 3414 3277 Λαζικὴν
3476 3206 3679 3276 ὥσπερ

2089 3305 2287 3356 οἰκεῖόν
2299 3319 2348 3354 τι
2363 3300 2546 3370 κτῆμα
2566 3300 2818 3368 μεταθεὶς
2832 3300 2925 3352 καὶ
2948 3301 3044 3369 τὴν
3063 3299 3311 3366 ἐξουσίαν
3336 3297 3677 3368 μεταγαγὼν

2092 3393 2179 3459 ἐφ’
2199 3392 2363 3459 ἡμᾶς.
2403 3391 2517 3442 Οὐκ
2540 3389 2713 3451 ἄλλως
2741 3388 2797 3440 δὲ
2823 3389 2915 3441 καὶ
2950 3388 3079 3455 περὶ
3109 3388 3368 3449 Σουανίας
3416 3387 3678 3441 ἀντιδοῦ-

2088 3479 2308 3549 λοῦμεν,
2352 3478 2412 3530 τὸ
2461 3480 2658 3530 οίκεῖον
2727 3480 2933 3547 προῖκα
2993 3476 3178 3542 λαᾶεῖν
3211 3491 3226 3507 ⁶
3282 3477 3376 3528 καὶ
3424 3476 3582 3544 χάριν
3614 3474 3677 3527 δὲ

2088 3572 2445 3641 ὁμολογήσειν
2504 3570 2551 3601 ⁸³
2592 3570 2739 3639 ἡμᾶς
2795 3570 2945 3637 ὑμῖν,
2980 3567 3060 3638 τῷ
3108 3568 3181 3638 μὴ
3230 3566 3576 3635 ἐζημιῶσθαι
3609 3566 3677 3618 τὸ

2089 3665 2285 3716 οἰκεῖον
2309 3680 2322 3693 ο
2356 3663 2499 3732 ὑμᾶς
2522 3661 2578 3714 δὲ
2605 3661 2683 3731 τῷ
2705 3660 2995 3731 κρείττονι,
3022 3659 3100 3731 τῷ
3123 3659 3383 3713 δύνασθαι
3415 3658 3678 3733 τοσοῦτον

2089 3752 2229 3807 ὥστε
2261 3753 2549 3826 δωρεῖσθαι
2586 3753 2762 3806 δοκεῖν
2804 3753 2899 3805 καὶ
2926 3753 2984 3805 τὸ
3011 3753 3086 3823 μὴ
3116 3751 3379 3821 ὑμέτερον
3408 3751 3423 3781 ¹
3449 3791 3464 3805 .
3508 3768 3528 3802 ι

425 3840 623 3894 Suania
678 3839 950 3909 supplices
993 3841 1227 3910 petimus
1256 3852 1314 3894 ut
1356 3843 1523 3911 gratis
1560 3843 1702 3912 quod
1762 3845 1916 3901 nobis
1942 3847 2215 3915 pr0prium
2251 3856 2356 3913 est,
2389 3847 2771 3916 lrecipiamus,
2818 3854 2873 3900 et
2937 3855 2995 3899 ut
3038 3860 3137 3900 nos
3154 3846 3306 3899 vobis
3352 3844 3557 3912 gratias
3577 3844 3679 3895 ba-

426 3932 672 3993 beamus,
737 3933 876 3999 quod
922 3946 1008 3995 eo,
1050 3934 1190 4002 quod
1245 3943 1486 3988 nostrum
1545 3949 1646 4000 εει,
1685 3937 1905 3992 minime
1955 3952 2054 3993 nos
2114 3940 2469 3995 multaveritis
2503 3957 2518 3995 :
2553 3955 2647 3993 vos
2707 3950 2886 3993 autem
2940 3952 3149 3992 summo
3216 3936 3466 3999 Numini,
3528 3940 3678 4005 quod

428 4032 636 4075 tantum
696 4022 941 4089 potestis,
992 4031 1048 4073 ut
1101 4023 1262 4075 etiam
1309 4037 1429 4090 qum
1462 4034 1642 4078 vestra
1680 4040 1783 4079 non
1826 4037 1972 4091 sunt,
2003 4027 2145 4084 dono
2175 4032 2305 4083 dare
2337 4029 2650 4085 videamini.
2686 4047 2703 4078 ι

500 4115 611 4169 Rex
654 4128 830 4170 autent
878 4118 951 4170 ita
997 4118 1273 4185 respondit
1309 4136 1321 4171 :
1360 4136 1377 4167 ι
1416 4118 1670 4187 Equidem
1713 4123 1993 4191 sapientiae

428 4206 510 4259 vis
548 4206 591 4259 si
624 4204 905 4259 offenderit
934 4206 1170 4259 animum
1200 4207 1407 4261 ratione
1432 4208 1750 4263 deSIitutum
1778 4220 1831 4264 et
1869 4226 1989 4279 per-

428 4298 687 4351 suadendi
733 4295 987 4349 facultate
1016 4296 1290 4360 orbatum,
1329 4297 1468 4365 quod
1498 4299 1768 4352 infirmum
1797 4310 1851 4354 et
1888 4302 1988 4353 im—

432 4388 681 4444 becillum
714 4398 817 4451 est,
846 4389 1140 4458 prosternit
1160 4395 1217 4443 et
1242 4391 1495 4456 conterit,
1535 4392 1982 4459 quemadmodum

431 4481 882 4534 medicamentum
954 4478 1121 4531 ulceri
1172 4479 1474 4532 adhibitum
1535 4481 1861 4549 depascitur,
1935 4483 1986 4537 id

430 4572 570 4639 quod
607 4568 843 4623 dolorem
898 4567 1046 4632 facit,
1080 4580 1133 4621 et
1195 4570 1480 4623 sanitatem
1530 4571 1769 4627 restituit
1816 4588 1991 4643 σιεινο-

432 4662 586 4715 tanti.
619 4658 875 4725 Quamvis
911 4660 1053 4712 enim
1081 4659 1297 4713 minime
1324 4658 1466 4726 jnsta
1500 4661 1571 4715 sit
1597 4676 1680 4725 ea,
1714 4676 1833 4731 qua:
1854 4662 1995 4732 apud

435 4750 741 4821 bujusmodi
767 4750 1045 4804 hominum
1066 4764 1235 4820 genus
1275 4750 1503 4806 habetur
1521 4753 1715 4818 oratio,
1740 4754 1782 4808 si
1816 4762 1992 4808 tamen

434 4852 562 4911 apte
594 4852 648 4896 et
683 4841 947 4895 concinne
980 4843 1102 4911 quis
1125 4842 1293 4905 dicat,
1327 4844 1553 4898 dicendo
1588 4847 1808 4902 evincit.
1839 4847 1911 4901 Ea
1933 4848 1997 4901 de

433 4946 595 4987 causa
624 4931 888 5001 sapientia
914 4931 1072 5001 longe
1097 4946 1371 4986 armorum
1415 4935 1517 4986 vim
1572 4946 1814 5000 superat,
1851 4935 1993 5003 quod

438 5024 628 5079 bellica
654 5025 826 5079 virtus
855 5038 959 5076 non
994 5025 1162 5091 possit
1194 5024 1411 5093 aliquod
1460 5027 1735 5095 egregium
1788 5028 1996 5082 facinus

432 5116 616 5181 edere,
649 5114 752 5169 nisi
784 5114 1014 5182 seipsam
1065 5128 1278 5184 quoque
1326 5127 1610 5170 consumat
1638 5156 1653 5181 ,
1710 5119 1994 5187 prudentia

432 5216 613 5263 autem
651 5216 706 5262 et
740 5222 894 5262 suum
930 5206 1099 5275 ipsius
1148 5208 1455 5276 prasidium
1489 5210 1843 5264 constitutum
1891 5222 1997 5277 est,

2174 4124 2282 4179 Καὶ
2313 4127 2341 4177 ὁ
2391 4124 2640 4194 βασιλεὺς
2685 4124 2863 4189 ἔλεξεν
2890 4116 2994 4175 ὧδε
3026 4138 3041 4155 ο
3082 4140 3100 4175 t
3136 4121 3292 4176 υῦτω
3321 4122 3457 4192 δῆτα
3493 4121 3681 4192 ψυχὴν

2099 4214 2271 4283 λόγων
2303 4216 2641 4286 χηρεύουσαν
2668 4216 2760 4268 καὶ
2783 4214 2877 4267 τοῦ
2903 4214 3109 4289 πείθειν
3131 4214 3335 4285 ἔρημον
3374 4214 3607 4283 εὑροῦσα
3636 4217 3671 4281 ἡ

2095 4307 2192 4376 τῆς
2230 4307 2420 4376 σοφίας
2458 4307 2709 4376 δύναμις,
2745 4305 3145 4377 περιφρονοῦσα
3197 4306 3258 4358 τὸ
3289 4306 3511 4368 ἀσθενὲς
3542 4322 3679 4357 κατι

2092 4399 2433 4467 αγωνίξεται,
2464 4398 2651 4468 ὥσπερ
2668 4400 2954 4469 φάρμακον
2980 4400 3036 4450 ὲν
3056 4398 3204 4451 ἕλκει
3227 4398 3683 4467 προσπλαττόμεο

2091 4508 2181 4545 νον
2225 4490 2662 4561 καταὸιὸρώσκει
2700 4490 2798 4561 μὲν
2819 4491 2879 4544 τὸ
2908 4489 3117 4556 νοσοῦν,
3144 4489 3591 4558 συναναζωπυρεί
3614 4488 3681 4542 δὲ

2093 4585 2190 4654 τήν
2230 4585 2418 4653 ὑγείαν
2436 4584 2514 4654 τῷ
2557 4586 2843 4653 κάμνοντι.
2869 4584 2933 4635 Εἰ
2962 4583 3069 4654 γὰρ
3102 4584 3162 4636 τὸ
3189 4583 3393 4636 δίκαιον
3423 4584 3525 4635 οὐκ
3550 4577 3681 4635 είπὲ

2094 4691 2257 4736 τισιν,
2291 4673 2344 4726 εί
2375 4691 2448 4743 πη
2477 4674 2497 4703 ¹
2529 4673 2585 4725 δὲ
2615 4674 2676 4726 τὸ
2714 4674 2993 4743 ἁρμόδιον,
3025 4674 3175 4726 οὐδὲν
3204 4668 3365 4743 ἦττον
3405 4673 3502 4725 καὶ
3530 4672 3684 4725 οὕτω

2098 4768 2332 4835 κινήσει.
2366 4764 2670 4835 Τοιγαροῦν
2702 4767 2735 4830 ἠ
2761 4765 2920 4834 σοφία
2950 4763 3140 4817 τούτου
3174 4764 3338 4817 ἕνεκα
3362 4764 3461 4835 τῆς
3488 4764 3685 4834 ἰσχύος

2099 4856 2207 4909 τῶν
2241 4857 2420 4910 ὃπλων
2449 4859 2670 4927 κρατεῖ,
2702 4858 2784 4911 ὅτι
2835 4857 3072 4927 πολέμου
3126 4856 3225 4925 μὲν
3285 4856 3518 4926 δύναμις
3572 4857 3685 4927 οὐχ

2092 4948 2178 5000 οἶα
2198 4964 2256 5000 τε
2284 4948 2492 5015 πέφυκε
2519 4948 2613 5001 τοῦ
2642 4949 2915 5018 πρακτέου
2939 4947 3191 5017 γενέσθαι
3216 4948 3259 5013 ⁸,
3277 4948 3327 4999 εἰ
3353 4949 3428 5016 μή
3462 4964 3549 4999 πω
3577 4949 3689 5001 καὶ

2094 5036 2295 5108 ἑαυτὴν
2325 5040 2461 5109 αὐτη
2485 5038 2506 5069 ⁵
2544 5038 2920 5110 διαχρήσεται,
2954 5040 3016 5092 τὸ
3051 5040 3108 5092 δὲ
3138 5040 3240 5108 τῆς
3277 5038 3471 5108 σοφίας
3526 5038 3686 5091 ἀσώ-

2099 5143 2263 5196 ματον
2319 5128 2410 5180 καὶ
2465 5129 2724 5199 φρούριον
2772 5131 3110 5199 καθέστηκεν
3149 5131 3346 5201 ἑαυτῆς
3375 5147 3388 5162 ο
3416 5132 3554 5200 πρός
3604 5146 3685 5199 γε

2097 5216 2189 5268 καὶ
2218 5220 2447 5288 φρουρεῖ
2485 5218 2576 5272 τὸν
2621 5220 2956 5291 κεκτημένον
3009 5222 3203 5291 αὑτήν.
3258 5219 3539 5275 Ἐντεῦθεν
3574 5220 3686 5277 οὖν

1694 5348 1925 5405 νΛῐιιτΕ
1969 5352 2375 5409 LECTIONES.

504 5463 669 5539 “ﬁt”
722 5463 888 5539 πόρον
914 5464 1004 5539 ατ,
1031 5463 1091 5539 τέ)
1139 5465 1371 5539 εὕπορον
1396 5464 1455 5520 Β.
1535 5468 1580 5499 "
1609 5485 1719 5539 μηχ

1724 5470 2050 5543 αἱίηῖαμένῳ
2079 5470 2143 5543 ξι·
2178 5488 2309 5543 ηις-ο
2379 5490 2671 5543 μηχανησα

2722 5471 2855 5547 ένων
2881 5478 3025 5547 vulg.
3101 5478 3148 5510 ”
3180 5479 3311 5531 ῖοιεν
3340 5475 3431 5539 N.,
3466 5478 3687 5531 εἴποιεν

507 5492 545 5495 --
579 5492 669 5515 νιν
722 5492 888 5530 νιιυρυν
917 5492 1004 5526 ιι..
1031 5492 1091 5545 1.0
1139 5492 1455 5551 eunoyuv'u.
1536 5492 1579 5499 "
1609 5492 2050 5541 μηχανησαμενῳ
2081 5492 2143 5524 η.
2178 5492 2309 5543 ηις..
2379 5492 2471 5543 tu"
2496 5492 2671 5542 ανησα
2722 5492 2855 5527 ενων
2881 5492 3025 5547 ιἰιιε.
3102 5492 3148 5510 ’⁸
3181 5492 3311 5531 ῐοιεν
3340 5492 3431 5539 Νη
3466 5492 3682 5531 ειποιεν

437 5530 715 5621 ξξ.,ξδοιεν
748 5535 899 5621 vulg;
944 5535 992 5567 “
1016 5552 1179 5621 κυρος
1206 5538 1300 5621 ᾖ,
1322 5553 1510 5621 κυριος
1545 5539 1695 5621 vulg.
1748 5539 1792 5571 "
1826 5539 2105 5621 βασιλέας]
2130 5544 2408 5621 irrepoan
2435 5492 2637 5621 “lmg.
2673 5492 2951 5612 ἕασιλείας
2984 5547 3072 5604 ed.
3100 5548 3221 5603 Par.
3263 5548 3310 5580 ⁹⁶
3342 5547 3457 5619 καὶ]
3485 5549 3682 5616 τηνΝ.

513 5600 635 5671 οῦτε
692 5619 791 5671 pro
844 5600 987 5658 οὕτω
1021 5600 1168 5671 conj.

438 5622 478 5631 ν·
513 5622 635 5653 ουτε
692 5622 791 5671 pro
844 5622 987 5658 ουτω
1021 5622 1121 5659 con
1153 5643 1168 5659 .
1214 5622 1275 5659 LV.
1365 5622 1409 5639 "
1434 5622 1620 5677 οιοιτοι

435 5666 526 5736 N.,
564 5669 787 5741 ὓστερον
821 5674 965 5746 vulg.
1039 5676 1060 5707 ¹
1085 5622 1233 5747 εθπη]
1252 5678 1393 5731 εἴποι
1416 5678 1627 5749 conj.N.

1364 5604 1409 5639 η
1434 5606 1620 5682 oram]
1642 5604 1743 5682 ὂὺκ
1776 5604 1901 5663 add.
1936 5610 2056 5682 Val.
2096 5604 2264 5682 ’Ὗδὲ
2288 5604 2647 5682 ὁμολογήσεῖν
2673 5604 2785 5678 Ἠ.,
2835 5634 2894 5668 σε
2925 5604 3078 5682 δμολ.
3112 5620 3257 5682 vulg.

1706 5635 1743 5710 ἐι
1776 5635 1901 5663 auu.
1948 5635 2056 5664 nu.
2132 5635 2174 5644 τ’
2208 5635 2264 5664 οε
2288 5635 2647 5682 ομΟΛογησειν
2690 5635 2785 5678 IL,
2835 5635 2894 5668 σε
2925 5635 3078 5687 ομοΛ.
3112 5635 3237 5690 \‘lllg

1746 5679 2124 5748 περιγενέσθαι
2160 5681 2229 5735 Ν.
2302 5686 2323 5715 ⁵
2352 5685 2491 5748 αὑτὴ
2528 5683 2616 5748 Ν.,
2649 5686 2784 5748 αὐτῇ
2814 5687 2955 5748 vulg.

3355 5622 3368 5649 ¹
3406 5620 3683 5689 ὑμέτερον

2302 5686 2323 5715 ⁵
2352 5685 2491 5751 αὑτὴ
2528 5683 2616 5749 Ν.,
2649 5686 2784 5755 αὐτῇ
2814 5687 2955 5758 vulg.
