4006 6214
316 310 420 374 873

1087 310 1186 369 DE
1222 310 1790 371 LEGATIONIBUS
1829 309 2320 374 ROMANORUM
2371 316 2468 374 AD
2503 315 2812 376 GENTES.

3451 308 3560 372 8H
3609 319 3624 327 ‘

311 419 427 471 οὐδέ
476 416 641 479 αὐτός
699 432 758 468 σε
801 418 821 448 ⁸
854 455 870 482 ,
901 409 948 469 ῶ
994 415 1280 486 Ῥωμαίων
1327 418 1658 489 πρεσϐευτὰ,
1703 419 1878 488 ὥσπερ

1995 430 2050 473 et
2083 436 2204 475 eum
2236 424 2328 491 qui
2381 425 2550 492 ipsam
2594 426 2850 494 possidet,
2905 423 3116 479 salvum
3144 434 3198 479 et
3231 425 3556 479 incolumem

311 510 457 572 εἰκὸς
486 512 544 561 ἐν
578 508 816 580 τοσαύτῃ
856 508 1147 580 φιλοσοφίᾳ
1163 508 1542 580 τεθραμμένον
1575 511 1596 541 θ
1685 514 1888 580 περιεῖ-

305 620 394 672 ναι
427 603 448 634 ⁷
470 604 585 665 τοῖς
615 601 824 672 ῥήμασι
849 601 1214 672 κμεμάθηκας,
1248 601 1555 672 μεμφθείην
1581 603 1719 671 πρός
1744 619 1886 664 τινος

307 669 483 762 ἔγωγε
523 693 596 763 μὴ
616 669 832 746 *πείθειν
857 669 1085 763 μαθώνλ
1119 669 1258 762 πλὴν
1285 669 1360 756 ὧς
1393 694 1458 747 ἂν
1487 669 1661 747 οῗόστε
1684 688 1748 758 ὧ,
1781 694 1885 747 κᾶν

309 786 357 837 εἰ
398 784 474 856 μὴ
496 788 609 848 τοῖς
637 785 660 816 ⁸
707 785 914 855 ῥήμασι
959 784 1264 855 τηλαυγῶς,
1302 785 1431 839 ἀλλ’
1474 786 1624 855 ὅμως
1659 784 1738 854 τῷ
1771 785 1887 855 βου-

306 877 523 946 λομένῳ
537 880 639 946 τῆς
662 870 1004 946 γνώμηςὼς
1037 875 1264 941 ἔνεστιν,
1293 877 1349 928 ἐν
1380 875 1596 945 φανερῷ
1627 877 1886 946 προθείην

307 971 368 1022 τὸ
395 969 604 1022 δίκαιον
635 986 650 1000 ·
683 969 923 1038 δοίημεν,
975 969 1050 1032 ὡς
1089 969 1512 1037 ἐδικαιολογήσω
1546 969 1672 1038 περὶ
1716 967 1884 1020 Σουα-

306 1056 451 1122 νίας,
486 1059 584 1127 τὴν
612 1057 870 1126 ἀλήθειαν
919 1057 1094 1120 οὕτως
1121 1057 1285 1128 ἔχειν.
1344 1057 1586 1128 Λαζικὴν
1620 1057 1718 1128 μὲν
1751 1059 1886 1127 ἐχει-

310 1150 596 1219 ρωσάμην,
667 1151 922 1212 Σουάνοις
979 1150 1035 1202 δὲ
1090 1151 1210 1203 οὐδέ
1267 1151 1696 1221 προσέϐαλον,ἢ
1750 1151 1886 1223 μόνῃ

305 1241 442 1310 ἀκοῇ
470 1241 546 1309 τῷ
572 1243 662 1294 τὸν
680 1245 1009 1312 Μερμερόην
1033 1244 1164 1312 ἡμῖν
1189 1247 1454 1313 σημῆναι,
1495 1244 1569 1307 ὡς
1610 1245 1709 1296 οὐκ
1740 1245 1885 1297 ἐστιν

307 1330 582 1400 ἀξιόλογος
613 1333 733 1385 οὖδέ
767 1336 873 1403 μὴν
907 1334 1286 1404 περιμάχητος
1315 1338 1348 1405 ἡ
1377 1334 1550 1406 χώρα,
1579 1336 1700 1388 οὐδέ
1742 1337 1885 1404 {51m-

305 1419 462 1490 λικῆς
491 1421 653 1492 ἔργον
682 1425 1062 1494 ἐκστρατείας,
1087 1425 1215 1479 ἀλλ’
1237 1425 1295 1478 ἓν
1321 1426 1556 1496 ὑπάρχει
1584 1429 1690 1479 τῶν
1714 1426 1884 1480 ἐθνῶν

301 1511 415 1567 τῶν
444 1516 571 1582 περὶ
600 1515 690 1566 τὸν
717 1515 1032 1580 Καύκασον,
1063 1517 1158 1569 καὶ
1187 1519 1262 1580 ὡς
1309 1517 1492 1587 ἔχουσι
1542 1517 1879 1587 βασιλίσκον,

304 1607 403 1661 καὶ
447 1607 522 1668 ὡς
549 1611 576 1660 6
606 1607 784 1677 χῶρός
805 1611 919 1662 ἐστι
947 1611 1172 1664 Σκυθῶν
1202 1611 1457 1682 πάροδος.
1485 1611 1723 1666 Ἀπεὸίω
1745 1614 1824 1666 Ma
1837 1630 1884 1682 ρ-

310 1701 534 1770 μερόης,
565 1698 685 1754 εἶτα
718 1701 746 1752 6
772 1701 1098 1773 Ναχόεργαν
1127 1703 1148 1732 ⁹
1198 1703 1404 1774 ὑπῆλθε
1451 1706 1516 1774 τῇ
1550 1705 1881 1777 στρατηγίᾳ.

306 1790 553 1861 Γέγραφε
595 1793 777 1846 τοίνυν
825 1795 959 1863 ἡμῖν
1016 1796 1108 1848 καὶ
1134 1795 1297 1860 αὐτὸς
1350 1796 1450 1849 οὐκ
1511 1796 1686 1860 ἄλλως
1756 1790 1914 1866 περὶ²

302 1882 506 1946 αὐτῶν,
544 1884 626 1936 ὅτι
675 1885 770 1938 τοῦ
819 1886 1118 1940 Καυκάσου
1159 1887 1258 1950 τὰς
1291 1888 1600 1958 ἀκρωρείας
1649 1887 1880 1953 οἰκοῦσι,

299 1972 399 2025 καὶ
453 1973 536 2027 ὅτι
575 1974 618 2004 ¹⁰
673 1975 812 2045 δῆτα
862 1975 1079 2040 κλῶπές
1115 1995 1175 2030 τε
1206 1980 1302 2031 καὶ
1351 1979 1740 2049 λαφυραγωγο¹ι
1787 1982 1882 2033 καὶ

301 2064 557 2133 χαλεπῶν
577 2066 619 2097 ¹¹
642 2067 822 2137 ἔργων
847 2069 942 2122 καὶ
959 2071 1190 2124 ἀνοσίων
1209 2071 1610 2142 καθεστήκασιν
1629 2073 1878 2143 ἐργάται.

317 2152 662 2226 Ἦσουλόμην
687 2153 779 2210 οὖν
809 2159 950 2212 κατὰ
987 2161 1136 2228 σφῶν
1171 2162 1361 2215 ἐλάσαι
1399 2164 1706 2232 στρατείαν,
1747 2166 1792 2216 οἱ
1823 2165 1880 2217 δέ

305 2245 827 2318 κατορρωδήσαντες
885 2251 1008 2304 ἀντὶ
1056 2252 1304 2308 Σουάνων
1355 2254 1604 2321 ἐγένοντο
1649 2253 1877 2324 Πέρσαι.

316 2335 408 2399 Ὠς
439 2334 755 2409 εἶναιδῆλον
780 2341 1032 2397 ἐντεῦθεν
1061 2346 1286 2414 ἀνήκειν
1312 2362 1403 2415 μοι
1422 2347 1521 2416 τὴν
1547 2345 1752 2416 χώραν,
1786 2346 1880 2399 καὶ

303 2425 452 2495 ἔχειν
482 2427 583 2482 οὐκ
615 2430 908 2501 ἀρνοῦμαι.
937 2435 1048 2487 Καὶ
1084 2435 1263 2488 τοίνυν
1293 2435 1542 2502 δηλοῦσιν
1578 2436 1880 2489 ὑπακοῦον-

299 2535 396 2583 τες
425 2521 557 2591 ἡμῖν
587 2523 968 2593 ἀσμενέστατα
994 2527 1072 2596 τῷ
1103 2529 1194 2580 καὶ
1221 2532 1333 2590 τοῖς
1370 2528 1576 2591 δούλοις
1615 2524 1900 2599 ἄρχεσθαι

303 2611 416 2672 τοῖς
441 2611 620 2680 ἡμῶν.
649 2612 870 2683 ’Δμέλει
907 2615 1002 2670 καὶ
1039 2616 1132 2670 τοῦ
1163 2617 1262 2688 Ζὶχ
1295 2620 1350 2672 ἐν
1383 2619 1674 2689 γράμμασι
1709 2619 1880 2690 δηλώ-

305 2717 523 2765 σαντος,
561 2703 636 2766 ὡς
691 2705 954 2774 Ῥωμαῖοι
993 2707 1252 2762 Σουανίαν
1307 2708 1624 2779 ἐπιζητοῦσι
1669 2711 1876 2777 λαϐεῖν,

299 2793 557 2848 τοσοῦτον
582 2796 865 2868 πόρρωθεν
887 2797 1088 2870 ’ᾠήθην
1118 2801 1260 2869 ὑμᾶς
1283 2799 1374 2852 τοῦ
1408 2800 1620 2854 δικαίου
1682 2803 1875 2871 φῆσαι,

297 2883 534 2937 καθόσον
585 2886 645 2937 οὔ
702 2885 932 2957 πλησίον
989 2889 1255 2959 ἐγενόμην
1309 2889 1403 2943 τοῦ
1455 2889 1736 2943 πείθεσθαι
1800 2891 1877 2960 τῷ

299 2974 597 3044 παραλόγῳ
619 2975 715 3045 τῆς
737 2977 925 3047 ἀκοῆς.
951 2980 1096 3049 Πλὴν
1120 2981 1496 3052 ἡττηθήσομαι
1516 2982 1609 3035 τοῦ
1626 2980 1874 3048 δυνατοῦ,

1989 521 2172 566 servat
2199 522 2252 568 et
2276 523 2516 582 praestat.
2555 516 2914 581 Quamobrem
2949 516 3118 570 nolim
3162 516 3262 570 hoc
3309 517 3437 570 mihi
3474 519 3558 571 vi-

1992 604 2200 672 tuperio
2223 605 2362 670 dari,
2393 621 2425 658 o
2453 606 2817 661 Romanorum
2855 606 3049 676 legate,
3075 607 3119 660 si
3154 622 3275 674 ego,
3300 608 3389 675 qui
3412 621 3442 661 a
3464 625 3556 662 ne-

1990 695 2134 748 mine
2150 696 2334 762 didici,
2365 697 2459 751 tibi
2498 712 2602 751 non
2631 700 3010 766 persuadeam,
3041 699 3130 767 qui
3173 698 3559 766 philosophicis

1989 786 2288 856 disciplinis
2341 791 2476 844 adeo
2523 790 2815 844 innutritus
2861 799 2917 844 et
2966 791 3203 844 imbutus
3261 791 3447 857 fueris,
3503 801 3560 845 ut

1989 876 2237 930 oratione
2261 879 2597 946 superiorem
2627 893 2747 934 esse
2765 879 3024 933 didiceris
3056 897 3070 934 :
3105 890 3278 934 tamen
3299 891 3558 950 quantum

1989 967 2041 1018 in
2079 981 2164 1018 nte
2203 966 2328 1030 erit,
2360 966 2460 1019 etsi
2509 982 2612 1020 non
2659 968 2932 1022 luculento
2965 967 3248 1023 verborum
3303 971 3560 1033 artiﬁcio,

1987 1070 2050 1109 ex
2085 1056 2248 1108 animi
2287 1057 2391 1110 mei
2434 1059 2700 1112 sententia
2735 1059 2875 1128 quod
2916 1060 3117 1128 justum
3167 1071 3253 1115 est
3289 1077 3557 1130 promam.

1990 1149 2210 1211 Demus,
2247 1150 2312 1202 de
2359 1148 2558 1204 Suania
2607 1161 2657 1205 te
2691 1167 2814 1204 vera
2863 1152 3093 1215 dixisse,
3138 1163 3193 1208 et
3214 1155 3286 1208 ita
3342 1171 3402 1210 se
3445 1172 3558 1228 rem

1989 1243 2188 1295 habere
2220 1260 2234 1295 :
2271 1254 2324 1296 at
2352 1241 2601 1296 Lazicam
2629 1243 2769 1296 bello
2797 1244 3016 1310 subegi;
3046 1243 3254 1300 Suanos
3283 1263 3557 1316 nunquam

1987 1331 2131 1386 bello
2161 1334 2385 1402 appetii.
2421 1333 2547 1388 Solo
2585 1334 2770 1388 auditu
2810 1349 2838 1386 a
2881 1333 3179 1389 Mermeroe
3221 1339 3428 1406 accepi,
3468 1339 3558 1406 qui

1989 1425 2335 1492 signiﬁcavit,
2363 1426 2635 1494 regionem
2667 1440 2768 1479 non
2802 1439 2920 1480 esse
2951 1425 3165 1492 dignam
3194 1436 3379 1479 nostra
3405 1441 3560 1492 cura,

1989 1529 2162 1583 neque
2211 1529 2309 1584 pro
2353 1528 2462 1584 qua
2523 1524 2873 1578 certaremus,
2911 1528 3084 1582 neque
3137 1529 3316 1584 regem
3372 1515 3563 1568 decere

1989 1607 2113 1660 huic
2156 1615 2315 1660 terrae
2358 1605 2556 1661 bellum
2598 1603 2823 1664 inferre.
2877 1603 3033 1675 145
3065 1603 3236 1659 Sitam
3265 1620 3386 1661 esse
3421 1605 3564 1661 inter

1989 1710 2080 1752 eas
2111 1711 2319 1768 gentes,
2355 1714 2478 1768 quae
2510 1699 2654 1754 circa
2693 1699 2991 1753 Caucasum
3027 1699 3302 1764 habitant,
3359 1701 3561 1756 habere

1987 1792 2252 1857 regulum,
2308 1801 2364 1846 et
2419 1805 2542 1846 esse
2601 1792 2886 1846 transitum
2923 1790 3272 1860 Scytharum.
3319 1792 3561 1848 Decessit

1986 1881 2351 1946 Mermeroes,
2413 1883 2936 1937 administrationem
2990 1884 3264 1939 exercitus
3323 1869 3562 1955 suscepit

1985 1972 2358 2044 Nachoergan.
2423 1974 2655 2043 Scripsit
2723 1974 2810 2028 ille
2861 1973 3018 2029 nobis
3074 1977 3262 2031 eadem
3295 1995 3308 2031 :
3347 1976 3560 2033 Suanos

1979 2063 2106 2133 juga
2166 2066 2393 2120 Caucasi
2433 2066 2678 2121 habitare
2706 2105 2721 2130 ,
2779 2082 2902 2121 esse
2955 2066 3210 2133 latrones,
3253 2071 3556 2137 praedarum

1984 2153 2268 2212 abactOres
2305 2167 2358 2211 et
2383 2171 2838 2227 quorumeunque
2868 2159 3114 2228 gravium
3151 2169 3203 2212 et
3241 2160 3556 2215 immanium

1984 2247 2245 2301 scelerum
2306 2257 2629 2318 patratores.
2677 2249 3067 2304 Coustituimus
3116 2252 3375 2306 adversus
3439 2253 3558 2306 illos

1981 2338 2278 2392 exercitum
2302 2339 2538 2405 mittere,
2556 2338 2649 2393 sed
2677 2339 2856 2393 subito
2874 2349 3016 2393 metu
3035 2341 3300 2408 compulsi
3324 2356 3388 2395 ex
3416 2339 3558 2394 Sua-

1983 2429 2268 2483 nis-Perste
2307 2429 2428 2484 facti
2467 2440 2592 2484 sunt
2624 2449 2637 2483 ε
2668 2432 2807 2484 unde
2846 2431 2979 2485 satis
3002 2443 3246 2500 apertum
3284 2443 3386 2498 est,
3415 2435 3557 2486 hanc

1983 2519 2252 2586 regionem
2288 2519 2339 2571 in
2372 2530 2556 2574 nostra
2589 2529 2856 2587 potestate
2877 2535 3017 2585 esse,
3047 2532 3100 2575 et
3121 2536 3239 2574 eam
3263 2538 3346 2578 nte
3371 2533 3557 2576 tenere

1981 2612 2203 2665 minime
2229 2611 2457 2666 inlicior.
2477 2611 2587 2667 Nec
2599 2613 2888 2667 obscurum
2907 2625 3010 2680 est,
3043 2614 3161 2668 illos
3179 2614 3333 2668 nobis
3353 2614 3554 2668 lubenti

1981 2703 2162 2756 animo
2192 2715 2399 2771 parere,
2432 2714 2485 2756 et
2513 2717 2542 2756 a
2561 2704 2761 2758 nostris
2793 2704 2968 2758 servis
2998 2705 3130 2774 regi.
3153 2703 3436 2759 Postremo
3467 2705 3556 2758 Zi-

1979 2797 2112 2850 chus
2133 2811 2230 2850 nos
2247 2811 2342 2865 per
2359 2795 2568 2851 litteras
2586 2797 2844 2851 certiores
2858 2796 3003 2862 fecit,
3025 2797 3297 2852 Romanos
3315 2807 3558 2866 repetere

1982 2889 2262 2953 Suaniam,
2290 2890 2345 2942 in
2373 2903 2480 2956 quo
2506 2897 2612 2942 tam
2646 2889 2804 2956 longe
2835 2905 2931 2944 vos
2959 2889 3026 2942 ab
3045 2904 3128 2955 eo,
3162 2889 3301 2958 quod
3343 2889 3548 2956 justum

1979 2990 2114 3043 erat,
2145 2979 2426 3034 discedere
2450 2980 2776 3044 existimavi,
2807 2989 3066 3048 quantum
3099 2980 3244 3034 abfui
3269 2995 3298 3033 a
3335 2981 3436 3033 [ide
3463 2982 3559 3033 att-

297 3064 532 3118 καθόσον
561 3068 800 3138 οίηθείην
848 3071 891 3100 ¹²
925 3071 1294 3141 περιέσεσθαι,
1357 3072 1431 3142 μὴ
1477 3074 1598 3143 οὐχὶ
1628 3072 1801 3127 ταύτὰ
1830 3073 1872 3104 ⁸³

1983 3071 2211 3125 hibenda
2248 3069 2350 3132 his,
2384 3085 2504 3138 quae
2562 3071 2628 3124 ad
2661 3085 2770 3124 «me
2798 3082 2986 3124 contra
3036 3073 3298 3125 rationem
3350 3071 3558 3125 defere-

299 3160 520 3226 φρονετν
547 3158 626 3229 τῷ
657 3159 757 3212 καθ
776 3161 790 3181 ’
816 3161 961 3232 ὑμᾶς
999 3163 1262 3232 βασιλεῖ.»

1992 3165 2211 3217 hautur.
2271 3159 2374 3214 Sed
2405 3162 2613 3224 cedam,
2656 3170 2917 3229 quantum
2968 3161 3082 3216 ﬁeri
3129 3171 3324 3231 potest,
3373 3177 3556 3216 rerum

299 3251 641 3321 necessitati,
687 3267 991 3322 quanquam
1041 3270 1123 3309 me
1172 3251 1438 3309 victurum
1468 3270 1588 3311 esse
1611 3272 1950 3327 speraveram
1977 3254 2264 3324 quominus
2293 3269 2321 3304 ιι
2354 3267 2479 3320 rege
2507 3259 2686 3305 vestro
2715 3251 3052 3308 dissentiam.
3094 3269 3112 3302 ι

370 3341 589 3407 Ταύτας
636 3344 905 3414 δήπουθεν
955 3345 1126 3410 αὐτὰς
1174 3347 1458 3418 ἀπεκύησε
1511 3349 1590 3420 τῷ
1647 3350 1723 3419 νῷ
1775 3352 1876 3413 τὰς

299 3433 512 3495 ἑννοίας
551 3435 580 3487 6
607 3437 831 3506 Περσῶν
862 3436 1136 3506 βασιλεὺς,
1205 3440 1298 3491 καὶ⁵
1328 3439 1386 3492 ἐν
1411 3439 1620 3505 τούτοις
1665 3444 1690 3494 6
1720 3441 1876 3508 λόγος

299 3523 574 3576 ἐπέπαυτο
592 3526 725 3595 πρὸς
749 3524 921 3595 βραχῦ
948 3528 1078 3598 περὶ
1095 3529 1358 3592 Σουανίας
1382 3528 1673 3600 αὑτῷ.Καὶ
1698 3527 1872 3596 αὖθις,

300 3613 493 3685 ῶσπερ
515 3618 570 3667 ἐν
605 3617 969 3689 μεταξυλογίᾳ
993 3621 1121 3686 τινὶ,
1153 3621 1281 3690 περὶ
1318 3622 1566 3693 Ἀμθρου
1591 3624 1682 3676 τοῦ
1719 3623 1877 3676 Ἀλα-

303 3704 604 3776 μουνδάρου
661 3706 757 3762 τοῦ
802 3709 1123 3778 Σαρακηνοῦ
1178 3711 1524 3784 διελεγέσθην
1563 3714 1748 3784 ἄμφω,
1780 3713 1873 3766 τοῦ

301 3795 568 3863 βασιλέως
601 3797 742 3852 οὕτω
773 3818 776 3820 '
802 3817 919 3864 πως
976 3802 1284 3872 ἀρξαμένου
1329 3844 1342 3858 .
1389 3824 1407 3856 ι
1479 3808 1507 3857 6
1546 3800 1683 3858 καθ’*
1728 3809 1876 3875 ἡμᾶς

301 3889 366 3938 Ἀ
377 3888 544 3956 μῦρος
564 3891 594 3942 6
609 3890 923 3962 Σαρακηνὺς
937 3893 1034 3962 οὐχ
1053 3892 1251 3963 ἥκιστα
1266 3895 1636 3965 ἐπιμέμφεται
1653 3897 1732 3966 τῷ
1753 3897 1872 3965 Ζὶχ,

298 3978 393 4030 καὶ
423 3980 697 4052 καταϐοὴν
732 3982 776 4012 ⁸⁵
833 3985 1126 4056 πεποίηται
1177 3987 1401 4056 τάνδρὸς
1433 3988 1531 4041 οὐκ
1561 3987 1872 4058 ἐλαχίστην,

297 4069 396 4120 ἅτε
424 4071 580 4124 οὐδέν
610 4089 666 4125 τι
687 4073 980 4144 ὀνήσαντός
1009 4093 1072 4144 γε
1100 4077 1284 4142 αὐτὸν,
1311 4079 1474 4148 ἡνίκα
1507 4079 1874 4150 ἐσπενδόμεθα

299 4159 374 4222 ὡς
421 4161 586 4229 ὑμᾶς.
625 4181 644 4215 ι
672 4166 784 4218 Καὶ
813 4168 841 4218 6
871 4167 1100 4237 Πέτρος,
1135 4187 1154 4220 ι
1198 4169 1286 4222 Ἐν
1319 4169 1493 4222 οὐδενὶ
1541 4171 1714 4241 χρόνῳ
1758 4171 1873 4225 πώ-

297 4269 454 4318 ποτε,
511 4255 639 4324 ἔφη,
693 4260 856 4328 ῥητόν
912 4277 964 4311 τι
1007 4261 1232 4331 χρυσίον
1275 4262 1599 4330 ἐκομίσαντο
1636 4266 1699 4316 ἐκ
1737 4265 1872 4316 Ῥω-

301 4344 480 4412 μαίων
514 4347 562 4398 οί
591 4347 693 4400 καθ
713 4348 726 4367 ’
757 4350 901 4417 ὑμᾶς
927 4350 970 4380 ¹⁸
1005 4351 1335 4420 Σαρακηνοὶ,
1369 4352 1491 4404 οῦτε
1522 4355 1626 4424 μὴν
1658 4354 1873 4425 ἀνάγκῃ

294 4436 423 4504 τινὶ,
459 4435 581 4490 οὔτε
614 4438 736 4492 καθ’
765 4441 1058 4509 ὁμολογίαν
1086 4442 1210 4495 τινά
1245 4459 1260 4475 ο
1302 4443 1440 4497 ἀλλὰ
1466 4444 1600 4514 δῆτα
1630 4449 1657 4499 ὀ
1690 4447 1871 4518 πατὴρ

298 4525 550 4595 Ἀμόρου
593 4528 1023 4602 Ἀλαμούνδαρος
1062 4532 1274 4586 ἔστελλε
1299 4534 1448 4604 δῶρα
1475 4534 1550 4604 τῷ
1587 4535 1872 4608 Ῥωμαίων

2051 3344 2162 3398 Has
2213 3344 2384 3414 igitur,
2423 3342 2780 3412 cogitationes
2825 3359 2855 3398 e
2903 3353 3084 3397 mente
3113 3359 3208 3398 sua
3241 3345 3426 3398 eﬁ’udit
3462 3363 3556 3401 rex

1980 3435 2272 3491 Persarum
2322 3447 2336 3487 :
2391 3443 2446 3486 et
2476 3443 2590 3485 tttm
2637 3434 2852 3501 paulum
2895 3433 3100 3501 quievit
3137 3436 3460 3503 «iisetiptatio
3492 3443 3558 3491 de

1979 3526 2209 3580 Suaniu.
2241 3524 2360 3578 Mox
2384 3531 2586 3586 autem,
2625 3524 2784 3576 veluti
2814 3524 2990 3578 medio
3023 3525 3256 3592 quodam
3287 3527 3558 3597 colloquio

1980 3635 2164 3672 rursus
2215 3619 2280 3671 de
2328 3617 2532 3671 Amhro
2580 3617 2854 3671 Saraceno
2904 3618 3043 3672 inter
3074 3632 3169 3672 eos
3215 3631 3438 3674 exortus
3477 3634 3559 3675 est

1977 3725 2175 3764 sermo.
2207 3708 2318 3762 liex
2346 3709 2424 3762 sic
2447 3709 2646 3777 incepit
2680 3727 2694 3761 :
2723 3725 2742 3758 ‹
2764 3707 2864 3772 Qui
2894 3708 3030 3776 apud
3055 3723 3149 3762 nos
3175 3719 3258 3762 est
3296 3711 3555 3773 Ambros,

1978 3798 2328 3852 Alamundari
2377 3797 2544 3862 illius,
2599 3797 2930 3861 Saracenus,
2990 3813 3096 3851 non
3139 3814 3330 3867 parum
3389 3802 3557 3854 Zicho

1979 3898 2286 3952 succenset,
2324 3902 2497 3956 neque
2529 3901 2750 3954 parvam
2782 3886 3057 3953 querelam
3088 3891 3154 3940 de
3185 3902 3250 3940 eo
3295 3888 3553 3954 instituit,

1976 3985 2118 4054 quod
2165 3984 2310 4038 illius
2356 3981 2658 4036 rationibus
2705 3979 3030 4042 consulere,
3092 3995 3214 4034 cunt
3269 3981 3407 4034 inter
3456 3999 3555 4035 nos
3617 4040 3619 4042 η

1977 4091 2162 4146 pacem
2198 4074 2343 4138 fecit,
2377 4071 2750 4141 praetermisit.
2792 4089 2810 4122 ι
2848 4070 2914 4123 Et
2943 4068 3161 4135 Petrus,
3201 4087 3221 4122 ι
3260 4070 3418 4127 Nullo
3449 4088 3552 4126 un-

1976 4182 2138 4235 quam
2195 4177 2456 4233 tempore,
2508 4163 2704 4232 inquit,
2765 4160 3044 4227 Saracrni,
3107 4162 3199 4231 qui
3256 4164 3396 4233 apud
3457 4179 3553 4219 vos

1976 4268 2124 4318 sunt,
2157 4266 2358 4310 certant
2387 4254 2503 4308 auri
2538 4270 2804 4309 summam
2832 4270 2860 4308 a
2896 4253 3152 4308 Romanis
3180 4254 3546 4310 abstulerunt.

1976 4347 2089 4402 Nec
2132 4348 2274 4404 enim
2318 4347 2370 4401 id
2407 4357 2711 4402 nostrarum
2747 4361 2925 4400 rerum
2974 4348 3270 4402 necessitas
3315 4362 3548 4416 unquam

1976 4442 2285 4512 postularit,
2319 4455 2495 4510 neque
2532 4439 2689 4494 nobis
2737 4454 2858 4492 cum
2902 4438 2986 4492 his
3020 4439 3316 4508 quidquam
3347 4455 3546 4495 convc-

1977 4543 2150 4589 ncrat.
2191 4532 2295 4588 Sed
2332 4541 2484 4602 pater
2516 4531 2724 4594 Ambri,
2761 4529 3189 4595 Alamundarus,
3231 4532 3546 4587 misit‘dona

291 4617 678 4688 αὐτοκράτορι,
735 4621 832 4674 καὶ
884 4621 912 4674 ὅ
952 4639 1014 4690 γε
1056 4622 1345 4693 δεχόμενος
1394 4626 1757 4696 ἀντεδωρεῖτό
1797 4645 1862 4696 γε

1983 4626 2039 4678 ad
2072 4623 2434 4679 Romanorum
2467 4624 2884 4691 imperatorem:
2909 4621 2956 4676 is
2987 4637 3111 4677 cum
3142 4635 3204 4676 ea
3225 4623 3545 4694 accepisset,

290 4707 478 4762 αὐτόν.
511 4708 688 4778 Ὅπερ
705 4711 789 4778 ἐφ’
825 4712 1040 4783 ἑκάστῳ
1058 4715 1290 4784 ἐνιαυτῷ
1311 4716 1372 4768 τὸ
1399 4717 1601 4769 τοιόνδε
1622 4718 1869 4786 ἐγίγνετο

289 4797 566 4866 οὐδαμῶς,
598 4800 712 4852 ἀλλ’
755 4801 900 4856 ἔστιν
949 4806 1038 4858 ὅτε
1091 4806 1183 4858 καὶ
1235 4807 1394 4858 πέντε
1454 4808 1868 4877 παρῳχημένων

289 4887 452 4941 ἐτῶν.
485 4889 653 4944 Τοῦτο
693 4893 826 4960 γοῦν
865 4893 1098 4966 διεσώθη
1128 4913 1188 4947 τε
1221 4896 1316 4948 καὶ
1354 4896 1678 4968 διεᾳυλάχθη
1711 4898 1870 4950 ’Δλα-

289 4978 578 5048 μουνόάρῳ
627 4997 684 5032 τε
718 4983 810 5034 καὶ
860 4983 990 5051 ἡμῖν
1050 4983 1142 5035 ἐπὶ
1168 4985 1356 5054 χρόνον
1411 4986 1611 5054 ἥκιστα
1664 4986 1863 5054 ὀλίγον.

297 5067 685 5153 Ἐξεπίσταται
707 5072 762 5125 δέ
790 5073 849 5124 τὸ
870 5077 1136 5144 κρεῖττον,
1159 5075 1242 5128 ὃτι
1270 5076 1388 5146 οὐχὶ
1416 5078 1549 5145 δῆτα
1580 5077 1865 5146 ἐρῤωμένα

285 5161 503 5231 φρονῶν
551 5165 608 5225 ἐς
659 5164 874 5234 Πέρσας
913 5166 981 5219 τὰ
1019 5167 1196 5219 τοιάδε
1250 5167 1527 5236 ἔπρασσεν
1569 5166 1864 5235 Ἀλαμούν-

279 5253 468 5324 δαρος.
533 5255 838 5326 Τοιγαροῦν
892 5257 1279 5322 διεὸεὗαιοῦτο,
1315 5258 1411 5322 ὡς,
1468 5259 1517 5311 εἰ
1563 5260 1655 5312 καὶ
1706 5260 1864 5328 ὑμεῖς

1978 4713 2214 4768 vicissim
2265 4729 2389 4768 eum
2425 4713 2584 4768 donis
2630 4723 2710 4767 est
2743 4721 3144 4779 remuneratus,
3188 4715 3332 4784 quod
3369 4725 3548 4770 tamen

1978 4820 2300 4874 unoquoque
2349 4819 2489 4858 anno
2530 4820 2872 4875 nequaquam
2934 4805 3135 4859 factum
3167 4817 3268 4872 est,
3309 4809 3401 4863 sed
3446 4812 3548 4862 ali-

1977 4897 2194 4964 quando
2223 4895 2598 4964 interpositum
2623 4905 2704 4950 est
2733 4896 2966 4964 spatium
3005 4897 3387 4964 quinquennii.
3435 4899 3546 4954 Hoc

1981 4987 2142 5055 igitur
2165 4986 2309 5041 inter
2337 4986 2760 5040 Alamundarum
2790 4994 2844 5040 et
2885 5001 2986 5041 nos
3013 5000 3328 5054 usurpatum
3358 4999 3414 5042 et
3445 4994 3545 5043 ot:-

1977 5085 2249 5130 servatum
2278 5087 2360 5131 est
2393 5092 2497 5130 non
2527 5076 2676 5133 breVi
2724 5087 2982 5148 tempore.
3013 5079 3158 5136 Deus
3192 5091 3370 5134 autem
3397 5084 3544 5136 ιιοιίι

1975 5167 2397 5221 Alamundarum
2429 5171 2529 5221 hoc
2568 5166 2780 5231 fecisse,
2825 5185 2946 5224 cum
2981 5175 3142 5228 rebus
3166 5175 3402 5230 Persicis
3439 5179 3542 5228 llti~

1973 5259 2118 5312 nime
2174 5259 2432 5313 studeret.
2489 5257 2824 5315 Conventum
2881 5265 3024 5319 enim
3073 5264 3192 5329 fuit,
3240 5267 3287 5321 si
3342 5265 3540 5319 bellum

1579 5411 1809 5466 VARI/{'3
1847 5409 2246 5466 LECTIONES.

299 5539 306 5624 ζ
373 5538 478 5624 ξ’σέ
778 5551 1330 5624 Δ’.τεθραμμένονΝ.
1353 5553 1734 5623 τεθραμμένος
1786 5555 1933 5624 vulg.
2012 5556 2030 5586 ⁷

2128 5552 2535 5639 περιιεῑναιιΝη,
2558 5551 2884 5639 εἴπερ-εἷναι
2916 5559 3092 5639 vulg."
3131 5554 3274 5639 ᾗπερ
3305 5557 3534 5639 sivetu“.

281 5608 306 5702 ξ
337 5619 387 5702 εἰ
411 5619 487 5687 μὴ
508 5612 620 5702 τοῖς
648 5619 858 5702 illusio}
879 5608 990 5683 τοῖς
1013 5608 1210 5702 vulg.”
1235 5625 1255 5654 ⁹
1276 5608 1606 5702 Ναχοῤ-αγέν
1639 5608 1984 5702 Agatltieef”
2016 5608 2167 5702 ἢᾝτι
2203 5608 2273 5702 ll:
2317 5695 2328 5702 ι
2375 5623 2422 5702 ’ξ
2447 5608 2698 5702 χαλεπῶν
2727 5627 2812 5689 ΙΙ.,
2843 5608 3095 5698 χαλέπῗῦξ
3128 5608 3277 5701 v'ulgr.
3358 5632 3399 5661 ¹²
3427 5632 3541 5702 ᾠη-

281 5688 438 5758 θείην
465 5690 610 5757 vulg.
691 5691 733 5721 ¹³
759 5688 926 5742 ταῦτα
948 5695 1094 5760 vulg.

487 5783 757 5842 PATROL.
806 5783 923 5844 (in.
973 5783 1196 5848 CXIII.

1175 5694 1216 5724 ”
1248 5693 1518 5762 καταϐοὴν
1544 5693 1626 5757 8.,
1659 5695 1966 5767 καταϐολὴν
2011 5693 2164 5764 vulg.~
2233 5696 2274 5724 ⁸³
2307 5695 2458 5763 ἡμᾶς
2487 5695 2621 5764 vulg.

3152 5797 3186 5832 ι)

3153 5833 3187 5849 ὁ.

3153 5833 3187 5849 ὁ.
