  <div class='ocr_page' id='page_1' title='image "/cluster/home/n/w/nwhite01/storage/ocr_20150623/113/hvd.32044073502270/441.png"; bbox 0 0 4006 6214; ppageno 0'>
   <div class='ocr_carea' id='block_1_1' title="bbox 519 243 3714 334">
    <p class='ocr_par' dir='ltr' id='par_1_1' title="bbox 519 243 3714 334">
     <span class='ocr_line' id='line_1_1' title="bbox 519 243 3714 334; baseline -0.014 1"><span class='ocrx_word' id='word_1_1' title='bbox 519 273 642 334; x_wconf 74' lang='grc'>’875</span> <span class='ocrx_word' id='word_1_2' title='bbox 1356 254 1754 322; x_wconf 81' lang='lat' dir='ltr'>EXCERPTA</span> <span class='ocrx_word' id='word_1_3' title='bbox 1789 252 1890 311; x_wconf 77' lang='lat' dir='ltr'>EX</span> <span class='ocrx_word' id='word_1_4' title='bbox 1923 246 2346 310; x_wconf 77' lang='lat' dir='ltr'>MENANDRU</span> <span class='ocrx_word' id='word_1_5' title='bbox 2383 243 2878 305; x_wconf 80' lang='lat' dir='ltr'>PROTECTORE</span> <span class='ocrx_word' id='word_1_6' title='bbox 3631 246 3714 310; x_wconf 67' lang='lat'>876</span> 
     </span>
    </p>
   </div>
   <div class='ocr_carea' id='block_1_2' title="bbox 535 352 2118 439">
    <p class='ocr_par' dir='ltr' id='par_1_2' title="bbox 535 369 2104 439">
     <span class='ocr_line' id='line_1_2' title="bbox 535 369 2104 439; baseline -0.014 -3"><span class='ocrx_word' id='word_1_7' title='bbox 535 391 724 438; x_wconf 84' lang='lat' dir='ltr'><strong>contra</strong></span> <span class='ocrx_word' id='word_1_8' title='bbox 752 393 852 434; x_wconf 90' lang='lat' dir='ltr'>nos</span> <span class='ocrx_word' id='word_1_9' title='bbox 889 376 1185 439; x_wconf 76' lang='lat' dir='ltr'><strong>moveritis,</strong></span> <span class='ocrx_word' id='word_1_10' title='bbox 1217 381 1273 426; x_wconf 91' lang='lat' dir='ltr'>ut</span> <span class='ocrx_word' id='word_1_11' title='bbox 1295 371 1640 424; x_wconf 73' lang='lat' dir='ltr'><strong>Alamundari</strong></span> <span class='ocrx_word' id='word_1_12' title='bbox 1668 371 1817 424; x_wconf 81' lang='lat' dir='ltr'><strong>ensis</strong></span> <span class='ocrx_word' id='word_1_13' title='bbox 1845 369 2104 421; x_wconf 85' lang='lat' dir='ltr'><strong>adversus</strong></span> 
     </span>
    </p>
   </div>
   <div class='ocr_carea' id='block_1_3' title="bbox 2224 352 3716 439">
    <p class='ocr_par' dir='ltr' id='par_1_3' title="bbox 2224 352 3716 426">
     <span class='ocr_line' id='line_1_3' title="bbox 2224 352 3716 426; baseline 0 -18"><span class='ocrx_word' id='word_1_14' title='bbox 2224 357 2442 425; x_wconf 72' lang='grc' dir='ltr'>πόλεμον</span> <span class='ocrx_word' id='word_1_15' title='bbox 2497 357 2766 424; x_wconf 80' lang='grc' dir='ltr'>κινήσοιτε</span> <span class='ocrx_word' id='word_1_16' title='bbox 2824 352 2947 406; x_wconf 78' lang='grc' dir='ltr'>καῢ’</span> <span class='ocrx_word' id='word_1_17' title='bbox 2999 352 3155 421; x_wconf 80' lang='grc' dir='ltr'>ἡμῶν</span> <span class='ocrx_word' id='word_1_18' title='bbox 3180 391 3195 417; x_wconf 97' lang='grc'>,</span> <span class='ocrx_word' id='word_1_19' title='bbox 3249 352 3628 426; x_wconf 78' lang='grc' dir='ltr'>’Λλαμουνδάρῳ</span> <span class='ocrx_word' id='word_1_20' title='bbox 3667 374 3716 425; x_wconf 81' lang='grc' dir='ltr'>γι</span> 
     </span>
    </p>
   </div>
   <div class='ocr_carea' id='block_1_4' title="bbox 538 443 2118 543">
    <p class='ocr_par' dir='ltr' id='par_1_4' title="bbox 538 458 2106 543">
     <span class='ocr_line' id='line_1_4' title="bbox 538 458 2106 543; baseline -0.011 -14"><span class='ocrx_word' id='word_1_21' title='bbox 538 472 922 543; x_wconf 88' lang='lat' dir='ltr'><strong>rempublicam</strong></span> <span class='ocrx_word' id='word_1_22' title='bbox 997 467 1292 521; x_wconf 80' lang='lat' dir='ltr'><strong>Romanam</strong></span> <span class='ocrx_word' id='word_1_23' title='bbox 1353 464 1666 531; x_wconf 89' lang='lat' dir='ltr'><strong>quiesceret</strong></span> <span class='ocrx_word' id='word_1_24' title='bbox 1731 470 1785 517; x_wconf 88' lang='lat' dir='ltr'>et</span> <span class='ocrx_word' id='word_1_25' title='bbox 1831 461 1898 514; x_wconf 90' lang='lat' dir='ltr'>ab</span> <span class='ocrx_word' id='word_1_26' title='bbox 1960 458 2106 512; x_wconf 90' lang='lat' dir='ltr'><strong>omni</strong></span> 
     </span>
    </p>
   </div>
   <div class='ocr_carea' id='block_1_5' title="bbox 2224 443 3720 543">
    <p class='ocr_par' dir='ltr' id='par_1_5' title="bbox 2224 443 3720 518">
     <span class='ocr_line' id='line_1_5' title="bbox 2224 443 3720 518; baseline 0 -20"><span class='ocrx_word' id='word_1_27' title='bbox 2224 445 2494 516; x_wconf 70' lang='grc' dir='ltr'>ἱπρακτός</span> <span class='ocrx_word' id='word_1_28' title='bbox 2537 462 2596 496; x_wconf 85' lang='grc' dir='ltr'>τε</span> <span class='ocrx_word' id='word_1_29' title='bbox 2640 444 2732 496; x_wconf 71' lang='grc' dir='ltr'>καὶ</span> <span class='ocrx_word' id='word_1_30' title='bbox 2765 443 3125 511; x_wconf 80' lang='grc' dir='ltr'>ἀνενέργητος</span> <span class='ocrx_word' id='word_1_31' title='bbox 3160 443 3309 494; x_wconf 76' lang='grc' dir='ltr'>ἔσται</span> <span class='ocrx_word' id='word_1_32' title='bbox 3344 445 3375 513; x_wconf 91' lang='grc' dir='ltr'>ή</span> <span class='ocrx_word' id='word_1_33' title='bbox 3409 445 3623 515; x_wconf 81' lang='grc' dir='ltr'>μάχαιρα</span> <span class='ocrx_word' id='word_1_34' title='bbox 3642 450 3720 518; x_wconf 78' lang='grc' dir='ltr'>τῆς</span> 
     </span>
    </p>
   </div>
   <div class='ocr_carea' id='block_1_6' title="bbox 539 550 2108 629">
    <p class='ocr_par' dir='ltr' id='par_1_6' title="bbox 539 550 2108 629">
     <span class='ocr_line' id='line_1_6' title="bbox 539 550 2108 629; baseline -0.011 -10"><span class='ocrx_word' id='word_1_35' title='bbox 539 566 725 619; x_wconf 80' lang='lat' dir='ltr'><strong>bellico</strong></span> <span class='ocrx_word' id='word_1_36' title='bbox 781 573 943 629; x_wconf 83' lang='lat' dir='ltr'>Opere</span> <span class='ocrx_word' id='word_1_37' title='bbox 1001 555 1254 610; x_wconf 91' lang='lat' dir='ltr'><strong>immunis</strong></span> <span class='ocrx_word' id='word_1_38' title='bbox 1303 565 1469 608; x_wconf 84' lang='lat' dir='ltr'><strong>esset.</strong></span> <span class='ocrx_word' id='word_1_39' title='bbox 1529 553 1654 608; x_wconf 67' lang='lat' dir='ltr'><strong>llsre</strong></span> <span class='ocrx_word' id='word_1_40' title='bbox 1709 553 1871 622; x_wconf 81' lang='lat' dir='ltr'><strong>igitur</strong></span> <span class='ocrx_word' id='word_1_41' title='bbox 1925 550 2108 617; x_wconf 85' lang='lat' dir='ltr'><strong>aliquo</strong></span> 
     </span>
    </p>
   </div>
   <div class='ocr_carea' id='block_1_7' title="bbox 542 643 2108 719">
    <p class='ocr_par' dir='ltr' id='par_1_7' title="bbox 542 643 2108 719">
     <span class='ocr_line' id='line_1_7' title="bbox 542 643 2108 719; baseline -0.011 -12"><span class='ocrx_word' id='word_1_42' title='bbox 542 663 780 719; x_wconf 88' lang='lat' dir='ltr'><strong>tempore</strong></span> <span class='ocrx_word' id='word_1_43' title='bbox 827 649 1110 701; x_wconf 79' lang='lat' dir='ltr'><strong>durarunt.</strong></span> <span class='ocrx_word' id='word_1_44' title='bbox 1163 643 1317 698; x_wconf 81' lang='lat' dir='ltr'><strong>Nunc</strong></span> <span class='ocrx_word' id='word_1_45' title='bbox 1366 659 1493 697; x_wconf 76' lang='lat' dir='ltr'><strong>vero</strong></span> <span class='ocrx_word' id='word_1_46' title='bbox 1540 643 1705 696; x_wconf 84' lang='lat' dir='ltr'><strong>lratcr</strong></span> <span class='ocrx_word' id='word_1_47' title='bbox 1757 650 1900 700; x_wconf 87' lang='lat' dir='ltr'><strong>tuus,</strong></span> <span class='ocrx_word' id='word_1_48' title='bbox 1957 653 2108 691; x_wconf 90' lang='lat' dir='ltr'><strong>meus</strong></span> 
     </span>
    </p>
   </div>
   <div class='ocr_carea' id='block_1_8' title="bbox 537 730 2110 807">
    <p class='ocr_par' dir='ltr' id='par_1_8' title="bbox 537 730 2110 807">
     <span class='ocr_line' id='line_1_8' title="bbox 537 730 2110 807; baseline -0.01 -12"><span class='ocrx_word' id='word_1_49' title='bbox 537 743 806 803; x_wconf 85' lang='lat' dir='ltr'><strong>dominus,</strong></span> <span class='ocrx_word' id='word_1_50' title='bbox 845 753 876 791; x_wconf 93' lang='lat'><strong>0</strong></span> <span class='ocrx_word' id='word_1_51' title='bbox 907 753 1022 800; x_wconf 81' lang='lat' dir='ltr'><strong>rex,</strong></span> <span class='ocrx_word' id='word_1_52' title='bbox 1058 738 1371 807; x_wconf 84' lang='lat' dir='ltr'><strong>prudenter,</strong></span> <span class='ocrx_word' id='word_1_53' title='bbox 1403 735 1616 804; x_wconf 83' lang='lat' dir='ltr'><strong>opinor,</strong></span> <span class='ocrx_word' id='word_1_54' title='bbox 1655 735 1706 787; x_wconf 88' lang='lat' dir='ltr'>in</span> <span class='ocrx_word' id='word_1_55' title='bbox 1761 732 1998 785; x_wconf 86' lang='lat' dir='ltr'><strong>animum</strong></span> <span class='ocrx_word' id='word_1_56' title='bbox 2026 730 2110 783; x_wconf 87' lang='lat' dir='ltr'><strong>in-</strong></span> 
     </span>
    </p>
   </div>
   <div class='ocr_carea' id='block_1_9' title="bbox 538 819 2110 896">
    <p class='ocr_par' dir='ltr' id='par_1_9' title="bbox 538 819 2110 896">
     <span class='ocr_line' id='line_1_9' title="bbox 538 819 2110 896; baseline -0.01 -10"><span class='ocrx_word' id='word_1_57' title='bbox 538 834 688 887; x_wconf 77' lang='lat' dir='ltr'><strong>duxit</strong></span> <span class='ocrx_word' id='word_1_58' title='bbox 721 846 900 896; x_wconf 88' lang='lat' dir='ltr'><strong>suum,</strong></span> <span class='ocrx_word' id='word_1_59' title='bbox 931 838 986 883; x_wconf 92' lang='lat' dir='ltr'>et</span> <span class='ocrx_word' id='word_1_60' title='bbox 1017 829 1091 882; x_wconf 91' lang='lat' dir='ltr'>ait</span> <span class='ocrx_word' id='word_1_61' title='bbox 1129 845 1143 881; x_wconf 88' lang='lat'><strong>:</strong></span> <span class='ocrx_word' id='word_1_62' title='bbox 1185 828 1241 881; x_wconf 81' lang='lat' dir='ltr'><strong>Si</strong></span> <span class='ocrx_word' id='word_1_63' title='bbox 1284 841 1469 895; x_wconf 91' lang='lat' dir='ltr'><strong>pacem</strong></span> <span class='ocrx_word' id='word_1_64' title='bbox 1513 826 1614 880; x_wconf 84' lang='lat' dir='ltr'><strong>ista</strong></span> <span class='ocrx_word' id='word_1_65' title='bbox 1660 825 1766 877; x_wconf 91' lang='lat' dir='ltr'>duo</span> <span class='ocrx_word' id='word_1_66' title='bbox 1815 837 1977 890; x_wconf 79' lang='lat' dir='ltr'><strong>regna</strong></span> <span class='ocrx_word' id='word_1_67' title='bbox 2013 819 2110 873; x_wconf 81' lang='lat' dir='ltr'><strong>ob-</strong></span> 
     </span>
    </p>
   </div>
   <div class='ocr_carea' id='block_1_10' title="bbox 537 914 2109 989">
    <p class='ocr_par' dir='ltr' id='par_1_10' title="bbox 537 914 2109 989">
     <span class='ocr_line' id='line_1_10' title="bbox 537 914 2109 989; baseline -0.008 -12"><span class='ocrx_word' id='word_1_68' title='bbox 537 931 771 982; x_wconf 85' lang='lat' dir='ltr'><strong>servent.</strong></span> <span class='ocrx_word' id='word_1_69' title='bbox 798 918 1076 989; x_wconf 77' lang='lat' dir='ltr'><strong>quid‘mihi</strong></span> <span class='ocrx_word' id='word_1_70' title='bbox 1107 932 1267 987; x_wconf 89' lang='lat' dir='ltr'><strong>porro</strong></span> <span class='ocrx_word' id='word_1_71' title='bbox 1297 914 1556 985; x_wconf 87' lang='lat' dir='ltr'><strong>proderit,</strong></span> <span class='ocrx_word' id='word_1_72' title='bbox 1580 915 1824 970; x_wconf 89' lang='lat' dir='ltr'><strong>subditos</strong></span> <span class='ocrx_word' id='word_1_73' title='bbox 1846 923 1898 966; x_wconf 88' lang='lat' dir='ltr'><strong>et</strong></span> <span class='ocrx_word' id='word_1_74' title='bbox 1923 925 2109 966; x_wconf 81' lang='lat' dir='ltr'><strong>servos</strong></span> 
     </span>
    </p>
   </div>
   <div class='ocr_carea' id='block_1_11' title="bbox 537 1003 2112 1075">
    <p class='ocr_par' dir='ltr' id='par_1_11' title="bbox 537 1003 2112 1075">
     <span class='ocr_line' id='line_1_11' title="bbox 537 1003 2112 1075; baseline -0.008 -9"><span class='ocrx_word' id='word_1_75' title='bbox 537 1013 823 1068; x_wconf 80' lang='lat' dir='ltr'>Persarum</span> <span class='ocrx_word' id='word_1_76' title='bbox 852 1011 1165 1075; x_wconf 75' lang='lat' dir='ltr'>sollicitare,</span> <span class='ocrx_word' id='word_1_77' title='bbox 1191 1018 1248 1063; x_wconf 95' lang='lat' dir='ltr'><strong>ut</strong></span> <span class='ocrx_word' id='word_1_78' title='bbox 1273 1009 1520 1063; x_wconf 89' lang='lat' dir='ltr'><strong>dominos</strong></span> <span class='ocrx_word' id='word_1_79' title='bbox 1534 1022 1658 1062; x_wconf 86' lang='lat' dir='ltr'><strong>suos</strong></span> <span class='ocrx_word' id='word_1_80' title='bbox 1678 1007 1923 1075; x_wconf 82' lang='lat' dir='ltr'><strong>prodant,</strong></span> <span class='ocrx_word' id='word_1_81' title='bbox 1953 1003 2112 1075; x_wconf 67' lang='grc'>146</span> 
     </span>
    </p>
   </div>
   <div class='ocr_carea' id='block_1_12' title="bbox 537 1097 2102 1172">
    <p class='ocr_par' dir='ltr' id='par_1_12' title="bbox 537 1097 2102 1172">
     <span class='ocr_line' id='line_1_12' title="bbox 537 1097 2102 1172; baseline -0.006 -14"><span class='ocrx_word' id='word_1_82' title='bbox 537 1115 590 1159; x_wconf 91' lang='lat' dir='ltr'><strong>et</strong></span> <span class='ocrx_word' id='word_1_83' title='bbox 637 1104 927 1172; x_wconf 84' lang='lat' dir='ltr'>quidquam</span> <span class='ocrx_word' id='word_1_84' title='bbox 977 1100 1082 1156; x_wconf 90' lang='lat' dir='ltr'><strong>illis</strong></span> <span class='ocrx_word' id='word_1_85' title='bbox 1135 1099 1478 1170; x_wconf 80' lang='lat' dir='ltr'><strong>largiri,-aut</strong></span> <span class='ocrx_word' id='word_1_86' title='bbox 1515 1100 1581 1153; x_wconf 91' lang='lat' dir='ltr'>ab</span> <span class='ocrx_word' id='word_1_87' title='bbox 1619 1098 1722 1151; x_wconf 88' lang='lat' dir='ltr'><strong>illis</strong></span> <span class='ocrx_word' id='word_1_88' title='bbox 1759 1097 2044 1166; x_wconf 88' lang='lat' dir='ltr'><strong>accipere?</strong></span> <span class='ocrx_word' id='word_1_89' title='bbox 2085 1115 2102 1148; x_wconf 77' lang='grc' dir='ltr'>ι</span> 
     </span>
    </p>
   </div>
   <div class='ocr_carea' id='block_1_13' title="bbox 544 1189 2110 1261">
    <p class='ocr_par' dir='ltr' id='par_1_13' title="bbox 544 1189 2110 1261">
     <span class='ocr_line' id='line_1_13' title="bbox 544 1189 2110 1261; baseline -0.004 -13"><span class='ocrx_word' id='word_1_90' title='bbox 544 1214 563 1248; x_wconf 79' lang='grc' dir='ltr'>ι</span> <span class='ocrx_word' id='word_1_91' title='bbox 612 1195 669 1248; x_wconf 90' lang='lat' dir='ltr'><strong>Si</strong></span> <span class='ocrx_word' id='word_1_92' title='bbox 706 1204 831 1248; x_wconf 90' lang='lat' dir='ltr'><strong>ante</strong></span> <span class='ocrx_word' id='word_1_93' title='bbox 862 1207 1069 1261; x_wconf 89' lang='lat' dir='ltr'><strong>pacem,</strong></span> <span class='ocrx_word' id='word_1_94' title='bbox 1103 1191 1385 1261; x_wconf 85' lang='lat' dir='ltr'><strong>respondit</strong></span> <span class='ocrx_word' id='word_1_95' title='bbox 1409 1205 1524 1254; x_wconf 87' lang='lat' dir='ltr'><strong>rex,</strong></span> <span class='ocrx_word' id='word_1_96' title='bbox 1560 1198 1746 1243; x_wconf 89' lang='lat' dir='ltr'><strong>mutuo</strong></span> <span class='ocrx_word' id='word_1_97' title='bbox 1782 1189 1960 1242; x_wconf 72' lang='lat' dir='ltr'><strong>missa:</strong></span> <span class='ocrx_word' id='word_1_98' title='bbox 1985 1197 2110 1241; x_wconf 85' lang='lat' dir='ltr'><strong>sunt</strong></span> 
     </span>
    </p>
   </div>
   <div class='ocr_carea' id='block_1_14' title="bbox 538 1277 2104 1356">
    <p class='ocr_par' dir='ltr' id='par_1_14' title="bbox 538 1277 2104 1356">
     <span class='ocr_line' id='line_1_14' title="bbox 538 1277 2104 1356; baseline -0.006 -15"><span class='ocrx_word' id='word_1_99' title='bbox 538 1285 852 1356; x_wconf 76' lang='lat' dir='ltr'><strong>legationes,</strong></span> <span class='ocrx_word' id='word_1_100' title='bbox 893 1291 946 1338; x_wconf 89' lang='lat' dir='ltr'>et</span> <span class='ocrx_word' id='word_1_101' title='bbox 994 1297 1090 1336; x_wconf 75' lang='lat' dir='ltr'><strong>vos</strong></span> <span class='ocrx_word' id='word_1_102' title='bbox 1143 1283 1371 1336; x_wconf 88' lang='lat' dir='ltr'><strong>invicem</strong></span> <span class='ocrx_word' id='word_1_103' title='bbox 1407 1280 1563 1336; x_wconf 74' lang='lat' dir='ltr'><strong>donis</strong></span> <span class='ocrx_word' id='word_1_104' title='bbox 1609 1279 1783 1333; x_wconf 82' lang='lat' dir='ltr'><strong>amice</strong></span> <span class='ocrx_word' id='word_1_105' title='bbox 1838 1277 2104 1340; x_wconf 86' lang='lat' dir='ltr'><strong>coluistis,</strong></span> 
     </span>
    </p>
   </div>
   <div class='ocr_carea' id='block_1_15' title="bbox 541 1369 2108 1441">
    <p class='ocr_par' dir='ltr' id='par_1_15' title="bbox 541 1369 2108 1441">
     <span class='ocr_line' id='line_1_15' title="bbox 541 1369 2108 1441; baseline -0.008 -9"><span class='ocrx_word' id='word_1_106' title='bbox 541 1377 792 1432; x_wconf 83' lang='lat' dir='ltr'><strong>existimo</strong></span> <span class='ocrx_word' id='word_1_107' title='bbox 825 1374 1075 1428; x_wconf 83' lang='lat' dir='ltr'><strong>inviolata</strong></span> <span class='ocrx_word' id='word_1_108' title='bbox 1112 1383 1164 1427; x_wconf 91' lang='lat' dir='ltr'><strong>et</strong></span> <span class='ocrx_word' id='word_1_109' title='bbox 1197 1373 1361 1426; x_wconf 69' lang='lat' dir='ltr'><strong>illaesa</strong></span> <span class='ocrx_word' id='word_1_110' title='bbox 1399 1385 1717 1441; x_wconf 80' lang='lat' dir='ltr'><strong>permanere</strong></span> <span class='ocrx_word' id='word_1_111' title='bbox 1746 1369 1962 1431; x_wconf 85' lang='lat' dir='ltr'><strong>debere,</strong></span> <span class='ocrx_word' id='word_1_112' title='bbox 1988 1382 2108 1436; x_wconf 70' lang='lat' dir='ltr'><strong>quat</strong></span> 
     </span>
    </p>
   </div>
   <div class='ocr_carea' id='block_1_16' title="bbox 542 1456 2110 1531">
    <p class='ocr_par' dir='ltr' id='par_1_16' title="bbox 542 1456 2110 1531">
     <span class='ocr_line' id='line_1_16' title="bbox 542 1456 2110 1531; baseline -0.008 -11"><span class='ocrx_word' id='word_1_113' title='bbox 542 1468 686 1520; x_wconf 88' lang='lat' dir='ltr'><strong>inter</strong></span> <span class='ocrx_word' id='word_1_114' title='bbox 742 1478 838 1517; x_wconf 68' lang='lat' dir='ltr'><strong>vos</strong></span> <span class='ocrx_word' id='word_1_115' title='bbox 875 1471 998 1516; x_wconf 85' lang='lat' dir='ltr'><strong>sunt</strong></span> <span class='ocrx_word' id='word_1_116' title='bbox 1049 1461 1195 1531; x_wconf 88' lang='lat' dir='ltr'><strong>prius</strong></span> <span class='ocrx_word' id='word_1_117' title='bbox 1250 1461 1565 1515; x_wconf 86' lang='lat' dir='ltr'><strong>constituta.</strong></span> <span class='ocrx_word' id='word_1_118' title='bbox 1601 1478 1619 1511; x_wconf 71' lang='grc' dir='ltr'>ι</span> <span class='ocrx_word' id='word_1_119' title='bbox 1666 1456 1758 1511; x_wconf 90' lang='lat' dir='ltr'><strong>llis</strong></span> <span class='ocrx_word' id='word_1_120' title='bbox 1812 1457 1975 1526; x_wconf 78' lang='lat' dir='ltr'><strong>igitur</strong></span> <span class='ocrx_word' id='word_1_121' title='bbox 2003 1469 2110 1524; x_wconf 92' lang='lat' dir='ltr'><strong>quo</strong></span> 
     </span>
    </p>
   </div>
   <div class='ocr_carea' id='block_1_17' title="bbox 543 1550 2112 1623">
    <p class='ocr_par' dir='ltr' id='par_1_17' title="bbox 543 1550 2112 1623">
     <span class='ocr_line' id='line_1_17' title="bbox 543 1550 2112 1623; baseline -0.008 -14"><span class='ocrx_word' id='word_1_122' title='bbox 543 1571 695 1610; x_wconf 88' lang='lat' dir='ltr'><strong>suam</strong></span> <span class='ocrx_word' id='word_1_123' title='bbox 736 1556 963 1623; x_wconf 85' lang='lat' dir='ltr'><strong>quisque</strong></span> <span class='ocrx_word' id='word_1_124' title='bbox 1003 1566 1222 1606; x_wconf 81' lang='lat' dir='ltr'><strong>causam</strong></span> <span class='ocrx_word' id='word_1_125' title='bbox 1257 1550 1325 1604; x_wconf 89' lang='lat' dir='ltr'><strong>de</strong></span> <span class='ocrx_word' id='word_1_126' title='bbox 1372 1551 1574 1604; x_wconf 87' lang='lat' dir='ltr'><strong>Ambro</strong></span> <span class='ocrx_word' id='word_1_127' title='bbox 1635 1557 1895 1609; x_wconf 86' lang='lat' dir='ltr'><strong>tueretur,</strong></span> <span class='ocrx_word' id='word_1_128' title='bbox 1947 1559 2112 1614; x_wconf 75' lang='lat' dir='ltr'><strong>argu-</strong></span> 
     </span>
    </p>
   </div>
   <div class='ocr_carea' id='block_1_18' title="bbox 547 1635 2110 1700">
    <p class='ocr_par' dir='ltr' id='par_1_18' title="bbox 547 1635 2110 1700">
     <span class='ocr_line' id='line_1_18' title="bbox 547 1635 2110 1700; baseline -0.008 0"><span class='ocrx_word' id='word_1_129' title='bbox 547 1647 741 1700; x_wconf 82' lang='lat' dir='ltr'><strong>mentis</strong></span> <span class='ocrx_word' id='word_1_130' title='bbox 775 1646 854 1698; x_wconf 88' lang='lat' dir='ltr'>usi</span> <span class='ocrx_word' id='word_1_131' title='bbox 890 1652 1017 1699; x_wconf 85' lang='lat' dir='ltr'><strong>sunt</strong></span> <span class='ocrx_word' id='word_1_132' title='bbox 1049 1661 1063 1698; x_wconf 89' lang='lat'>:</span> <span class='ocrx_word' id='word_1_133' title='bbox 1099 1643 1294 1698; x_wconf 91' lang='lat' dir='ltr'><strong>deinde</strong></span> <span class='ocrx_word' id='word_1_134' title='bbox 1328 1657 1516 1696; x_wconf 84' lang='lat' dir='ltr'><strong>rursus</strong></span> <span class='ocrx_word' id='word_1_135' title='bbox 1557 1640 1695 1693; x_wconf 83' lang='lat' dir='ltr'><strong>inter</strong></span> <span class='ocrx_word' id='word_1_136' title='bbox 1726 1653 1784 1693; x_wconf 89' lang='lat' dir='ltr'>se</span> <span class='ocrx_word' id='word_1_137' title='bbox 1811 1640 1876 1692; x_wconf 89' lang='lat' dir='ltr'>de</span> <span class='ocrx_word' id='word_1_138' title='bbox 1909 1635 2110 1690; x_wconf 86' lang='lat' dir='ltr'><strong>Suania</strong></span> 
     </span>
    </p>
   </div>
   <div class='ocr_carea' id='block_1_19' title="bbox 2220 527 3722 604">
    <p class='ocr_par' dir='ltr' id='par_1_19' title="bbox 2220 527 3722 604">
     <span class='ocr_line' id='line_1_19' title="bbox 2220 527 3722 604; baseline 0 -17"><span class='ocrx_word' id='word_1_139' title='bbox 2220 533 2508 604; x_wconf 82' lang='grc' dir='ltr'>Ῥωμαίων</span> <span class='ocrx_word' id='word_1_140' title='bbox 2534 532 2688 586; x_wconf 76' lang='grc' dir='ltr'>ἕκατι</span> <span class='ocrx_word' id='word_1_141' title='bbox 2716 532 2989 593; x_wconf 81' lang='grc' dir='ltr'>πολιτείας</span> <span class='ocrx_word' id='word_1_142' title='bbox 3034 529 3214 583; x_wconf 83' lang='grc' dir='ltr'>Ταῦτα</span> <span class='ocrx_word' id='word_1_143' title='bbox 3241 530 3337 600; x_wconf 79' lang='grc' dir='ltr'>μὲν</span> <span class='ocrx_word' id='word_1_144' title='bbox 3361 527 3448 585; x_wconf 77' lang='grc' dir='ltr'>οὖν</span> <span class='ocrx_word' id='word_1_145' title='bbox 3472 535 3552 586; x_wconf 85' lang='grc' dir='ltr'>ἐπί</span> <span class='ocrx_word' id='word_1_146' title='bbox 3569 552 3669 587; x_wconf 83' lang='grc' dir='ltr'>τινα</span> <span class='ocrx_word' id='word_1_147' title='bbox 3688 537 3722 568; x_wconf 71' lang='grc'>³⁸</span> 
     </span>
    </p>
   </div>
   <div class='ocr_carea' id='block_1_20' title="bbox 2210 622 3723 695">
    <p class='ocr_par' dir='ltr' id='par_1_20' title="bbox 2210 622 3723 695">
     <span class='ocr_line' id='line_1_20' title="bbox 2210 622 3723 695; baseline 0.001 -18"><span class='ocrx_word' id='word_1_148' title='bbox 2210 627 2420 694; x_wconf 86' lang='grc' dir='ltr'>διέμενε</span> <span class='ocrx_word' id='word_1_149' title='bbox 2446 625 2657 695; x_wconf 85' lang='grc' dir='ltr'>χρόνον.</span> <span class='ocrx_word' id='word_1_150' title='bbox 2689 623 2805 676; x_wconf 82' lang='grc' dir='ltr'>Νῦν</span> <span class='ocrx_word' id='word_1_151' title='bbox 2828 626 2884 675; x_wconf 83' lang='grc' dir='ltr'>δέ</span> <span class='ocrx_word' id='word_1_152' title='bbox 2919 625 2947 676; x_wconf 99' lang='lat'>6</span> <span class='ocrx_word' id='word_1_153' title='bbox 2997 622 3087 685; x_wconf 81' lang='grc' dir='ltr'>σὸς</span> <span class='ocrx_word' id='word_1_154' title='bbox 3120 624 3216 691; x_wconf 83' lang='grc' dir='ltr'>μὲν</span> <span class='ocrx_word' id='word_1_155' title='bbox 3244 622 3479 692; x_wconf 80' lang='grc' dir='ltr'>ἀδελφὸς,</span> <span class='ocrx_word' id='word_1_156' title='bbox 3503 625 3723 695; x_wconf 76' lang='grc' dir='ltr'>δεσπότης</span> 
     </span>
    </p>
   </div>
   <div class='ocr_carea' id='block_1_21' title="bbox 2209 706 3721 784">
    <p class='ocr_par' dir='ltr' id='par_1_21' title="bbox 2209 706 3721 784">
     <span class='ocr_line' id='line_1_21' title="bbox 2209 706 3721 784; baseline -0.001 -17"><span class='ocrx_word' id='word_1_157' title='bbox 2209 716 2265 768; x_wconf 79' lang='grc' dir='ltr'>δὲ</span> <span class='ocrx_word' id='word_1_158' title='bbox 2287 714 2436 784; x_wconf 72' lang='grc' dir='ltr'>ἐμὸς,</span> <span class='ocrx_word' id='word_1_159' title='bbox 2457 715 2609 767; x_wconf 77' lang='grc' dir='ltr'>ἔθετο</span> <span class='ocrx_word' id='word_1_160' title='bbox 2656 716 2713 766; x_wconf 87' lang='grc' dir='ltr'>ἐν</span> <span class='ocrx_word' id='word_1_161' title='bbox 2737 713 2813 783; x_wconf 84' lang='grc' dir='ltr'>νῷ</span> <span class='ocrx_word' id='word_1_162' title='bbox 2841 711 3254 782; x_wconf 78' lang='grc' dir='ltr'>ἐμφρονέστατα</span> <span class='ocrx_word' id='word_1_163' title='bbox 3280 706 3502 781; x_wconf 56' lang='lat' dir='ltr'><strong>uiuam}:</strong></span> <span class='ocrx_word' id='word_1_164' title='bbox 3525 714 3721 784; x_wconf 79' lang='grc' dir='ltr'>βασιλεῦ,</span> 
     </span>
    </p>
   </div>
   <div class='ocr_carea' id='block_1_22' title="bbox 2211 798 3724 874">
    <p class='ocr_par' dir='ltr' id='par_1_22' title="bbox 2211 798 3724 874">
     <span class='ocr_line' id='line_1_22' title="bbox 2211 798 3724 874; baseline 0 -20"><span class='ocrx_word' id='word_1_165' title='bbox 2211 803 2314 874; x_wconf 76' lang='grc' dir='ltr'>ἔφη</span> <span class='ocrx_word' id='word_1_166' title='bbox 2347 819 2406 855; x_wconf 89' lang='grc' dir='ltr'>τε</span> <span class='ocrx_word' id='word_1_167' title='bbox 2441 842 2455 869; x_wconf 87' lang='grc'>,</span> <span class='ocrx_word' id='word_1_168' title='bbox 2489 803 2584 866; x_wconf 84' lang='grc' dir='ltr'>ὼς,</span> <span class='ocrx_word' id='word_1_169' title='bbox 2621 802 2670 854; x_wconf 82' lang='grc' dir='ltr'>εί</span> <span class='ocrx_word' id='word_1_170' title='bbox 2727 800 2959 869; x_wconf 67' lang='grc' dir='ltr'>βεϐαίως</span> <span class='ocrx_word' id='word_1_171' title='bbox 3007 799 3117 869; x_wconf 73' lang='grc' dir='ltr'>ἔχει</span> <span class='ocrx_word' id='word_1_172' title='bbox 3169 798 3236 851; x_wconf 83' lang='grc' dir='ltr'>τά</span> <span class='ocrx_word' id='word_1_173' title='bbox 3285 799 3622 869; x_wconf 67' lang='grc' dir='ltr'>πολιτεύματα</span> <span class='ocrx_word' id='word_1_174' title='bbox 3650 801 3724 870; x_wconf 68' lang='grc' dir='ltr'>τὴν</span> 
     </span>
    </p>
   </div>
   <div class='ocr_carea' id='block_1_23' title="bbox 2211 889 3722 963">
    <p class='ocr_par' dir='ltr' id='par_1_23' title="bbox 2211 889 3722 963">
     <span class='ocr_line' id='line_1_23' title="bbox 2211 889 3722 963; baseline -0.002 -18"><span class='ocrx_word' id='word_1_175' title='bbox 2211 893 2455 963; x_wconf 87' lang='grc' dir='ltr'>εἰρήνην,</span> <span class='ocrx_word' id='word_1_176' title='bbox 2492 891 2544 944; x_wconf 88' lang='grc' dir='ltr'>τί</span> <span class='ocrx_word' id='word_1_177' title='bbox 2578 891 2777 961; x_wconf 87' lang='grc' dir='ltr'>δήποτε</span> <span class='ocrx_word' id='word_1_178' title='bbox 2811 890 2918 960; x_wconf 79' lang='grc' dir='ltr'>ἄρα</span> <span class='ocrx_word' id='word_1_179' title='bbox 2968 889 3308 958; x_wconf 74' lang='grc' dir='ltr'>λυσιτελήσει</span> <span class='ocrx_word' id='word_1_180' title='bbox 3341 907 3425 959; x_wconf 86' lang='grc' dir='ltr'>μοι</span> <span class='ocrx_word' id='word_1_181' title='bbox 3453 891 3538 942; x_wconf 75' lang='grc' dir='ltr'>τοῦ</span> <span class='ocrx_word' id='word_1_182' title='bbox 3576 890 3722 943; x_wconf 71' lang='grc' dir='ltr'>λοιποῦ</span> 
     </span>
    </p>
   </div>
   <div class='ocr_carea' id='block_1_24' title="bbox 2213 981 3724 1054">
    <p class='ocr_par' dir='ltr' id='par_1_24' title="bbox 2213 981 3724 1054">
     <span class='ocr_line' id='line_1_24' title="bbox 2213 981 3724 1054; baseline -0.004 -17"><span class='ocrx_word' id='word_1_183' title='bbox 2213 985 2474 1054; x_wconf 77' lang='grc' dir='ltr'>ὑπηκόοις</span> <span class='ocrx_word' id='word_1_184' title='bbox 2529 1001 2588 1036; x_wconf 83' lang='grc' dir='ltr'>τε</span> <span class='ocrx_word' id='word_1_185' title='bbox 2623 984 2715 1037; x_wconf 70' lang='grc' dir='ltr'>καὶ</span> <span class='ocrx_word' id='word_1_186' title='bbox 2759 981 2970 1046; x_wconf 89' lang='grc' dir='ltr'>δούλοις</span> <span class='ocrx_word' id='word_1_187' title='bbox 3009 981 3475 1052; x_wconf 74' lang='grc' dir='ltr'>προσφθέγγεσοαι</span> <span class='ocrx_word' id='word_1_188' title='bbox 3524 983 3724 1048; x_wconf 83' lang='grc' dir='ltr'>Περσῶν,</span> 
     </span>
    </p>
   </div>
   <div class='ocr_carea' id='block_1_25' title="bbox 2210 1073 3724 1147">
    <p class='ocr_par' dir='ltr' id='par_1_25' title="bbox 2210 1073 3724 1147">
     <span class='ocr_line' id='line_1_25' title="bbox 2210 1073 3724 1147; baseline -0.001 -19"><span class='ocrx_word' id='word_1_189' title='bbox 2210 1075 2285 1138; x_wconf 86' lang='grc' dir='ltr'>ὡς</span> <span class='ocrx_word' id='word_1_190' title='bbox 2305 1076 2370 1130; x_wconf 82' lang='grc' dir='ltr'>ἂν</span> <span class='ocrx_word' id='word_1_191' title='bbox 2389 1076 2779 1147; x_wconf 85' lang='grc' dir='ltr'>καταπρόοιντο</span> <span class='ocrx_word' id='word_1_192' title='bbox 2805 1075 2848 1106; x_wconf 71' lang='grc'>⁸⁷</span> <span class='ocrx_word' id='word_1_193' title='bbox 2875 1073 2982 1128; x_wconf 84' lang='grc' dir='ltr'>τῶν</span> <span class='ocrx_word' id='word_1_194' title='bbox 3007 1092 3174 1145; x_wconf 84' lang='grc' dir='ltr'>κεκτη</span> <span class='ocrx_word' id='word_1_195' title='bbox 3184 1075 3354 1144; x_wconf 85' lang='grc' dir='ltr'>μένων</span> <span class='ocrx_word' id='word_1_196' title='bbox 3370 1074 3435 1127; x_wconf 78' lang='grc' dir='ltr'>τὰ</span> <span class='ocrx_word' id='word_1_197' title='bbox 3457 1074 3724 1144; x_wconf 78' lang='grc' dir='ltr'>πράγματα,</span> 
     </span>
    </p>
   </div>
   <div class='ocr_carea' id='block_1_26' title="bbox 2211 1165 3721 1238">
    <p class='ocr_par' dir='ltr' id='par_1_26' title="bbox 2211 1165 3721 1238">
     <span class='ocr_line' id='line_1_26' title="bbox 2211 1165 3721 1238; baseline -0.004 -18"><span class='ocrx_word' id='word_1_198' title='bbox 2211 1167 2378 1238; x_wconf 76' lang='grc' dir='ltr'>ἤγουν</span> <span class='ocrx_word' id='word_1_199' title='bbox 2414 1167 2657 1238; x_wconf 79' lang='grc' dir='ltr'>πορίζειν</span> <span class='ocrx_word' id='word_1_200' title='bbox 2680 1185 2731 1220; x_wconf 91' lang='grc' dir='ltr'>τι</span> <span class='ocrx_word' id='word_1_201' title='bbox 2759 1167 2943 1229; x_wconf 85' lang='grc' dir='ltr'>αὐτοῖς</span> <span class='ocrx_word' id='word_1_202' title='bbox 2967 1165 3000 1234; x_wconf 82' lang='grc' dir='ltr'>ἢ</span> <span class='ocrx_word' id='word_1_203' title='bbox 3028 1165 3341 1235; x_wconf 74' lang='grc' dir='ltr'>πορίζεσθαι</span> <span class='ocrx_word' id='word_1_204' title='bbox 3371 1165 3511 1235; x_wconf 79' lang='grc' dir='ltr'>παρὰ</span> <span class='ocrx_word' id='word_1_205' title='bbox 3539 1165 3681 1233; x_wconf 57' lang='lat' dir='ltr'><strong>dedit);</strong></span> <span class='ocrx_word' id='word_1_206' title='bbox 3707 1183 3721 1214; x_wconf 80' lang='grc' dir='ltr'>ι</span> 
     </span>
    </p>
   </div>
   <div class='ocr_carea' id='block_1_27' title="bbox 2219 1255 3719 1328">
    <p class='ocr_par' dir='ltr' id='par_1_27' title="bbox 2219 1255 3719 1328">
     <span class='ocr_line' id='line_1_27' title="bbox 2219 1255 3719 1328; baseline -0.003 -18"><span class='ocrx_word' id='word_1_207' title='bbox 2219 1277 2238 1310; x_wconf 80' lang='grc' dir='ltr'>ι</span> <span class='ocrx_word' id='word_1_208' title='bbox 2269 1260 2332 1311; x_wconf 83' lang='lat' dir='ltr'><strong>Ei</strong></span> <span class='ocrx_word' id='word_1_209' title='bbox 2363 1259 2469 1328; x_wconf 80' lang='grc' dir='ltr'>πρὸ</span> <span class='ocrx_word' id='word_1_210' title='bbox 2491 1258 2589 1327; x_wconf 80' lang='grc' dir='ltr'>τῆς</span> <span class='ocrx_word' id='word_1_211' title='bbox 2628 1258 2869 1327; x_wconf 86' lang='grc' dir='ltr'>εἰρήνης,</span> <span class='ocrx_word' id='word_1_212' title='bbox 2908 1275 2926 1307; x_wconf 75' lang='grc' dir='ltr'>ι</span> <span class='ocrx_word' id='word_1_213' title='bbox 2966 1255 3148 1322; x_wconf 78' lang='grc' dir='ltr'>ἔλεξεν</span> <span class='ocrx_word' id='word_1_214' title='bbox 3180 1259 3207 1309; x_wconf 88' lang='grc' dir='ltr'>ὁ</span> <span class='ocrx_word' id='word_1_215' title='bbox 3235 1255 3497 1325; x_wconf 75' lang='grc' dir='ltr'>βασιλεὺς,</span> <span class='ocrx_word' id='word_1_216' title='bbox 3523 1257 3719 1318; x_wconf 77' lang='grc' dir='ltr'>,.ἐκατέ-</span> 
     </span>
    </p>
   </div>
   <div class='ocr_carea' id='block_1_28' title="bbox 2216 1345 3727 1421">
    <p class='ocr_par' dir='ltr' id='par_1_28' title="bbox 2216 1345 3727 1421">
     <span class='ocr_line' id='line_1_28' title="bbox 2216 1345 3727 1421; baseline -0.006 -18"><span class='ocrx_word' id='word_1_217' title='bbox 2216 1350 2386 1421; x_wconf 83' lang='grc' dir='ltr'>ρωθεν</span> <span class='ocrx_word' id='word_1_218' title='bbox 2432 1349 2739 1402; x_wconf 88' lang='grc' dir='ltr'>ἐστέλλοντο</span> <span class='ocrx_word' id='word_1_219' title='bbox 2774 1347 3062 1418; x_wconf 73' lang='grc' dir='ltr'>πρεσϐεῖαι</span> <span class='ocrx_word' id='word_1_220' title='bbox 3096 1348 3189 1400; x_wconf 71' lang='grc' dir='ltr'>καὶ</span> <span class='ocrx_word' id='word_1_221' title='bbox 3243 1345 3534 1417; x_wconf 80' lang='grc' dir='ltr'>ἁμοιὸαίοις</span> <span class='ocrx_word' id='word_1_222' title='bbox 3585 1345 3727 1412; x_wconf 76' lang='grc' dir='ltr'>ἐφιλο-</span> 
     </span>
    </p>
   </div>
   <div class='ocr_carea' id='block_1_29' title="bbox 2215 1434 3722 1511">
    <p class='ocr_par' dir='ltr' id='par_1_29' title="bbox 2215 1434 3722 1511">
     <span class='ocr_line' id='line_1_29' title="bbox 2215 1434 3722 1511; baseline -0.003 -18"><span class='ocrx_word' id='word_1_223' title='bbox 2215 1440 2510 1511; x_wconf 78' lang='grc' dir='ltr'>φρονεῖσθε.</span> <span class='ocrx_word' id='word_1_224' title='bbox 2551 1439 2744 1511; x_wconf 82' lang='grc' dir='ltr'>δώροις</span> <span class='ocrx_word' id='word_1_225' title='bbox 2791 1437 3073 1508; x_wconf 74' lang='grc' dir='ltr'>ἀλλήλους,</span> <span class='ocrx_word' id='word_1_226' title='bbox 3114 1437 3313 1508; x_wconf 78' lang='grc' dir='ltr'>χρῆναι</span> <span class='ocrx_word' id='word_1_227' title='bbox 3365 1434 3506 1507; x_wconf 71' lang='grc' dir='ltr'>οἶμαι</span> <span class='ocrx_word' id='word_1_228' title='bbox 3549 1437 3722 1506; x_wconf 76' lang='grc' dir='ltr'>ἀτρωτα</span> 
     </span>
    </p>
   </div>
   <div class='ocr_carea' id='block_1_30' title="bbox 2214 1526 3725 1601">
    <p class='ocr_par' dir='ltr' id='par_1_30' title="bbox 2214 1526 3725 1601">
     <span class='ocr_line' id='line_1_30' title="bbox 2214 1526 3725 1601; baseline -0.003 -19"><span class='ocrx_word' id='word_1_229' title='bbox 2214 1526 2350 1584; x_wconf 75' lang='grc' dir='ltr'>εἷναι</span> <span class='ocrx_word' id='word_1_230' title='bbox 2387 1531 2456 1584; x_wconf 83' lang='grc' dir='ltr'>τὰ</span> <span class='ocrx_word' id='word_1_231' title='bbox 2490 1531 2590 1584; x_wconf 82' lang='grc' dir='ltr'>ὅσα</span> <span class='ocrx_word' id='word_1_232' title='bbox 2640 1530 2903 1600; x_wconf 86' lang='grc' dir='ltr'>ἐστέρχθη</span> <span class='ocrx_word' id='word_1_233' title='bbox 2949 1530 3054 1601; x_wconf 85' lang='grc' dir='ltr'>πρὸ</span> <span class='ocrx_word' id='word_1_234' title='bbox 3083 1529 3198 1584; x_wconf 82' lang='grc' dir='ltr'>τοῦ.</span> <span class='ocrx_word' id='word_1_235' title='bbox 3231 1548 3249 1581; x_wconf 76' lang='grc' dir='ltr'>ι</span> <span class='ocrx_word' id='word_1_236' title='bbox 3290 1527 3514 1590; x_wconf 82' lang='grc' dir='ltr'>Ταύταις</span> <span class='ocrx_word' id='word_1_237' title='bbox 3553 1527 3636 1596; x_wconf 77' lang='grc' dir='ltr'>μὲν</span> <span class='ocrx_word' id='word_1_238' title='bbox 3657 1526 3725 1580; x_wconf 74' lang='grc' dir='ltr'>οὖν</span> 
     </span>
    </p>
   </div>
   <div class='ocr_carea' id='block_1_31' title="bbox 2213 1619 3725 1693">
    <p class='ocr_par' dir='ltr' id='par_1_31' title="bbox 2213 1619 3725 1693">
     <span class='ocr_line' id='line_1_31' title="bbox 2213 1619 3725 1693; baseline -0.005 -18"><span class='ocrx_word' id='word_1_239' title='bbox 2213 1623 2404 1685; x_wconf 76' lang='grc' dir='ltr'>αὐταῖς</span> <span class='ocrx_word' id='word_1_240' title='bbox 2449 1621 2699 1692; x_wconf 70' lang='grc' dir='ltr'>καὶπερὶ</span> <span class='ocrx_word' id='word_1_241' title='bbox 2750 1621 3000 1693; x_wconf 79' lang='grc' dir='ltr'>Ἀμϐρου</span> <span class='ocrx_word' id='word_1_242' title='bbox 3045 1623 3165 1682; x_wconf 89' lang='grc' dir='ltr'>ταῖς</span> <span class='ocrx_word' id='word_1_243' title='bbox 3211 1619 3576 1688; x_wconf 82' lang='grc' dir='ltr'>δικαιολογίαις</span> <span class='ocrx_word' id='word_1_244' title='bbox 3599 1619 3725 1686; x_wconf 66' lang='grc' dir='ltr'>ἐχρήα</span> 
     </span>
    </p>
   </div>
   <div class='ocr_carea' id='block_1_32' title="bbox 545 1693 2118 1800">
    <p class='ocr_par' dir='ltr' id='par_1_32' title="bbox 545 1728 2113 1800">
     <span class='ocr_line' id='line_1_32' title="bbox 545 1728 2113 1800; baseline -0.006 -10"><span class='ocrx_word' id='word_1_245' title='bbox 545 1737 958 1800; x_wconf 80' lang='lat' dir='ltr'><strong>contenderunt,</strong></span> <span class='ocrx_word' id='word_1_246' title='bbox 991 1745 1044 1790; x_wconf 89' lang='lat' dir='ltr'>et</span> <span class='ocrx_word' id='word_1_247' title='bbox 1080 1750 1173 1788; x_wconf 87' lang='lat' dir='ltr'><strong>rex</strong></span> <span class='ocrx_word' id='word_1_248' title='bbox 1205 1734 1339 1788; x_wconf 81' lang='lat' dir='ltr'><strong>dixit</strong></span> <span class='ocrx_word' id='word_1_249' title='bbox 1369 1751 1382 1787; x_wconf 89' lang='lat'><strong>:</strong></span> <span class='ocrx_word' id='word_1_250' title='bbox 1420 1751 1439 1784; x_wconf 83' lang='lat' dir='ltr'>t</span> <span class='ocrx_word' id='word_1_251' title='bbox 1474 1731 1609 1785; x_wconf 89' lang='lat' dir='ltr'><strong>Cum</strong></span> <span class='ocrx_word' id='word_1_252' title='bbox 1641 1733 1898 1798; x_wconf 84' lang='lat' dir='ltr'><strong>occupavi</strong></span> <span class='ocrx_word' id='word_1_253' title='bbox 1947 1728 2113 1782; x_wconf 89' lang='lat' dir='ltr'><strong>Scen-</strong></span> 
     </span>
    </p>
   </div>
   <div class='ocr_carea' id='block_1_33' title="bbox 2224 1693 3726 1800">
    <p class='ocr_par' dir='ltr' id='par_1_33' title="bbox 2224 1706 3726 1782">
     <span class='ocr_line' id='line_1_33' title="bbox 2224 1706 3726 1782; baseline -0.007 -16"><span class='ocrx_word' id='word_1_254' title='bbox 2224 1714 2444 1782; x_wconf 81' lang='grc' dir='ltr'>σάσθήν,</span> <span class='ocrx_word' id='word_1_255' title='bbox 2471 1714 2564 1766; x_wconf 67' lang='grc' dir='ltr'>καὶ</span> <span class='ocrx_word' id='word_1_256' title='bbox 2592 1709 2748 1776; x_wconf 77' lang='grc' dir='ltr'>αὖθις</span> <span class='ocrx_word' id='word_1_257' title='bbox 2767 1713 3173 1781; x_wconf 78' lang='grc' dir='ltr'>ἀντελογίζοντο</span> <span class='ocrx_word' id='word_1_258' title='bbox 3201 1712 3330 1782; x_wconf 73' lang='grc' dir='ltr'>περὶ</span> <span class='ocrx_word' id='word_1_259' title='bbox 3350 1709 3602 1771; x_wconf 83' lang='grc' dir='ltr'>Σουανίας.</span> <span class='ocrx_word' id='word_1_260' title='bbox 3619 1708 3664 1760; x_wconf 85' lang='lat'>&#39;0</span> <span class='ocrx_word' id='word_1_261' title='bbox 3685 1706 3726 1757; x_wconf 72' lang='grc' dir='ltr'>δὲ</span> 
     </span>
    </p>
   </div>
   <div class='ocr_carea' id='block_1_34' title="bbox 547 1824 2116 1900">
    <p class='ocr_par' dir='ltr' id='par_1_34' title="bbox 547 1824 2116 1900">
     <span class='ocr_line' id='line_1_34' title="bbox 547 1824 2116 1900; baseline -0.007 -14"><span class='ocrx_word' id='word_1_262' title='bbox 547 1835 639 1886; x_wconf 89' lang='lat' dir='ltr'>des</span> <span class='ocrx_word' id='word_1_263' title='bbox 668 1875 683 1896; x_wconf 89' lang='lat'><strong>,</strong></span> <span class='ocrx_word' id='word_1_264' title='bbox 749 1832 950 1900; x_wconf 87' lang='lat' dir='ltr'><strong>Serapa</strong></span> <span class='ocrx_word' id='word_1_265' title='bbox 1007 1839 1058 1882; x_wconf 88' lang='lat' dir='ltr'>et</span> <span class='ocrx_word' id='word_1_266' title='bbox 1118 1829 1366 1882; x_wconf 85' lang='lat' dir='ltr'><strong>Lazicam</strong></span> <span class='ocrx_word' id='word_1_267' title='bbox 1398 1869 1412 1892; x_wconf 94' lang='lat'>,</span> <span class='ocrx_word' id='word_1_268' title='bbox 1461 1837 1569 1881; x_wconf 89' lang='lat' dir='ltr'><strong>tum</strong></span> <span class='ocrx_word' id='word_1_269' title='bbox 1616 1826 1713 1894; x_wconf 91' lang='lat' dir='ltr'><strong>ipsi</strong></span> <span class='ocrx_word' id='word_1_270' title='bbox 1763 1824 1967 1891; x_wconf 70' lang='lat' dir='ltr'><strong>negatis</strong></span> <span class='ocrx_word' id='word_1_271' title='bbox 2019 1837 2116 1876; x_wconf 88' lang='lat' dir='ltr'>nos</span> 
     </span>
    </p>
   </div>
   <div class='ocr_carea' id='block_1_35' title="bbox 548 1913 2113 1990">
    <p class='ocr_par' dir='ltr' id='par_1_35' title="bbox 548 1913 2113 1990">
     <span class='ocr_line' id='line_1_35' title="bbox 548 1913 2113 1990; baseline -0.008 -13"><span class='ocrx_word' id='word_1_272' title='bbox 548 1925 800 1977; x_wconf 81' lang='lat' dir='ltr'><strong>Suaniam</strong></span> <span class='ocrx_word' id='word_1_273' title='bbox 883 1935 1097 1990; x_wconf 86' lang='lat' dir='ltr'><strong>quoque</strong></span> <span class='ocrx_word' id='word_1_274' title='bbox 1165 1918 1265 1972; x_wconf 88' lang='lat' dir='ltr'>sub</span> <span class='ocrx_word' id='word_1_275' title='bbox 1336 1924 1520 1970; x_wconf 89' lang='lat' dir='ltr'><strong>nostra</strong></span> <span class='ocrx_word' id='word_1_276' title='bbox 1585 1914 1787 1968; x_wconf 91' lang='lat' dir='ltr'><strong>ditione</strong></span> <span class='ocrx_word' id='word_1_277' title='bbox 1842 1913 2113 1965; x_wconf 86' lang='lat' dir='ltr'>habuisse.</span> 
     </span>
    </p>
   </div>
   <div class='ocr_carea' id='block_1_36' title="bbox 549 1998 2118 2082">
    <p class='ocr_par' dir='ltr' id='par_1_36' title="bbox 549 1998 2118 2082">
     <span class='ocr_line' id='line_1_36' title="bbox 549 1998 2118 2082; baseline -0.008 -14"><span class='ocrx_word' id='word_1_278' title='bbox 549 2016 625 2068; x_wconf 80' lang='lat' dir='ltr'><strong>Ex</strong></span> <span class='ocrx_word' id='word_1_279' title='bbox 673 2029 779 2082; x_wconf 92' lang='lat' dir='ltr'><strong>quo</strong></span> <span class='ocrx_word' id='word_1_280' title='bbox 829 2020 1072 2080; x_wconf 83' lang='lat' dir='ltr'><strong>apparet,</strong></span> <span class='ocrx_word' id='word_1_281' title='bbox 1124 2023 1243 2062; x_wconf 84' lang='lat' dir='ltr'>eam</span> <span class='ocrx_word' id='word_1_282' title='bbox 1289 2021 1562 2075; x_wconf 88' lang='lat' dir='ltr'><strong>nunquam</strong></span> <span class='ocrx_word' id='word_1_283' title='bbox 1613 1998 1909 2071; x_wconf 84' lang='lat' dir='ltr'><strong>subiectam</strong></span> <span class='ocrx_word' id='word_1_284' title='bbox 1954 2002 2118 2056; x_wconf 79' lang='lat' dir='ltr'><strong>fuisse</strong></span> 
     </span>
    </p>
   </div>
   <div class='ocr_carea' id='block_1_37' title="bbox 550 2094 2116 2163">
    <p class='ocr_par' dir='ltr' id='par_1_37' title="bbox 550 2094 2116 2163">
     <span class='ocr_line' id='line_1_37' title="bbox 550 2094 2116 2163; baseline -0.008 -5"><span class='ocrx_word' id='word_1_285' title='bbox 550 2106 729 2159; x_wconf 83' lang='lat' dir='ltr'>Lazis.</span> <span class='ocrx_word' id='word_1_286' title='bbox 766 2103 823 2157; x_wconf 89' lang='lat' dir='ltr'>Si</span> <span class='ocrx_word' id='word_1_287' title='bbox 855 2102 996 2156; x_wconf 91' lang='lat' dir='ltr'><strong>enim</strong></span> <span class='ocrx_word' id='word_1_288' title='bbox 1031 2103 1104 2154; x_wconf 90' lang='lat' dir='ltr'>ita</span> <span class='ocrx_word' id='word_1_289' title='bbox 1134 2115 1192 2155; x_wconf 89' lang='lat' dir='ltr'><strong>se</strong></span> <span class='ocrx_word' id='word_1_290' title='bbox 1219 2114 1305 2154; x_wconf 93' lang='lat' dir='ltr'>res</span> <span class='ocrx_word' id='word_1_291' title='bbox 1327 2095 1624 2163; x_wconf 85' lang='lat' dir='ltr'><strong>habuisset,</strong></span> <span class='ocrx_word' id='word_1_292' title='bbox 1658 2110 1760 2149; x_wconf 91' lang='lat' dir='ltr'><strong>uua</strong></span> <span class='ocrx_word' id='word_1_293' title='bbox 1784 2109 1904 2148; x_wconf 89' lang='lat' dir='ltr'><strong>cum</strong></span> <span class='ocrx_word' id='word_1_294' title='bbox 1938 2094 2116 2159; x_wconf 84' lang='lat' dir='ltr'><strong>Lazis,</strong></span> 
     </span>
    </p>
   </div>
   <div class='ocr_carea' id='block_1_38' title="bbox 551 2187 2116 2266">
    <p class='ocr_par' dir='ltr' id='par_1_38' title="bbox 551 2187 2116 2266">
     <span class='ocr_line' id='line_1_38' title="bbox 551 2187 2116 2266; baseline -0.008 -16"><span class='ocrx_word' id='word_1_295' title='bbox 551 2199 750 2266; x_wconf 86' lang='lat' dir='ltr'><strong>quippe</strong></span> <span class='ocrx_word' id='word_1_296' title='bbox 798 2195 888 2264; x_wconf 89' lang='lat' dir='ltr'>qui</span> <span class='ocrx_word' id='word_1_297' title='bbox 947 2193 1230 2263; x_wconf 88' lang='lat' dir='ltr'><strong>imperium</strong></span> <span class='ocrx_word' id='word_1_298' title='bbox 1261 2191 1395 2259; x_wconf 81' lang='lat' dir='ltr'><strong>eius</strong></span> <span class='ocrx_word' id='word_1_299' title='bbox 1457 2195 1724 2255; x_wconf 89' lang='lat' dir='ltr'><strong>tenerent,</strong></span> <span class='ocrx_word' id='word_1_300' title='bbox 1772 2187 1827 2240; x_wconf 92' lang='lat' dir='ltr'>in</span> <span class='ocrx_word' id='word_1_301' title='bbox 1875 2197 2116 2241; x_wconf 89' lang='lat' dir='ltr'><strong>nostram</strong></span> 
     </span>
    </p>
   </div>
   <div class='ocr_carea' id='block_1_39' title="bbox 550 2278 2112 2359">
    <p class='ocr_par' dir='ltr' id='par_1_39' title="bbox 550 2278 2112 2359">
     <span class='ocr_line' id='line_1_39' title="bbox 550 2278 2112 2359; baseline -0.009 -16"><span class='ocrx_word' id='word_1_302' title='bbox 550 2297 872 2359; x_wconf 85' lang='lat' dir='ltr'><strong>potestatem</strong></span> <span class='ocrx_word' id='word_1_303' title='bbox 921 2286 1175 2340; x_wconf 83' lang='lat' dir='ltr'><strong>venisset.</strong></span> <span class='ocrx_word' id='word_1_304' title='bbox 1240 2302 1258 2335; x_wconf 74' lang='grc' dir='ltr'>ι</span> <span class='ocrx_word' id='word_1_305' title='bbox 1311 2282 1502 2337; x_wconf 88' lang='lat' dir='ltr'><strong>Petrus</strong></span> <span class='ocrx_word' id='word_1_306' title='bbox 1542 2289 1732 2336; x_wconf 88' lang='lat' dir='ltr'><strong>contra</strong></span> <span class='ocrx_word' id='word_1_307' title='bbox 1787 2278 2112 2348; x_wconf 86' lang='lat' dir='ltr'><strong>respondit:</strong></span> 
     </span>
    </p>
   </div>
   <div class='ocr_carea' id='block_1_40' title="bbox 553 2368 2119 2443">
    <p class='ocr_par' dir='ltr' id='par_1_40' title="bbox 553 2368 2119 2443">
     <span class='ocr_line' id='line_1_40' title="bbox 553 2368 2119 2443; baseline -0.007 -13"><span class='ocrx_word' id='word_1_308' title='bbox 553 2397 577 2430; x_wconf 68' lang='grc' dir='ltr'>ο</span> <span class='ocrx_word' id='word_1_309' title='bbox 621 2379 734 2434; x_wconf 88' lang='lat' dir='ltr'><strong>Hoc</strong></span> <span class='ocrx_word' id='word_1_310' title='bbox 761 2379 966 2432; x_wconf 79' lang='lat' dir='ltr'><strong>factum</strong></span> <span class='ocrx_word' id='word_1_311' title='bbox 1005 2391 1110 2432; x_wconf 89' lang='lat' dir='ltr'>non</span> <span class='ocrx_word' id='word_1_312' title='bbox 1155 2383 1258 2439; x_wconf 87' lang='lat' dir='ltr'><strong>est,</strong></span> <span class='ocrx_word' id='word_1_313' title='bbox 1288 2372 1411 2443; x_wconf 92' lang='lat' dir='ltr'><strong>quia</strong></span> <span class='ocrx_word' id='word_1_314' title='bbox 1441 2371 1608 2426; x_wconf 89' lang='lat' dir='ltr'><strong>Suani</strong></span> <span class='ocrx_word' id='word_1_315' title='bbox 1636 2385 1666 2424; x_wconf 91' lang='lat' dir='ltr'><strong>a</strong></span> <span class='ocrx_word' id='word_1_316' title='bbox 1697 2369 1850 2424; x_wconf 86' lang='lat' dir='ltr'><strong>nobis</strong></span> <span class='ocrx_word' id='word_1_317' title='bbox 1879 2384 1983 2421; x_wconf 86' lang='lat' dir='ltr'>non</span> <span class='ocrx_word' id='word_1_318' title='bbox 2027 2368 2119 2421; x_wconf 82' lang='lat' dir='ltr'><strong>de-</strong></span> 
     </span>
    </p>
   </div>
   <div class='ocr_carea' id='block_1_41' title="bbox 550 2456 2117 2536">
    <p class='ocr_par' dir='ltr' id='par_1_41' title="bbox 550 2456 2117 2536">
     <span class='ocr_line' id='line_1_41' title="bbox 550 2456 2117 2536; baseline -0.009 -13"><span class='ocrx_word' id='word_1_319' title='bbox 550 2469 836 2531; x_wconf 77' lang='lat' dir='ltr'><strong>fecerunt,</strong></span> <span class='ocrx_word' id='word_1_320' title='bbox 894 2465 1352 2536; x_wconf 85' lang='lat' dir='ltr'><strong>quemadmodum</strong></span> <span class='ocrx_word' id='word_1_321' title='bbox 1408 2463 1576 2526; x_wconf 88' lang='lat' dir='ltr'><strong>Lazi,</strong></span> <span class='ocrx_word' id='word_1_322' title='bbox 1636 2461 1830 2529; x_wconf 89' lang='lat' dir='ltr'><strong>quibus</strong></span> <span class='ocrx_word' id='word_1_323' title='bbox 1894 2456 2117 2524; x_wconf 83' lang='lat' dir='ltr'><strong>subiecti</strong></span> 
     </span>
    </p>
   </div>
   <div class='ocr_carea' id='block_1_42' title="bbox 551 2555 2117 2627">
    <p class='ocr_par' dir='ltr' id='par_1_42' title="bbox 551 2555 2117 2627">
     <span class='ocr_line' id='line_1_42' title="bbox 551 2555 2117 2627; baseline -0.011 -12"><span class='ocrx_word' id='word_1_324' title='bbox 551 2570 726 2616; x_wconf 89' lang='lat' dir='ltr'><strong>erant.</strong></span> <span class='ocrx_word' id='word_1_325' title='bbox 756 2560 867 2614; x_wconf 83' lang='lat' dir='ltr'><strong>Hoc</strong></span> <span class='ocrx_word' id='word_1_326' title='bbox 899 2560 1060 2627; x_wconf 78' lang='lat' dir='ltr'><strong>igitur</strong></span> <span class='ocrx_word' id='word_1_327' title='bbox 1091 2555 1320 2617; x_wconf 78' lang='lat' dir='ltr'><strong>aﬂirmo,</strong></span> <span class='ocrx_word' id='word_1_328' title='bbox 1360 2567 1545 2608; x_wconf 83' lang='lat' dir='ltr'><strong>servos</strong></span> <span class='ocrx_word' id='word_1_329' title='bbox 1581 2564 1858 2605; x_wconf 85' lang='lat' dir='ltr'><strong>servorum</strong></span> <span class='ocrx_word' id='word_1_330' title='bbox 1906 2557 2117 2601; x_wconf 53' lang='lat' dir='ltr'><strong>nostra»</strong></span> 
     </span>
    </p>
   </div>
   <div class='ocr_carea' id='block_1_43' title="bbox 552 2637 2118 2718">
    <p class='ocr_par' dir='ltr' id='par_1_43' title="bbox 552 2637 2118 2718">
     <span class='ocr_line' id='line_1_43' title="bbox 552 2637 2118 2718; baseline -0.01 -13"><span class='ocrx_word' id='word_1_331' title='bbox 552 2668 672 2705; x_wconf 89' lang='lat' dir='ltr'><strong>rum</strong></span> <span class='ocrx_word' id='word_1_332' title='bbox 691 2665 965 2718; x_wconf 83' lang='lat' dir='ltr'><strong>nunquam</strong></span> <span class='ocrx_word' id='word_1_333' title='bbox 994 2665 1019 2699; x_wconf 92' lang='lat' dir='ltr'><strong>a</strong></span> <span class='ocrx_word' id='word_1_334' title='bbox 1047 2648 1203 2702; x_wconf 86' lang='lat' dir='ltr'><strong>nobis</strong></span> <span class='ocrx_word' id='word_1_335' title='bbox 1225 2644 1539 2699; x_wconf 84' lang='lat' dir='ltr'><strong>descivisse.</strong></span> <span class='ocrx_word' id='word_1_336' title='bbox 1574 2660 1593 2694; x_wconf 70' lang='grc' dir='ltr'>ι</span> <span class='ocrx_word' id='word_1_337' title='bbox 1623 2641 1692 2696; x_wconf 84' lang='lat' dir='ltr'><strong>At</strong></span> <span class='ocrx_word' id='word_1_338' title='bbox 1721 2654 1819 2694; x_wconf 81' lang='lat' dir='ltr'><strong>rex</strong></span> <span class='ocrx_word' id='word_1_339' title='bbox 1846 2656 1861 2694; x_wconf 90' lang='lat'><strong>:</strong></span> <span class='ocrx_word' id='word_1_340' title='bbox 1900 2656 1919 2690; x_wconf 80' lang='grc' dir='ltr'>ι</span> <span class='ocrx_word' id='word_1_341' title='bbox 1952 2637 2118 2692; x_wconf 82' lang='lat' dir='ltr'><strong>Hodie</strong></span> 
     </span>
    </p>
   </div>
   <div class='ocr_carea' id='block_1_44' title="bbox 554 2731 2117 2809">
    <p class='ocr_par' dir='ltr' id='par_1_44' title="bbox 554 2731 2117 2809">
     <span class='ocr_line' id='line_1_44' title="bbox 554 2731 2117 2809; baseline -0.008 -15"><span class='ocrx_word' id='word_1_342' title='bbox 554 2743 930 2809; x_wconf 66' lang='lat' dir='ltr'><strong>praeterierunt</strong></span> <span class='ocrx_word' id='word_1_343' title='bbox 958 2739 1144 2792; x_wconf 83' lang='lat' dir='ltr'><strong>decem</strong></span> <span class='ocrx_word' id='word_1_344' title='bbox 1175 2736 1322 2800; x_wconf 90' lang='lat' dir='ltr'><strong>anui,</strong></span> <span class='ocrx_word' id='word_1_345' title='bbox 1343 2750 1412 2790; x_wconf 85' lang='lat' dir='ltr'>ex</span> <span class='ocrx_word' id='word_1_346' title='bbox 1443 2747 1553 2803; x_wconf 90' lang='lat' dir='ltr'><strong>quo</strong></span> <span class='ocrx_word' id='word_1_347' title='bbox 1603 2731 1859 2788; x_wconf 84' lang='lat' dir='ltr'><strong>Suaniam</strong></span> <span class='ocrx_word' id='word_1_348' title='bbox 1890 2743 2117 2798; x_wconf 85' lang='lat' dir='ltr'><strong>occupa-</strong></span> 
     </span>
    </p>
   </div>
   <div class='ocr_carea' id='block_1_45' title="bbox 556 2821 2118 2897">
    <p class='ocr_par' dir='ltr' id='par_1_45' title="bbox 556 2821 2118 2897">
     <span class='ocr_line' id='line_1_45' title="bbox 556 2821 2118 2897; baseline -0.005 -15"><span class='ocrx_word' id='word_1_349' title='bbox 556 2835 750 2885; x_wconf 82' lang='lat' dir='ltr'><strong>vimus.</strong></span> <span class='ocrx_word' id='word_1_350' title='bbox 803 2829 1030 2897; x_wconf 78' lang='lat' dir='ltr'><strong>Legatos</strong></span> <span class='ocrx_word' id='word_1_351' title='bbox 1077 2827 1272 2896; x_wconf 63' lang='lat' dir='ltr'><strong>sepius</strong></span> <span class='ocrx_word' id='word_1_352' title='bbox 1320 2841 1350 2879; x_wconf 90' lang='lat' dir='ltr'>a</span> <span class='ocrx_word' id='word_1_353' title='bbox 1398 2826 1554 2880; x_wconf 87' lang='lat' dir='ltr'><strong>vobis</strong></span> <span class='ocrx_word' id='word_1_354' title='bbox 1597 2823 1932 2892; x_wconf 80' lang='lat' dir='ltr'><strong>excepimus,</strong></span> <span class='ocrx_word' id='word_1_355' title='bbox 1960 2831 2015 2875; x_wconf 92' lang='lat' dir='ltr'>et</span> <span class='ocrx_word' id='word_1_356' title='bbox 2053 2821 2118 2874; x_wconf 90' lang='lat' dir='ltr'>ad</span> 
     </span>
    </p>
   </div>
   <div class='ocr_carea' id='block_1_46' title="bbox 555 2911 2116 2983">
    <p class='ocr_par' dir='ltr' id='par_1_46' title="bbox 555 2911 2116 2983">
     <span class='ocr_line' id='line_1_46' title="bbox 555 2911 2116 2983; baseline -0.007 -9"><span class='ocrx_word' id='word_1_357' title='bbox 555 2937 652 2977; x_wconf 81' lang='lat' dir='ltr'>vos</span> <span class='ocrx_word' id='word_1_358' title='bbox 682 2921 946 2975; x_wconf 85' lang='lat' dir='ltr'><strong>misimus.</strong></span> <span class='ocrx_word' id='word_1_359' title='bbox 991 2919 1100 2973; x_wconf 88' lang='lat' dir='ltr'>Cur</span> <span class='ocrx_word' id='word_1_360' title='bbox 1130 2917 1347 2972; x_wconf 84' lang='lat' dir='ltr'><strong>tandem</strong></span> <span class='ocrx_word' id='word_1_361' title='bbox 1382 2915 1582 2971; x_wconf 86' lang='lat' dir='ltr'><strong>nullam</strong></span> <span class='ocrx_word' id='word_1_362' title='bbox 1618 2928 1857 2983; x_wconf 87' lang='lat' dir='ltr'><strong>unquam</strong></span> <span class='ocrx_word' id='word_1_363' title='bbox 1885 2911 2116 2966; x_wconf 85' lang='lat' dir='ltr'><strong>mentio-</strong></span> 
     </span>
    </p>
   </div>
   <div class='ocr_carea' id='block_1_47' title="bbox 2221 1800 3725 1877">
    <p class='ocr_par' dir='ltr' id='par_1_47' title="bbox 2221 1800 3725 1877">
     <span class='ocr_line' id='line_1_47' title="bbox 2221 1800 3725 1877; baseline -0.007 -17"><span class='ocrx_word' id='word_1_364' title='bbox 2221 1807 2474 1877; x_wconf 76' lang='grc' dir='ltr'>βασιλεὺς</span> <span class='ocrx_word' id='word_1_365' title='bbox 2508 1802 2695 1859; x_wconf 79' lang='grc' dir='ltr'>εἶπεν·</span> <span class='ocrx_word' id='word_1_366' title='bbox 2739 1824 2758 1857; x_wconf 77' lang='grc' dir='ltr'>ι</span> <span class='ocrx_word' id='word_1_367' title='bbox 2809 1805 3081 1874; x_wconf 77' lang='grc' dir='ltr'>Ὀπήνίκα</span> <span class='ocrx_word' id='word_1_368' title='bbox 3131 1802 3308 1872; x_wconf 73' lang='grc' dir='ltr'>ἔγωγε</span> <span class='ocrx_word' id='word_1_369' title='bbox 3362 1800 3725 1869; x_wconf 75' lang='grc' dir='ltr'>παρεστησάμην</span> 
     </span>
    </p>
   </div>
   <div class='ocr_carea' id='block_1_48' title="bbox 2221 1892 3723 1968">
    <p class='ocr_par' dir='ltr' id='par_1_48' title="bbox 2221 1892 3723 1968">
     <span class='ocr_line' id='line_1_48' title="bbox 2221 1892 3723 1968; baseline -0.009 -16"><span class='ocrx_word' id='word_1_370' title='bbox 2221 1899 2465 1961; x_wconf 85' lang='grc' dir='ltr'>Σκένδεις</span> <span class='ocrx_word' id='word_1_371' title='bbox 2496 1916 2554 1951; x_wconf 87' lang='grc' dir='ltr'>τε</span> <span class='ocrx_word' id='word_1_372' title='bbox 2575 1898 2668 1951; x_wconf 76' lang='grc' dir='ltr'>καὶ</span> <span class='ocrx_word' id='word_1_373' title='bbox 2701 1898 2932 1968; x_wconf 77' lang='grc' dir='ltr'>Σάραπα</span> <span class='ocrx_word' id='word_1_374' title='bbox 2959 1897 3053 1950; x_wconf 78' lang='grc' dir='ltr'>καὶ</span> <span class='ocrx_word' id='word_1_375' title='bbox 3082 1895 3348 1966; x_wconf 79' lang='grc' dir='ltr'>Λαζικὴν,</span> <span class='ocrx_word' id='word_1_376' title='bbox 3375 1895 3520 1964; x_wconf 80' lang='grc' dir='ltr'>ὑμεῖς</span> <span class='ocrx_word' id='word_1_377' title='bbox 3545 1892 3594 1942; x_wconf 68' lang='grc' dir='ltr'>οὗ</span> <span class='ocrx_word' id='word_1_378' title='bbox 3624 1904 3723 1956; x_wconf 74' lang='grc' dir='ltr'>φατε</span> 
     </span>
    </p>
   </div>
   <div class='ocr_carea' id='block_1_49' title="bbox 2219 1979 3724 2061">
    <p class='ocr_par' dir='ltr' id='par_1_49' title="bbox 2219 1979 3724 2061">
     <span class='ocr_line' id='line_1_49' title="bbox 2219 1979 3724 2061; baseline -0.009 -18"><span class='ocrx_word' id='word_1_379' title='bbox 2219 1992 2300 2043; x_wconf 76' lang='grc' dir='ltr'>ὅτι</span> <span class='ocrx_word' id='word_1_380' title='bbox 2337 1992 2380 2022; x_wconf 84' lang='grc'>¹⁸</span> <span class='ocrx_word' id='word_1_381' title='bbox 2408 1988 2708 2061; x_wconf 79' lang='grc' dir='ltr'>τηνικαῦτα</span> <span class='ocrx_word' id='word_1_382' title='bbox 2738 1988 2998 2042; x_wconf 88' lang='grc' dir='ltr'>Σουανίαν</span> <span class='ocrx_word' id='word_1_383' title='bbox 3029 1989 3085 2040; x_wconf 91' lang='grc' dir='ltr'>ἐν</span> <span class='ocrx_word' id='word_1_384' title='bbox 3116 1985 3373 2055; x_wconf 74' lang='grc' dir='ltr'>ὑπηκόων</span> <span class='ocrx_word' id='word_1_385' title='bbox 3394 1984 3549 2052; x_wconf 71' lang='grc' dir='ltr'>εἴχετε</span> <span class='ocrx_word' id='word_1_386' title='bbox 3585 1979 3724 2051; x_wconf 66' lang='grc' dir='ltr'>μοίρᾳ.</span> 
     </span>
    </p>
   </div>
   <div class='ocr_carea' id='block_1_50' title="bbox 2222 2070 3726 2147">
    <p class='ocr_par' dir='ltr' id='par_1_50' title="bbox 2222 2070 3726 2147">
     <span class='ocr_line' id='line_1_50' title="bbox 2222 2070 3726 2147; baseline -0.005 -11"><span class='ocrx_word' id='word_1_387' title='bbox 2222 2083 2453 2137; x_wconf 71' lang='grc' dir='ltr'>Εὔδηλον</span> <span class='ocrx_word' id='word_1_388' title='bbox 2486 2081 2579 2137; x_wconf 77' lang='grc' dir='ltr'>οὖν</span> <span class='ocrx_word' id='word_1_389' title='bbox 2605 2081 2872 2143; x_wconf 80' lang='grc' dir='ltr'>ἐντεῦθεν,</span> <span class='ocrx_word' id='word_1_390' title='bbox 2921 2080 2997 2142; x_wconf 84' lang='grc' dir='ltr'>ὡς</span> <span class='ocrx_word' id='word_1_391' title='bbox 3045 2077 3146 2132; x_wconf 81' lang='grc' dir='ltr'>οὐκ</span> <span class='ocrx_word' id='word_1_392' title='bbox 3185 2078 3476 2147; x_wconf 87' lang='grc' dir='ltr'>ἐτύγχανον</span> <span class='ocrx_word' id='word_1_393' title='bbox 3503 2078 3625 2135; x_wconf 69' lang='grc' dir='ltr'>ὄντες</span> <span class='ocrx_word' id='word_1_394' title='bbox 3652 2070 3726 2124; x_wconf 70' lang='grc' dir='ltr'>ὑπὸ</span> 
     </span>
    </p>
   </div>
   <div class='ocr_carea' id='block_1_51' title="bbox 2220 2163 3726 2244">
    <p class='ocr_par' dir='ltr' id='par_1_51' title="bbox 2220 2163 3726 2244">
     <span class='ocr_line' id='line_1_51' title="bbox 2220 2163 3726 2244; baseline -0.011 -14"><span class='ocrx_word' id='word_1_395' title='bbox 2220 2177 2451 2240; x_wconf 71' lang='grc' dir='ltr'>Λαζοὺς.</span> <span class='ocrx_word' id='word_1_396' title='bbox 2479 2171 2556 2227; x_wconf 87' lang='grc' dir='ltr'>Ἦ</span> <span class='ocrx_word' id='word_1_397' title='bbox 2600 2174 2709 2244; x_wconf 80' lang='grc' dir='ltr'>γάρ</span> <span class='ocrx_word' id='word_1_398' title='bbox 2729 2175 2795 2228; x_wconf 84' lang='grc' dir='ltr'>ἂν</span> <span class='ocrx_word' id='word_1_399' title='bbox 2839 2174 2881 2204; x_wconf 83' lang='grc'>¹⁹</span> <span class='ocrx_word' id='word_1_400' title='bbox 2916 2172 3012 2224; x_wconf 76' lang='grc' dir='ltr'>καὶ</span> <span class='ocrx_word' id='word_1_401' title='bbox 3039 2171 3193 2224; x_wconf 75' lang='grc' dir='ltr'>αὐτοὶ</span> <span class='ocrx_word' id='word_1_402' title='bbox 3233 2171 3326 2237; x_wconf 75' lang='grc' dir='ltr'>ξὺν</span> <span class='ocrx_word' id='word_1_403' title='bbox 3359 2170 3466 2230; x_wconf 88' lang='grc' dir='ltr'>τοῖς</span> <span class='ocrx_word' id='word_1_404' title='bbox 3497 2163 3726 2232; x_wconf 73' lang='grc' dir='ltr'>κρατοῦσιν</span> 
     </span>
    </p>
   </div>
   <div class='ocr_carea' id='block_1_52' title="bbox 2221 2253 3722 2341">
    <p class='ocr_par' dir='ltr' id='par_1_52' title="bbox 2221 2253 3722 2341">
     <span class='ocr_line' id='line_1_52' title="bbox 2221 2253 3722 2341; baseline -0.011 -20"><span class='ocrx_word' id='word_1_405' title='bbox 2221 2272 2351 2341; x_wconf 89' lang='grc' dir='ltr'>ήμῖν</span> <span class='ocrx_word' id='word_1_406' title='bbox 2412 2253 2829 2339; x_wconf 81' lang='grc' dir='ltr'>προεχώρησαν.</span> <span class='ocrx_word' id='word_1_407' title='bbox 2867 2253 2888 2318; x_wconf 54' lang='grc' dir='ltr'>ι’</span> <span class='ocrx_word' id='word_1_408' title='bbox 2938 2264 2996 2317; x_wconf 83' lang='lat'>&#39;0</span> <span class='ocrx_word' id='word_1_409' title='bbox 3048 2264 3263 2334; x_wconf 81' lang='grc' dir='ltr'>Πέτρος</span> <span class='ocrx_word' id='word_1_410' title='bbox 3311 2261 3410 2332; x_wconf 76' lang='grc' dir='ltr'>ἔφη</span> <span class='ocrx_word' id='word_1_411' title='bbox 3461 2255 3722 2328; x_wconf 71' lang='grc' dir='ltr'>ἀμοιϐαδὸν·</span> 
     </span>
    </p>
   </div>
   <div class='ocr_carea' id='block_1_53' title="bbox 2228 2343 3724 2422">
    <p class='ocr_par' dir='ltr' id='par_1_53' title="bbox 2228 2343 3724 2422">
     <span class='ocr_line' id='line_1_53' title="bbox 2228 2343 3724 2422; baseline -0.01 -14"><span class='ocrx_word' id='word_1_412' title='bbox 2228 2374 2246 2408; x_wconf 86' lang='grc' dir='ltr'>ι</span> <span class='ocrx_word' id='word_1_413' title='bbox 2279 2357 2435 2410; x_wconf 82' lang='grc' dir='ltr'>τοῦτο</span> <span class='ocrx_word' id='word_1_414' title='bbox 2491 2356 2549 2408; x_wconf 82' lang='grc' dir='ltr'>ού</span> <span class='ocrx_word' id='word_1_415' title='bbox 2579 2355 2823 2422; x_wconf 86' lang='grc' dir='ltr'>γέγονεν,</span> <span class='ocrx_word' id='word_1_416' title='bbox 2859 2351 2983 2404; x_wconf 76' lang='grc' dir='ltr'>ἐπεὶ</span> <span class='ocrx_word' id='word_1_417' title='bbox 3040 2352 3068 2403; x_wconf 91' lang='lat'>6</span> <span class='ocrx_word' id='word_1_418' title='bbox 3116 2351 3353 2411; x_wconf 86' lang='grc' dir='ltr'>Σουάνος</span> <span class='ocrx_word' id='word_1_419' title='bbox 3412 2347 3505 2400; x_wconf 85' lang='grc' dir='ltr'>οὐκ</span> <span class='ocrx_word' id='word_1_420' title='bbox 3547 2343 3724 2408; x_wconf 76' lang='grc' dir='ltr'>ἀπέστη,</span> 
     </span>
    </p>
   </div>
   <div class='ocr_carea' id='block_1_54' title="bbox 2221 2433 3725 2516">
    <p class='ocr_par' dir='ltr' id='par_1_54' title="bbox 2221 2433 3725 2516">
     <span class='ocr_line' id='line_1_54' title="bbox 2221 2433 3725 2516; baseline -0.013 -15"><span class='ocrx_word' id='word_1_421' title='bbox 2221 2447 2363 2501; x_wconf 76' lang='grc' dir='ltr'>καθὰ</span> <span class='ocrx_word' id='word_1_422' title='bbox 2408 2444 2673 2516; x_wconf 83' lang='grc' dir='ltr'>δήπουθεν</span> <span class='ocrx_word' id='word_1_423' title='bbox 2713 2439 2773 2498; x_wconf 73' lang='grc' dir='ltr'>οὗ</span> <span class='ocrx_word' id='word_1_424' title='bbox 2824 2444 2869 2474; x_wconf 82' lang='grc'>¹⁰</span> <span class='ocrx_word' id='word_1_425' title='bbox 2919 2440 3104 2516; x_wconf 80' lang='grc' dir='ltr'>δοῦλος</span> <span class='ocrx_word' id='word_1_426' title='bbox 3144 2435 3211 2509; x_wconf 80' lang='grc' dir='ltr'>ἦν</span> <span class='ocrx_word' id='word_1_427' title='bbox 3251 2441 3279 2493; x_wconf 92' lang='lat'>6</span> <span class='ocrx_word' id='word_1_428' title='bbox 3318 2437 3501 2502; x_wconf 74' lang='grc' dir='ltr'>Λαζός.</span> <span class='ocrx_word' id='word_1_429' title='bbox 3534 2433 3725 2503; x_wconf 70' lang='grc' dir='ltr'>Φημὶδὲ,</span> 
     </span>
    </p>
   </div>
   <div class='ocr_carea' id='block_1_55' title="bbox 2220 2525 3726 2608">
    <p class='ocr_par' dir='ltr' id='par_1_55' title="bbox 2220 2525 3726 2608">
     <span class='ocr_line' id='line_1_55' title="bbox 2220 2525 3726 2608; baseline -0.017 -5"><span class='ocrx_word' id='word_1_430' title='bbox 2220 2539 2296 2602; x_wconf 84' lang='grc' dir='ltr'>ὡς</span> <span class='ocrx_word' id='word_1_431' title='bbox 2341 2539 2432 2592; x_wconf 82' lang='grc' dir='ltr'>τοῦ</span> <span class='ocrx_word' id='word_1_432' title='bbox 2467 2538 2568 2592; x_wconf 83' lang='grc' dir='ltr'>καθ</span> <span class='ocrx_word' id='word_1_433' title='bbox 2588 2539 2600 2557; x_wconf 90' lang='grc'>’</span> <span class='ocrx_word' id='word_1_434' title='bbox 2628 2538 2774 2608; x_wconf 78' lang='grc' dir='ltr'>ἡμᾶς</span> <span class='ocrx_word' id='word_1_435' title='bbox 2803 2535 2990 2588; x_wconf 88' lang='grc' dir='ltr'>δούλου</span> <span class='ocrx_word' id='word_1_436' title='bbox 3023 2536 3051 2588; x_wconf 88' lang='lat'>6</span> <span class='ocrx_word' id='word_1_437' title='bbox 3083 2532 3278 2596; x_wconf 82' lang='grc' dir='ltr'>δοῦλος</span> <span class='ocrx_word' id='word_1_438' title='bbox 3308 2530 3583 2601; x_wconf 80' lang='grc' dir='ltr'>ἀφηνίασεν</span> <span class='ocrx_word' id='word_1_439' title='bbox 3608 2525 3726 2578; x_wconf 68' lang='grc' dir='ltr'>οὖδαο</span> 
     </span>
    </p>
   </div>
   <div class='ocr_carea' id='block_1_56' title="bbox 2225 2611 3726 2698">
    <p class='ocr_par' dir='ltr' id='par_1_56' title="bbox 2225 2611 3726 2698">
     <span class='ocr_line' id='line_1_56' title="bbox 2225 2611 3726 2698; baseline -0.019 -6"><span class='ocrx_word' id='word_1_440' title='bbox 2225 2627 2361 2697; x_wconf 78' lang='grc' dir='ltr'>μῶςο</span> <span class='ocrx_word' id='word_1_441' title='bbox 2397 2646 2415 2677; x_wconf 75' lang='grc' dir='ltr'>ι</span> <span class='ocrx_word' id='word_1_442' title='bbox 2437 2627 2708 2696; x_wconf 75' lang='grc' dir='ltr'>Τήμερον,</span> <span class='ocrx_word' id='word_1_443' title='bbox 2749 2640 2768 2674; x_wconf 75' lang='grc' dir='ltr'>ι</span> <span class='ocrx_word' id='word_1_444' title='bbox 2793 2619 2946 2675; x_wconf 83' lang='grc' dir='ltr'>εἶπεν</span> <span class='ocrx_word' id='word_1_445' title='bbox 2976 2623 3018 2653; x_wconf 77' lang='grc' dir='ltr'>’ί</span> <span class='ocrx_word' id='word_1_446' title='bbox 3048 2622 3078 2673; x_wconf 90' lang='lat'>6</span> <span class='ocrx_word' id='word_1_447' title='bbox 3120 2618 3412 2698; x_wconf 61' lang='grc' dir='ltr'>βξασιλεὺς,</span> <span class='ocrx_word' id='word_1_448' title='bbox 3457 2635 3476 2668; x_wconf 81' lang='grc' dir='ltr'>ι</span> <span class='ocrx_word' id='word_1_449' title='bbox 3513 2615 3621 2668; x_wconf 78' lang='grc' dir='ltr'>δέκα</span> <span class='ocrx_word' id='word_1_450' title='bbox 3653 2611 3726 2681; x_wconf 70' lang='grc' dir='ltr'>ἤδη</span> 
     </span>
    </p>
   </div>
   <div class='ocr_carea' id='block_1_57' title="bbox 2223 2703 3727 2786">
    <p class='ocr_par' dir='ltr' id='par_1_57' title="bbox 2223 2703 3727 2786">
     <span class='ocr_line' id='line_1_57' title="bbox 2223 2703 3727 2786; baseline -0.011 -15"><span class='ocrx_word' id='word_1_451' title='bbox 2223 2718 2614 2786; x_wconf 83' lang='grc' dir='ltr'>παρῳχήκασιν</span> <span class='ocrx_word' id='word_1_452' title='bbox 2660 2713 2933 2777; x_wconf 75' lang='grc' dir='ltr'>ἐνιαυτοὶ,</span> <span class='ocrx_word' id='word_1_453' title='bbox 2988 2712 3049 2777; x_wconf 82' lang='grc' dir='ltr'>ἐξ</span> <span class='ocrx_word' id='word_1_454' title='bbox 3106 2705 3167 2763; x_wconf 75' lang='grc' dir='ltr'>οὗ</span> <span class='ocrx_word' id='word_1_455' title='bbox 3200 2710 3464 2764; x_wconf 89' lang='grc' dir='ltr'>Σουανίαν</span> <span class='ocrx_word' id='word_1_456' title='bbox 3497 2707 3548 2758; x_wconf 88' lang='grc' dir='ltr'>ἐν</span> <span class='ocrx_word' id='word_1_457' title='bbox 3577 2703 3727 2771; x_wconf 76' lang='grc' dir='ltr'>κατοχῇ</span> 
     </span>
    </p>
   </div>
   <div class='ocr_carea' id='block_1_58' title="bbox 2221 2791 3730 2883">
    <p class='ocr_par' dir='ltr' id='par_1_58' title="bbox 2221 2791 3730 2883">
     <span class='ocr_line' id='line_1_58' title="bbox 2221 2791 3730 2883; baseline -0.015 -18"><span class='ocrx_word' id='word_1_458' title='bbox 2221 2812 2559 2883; x_wconf 79' lang='grc' dir='ltr'>ἐποιήσαμεν</span> <span class='ocrx_word' id='word_1_459' title='bbox 2587 2824 2601 2838; x_wconf 85' lang='lat'><strong><em>°</em></strong></span> <span class='ocrx_word' id='word_1_460' title='bbox 2640 2806 2895 2879; x_wconf 80' lang='grc' dir='ltr'>πρέσϐεις</span> <span class='ocrx_word' id='word_1_461' title='bbox 2945 2803 3204 2867; x_wconf 85' lang='grc' dir='ltr'>πολλάκις</span> <span class='ocrx_word' id='word_1_462' title='bbox 3278 2798 3556 2870; x_wconf 80' lang='grc' dir='ltr'>ἐδεξάμεοά</span> <span class='ocrx_word' id='word_1_463' title='bbox 3594 2813 3642 2847; x_wconf 86' lang='grc' dir='ltr'>τε</span> <span class='ocrx_word' id='word_1_464' title='bbox 3665 2791 3730 2845; x_wconf 58' lang='grc' dir='ltr'>καὶ</span> 
     </span>
    </p>
   </div>
   <div class='ocr_carea' id='block_1_59' title="bbox 2222 2886 3729 2971">
    <p class='ocr_par' dir='ltr' id='par_1_59' title="bbox 2222 2886 3729 2971">
     <span class='ocr_line' id='line_1_59' title="bbox 2222 2886 3729 2971; baseline -0.015 -15"><span class='ocrx_word' id='word_1_465' title='bbox 2222 2901 2614 2971; x_wconf 80' lang='grc' dir='ltr'>ἐξεπέμψαμεν</span> <span class='ocrx_word' id='word_1_466' title='bbox 2643 2899 2718 2963; x_wconf 82' lang='grc' dir='ltr'>ὡς</span> <span class='ocrx_word' id='word_1_467' title='bbox 2756 2897 3061 2967; x_wconf 87' lang='grc' dir='ltr'>Ῥωμαίους</span> <span class='ocrx_word' id='word_1_468' title='bbox 3089 2912 3105 2927; x_wconf 76' lang='grc' dir='ltr'>ο</span> <span class='ocrx_word' id='word_1_469' title='bbox 3136 2894 3232 2948; x_wconf 85' lang='grc' dir='ltr'>καὶ</span> <span class='ocrx_word' id='word_1_470' title='bbox 3259 2895 3314 2948; x_wconf 88' lang='grc' dir='ltr'>τί</span> <span class='ocrx_word' id='word_1_471' title='bbox 3337 2893 3465 2963; x_wconf 81' lang='grc' dir='ltr'>δῆτα</span> <span class='ocrx_word' id='word_1_472' title='bbox 3499 2892 3551 2953; x_wconf 78' lang='grc' dir='ltr'>ἐξ</span> <span class='ocrx_word' id='word_1_473' title='bbox 3573 2886 3729 2940; x_wconf 75' lang='grc' dir='ltr'>ἐκείνου</span> 
     </span>
    </p>
   </div>
   <div class='ocr_carea' id='block_1_60' title="bbox 555 2980 2118 3093">
    <p class='ocr_par' dir='ltr' id='par_1_60' title="bbox 555 2980 2116 3072">
     <span class='ocr_line' id='line_1_60' title="bbox 555 2980 2116 3072; baseline -0.01 -5"><span class='ocrx_word' id='word_1_474' title='bbox 555 3026 677 3066; x_wconf 84' lang='lat' dir='ltr'><strong>nem</strong></span> <span class='ocrx_word' id='word_1_475' title='bbox 709 3015 774 3064; x_wconf 90' lang='lat' dir='ltr'>de</span> <span class='ocrx_word' id='word_1_476' title='bbox 795 3009 994 3064; x_wconf 85' lang='lat' dir='ltr'><strong>Suania</strong></span> <span class='ocrx_word' id='word_1_477' title='bbox 1020 3007 1264 3064; x_wconf 79' lang='lat' dir='ltr'><strong>fecistis?</strong></span> <span class='ocrx_word' id='word_1_478' title='bbox 1288 3025 1306 3059; x_wconf 75' lang='grc' dir='ltr'>ι</span> <span class='ocrx_word' id='word_1_479' title='bbox 1330 3035 1402 3048; x_wconf 86' lang='grc'>--</span> <span class='ocrx_word' id='word_1_480' title='bbox 1426 3023 1444 3057; x_wconf 77' lang='grc' dir='ltr'>ι</span> <span class='ocrx_word' id='word_1_481' title='bbox 1482 3006 1639 3072; x_wconf 87' lang='lat' dir='ltr'><strong>Quia,</strong></span> <span class='ocrx_word' id='word_1_482' title='bbox 1664 2980 1853 3059; x_wconf 81' lang='lat' dir='ltr'><strong>Petrus</strong></span> <span class='ocrx_word' id='word_1_483' title='bbox 1884 3001 1979 3066; x_wconf 89' lang='lat' dir='ltr'><strong>ait,</strong></span> <span class='ocrx_word' id='word_1_484' title='bbox 2013 2999 2116 3054; x_wconf 89' lang='lat' dir='ltr'><strong>La-</strong></span> 
     </span>
    </p>
   </div>
   <div class='ocr_carea' id='block_1_61' title="bbox 2224 2980 3726 3093">
    <p class='ocr_par' dir='ltr' id='par_1_61' title="bbox 2224 2980 3726 3093">
     <span class='ocr_line' id='line_1_61' title="bbox 2224 2980 3726 3061; baseline -0.011 -12"><span class='ocrx_word' id='word_1_485' title='bbox 2224 2994 2310 3049; x_wconf 79' lang='grc' dir='ltr'>τὸν</span> <span class='ocrx_word' id='word_1_486' title='bbox 2336 2993 2610 3048; x_wconf 83' lang='grc' dir='ltr'>ὁντιναοῦν</span> <span class='ocrx_word' id='word_1_487' title='bbox 2628 2992 2690 3046; x_wconf 79' lang='grc' dir='ltr'>οὐ</span> <span class='ocrx_word' id='word_1_488' title='bbox 2715 2991 3041 3061; x_wconf 80' lang='grc' dir='ltr'>κεκινήκατε</span> <span class='ocrx_word' id='word_1_489' title='bbox 3070 2989 3230 3057; x_wconf 79' lang='grc' dir='ltr'>λόγον</span> <span class='ocrx_word' id='word_1_490' title='bbox 3252 2988 3412 3042; x_wconf 72' lang='grc' dir='ltr'>ἕνεκα</span> <span class='ocrx_word' id='word_1_491' title='bbox 3432 2980 3687 3042; x_wconf 82' lang='grc' dir='ltr'>Σουανίας;</span> <span class='ocrx_word' id='word_1_492' title='bbox 3713 2994 3726 3026; x_wconf 81' lang='lat' dir='ltr'>t</span> 
     </span>
     <span class='ocr_line' id='line_1_62' title="bbox 2353 3068 3726 3093; baseline 0 0"><span class='ocrx_word' id='word_1_493' title='bbox 2353 3088 2408 3093; x_wconf 81' lang='lat'>-__</span> <span class='ocrx_word' id='word_1_494' title='bbox 2512 3086 2554 3093; x_wconf 55' lang='grc' dir='ltr'>λ.</span> <span class='ocrx_word' id='word_1_495' title='bbox 2797 3085 2822 3093; x_wconf 87' lang='grc'><strong>-</strong></span> <span class='ocrx_word' id='word_1_496' title='bbox 2943 3083 2986 3093; x_wconf 71' lang='grc' dir='ltr'>-ι</span> <span class='ocrx_word' id='word_1_497' title='bbox 3037 3083 3058 3093; x_wconf 77' lang='grc' dir='ltr'>ι-</span> <span class='ocrx_word' id='word_1_498' title='bbox 3138 3083 3151 3093; x_wconf 77' lang='grc' dir='ltr'>ι</span> <span class='ocrx_word' id='word_1_499' title='bbox 3187 3081 3227 3093; x_wconf 69' lang='grc' dir='ltr'>ο·-</span> <span class='ocrx_word' id='word_1_500' title='bbox 3252 3082 3265 3093; x_wconf 76' lang='grc' dir='ltr'><strong><em>ο</em></strong></span> <span class='ocrx_word' id='word_1_501' title='bbox 3510 3077 3521 3093; x_wconf 84' lang='lat'><strong><em>\</em></strong></span> <span class='ocrx_word' id='word_1_502' title='bbox 3561 3075 3574 3093; x_wconf 86' lang='grc' dir='ltr'>ι</span> <span class='ocrx_word' id='word_1_503' title='bbox 3595 3068 3726 3093; x_wconf 46' lang='grc' dir='ltr'>μιμζι</span> 
     </span>
    </p>
   </div>
   <div class='ocr_carea' id='block_1_62' title="bbox 557 3068 2118 3162">
    <p class='ocr_par' dir='ltr' id='par_1_62' title="bbox 557 3068 2118 3162">
     <span class='ocr_line' id='line_1_63' title="bbox 557 3068 2118 3162; baseline -0.008 -8"><span class='ocrx_word' id='word_1_504' title='bbox 557 3101 700 3156; x_wconf 84' lang='lat' dir='ltr'><strong>zices</strong></span> <span class='ocrx_word' id='word_1_505' title='bbox 731 3098 1026 3154; x_wconf 87' lang='lat' dir='ltr'><strong>dominium</strong></span> <span class='ocrx_word' id='word_1_506' title='bbox 1073 3110 1194 3151; x_wconf 90' lang='lat' dir='ltr'><strong>eras</strong></span> <span class='ocrx_word' id='word_1_507' title='bbox 1222 3096 1464 3162; x_wconf 89' lang='lat' dir='ltr'><strong>adeptus.</strong></span> <span class='ocrx_word' id='word_1_508' title='bbox 1494 3068 1725 3148; x_wconf 19' lang='lat' dir='ltr'><strong>V&#39;Eteuim</strong></span> <span class='ocrx_word' id='word_1_509' title='bbox 1770 3091 1815 3147; x_wconf 87' lang='lat' dir='ltr'>si</span> <span class='ocrx_word' id='word_1_510' title='bbox 1858 3100 1910 3146; x_wconf 90' lang='lat' dir='ltr'>te</span> <span class='ocrx_word' id='word_1_511' title='bbox 1949 3090 2118 3144; x_wconf 90' lang='lat' dir='ltr'><strong>adits-</strong></span> 
     </span>
    </p>
   </div>
   <div class='ocr_carea' id='block_1_63' title="bbox 2224 3068 3732 3162">
    <p class='ocr_par' dir='ltr' id='par_1_63' title="bbox 2224 3068 3732 3158">
     <span class='ocr_line' id='line_1_64' title="bbox 2224 3068 3732 3158; baseline -0.011 -16"><span class='ocrx_word' id='word_1_512' title='bbox 2224 3117 2290 3128; x_wconf 93' lang='lat'><em>—</em></span> <span class='ocrx_word' id='word_1_513' title='bbox 2311 3106 2330 3140; x_wconf 85' lang='grc' dir='ltr'>ι</span> <span class='ocrx_word' id='word_1_514' title='bbox 2353 3086 2571 3158; x_wconf 84' lang='grc' dir='ltr'>Ἐπειδὴ</span> <span class='ocrx_word' id='word_1_515' title='bbox 2596 3085 2916 3156; x_wconf 81' lang='grc' dir='ltr'>τηνικαῦτα,</span> <span class='ocrx_word' id='word_1_516' title='bbox 2941 3083 3158 3147; x_wconf 82' lang='grc' dir='ltr'>έλεξενδ</span> <span class='ocrx_word' id='word_1_517' title='bbox 3187 3081 3414 3151; x_wconf 85' lang='grc' dir='ltr'>Πέτρος,</span> <span class='ocrx_word' id='word_1_518' title='bbox 3445 3077 3530 3131; x_wconf 82' lang='grc' dir='ltr'>καὶ</span> <span class='ocrx_word' id='word_1_519' title='bbox 3549 3068 3732 3136; x_wconf 53' lang='lat' dir='ltr'><strong>Aetati;</strong></span> 
     </span>
    </p>
   </div>
   <div class='ocr_carea' id='block_1_64' title="bbox 558 3180 2122 3258">
    <p class='ocr_par' dir='ltr' id='par_1_64' title="bbox 558 3180 2122 3258">
     <span class='ocr_line' id='line_1_65' title="bbox 558 3180 2122 3258; baseline -0.006 -12"><span class='ocrx_word' id='word_1_520' title='bbox 558 3209 690 3258; x_wconf 82' lang='lat' dir='ltr'><strong>sem,</strong></span> <span class='ocrx_word' id='word_1_521' title='bbox 727 3200 782 3245; x_wconf 93' lang='lat' dir='ltr'><strong>ut</strong></span> <span class='ocrx_word' id='word_1_522' title='bbox 814 3190 942 3244; x_wconf 78' lang='lat' dir='ltr'><strong>milii</strong></span> <span class='ocrx_word' id='word_1_523' title='bbox 973 3188 1233 3246; x_wconf 82' lang='lat' dir='ltr'><strong>Suaniam</strong></span> <span class='ocrx_word' id='word_1_524' title='bbox 1257 3187 1503 3251; x_wconf 88' lang='lat' dir='ltr'><strong>cederes,</strong></span> <span class='ocrx_word' id='word_1_525' title='bbox 1541 3200 1785 3250; x_wconf 85' lang='lat' dir='ltr'><strong>causam,</strong></span> <span class='ocrx_word' id='word_1_526' title='bbox 1823 3199 1921 3239; x_wconf 90' lang='lat' dir='ltr'>cur</span> <span class='ocrx_word' id='word_1_527' title='bbox 1949 3183 2002 3238; x_wconf 83' lang='lat' dir='ltr'><strong>id</strong></span> <span class='ocrx_word' id='word_1_528' title='bbox 2042 3180 2122 3236; x_wconf 81' lang='lat' dir='ltr'>fa-</span> 
     </span>
    </p>
   </div>
   <div class='ocr_carea' id='block_1_65' title="bbox 557 3275 2120 3352">
    <p class='ocr_par' dir='ltr' id='par_1_65' title="bbox 557 3275 2120 3352">
     <span class='ocr_line' id='line_1_66' title="bbox 557 3275 2120 3352; baseline -0.008 -12"><span class='ocrx_word' id='word_1_529' title='bbox 557 3299 749 3349; x_wconf 62' lang='lat' dir='ltr'><strong>ceres,</strong></span> <span class='ocrx_word' id='word_1_530' title='bbox 795 3284 1220 3352; x_wconf 78' lang='lat' dir='ltr'><strong>iuterrogasses‘;</strong></span> <span class='ocrx_word' id='word_1_531' title='bbox 1253 3295 1415 3350; x_wconf 90' lang='lat' dir='ltr'><strong>quam</strong></span> <span class='ocrx_word' id='word_1_532' title='bbox 1466 3278 1510 3333; x_wconf 91' lang='lat' dir='ltr'><strong>si</strong></span> <span class='ocrx_word' id='word_1_533' title='bbox 1540 3276 1887 3332; x_wconf 84' lang='lat' dir='ltr'><strong>reddidissem</strong></span> <span class='ocrx_word' id='word_1_534' title='bbox 1929 3294 1944 3331; x_wconf 87' lang='lat'><strong>:</strong></span> <span class='ocrx_word' id='word_1_535' title='bbox 1997 3275 2120 3344; x_wconf 92' lang='lat' dir='ltr'><strong>quia</strong></span> 
     </span>
    </p>
   </div>
   <div class='ocr_carea' id='block_1_66' title="bbox 559 3365 2120 3429">
    <p class='ocr_par' dir='ltr' id='par_1_66' title="bbox 559 3365 2120 3429">
     <span class='ocr_line' id='line_1_67' title="bbox 559 3365 2120 3429; baseline -0.007 -1"><span class='ocrx_word' id='word_1_536' title='bbox 559 3375 715 3429; x_wconf 80' lang='lat' dir='ltr'><strong>Lazis</strong></span> <span class='ocrx_word' id='word_1_537' title='bbox 742 3384 828 3429; x_wconf 88' lang='lat' dir='ltr'>est</span> <span class='ocrx_word' id='word_1_538' title='bbox 857 3373 1071 3428; x_wconf 83' lang='lat' dir='ltr'><strong>subdita</strong></span> <span class='ocrx_word' id='word_1_539' title='bbox 1107 3387 1122 3425; x_wconf 91' lang='lat'><strong>:</strong></span> <span class='ocrx_word' id='word_1_540' title='bbox 1157 3370 1239 3424; x_wconf 83' lang='lat' dir='ltr'>Au</span> <span class='ocrx_word' id='word_1_541' title='bbox 1273 3369 1452 3424; x_wconf 89' lang='lat' dir='ltr'><strong>nescis</strong></span> <span class='ocrx_word' id='word_1_542' title='bbox 1483 3382 1567 3422; x_wconf 90' lang='lat' dir='ltr'>me</span> <span class='ocrx_word' id='word_1_543' title='bbox 1614 3365 1820 3420; x_wconf 83' lang='lat' dir='ltr'><strong>Lazieae</strong></span> <span class='ocrx_word' id='word_1_544' title='bbox 1845 3365 2120 3420; x_wconf 89' lang='lat' dir='ltr'><strong>dominum</strong></span> 
     </span>
    </p>
   </div>
   <div class='ocr_carea' id='block_1_67' title="bbox 559 3453 2124 3529">
    <p class='ocr_par' dir='ltr' id='par_1_67' title="bbox 559 3453 2124 3529">
     <span class='ocr_line' id='line_1_68' title="bbox 559 3453 2124 3529; baseline -0.009 -11"><span class='ocrx_word' id='word_1_545' title='bbox 559 3463 806 3520; x_wconf 77' lang='lat' dir='ltr'><strong>cﬂ&#39;ectum</strong></span> <span class='ocrx_word' id='word_1_546' title='bbox 851 3461 1011 3518; x_wconf 74' lang='lat' dir='ltr'><strong>esse?</strong></span> <span class='ocrx_word' id='word_1_547' title='bbox 1062 3461 1476 3529; x_wconf 88' lang='lat' dir='ltr'><strong>respondisses,</strong></span> <span class='ocrx_word' id='word_1_548' title='bbox 1538 3470 1714 3525; x_wconf 91' lang='lat' dir='ltr'><strong>neque</strong></span> <span class='ocrx_word' id='word_1_549' title='bbox 1763 3454 1921 3509; x_wconf 90' lang='lat' dir='ltr'><strong>nobis</strong></span> <span class='ocrx_word' id='word_1_550' title='bbox 1971 3453 2124 3522; x_wconf 83' lang='lat' dir='ltr'><strong>quid-</strong></span> 
     </span>
    </p>
   </div>
   <div class='ocr_carea' id='block_1_68' title="bbox 561 3549 2124 3630">
    <p class='ocr_par' dir='ltr' id='par_1_68' title="bbox 561 3549 2124 3630">
     <span class='ocr_line' id='line_1_69' title="bbox 561 3549 2124 3630; baseline -0.008 -16"><span class='ocrx_word' id='word_1_551' title='bbox 561 3576 722 3630; x_wconf 85' lang='lat' dir='ltr'><strong>quam</strong></span> <span class='ocrx_word' id='word_1_552' title='bbox 773 3558 962 3627; x_wconf 88' lang='lat' dir='ltr'><strong>reliqui</strong></span> <span class='ocrx_word' id='word_1_553' title='bbox 1009 3557 1222 3618; x_wconf 75' lang='lat' dir='ltr'><strong>l‘uisset,</strong></span> <span class='ocrx_word' id='word_1_554' title='bbox 1279 3555 1419 3625; x_wconf 89' lang='lat' dir='ltr'><strong>quod</strong></span> <span class='ocrx_word' id='word_1_555' title='bbox 1466 3553 1604 3606; x_wconf 89' lang='lat' dir='ltr'><strong>ultra</strong></span> <span class='ocrx_word' id='word_1_556' title='bbox 1644 3549 1823 3620; x_wconf 90' lang='lat' dir='ltr'><strong>eloqui</strong></span> <span class='ocrx_word' id='word_1_557' title='bbox 1853 3549 2124 3619; x_wconf 89' lang='lat' dir='ltr'><strong>potuisse-</strong></span> 
     </span>
    </p>
   </div>
   <div class='ocr_carea' id='block_1_69' title="bbox 565 3637 2126 3714">
    <p class='ocr_par' dir='ltr' id='par_1_69' title="bbox 565 3637 2126 3714">
     <span class='ocr_line' id='line_1_70' title="bbox 565 3637 2126 3714; baseline -0.008 -11"><span class='ocrx_word' id='word_1_558' title='bbox 565 3665 700 3705; x_wconf 89' lang='lat' dir='ltr'><strong>mus.</strong></span> <span class='ocrx_word' id='word_1_559' title='bbox 734 3667 754 3702; x_wconf 73' lang='grc' dir='ltr'>ο</span> <span class='ocrx_word' id='word_1_560' title='bbox 790 3683 826 3688; x_wconf 91' lang='grc'>--</span> <span class='ocrx_word' id='word_1_561' title='bbox 848 3667 867 3700; x_wconf 74' lang='grc' dir='ltr'>ι</span> <span class='ocrx_word' id='word_1_562' title='bbox 905 3647 1007 3703; x_wconf 83' lang='lat' dir='ltr'><strong>Ain</strong></span> <span class='ocrx_word' id='word_1_563' title='bbox 1036 3655 1114 3711; x_wconf 93' lang='lat' dir='ltr'><strong>tu,</strong></span> <span class='ocrx_word' id='word_1_564' title='bbox 1149 3646 1319 3714; x_wconf 88' lang='lat' dir='ltr'><strong>inquit</strong></span> <span class='ocrx_word' id='word_1_565' title='bbox 1350 3657 1465 3706; x_wconf 89' lang='lat' dir='ltr'><strong>rex,</strong></span> <span class='ocrx_word' id='word_1_566' title='bbox 1497 3640 1755 3696; x_wconf 90' lang='lat' dir='ltr'><strong>Suaniam</strong></span> <span class='ocrx_word' id='word_1_567' title='bbox 1786 3639 1943 3694; x_wconf 87' lang='lat' dir='ltr'><strong>Lazis</strong></span> <span class='ocrx_word' id='word_1_568' title='bbox 1960 3637 2126 3693; x_wconf 79' lang='lat' dir='ltr'><strong>fuisse</strong></span> 
     </span>
    </p>
   </div>
   <div class='ocr_carea' id='block_1_70' title="bbox 562 3726 2122 3806">
    <p class='ocr_par' dir='ltr' id='par_1_70' title="bbox 562 3726 2122 3806">
     <span class='ocr_line' id='line_1_71' title="bbox 562 3726 2122 3806; baseline -0.008 -14"><span class='ocrx_word' id='word_1_569' title='bbox 562 3737 898 3806; x_wconf 87' lang='lat' dir='ltr'><strong>subiectam?</strong></span> <span class='ocrx_word' id='word_1_570' title='bbox 918 3736 1030 3790; x_wconf 87' lang='lat' dir='ltr'>Hoc</span> <span class='ocrx_word' id='word_1_571' title='bbox 1055 3735 1100 3790; x_wconf 91' lang='lat' dir='ltr'><strong>si</strong></span> <span class='ocrx_word' id='word_1_572' title='bbox 1127 3745 1180 3789; x_wconf 90' lang='lat' dir='ltr'>tu</span> <span class='ocrx_word' id='word_1_573' title='bbox 1207 3733 1400 3788; x_wconf 91' lang='lat' dir='ltr'><strong>tabulis</strong></span> <span class='ocrx_word' id='word_1_574' title='bbox 1423 3729 1636 3799; x_wconf 85' lang='lat' dir='ltr'><strong>scriptis</strong></span> <span class='ocrx_word' id='word_1_575' title='bbox 1657 3727 1884 3798; x_wconf 72' lang='lat' dir='ltr'><strong>probare</strong></span> <span class='ocrx_word' id='word_1_576' title='bbox 1899 3726 2122 3797; x_wconf 89' lang='lat' dir='ltr'><strong>poteris,</strong></span> 
     </span>
    </p>
   </div>
   <div class='ocr_carea' id='block_1_71' title="bbox 560 3819 2127 3902">
    <p class='ocr_par' dir='ltr' id='par_1_71' title="bbox 560 3819 2127 3902">
     <span class='ocr_line' id='line_1_72' title="bbox 560 3819 2127 3902; baseline -0.006 -18"><span class='ocrx_word' id='word_1_577' title='bbox 560 3829 875 3902; x_wconf 83' lang='lat' dir='ltr'><strong>impetrabis</strong></span> <span class='ocrx_word' id='word_1_578' title='bbox 905 3827 1049 3898; x_wconf 90' lang='lat' dir='ltr'><strong>quod</strong></span> <span class='ocrx_word' id='word_1_579' title='bbox 1069 3828 1272 3898; x_wconf 84' lang='lat' dir='ltr'><strong>justum</strong></span> <span class='ocrx_word' id='word_1_580' title='bbox 1309 3836 1412 3880; x_wconf 89' lang='lat' dir='ltr'><strong>est.</strong></span> <span class='ocrx_word' id='word_1_581' title='bbox 1462 3844 1480 3875; x_wconf 77' lang='grc' dir='ltr'>ι</span> <span class='ocrx_word' id='word_1_582' title='bbox 1539 3822 1605 3877; x_wconf 85' lang='grc' dir='ltr'>Ει</span> <span class='ocrx_word' id='word_1_583' title='bbox 1639 3823 1832 3877; x_wconf 85' lang='lat' dir='ltr'><strong>Petrus</strong></span> <span class='ocrx_word' id='word_1_584' title='bbox 1863 3838 1878 3875; x_wconf 92' lang='lat'><strong>:</strong></span> <span class='ocrx_word' id='word_1_585' title='bbox 1919 3837 1937 3872; x_wconf 77' lang='grc' dir='ltr'>ι</span> <span class='ocrx_word' id='word_1_586' title='bbox 1976 3819 2127 3874; x_wconf 88' lang='lat' dir='ltr'><strong>Haud</strong></span> 
     </span>
    </p>
   </div>
   <div class='ocr_carea' id='block_1_72' title="bbox 562 3911 2127 3978">
    <p class='ocr_par' dir='ltr' id='par_1_72' title="bbox 562 3911 2127 3978">
     <span class='ocr_line' id='line_1_73' title="bbox 562 3911 2127 3978; baseline -0.008 -3"><span class='ocrx_word' id='word_1_587' title='bbox 562 3919 876 3976; x_wconf 88' lang='lat' dir='ltr'><strong>cunctabor.</strong></span> <span class='ocrx_word' id='word_1_588' title='bbox 911 3919 1127 3974; x_wconf 89' lang='lat' dir='ltr'><strong>Docebo</strong></span> <span class='ocrx_word' id='word_1_589' title='bbox 1157 3929 1208 3971; x_wconf 93' lang='lat' dir='ltr'>te</span> <span class='ocrx_word' id='word_1_590' title='bbox 1236 3931 1440 3971; x_wconf 78' lang='lat' dir='ltr'><strong>verum.</strong></span> <span class='ocrx_word' id='word_1_591' title='bbox 1466 3913 1632 3969; x_wconf 85' lang='lat' dir='ltr'><strong>Vetus</strong></span> <span class='ocrx_word' id='word_1_592' title='bbox 1668 3927 1806 3978; x_wconf 90' lang='lat' dir='ltr'><strong>mos,</strong></span> <span class='ocrx_word' id='word_1_593' title='bbox 1828 3927 1860 3966; x_wconf 96' lang='grc' dir='ltr'>ο</span> <span class='ocrx_word' id='word_1_594' title='bbox 1890 3911 2127 3972; x_wconf 90' lang='lat' dir='ltr'><strong>domine,</strong></span> 
     </span>
    </p>
   </div>
   <div class='ocr_carea' id='block_1_73' title="bbox 562 3999 2129 4078">
    <p class='ocr_par' dir='ltr' id='par_1_73' title="bbox 562 3999 2129 4078">
     <span class='ocr_line' id='line_1_74' title="bbox 562 3999 2129 4078; baseline -0.006 -16"><span class='ocrx_word' id='word_1_595' title='bbox 562 4009 817 4074; x_wconf 89' lang='lat' dir='ltr'><strong>obtinuit,</strong></span> <span class='ocrx_word' id='word_1_596' title='bbox 846 4009 985 4078; x_wconf 89' lang='lat' dir='ltr'><strong>apud</strong></span> <span class='ocrx_word' id='word_1_597' title='bbox 1017 4007 1192 4061; x_wconf 86' lang='lat' dir='ltr'><strong>Lazos</strong></span> <span class='ocrx_word' id='word_1_598' title='bbox 1225 4006 1375 4060; x_wconf 78' lang='lat' dir='ltr'><strong>lticce</strong></span> <span class='ocrx_word' id='word_1_599' title='bbox 1410 4022 1424 4058; x_wconf 91' lang='lat'><strong>:</strong></span> <span class='ocrx_word' id='word_1_600' title='bbox 1471 4020 1594 4056; x_wconf 92' lang='lat' dir='ltr'><strong>cum</strong></span> <span class='ocrx_word' id='word_1_601' title='bbox 1621 4002 1840 4056; x_wconf 72' lang='lat' dir='ltr'><strong>Suaniaa</strong></span> <span class='ocrx_word' id='word_1_602' title='bbox 1866 4001 1972 4054; x_wconf 88' lang='lat' dir='ltr'>dux</span> <span class='ocrx_word' id='word_1_603' title='bbox 1999 3999 2129 4053; x_wconf 89' lang='lat' dir='ltr'><strong>sub-</strong></span> 
     </span>
    </p>
   </div>
   <div class='ocr_carea' id='block_1_74' title="bbox 562 4087 2127 4161">
    <p class='ocr_par' dir='ltr' id='par_1_74' title="bbox 562 4087 2127 4161">
     <span class='ocr_line' id='line_1_75' title="bbox 562 4087 2127 4161; baseline -0.007 -11"><span class='ocrx_word' id='word_1_604' title='bbox 562 4109 707 4153; x_wconf 85' lang='lat' dir='ltr'><strong>esset</strong></span> <span class='ocrx_word' id='word_1_605' title='bbox 755 4099 921 4161; x_wconf 78' lang='lat' dir='ltr'><strong>thzo,</strong></span> <span class='ocrx_word' id='word_1_606' title='bbox 957 4099 1100 4151; x_wconf 86' lang='lat' dir='ltr'><strong>inter</strong></span> <span class='ocrx_word' id='word_1_607' title='bbox 1143 4097 1261 4159; x_wconf 80' lang='lat' dir='ltr'><strong>ltus,</strong></span> <span class='ocrx_word' id='word_1_608' title='bbox 1310 4093 1402 4161; x_wconf 91' lang='lat' dir='ltr'><strong>qui</strong></span> <span class='ocrx_word' id='word_1_609' title='bbox 1448 4092 1523 4145; x_wconf 91' lang='lat' dir='ltr'><strong>illi</strong></span> <span class='ocrx_word' id='word_1_610' title='bbox 1575 4090 1769 4144; x_wconf 87' lang='lat' dir='ltr'><strong>tributa</strong></span> <span class='ocrx_word' id='word_1_611' title='bbox 1805 4087 2127 4157; x_wconf 84' lang='lat' dir='ltr'><strong>pendebant,</strong></span> 
     </span>
    </p>
   </div>
   <div class='ocr_carea' id='block_1_75' title="bbox 2222 3171 3735 3254">
    <p class='ocr_par' dir='ltr' id='par_1_75' title="bbox 2222 3171 3735 3254">
     <span class='ocr_line' id='line_1_76' title="bbox 2222 3171 3735 3254; baseline -0.011 -17"><span class='ocrx_word' id='word_1_612' title='bbox 2222 3182 2425 3254; x_wconf 86' lang='grc' dir='ltr'>Κύριος</span> <span class='ocrx_word' id='word_1_613' title='bbox 2453 3180 2749 3250; x_wconf 84' lang='grc' dir='ltr'>ἐγεγόνεις.</span> <span class='ocrx_word' id='word_1_614' title='bbox 2783 3179 2893 3233; x_wconf 76' lang='grc' dir='ltr'>Καὶ</span> <span class='ocrx_word' id='word_1_615' title='bbox 2939 3180 3100 3248; x_wconf 71' lang='grc' dir='ltr'>εἰπερ</span> <span class='ocrx_word' id='word_1_616' title='bbox 3133 3175 3281 3246; x_wconf 74' lang='grc' dir='ltr'>ἔφην</span> <span class='ocrx_word' id='word_1_617' title='bbox 3301 3193 3315 3209; x_wconf 71' lang='grc' dir='ltr'>ι</span> <span class='ocrx_word' id='word_1_618' title='bbox 3349 3174 3421 3238; x_wconf 85' lang='grc' dir='ltr'>ὡς</span> <span class='ocrx_word' id='word_1_619' title='bbox 3447 3173 3520 3227; x_wconf 87' lang='grc' dir='ltr'>δεῖ</span> <span class='ocrx_word' id='word_1_620' title='bbox 3545 3171 3584 3202; x_wconf 72' lang='grc'>’³</span> <span class='ocrx_word' id='word_1_621' title='bbox 3606 3179 3735 3236; x_wconf 75' lang='grc' dir='ltr'>παρα-</span> 
     </span>
    </p>
   </div>
   <div class='ocr_carea' id='block_1_76' title="bbox 2222 3257 3731 3342">
    <p class='ocr_par' dir='ltr' id='par_1_76' title="bbox 2222 3257 3731 3342">
     <span class='ocr_line' id='line_1_77' title="bbox 2222 3257 3731 3342; baseline -0.013 -16"><span class='ocrx_word' id='word_1_622' title='bbox 2222 3271 2470 3342; x_wconf 82' lang='grc' dir='ltr'>χωρῆσαι</span> <span class='ocrx_word' id='word_1_623' title='bbox 2506 3287 2597 3341; x_wconf 89' lang='grc' dir='ltr'>μοι</span> <span class='ocrx_word' id='word_1_624' title='bbox 2624 3268 2909 3332; x_wconf 87' lang='grc' dir='ltr'>Σουανίας,</span> <span class='ocrx_word' id='word_1_625' title='bbox 2950 3265 3245 3329; x_wconf 83' lang='grc' dir='ltr'>άντέλεξας</span> <span class='ocrx_word' id='word_1_626' title='bbox 3285 3265 3350 3320; x_wconf 79' lang='grc' dir='ltr'>ἄν</span> <span class='ocrx_word' id='word_1_627' title='bbox 3375 3281 3389 3296; x_wconf 78' lang='grc'><em>’</em></span> <span class='ocrx_word' id='word_1_628' title='bbox 3424 3261 3556 3324; x_wconf 88' lang='grc' dir='ltr'>τίνος</span> <span class='ocrx_word' id='word_1_629' title='bbox 3581 3257 3731 3328; x_wconf 59' lang='grc' dir='ltr'>χάριν</span> 
     </span>
    </p>
   </div>
   <div class='ocr_carea' id='block_1_77' title="bbox 2223 3351 3734 3433">
    <p class='ocr_par' dir='ltr' id='par_1_77' title="bbox 2223 3351 3734 3433">
     <span class='ocr_line' id='line_1_78' title="bbox 2223 3351 3734 3433; baseline -0.007 -16"><span class='ocrx_word' id='word_1_630' title='bbox 2223 3365 2318 3418; x_wconf 70' lang='grc' dir='ltr'>καὶ</span> <span class='ocrx_word' id='word_1_631' title='bbox 2356 3364 2512 3433; x_wconf 78' lang='grc' dir='ltr'>εἴπερ</span> <span class='ocrx_word' id='word_1_632' title='bbox 2533 3362 2689 3426; x_wconf 73' lang='grc' dir='ltr'>αὖθις</span> <span class='ocrx_word' id='word_1_633' title='bbox 2715 3361 2852 3432; x_wconf 75' lang='grc' dir='ltr'>ἔφην</span> <span class='ocrx_word' id='word_1_634' title='bbox 2887 3378 2903 3395; x_wconf 88' lang='grc'><strong>·</strong></span> <span class='ocrx_word' id='word_1_635' title='bbox 2936 3360 3060 3413; x_wconf 79' lang='grc' dir='ltr'>ἐπεὶ</span> <span class='ocrx_word' id='word_1_636' title='bbox 3099 3355 3354 3431; x_wconf 71' lang='grc' dir='ltr'>Λαζικῆς</span> <span class='ocrx_word' id='word_1_637' title='bbox 3375 3359 3486 3410; x_wconf 84' lang='grc' dir='ltr'>ἐστι</span> <span class='ocrx_word' id='word_1_638' title='bbox 3507 3351 3734 3421; x_wconf 68' lang='grc' dir='ltr'>κατήκοος,</span> 
     </span>
    </p>
   </div>
   <div class='ocr_carea' id='block_1_78' title="bbox 2222 3437 3737 3526">
    <p class='ocr_par' dir='ltr' id='par_1_78' title="bbox 2222 3437 3737 3526">
     <span class='ocr_line' id='line_1_79' title="bbox 2222 3437 3737 3526; baseline -0.014 -17"><span class='ocrx_word' id='word_1_639' title='bbox 2222 3454 2503 3526; x_wconf 85' lang='grc' dir='ltr'>ἀπεκρίνω</span> <span class='ocrx_word' id='word_1_640' title='bbox 2525 3470 2538 3483; x_wconf 87' lang='grc'><strong>·</strong></span> <span class='ocrx_word' id='word_1_641' title='bbox 2573 3454 2694 3506; x_wconf 87' lang='grc' dir='ltr'>τινα</span> <span class='ocrx_word' id='word_1_642' title='bbox 2727 3453 2836 3524; x_wconf 87' lang='grc' dir='ltr'>γάρ</span> <span class='ocrx_word' id='word_1_643' title='bbox 2890 3469 2950 3505; x_wconf 83' lang='grc' dir='ltr'>σε</span> <span class='ocrx_word' id='word_1_644' title='bbox 3000 3449 3350 3522; x_wconf 78' lang='grc' dir='ltr'>γνωρίζομεν</span> <span class='ocrx_word' id='word_1_645' title='bbox 3381 3445 3638 3514; x_wconf 77' lang='grc' dir='ltr'>Λαζικῆς;</span> <span class='ocrx_word' id='word_1_646' title='bbox 3671 3437 3737 3492; x_wconf 78' lang='grc' dir='ltr'>καὶ</span> 
     </span>
    </p>
   </div>
   <div class='ocr_carea' id='block_1_79' title="bbox 2227 3528 3738 3616">
    <p class='ocr_par' dir='ltr' id='par_1_79' title="bbox 2227 3528 3738 3616">
     <span class='ocr_line' id='line_1_80' title="bbox 2227 3528 3738 3616; baseline -0.013 -17"><span class='ocrx_word' id='word_1_647' title='bbox 2227 3546 2413 3600; x_wconf 84' lang='grc' dir='ltr'>λοιπὸν</span> <span class='ocrx_word' id='word_1_648' title='bbox 2430 3545 2678 3616; x_wconf 81' lang='grc' dir='ltr'>ἀντερεῖν</span> <span class='ocrx_word' id='word_1_649' title='bbox 2710 3543 2929 3614; x_wconf 77' lang='grc' dir='ltr'>εἴχομεν</span> <span class='ocrx_word' id='word_1_650' title='bbox 2946 3544 3006 3595; x_wconf 81' lang='grc' dir='ltr'>τὸ</span> <span class='ocrx_word' id='word_1_651' title='bbox 3027 3542 3295 3614; x_wconf 81' lang='grc' dir='ltr'>παράπαν</span> <span class='ocrx_word' id='word_1_652' title='bbox 3319 3541 3482 3596; x_wconf 71' lang='grc' dir='ltr'>οὐδέν.</span> <span class='ocrx_word' id='word_1_653' title='bbox 3497 3528 3738 3589; x_wconf 78' lang='grc' dir='ltr'>ι-ιΤοῦτο</span> 
     </span>
    </p>
   </div>
   <div class='ocr_carea' id='block_1_80' title="bbox 2228 3623 3737 3707">
    <p class='ocr_par' dir='ltr' id='par_1_80' title="bbox 2228 3623 3737 3707">
     <span class='ocr_line' id='line_1_81' title="bbox 2228 3623 3737 3707; baseline -0.009 -17"><span class='ocrx_word' id='word_1_654' title='bbox 2228 3636 2350 3707; x_wconf 71' lang='grc' dir='ltr'>φῂς,</span> <span class='ocrx_word' id='word_1_655' title='bbox 2369 3630 2522 3688; x_wconf 85' lang='grc' dir='ltr'>εἶπεν</span> <span class='ocrx_word' id='word_1_656' title='bbox 2551 3635 2580 3686; x_wconf 91' lang='lat'>6</span> <span class='ocrx_word' id='word_1_657' title='bbox 2611 3633 2887 3704; x_wconf 80' lang='grc' dir='ltr'>βασιλεὺς,</span> <span class='ocrx_word' id='word_1_658' title='bbox 2911 3634 2996 3686; x_wconf 81' lang='grc' dir='ltr'>ὅτι</span> <span class='ocrx_word' id='word_1_659' title='bbox 3013 3631 3243 3686; x_wconf 89' lang='grc' dir='ltr'>Σουανία</span> <span class='ocrx_word' id='word_1_660' title='bbox 3263 3632 3456 3697; x_wconf 77' lang='grc' dir='ltr'>Λαζῶν</span> <span class='ocrx_word' id='word_1_661' title='bbox 3471 3630 3565 3680; x_wconf 81' lang='grc' dir='ltr'>ὑπο</span> <span class='ocrx_word' id='word_1_662' title='bbox 3585 3623 3737 3696; x_wconf 74' lang='grc' dir='ltr'>χείριος</span> 
     </span>
    </p>
   </div>
   <div class='ocr_carea' id='block_1_81' title="bbox 2225 3710 3741 3798">
    <p class='ocr_par' dir='ltr' id='par_1_81' title="bbox 2225 3710 3741 3798">
     <span class='ocr_line' id='line_1_82' title="bbox 2225 3710 3741 3798; baseline -0.011 -18"><span class='ocrx_word' id='word_1_663' title='bbox 2225 3723 2489 3798; x_wconf 76' lang='grc' dir='ltr'>ἦν.Είπερ</span> <span class='ocrx_word' id='word_1_664' title='bbox 2505 3728 2562 3779; x_wconf 90' lang='grc' dir='ltr'>ἐν</span> <span class='ocrx_word' id='word_1_665' title='bbox 2575 3725 2896 3796; x_wconf 83' lang='grc' dir='ltr'>γράμμασιν</span> <span class='ocrx_word' id='word_1_666' title='bbox 2915 3719 3090 3777; x_wconf 80' lang='grc' dir='ltr'>οἵόστε</span> <span class='ocrx_word' id='word_1_667' title='bbox 3109 3719 3541 3797; x_wconf 82' lang='grc' dir='ltr'>εἷτεκμηριῶσαι</span> <span class='ocrx_word' id='word_1_668' title='bbox 3555 3717 3604 3769; x_wconf 71' lang='grc' dir='ltr'>τὸ</span> <span class='ocrx_word' id='word_1_669' title='bbox 3619 3710 3741 3766; x_wconf 55' lang='lat' dir='ltr'><strong>retin»</strong></span> 
     </span>
    </p>
   </div>
   <div class='ocr_carea' id='block_1_82' title="bbox 2227 3796 3737 3888">
    <p class='ocr_par' dir='ltr' id='par_1_82' title="bbox 2227 3796 3737 3888">
     <span class='ocr_line' id='line_1_83' title="bbox 2227 3796 3737 3888; baseline -0.005 -19"><span class='ocrx_word' id='word_1_670' title='bbox 2227 3796 2307 3883; x_wconf 88' lang='grc' dir='ltr'>δε,</span> <span class='ocrx_word' id='word_1_671' title='bbox 2343 3796 2546 3887; x_wconf 73' lang='grc' dir='ltr'>ἥκιστα</span> <span class='ocrx_word' id='word_1_672' title='bbox 2577 3814 2855 3888; x_wconf 80' lang='grc' dir='ltr'>ἀποτεύξῃ</span> <span class='ocrx_word' id='word_1_673' title='bbox 2882 3813 2976 3868; x_wconf 84' lang='grc' dir='ltr'>τοῦ</span> <span class='ocrx_word' id='word_1_674' title='bbox 3006 3813 3240 3876; x_wconf 80' lang='grc' dir='ltr'>δέοντος.</span> <span class='ocrx_word' id='word_1_675' title='bbox 3297 3834 3316 3866; x_wconf 83' lang='grc'>›</span> <span class='ocrx_word' id='word_1_676' title='bbox 3354 3796 3463 3867; x_wconf 75' lang='grc' dir='ltr'>Καὶ</span> <span class='ocrx_word' id='word_1_677' title='bbox 3497 3814 3523 3864; x_wconf 87' lang='lat'>6</span> <span class='ocrx_word' id='word_1_678' title='bbox 3550 3807 3737 3873; x_wconf 81' lang='grc' dir='ltr'>Πέτρος’</span> 
     </span>
    </p>
   </div>
   <div class='ocr_carea' id='block_1_83' title="bbox 2233 3896 3741 3977">
    <p class='ocr_par' dir='ltr' id='par_1_83' title="bbox 2233 3896 3741 3977">
     <span class='ocr_line' id='line_1_84' title="bbox 2233 3896 3741 3977; baseline -0.003 -16"><span class='ocrx_word' id='word_1_679' title='bbox 2233 3928 2252 3961; x_wconf 80' lang='grc' dir='ltr'>ι</span> <span class='ocrx_word' id='word_1_680' title='bbox 2288 3907 2361 3962; x_wconf 77' lang='grc' dir='ltr'><strong>Οὔ</strong></span> <span class='ocrx_word' id='word_1_681' title='bbox 2391 3926 2444 3961; x_wconf 88' lang='grc' dir='ltr'>τι</span> <span class='ocrx_word' id='word_1_682' title='bbox 2480 3907 2755 3977; x_wconf 85' lang='grc' dir='ltr'>μελλήσω,</span> <span class='ocrx_word' id='word_1_683' title='bbox 2815 3905 3120 3971; x_wconf 82' lang='grc' dir='ltr'>ἁναδιδάξω</span> <span class='ocrx_word' id='word_1_684' title='bbox 3169 3905 3227 3958; x_wconf 83' lang='grc' dir='ltr'>δέ</span> <span class='ocrx_word' id='word_1_685' title='bbox 3268 3923 3329 3958; x_wconf 84' lang='grc' dir='ltr'>σε</span> <span class='ocrx_word' id='word_1_686' title='bbox 3383 3901 3618 3973; x_wconf 76' lang='grc' dir='ltr'>τάληθές.</span> <span class='ocrx_word' id='word_1_687' title='bbox 3649 3896 3741 3960; x_wconf 69' lang='grc' dir='ltr'>’Δρυ</span> 
     </span>
    </p>
   </div>
   <div class='ocr_carea' id='block_1_84' title="bbox 2228 3986 3740 4068">
    <p class='ocr_par' dir='ltr' id='par_1_84' title="bbox 2228 3986 3740 4068">
     <span class='ocr_line' id='line_1_85' title="bbox 2228 3986 3740 4068; baseline -0.005 -17"><span class='ocrx_word' id='word_1_688' title='bbox 2228 3999 2380 4068; x_wconf 88' lang='grc' dir='ltr'>χαῖον</span> <span class='ocrx_word' id='word_1_689' title='bbox 2407 3998 2548 4062; x_wconf 76' lang='grc' dir='ltr'>ἔθος,</span> <span class='ocrx_word' id='word_1_690' title='bbox 2578 3997 2624 4050; x_wconf 82' lang='grc' dir='ltr'>ὦ</span> <span class='ocrx_word' id='word_1_691' title='bbox 2649 3997 2906 4063; x_wconf 86' lang='grc' dir='ltr'>δέσποτα,</span> <span class='ocrx_word' id='word_1_692' title='bbox 2935 3996 3055 4050; x_wconf 88' lang='grc' dir='ltr'>τότε</span> <span class='ocrx_word' id='word_1_693' title='bbox 3087 3994 3363 4067; x_wconf 83' lang='grc' dir='ltr'>ἐκράτησε</span> <span class='ocrx_word' id='word_1_694' title='bbox 3399 3989 3546 4064; x_wconf 74' lang='grc' dir='ltr'>παρὰ</span> <span class='ocrx_word' id='word_1_695' title='bbox 3571 3986 3740 4048; x_wconf 74' lang='grc' dir='ltr'>Λαζοῖςσ</span> 
     </span>
    </p>
   </div>
   <div class='ocr_carea' id='block_1_85' title="bbox 2245 4070 3745 4156">
    <p class='ocr_par' dir='ltr' id='par_1_85' title="bbox 2245 4070 3745 4156">
     <span class='ocr_line' id='line_1_86' title="bbox 2245 4070 3745 4156; baseline -0.011 -15"><span class='ocrx_word' id='word_1_696' title='bbox 2245 4088 2302 4141; x_wconf 91' lang='lat'><strong>&#39;0</strong></span> <span class='ocrx_word' id='word_1_697' title='bbox 2337 4087 2596 4150; x_wconf 84' lang='grc' dir='ltr'>Σουανίας</span> <span class='ocrx_word' id='word_1_698' title='bbox 2645 4084 2870 4156; x_wconf 82' lang='grc' dir='ltr'>ἡγεμὼν</span> <span class='ocrx_word' id='word_1_699' title='bbox 2923 4085 3168 4153; x_wconf 83' lang='grc' dir='ltr'>ὑπήκουε</span> <span class='ocrx_word' id='word_1_700' title='bbox 3222 4084 3308 4156; x_wconf 79' lang='grc' dir='ltr'>τῷ</span> <span class='ocrx_word' id='word_1_701' title='bbox 3341 4083 3518 4152; x_wconf 77' lang='grc' dir='ltr'>Λαζῷ,</span> <span class='ocrx_word' id='word_1_702' title='bbox 3547 4077 3631 4130; x_wconf 69' lang='grc' dir='ltr'>καὶ</span> <span class='ocrx_word' id='word_1_703' title='bbox 3650 4070 3745 4126; x_wconf 81' lang='grc' dir='ltr'>ἀνά-</span> 
     </span>
    </p>
   </div>
   <div class='ocr_carea' id='block_1_86' title="bbox 564 4165 2118 4258">
    <p class='ocr_par' dir='ltr' id='par_1_86' title="bbox 564 4175 2118 4258">
     <span class='ocr_line' id='line_1_87' title="bbox 564 4175 2118 4258; baseline -0.01 -14"><span class='ocrx_word' id='word_1_704' title='bbox 564 4192 826 4258; x_wconf 86' lang='lat' dir='ltr'><strong>ascriptus</strong></span> <span class='ocrx_word' id='word_1_705' title='bbox 872 4196 1007 4242; x_wconf 85' lang='lat' dir='ltr'><strong>erat.</strong></span> <span class='ocrx_word' id='word_1_706' title='bbox 1073 4187 1431 4253; x_wconf 85' lang='lat' dir='ltr'><strong>Quamobrem</strong></span> <span class='ocrx_word' id='word_1_707' title='bbox 1483 4184 1658 4237; x_wconf 87' lang='lat' dir='ltr'><strong>Lazus</strong></span> <span class='ocrx_word' id='word_1_708' title='bbox 1713 4178 2008 4247; x_wconf 87' lang='lat' dir='ltr'><strong>accipiebat</strong></span> <span class='ocrx_word' id='word_1_709' title='bbox 2066 4175 2118 4230; x_wconf 82' lang='lat' dir='ltr'>al</span> 
     </span>
    </p>
   </div>
   <div class='ocr_carea' id='block_1_87' title="bbox 2224 4165 3743 4258">
    <p class='ocr_par' dir='ltr' id='par_1_87' title="bbox 2230 4165 3743 4258">
     <span class='ocr_line' id='line_1_88' title="bbox 2230 4165 3743 4258; baseline -0.013 -25"><span class='ocrx_word' id='word_1_710' title='bbox 2230 4179 2474 4248; x_wconf 82' lang='grc' dir='ltr'>γραπτός</span> <span class='ocrx_word' id='word_1_711' title='bbox 2506 4180 2553 4230; x_wconf 79' lang='lat' dir='ltr'>oi</span> <span class='ocrx_word' id='word_1_712' title='bbox 2611 4165 2876 4246; x_wconf 79' lang='grc' dir='ltr'>ἐπεφύκει</span> <span class='ocrx_word' id='word_1_713' title='bbox 2935 4177 2992 4240; x_wconf 90' lang='grc' dir='ltr'>ἐς</span> <span class='ocrx_word' id='word_1_714' title='bbox 3022 4177 3419 4247; x_wconf 83' lang='grc' dir='ltr'>δασμοφορίαν.</span> <span class='ocrx_word' id='word_1_715' title='bbox 3477 4173 3578 4226; x_wconf 78' lang='grc' dir='ltr'>Καὶ</span> <span class='ocrx_word' id='word_1_716' title='bbox 3609 4165 3743 4258; x_wconf 56' lang='grc' dir='ltr'>τοίννν</span> 
     </span>
    </p>
   </div>
   <div class='ocr_carea' id='block_1_88' title="bbox 563 4249 2118 4351">
    <p class='ocr_par' dir='ltr' id='par_1_88' title="bbox 563 4249 2118 4351">
     <span class='ocr_line' id='line_1_89' title="bbox 563 4249 2118 4351; baseline -0.01 -15"><span class='ocrx_word' id='word_1_717' title='bbox 563 4283 681 4351; x_wconf 89' lang='lat' dir='ltr'><strong>ipso</strong></span> <span class='ocrx_word' id='word_1_718' title='bbox 707 4249 940 4340; x_wconf 64' lang='lat' dir='ltr'><strong>iructus,</strong></span> <span class='ocrx_word' id='word_1_719' title='bbox 980 4249 1159 4341; x_wconf 67' lang='lat' dir='ltr'><strong>mella,</strong></span> <span class='ocrx_word' id='word_1_720' title='bbox 1205 4276 1370 4347; x_wconf 86' lang='lat' dir='ltr'><strong>pelles</strong></span> <span class='ocrx_word' id='word_1_721' title='bbox 1395 4284 1448 4330; x_wconf 89' lang='lat' dir='ltr'>et</span> <span class='ocrx_word' id='word_1_722' title='bbox 1473 4274 1574 4328; x_wconf 90' lang='lat' dir='ltr'><strong>alia</strong></span> <span class='ocrx_word' id='word_1_723' title='bbox 1606 4271 1872 4341; x_wconf 69' lang='lat' dir='ltr'><strong>quaedam.</strong></span> <span class='ocrx_word' id='word_1_724' title='bbox 1907 4267 2118 4333; x_wconf 76' lang='lat' dir='ltr'><strong>Quandt</strong></span> 
     </span>
    </p>
   </div>
   <div class='ocr_carea' id='block_1_89' title="bbox 2224 4249 3744 4351">
    <p class='ocr_par' dir='ltr' id='par_1_89' title="bbox 2232 4249 3744 4351">
     <span class='ocr_line' id='line_1_90' title="bbox 2232 4249 3744 4351; baseline -0.019 -32"><span class='ocrx_word' id='word_1_725' title='bbox 2232 4268 2516 4351; x_wconf 45' lang='lat' dir='ltr'><strong>timui};er</strong></span> <span class='ocrx_word' id='word_1_726' title='bbox 2553 4265 2681 4338; x_wconf 76' lang='grc' dir='ltr'>παρ’</span> <span class='ocrx_word' id='word_1_727' title='bbox 2708 4263 2872 4318; x_wconf 82' lang='grc' dir='ltr'>αὐτοῦ</span> <span class='ocrx_word' id='word_1_728' title='bbox 2903 4263 2930 4314; x_wconf 91' lang='lat'>6</span> <span class='ocrx_word' id='word_1_729' title='bbox 2959 4263 3136 4328; x_wconf 81' lang='grc' dir='ltr'>Λαζδς</span> <span class='ocrx_word' id='word_1_730' title='bbox 3161 4264 3411 4334; x_wconf 74' lang='grc' dir='ltr'>καρπούς</span> <span class='ocrx_word' id='word_1_731' title='bbox 3447 4279 3501 4314; x_wconf 76' lang='grc' dir='ltr'>τε</span> <span class='ocrx_word' id='word_1_732' title='bbox 3534 4249 3744 4330; x_wconf 72' lang='grc' dir='ltr'>μελιττῶν</span> 
     </span>
    </p>
   </div>
   <div class='ocr_carea' id='block_1_90' title="bbox 564 4337 2118 4438">
    <p class='ocr_par' dir='ltr' id='par_1_90' title="bbox 564 4359 2118 4438">
     <span class='ocr_line' id='line_1_91' title="bbox 564 4359 2118 4438; baseline -0.01 -10"><span class='ocrx_word' id='word_1_733' title='bbox 564 4382 742 4428; x_wconf 83' lang='lat' dir='ltr'><strong>autem</strong></span> <span class='ocrx_word' id='word_1_734' title='bbox 761 4370 976 4424; x_wconf 69' lang='lat' dir='ltr'><strong>Suaniae</strong></span> <span class='ocrx_word' id='word_1_735' title='bbox 993 4369 1240 4438; x_wconf 86' lang='lat' dir='ltr'><strong>princeps</strong></span> <span class='ocrx_word' id='word_1_736' title='bbox 1267 4367 1371 4420; x_wconf 86' lang='lat' dir='ltr'><strong>vita</strong></span> <span class='ocrx_word' id='word_1_737' title='bbox 1393 4364 1708 4426; x_wconf 88' lang='lat' dir='ltr'><strong>excedebat,</strong></span> <span class='ocrx_word' id='word_1_738' title='bbox 1723 4359 1977 4429; x_wconf 71' lang='lat' dir='ltr'><strong>suifragio</strong></span> <span class='ocrx_word' id='word_1_739' title='bbox 1991 4359 2118 4426; x_wconf 26' lang='lat' dir='ltr'><strong>eius:</strong></span> 
     </span>
    </p>
   </div>
   <div class='ocr_carea' id='block_1_91' title="bbox 2224 4337 3750 4438">
    <p class='ocr_par' dir='ltr' id='par_1_91' title="bbox 2238 4337 3750 4427">
     <span class='ocr_line' id='line_1_92' title="bbox 2238 4337 3750 4427; baseline -0.014 -16"><span class='ocrx_word' id='word_1_740' title='bbox 2238 4357 2330 4410; x_wconf 76' lang='grc' dir='ltr'>καὶ</span> <span class='ocrx_word' id='word_1_741' title='bbox 2360 4337 2572 4427; x_wconf 60' lang='grc' dir='ltr'>δέρρεις</span> <span class='ocrx_word' id='word_1_742' title='bbox 2595 4337 2691 4409; x_wconf 71' lang='grc' dir='ltr'>καὶ</span> <span class='ocrx_word' id='word_1_743' title='bbox 2710 4355 2874 4425; x_wconf 71' lang='grc' dir='ltr'>ἕτερα</span> <span class='ocrx_word' id='word_1_744' title='bbox 2895 4354 3050 4408; x_wconf 84' lang='grc' dir='ltr'>ἄττα.</span> <span class='ocrx_word' id='word_1_745' title='bbox 3092 4353 3361 4424; x_wconf 85' lang='grc' dir='ltr'>Ὀπηνίκα</span> <span class='ocrx_word' id='word_1_746' title='bbox 3382 4354 3436 4406; x_wconf 84' lang='grc' dir='ltr'>δέ</span> <span class='ocrx_word' id='word_1_747' title='bbox 3461 4347 3549 4406; x_wconf 80' lang='grc' dir='ltr'>οὖν</span> <span class='ocrx_word' id='word_1_748' title='bbox 3579 4337 3750 4400; x_wconf 63' lang='lat' dir='ltr'>6200a-</span> 
     </span>
    </p>
   </div>
   <div class='ocr_carea' id='block_1_92' title="bbox 563 4448 2130 4532">
    <p class='ocr_par' dir='ltr' id='par_1_92' title="bbox 563 4448 2130 4532">
     <span class='ocr_line' id='line_1_93' title="bbox 563 4448 2130 4532; baseline -0.011 -15"><span class='ocrx_word' id='word_1_749' title='bbox 563 4463 654 4532; x_wconf 90' lang='lat' dir='ltr'><strong>qui</strong></span> <span class='ocrx_word' id='word_1_750' title='bbox 697 4462 853 4515; x_wconf 86' lang='lat' dir='ltr'><strong>Lazis</strong></span> <span class='ocrx_word' id='word_1_751' title='bbox 880 4471 1130 4530; x_wconf 58' lang='lat' dir='ltr'><strong>praterat,</strong></span> <span class='ocrx_word' id='word_1_752' title='bbox 1168 4459 1464 4527; x_wconf 75' lang='lat' dir='ltr'><strong>eligebatur</strong></span> <span class='ocrx_word' id='word_1_753' title='bbox 1486 4493 1500 4518; x_wconf 87' lang='lat'><strong>,</strong></span> <span class='ocrx_word' id='word_1_754' title='bbox 1535 4453 1624 4523; x_wconf 90' lang='lat' dir='ltr'><strong>qui</strong></span> <span class='ocrx_word' id='word_1_755' title='bbox 1657 4453 1709 4506; x_wconf 90' lang='lat' dir='ltr'>in</span> <span class='ocrx_word' id='word_1_756' title='bbox 1739 4453 1919 4504; x_wconf 87' lang='lat' dir='ltr'><strong>locum</strong></span> <span class='ocrx_word' id='word_1_757' title='bbox 1950 4448 2130 4503; x_wconf 80' lang='lat' dir='ltr'><strong>defun-</strong></span> 
     </span>
    </p>
   </div>
   <div class='ocr_carea' id='block_1_93' title="bbox 564 4535 2128 4620">
    <p class='ocr_par' dir='ltr' id='par_1_93' title="bbox 564 4535 2128 4620">
     <span class='ocr_line' id='line_1_94' title="bbox 564 4535 2128 4620; baseline -0.013 -12"><span class='ocrx_word' id='word_1_758' title='bbox 564 4556 636 4609; x_wconf 88' lang='lat' dir='ltr'>cti</span> <span class='ocrx_word' id='word_1_759' title='bbox 716 4552 950 4620; x_wconf 80' lang='lat' dir='ltr'><strong>regionis</strong></span> <span class='ocrx_word' id='word_1_760' title='bbox 1011 4546 1533 4602; x_wconf 86' lang='lat' dir='ltr'><strong>administrationem</strong></span> <span class='ocrx_word' id='word_1_761' title='bbox 1598 4541 1916 4608; x_wconf 86' lang='lat' dir='ltr'><strong>susciperet.</strong></span> <span class='ocrx_word' id='word_1_762' title='bbox 1980 4535 2128 4590; x_wconf 89' lang='lat' dir='ltr'><strong>Tunc</strong></span> 
     </span>
    </p>
   </div>
   <div class='ocr_carea' id='block_1_94' title="bbox 565 4629 2127 4711">
    <p class='ocr_par' dir='ltr' id='par_1_94' title="bbox 565 4629 2127 4711">
     <span class='ocr_line' id='line_1_95' title="bbox 565 4629 2127 4711; baseline -0.012 -13"><span class='ocrx_word' id='word_1_763' title='bbox 565 4644 832 4698; x_wconf 88' lang='lat' dir='ltr'><strong>Lazurutn</strong></span> <span class='ocrx_word' id='word_1_764' title='bbox 881 4639 1166 4711; x_wconf 69' lang='lat' dir='ltr'><strong>prtefectus</strong></span> <span class='ocrx_word' id='word_1_765' title='bbox 1213 4636 1408 4689; x_wconf 88' lang='lat' dir='ltr'><strong>litteris</strong></span> <span class='ocrx_word' id='word_1_766' title='bbox 1439 4636 1815 4703; x_wconf 87' lang='lat' dir='ltr'><strong>imperatorem</strong></span> <span class='ocrx_word' id='word_1_767' title='bbox 1843 4629 2127 4683; x_wconf 86' lang='lat' dir='ltr'><strong>certiorem</strong></span> 
     </span>
    </p>
   </div>
   <div class='ocr_carea' id='block_1_95' title="bbox 567 4718 2130 4799">
    <p class='ocr_par' dir='ltr' id='par_1_95' title="bbox 567 4718 2130 4799">
     <span class='ocr_line' id='line_1_96' title="bbox 567 4718 2130 4799; baseline -0.01 -14"><span class='ocrx_word' id='word_1_768' title='bbox 567 4732 799 4785; x_wconf 76' lang='lat' dir='ltr'><strong>faciebat</strong></span> <span class='ocrx_word' id='word_1_769' title='bbox 835 4731 899 4784; x_wconf 89' lang='lat' dir='ltr'><strong>de</strong></span> <span class='ocrx_word' id='word_1_770' title='bbox 942 4730 1028 4784; x_wconf 78' lang='lat' dir='ltr'><strong>liis</strong></span> <span class='ocrx_word' id='word_1_771' title='bbox 1078 4744 1200 4799; x_wconf 66' lang='lat' dir='ltr'><strong>qua:</strong></span> <span class='ocrx_word' id='word_1_772' title='bbox 1244 4733 1557 4783; x_wconf 78' lang='lat' dir='ltr'><strong>evenerant.</strong></span> <span class='ocrx_word' id='word_1_773' title='bbox 1594 4723 1657 4778; x_wconf 87' lang='lat' dir='ltr'><strong>Et</strong></span> <span class='ocrx_word' id='word_1_774' title='bbox 1695 4725 1983 4792; x_wconf 89' lang='lat' dir='ltr'><strong>imperator</strong></span> <span class='ocrx_word' id='word_1_775' title='bbox 2032 4718 2130 4772; x_wconf 87' lang='lat' dir='ltr'><strong>La-</strong></span> 
     </span>
    </p>
   </div>
   <div class='ocr_carea' id='block_1_96' title="bbox 565 4812 2132 4890">
    <p class='ocr_par' dir='ltr' id='par_1_96' title="bbox 565 4812 2132 4890">
     <span class='ocr_line' id='line_1_97' title="bbox 565 4812 2132 4890; baseline -0.008 -14"><span class='ocrx_word' id='word_1_776' title='bbox 565 4822 694 4876; x_wconf 72' lang='lat' dir='ltr'><strong>zica&#39;.</strong></span> <span class='ocrx_word' id='word_1_777' title='bbox 725 4820 976 4890; x_wconf 66' lang='lat' dir='ltr'><strong>praafecto</strong></span> <span class='ocrx_word' id='word_1_778' title='bbox 1029 4836 1123 4889; x_wconf 84' lang='lat' dir='ltr'>per</span> <span class='ocrx_word' id='word_1_779' title='bbox 1149 4819 1430 4890; x_wconf 88' lang='lat' dir='ltr'><strong>epistolam</strong></span> <span class='ocrx_word' id='word_1_780' title='bbox 1456 4814 1682 4884; x_wconf 90' lang='lat' dir='ltr'><strong>iubebat</strong></span> <span class='ocrx_word' id='word_1_781' title='bbox 1714 4813 1886 4882; x_wconf 84' lang='lat' dir='ltr'><strong>ipsum</strong></span> <span class='ocrx_word' id='word_1_782' title='bbox 1917 4812 2132 4866; x_wconf 87' lang='lat' dir='ltr'><strong>mittere</strong></span> 
     </span>
    </p>
   </div>
   <div class='ocr_carea' id='block_1_97' title="bbox 566 4905 2131 4984">
    <p class='ocr_par' dir='ltr' id='par_1_97' title="bbox 566 4905 2131 4984">
     <span class='ocr_line' id='line_1_98' title="bbox 566 4905 2131 4984; baseline -0.008 -15"><span class='ocrx_word' id='word_1_783' title='bbox 566 4913 796 4984; x_wconf 79' lang='lat' dir='ltr'><strong>insignia</strong></span> <span class='ocrx_word' id='word_1_784' title='bbox 825 4913 1161 4984; x_wconf 73' lang='lat' dir='ltr'><strong>prtel&#39;ecturzc</strong></span> <span class='ocrx_word' id='word_1_785' title='bbox 1198 4913 1412 4968; x_wconf 76' lang='lat' dir='ltr'><strong>Suanize</strong></span> <span class='ocrx_word' id='word_1_786' title='bbox 1440 4912 1524 4966; x_wconf 91' lang='lat' dir='ltr'><strong>cui</strong></span> <span class='ocrx_word' id='word_1_787' title='bbox 1561 4910 1742 4974; x_wconf 85' lang='lat' dir='ltr'><strong>vellet,</strong></span> <span class='ocrx_word' id='word_1_788' title='bbox 1786 4907 1943 4963; x_wconf 91' lang='lat' dir='ltr'><strong>modo</strong></span> <span class='ocrx_word' id='word_1_789' title='bbox 1989 4905 2131 4960; x_wconf 83' lang='lat' dir='ltr'>Sua-</span> 
     </span>
    </p>
   </div>
   <div class='ocr_carea' id='block_1_98' title="bbox 569 4996 2130 5074">
    <p class='ocr_par' dir='ltr' id='par_1_98' title="bbox 569 4996 2130 5074">
     <span class='ocr_line' id='line_1_99' title="bbox 569 4996 2130 5074; baseline -0.008 -14"><span class='ocrx_word' id='word_1_790' title='bbox 569 5022 672 5062; x_wconf 90' lang='lat' dir='ltr'>nus</span> <span class='ocrx_word' id='word_1_791' title='bbox 701 5017 862 5061; x_wconf 87' lang='lat' dir='ltr'><strong>esset.</strong></span> <span class='ocrx_word' id='word_1_792' title='bbox 920 5004 1073 5070; x_wconf 82' lang='lat' dir='ltr'><strong>Quod</strong></span> <span class='ocrx_word' id='word_1_793' title='bbox 1125 5005 1234 5074; x_wconf 85' lang='lat' dir='ltr'><strong>iam</strong></span> <span class='ocrx_word' id='word_1_794' title='bbox 1294 5019 1325 5058; x_wconf 91' lang='lat' dir='ltr'>a</span> <span class='ocrx_word' id='word_1_795' title='bbox 1383 5012 1622 5072; x_wconf 89' lang='lat' dir='ltr'><strong>tempore</strong></span> <span class='ocrx_word' id='word_1_796' title='bbox 1667 4998 1967 5061; x_wconf 78' lang='lat' dir='ltr'><strong>l‘lteodosii,</strong></span> <span class='ocrx_word' id='word_1_797' title='bbox 2000 4996 2130 5062; x_wconf 88' lang='lat' dir='ltr'><strong>itnp.</strong></span> 
     </span>
    </p>
   </div>
   <div class='ocr_carea' id='block_1_99' title="bbox 571 5087 2134 5164">
    <p class='ocr_par' dir='ltr' id='par_1_99' title="bbox 571 5087 2134 5164">
     <span class='ocr_line' id='line_1_100' title="bbox 571 5087 2134 5164; baseline -0.006 -15"><span class='ocrx_word' id='word_1_798' title='bbox 571 5098 764 5160; x_wconf 89' lang='lat' dir='ltr'><strong>nostri,</strong></span> <span class='ocrx_word' id='word_1_799' title='bbox 800 5111 971 5164; x_wconf 87' lang='lat' dir='ltr'><strong>usque</strong></span> <span class='ocrx_word' id='word_1_800' title='bbox 1003 5095 1071 5148; x_wconf 87' lang='lat' dir='ltr'><strong>ad</strong></span> <span class='ocrx_word' id='word_1_801' title='bbox 1107 5095 1386 5157; x_wconf 78' lang='lat' dir='ltr'><strong>l’erosetn,</strong></span> <span class='ocrx_word' id='word_1_802' title='bbox 1427 5108 1588 5146; x_wconf 88' lang='lat' dir='ltr'><strong>avum</strong></span> <span class='ocrx_word' id='word_1_803' title='bbox 1624 5103 1886 5153; x_wconf 84' lang='lat' dir='ltr'><strong>vestrum,</strong></span> <span class='ocrx_word' id='word_1_804' title='bbox 1916 5097 1970 5142; x_wconf 91' lang='lat' dir='ltr'><strong>et</strong></span> <span class='ocrx_word' id='word_1_805' title='bbox 2000 5087 2134 5140; x_wconf 87' lang='lat' dir='ltr'><strong>Leo-</strong></span> 
     </span>
    </p>
   </div>
   <div class='ocr_carea' id='block_1_100' title="bbox 571 5182 2126 5258">
    <p class='ocr_par' dir='ltr' id='par_1_100' title="bbox 571 5182 2126 5258">
     <span class='ocr_line' id='line_1_101' title="bbox 571 5182 2126 5258; baseline -0.006 -15"><span class='ocrx_word' id='word_1_806' title='bbox 571 5207 718 5256; x_wconf 85' lang='lat' dir='ltr'><strong>nem,</strong></span> <span class='ocrx_word' id='word_1_807' title='bbox 748 5191 838 5258; x_wconf 92' lang='lat' dir='ltr'><strong>qui</strong></span> <span class='ocrx_word' id='word_1_808' title='bbox 867 5189 1005 5257; x_wconf 88' lang='lat' dir='ltr'><strong>apud</strong></span> <span class='ocrx_word' id='word_1_809' title='bbox 1040 5202 1140 5242; x_wconf 88' lang='lat' dir='ltr'>nos</span> <span class='ocrx_word' id='word_1_810' title='bbox 1179 5189 1484 5256; x_wconf 76' lang='lat' dir='ltr'><strong>imperavit,</strong></span> <span class='ocrx_word' id='word_1_811' title='bbox 1523 5184 1768 5239; x_wconf 82' lang='lat' dir='ltr'><strong>invaluit.</strong></span> <span class='ocrx_word' id='word_1_812' title='bbox 1810 5202 1828 5234; x_wconf 73' lang='grc' dir='ltr'>ι</span> <span class='ocrx_word' id='word_1_813' title='bbox 1870 5182 2068 5235; x_wconf 84' lang='lat' dir='ltr'><strong>Deinde</strong></span> <span class='ocrx_word' id='word_1_814' title='bbox 2096 5194 2126 5233; x_wconf 88' lang='lat' dir='ltr'><strong>e</strong></span> 
     </span>
    </p>
   </div>
   <div class='ocr_carea' id='block_1_101' title="bbox 569 5273 2117 5353">
    <p class='ocr_par' dir='ltr' id='par_1_101' title="bbox 569 5273 2117 5353">
     <span class='ocr_line' id='line_1_102' title="bbox 569 5273 2117 5353; baseline -0.009 -15"><span class='ocrx_word' id='word_1_815' title='bbox 569 5284 857 5353; x_wconf 81' lang='lat' dir='ltr'><strong>chlamyde</strong></span> <span class='ocrx_word' id='word_1_816' title='bbox 889 5283 1080 5338; x_wconf 86' lang='lat' dir='ltr'><strong>Petrus</strong></span> <span class='ocrx_word' id='word_1_817' title='bbox 1123 5282 1173 5334; x_wconf 88' lang='lat' dir='ltr'>in</span> <span class='ocrx_word' id='word_1_818' title='bbox 1228 5281 1460 5333; x_wconf 86' lang='lat' dir='ltr'><strong>medium</strong></span> <span class='ocrx_word' id='word_1_819' title='bbox 1505 5277 1722 5347; x_wconf 89' lang='lat' dir='ltr'><strong>protulit</strong></span> <span class='ocrx_word' id='word_1_820' title='bbox 1771 5275 2028 5338; x_wconf 84' lang='lat' dir='ltr'><strong>libel&#39;um,</strong></span> <span class='ocrx_word' id='word_1_821' title='bbox 2064 5273 2117 5326; x_wconf 87' lang='lat' dir='ltr'>itt</span> 
     </span>
    </p>
   </div>
   <div class='ocr_carea' id='block_1_102' title="bbox 2237 4434 3748 4517">
    <p class='ocr_par' dir='ltr' id='par_1_102' title="bbox 2237 4434 3748 4517">
     <span class='ocr_line' id='line_1_103' title="bbox 2237 4434 3748 4517; baseline -0.001 -17"><span class='ocrx_word' id='word_1_822' title='bbox 2237 4465 2324 4511; x_wconf 90' lang='grc' dir='ltr'>νος</span> <span class='ocrx_word' id='word_1_823' title='bbox 2351 4449 2534 4517; x_wconf 79' lang='grc' dir='ltr'>ἄρχων</span> <span class='ocrx_word' id='word_1_824' title='bbox 2592 4445 2826 4510; x_wconf 78' lang='grc' dir='ltr'>ἀπεῦίω,</span> <span class='ocrx_word' id='word_1_825' title='bbox 2878 4447 3202 4517; x_wconf 82' lang='grc' dir='ltr'>ἐχειροτόνει</span> <span class='ocrx_word' id='word_1_826' title='bbox 3235 4446 3264 4498; x_wconf 89' lang='lat'>6</span> <span class='ocrx_word' id='word_1_827' title='bbox 3316 4448 3430 4508; x_wconf 85' lang='grc' dir='ltr'>τοῖς</span> <span class='ocrx_word' id='word_1_828' title='bbox 3478 4439 3654 4504; x_wconf 54' lang='lat' dir='ltr'><strong>Anici:</strong></span> <span class='ocrx_word' id='word_1_829' title='bbox 3676 4434 3748 4498; x_wconf 64' lang='grc' dir='ltr'>ἐφ’</span> 
     </span>
    </p>
   </div>
   <div class='ocr_carea' id='block_1_103' title="bbox 2238 4525 3751 4607">
    <p class='ocr_par' dir='ltr' id='par_1_103' title="bbox 2238 4525 3751 4607">
     <span class='ocr_line' id='line_1_104' title="bbox 2238 4525 3751 4607; baseline -0.004 -16"><span class='ocrx_word' id='word_1_830' title='bbox 2238 4537 2410 4602; x_wconf 81' lang='grc' dir='ltr'>εστὼς</span> <span class='ocrx_word' id='word_1_831' title='bbox 2445 4538 2490 4569; x_wconf 74' lang='grc'>⁸⁸</span> <span class='ocrx_word' id='word_1_832' title='bbox 2516 4538 2606 4591; x_wconf 84' lang='grc' dir='ltr'>τὸν</span> <span class='ocrx_word' id='word_1_833' title='bbox 2639 4536 3033 4606; x_wconf 75' lang='grc' dir='ltr'>διαφυλάξαντα</span> <span class='ocrx_word' id='word_1_834' title='bbox 3061 4536 3155 4590; x_wconf 81' lang='grc' dir='ltr'>τοῦ</span> <span class='ocrx_word' id='word_1_835' title='bbox 3185 4535 3543 4607; x_wconf 86' lang='grc' dir='ltr'>ἀποιχομένου</span> <span class='ocrx_word' id='word_1_836' title='bbox 3572 4530 3655 4598; x_wconf 73' lang='grc' dir='ltr'>τὴν</span> <span class='ocrx_word' id='word_1_837' title='bbox 3675 4525 3751 4591; x_wconf 74' lang='grc' dir='ltr'>ἀρ-</span> 
     </span>
    </p>
   </div>
   <div class='ocr_carea' id='block_1_104' title="bbox 2237 4616 3754 4702">
    <p class='ocr_par' dir='ltr' id='par_1_104' title="bbox 2237 4616 3754 4702">
     <span class='ocr_line' id='line_1_105' title="bbox 2237 4616 3754 4702; baseline -0.018 0"><span class='ocrx_word' id='word_1_838' title='bbox 2237 4632 2358 4702; x_wconf 71' lang='grc' dir='ltr'>Χῆνο</span> <span class='ocrx_word' id='word_1_839' title='bbox 2391 4629 2480 4684; x_wconf 71' lang='grc' dir='ltr'>Ἑν</span> <span class='ocrx_word' id='word_1_840' title='bbox 2499 4629 2673 4701; x_wconf 71' lang='grc' dir='ltr'>τούτῳ</span> <span class='ocrx_word' id='word_1_841' title='bbox 2696 4629 3022 4701; x_wconf 67' lang='grc' dir='ltr'>γράμμασιν</span> <span class='ocrx_word' id='word_1_842' title='bbox 3051 4628 3252 4700; x_wconf 77' lang='grc' dir='ltr'>ἐχρῆτο</span> <span class='ocrx_word' id='word_1_843' title='bbox 3273 4630 3349 4693; x_wconf 85' lang='grc' dir='ltr'>ὡς</span> <span class='ocrx_word' id='word_1_844' title='bbox 3370 4627 3477 4681; x_wconf 86' lang='grc' dir='ltr'>τῶν</span> <span class='ocrx_word' id='word_1_845' title='bbox 3517 4616 3754 4690; x_wconf 74' lang='grc' dir='ltr'>Ῥωμαίων</span> 
     </span>
    </p>
   </div>
   <div class='ocr_carea' id='block_1_105' title="bbox 2240 4705 3757 4792">
    <p class='ocr_par' dir='ltr' id='par_1_105' title="bbox 2240 4705 3757 4792">
     <span class='ocr_line' id='line_1_106' title="bbox 2240 4705 3757 4792; baseline -0.013 -15"><span class='ocrx_word' id='word_1_846' title='bbox 2240 4722 2618 4792; x_wconf 85' lang='grc' dir='ltr'>αὐτοκράτορα</span> <span class='ocrx_word' id='word_1_847' title='bbox 2668 4720 2778 4774; x_wconf 87' lang='grc' dir='ltr'>τῶν</span> <span class='ocrx_word' id='word_1_848' title='bbox 2815 4719 3239 4790; x_wconf 74' lang='grc' dir='ltr'>ξυμϐεϐηκότων</span> <span class='ocrx_word' id='word_1_849' title='bbox 3289 4719 3450 4789; x_wconf 85' lang='grc' dir='ltr'>πέρι·</span> <span class='ocrx_word' id='word_1_850' title='bbox 3487 4715 3576 4769; x_wconf 77' lang='grc' dir='ltr'>καὶ</span> <span class='ocrx_word' id='word_1_851' title='bbox 3632 4705 3757 4763; x_wconf 70' lang='grc' dir='ltr'>αὐτὸς</span> 
     </span>
    </p>
   </div>
   <div class='ocr_carea' id='block_1_106' title="bbox 2231 4793 3758 4884">
    <p class='ocr_par' dir='ltr' id='par_1_106' title="bbox 2231 4793 3758 4884">
     <span class='ocr_line' id='line_1_107' title="bbox 2231 4793 3758 4884; baseline -0.01 -17"><span class='ocrx_word' id='word_1_852' title='bbox 2231 4815 2555 4884; x_wconf 23' lang='grc' dir='ltr'>ηάντιγράφῳ</span> <span class='ocrx_word' id='word_1_853' title='bbox 2615 4795 3271 4883; x_wconf 71' lang='grc' dir='ltr'>ἐπιστολῇένεκελεύετό</span> <span class='ocrx_word' id='word_1_854' title='bbox 3314 4811 3364 4863; x_wconf 82' lang='lat' dir='ltr'><strong>oi</strong></span> <span class='ocrx_word' id='word_1_855' title='bbox 3416 4801 3673 4873; x_wconf 80' lang='grc' dir='ltr'>ἐκπέμψαι</span> <span class='ocrx_word' id='word_1_856' title='bbox 3709 4793 3758 4884; x_wconf 17' lang='grc' dir='ltr'>τλά</span> 
     </span>
    </p>
   </div>
   <div class='ocr_carea' id='block_1_107' title="bbox 2240 4881 3761 4972">
    <p class='ocr_par' dir='ltr' id='par_1_107' title="bbox 2240 4881 3761 4972">
     <span class='ocr_line' id='line_1_108' title="bbox 2240 4881 3761 4972; baseline -0.007 -17"><span class='ocrx_word' id='word_1_857' title='bbox 2240 4881 2484 4972; x_wconf 76' lang='grc' dir='ltr'>σύμϐολα</span> <span class='ocrx_word' id='word_1_858' title='bbox 2513 4881 2612 4967; x_wconf 77' lang='grc' dir='ltr'>τῆς</span> <span class='ocrx_word' id='word_1_859' title='bbox 2668 4900 2779 4953; x_wconf 85' lang='grc' dir='ltr'>τῶν</span> <span class='ocrx_word' id='word_1_860' title='bbox 2817 4881 3062 4953; x_wconf 77' lang='grc' dir='ltr'>Σουάνων</span> <span class='ocrx_word' id='word_1_861' title='bbox 3091 4900 3386 4971; x_wconf 78' lang='grc' dir='ltr'>ἡγεμονίας</span> <span class='ocrx_word' id='word_1_862' title='bbox 3419 4899 3522 4967; x_wconf 84' lang='grc' dir='ltr'>ὅτῳ</span> <span class='ocrx_word' id='word_1_863' title='bbox 3551 4893 3640 4965; x_wconf 78' lang='grc' dir='ltr'>μὲν</span> 
     </span>
    </p>
   </div>
   <div class='ocr_carea' id='block_1_108' title="bbox 2239 4971 3762 5062">
    <p class='ocr_par' dir='ltr' id='par_1_108' title="bbox 2239 4971 3762 5062">
     <span class='ocr_line' id='line_1_109' title="bbox 2239 4971 3762 5062; baseline -0.013 -19"><span class='ocrx_word' id='word_1_864' title='bbox 2239 4971 2401 5057; x_wconf 86' lang='grc' dir='ltr'>λοιτο,</span> <span class='ocrx_word' id='word_1_865' title='bbox 2428 4990 2644 5062; x_wconf 83' lang='grc' dir='ltr'>Σουάνῳ</span> <span class='ocrx_word' id='word_1_866' title='bbox 2663 4989 2707 5042; x_wconf 82' lang='grc' dir='ltr'>δ’</span> <span class='ocrx_word' id='word_1_867' title='bbox 2743 4989 2892 5058; x_wconf 85' lang='grc' dir='ltr'>ὅμως</span> <span class='ocrx_word' id='word_1_868' title='bbox 2909 4987 3083 5058; x_wconf 81' lang='grc' dir='ltr'>ἀνδρί.</span> <span class='ocrx_word' id='word_1_869' title='bbox 3110 4988 3281 5041; x_wconf 79' lang='grc' dir='ltr'>Τοῦτο</span> <span class='ocrx_word' id='word_1_870' title='bbox 3303 4988 3400 5058; x_wconf 78' lang='grc' dir='ltr'>τὴν</span> <span class='ocrx_word' id='word_1_871' title='bbox 3431 4984 3578 5054; x_wconf 83' lang='grc' dir='ltr'>ίσχὺν</span> <span class='ocrx_word' id='word_1_872' title='bbox 3607 4971 3762 5031; x_wconf 76' lang='grc' dir='ltr'>ἐλαϐεν</span> 
     </span>
    </p>
   </div>
   <div class='ocr_carea' id='block_1_109' title="bbox 2242 5069 3798 5151">
    <p class='ocr_par' dir='ltr' id='par_1_109' title="bbox 2242 5069 3798 5151">
     <span class='ocr_line' id='line_1_110' title="bbox 2242 5069 3798 5151; baseline -0.006 -15"><span class='ocrx_word' id='word_1_873' title='bbox 2242 5085 2306 5136; x_wconf 84' lang='grc' dir='ltr'>ἐκ</span> <span class='ocrx_word' id='word_1_874' title='bbox 2342 5082 2446 5135; x_wconf 85' lang='grc' dir='ltr'>τῶν</span> <span class='ocrx_word' id='word_1_875' title='bbox 2505 5081 2784 5136; x_wconf 83' lang='grc' dir='ltr'>Θεοδοσίου</span> <span class='ocrx_word' id='word_1_876' title='bbox 2843 5079 2937 5132; x_wconf 82' lang='grc' dir='ltr'>τοῦ</span> <span class='ocrx_word' id='word_1_877' title='bbox 2974 5078 3095 5132; x_wconf 77' lang='grc' dir='ltr'>καθ’</span> <span class='ocrx_word' id='word_1_878' title='bbox 3127 5081 3274 5151; x_wconf 78' lang='grc' dir='ltr'>ἡμᾶς</span> <span class='ocrx_word' id='word_1_879' title='bbox 3305 5076 3565 5150; x_wconf 81' lang='grc' dir='ltr'>βασιλέως</span> <span class='ocrx_word' id='word_1_880' title='bbox 3593 5069 3764 5141; x_wconf 78' lang='grc' dir='ltr'>χρόνων</span> <span class='ocrx_word' id='word_1_881' title='bbox 3793 5119 3798 5128; x_wconf 91' lang='grc'><strong><em>.</em></strong></span> 
     </span>
    </p>
   </div>
   <div class='ocr_carea' id='block_1_110' title="bbox 2247 5160 3766 5246">
    <p class='ocr_par' dir='ltr' id='par_1_110' title="bbox 2247 5160 3766 5246">
     <span class='ocr_line' id='line_1_111' title="bbox 2247 5160 3766 5246; baseline -0.021 -5"><span class='ocrx_word' id='word_1_882' title='bbox 2247 5176 2407 5246; x_wconf 82' lang='grc' dir='ltr'>μέχρι</span> <span class='ocrx_word' id='word_1_883' title='bbox 2461 5171 2697 5242; x_wconf 74' lang='grc' dir='ltr'>Περόξου</span> <span class='ocrx_word' id='word_1_884' title='bbox 2732 5171 2824 5224; x_wconf 81' lang='grc' dir='ltr'>τοῦ</span> <span class='ocrx_word' id='word_1_885' title='bbox 2860 5172 3126 5242; x_wconf 83' lang='grc' dir='ltr'>ὑμετέρου</span> <span class='ocrx_word' id='word_1_886' title='bbox 3173 5171 3399 5224; x_wconf 83' lang='grc' dir='ltr'>πάππου</span> <span class='ocrx_word' id='word_1_887' title='bbox 3450 5166 3543 5220; x_wconf 75' lang='grc' dir='ltr'>καὶ</span> <span class='ocrx_word' id='word_1_888' title='bbox 3573 5160 3766 5246; x_wconf 45' lang='grc' dir='ltr'>Λέοντος</span> 
     </span>
    </p>
   </div>
   <div class='ocr_carea' id='block_1_111' title="bbox 2246 5240 3768 5333">
    <p class='ocr_par' dir='ltr' id='par_1_111' title="bbox 2246 5240 3768 5333">
     <span class='ocr_line' id='line_1_112' title="bbox 2246 5240 3768 5333; baseline -0.009 -14"><span class='ocrx_word' id='word_1_889' title='bbox 2246 5240 2496 5319; x_wconf 31' lang='grc' dir='ltr'>τού-καθ’</span> <span class='ocrx_word' id='word_1_890' title='bbox 2523 5240 2693 5333; x_wconf 77' lang='grc' dir='ltr'>ήμᾶς.</span> <span class='ocrx_word' id='word_1_891' title='bbox 2733 5282 2752 5315; x_wconf 72' lang='grc' dir='ltr'>ι</span> <span class='ocrx_word' id='word_1_892' title='bbox 2786 5240 2921 5316; x_wconf 70' lang='grc' dir='ltr'>Εἶτα</span> <span class='ocrx_word' id='word_1_893' title='bbox 2949 5240 3140 5332; x_wconf 36' lang='grc' dir='ltr'>ἐκ-τῆς</span> <span class='ocrx_word' id='word_1_894' title='bbox 3171 5257 3436 5330; x_wconf 84' lang='grc' dir='ltr'>χλαμύδος</span> <span class='ocrx_word' id='word_1_895' title='bbox 3467 5256 3494 5306; x_wconf 91' lang='lat'>6</span> <span class='ocrx_word' id='word_1_896' title='bbox 3522 5249 3706 5319; x_wconf 76' lang='grc' dir='ltr'>Πέτρος</span> <span class='ocrx_word' id='word_1_897' title='bbox 3725 5240 3768 5291; x_wconf 69' lang='grc' dir='ltr'>έν</span> 
     </span>
    </p>
   </div>
   <div class='ocr_carea' id='block_1_112' title="bbox 1860 5375 2520 5442">
    <p class='ocr_par' dir='ltr' id='par_1_112' title="bbox 1860 5375 2520 5442">
     <span class='ocr_line' id='line_1_113' title="bbox 1860 5375 2520 5442; baseline -0.014 0"><span class='ocrx_word' id='word_1_898' title='bbox 1860 5384 2092 5442; x_wconf 67' lang='lat' dir='ltr'>VARle</span> <span class='ocrx_word' id='word_1_899' title='bbox 2119 5375 2520 5438; x_wconf 83' lang='lat' dir='ltr'>LECTIONES.</span> 
     </span>
    </p>
   </div>
   <div class='ocr_carea' id='block_1_113' title="bbox 646 5491 2612 5577">
    <p class='ocr_par' dir='ltr' id='par_1_113' title="bbox 646 5491 2612 5577">
     <span class='ocr_line' id='line_1_114' title="bbox 646 5491 2612 5577; baseline -0.007 -16"><span class='ocrx_word' id='word_1_900' title='bbox 646 5510 688 5540; x_wconf 85' lang='lat'>“</span> <span class='ocrx_word' id='word_1_901' title='bbox 708 5525 829 5577; x_wconf 64' lang='grc' dir='ltr'>τινα</span> <span class='ocrx_word' id='word_1_902' title='bbox 859 5509 953 5577; x_wconf 80' lang='grc' dir='ltr'>Η.,</span> <span class='ocrx_word' id='word_1_903' title='bbox 983 5524 1090 5561; x_wconf 87' lang='grc' dir='ltr'>τινι</span> <span class='ocrx_word' id='word_1_904' title='bbox 1118 5521 1264 5576; x_wconf 74' lang='lat' dir='ltr'><strong>vutg.</strong></span> <span class='ocrx_word' id='word_1_905' title='bbox 1313 5505 1384 5577; x_wconf 59' lang='lat' dir='ltr'>_f’</span> <span class='ocrx_word' id='word_1_906' title='bbox 1419 5501 1814 5577; x_wconf 61' lang='grc' dir='ltr'>καταπρροινςιο</span> <span class='ocrx_word' id='word_1_907' title='bbox 1863 5499 1959 5577; x_wconf 67' lang='grc' dir='ltr'>ᾘη</span> <span class='ocrx_word' id='word_1_908' title='bbox 1989 5497 2330 5577; x_wconf 34' lang='grc' dir='ltr'>κατάθπρόην</span> <span class='ocrx_word' id='word_1_909' title='bbox 2363 5491 2612 5577; x_wconf 33' lang='lat' dir='ltr'><strong>stagnis.</strong></span> 
     </span>
    </p>
   </div>
   <div class='ocr_carea' id='block_1_114' title="bbox 1610 5519 2748 5631">
    <p class='ocr_par' dir='ltr' id='par_1_114' title="bbox 1610 5519 2748 5631">
     <span class='ocr_line' id='line_1_115' title="bbox 1641 5519 2730 5568; baseline -0.011 -14"><span class='ocrx_word' id='word_1_910' title='bbox 1641 5519 1814 5554; x_wconf 84' lang='grc' dir='ltr'>οοιντο</span> <span class='ocrx_word' id='word_1_911' title='bbox 1870 5519 1959 5564; x_wconf 72' lang='lat' dir='ltr'>IL,</span> <span class='ocrx_word' id='word_1_912' title='bbox 1989 5519 2128 5552; x_wconf 85' lang='grc' dir='ltr'>κατα</span> <span class='ocrx_word' id='word_1_913' title='bbox 2155 5519 2330 5568; x_wconf 83' lang='grc' dir='ltr'>προην</span> <span class='ocrx_word' id='word_1_914' title='bbox 2363 5519 2440 5562; x_wconf 78' lang='grc' dir='ltr'>τῳ</span> <span class='ocrx_word' id='word_1_915' title='bbox 2472 5519 2612 5563; x_wconf 60' lang='grc' dir='ltr'>γωδ.</span> <span class='ocrx_word' id='word_1_916' title='bbox 2694 5519 2730 5523; x_wconf 36' lang='grc' dir='ltr'>’τ</span> 
     </span>
     <span class='ocr_line' id='line_1_116' title="bbox 1610 5519 2748 5631; baseline -0.011 -7"><span class='ocrx_word' id='word_1_917' title='bbox 1610 5519 1704 5631; x_wconf 46' lang='grc' dir='ltr'><strong>ᾖ..</strong></span> <span class='ocrx_word' id='word_1_918' title='bbox 1737 5572 1933 5631; x_wconf 73' lang='lat' dir='ltr'><strong>6vulg.</strong></span> <span class='ocrx_word' id='word_1_919' title='bbox 2009 5571 2053 5602; x_wconf 77' lang='lat'><strong>&quot;</strong></span> <span class='ocrx_word' id='word_1_920' title='bbox 2094 5566 2248 5621; x_wconf 74' lang='grc' dir='ltr'>εἶπεν</span> <span class='ocrx_word' id='word_1_921' title='bbox 2277 5565 2367 5630; x_wconf 83' lang='lat' dir='ltr'>H.,</span> <span class='ocrx_word' id='word_1_922' title='bbox 2413 5558 2550 5615; x_wconf 82' lang='grc' dir='ltr'>εἶδεν</span> <span class='ocrx_word' id='word_1_923' title='bbox 2601 5561 2748 5631; x_wconf 84' lang='lat' dir='ltr'><strong>vulg.</strong></span> 
     </span>
    </p>
   </div>
   <div class='ocr_carea' id='block_1_115' title="bbox 569 5571 1933 5713">
    <p class='ocr_par' dir='ltr' id='par_1_115' title="bbox 569 5571 1933 5713">
     <span class='ocr_line' id='line_1_117' title="bbox 569 5571 1933 5713; baseline -0.004 -83"><span class='ocrx_word' id='word_1_924' title='bbox 709 5573 777 5645; x_wconf 81' lang='grc' dir='ltr'>ἦν</span> <span class='ocrx_word' id='word_1_925' title='bbox 809 5571 974 5649; x_wconf 69' lang='grc' dir='ltr'>νιιιεξ,</span> <span class='ocrx_word' id='word_1_926' title='bbox 997 5571 1282 5647; x_wconf 68' lang='grc' dir='ltr'>τοιγαρούν</span> <span class='ocrx_word' id='word_1_927' title='bbox 1311 5575 1374 5629; x_wconf 83' lang='grc' dir='ltr'>Η.</span> <span class='ocrx_word' id='word_1_928' title='bbox 1454 5574 1500 5606; x_wconf 84' lang='grc'>²⁰</span> <span class='ocrx_word' id='word_1_929' title='bbox 1527 5571 1588 5625; x_wconf 77' lang='grc' dir='ltr'>οὗ</span> <span class='ocrx_word' id='word_1_930' title='bbox 1611 5571 1704 5636; x_wconf 86' lang='grc' dir='ltr'>Ν.,</span> <span class='ocrx_word' id='word_1_931' title='bbox 1737 5572 1766 5623; x_wconf 87' lang='lat'>6</span> <span class='ocrx_word' id='word_1_932' title='bbox 1789 5572 1933 5640; x_wconf 76' lang='lat' dir='ltr'><strong>vulg.</strong></span> 
     </span>
    </p>
   </div>
   <div class='ocr_carea' id='block_1_116' title="bbox 2691 5477 3418 5558">
    <p class='ocr_par' dir='ltr' id='par_1_116' title="bbox 2691 5477 3418 5558">
     <span class='ocr_line' id='line_1_118' title="bbox 2691 5477 3418 5558; baseline -0.01 -13"><span class='ocrx_word' id='word_1_933' title='bbox 2691 5491 2733 5523; x_wconf 81' lang='grc'>¹³</span> <span class='ocrx_word' id='word_1_934' title='bbox 2793 5491 2873 5544; x_wconf 77' lang='grc' dir='ltr'>ὅτι</span> <span class='ocrx_word' id='word_1_935' title='bbox 2902 5489 3217 5558; x_wconf 78' lang='lat' dir='ltr'><strong>deestvulg.</strong></span> <span class='ocrx_word' id='word_1_936' title='bbox 3297 5486 3343 5558; x_wconf 59' lang='grc' dir='ltr'>’ξ</span> <span class='ocrx_word' id='word_1_937' title='bbox 3379 5477 3418 5554; x_wconf 81' lang='grc' dir='ltr'>ἧ</span> 
     </span>
    </p>
   </div>
   <div class='ocr_carea' id='block_1_117' title="bbox 2826 5553 3401 5625">
    <p class='ocr_par' dir='ltr' id='par_1_117' title="bbox 2826 5553 3401 5625">
     <span class='ocr_line' id='line_1_119' title="bbox 2826 5553 3401 5625; baseline -0.012 -14"><span class='ocrx_word' id='word_1_938' title='bbox 2826 5561 2871 5591; x_wconf 74' lang='grc' dir='ltr'>η</span> <span class='ocrx_word' id='word_1_939' title='bbox 2903 5559 2984 5612; x_wconf 90' lang='grc' dir='ltr'>δεῖ</span> <span class='ocrx_word' id='word_1_940' title='bbox 3032 5559 3120 5625; x_wconf 88' lang='lat' dir='ltr'><strong>N.,</strong></span> <span class='ocrx_word' id='word_1_941' title='bbox 3155 5553 3213 5612; x_wconf 73' lang='grc' dir='ltr'>δὲ</span> <span class='ocrx_word' id='word_1_942' title='bbox 3258 5553 3401 5624; x_wconf 75' lang='lat' dir='ltr'><strong>vulg.</strong></span> 
     </span>
    </p>
   </div>
  </div>
