3954 6210
195 326 301 389 877

973 330 1070 389 DE
1111 330 1672 390 LEGATIONIBUS
1715 332 2195 393 ROMANOHUM
2239 334 2337 392 AD
2376 329 2686 393 GENTES.

3326 330 3431 393 S78

186 441 416 515 φανερῷ
451 442 773 512 προκομίζει
810 441 1064 510 βιϐλίδιόν
1098 460 1171 506 τι,
1215 443 1273 494 ἐν
1396 442 1673 511 στοιχηδόν
1701 460 1758 495 τε

1874 462 1976 514 quo
2032 446 2453 499 munerabantur
2510 444 2699 498 ordine
2750 453 2803 496 et
2863 442 3111 497 distincte
3166 439 3431 497 Lazorum

184 536 283 589 καὶ
313 535 658 608 διῃρημένως
694 534 979 605 ἐδηλοῦντο
1005 534 1204 596 Λαζῶν
1229 534 1491 603 βασιλεῖς,
1520 536 1570 586 οἳ
1599 535 1767 588 Σουὰ·

183 633 298 681 νῶν
359 628 773 698 ἐχειροτόνησαν
839 626 1137 695 ἡγεμόνας.
1181 622 1309 696 Εἶχε
1364 626 1421 677 δὲ
1474 626 1618 678 οὕτω
1670 625 1764 678 τοῦ

189 718 577 788 γραμματείου
610 719 642 786 ή
680 716 930 785 δύναμις,
992 717 1038 767 εί
1098 717 1191 769 καὶ
1246 716 1320 785 μὴ
1364 716 1505 768 οὕτω
1554 716 1622 768 τὰ
1667 718 1767 785 ῥή-

197 828 381 880 ματα·
425 830 442 861 ι
485 809 591 863 οἶδε
627 808 820 872 Λαζῶν
876 808 1141 877 βασιλεῖς,
1196 807 1250 859 οἴ
1298 824 1363 875 γε
1417 807 1766 876 βασιλίσκους

190 904 497 971 ἐπέστησαν
524 902 798 965 Σουάνοις,
837 901 895 967 ἐξ
922 894 982 953 οὗ
1004 900 1196 971 χρόνου
1225 899 1505 964 Θεοδόσιος
1536 900 1595 953 τὸ
1633 900 1769 953 Ῥωο

192 993 371 1061 μαίων
421 993 640 1062 διήνυσε
702 991 899 1061 κράτος
958 990 1053 1042 καὶ
1101 990 1387 1059 Οὐαρανης
1421 988 1481 1040 τὸ
1542 988 1767 1059 Περσῶν

190 1084 320 1151 ἄχρι
347 1085 571 1145 Λέοντος
602 1081 1001 1152 αὐτοκράτορος
1052 1080 1147 1133 καὶ
1177 1080 1435 1149 Περόζου.
1474 1098 1493 1131 ι
1530 1080 1639 1132 Καὶ
1690 1079 1769 1132 δι-

186 1175 425 1239 εξελθὼν
470 1177 498 1228 ὁ
545 1175 751 1245 Πέτρος
812 1174 954 1243 ἔφη’
993 1191 1013 1225 ‹
1050 1173 1178 1242 ἄχρι
1240 1171 1447 1224 τούτων
1503 1171 1659 1240 ἴσμεν
1710 1173 1768 1224 ἐν

181 1268 481 1337 γράμμασι
511 1267 703 1331 Λαζῶν
730 1283 788 1318 τε
823 1266 1059 1336 βασιλεῖς
1092 1265 1187 1317 καὶ
1217 1266 1343 1325 τοὺς
1373 1264 1489 1316 ὅσοι
1521 1262 1625 1315 ὑπὸ
1661 1265 1769 1318 Λα-

180 1362 302 1425 ζοῖς
336 1360 595 1427 ἄρχοντες
625 1359 876 1425 ἐγένοντο
901 1358 1173 1409 Σουάνων.
1209 1374 1228 1407 ι
1265 1356 1375 1409 Καὶ
1408 1356 1436 1407 ό
1486 1354 1768 1425 βασιλεύς·

187 1473 205 1503 ι
246 1452 306 1503 εἰ
341 1450 774 1518 ξυγχωρήσομέν
805 1465 889 1500 σοι
948 1447 1010 1499 τὸ
1045 1446 1196 1517 παρὰ
1255 1445 1349 1499 σοῦ
1401 1445 1770 1516 προκομισθὲν

183 1542 432 1612 γράμμα
468 1540 853 1610 ξυναιρόμενον
883 1543 949 1610 τῇ
989 1540 1130 1593 κατὰ
1159 1539 1218 1591 σὲ
1254 1538 1503 1608 πολιτείᾳ
1541 1538 1685 1607 ἔχειν
1712 1536 1772 1589 τὸ

187 1634 406 1694 πιστὸν,
437 1629 545 1702 ἆρα
575 1634 669 1684 καὶ
693 1634 761 1686 τὰ
784 1633 1037 1702 ἡμέτερα
1061 1632 1364 1695 συμϐόλαια
1388 1630 1772 1698 πιστευθήσον-

190 1743 283 1778 ται
313 1725 668 1791 δικαιότατα;
709 1743 727 1775 ι
804 1754 835 1763 -
875 1743 892 1775 ‹
927 1720 1103 1793 οἶμαι.
1140 1741 1159 1774 ι
1186 1754 1254 1762 -
1282 1740 1299 1773 ι
1335 1722 1495 1789 πλὴν,
1530 1741 1549 1774 ι
1577 1718 1611 1791 ἦ
1635 1723 1691 1774 δὲ
1726 1722 1771 1752 ιδ

1872 552 2048 607 reges,
2098 538 2191 607 qui
2258 536 2413 607 147
2476 535 2673 590 Suanis
2737 534 2901 589 duces
2961 534 3253 605 elegerant.
3311 534 3439 590 Ha'c

1868 639 2046 682 autem
2080 637 2197 683 erat
2228 628 2385 695 hujus
2426 627 2622 681 tabulae
2662 627 2742 681 vis
2784 645 2797 681 :
2848 627 3008 681 verba
3054 628 3200 681 enim
3245 643 3349 681 non
3382 630 3433 682 id

1867 734 2123 787 eXprcsse
2152 717 2503 773 continebant
2552 733 2566 769 :
2619 735 2637 769 ι
2680 717 2742 770 Hi
2778 728 2937 771 erant
2963 717 3226 771 Lazarum
3260 735 3434 787 reges,

1868 813 1955 880 qui
1991 812 2204 880 regulos
2249 810 2446 865 Suanis
2494 811 2892 865 constituerunt
2945 826 2974 863 a
3022 817 3266 880 tempore
3333 828 3439 880 quo

1870 902 2209 956 Theodosius
2255 901 2557 953 Romanum
2596 900 2736 953 rexit
2769 898 3077 969 imperium,
3112 910 3166 954 et
3200 896 3438 954 Varanes

1870 994 2201 1055 Persarum,
2254 992 2318 1044 ad
2370 990 2604 1045 Lennein
2653 991 3033 1060 imperatorem
3079 999 3134 1045 et
3180 991 3437 1045 Peroscm

1872 1100 2063 1152 usque.
2102 1104 2121 1136 ι
2185 1082 2290 1137 llos
2320 1092 2603 1150 postquam
2648 1082 2841 1136 Petrus
2878 1083 3223 1146 recitaverat,
3256 1083 3391 1137 dixit
3422 1102 3435 1136 :

1875 1196 1893 1228 ι
1936 1177 2016 1229 Ad
2072 1177 2167 1230 hos
2218 1190 2399 1243 usque
2464 1174 2724 1227 habemus
2790 1174 2845 1227 in
2904 1176 3121 1243 scriptis
3174 1175 3437 1230 Lazorum

1872 1283 2044 1336 rcges,
2093 1277 2146 1321 et
2192 1281 2401 1333 omnes,
2430 1265 2520 1333 qui
2556 1265 2623 1319 ab
2660 1264 2739 1319 eis
2787 1264 3003 1320 Suania:
3048 1267 3282 1334 praefecti
3310 1282 3441 1321 con-
3490 1310 3497 1319 .

1871 1359 2045 1411 stituti
2092 1359 2325 1411 ruerunt.
2367 1375 2386 1409 ι
2438 1358 2500 1411 Ει
2550 1372 2642 1410 rex
2674 1375 2687 1411 :
2725 1374 2743 1407 ι
2787 1354 2843 1410 Si
2888 1359 3341 1420 concesserimus,
3373 1357 3440 1411 li-

1874 1449 2069 1502 bellum
2102 1464 2129 1501 a
2160 1450 2563 1512 teexhibitum,
2594 1449 2687 1517 qui
2722 1458 2920 1503 vestra:
2953 1448 3262 1518 reipublica:
3312 1465 3443 1502 can-

1874 1555 1989 1595 sam
2045 1550 2245 1603 tuetur,
2294 1541 2451 1593 (idem
2506 1540 2703 1602 facere,
2740 1555 2918 1594 nonne
2979 1541 3179 1595 nostris
3227 1555 3442 1610 quoque

1874 1631 2032 1685 [idem
2085 1630 2274 1686 haberi
2306 1631 2675 1699 :cqnissimum
2701 1631 2822 1684 est?
2854 1649 2872 1681 ι
2917 1659 2985 1672 ρ·-
3027 1649 3045 1680 ι
3080 1630 3303 1698 Opinor.
3332 1649 3349 1681 ι
3375 1657 3444 1670 --

1880 1743 1898 1775 ‹
1936 1724 2138 1791 Quare,
2190 1722 2513 1786 sicutdicis,
2568 1722 2744 1792 inquit
2771 1736 2885 1787 rex,
2938 1723 3053 1776 haec
3106 1722 3286 1777 resin
3338 1724 3444 1776 ﬁde

192 1818 220 1868 ό
261 1814 532 1885 βασιλεὺς,
570 1833 588 1866 ι
624 1816 760 1885 ὅπερ
784 1814 939 1884 ἔφης,
973 1814 1157 1884 ἔχεται
1208 1812 1448 1879 πειθοῦς,
1494 1814 1575 1866 ὅτι
1625 1813 1761 1883 δῆτα

1874 1813 2038 1883 posita
2098 1821 2203 1877 est,
2264 1820 2442 1865 utrum
2479 1812 2580 1878 sic,
2627 1826 2695 1865 an
2749 1811 2906 1866 aliter
2961 1812 3033 1866 illi
3077 1827 3229 1882 reges
3276 1815 3442 1867 creati

192 1900 342 1959 οὗτοι
375 1908 422 1959 οἱ
451 1906 690 1975 βασιλεῖς
715 1906 764 1958 oi
788 1907 887 1975 μὲν
912 1906 1107 1969 οὕτως,
1133 1906 1182 1958 οἱ
1210 1905 1267 1958 δέ
1291 1905 1465 1968 ἄλλως
1493 1906 1757 1972 ἐγένοντο.

206 1996 422 2065 Ἐπειδὴ
457 1996 515 2048 δὲ
576 1996 672 2049 νῦν
704 1995 834 2066 περὶ
872 1996 1221 2065 ἁμφηρίστου
1250 1995 1611 2064 διαλεγόμεθα
1643 1994 1764 2048 δού-

192 2088 310 2151 λου,
341 2087 389 2138 εί
420 2087 517 2155 μέν
554 2087 931 2155 ἐναργέστατά
985 2102 1099 2150 πως
1141 2086 1428 2156 δυνηθείης
1462 2087 1764 2156 ἀποφῆναι,

194 2176 269 2238 ώς
294 2179 507 2244 πέφυκε
544 2177 656 2241 σὸς,
689 2176 834 2247 λήψῃ
861 2195 923 2246 γε
951 2178 1113 2230 αὐτόν
1139 2194 1152 2207 '
1180 2180 1227 2230 εἰ
1257 2178 1313 2231 δέ
1343 2179 1403 2230 τὸ
1432 2179 1632 2232 τοιόνδε
1670 2180 1769 2250 οὐχ

194 2269 441 2321 οἱόστε²⁵
486 2265 537 2321 ei
588 2267 987 2335 πιστώσασθαι,
1044 2269 1141 2322 καὶ
1204 2269 1379 2334 ἄλλως
1439 2270 1689 2339 βούλεται
1743 2273 1772 2325 ὁ

194 2360 430 2422 Σουάνος
489 2360 857 2429 ὑποτετάχθαι
912 2364 977 2430 τῇ
1019 2362 1306 2431 Ῥωμαίων
1373 2363 1539 2433 ἀρχῇ,
1572 2364 1773 2433 ἥκιστα

192 2451 391 2519 ἔσομαι
446 2450 716 2519 ἐμποδών.
776 2451 977 2504 Τούτου
1033 2457 1343 2524 περαιτέρω
1406 2455 1558 2507 οὐδὲν
1597 2456 1775 2508 ὁτιοῦν

192 2541 491 2609 δυνήσομαι
522 2543 715 2595 ποιεῖν.
756 2558 774 2592 ι
815 2541 875 2594 '0
898 2541 955 2594 δὲ
1003 2542 1241 2613 Πέτρος·
1281 2562 1299 2595 ι
1327 2543 1448 2613 οὐχὶ
1502 2544 1699 2614 πεύσῃ,
1729 2536 1774 2599 ὧ

191 2633 449 2694 δέσποτα,
484 2631 622 2703 πρὸς
672 2632 769 2688 τοῦ
810 2634 1065 2699 Σουάνου,
1089 2636 1210 2688 ὅποι
1239 2636 1285 2667 ⁸⁸
1312 2636 1561 2705 βούλεται
1593 2632 1772 2705 εἷναι;

190 2721 496 2787 ἐξουσιάζει
515 2722 825 2793 γὰραύτὸς,
842 2726 967 2778 ὅσον
992 2726 1083 2778 ἐπὶ
1110 2727 1281 2797 ταύτῃ
1298 2744 1361 2795 γε
1388 2727 1559 2798 δήπου
1579 2730 1644 2797 τῇ
1664 2744 1774 2799 μοι·

192 2812 304 2883 ρίᾳ.
326 2831 425 2862 ι·-
453 2830 471 2862 ι
495 2812 780 2882 Ἀθρειδὲ,
808 2815 835 2865 ὀ
861 2813 1133 2882 βασιλεὺς,
1176 2815 1251 2879 ώς
1269 2816 1329 2869 οὐ
1354 2816 1612 2887 βούλομαι
1636 2819 1765 2889 περὶ

190 2899 456 2963 Σοινανίας
482 2903 583 2970 τῆς
616 2899 797 2970 χώρας
819 2918 873 2954 τι
906 2900 1173 2956 πυθέσθαι
1199 2904 1337 2974 πρὸς
1360 2906 1468 2958 τῶν
1495 2906 1764 2969 Σουάνων,

1872 1905 2000 1957 sitit.
2062 1902 2168 1957 Sed
2221 1900 2475 1970 quoniam
2535 1902 2601 1956 de
2642 1916 2801 1956 servo
2842 1903 2984 1957 inter
3037 1916 3136 1957 nos
3173 1904 3446 1956 contentio

1872 2005 1973 2057 est,
2003 1994 2091 2061 qui
2129 1994 2284 2063 cujus
2327 1993 2417 2057 sit,
2452 1991 2674 2047 dubium
2723 2000 2806 2047 est
2845 2009 2860 2047 :
2904 1991 2949 2047 si
2986 1991 3148 2047 claris
3172 2001 3225 2047 et
3272 1994 3445 2046 mani-

1873 2087 2025 2142 festis
2065 2085 2396 2154 argumentis
2442 2086 2671 2155 probare
2716 2094 2870 2155 potes
2913 2093 3063 2139 tuum
3113 2100 3257 2149 esse,
3302 2084 3445 2138 acci-

1875 2181 2029 2249 pies:
2080 2179 2163 2233 sin
2217 2179 2395 2232 minus
2427 2179 2478 2232 id
2528 2188 2702 2246 potes,
2750 2187 2805 2232 et
2841 2177 3055 2232 Suanus
3105 2187 3285 2232 tamen
3319 2178 3444 2230 velit

1878 2271 2245 2325 Romanorum
2286 2270 2513 2339 imperio
2541 2271 2786 2335 subesse,
2814 2285 2919 2324 non
2950 2270 3300 2324 intercedam.
3339 2266 3445 2321 Nec

1876 2373 1960 2417 est
2006 2363 2148 2417 ultra
2219 2361 2273 2416 id
2336 2362 2672 2432 quidquam,
2730 2362 2874 2432 quod
2925 2362 3105 2416 facere
3159 2361 3386 2431 possim.
3419 2378 3437 2409 ι

1878 2450 2013 2505 Τιιιιι
2041 2451 2237 2507 Petrus
2267 2469 2280 2505 :
2326 2470 2344 2503 ι
2378 2450 2492 2506 Non
2525 2452 2932 2521 percontabcris
2964 2466 2994 2505 e
3040 2451 3244 2514 Suano,
3280 2465 3313 2505 ο
3350 2451 3445 2503 dn-

1878 2544 2046 2609 inine,
2080 2542 2233 2609 cujus
2262 2543 2391 2598 velit
2418 2543 2577 2599 esse?
2617 2545 2719 2599 hac
2760 2543 2903 2597 enim
2934 2543 3240 2597 conditione
3270 2541 3444 2594 delata

1876 2646 1935 2686 se
1961 2632 2012 2685 in
2045 2633 2348 2687 libertatem
2375 2631 2925 2688 assererem—«Noli
2960 2633 3061 2688 hoc
3106 2646 3317 2703 rogare,
3364 2646 3447 2684 re-

1878 2723 2097 2791 spondit
2127 2737 2219 2776 rex
2241 2740 2255 2789 ;
2278 2738 2386 2777 non
2414 2722 2556 2777 enim
2591 2723 2643 2777 in
2669 2722 2851 2775 animo
2877 2721 3072 2786 habeo,
3103 2730 3360 2789 quantum
3382 2719 3445 2771 ad

1873 2812 2456 2883 regionetnSuaniain,
2506 2812 2798 2882 quidquam
2832 2811 3135 2865 Suanorutn
3186 2807 3445 2863 voluntati

1875 2905 2116 2958 credere.
2155 2902 2366 2958 Etenim
2414 2918 2588 2972 neque
2638 2904 2719 2958 las
2778 2918 2950 2972 neque
2985 2904 3191 2972 justum
3250 2909 3333 2955 est
3380 2903 3445 2953 de

189 2993 312 3044 ἐπεὶ
338 2991 464 3044 οὐδὲ
497 2992 641 3044 ὅσιον
663 2991 787 3045 οὔτε
823 2994 931 3064 μὴν
957 2994 1130 3059 ἄλλως
1162 2994 1368 3049 δίκαιον
1395 2994 1515 3068 [τὴν
1545 2995 1613 3068 ⁸⁷]
1640 2996 1766 3068 περὶ

1878 3001 2021 3046 terra
2073 2993 2187 3062 ipsa
2228 2993 2367 3047 servi
2411 2993 2599 3060 iudicii
2647 2992 2944 3059 periculum
2979 2992 3181 3047 subire.
3216 3009 3235 3042 ι
3270 2991 3447 3060 Atque

187 3083 287 3153 τῆς
336 3084 444 3152 γῆς
496 3083 666 3152 αὐτῆς
725 3086 781 3136 ἐν
827 3086 1013 3138 δούλου
1061 3087 1463 3140 κινδυνεύεσθαι
1502 3088 1700 3159 κρίσει.
1745 3108 1763 3140 ι

1876 3079 1930 3134 hi
1959 3059 2380 3151 inter-utrosque
2410 3059 2580 3134 habiti
2608 3088 2736 3133 sunt
2760 3093 3059 3133 sermones.

190 3174 311 3227 Οἵδε
340 3174 447 3243 μὲν
474 3169 566 3227 οὖν
604 3174 653 3225 οἱ
705 3174 855 3244 λόγοι
899 3177 1165 3246 προῆλθον
1200 3178 1258 3245 ἐξ
1285 3180 1486 3249 ἀμφοῖν
1513 3181 1577 3234 ’⁸.

260 3263 325 3317 δ’.
352 3264 481 3317 ’Ὁτι
510 3264 661 3318 οὐδὲν
690 3265 899 3338 προέϐη
956 3268 1087 3339 περὶ
1133 3273 1232 3340 τῆς
1263 3272 1545 3337 Σουανίας,
1590 3274 1704 3327 ἀλλ’
1736 3276 1765 3329 ὁ

195 3356 405 3424 Πέτρος
453 3355 736 3426 ἄπρακτος
795 3358 1110 3429 ἀνεχώρησε
1158 3361 1267 3413 τῶν
1305 3364 1563 3433 Μηδικῶν
1582 3368 1767 3435 όρίων.

196 3445 386 3515 Ὅμως
413 3445 457 3497 δ’
494 3442 587 3499 οὖν
630 3448 923 3502 ἐσπείσατο
954 3451 999 3481 ³⁵
1034 3451 1295 3521 Πέρσαις,
1339 3454 1431 3506 καὶ
1475 3454 1769 3510 κατέθεντο

196 3538 288 3591 τὸν
317 3538 554 3607 πόλεμον
583 3540 891 3611 ἀμφότεραι
922 3542 1209 3597 πολιτεῖαι.
1243 3546 1351 3598 Καὶ
1383 3547 1433 3599 οἱ
1466 3548 1565 3617 μὲν
1594 3548 1767 3619 Μῆδοι

197 3630 260 3679 ὲκ
285 3629 386 3697 τῆς
418 3629 527 3681 τῶν
548 3630 769 3699 Κόλχων
790 3632 893 3701 γῆς
923 3632 1010 3684 ἐπ’
1034 3628 1183 3686 οἷκον
1208 3636 1563 3708 ἀνεχώρησαν
1588 3655 1603 3669 ο
1627 3640 1765 3711 ἀτὰρ

196 3721 254 3781 ἐς
291 3720 354 3771 τὸ
398 3718 688 3782 Βυζάντιον
760 3723 1097 3799 ἀφικόμενος
1143 3728 1172 3777 ό
1206 3728 1412 3797 Πέτρος
1468 3732 1528 3781 οὐ
1587 3732 1766 3801 πολλῷ

200 3810 423 3879 ὕστερον
457 3811 721 3864 κατέλυσε
754 3812 846 3864 τὸν
862 3804 1013 3881 βίον.

273 3909 336 3956 ε’.
374 3902 499 3955 Ὀτι
538 3903 819 3964 Ἰουστῖνος
856 3902 883 3952 ὁ
926 3904 1146 3972 ἀνεψιὸς
1211 3906 1585 3960 Ἰουστινιανοῦ
1647 3911 1765 3961 κατ’

196 3994 373 4045 ἐκεῖνο
431 3992 627 4060 καιροῦ
667 3992 922 4064 Ἰωάννην
971 3995 1065 4045 τὸν
1114 3996 1477 4064 Κομεντίολον
1507 3999 1551 4028 ³⁰
1587 4001 1641 4061 ὲς
1699 4000 1767 4052 τὰ

195 4082 421 4152 Περσῶν
453 4084 558 4153 ήθη
583 4083 792 4136 ἔστειλε
822 4085 1313 4155 πρεσϐευσόμενον.
1344 4090 1765 4159 Παρενεγγύησε

193 4175 248 4227 δὲ
282 4175 331 4227 οἱ
364 4175 404 4206 ³¹
438 4178 503 4227 ἐκ
534 4176 633 4243 μὲν
663 4175 756 4226 τοῦ
788 4177 1071 4243 ἐμφανοῦς
1116 4178 1451 4250 ἀνακήρυξιν
1495 4184 1765 4252 ποιήσασ-

91 4268 115 4289 ⁹
196 4268 282 4319 θαι
314 4269 411 4335 τῆς
443 4266 605 4317 αὐτοῦ
638 4265 731 4317 ἐπὶ
759 4266 857 4334 τὴν
883 4266 1157 4335 βασιλείαν
1189 4270 1601 4341 ἀναγορεύσεως
1625 4274 1765 4327 κατὰ

195 4357 254 4408 τὸ
284 4356 473 4417 εἰωθὸς
508 4356 803 4424 Ῥωμαίοις
835 4374 894 4409 τε
954 4360 1051 4410 καὶ
1088 4360 1346 4430 Πέρσαις,
1374 4364 1430 4415 ἐν
1466 4366 1649 4435 ταύτῷ
1683 4367 1761 4432 δὲ,

194 4448 307 4517 εἴγε
342 4445 560 4499 καλέσοι
600 4447 814 4519 καιρὸς,
850 4449 943 4502 καί
976 4450 1119 4519 ἀμφὶ
1151 4453 1410 4516 Σουανίας
1434 4456 1651 4526 κινῆσαι
1674 4458 1762 4510 λό-

195 4554 345 4623 γους.
365 4535 583 4606 Ταύτην
621 4538 729 4608 γὰρ
782 4538 936 4592 οὖπω
985 4541 1231 4611 Χοσρόης
1265 4543 1677 4617 ἀπεκατέστησε
1715 4550 1759 4580 ³⁸

1943 3253 1999 3306 4.
2046 3251 2209 3323 148
2250 3250 2395 3306 Nihil
2445 3266 2572 3307 vero
2610 3252 2902 3321 quidquam
2927 3252 3117 3307 Petrus
3143 3252 3210 3307 de
3241 3251 3440 3307 Suania

1872 3345 2122 3409 obtinuit,
2176 3344 2272 3399 sed
2315 3343 2517 3399 infecto
2566 3345 2778 3413 negotio
2836 3360 2865 3398 a
2914 3344 3111 3399 [litibus
3162 3344 3439 3399 Medorum

1872 3436 2128 3501 recessit;
2178 3449 2368 3506 pacem
2414 3444 2591 3488 tamen
2637 3449 2761 3488 cum
2802 3433 2984 3489 Persis
3035 3434 3358 3504 composuit,
3389 3445 3445 3488 et

1872 3544 2101 3601 utraque
2126 3546 2289 3603 regna
2327 3531 2529 3586 bellum
2559 3532 2948 3600 deposuerunt,
2971 3540 3028 3585 et
3055 3530 3190 3586 Medi
3226 3531 3440 3599 quidem

1867 3640 1897 3678 a
1962 3624 2285 3679 Coit-horum
2365 3624 2585 3687 ﬁnibus
2629 3623 2844 3678 dontqu
2910 3632 3268 3679 reverterunt.
3335 3621 3445 3677 Nec

1873 3718 2038 3773 inulto
2082 3729 2203 3786 post
2240 3718 2431 3772 Petrus
2479 3734 2600 3772 cum
2630 3716 2947 3786 Byzantium
3000 3721 3268 3785 rediisset,
3301 3735 3445 3775 lilOt-

1870 3820 1991 3864 tuus
2015 3818 2113 3863 est.

1940 3897 1990 3949 5.
2043 3895 2289 3951 Justinus
2337 3895 2533 3958 minor,
2582 3894 2869 3948 Justiniani
2924 3910 3112 3964 nepos,
3165 3897 3256 3949 illo
3292 3906 3438 3951 tein-

1869 4005 1999 4058 pore
2063 3988 2208 4042 misit
2264 3986 2526 4041 Joannem
2582 3985 2978 4040 Comentiolum
3052 3986 3105 4040 in
3162 3987 3441 4052 l'ersiam,

1869 4093 1929 4135 ut
1954 4080 2223 4148 legatione
2255 4080 2587 4148 fungeretur.
2624 4077 2896 4132 Mandavit
2930 4080 3000 4143 ei,
3033 4090 3089 4131 ut
3111 4080 3176 4132 ad
3204 4082 3438 4149 speciem

1868 4176 2083 4242 quidem
2120 4189 2216 4243 pro
2255 4187 2402 4228 more
2434 4173 2576 4227 inter
2613 4173 2886 4226 Romanos
2914 4181 2970 4226 et
2998 4172 3194 4227 Persas
3225 4187 3441 4243 recepto

1869 4266 2165 4329 nuntiaret,
2195 4265 2405 4320 Justino
2435 4267 2718 4334 imperium
2751 4264 2985 4318 delatum
3015 4282 3026 4316 :
3057 4266 3435 4329 simulantem,

1867 4358 1911 4411 si
1948 4372 2007 4412 se
2030 4356 2249 4411 offerret
2271 4358 2507 4420 occasio,
2540 4358 2592 4411 in
2626 4373 2929 4412 sermonem
2959 4358 3024 4412 de
3067 4359 3268 4413 Suania
3306 4360 3441 4413 inri-

1866 4448 2037 4501 deret.
2065 4445 2311 4500 Nondum
2331 4450 2472 4501 cnim
2496 4464 2613 4501 cant
2646 4446 2754 4517 iuri
2780 4450 3146 4503 [lonianorum
3170 4449 3437 4505 Chosrocs

1867 4546 2129 4601 cesserat,
2167 4538 2416 4605 quamvis
2462 4537 2662 4591 Suania
2713 4538 2901 4592 ditioui
2945 4538 3158 4594 Lazicae
3200 4540 3439 4610 subjecta

208 4602 519 4696 Ῥωμαίοις,
538 4602 549 4606 ⁷
568 4602 744 4681 καίτοι
790 4630 891 4697 τῆς
949 4602 1223 4700 Λαζικῆς⁷
1244 4602 1651 4705 παραχωρήσας
1692 4640 1758 4703 ³³,

1874 4639 2032 4692 esset,
2070 4644 2187 4697 qua:
2222 4631 2336 4698 ipsa
2370 4628 2631 4683 Ratnanis
2662 4631 2855 4684 tradita
2888 4641 3023 4686 crat.
3054 4631 3279 4687 Fmdera
3308 4635 3444 4704 qui-

194 4711 257 4788 ἦς
290 4717 532 4785 ὑπήκοος
559 4715 693 4772 οὖσα
727 4721 761 4789 ἡ
792 4720 1023 4772 Σουανία
1058 4722 1373 4791 ἐτύγχανεν.
1414 4728 1553 4779 Ἀλλ’
1580 4732 1633 4781 αἱ
1666 4732 1763 4798 μέν

196 4809 708 4877 πεντηκοντοὺτιδες
757 4812 983 4864 σπονδαὶ
1025 4807 1188 4881 ἦσαν,
1223 4816 1285 4880 ἃς
1312 4816 1464 4870 ἔθετο
1501 4820 1710 4890 Πέτρος
1734 4824 1763 4874 ό

192 4897 301 4952 τῶν
325 4901 453 4968 περὶ
480 4900 707 4969 βασιλέα
745 4904 1064 4971 καταλόγων
1095 4906 1140 4936 ³⁸
1170 4906 1391 4976 ἡγεμών
1411 4922 1427 4938 ⁸
1452 4909 1521 4959 τὰ
1541 4910 1597 4961 δὲ
1632 4912 1760 4979 περὶ

194 4989 451 5051 Σουανιας
488 4991 577 5043 ἐπ’
607 4993 896 5064 ἀμφιϐόλῳ
920 4990 1007 5065 ἦν.
1044 4996 1325 5061 Ἰουστῖνος
1372 4999 1428 5051 δὲ
1454 4998 1482 5049 ὁ
1508 4999 1761 5069 βασιλεὺς

195 5079 582 5133 ἐνεκελεύσατο
609 5082 653 5113 ³³
698 5084 969 5153 Ἰωάννην,
992 5086 1087 5150 ώς,
1142 5090 1256 5155 εἴγε
1296 5089 1570 5158 βούλοιντο
1615 5092 1758 5163 Πέρ-

197 5184 284 5221 σαι
322 5172 415 5221 γαὶ
466 5170 623 5224 ὢνιον
682 5174 1025 5229 ἀποδίδοσθαι
1063 5178 1159 5247 τὴν
1200 5178 1406 5249 χώραν,
1436 5183 1759 5251 ἐτοιμὸτατα.

196 5257 365 5325 φῆσαι
388 5258 551 5328 ἔχειν.
592 5260 658 5312 'H
678 5262 787 5330 γὰρ
811 5263 1037 5316 Σουανία
1059 5265 1336 5333 ἀξιόλογος
1358 5269 1457 5337 μὲν
1482 5270 1753 5337 οὐδαμῶς,
1788 5298 1791 5299 ν

1867 4720 2009 4785 dem,
2038 4735 2159 4787 qua:
2185 4721 2236 4773 in
2268 4722 2769 4789 quinquagesimum
2803 4739 3004 4777 annum
3039 4724 3252 4789 Petrus,
3274 4728 3443 4794 magi-

1865 4820 1977 4865 ster
2002 4809 2318 4877 ciliciorum,
2346 4815 2643 4881 pepigerat,
2662 4816 3123 4871 observabuntur:
3149 4818 3245 4873 sed
3266 4820 3441 4888 quoad

1868 4902 2126 4958 Suaniam
2155 4918 2242 4957 res
2288 4904 2464 4957 adhuc
2514 4905 2566 4958 in
2616 4920 2880 4973 suspenso
2930 4921 3317 4963 remanserant.
3346 4909 3441 4963 Ju-

1866 4995 2041 5050 stinus
2062 5010 2187 5049 vero
2213 4994 2717 5064 imperatorloanni
2740 4998 2792 5051 in
2822 4986 3091 5054 mandatis
3114 5001 3360 5067 dederat,
3389 5006 3435 5058 si

1867 5086 2048 5141 Persa;
2074 5086 2216 5141 illaut
2261 5087 2532 5158 regionem
2577 5088 2809 5143 vendere
2848 5090 3067 5154 vellent,
3101 5101 3159 5145 ut
3191 5107 3250 5146 se
3279 5108 3436 5160 para-

1869 5190 1980 5233 tum
2017 5195 2138 5235 esse
2192 5182 2414 5236 diceret.
2469 5181 2600 5237 Erat
2654 5181 2856 5238 Suania
2902 5200 3008 5240 non
3053 5188 3167 5254 ipsa
3221 5186 3434 5254 quidem

1867 5271 2042 5338 magni
2068 5271 2323 5326 momenti
2343 5285 2434 5325 aut
2453 5274 2633 5341 pretii,
2651 5276 2744 5330 sed
2772 5276 2875 5331 situ
2898 5276 3052 5331 valde
3073 5279 3355 5333 commodo
3375 5290 3437 5334 ct

1470 5362 1703 5417 VARIE
1744 5362 2150 5422 LEC'I'IONES.

268 5443 314 5474 “
338 5439 373 5514 ἦ
496 5442 586 5527 ἴε..
612 5442 740 5527 ᾖδεν
770 5448 937 5518 vulg.,
971 5450 1123 5503 εἶπεν
1148 5452 1215 5505 Η.
1294 5446 1545 5527 "cidere
1580 5455 1669 5516 Π..
1692 5453 1876 5527 ,οἷόντε
1898 5457 2046 5527 vulg.

430 5514 475 5544 ’⁸
506 5514 887 5584 Sequebantur
928 5536 1049 5587 qua:
1100 5532 1314 5576 exstant
1342 5524 1397 5575 in
1438 5526 1539 5578 ecl.
1578 5541 1631 5578 ιι.
1659 5514 1737 5578 de
1789 5536 1932 5579 sent.

197 5527 335 5566 inus.

2186 5460 2331 5535 ὅποι]
2364 5463 2483 5535 ὅτου
2512 5463 2757 5518 Cantocl.
2794 5465 2875 5535 __"
2904 5465 3003 5535 τήν
3026 5467 3178 5523 uncis
3198 5468 3431 5522 exclusi-

1990 5544 2042 5609 ρ,
2071 5527 2193 5609 ιεε,
2228 5527 2330 5583 17(
2352 5602 2363 5609 _
2385 5533 2757 5609 ’ξέσπείταῖο
2790 5532 2933 5609 γαί..
2958 5527 3227 5609 ’ἐπίστατο
3286 5541 3423 5609 vulg.

195 5579 1461 5678 1°~133pssrtltéioivuiglligottsttolonLahb.
1489 5595 1555 5647 ad
1583 5594 1831 5678 'i‘heotih.
1850 5611 1949 5678 ap.
1977 5579 2385 5678 Photiunr

197 5652 493 5727 κατέστησε
518 5654 605 5727 8.,
635 5652 1159 5727 ἁπεκρᾶτησενιιιε.

198 5718 348 5786 λόγον
381 5718 520 5793 vulg.
593 5726 635 5759 ³⁵
669 5718 1050 5781 ὲνειέελειῖσατο
1080 5718 1164 5793 Bt,
1186 5718 1711 5804 ἐνεκαλέσίτᾶγῖιιςξ

1241 5662 1285 5692 ³³
1308 5666 1717 5735 παραχωρήσας
1742 5662 1819 5735 ἧς
1847 5662 1910 5719 Ν.

1922 5707 1937 5732 ,
1976 5676 2460 5742 παραχωρησάσης
2497 5674 2642 5741 vulg.
2730 5673 2771 5704 ”
2810 5673 3125 5743 καταλόγων
3166 5677 3256 5735 Η..
3289 5683 3427 5731 κατα
