4006 6214
583 294 685 356 ιςῖς)
733 241 742 250 ’
1479 287 1868 347 EXCERPTA
1903 286 2000 343 ex
2034 281 2456 344 MENANDRO
2494 282 2994 344 POBTECTORE
3668 293 3748 356 880

583 415 728 473 apto,
764 410 823 457 ut
848 412 1095 469 maguum
1127 397 1494 467 adjumentum
1547 394 1762 450 afferret
1794 396 1860 450 ad
1891 397 2151 449 arcendos

2181 405 2222 458 Α
2254 393 2404 460 ὅμως
2431 393 2487 445 δὲ
2513 394 2834 462 ἐπιτηδείως
2879 393 3078 462 ἔχουσα
3118 395 3314 460 Θέσεως
3365 398 3419 461 ἐς
3465 397 3527 451 τὰ
3565 403 3749 470 μάλιστα

583 498 778 552 Persas
821 495 886 548 ab
937 490 1250 546 invadendis
1310 489 1628 543 Colchorum
1687 489 1901 543 finibus.
1964 487 2148 556 Itaque

2249 483 2454 551 ὀνίνησι
2479 485 2577 554 τὴν
2609 485 2897 554 Ῥωμαίων
2919 487 3094 555 ἀρχὴν
3118 487 3194 557 τῷ
3225 487 3300 558 μὴ
3321 489 3386 541 δι’
3423 491 3577 560 αὐτῆς
3601 493 3639 524 ⁸⁸
3666 497 3753 550 ἐπι.

581 590 833 648 Joannes,
862 583 1119 652 Byzantio
1145 579 1439 651 profectus,
1471 595 1594 634 cum
1629 580 1861 644 urbium,
1893 594 1989 649 per
2013 593 2149 647 quas

2250 572 2564 642 τιθεμένους
2591 575 2806 643 Πέρσας
2835 573 2903 627 τά
2922 575 3031 628 τῶν
3056 576 3273 647 Κόλχων
3292 579 3410 646 ὅρια
3431 579 3749 647 λυμαίνεσθαι.

583 681 684 732 iter
709 676 781 730 illi
814 684 952 738 erat,
982 683 1041 725 ιιι
1085 673 1153 727 ab
1187 672 1512 739 imperatore
1543 670 1914 738 praescriptum
1948 668 2146 735 fuerat,

2264 664 2519 734 Ἰωάννης
2553 664 2646 719 οῦν
2677 669 2741 718 ἐκ
2767 666 3063 730 Βυζαντίου
3093 669 3252 739 ἄρας,
3314 671 3404 722 καὶ
3447 671 3517 733 ὡς
3569 673 3753 743 τάχιστα

581 766 746 820 multa
778 779 903 818 cura
939 760 1100 832 149
1127 771 1181 815 et
1199 759 1473 829 diligentia
1505 761 1663 814 rebus
1692 759 2052 824 subvenisset,
2083 758 2150 812 ad

2250 755 2350 826 τὴν
2391 759 2623 827 πορείαν
2654 758 2878 820 ἀνύσας,
2912 759 2968 810 ἐν
3009 761 3129 822 ταῖς
3171 761 3311 813 κατά
3341 761 3436 831 τὴν
3460 765 3664 833 πάροδον
3684 768 3755 818 πός

585 855 753 910 Daras
779 855 1040 923 pervenit.
1074 851 1188 906 Illic
1218 865 1370 918 aqua:
1397 850 1612 904 ductum
1656 849 2008 903 reficiendum
2039 863 2151 902 eu-

2253 843 2370 896 λεσι
2401 845 2511 898 τῶν
2543 846 2860 914 ἀναγκαίων
2891 848 3150 917 φροντίδα
3174 848 3393 917 Θέμενος
3422 852 3620 922 πολλὴν,
3638 855 3755 908 τοῦτο

582 948 744 1009 ravit,
776 953 831 1001 et
856 958 1008 1015 aquae
1038 941 1376 1012 receptacula
1399 941 1654 1004 condidit,
1687 949 1741 994 et
1770 939 1872 993 alia
1903 940 2149 1008 quaedam

2254 937 2657 1005 προειρημένον
2713 936 2864 1006 αὑτῷ
2914 942 2976 990 ἐκ
3036 937 3318 1007 βασιλέως,
3375 942 3582 1009 ἀφίκετο
3629 946 3692 1008 είς
3713 949 3753 998 τὸ

581 1054 743 1108 opera
792 1036 1096 1104 necessaria
1128 1033 1418 1089 exstruxit.
1456 1030 1532 1086 lbi
1562 1047 1655 1100 per
1709 1031 1891 1084 decem
1925 1031 2039 1084 dies
2069 1038 2153 1084 est

2254 1028 2451 1096 Δάρας.
2498 1028 2766 1082 Ἐνταῦθα
2793 1031 2882 1097 τὸν
2912 1031 3056 1083 κατά
3101 1031 3253 1084 πόλιν
3287 1022 3456 1086 ’ὁλκὸν
3483 1035 3566 1087 τοῦ
3610 1035 3754 1101 ὓδατος

583 1107 974 1192 commoratus,
1013 1124 1280 1192 tantisper
1310 1124 1433 1176 dum
1480 1119 1647 1175 Nisibi
1682 1119 1876 1174 festmn
1912 1120 2152 1174 celebra-

2253 1117 2596 1171 ἐπεσκεύασε
2631 1121 2725 1172 καὶ
2752 1121 3032 1190 ὑδροχοεῖα
3085 1124 3366 1193 ἐπενόησε,
3423 1125 3512 1177 καὶ
3562 1127 3646 1194 μὲν
3683 1123 3750 1180 ob:

589 1234 736 1276 retur
769 1227 824 1276 et
867 1224 1240 1288 perageretur.
1289 1211 1415 1268 Haec
1443 1226 1606 1266 causa
1647 1219 1768 1266 erat
1815 1226 1910 1264 cur
1939 1210 2152 1278 legatio

2252 1208 2386 1262 ἄλλα
2412 1209 2549 1262 ἄττα
2577 1209 2682 1262 τῶν
2706 1211 2764 1263 ἐν
2803 1211 2958 1265 ἄστει
3001 1214 3272 1282 ἀναγκαῖα
3307 1215 3349 1245 ³⁷
3375 1217 3659 1284 εἰργάσατο.
3686 1222 3751 1269 Δι·

585 1311 798 1366 admitti
845 1324 949 1364 non
999 1315 1228 1376 poterat.
1253 1302 1414 1358 Festo
1442 1313 1684 1373 peracto,
1712 1301 1854 1372 quod
1885 1301 2027 1369 apud
2058 1315 2154 1355 eos

2253 1299 2428 1368 ήγαγε
2467 1299 2524 1352 δέ
2553 1299 2719 1353 αὑτοῦ
2743 1301 2953 1373 ἡμέρας
2980 1302 3112 1356 δέκα
3155 1303 3233 1374 τῷ
3273 1303 3370 1375 τὴν
3391 1305 3433 1335 ³⁸
3462 1307 3514 1358 ἐν
3544 1309 3600 1375 τῇ
3643 1308 3756 1358 Νισί-

585 1401 853 1469 Furdigan
884 1396 1116 1460 dicitur,
1152 1393 1341 1449 feralia
1367 1393 1598 1457 diceres,
1630 1402 1888 1467 exceptus
1913 1389 2152 1446 Joannes

2253 1391 2339 1444 ὕει
2377 1393 2420 1424 ‘9
2452 1395 2518 1464 τῇ
2548 1393 2704 1446 πόλει
2733 1394 3128 1464 πανηγυρίζειν
3163 1412 3222 1448 τε
3273 1398 3367 1449 καὶ
3407 1397 3550 1464 ἄγειν
3587 1400 3751 1469 ἑορτὴν,

586 1511 612 1543 ιο
647 1489 973 1559 primoribus
1015 1486 1216 1542 Nisibis
1260 1500 1382 1539 cum
1427 1483 1634 1538 solenni
1667 1483 1870 1536 honore
1898 1483 1964 1535 ad
1996 1495 2152 1536 exsc-

2253 1485 2366 1536 κάκ
2398 1485 2588 1537 τούτου
2637 1485 2737 1555 τὴν
2795 1488 3096 1558 πρεσϐείαν
3137 1488 3217 1558 μὴ
3253 1489 3609 1552 ὑποδέξασθαι.
3645 1492 3691 1544 '0
3715 1494 3753 1543 δὲ

584 1583 850 1651 quendam
879 1578 1198 1648 legationem
1225 1575 1276 1629 in
1309 1575 1509 1643 regiam
1549 1573 1834 1628 Persarum
1859 1581 1938 1628 est
1967 1573 2153 1627 dimis-

2266 1575 2514 1646 Ἰωάννης
2574 1577 2785 1647 δεχθεὶς
2855 1579 2993 1648 μετά
3035 1579 3135 1650 τὴν
3170 1581 3363 1650 ἑορτὴν
3402 1581 3494 1650 τὴν
3517 1582 3753 1652 Φουρδίγαν

585 1688 700 1727 sus.
730 1670 778 1725 ls
806 1684 871 1726 eo
903 1667 1151 1732 accessit,
1183 1676 1236 1720 et
1263 1664 1538 1728 omnibus,
1557 1677 1786 1733 quorum
1811 1678 1974 1717 causa
2008 1663 2152 1718 mis-

2255 1664 2833 1736 προσαγορευομένην,
2884 1666 2910 1719 ὅ
2966 1669 3115 1721 ἐστιν
3160 1667 3457 1739 Ἑλληνιστὶ
3508 1672 3753 1738 νεκυία,ἐκ

585 1775 677 1816 sus
708 1759 950 1826 fuit,rite
967 1756 1217 1827 peractis,
1247 1768 1561 1824 responsum
1586 1753 1853 1807 manebat.
1884 1751 2154 1806 Chosroes

2185 1740 2228 1794 Β
2256 1755 2365 1808 τῶν
2396 1757 2453 1808 ἐν
2475 1759 2540 1826 τῇ
2568 1756 2786 1810 Νισίὸει
2833 1758 3114 1828 ἀρχόντων
3165 1759 3476 1831 ἐξεπέμφθη
3509 1764 3592 1815 σὺν
3617 1766 3667 1832 τῇ
3689 1781 3751 1814 νο-

585 1862 762 1904 autem
794 1851 1022 1919 quadam
1057 1847 1144 1902 die
1175 1857 1477 1900 sermonem
1511 1843 1680 1897 movit
1721 1844 1786 1896 de
1831 1841 2148 1897 Saracenis.

2263 1845 2529 1919 μιζομένῃ
2554 1851 2686 1918 τιμῇ
2731 1849 3057 1922 πρεσϐεύειν
3085 1853 3140 1914 ἐς
3165 1853 3234 1905 τὰ
3263 1852 3499 1922 βασίλεια
3544 1853 3748 1924 Περσῶν·

584 1943 786 1998 Gentes
829 1940 969 1995 enim
1007 1935 1349 2008 Saracenica:
1404 1934 1709 1987 innumerae
1743 1941 1890 1997 sunt,
1923 1947 2152 2002 quarum

2260 1940 2356 1990 καὶ
2385 1939 2601 1992 ἅπαντα
2633 1939 2700 2006 ⁸⁰,
2729 1933 2803 1993 ὧν
2834 1940 2995 1994 ἕνεκα
3027 1942 3281 2010 ἐσταλτο,
3339 1947 3394 1996 ἐν
3433 1945 3586 1998 δέοντι
3634 1962 3754 1997 aratas

585 2035 821 2090 maxima
853 2047 978 2103 pars
1020 2045 1118 2100 per
1143 2029 1356 2083 deserta
1388 2033 1671 2095 pascentes
1700 2034 1756 2078 et
1785 2025 1903 2080 sine
1938 2025 2157 2081 domino

2262 2027 2624 2097 στησάμενος,
2662 2029 2718 2081 ἐν
2742 2011 2954 2092 τούτοις
2989 2029 3265 2100 ὑπῆρχεν.
3303 2031 3359 2084 ’0
3400 2031 3453 2084 δὲ
3488 2030 3689 2099 Χοσρόης
3716 2030 3753 2080 ἐν

588 2135 869 2195 vagantur,
916 2122 1032 2178 alia:
1065 2119 1452 2197 Romanorum,
1505 2116 1622 2171 alia:
1661 2115 1950 2171 Persarum
1991 2117 2160 2185 impe-

2265 2121 2362 2190 μιᾷ
2393 2120 2502 2172 τῶν
2532 2120 2756 2192 ἡμερῶν
2777 2120 2886 2173 τῶν
2913 2122 3256 2193 Σαρακηνῶν
3288 2123 3414 2193 πέρι
3438 2122 3570 2192 αὑτῷ
3593 2123 3753 2190 ἐκίνησε

588 2221 670 2272 rio
701 2223 915 2284 parent.
967 2210 1046 2265 lta
1119 2209 1306 2266 divisae
1361 2201 1502 2263 cum‘
1540 2215 1743 2272 essent,
1799 2206 2155 2275 Justinianus,

2260 2209 2472 2279 λόγους.
2507 2213 2586 2265 Τά
2604 2214 2710 2284 γὰρ
2730 2213 3083 2285 Σαρακηνικά
3107 2211 3258 2282 φῦλα.
3295 2215 3536 2285 μυριάδες
3554 2214 3589 2245 ⁸¹
3615 2211 3753 2275 ταῦτα,

589 2309 770 2380 magni
795 2306 984 2377 iudicii
1022 2304 1123 2368 vir,
1169 2312 1226 2356 et
1254 2301 1342 2372 qui
1379 2315 1634 2372 magnum
1685 2314 1840 2354 usum
1876 2301 2037 2370 regia:
2067 2302 2161 2356 ad-

2261 2305 2355 2356 καὶ
2387 2303 2450 2355 τὸ
2480 2303 2732 2356 πλεῖστον
2763 2303 2942 2357 αὑτῶν
2968 2305 3309 2376 ἐρημονόμοι
3337 2307 3440 2359 είσὶ
3475 2306 3556 2359 καὶ
3583 2304 3753 2356 ἀδέσποο

589 2399 1002 2458 ministrationis
1031 2394 1284 2459 habebat,
1319 2393 1643 2458 Saracenos,
1679 2392 1770 2470 qui
1802 2390 1856 2444 in
1885 2390 2158 2446 Medorum

2258 2412 2341 2448 τοι
2368 2411 2380 2426 ·
2425 2395 2520 2448 κοιλ⁵
2553 2396 2655 2466 μὲν
2683 2397 2727 2460 ξ’
2757 2392 2852 2450 οὑν
2879 2396 2980 2464 τῆς
3013 2396 3327 2470 Ῥωμαίων,
3351 2399 3490 2450 ἐστὶν
3521 2397 3551 2450 ἃ
3581 2397 3656 2449 καὶ
3686 2395 3752 2462 τῆς

589 2495 833 2565 partibus
865 2498 1044 2553 erant,
1073 2502 1170 2558 per
1197 2499 1388 2556 pacem
1427 2484 1580 2538 donis
1612 2469 1934 2551 prosecutus
1960 2482 2157 2537 fuerat.

2261 2487 2487 2557 Περσῶν
2512 2489 2727 2557 ὑπήκοα
2761 2488 3058 2551 πολιτείας.
3096 2469 3263 2541 Οῦτώ
3307 2489 3361 2540 δέ
3399 2486 3755 2556 διακεκριμένων

588 2589 690 2642 Sed
726 2583 988 2648 Justinus,
1020 2581 1102 2634 vir
1150 2576 1328 2648 gravis
1379 2584 1434 2629 et
1465 2585 1745 2638 constans,
1782 2589 1956 2642 neque
2001 2574 2160 2643 quid—

2261 2579 2462 2644 σὺτῶν,
2510 2579 2905 2644 ἰουστινιανδς,
2935 2579 3305 2650 μεγαλόφρων
3341 2581 3473 2650 ἀνὴρ
3501 2579 3582 2631 καὶ
3604 2574 3756 2647 βασιλι-

589 2694 746 2750 quam
781 2676 1142 2731 Barbarorum
1173 2665 1442 2738 superbiae
1471 2666 1688 2733 cedens,
1723 2664 2042 2733 Saracenos,
2070 2662 2160 2737 qui

2261 2671 2528 2737 κώτατος,
2578 2672 2705 2735 τοὺς
2745 2672 3072 2742 μηδίζοντας
3120 2672 3459 2744 Σαρακηνῶν
3502 2669 3662 2740 δώροις
3687 2665 3759 2717 ἑδε-

591 2771 769 2826 l’ersis
815 2767 1087 2828 favebant,
1121 2761 1450 2830 contemptui
1487 2758 1694 2822 habuit,
1740 2767 1794 2814 et
1834 2759 1983 2812 nihili
2013 2758 2158 2813 fecit.

2264 2761 2442 2829 ξιοῦτο
2477 2763 2786 2835 κρατούσης
2833 2765 3079 2834 είρήνης.
3124 2763 3180 2816 '0
3224 2765 3292 2816 δὲ
3329 2760 3662 2823 Ὶουστίνος⁶³,
3688 2759 3755 2825 ἐμ-

590 2863 660 2916 Αι
716 2859 788 2912 illi
842 2856 946 2926 (est
981 2853 1124 2908 enim
1163 2865 1295 2922 gens
1340 2849 1677 2917 avidissima)
1729 2862 1850 2903 cum
1906 2858 2160 2918 tanquam

2262 2854 2457 2926 δριθής
2480 2872 2553 2907 τεί
2577 2854 2654 2908 ὢν
2680 2856 2773 2907 καὶ
2794 2853 3093 2924 Βαρῦάρων
3129 2857 3458 2925 φρονήματι
3477 2855 3647 2923 ἥκιστα
3670 2851 3757 2901 ὑπο-

592 2947 735 3020 quod
770 2960 926 3002 suum
953 2951 1118 3008 esset,
1152 2943 1251 2996 sibi
1285 2940 1418 3010 eripi
1445 2939 1840 3006 existimarent,
1863 2937 2160 2994 Persarum

2264 2947 2464 3017 χαλῶν,
2499 2948 2557 3000 ἐν
2585 2947 2760 3000 οὐδενὶ
2787 2945 2928 3016 λόγῳ
2958 2948 3265 3016 ἐποιήσατο
3291 2949 3413 3009 τοὺς
3436 2946 3539 2999 ὅσοι
3569 2941 3757 3013 ἐμήδιζον

595 3057 796 3112 regem,
834 3054 901 3095 ue
934 3052 992 3094 se
1034 3037 1102 3092 ad
1152 3051 1247 3092 sua
1293 3049 1468 3106 genua
1505 3044 1805 3102 prostratos
1842 3042 2160 3087 contemne-

2187 3073 2228 3129 C
2263 3039 2370 3092 τῶν
2403 3039 2757 3109 Σαρακηνῶν.
2798 3041 2858 3091 Οἱ
2901 3038 2958 3090 δὲ
3009 3037 3558 3108 (πλεονεκτικώτατον
3604 3039 3692 3104 γὰρ
3721 3033 3759 3082 τὸ

595 3147 696 3202 rel,
745 3133 1018 3204 supplices
1059 3138 1301 3185 orarunt.
1337 3127 1524 3196 Itaque
1563 3125 1852 3190 Chosroes,
1902 3141 2022 3179 cum
2054 3125 2154 3179 l’e-

2196 3125 2227 3129 vi
2266 3129 2447 3200 φῦλον)
2479 3131 2758 3200 ἀποκοπὴν
2804 3130 2962 3183 τοῦτο
3001 3131 3354 3199 ἡγησάμενοι
3385 3129 3458 3198 τῷ
3508 3127 3684 3199 βασιλεῖ
3704 3127 3759 3176 ὲν-

595 3239 708 3282 trus
742 3225 882 3296 apud
916 3236 1036 3277 eum
1069 3220 1303 3292 legatum
1331 3227 1533 3289 ageret,
1569 3217 1842 3271 Romanos
1869 3216 2157 3272 Saracenis

2266 3224 2474 3276 έκειντο
2507 3222 2553 3254 ⁸⁸
2582 3222 2805 3291 Περσῶν
2839 3221 2913 3292 μὴ
2957 3221 3222 3291 περιιδεῖν
3295 3222 3488 3285 αὑτοὺς
3532 3220 3657 3288 αὑτῷ
3674 3218 3761 3270 ἀντι

592 3317 830 3374 debitum
899 3313 1113 3370 solvere
1167 3325 1380 3379 aequum
1436 3308 1711 3364 censebat.
1783 3309 1981 3363 Deinde
2033 3323 2154 3363 cum

2264 3313 2572 3384 κειμένους.
2601 3313 2692 3383 Τῷ
2723 3329 2802 3366 τοι
2833 3314 2941 3382 ἄρα
2980 3315 3073 3365 καὶ
3101 3313 3319 3384 Πέτρου
3352 3316 3518 3367 ἐκεῖσε
3555 3307 3761 3381 πρεσὸεν-

590 3410 826 3464 Joannes
848 3406 913 3460 ad
943 3418 1066 3458 eum
1095 3401 1434 3464 accessisset,
1467 3400 1661 3454 iisdem
1693 3400 1872 3454 verbis
1893 3407 1974 3454 est
2002 3415 2152 3454 usus.

2265 3405 2521 3474 σαμένου,
2545 3404 2733 3473 ὥσπερ
2773 3405 2884 3467 τοῖς
2910 3405 3259 3475 Σαρακηνοῖς
3305 3405 3618 3464 ὑπευθύνους
3650 3401 3763 3454 ὄντας

595 3494 848 3551 Saraceni
887 3493 1030 3547 enim
1055 3491 1463 3553 asseverabant,
1497 3503 1556 3544 se
1583 3489 1652 3543 ob
1682 3504 1800 3544 eam
1831 3505 2071 3555 causam,
2095 3501 2156 3546 ut

2273 3495 2576 3564 Ῥωμαίους
2604 3495 2756 3562 ἐλεγε
2781 3494 2891 3548 δεῖν
2934 3497 2961 3548 ό
2988 3496 3242 3567 Χοσρόης
3299 3495 3624 3552 ἀποδίδοσθαί
3657 3505 3763 3557 σφισι

593 3587 826 3657 quietem
856 3590 1099 3652 agerent,
1141 3595 1317 3651 neque
1358 3578 1727 3636 Romanorum
1779 3581 1942 3636 terris
1970 3581 2152 3637 infesti

2262 3585 2322 3638 τὸ
2355 3586 2532 3657 χρέος.
2566 3583 2700 3638 Εἶτα
2729 3586 2821 3639 καὶ
2857 3586 3104 3642 Ἰωάννου
3126 3589 3335 3642 αὐτόσε
3374 3588 3673 3660 ἀφικομένου
3689 3583 3764 3639 τοῖς

593 3687 794 3743 essent,
847 3689 940 3731 eas
985 3673 1240 3742 pecunias
1281 3673 1546 3744 accipere,
1597 3681 1653 3728 et
1692 3673 1802 3728 hac
1847 3674 2058 3730 ratione
2102 3674 2154 3728 in

2263 3677 2445 3738 αὑτοῖς
2474 3677 2745 3748 ἐχρήσατο
2787 3678 3016 3748 ῥήμασι.
3057 3680 3469 3750 Διισχυρίζοντο
3511 3678 3606 3746 γάρ
3630 3671 3763 3734 πωςοξ

592 3783 755 3825 causa
785 3764 1120 3822 defendenda
1150 3763 1383 3820 maxime
1415 3765 1750 3820 nitebantur.
1775 3766 1962 3834 Itaque
1989 3764 2155 3821 Joan-

2263 3765 2592 3836 Σαρακηνοὶ,
2621 3766 2694 3828 ὡς
2730 3766 2868 3836 ὑπὲρ
2888 3766 2980 3820 τοῦ
3005 3769 3227 3841 εἰρήνην
3267 3771 3420 3839 ἄγειν
3443 3770 3532 3823 καὶ
3563 3769 3628 3838 μὴ
3649 3778 3767 3816 zan-

593 3877 710 3927 nes,
744 3869 803 3916 ut
829 3857 964 3914 vidit
994 3856 1317 3922 Saracenos,
1349 3867 1705 3927 praeterquam
1741 3859 1884 3927 quod
1912 3858 1993 3913 fas
2015 3868 2152 3925 erat,

2265 3856 2406 3910 Θέειν
2454 3856 2552 3927 τὴν
2596 3857 2882 3927 Ῥωμαίων
2931 3859 2999 3912 τά
3049 3860 3284 3916 τοιαῦτα
3339 3861 3636 3932 ἐκομίζοντο
3674 3854 3768 3923 χρή·

593 3949 870 4006 crintinari
903 3955 958 4003 et
989 3960 1249 4004 accusare
1302 3945 1596 4012 Romanos,
1630 3949 1767 4004 dixit
1815 3963 1828 4000 :
1886 3967 1907 4001 ι
1945 3947 2003 4003 Si
2033 3950 2157 4018 quis

2267 3965 2435 4018 ματα,
2467 3947 2712 4002 ἐντεῦθέν
2761 3964 2820 4000 τε
2875 3947 3157 4012 ἐϐιάζοντο
3209 3955 3316 4024 τὴν
3368 3951 3462 4006 τοῦ
3514 3951 3769 4021 πράγματος

596 4042 754 4106 alius,
786 4055 944 4110 quam
991 4038 1281 4103 Chosroes,
1341 4035 1734 4094 Saracenorum
1777 4055 2019 4106 causam,
2063 4040 2154 4108 qui

2264 4036 2444 4102 φύσιν.
2494 4037 2552 4088 '0
2575 4036 2630 4088 δὲ
2674 4036 2941 4108 Ἰωάννης,
2987 4039 3059 4101 ὡς
3097 4038 3245 4110 ἐώρα
3302 4045 3442 4111 σφᾶς
3483 4042 3541 4095 οὑ
3577 4037 3693 4092 κατὰ
3731 4032 3770 4081 τὸ

596 4130 868 4188 Romanos
919 4129 1120 4200 injuste
1158 4129 1538 4195 criminantur,
1574 4138 1839 4194 tueretur,
1888 4129 2068 4183 minus
2103 4128 2154 4182 id

2261 4127 2378 4182 δέον
2406 4127 2464 4180 τὸ
2507 4126 2787 4198 ἐπίκλημα
2835 4130 3212 4198 ποιουμένους,
3277 4129 3432 4186 εἶπεν
3457 4150 3471 4164 ·
3510 4151 3526 4182 ι
3562 4131 3617 4183 Εἰ
3646 4121 3769 4196 ph“

564 4223 809 4292 quidem
844 4234 1010 4292 grave
1045 4229 1098 4275 et
1139 4220 1422 4275 molestum
1467 4229 1626 4274 esset.
1691 4219 1976 4274 Persarum
2026 4235 2146 4276 vero

2262 4220 2448 4290 ἐτερός
2481 4236 2584 4282 τις,
2627 4220 2721 4273 καὶ
2766 4220 2886 4290 οὑχ).
2937 4221 3184 4292 Χοσρόης
3230 4223 3264 4275 ὁ
3299 4225 3463 4289 πάνυ,
3502 4217 3776 4288 ξυνεπελαμ·
3827 4231 3837 4246 ·

598 4321 803 4367 tantum
829 4325 1032 4381 regem,
1066 4310 1154 4378 qui
1192 4324 1308 4378 qua:
1342 4324 1519 4364 rerum
1550 4319 1754 4363 naturae
1794 4319 2154 4367 consentanea

2264 4313 2454 4367 ϐάνετο
2482 4315 2594 4377 τοῖς
2623 4314 2822 4378 ἀδίκως
2847 4314 3215 4382 ἐπεγκαλοῦσι
3269 4317 3622 4388 Σαρακηνοῖς,
3658 4306 3775 4380 ἦττον

595 4411 744 4470 sunt,
775 4402 990 4473 plurimi
1027 4400 1178 4466 facit,
1208 4400 1400 4455 addam
1438 4402 1623 4464 etiam,
1661 4401 1752 4469 qui
1782 4403 1919 4456 bene
1946 4408 2014 4456 de
2046 4401 2158 4458 Ro-

2196 4418 2236 4473 D
2267 4403 2331 4456 ἂν
2355 4405 2566 4475 ὑπῆρχε
2589 4403 2781 4457 δεινόν.
2809 4403 3074 4456 Τοσοῦτον
3098 4403 3155 4456 δέ
3181 4403 3414 4474 βασιλέα
3437 4405 3664 4476 Περσῶν,
3684 4395 3778 4462 περὶ

535 4491 568 4514 ’
598 4497 773 4550 manis
818 4496 978 4549 rebus
1009 4493 1192 4559 sentit,
1229 4492 1541 4547 consentire
1582 4491 1687 4558 his,
1729 4491 1819 4559 qui
1859 4491 2047 4546 volunt
2077 4493 2117 4547 ir

2262 4493 2514 4546 πλείστου
2551 4493 2871 4564 ποιούμενον
2897 4495 2964 4547 τά
3001 4495 3074 4564 μὴ
3111 4496 3333 4550 ἐναντία
3370 4496 3469 4566 τῆς
3498 4495 3601 4548 τῶν
3644 4501 3779 4558 τερατ-

591 4588 736 4657 justa
769 4585 970 4648 facere,
1001 4583 1161 4637 simul
1187 4594 1242 4636 et
1291 4581 1592 4636 admirarer
1626 4590 1679 4636 et
1706 4596 1962 4650 quererer
2007 4601 2020 4636 :
2068 4588 2162 4641 sed

2264 4583 2446 4654 μάτων
2499 4583 2736 4652 φύσεως,
2797 4585 3092 4654 προσθήσω
3152 4586 3210 4639 δὲ
3267 4588 3367 4640 καὶ
3420 4587 3490 4639 τά
3550 4578 3781 4650 Ῥωμαίων

595 4679 834 4732 animum
871 4689 974 4729 non
1006 4672 1266 4730 socordia:
1297 4672 1436 4727 dabo
1476 4689 1491 4726 :
1525 4672 1799 4728 Romanus
1828 4674 1972 4728 enim
1999 4691 2116 4730 sum
2143 4693 2160 4731 :

2260 4675 2659 4745 ἀσπαζόμενον,
2691 4674 3099 4745 συνηγοροῦντα
3125 4679 3238 4740 τοῖς
3297 4677 3571 4730 ἐθέλουσιν
3623 4668 3782 4726 ἀδικεῖν

595 4780 648 4825 et
696 4767 900 4823 docebo
940 4765 1123 4823 omnia
1159 4783 1174 4819 :
1210 4763 1424 4820 tametsi
1483 4777 1661 4833 regem
1707 4765 1891 4820 doceri
1943 4766 2163 4822 minime

2261 4765 2604 4835 Θαυμάσαιμι
2656 4765 2775 4818 λίαν
2829 4767 2924 4819 καὶ
2988 4766 3491 4837 ὑπερεκπλαγείην.
3524 4767 3695 4834 Ὅμως
3747 4756 3785 4808 δὲ

595 4871 818 4915 necesse
850 4866 957 4924 est,
993 4856 1086 4913 sed
1114 4855 1181 4910 ad
1208 4853 1348 4908 haud
1387 4853 1590 4908 inscios
1617 4855 1860 4910 narratio
1889 4870 2005 4910 mea
2031 4871 2161 4911 con-

2263 4855 2507 4926 ῥᾳουμίᾳ
2570 4855 2660 4907 τὸν
2699 4856 2824 4909 νοῦν
2855 4856 2956 4908 οὑκ
3006 4857 3305 4927 ἐπιτρέψω,
3341 4837 3609 4928 Ῥωμαῖος
3658 4865 3787 4917 πεφνο

595 4953 841 5009 vertitur.
873 4950 974 5018 Qui
1003 4947 1146 5005 enim
1187 4944 1354 5002 semel
1380 4959 1466 5013 ea,
1499 4961 1618 5015 quae
1645 4946 1872 5016 iustitiae
1907 4957 1961 5002 et
1991 4949 2160 5017 tequi-

2263 4946 2394 5010 κὼς,
2428 4946 2724 5010 ἀναδιδάξω
2755 4947 2811 4999 δέ
2838 4947 2896 5000 τὸ
2927 4949 3064 5011 πᾶν,
3094 4948 3268 5002 καίτοι
3320 4950 3418 5001 τοῦ
3454 4946 3701 5018 βασιλέως
3747 4937 3788 4988 οὗ

599 5050 693 5102 tati
744 5055 870 5101 sunt
902 5044 1303 5108 consentanea‘,
1340 5042 1625 5111 cognovit,
1662 5043 1707 5096 si
1748 5042 1936 5098 eadem
1969 5044 2159 5096 iterum

2263 5037 2518 5106 δεομένου
2549 5038 2924 5101 διδασκαλίας,
2958 5039 3072 5093 ἀλλ’
3103 5041 3160 5093 ἐν
3196 5040 3368 5092 εἰδόσι
3412 5040 3511 5106 τῆς
3533 5035 3790 5106 διηγήσεως

595 5143 843 5202 docetur,
862 5139 1140 5192 immutata
1158 5135 1318 5204 150
1341 5134 1568 5189 veritate
1591 5145 1867 5204 perspecta
1885 5134 2164 5202 conscien-

2266 5128 2580 5200 προϊούσης.
2635 5130 2693 5181 Ὀ
2715 5129 2826 5201 γίὶιρ⁴
2857 5129 3222 5200 προεγνωκὼς
3245 5129 3351 5198 ἤδη
3380 5130 3449 5180 τά
3486 5131 3583 5180 ὅσα
3632 5119 3795 5190 τῷ-δια

599 5233 726 5284 tiam
785 5243 936 5283 suam
984 5225 1239 5280 firmabit.
1289 5225 1450 5278 Petro
1493 5224 1732 5293 quidem,
1791 5223 2036 5292 quiante
2080 5240 2165 5279 me

2267 5221 2404 5290 καίῳ
2435 5222 2643 5292 ξυνᾴδει
2677 5222 2745 5286 ⁸⁵,
2770 5221 2944 5275 ταῦτα
2987 5222 3150 5276 πάλιν
3199 5219 3574 5289 ἀναδιδαχθεὶς
3598 5207 3796 5283 ἐπιρῤώ·

597 5319 806 5389 legatus
848 5318 968 5383 fuit,
1010 5328 1062 5372 et
1121 5330 1307 5388 pacem
1355 5315 1634 5377 stabilivit,
1676 5315 1832 5370 facile
1874 5312 1997 5378 fuit,
2043 5329 2164 5369 cum

2276 5333 2358 5368 σει
2391 5316 2467 5386 τῷ
2503 5315 2783 5386 ἀδεκάστῳ
2807 5317 2866 5369 τὸ
2898 5316 3157 5379 συνειδὸς.
3186 5315 3393 5384 Πέτρος
3425 5313 3523 5382 μὲν
3551 5309 3654 5378 γὰρ
3680 5298 3801 5368 ὁπρδ

1875 5434 2110 5489 νΑιιιιιΕ
2159 5433 2565 5494 LECTIONES.

702 5553 746 5584 ³⁸
768 5551 836 5604 δι’
865 5549 1194 5625 αὑτῆς-νειμ
1244 5550 1332 5625 διὰ
1391 5549 1727 5625 τοὺς-νοις.-
1813 5550 1855 5581 ³⁷
1882 5553 2198 5625 ἀναγκαίων
2241 5553 2388 5625 conj.
2418 5553 2479 5607 Β.
2551 5553 2595 5625 ἐξ
2626 5552 2748 5625 τὴν]
2779 5554 2904 5625 τοὺς
2942 5552 3008 5608 Ν.
3089 5553 3131 5586 ³⁸
3157 5562 3213 5625 et
3259 5550 3424 5625 infra
3460 5547 3652 5625 Νισίϐι)
3689 5537 3809 5625 131"}.-

601 5619 648 5696 ‘3
679 5608 1606 5696 ammaéVB-sa'aévswrvb‘s-
1656 5608 2231 5696 ”⁶¹,μυρξςδέτ-)⁷ει¹ο
2264 5692 2274 5696 ,
2311 5608 2484 5696 δίκαι
2541 5608 2782 5696 μὲνΙῶ
2817 5608 2915 5696 μὲέ
2970 5625 3114 5696 coni-
3157 5623 3215 5696 Β·
3298 5608 3657 5696 ⁸³.’¹ουστῖνοῖ
3697 5608 3813 5663 Νη
3900 5633 3901 5664 ι

631 5687 982 5748 Ιονστινιανδς
1033 5689 1171 5756 vulg.
1249 5690 1296 5719 ⁸⁸
1331 5687 1603 5742 ἀνέκειντο
1655 5687 1798 5760 vulg.
1843 5687 1851 5689 V
1882 5692 1925 5720 “’
1960 5694 2056 5760 μὲν
2080 5692 2184 5756 CL,
2219 5692 2291 5761 μὴ
2324 5693 2465 5762 vulg.
2541 5687 2588 5724 λθ
2624 5687 2836 5763 ξυνᾴδει
2871 5692 2959 5759 ιι.,
2986 5687 3247 5760 ξὺνάἰδεῖ
3289 5688 3436 5758 \‘tllg.
3900 5701 3901 5763 γ
