  <div class='ocr_page' id='page_1' title='image "/cluster/home/n/w/nwhite01/storage/ocr_20150623/113/hvd.32044073502270/444.png"; bbox 0 0 3954 6210; ppageno 0'>
   <div class='ocr_carea' id='block_1_1' title="bbox 206 320 311 382">
    <p class='ocr_par' dir='ltr' id='par_1_1' title="bbox 206 320 311 382">
     <span class='ocr_line' id='line_1_1' title="bbox 206 320 311 382; baseline -0.019 -1"><span class='ocrx_word' id='word_1_1' title='bbox 206 320 311 382; x_wconf 60' lang='grc'><strong>881</strong></span> 
     </span>
    </p>
   </div>
   <div class='ocr_carea' id='block_1_2' title="bbox 968 309 2710 379">
    <p class='ocr_par' dir='ltr' id='par_1_2' title="bbox 968 309 2710 379">
     <span class='ocr_line' id='line_1_2' title="bbox 968 309 2710 379; baseline -0.007 -1"><span class='ocrx_word' id='word_1_2' title='bbox 968 320 1066 379; x_wconf 87' lang='grc' dir='ltr'><strong>Ι)Ε</strong></span> <span class='ocrx_word' id='word_1_3' title='bbox 1110 314 1678 379; x_wconf 68' lang='lat' dir='ltr'><strong>LEGATIONIBUS</strong></span> <span class='ocrx_word' id='word_1_4' title='bbox 1722 311 2213 371; x_wconf 80' lang='lat' dir='ltr'><strong>ROMANORUM</strong></span> <span class='ocrx_word' id='word_1_5' title='bbox 2252 313 2359 370; x_wconf 83' lang='lat' dir='ltr'><strong>AD</strong></span> <span class='ocrx_word' id='word_1_6' title='bbox 2389 309 2710 369; x_wconf 58' lang='lat' dir='ltr'><strong>GENTES.</strong></span> 
     </span>
    </p>
   </div>
   <div class='ocr_carea' id='block_1_3' title="bbox 3363 304 3467 363">
    <p class='ocr_par' dir='ltr' id='par_1_3' title="bbox 3363 304 3467 363">
     <span class='ocr_line' id='line_1_3' title="bbox 3363 304 3467 363; baseline -0.019 0"><span class='ocrx_word' id='word_1_7' title='bbox 3363 304 3467 363; x_wconf 69' lang='lat'><strong>882</strong></span> 
     </span>
    </p>
   </div>
   <div class='ocr_carea' id='block_1_4' title="bbox 210 414 1801 500">
    <p class='ocr_par' dir='ltr' id='par_1_4' title="bbox 210 424 1789 500">
     <span class='ocr_line' id='line_1_4' title="bbox 210 424 1789 500; baseline -0.003 -18"><span class='ocrx_word' id='word_1_8' title='bbox 210 432 369 499; x_wconf 69' lang='grc' dir='ltr'>ἡμῶν</span> <span class='ocrx_word' id='word_1_9' title='bbox 408 430 770 500; x_wconf 75' lang='grc' dir='ltr'>πρεσϐευτὴς,</span> <span class='ocrx_word' id='word_1_10' title='bbox 815 430 872 492; x_wconf 80' lang='grc' dir='ltr'>ὃς</span> <span class='ocrx_word' id='word_1_11' title='bbox 922 429 1149 499; x_wconf 82' lang='grc' dir='ltr'><strong>ἔναγχος</strong></span> <span class='ocrx_word' id='word_1_12' title='bbox 1190 429 1632 499; x_wconf 84' lang='grc' dir='ltr'>παραγενόμενος</span> <span class='ocrx_word' id='word_1_13' title='bbox 1668 424 1789 480; x_wconf 79' lang='grc' dir='ltr'><strong>ἐϐε-</strong></span> 
     </span>
    </p>
   </div>
   <div class='ocr_carea' id='block_1_5' title="bbox 1906 414 3465 500">
    <p class='ocr_par' dir='ltr' id='par_1_5' title="bbox 1906 414 3465 489">
     <span class='ocr_line' id='line_1_5' title="bbox 1906 414 3465 489; baseline -0.007 -15"><span class='ocrx_word' id='word_1_14' title='bbox 1906 419 2201 489; x_wconf 68' lang='lat' dir='ltr'><strong>eloquentia</strong></span> <span class='ocrx_word' id='word_1_15' title='bbox 2228 429 2281 473; x_wconf 92' lang='lat' dir='ltr'><strong>et</strong></span> <span class='ocrx_word' id='word_1_16' title='bbox 2315 418 2673 487; x_wconf 80' lang='lat' dir='ltr'><strong>persuadendi</strong></span> <span class='ocrx_word' id='word_1_17' title='bbox 2702 416 2754 471; x_wconf 84' lang='lat' dir='ltr'><strong>vi</strong></span> <span class='ocrx_word' id='word_1_18' title='bbox 2782 414 3028 484; x_wconf 90' lang='lat' dir='ltr'><strong>polleret,</strong></span> <span class='ocrx_word' id='word_1_19' title='bbox 3058 426 3144 477; x_wconf 90' lang='lat' dir='ltr'><strong>ea,</strong></span> <span class='ocrx_word' id='word_1_20' title='bbox 3178 426 3297 480; x_wconf 70' lang='lat' dir='ltr'><strong>quae</strong></span> <span class='ocrx_word' id='word_1_21' title='bbox 3325 429 3465 465; x_wconf 87' lang='lat' dir='ltr'><strong>nunc</strong></span> 
     </span>
    </p>
   </div>
   <div class='ocr_carea' id='block_1_6' title="bbox 209 520 1794 593">
    <p class='ocr_par' dir='ltr' id='par_1_6' title="bbox 209 520 1794 593">
     <span class='ocr_line' id='line_1_6' title="bbox 209 520 1794 593; baseline 0.001 -21"><span class='ocrx_word' id='word_1_22' title='bbox 209 522 415 574; x_wconf 73' lang='grc' dir='ltr'>ὅαοῖωσε</span> <span class='ocrx_word' id='word_1_23' title='bbox 440 522 508 574; x_wconf 85' lang='grc' dir='ltr'><strong>τά</strong></span> <span class='ocrx_word' id='word_1_24' title='bbox 532 522 632 591; x_wconf 80' lang='grc' dir='ltr'>τῆς</span> <span class='ocrx_word' id='word_1_25' title='bbox 660 523 904 593; x_wconf 73' lang='grc' dir='ltr'>εἰρήνης,</span> <span class='ocrx_word' id='word_1_26' title='bbox 930 520 1191 591; x_wconf 77' lang='grc' dir='ltr'><strong>ἐμπειρίᾳ</strong></span> <span class='ocrx_word' id='word_1_27' title='bbox 1210 520 1385 588; x_wconf 85' lang='grc' dir='ltr'>λόγων</span> <span class='ocrx_word' id='word_1_28' title='bbox 1409 521 1502 573; x_wconf 75' lang='grc' dir='ltr'><strong>καὶ</strong></span> <span class='ocrx_word' id='word_1_29' title='bbox 1527 520 1794 589; x_wconf 81' lang='grc' dir='ltr'><strong>δεινότητι</strong></span> 
     </span>
    </p>
   </div>
   <div class='ocr_carea' id='block_1_7' title="bbox 213 613 1795 684">
    <p class='ocr_par' dir='ltr' id='par_1_7' title="bbox 213 613 1795 684">
     <span class='ocr_line' id='line_1_7' title="bbox 213 613 1795 684; baseline 0 -18"><span class='ocrx_word' id='word_1_30' title='bbox 213 614 437 676; x_wconf 77' lang='grc' dir='ltr'><strong>πειθοῦς</strong></span> <span class='ocrx_word' id='word_1_31' title='bbox 463 616 557 666; x_wconf 72' lang='grc' dir='ltr'><strong>καὶ</strong></span> <span class='ocrx_word' id='word_1_32' title='bbox 595 614 664 667; x_wconf 84' lang='grc' dir='ltr'>τὰ</span> <span class='ocrx_word' id='word_1_33' title='bbox 704 614 831 684; x_wconf 69' lang='grc' dir='ltr'>περὶ</span> <span class='ocrx_word' id='word_1_34' title='bbox 862 614 970 667; x_wconf 83' lang='grc' dir='ltr'><strong>τῶν</strong></span> <span class='ocrx_word' id='word_1_35' title='bbox 1002 614 1096 667; x_wconf 79' lang='grc' dir='ltr'>νῦν</span> <span class='ocrx_word' id='word_1_36' title='bbox 1142 613 1593 681; x_wconf 78' lang='grc' dir='ltr'>ἑπεγκαλούντων</span> <span class='ocrx_word' id='word_1_37' title='bbox 1618 615 1795 683; x_wconf 87' lang='grc' dir='ltr'>Σαρα-</span> 
     </span>
    </p>
   </div>
   <div class='ocr_carea' id='block_1_8' title="bbox 214 700 1796 775">
    <p class='ocr_par' dir='ltr' id='par_1_8' title="bbox 214 700 1796 775">
     <span class='ocr_line' id='line_1_8' title="bbox 214 700 1796 775; baseline 0.001 -18"><span class='ocrx_word' id='word_1_38' title='bbox 214 706 420 775; x_wconf 24' lang='grc' dir='ltr'>κηίνῶν,</span> <span class='ocrx_word' id='word_1_39' title='bbox 454 706 546 758; x_wconf 74' lang='grc' dir='ltr'>καὶ</span> <span class='ocrx_word' id='word_1_40' title='bbox 580 706 740 775; x_wconf 80' lang='grc' dir='ltr'>ἔτερα</span> <span class='ocrx_word' id='word_1_41' title='bbox 784 707 881 758; x_wconf 85' lang='grc' dir='ltr'>ὅσα</span> <span class='ocrx_word' id='word_1_42' title='bbox 928 704 1396 775; x_wconf 79' lang='grc' dir='ltr'>διημφισόητήθη,</span> <span class='ocrx_word' id='word_1_43' title='bbox 1430 700 1541 767; x_wconf 76' lang='grc' dir='ltr'>οἷος</span> <span class='ocrx_word' id='word_1_44' title='bbox 1580 706 1796 772; x_wconf 76' lang='grc' dir='ltr'>ἐγένετο</span> 
     </span>
    </p>
   </div>
   <div class='ocr_carea' id='block_1_9' title="bbox 218 797 1795 868">
    <p class='ocr_par' dir='ltr' id='par_1_9' title="bbox 218 797 1795 868">
     <span class='ocr_line' id='line_1_9' title="bbox 218 797 1795 868; baseline 0.001 -20"><span class='ocrx_word' id='word_1_45' title='bbox 218 797 728 868; x_wconf 72' lang='grc' dir='ltr'><strong>παρακρούσασθαι.</strong></span> <span class='ocrx_word' id='word_1_46' title='bbox 768 798 911 865; x_wconf 84' lang='grc' dir='ltr'><strong>Ἐγὼ</strong></span> <span class='ocrx_word' id='word_1_47' title='bbox 936 797 993 850; x_wconf 82' lang='grc' dir='ltr'><strong>δὲ</strong></span> <span class='ocrx_word' id='word_1_48' title='bbox 1047 798 1368 867; x_wconf 80' lang='grc' dir='ltr'><strong>ῥητορεύειν</strong></span> <span class='ocrx_word' id='word_1_49' title='bbox 1418 814 1479 849; x_wconf 88' lang='grc' dir='ltr'><strong>τε</strong></span> <span class='ocrx_word' id='word_1_50' title='bbox 1523 798 1618 851; x_wconf 71' lang='grc' dir='ltr'>καὶ</span> <span class='ocrx_word' id='word_1_51' title='bbox 1674 798 1795 850; x_wconf 87' lang='grc' dir='ltr'>πεί-</span> 
     </span>
    </p>
   </div>
   <div class='ocr_carea' id='block_1_10' title="bbox 220 886 1792 960">
    <p class='ocr_par' dir='ltr' id='par_1_10' title="bbox 220 886 1792 960">
     <span class='ocr_line' id='line_1_10' title="bbox 220 886 1792 960; baseline 0.002 -22"><span class='ocrx_word' id='word_1_52' title='bbox 220 886 332 939; x_wconf 85' lang='grc' dir='ltr'>θειν</span> <span class='ocrx_word' id='word_1_53' title='bbox 388 888 699 956; x_wconf 73' lang='grc' dir='ltr'><strong>ἠσκημένος</strong></span> <span class='ocrx_word' id='word_1_54' title='bbox 749 888 1024 957; x_wconf 81' lang='grc' dir='ltr'><strong>οὐδαμῶς,</strong></span> <span class='ocrx_word' id='word_1_55' title='bbox 1057 890 1207 957; x_wconf 84' lang='grc' dir='ltr'>ὅμως</span> <span class='ocrx_word' id='word_1_56' title='bbox 1239 888 1316 959; x_wconf 79' lang='grc' dir='ltr'>τῷ</span> <span class='ocrx_word' id='word_1_57' title='bbox 1349 891 1622 959; x_wconf 87' lang='grc' dir='ltr'>περιεῖναι</span> <span class='ocrx_word' id='word_1_58' title='bbox 1650 888 1696 921; x_wconf 75' lang='grc'><strong>⁸⁷</strong></span> <span class='ocrx_word' id='word_1_59' title='bbox 1728 891 1792 960; x_wconf 75' lang='grc' dir='ltr'>τῇ</span> 
     </span>
    </p>
   </div>
   <div class='ocr_carea' id='block_1_11' title="bbox 219 978 1794 1054">
    <p class='ocr_par' dir='ltr' id='par_1_11' title="bbox 219 978 1794 1054">
     <span class='ocr_line' id='line_1_11' title="bbox 219 978 1794 1054; baseline 0.003 -23"><span class='ocrx_word' id='word_1_60' title='bbox 219 978 345 1049; x_wconf 77' lang='grc' dir='ltr'>δίκῃ</span> <span class='ocrx_word' id='word_1_61' title='bbox 374 979 480 1029; x_wconf 79' lang='grc' dir='ltr'><strong>τῶν</strong></span> <span class='ocrx_word' id='word_1_62' title='bbox 507 979 835 1048; x_wconf 75' lang='grc' dir='ltr'>Σαρακηνῶν</span> <span class='ocrx_word' id='word_1_63' title='bbox 865 980 970 1043; x_wconf 83' lang='grc' dir='ltr'>ἔξω</span> <span class='ocrx_word' id='word_1_64' title='bbox 1016 982 1153 1049; x_wconf 83' lang='grc' dir='ltr'>πρὸς</span> <span class='ocrx_word' id='word_1_65' title='bbox 1205 980 1381 1051; x_wconf 81' lang='grc' dir='ltr'>ὑμῶν,</span> <span class='ocrx_word' id='word_1_66' title='bbox 1417 982 1494 1053; x_wconf 83' lang='grc' dir='ltr'>τῷ</span> <span class='ocrx_word' id='word_1_67' title='bbox 1528 981 1603 1053; x_wconf 85' lang='grc' dir='ltr'>μὴ</span> <span class='ocrx_word' id='word_1_68' title='bbox 1635 982 1794 1054; x_wconf 84' lang='grc' dir='ltr'>στέρ-</span> 
     </span>
    </p>
   </div>
   <div class='ocr_carea' id='block_1_12' title="bbox 219 1070 1796 1142">
    <p class='ocr_par' dir='ltr' id='par_1_12' title="bbox 219 1070 1796 1142">
     <span class='ocr_line' id='line_1_12' title="bbox 219 1070 1796 1142; baseline 0.005 -23"><span class='ocrx_word' id='word_1_69' title='bbox 219 1086 339 1135; x_wconf 80' lang='grc' dir='ltr'>γειν</span> <span class='ocrx_word' id='word_1_70' title='bbox 371 1070 516 1136; x_wconf 80' lang='grc' dir='ltr'>ὑμᾶς</span> <span class='ocrx_word' id='word_1_71' title='bbox 560 1071 679 1123; x_wconf 75' lang='grc' dir='ltr'>ἀντὶ</span> <span class='ocrx_word' id='word_1_72' title='bbox 716 1071 1003 1139; x_wconf 77' lang='grc' dir='ltr'>Ῥωμαίων</span> <span class='ocrx_word' id='word_1_73' title='bbox 1040 1072 1412 1142; x_wconf 76' lang='grc' dir='ltr'>Σαρακηνοὺς,</span> <span class='ocrx_word' id='word_1_74' title='bbox 1472 1073 1567 1126; x_wconf 78' lang='grc' dir='ltr'><strong>καὶ</strong></span> <span class='ocrx_word' id='word_1_75' title='bbox 1622 1073 1796 1127; x_wconf 83' lang='grc' dir='ltr'>ταῦτα</span> 
     </span>
    </p>
   </div>
   <div class='ocr_carea' id='block_1_13' title="bbox 217 1159 1795 1227">
    <p class='ocr_par' dir='ltr' id='par_1_13' title="bbox 217 1159 1795 1227">
     <span class='ocr_line' id='line_1_13' title="bbox 217 1159 1795 1227; baseline 0.004 -16"><span class='ocrx_word' id='word_1_76' title='bbox 217 1159 344 1220; x_wconf 73' lang='grc' dir='ltr'>τοὺς</span> <span class='ocrx_word' id='word_1_77' title='bbox 405 1159 788 1224; x_wconf 82' lang='grc' dir='ltr'><strong>ἀδικωτάτους,</strong></span> <span class='ocrx_word' id='word_1_78' title='bbox 842 1162 936 1214; x_wconf 73' lang='grc' dir='ltr'>καὶ</span> <span class='ocrx_word' id='word_1_79' title='bbox 988 1162 1111 1216; x_wconf 78' lang='grc' dir='ltr'>ἀντὶ</span> <span class='ocrx_word' id='word_1_80' title='bbox 1159 1160 1252 1214; x_wconf 82' lang='grc' dir='ltr'>τοῦ</span> <span class='ocrx_word' id='word_1_81' title='bbox 1294 1163 1633 1227; x_wconf 86' lang='grc' dir='ltr'>συνοίσοντος</span> <span class='ocrx_word' id='word_1_82' title='bbox 1683 1167 1795 1227; x_wconf 87' lang='grc' dir='ltr'>τοῖς</span> 
     </span>
    </p>
   </div>
   <div class='ocr_carea' id='block_1_14' title="bbox 218 1253 1794 1325">
    <p class='ocr_par' dir='ltr' id='par_1_14' title="bbox 218 1253 1794 1325">
     <span class='ocr_line' id='line_1_14' title="bbox 218 1253 1794 1325; baseline 0.005 -22"><span class='ocrx_word' id='word_1_83' title='bbox 218 1253 342 1304; x_wconf 78' lang='grc' dir='ltr'>καθ’</span> <span class='ocrx_word' id='word_1_84' title='bbox 374 1254 518 1320; x_wconf 74' lang='grc' dir='ltr'>ἡμᾶς</span> <span class='ocrx_word' id='word_1_85' title='bbox 549 1256 592 1287; x_wconf 78' lang='grc'><strong>⁸⁸</strong></span> <span class='ocrx_word' id='word_1_86' title='bbox 632 1255 994 1325; x_wconf 85' lang='grc' dir='ltr'>πολιτεύμασι</span> <span class='ocrx_word' id='word_1_87' title='bbox 1056 1256 1119 1308; x_wconf 84' lang='grc' dir='ltr'><strong>τὸ</strong></span> <span class='ocrx_word' id='word_1_88' title='bbox 1176 1255 1512 1325; x_wconf 67' lang='grc' dir='ltr'>ἀξύμφορον.</span> <span class='ocrx_word' id='word_1_89' title='bbox 1574 1259 1636 1310; x_wconf 84' lang='grc' dir='ltr'>Οἱ</span> <span class='ocrx_word' id='word_1_90' title='bbox 1672 1258 1794 1311; x_wconf 81' lang='grc' dir='ltr'>καθ’</span> 
     </span>
    </p>
   </div>
   <div class='ocr_carea' id='block_1_15' title="bbox 218 1344 1794 1418">
    <p class='ocr_par' dir='ltr' id='par_1_15' title="bbox 218 1344 1794 1418">
     <span class='ocr_line' id='line_1_15' title="bbox 218 1344 1794 1418; baseline 0.004 -23"><span class='ocrx_word' id='word_1_91' title='bbox 218 1344 363 1412; x_wconf 81' lang='grc' dir='ltr'>ὑμᾶς</span> <span class='ocrx_word' id='word_1_92' title='bbox 384 1344 430 1376; x_wconf 69' lang='grc'><strong>⁸⁸</strong></span> <span class='ocrx_word' id='word_1_93' title='bbox 466 1345 575 1415; x_wconf 88' lang='grc' dir='ltr'><strong>γάρ</strong></span> <span class='ocrx_word' id='word_1_94' title='bbox 615 1346 923 1416; x_wconf 73' lang='grc' dir='ltr'>Σαρακηνοὶ</span> <span class='ocrx_word' id='word_1_95' title='bbox 957 1347 1105 1417; x_wconf 80' lang='grc' dir='ltr'>(ὅταν</span> <span class='ocrx_word' id='word_1_96' title='bbox 1151 1347 1209 1400; x_wconf 83' lang='grc' dir='ltr'><strong>δὲ</strong></span> <span class='ocrx_word' id='word_1_97' title='bbox 1238 1348 1385 1414; x_wconf 87' lang='grc' dir='ltr'>λέγω</span> <span class='ocrx_word' id='word_1_98' title='bbox 1423 1350 1794 1418; x_wconf 77' lang='grc' dir='ltr'>Σαρακηνοὺς,</span> 
     </span>
    </p>
   </div>
   <div class='ocr_carea' id='block_1_16' title="bbox 219 1431 1799 1511">
    <p class='ocr_par' dir='ltr' id='par_1_16' title="bbox 219 1431 1799 1511">
     <span class='ocr_line' id='line_1_16' title="bbox 219 1431 1799 1511; baseline 0.004 -25"><span class='ocrx_word' id='word_1_99' title='bbox 219 1436 633 1504; x_wconf 78' lang='grc' dir='ltr'>ἀναλογίζεσθε,</span> <span class='ocrx_word' id='word_1_100' title='bbox 660 1431 705 1490; x_wconf 78' lang='grc' dir='ltr'><strong>ὦ</strong></span> <span class='ocrx_word' id='word_1_101' title='bbox 738 1440 935 1507; x_wconf 76' lang='grc' dir='ltr'>Μῆδοι,</span> <span class='ocrx_word' id='word_1_102' title='bbox 966 1439 1027 1492; x_wconf 84' lang='grc' dir='ltr'><strong>τὸ</strong></span> <span class='ocrx_word' id='word_1_103' title='bbox 1056 1439 1344 1493; x_wconf 84' lang='grc' dir='ltr'>ἀλλόκοτόν</span> <span class='ocrx_word' id='word_1_104' title='bbox 1374 1458 1433 1492; x_wconf 89' lang='grc' dir='ltr'><strong>τε</strong></span> <span class='ocrx_word' id='word_1_105' title='bbox 1461 1443 1555 1494; x_wconf 75' lang='grc' dir='ltr'>καὶ</span> <span class='ocrx_word' id='word_1_106' title='bbox 1595 1441 1799 1511; x_wconf 88' lang='grc' dir='ltr'>παλίμ-</span> 
     </span>
    </p>
   </div>
   <div class='ocr_carea' id='block_1_17' title="bbox 221 1523 1797 1604">
    <p class='ocr_par' dir='ltr' id='par_1_17' title="bbox 221 1523 1797 1604">
     <span class='ocr_line' id='line_1_17' title="bbox 221 1523 1797 1604; baseline 0.006 -27"><span class='ocrx_word' id='word_1_107' title='bbox 221 1527 379 1579; x_wconf 76' lang='grc' dir='ltr'>ϐολον</span> <span class='ocrx_word' id='word_1_108' title='bbox 406 1528 501 1580; x_wconf 78' lang='grc' dir='ltr'>τοῦ</span> <span class='ocrx_word' id='word_1_109' title='bbox 532 1529 761 1600; x_wconf 80' lang='grc' dir='ltr'>ἕθνους,)</span> <span class='ocrx_word' id='word_1_110' title='bbox 808 1523 957 1585; x_wconf 71' lang='grc' dir='ltr'>οὗτοι</span> <span class='ocrx_word' id='word_1_111' title='bbox 1018 1532 1154 1602; x_wconf 80' lang='grc' dir='ltr'>δῆτα</span> <span class='ocrx_word' id='word_1_112' title='bbox 1211 1532 1303 1586; x_wconf 76' lang='grc' dir='ltr'><strong>οὖν</strong></span> <span class='ocrx_word' id='word_1_113' title='bbox 1346 1534 1483 1604; x_wconf 72' lang='grc' dir='ltr'>πρὸς</span> <span class='ocrx_word' id='word_1_114' title='bbox 1532 1534 1797 1603; x_wconf 80' lang='grc' dir='ltr'>βασιλέως</span> 
     </span>
    </p>
   </div>
   <div class='ocr_carea' id='block_1_18' title="bbox 233 1618 1795 1694">
    <p class='ocr_par' dir='ltr' id='par_1_18' title="bbox 233 1618 1795 1694">
     <span class='ocr_line' id='line_1_18' title="bbox 233 1618 1795 1694; baseline 0.007 -25"><span class='ocrx_word' id='word_1_115' title='bbox 233 1618 619 1672; x_wconf 80' lang='grc' dir='ltr'>Ἰουστινιανοῦ</span> <span class='ocrx_word' id='word_1_116' title='bbox 653 1622 799 1691; x_wconf 80' lang='grc' dir='ltr'>δῶρα</span> <span class='ocrx_word' id='word_1_117' title='bbox 837 1624 935 1692; x_wconf 80' lang='grc' dir='ltr'><strong>μὲν</strong></span> <span class='ocrx_word' id='word_1_118' title='bbox 963 1624 1260 1694; x_wconf 77' lang='grc' dir='ltr'>λαμϐάνειν</span> <span class='ocrx_word' id='word_1_119' title='bbox 1304 1626 1609 1690; x_wconf 74' lang='grc' dir='ltr'>εἰώθεισαν,</span> <span class='ocrx_word' id='word_1_120' title='bbox 1651 1626 1711 1679; x_wconf 80' lang='grc' dir='ltr'>τὸ</span> <span class='ocrx_word' id='word_1_121' title='bbox 1740 1627 1795 1680; x_wconf 76' lang='grc' dir='ltr'>δὲ</span> 
     </span>
    </p>
   </div>
   <div class='ocr_carea' id='block_1_19' title="bbox 220 1708 1797 1789">
    <p class='ocr_par' dir='ltr' id='par_1_19' title="bbox 220 1708 1797 1789">
     <span class='ocr_line' id='line_1_19' title="bbox 220 1708 1797 1789; baseline 0.01 -31"><span class='ocrx_word' id='word_1_122' title='bbox 220 1708 343 1770; x_wconf 76' lang='grc' dir='ltr'>ἔθος</span> <span class='ocrx_word' id='word_1_123' title='bbox 378 1710 424 1741; x_wconf 75' lang='grc' dir='ltr'><strong><em>⁸ο</em></strong></span> <span class='ocrx_word' id='word_1_124' title='bbox 452 1712 635 1774; x_wconf 77' lang='grc' dir='ltr'>αὐτοῖς</span> <span class='ocrx_word' id='word_1_125' title='bbox 665 1714 743 1783; x_wconf 82' lang='grc' dir='ltr'>τῷ</span> <span class='ocrx_word' id='word_1_126' title='bbox 768 1714 862 1766; x_wconf 84' lang='grc' dir='ltr'>τοῦ</span> <span class='ocrx_word' id='word_1_127' title='bbox 910 1717 1246 1786; x_wconf 81' lang='grc' dir='ltr'>παρέχοντος</span> <span class='ocrx_word' id='word_1_128' title='bbox 1293 1717 1638 1772; x_wconf 78' lang='grc' dir='ltr'>ἐὸεὗαιοῦντο</span> <span class='ocrx_word' id='word_1_129' title='bbox 1672 1719 1797 1789; x_wconf 84' lang='grc' dir='ltr'>βου-</span> 
     </span>
    </p>
   </div>
   <div class='ocr_carea' id='block_1_20' title="bbox 219 1800 1800 1899">
    <p class='ocr_par' dir='ltr' id='par_1_20' title="bbox 219 1800 1800 1899">
     <span class='ocr_line' id='line_1_20' title="bbox 219 1800 1800 1899; baseline 0.009 -50"><span class='ocrx_word' id='word_1_130' title='bbox 219 1800 928 1899; x_wconf 47' lang='grc' dir='ltr'>λεηματι;“’Υπερηδόμενος</span> <span class='ocrx_word' id='word_1_131' title='bbox 958 1808 1138 1876; x_wconf 67' lang='grc' dir='ltr'>δί’γάρ</span> <span class='ocrx_word' id='word_1_132' title='bbox 1184 1812 1251 1879; x_wconf 83' lang='grc' dir='ltr'>τῇ</span> <span class='ocrx_word' id='word_1_133' title='bbox 1309 1810 1522 1882; x_wconf 72' lang='grc' dir='ltr'>εἰρήνῃ,</span> <span class='ocrx_word' id='word_1_134' title='bbox 1576 1810 1670 1863; x_wconf 76' lang='grc' dir='ltr'><strong>καὶ</strong></span> <span class='ocrx_word' id='word_1_135' title='bbox 1718 1805 1800 1874; x_wconf 76' lang='grc' dir='ltr'><strong>οἷς</strong></span> 
     </span>
    </p>
   </div>
   <div class='ocr_carea' id='block_1_21' title="bbox 220 1889 1797 1969">
    <p class='ocr_par' dir='ltr' id='par_1_21' title="bbox 220 1889 1797 1969">
     <span class='ocr_line' id='line_1_21' title="bbox 220 1889 1797 1969; baseline 0.01 -28"><span class='ocrx_word' id='word_1_136' title='bbox 220 1889 323 1942; x_wconf 79' lang='grc' dir='ltr'>οὐκ</span> <span class='ocrx_word' id='word_1_137' title='bbox 348 1889 515 1962; x_wconf 77' lang='grc' dir='ltr'>ἐχρῆν</span> <span class='ocrx_word' id='word_1_138' title='bbox 538 1894 598 1946; x_wconf 87' lang='grc' dir='ltr'><strong>τὸ</strong></span> <span class='ocrx_word' id='word_1_139' title='bbox 626 1898 1001 1969; x_wconf 70' lang='grc' dir='ltr'>μεγαλόδωρον</span> <span class='ocrx_word' id='word_1_140' title='bbox 1025 1900 1393 1954; x_wconf 79' lang='grc' dir='ltr'>ἐπεδείκνυτο.</span> <span class='ocrx_word' id='word_1_141' title='bbox 1447 1903 1557 1954; x_wconf 75' lang='grc' dir='ltr'><strong>Καὶ</strong></span> <span class='ocrx_word' id='word_1_142' title='bbox 1594 1902 1797 1969; x_wconf 80' lang='grc' dir='ltr'>μᾶλλον</span> 
     </span>
    </p>
   </div>
   <div class='ocr_carea' id='block_1_22' title="bbox 224 1981 1801 2063">
    <p class='ocr_par' dir='ltr' id='par_1_22' title="bbox 224 1981 1801 2063">
     <span class='ocr_line' id='line_1_22' title="bbox 224 1981 1801 2063; baseline 0.01 -33"><span class='ocrx_word' id='word_1_143' title='bbox 224 1981 502 2045; x_wconf 79' lang='grc' dir='ltr'>ὲκαίνιζεν</span> <span class='ocrx_word' id='word_1_144' title='bbox 528 1985 793 2049; x_wconf 78' lang='grc' dir='ltr'><strong>ἑκουσίως</strong></span> <span class='ocrx_word' id='word_1_145' title='bbox 821 1989 1237 2060; x_wconf 69' lang='grc' dir='ltr'>φιλανθρωπίας</span> <span class='ocrx_word' id='word_1_146' title='bbox 1265 1992 1540 2063; x_wconf 73' lang='grc' dir='ltr'>ὑπερϐολῇ</span> <span class='ocrx_word' id='word_1_147' title='bbox 1575 1993 1711 2062; x_wconf 83' lang='grc' dir='ltr'>πρὸς</span> <span class='ocrx_word' id='word_1_148' title='bbox 1737 1995 1801 2046; x_wconf 86' lang='grc' dir='ltr'><strong>τὸ</strong></span> 
     </span>
    </p>
   </div>
   <div class='ocr_carea' id='block_1_23' title="bbox 231 2069 1802 2151">
    <p class='ocr_par' dir='ltr' id='par_1_23' title="bbox 231 2069 1802 2151">
     <span class='ocr_line' id='line_1_23' title="bbox 231 2069 1802 2151; baseline 0.01 -31"><span class='ocrx_word' id='word_1_149' title='bbox 231 2069 306 2137; x_wconf 80' lang='grc' dir='ltr'>μὴ</span> <span class='ocrx_word' id='word_1_150' title='bbox 331 2070 630 2139; x_wconf 86' lang='grc' dir='ltr'>ἀναγκαῖον</span> <span class='ocrx_word' id='word_1_151' title='bbox 670 2075 740 2128; x_wconf 84' lang='grc' dir='ltr'>τὰ</span> <span class='ocrx_word' id='word_1_152' title='bbox 786 2079 1112 2147; x_wconf 86' lang='grc' dir='ltr'>πράγματα,</span> <span class='ocrx_word' id='word_1_153' title='bbox 1160 2082 1302 2151; x_wconf 70' lang='grc' dir='ltr'>ἥπερ</span> <span class='ocrx_word' id='word_1_154' title='bbox 1336 2083 1381 2113; x_wconf 75' lang='grc'><strong><em>⁸⁸</em></strong></span> <span class='ocrx_word' id='word_1_155' title='bbox 1413 2083 1701 2149; x_wconf 76' lang='grc' dir='ltr'>ἀκουσίως,</span> <span class='ocrx_word' id='word_1_156' title='bbox 1754 2087 1802 2136; x_wconf 83' lang='grc' dir='ltr'>εἰ</span> 
     </span>
    </p>
   </div>
   <div class='ocr_carea' id='block_1_24' title="bbox 229 2159 1799 2245">
    <p class='ocr_par' dir='ltr' id='par_1_24' title="bbox 229 2159 1799 2245">
     <span class='ocr_line' id='line_1_24' title="bbox 229 2159 1799 2245; baseline 0.014 -37"><span class='ocrx_word' id='word_1_157' title='bbox 229 2159 388 2227; x_wconf 79' lang='grc' dir='ltr'>θέμις</span> <span class='ocrx_word' id='word_1_158' title='bbox 422 2163 616 2227; x_wconf 79' lang='grc' dir='ltr'>εἰπεῖν,</span> <span class='ocrx_word' id='word_1_159' title='bbox 658 2166 893 2221; x_wconf 73' lang='grc' dir='ltr'>ἐποιεῖτο</span> <span class='ocrx_word' id='word_1_160' title='bbox 914 2172 1022 2223; x_wconf 84' lang='grc' dir='ltr'><strong>τῶν</strong></span> <span class='ocrx_word' id='word_1_161' title='bbox 1053 2173 1369 2240; x_wconf 79' lang='grc' dir='ltr'>ἀναγκαίων</span> <span class='ocrx_word' id='word_1_162' title='bbox 1392 2174 1489 2245; x_wconf 83' lang='grc' dir='ltr'><strong>τὴν</strong></span> <span class='ocrx_word' id='word_1_163' title='bbox 1522 2176 1799 2231; x_wconf 85' lang='grc' dir='ltr'>σύστασιν.</span> 
     </span>
    </p>
   </div>
   <div class='ocr_carea' id='block_1_25' title="bbox 227 2248 1803 2341">
    <p class='ocr_par' dir='ltr' id='par_1_25' title="bbox 227 2252 1803 2341">
     <span class='ocr_line' id='line_1_25' title="bbox 227 2252 1803 2341; baseline 0.014 -39"><span class='ocrx_word' id='word_1_164' title='bbox 227 2252 545 2324; x_wconf 81' lang='grc' dir='ltr'>Μαρτύριον</span> <span class='ocrx_word' id='word_1_165' title='bbox 575 2257 630 2309; x_wconf 85' lang='grc' dir='ltr'><strong>δέ</strong></span> <span class='ocrx_word' id='word_1_166' title='bbox 664 2276 754 2327; x_wconf 91' lang='grc' dir='ltr'><strong>μοι</strong></span> <span class='ocrx_word' id='word_1_167' title='bbox 788 2263 1129 2330; x_wconf 77' lang='grc' dir='ltr'>σαφέστατον</span> <span class='ocrx_word' id='word_1_168' title='bbox 1164 2265 1256 2319; x_wconf 82' lang='grc' dir='ltr'>τοῦ</span> <span class='ocrx_word' id='word_1_169' title='bbox 1292 2267 1440 2337; x_wconf 84' lang='grc' dir='ltr'>δῶρα</span> <span class='ocrx_word' id='word_1_170' title='bbox 1469 2270 1597 2333; x_wconf 79' lang='grc' dir='ltr'>τοὺς</span> <span class='ocrx_word' id='word_1_171' title='bbox 1623 2272 1803 2341; x_wconf 87' lang='grc' dir='ltr'>Σαρα-</span> 
     </span>
    </p>
   </div>
   <div class='ocr_carea' id='block_1_26' title="bbox 228 2343 1803 2433">
    <p class='ocr_par' dir='ltr' id='par_1_26' title="bbox 228 2343 1803 2433">
     <span class='ocr_line' id='line_1_26' title="bbox 228 2343 1803 2433; baseline 0.013 -39"><span class='ocrx_word' id='word_1_172' title='bbox 228 2343 448 2433; x_wconf 51' lang='grc' dir='ltr'>πηνοὺς,</span> <span class='ocrx_word' id='word_1_173' title='bbox 498 2348 590 2399; x_wconf 79' lang='grc' dir='ltr'><strong>καὶ</strong></span> <span class='ocrx_word' id='word_1_174' title='bbox 629 2350 726 2420; x_wconf 85' lang='grc' dir='ltr'><strong>οὐχ</strong></span> <span class='ocrx_word' id='word_1_175' title='bbox 756 2355 829 2415; x_wconf 86' lang='grc' dir='ltr'>ὡς</span> <span class='ocrx_word' id='word_1_176' title='bbox 884 2355 1022 2424; x_wconf 78' lang='grc' dir='ltr'>ὑπὲρ</span> <span class='ocrx_word' id='word_1_177' title='bbox 1054 2358 1315 2423; x_wconf 81' lang='grc' dir='ltr'>σπονδῶν,</span> <span class='ocrx_word' id='word_1_178' title='bbox 1352 2360 1427 2422; x_wconf 79' lang='grc' dir='ltr'><strong>ὣς</strong></span> <span class='ocrx_word' id='word_1_179' title='bbox 1463 2379 1614 2429; x_wconf 83' lang='grc' dir='ltr'>φασι,</span> <span class='ocrx_word' id='word_1_180' title='bbox 1644 2364 1803 2433; x_wconf 76' lang='grc' dir='ltr'>κομί-</span> 
     </span>
    </p>
   </div>
   <div class='ocr_carea' id='block_1_27' title="bbox 227 2429 1805 2521">
    <p class='ocr_par' dir='ltr' id='par_1_27' title="bbox 227 2429 1805 2521">
     <span class='ocr_line' id='line_1_27' title="bbox 227 2429 1805 2521; baseline 0.016 -40"><span class='ocrx_word' id='word_1_181' title='bbox 227 2429 416 2491; x_wconf 80' lang='grc' dir='ltr'>ζεσθαι</span> <span class='ocrx_word' id='word_1_182' title='bbox 448 2433 514 2486; x_wconf 81' lang='grc' dir='ltr'>τὰ</span> <span class='ocrx_word' id='word_1_183' title='bbox 544 2438 768 2492; x_wconf 79' lang='grc' dir='ltr'>τοιαῦτα</span> <span class='ocrx_word' id='word_1_184' title='bbox 797 2443 1075 2512; x_wconf 82' lang='grc' dir='ltr'>χρήματα,</span> <span class='ocrx_word' id='word_1_185' title='bbox 1101 2447 1192 2498; x_wconf 72' lang='grc' dir='ltr'><strong>καὶ</strong></span> <span class='ocrx_word' id='word_1_186' title='bbox 1215 2448 1412 2511; x_wconf 76' lang='grc' dir='ltr'>αὐτοὺς</span> <span class='ocrx_word' id='word_1_187' title='bbox 1439 2429 1805 2521; x_wconf 67' lang='grc' dir='ltr'>ἀντιδωροίρο-</span> 
     </span>
    </p>
   </div>
   <div class='ocr_carea' id='block_1_28' title="bbox 231 2524 1805 2626">
    <p class='ocr_par' dir='ltr' id='par_1_28' title="bbox 231 2524 1805 2626">
     <span class='ocr_line' id='line_1_28' title="bbox 231 2524 1805 2626; baseline 0.017 -54"><span class='ocrx_word' id='word_1_188' title='bbox 231 2524 344 2626; x_wconf 58' lang='grc' dir='ltr'>ρέῖν</span> <span class='ocrx_word' id='word_1_189' title='bbox 378 2525 468 2577; x_wconf 77' lang='grc' dir='ltr'><strong>τὸν</strong></span> <span class='ocrx_word' id='word_1_190' title='bbox 495 2528 619 2626; x_wconf 34' lang='lat' dir='ltr'><strong>{ea</strong></span> <span class='ocrx_word' id='word_1_191' title='bbox 654 2531 801 2600; x_wconf 74' lang='grc' dir='ltr'>ἡμᾶς</span> <span class='ocrx_word' id='word_1_192' title='bbox 837 2532 1082 2602; x_wconf 87' lang='grc' dir='ltr'>βασιλέα.</span> <span class='ocrx_word' id='word_1_193' title='bbox 1131 2538 1240 2590; x_wconf 74' lang='grc' dir='ltr'>Καὶ</span> <span class='ocrx_word' id='word_1_194' title='bbox 1295 2540 1431 2607; x_wconf 74' lang='grc' dir='ltr'>πρὸς</span> <span class='ocrx_word' id='word_1_195' title='bbox 1491 2542 1662 2596; x_wconf 83' lang='grc' dir='ltr'>ταῦτα</span> <span class='ocrx_word' id='word_1_196' title='bbox 1707 2546 1805 2611; x_wconf 81' lang='grc' dir='ltr'><strong>μὲν</strong></span> 
     </span>
    </p>
   </div>
   <div class='ocr_carea' id='block_1_29' title="bbox 226 2616 1800 2703">
    <p class='ocr_par' dir='ltr' id='par_1_29' title="bbox 226 2616 1800 2703">
     <span class='ocr_line' id='line_1_29' title="bbox 226 2616 1800 2703; baseline 0.014 -41"><span class='ocrx_word' id='word_1_197' title='bbox 226 2616 383 2703; x_wconf 79' lang='grc' dir='ltr'>οἶμαι</span> <span class='ocrx_word' id='word_1_198' title='bbox 422 2616 544 2684; x_wconf 79' lang='grc' dir='ltr'>μηδ’</span> <span class='ocrx_word' id='word_1_199' title='bbox 573 2619 849 2674; x_wconf 82' lang='grc' dir='ltr'>ὁντιναοῦν</span> <span class='ocrx_word' id='word_1_200' title='bbox 882 2624 1148 2695; x_wconf 87' lang='grc' dir='ltr'>ἀντερεῖν.</span> <span class='ocrx_word' id='word_1_201' title='bbox 1192 2629 1252 2680; x_wconf 84' lang='grc' dir='ltr'><strong>Εἰ</strong></span> <span class='ocrx_word' id='word_1_202' title='bbox 1273 2628 1328 2680; x_wconf 79' lang='grc' dir='ltr'>δὲ</span> <span class='ocrx_word' id='word_1_203' title='bbox 1360 2629 1406 2663; x_wconf 78' lang='grc'><strong>⁸³</strong></span> <span class='ocrx_word' id='word_1_204' title='bbox 1429 2632 1524 2684; x_wconf 70' lang='grc' dir='ltr'>καὶ</span> <span class='ocrx_word' id='word_1_205' title='bbox 1557 2633 1800 2703; x_wconf 80' lang='grc' dir='ltr'>δοίημεν,</span> 
     </span>
    </p>
   </div>
   <div class='ocr_carea' id='block_1_30' title="bbox 226 2702 1805 2797">
    <p class='ocr_par' dir='ltr' id='par_1_30' title="bbox 226 2702 1805 2797">
     <span class='ocr_line' id='line_1_30' title="bbox 226 2702 1805 2797; baseline 0.016 -44"><span class='ocrx_word' id='word_1_206' title='bbox 226 2702 302 2765; x_wconf 86' lang='grc' dir='ltr'>ὡς</span> <span class='ocrx_word' id='word_1_207' title='bbox 346 2705 718 2774; x_wconf 75' lang='grc' dir='ltr'>Ἰουστινιανὸς</span> <span class='ocrx_word' id='word_1_208' title='bbox 765 2715 963 2777; x_wconf 76' lang='grc' dir='ltr'>αὐτοὺς</span> <span class='ocrx_word' id='word_1_209' title='bbox 1007 2716 1147 2770; x_wconf 72' lang='grc' dir='ltr'>κατὰ</span> <span class='ocrx_word' id='word_1_210' title='bbox 1196 2718 1464 2791; x_wconf 79' lang='grc' dir='ltr'>ξυνθήκας</span> <span class='ocrx_word' id='word_1_211' title='bbox 1514 2702 1805 2797; x_wconf 76' lang='grc' dir='ltr'>ὲφιλοιρρο·</span> 
     </span>
    </p>
   </div>
   <div class='ocr_carea' id='block_1_31' title="bbox 226 2797 1805 2887">
    <p class='ocr_par' dir='ltr' id='par_1_31' title="bbox 226 2797 1805 2887">
     <span class='ocr_line' id='line_1_31' title="bbox 226 2797 1805 2887; baseline 0.017 -43"><span class='ocrx_word' id='word_1_212' title='bbox 226 2797 372 2848; x_wconf 87' lang='grc' dir='ltr'>νεῖτο</span> <span class='ocrx_word' id='word_1_213' title='bbox 402 2801 515 2861; x_wconf 90' lang='grc' dir='ltr'>τοῖς</span> <span class='ocrx_word' id='word_1_214' title='bbox 542 2803 809 2872; x_wconf 74' lang='grc' dir='ltr'>χρήμασι,</span> <span class='ocrx_word' id='word_1_215' title='bbox 849 2809 1226 2879; x_wconf 83' lang='grc' dir='ltr'>συνεμετρήθη</span> <span class='ocrx_word' id='word_1_216' title='bbox 1249 2812 1325 2880; x_wconf 82' lang='grc' dir='ltr'>τῷ</span> <span class='ocrx_word' id='word_1_217' title='bbox 1352 2812 1448 2883; x_wconf 85' lang='grc' dir='ltr'>βίῳ</span> <span class='ocrx_word' id='word_1_218' title='bbox 1476 2817 1569 2867; x_wconf 83' lang='grc' dir='ltr'>τοῦ</span> <span class='ocrx_word' id='word_1_219' title='bbox 1596 2815 1805 2887; x_wconf 90' lang='grc' dir='ltr'>δωρου-</span> 
     </span>
    </p>
   </div>
   <div class='ocr_carea' id='block_1_32' title="bbox 229 2887 1806 2979">
    <p class='ocr_par' dir='ltr' id='par_1_32' title="bbox 229 2887 1806 2979">
     <span class='ocr_line' id='line_1_32' title="bbox 229 2887 1806 2979; baseline 0.016 -42"><span class='ocrx_word' id='word_1_220' title='bbox 229 2887 397 2979; x_wconf 77' lang='grc' dir='ltr'>μένου</span> <span class='ocrx_word' id='word_1_221' title='bbox 429 2889 688 2958; x_wconf 78' lang='grc' dir='ltr'>βασιλέως</span> <span class='ocrx_word' id='word_1_222' title='bbox 742 2895 837 2949; x_wconf 73' lang='grc' dir='ltr'>καὶ</span> <span class='ocrx_word' id='word_1_223' title='bbox 899 2902 1342 2956; x_wconf 86' lang='grc' dir='ltr'>συνανεπαύσατο</span> <span class='ocrx_word' id='word_1_224' title='bbox 1389 2907 1581 2959; x_wconf 86' lang='grc' dir='ltr'>τούτου</span> <span class='ocrx_word' id='word_1_225' title='bbox 1622 2912 1686 2979; x_wconf 82' lang='grc' dir='ltr'>τῇ</span> <span class='ocrx_word' id='word_1_226' title='bbox 1720 2898 1806 2962; x_wconf 82' lang='grc' dir='ltr'>τε-</span> 
     </span>
    </p>
   </div>
   <div class='ocr_carea' id='block_1_33' title="bbox 224 2966 1805 3068">
    <p class='ocr_par' dir='ltr' id='par_1_33' title="bbox 224 2966 1805 3068">
     <span class='ocr_line' id='line_1_33' title="bbox 224 2966 1805 3068; baseline 0.017 -43"><span class='ocrx_word' id='word_1_227' title='bbox 419 2978 479 3030; x_wconf 71' lang='grc' dir='ltr'>τὸ</span> <span class='ocrx_word' id='word_1_228' title='bbox 499 2978 863 3051; x_wconf 84' lang='grc' dir='ltr'>δωρούμενον.</span> <span class='ocrx_word' id='word_1_229' title='bbox 898 2987 972 3039; x_wconf 78' lang='grc' dir='ltr'><strong>Οὐ</strong></span> <span class='ocrx_word' id='word_1_230' title='bbox 1008 2988 1118 3059; x_wconf 84' lang='grc' dir='ltr'>γὰρ</span> <span class='ocrx_word' id='word_1_231' title='bbox 1144 2991 1260 3053; x_wconf 83' lang='grc' dir='ltr'>ἐνὸς</span> <span class='ocrx_word' id='word_1_232' title='bbox 1293 2993 1483 3064; x_wconf 85' lang='grc' dir='ltr'>ἀνδρὸς</span> <span class='ocrx_word' id='word_1_233' title='bbox 1498 2995 1630 3062; x_wconf 86' lang='grc' dir='ltr'>ἔθει,</span> <span class='ocrx_word' id='word_1_234' title='bbox 1661 2966 1805 3068; x_wconf 50' lang='lat' dir='ltr'><strong>ipqu</strong></span> 
     </span>
    </p>
   </div>
   <div class='ocr_carea' id='block_1_34' title="bbox 1897 506 3469 580">
    <p class='ocr_par' dir='ltr' id='par_1_34' title="bbox 1897 506 3469 580">
     <span class='ocr_line' id='line_1_34' title="bbox 1897 506 3469 580; baseline -0.006 -15"><span class='ocrx_word' id='word_1_235' title='bbox 1897 512 2224 580; x_wconf 76' lang='lat' dir='ltr'><strong>objiciuntur</strong></span> <span class='ocrx_word' id='word_1_236' title='bbox 2262 511 2343 564; x_wconf 83' lang='lat' dir='ltr'><strong>de</strong></span> <span class='ocrx_word' id='word_1_237' title='bbox 2388 510 2697 572; x_wconf 77' lang='lat' dir='ltr'><strong>Saracenis,</strong></span> <span class='ocrx_word' id='word_1_238' title='bbox 2752 516 2807 561; x_wconf 93' lang='lat' dir='ltr'><strong>et</strong></span> <span class='ocrx_word' id='word_1_239' title='bbox 2856 506 3081 575; x_wconf 89' lang='lat' dir='ltr'><strong>reliqua,</strong></span> <span class='ocrx_word' id='word_1_240' title='bbox 3133 517 3469 572; x_wconf 60' lang='lat' dir='ltr'><strong>quascunque</strong></span> 
     </span>
    </p>
   </div>
   <div class='ocr_carea' id='block_1_35' title="bbox 1897 596 3470 665">
    <p class='ocr_par' dir='ltr' id='par_1_35' title="bbox 1897 596 3470 665">
     <span class='ocr_line' id='line_1_35' title="bbox 1897 596 3470 665; baseline -0.007 -8"><span class='ocrx_word' id='word_1_241' title='bbox 1897 604 2076 657; x_wconf 83' lang='lat' dir='ltr'><strong>adhuc</strong></span> <span class='ocrx_word' id='word_1_242' title='bbox 2102 611 2450 658; x_wconf 89' lang='lat' dir='ltr'><strong>controversa</strong></span> <span class='ocrx_word' id='word_1_243' title='bbox 2500 612 2677 665; x_wconf 91' lang='lat' dir='ltr'><strong>erant,</strong></span> <span class='ocrx_word' id='word_1_244' title='bbox 2713 600 2919 654; x_wconf 83' lang='lat' dir='ltr'><strong>diluere</strong></span> <span class='ocrx_word' id='word_1_245' title='bbox 2949 608 3002 653; x_wconf 90' lang='lat' dir='ltr'><strong>et</strong></span> <span class='ocrx_word' id='word_1_246' title='bbox 3044 598 3309 652; x_wconf 90' lang='lat' dir='ltr'><strong>refutare.</strong></span> <span class='ocrx_word' id='word_1_247' title='bbox 3358 596 3470 664; x_wconf 75' lang='lat' dir='ltr'><strong>Ego</strong></span> 
     </span>
    </p>
   </div>
   <div class='ocr_carea' id='block_1_36' title="bbox 1897 688 3468 764">
    <p class='ocr_par' dir='ltr' id='par_1_36' title="bbox 1897 688 3468 764">
     <span class='ocr_line' id='line_1_36' title="bbox 1897 688 3468 764; baseline -0.005 -18"><span class='ocrx_word' id='word_1_248' title='bbox 1897 710 2047 757; x_wconf 92' lang='lat' dir='ltr'><strong>vero,</strong></span> <span class='ocrx_word' id='word_1_249' title='bbox 2079 695 2168 764; x_wconf 88' lang='lat' dir='ltr'><strong>qui</strong></span> <span class='ocrx_word' id='word_1_250' title='bbox 2214 709 2491 763; x_wconf 81' lang='lat' dir='ltr'><strong>nunquam</strong></span> <span class='ocrx_word' id='word_1_251' title='bbox 2535 692 2859 760; x_wconf 69' lang='lat' dir='ltr'><strong>eloquentia:</strong></span> <span class='ocrx_word' id='word_1_252' title='bbox 2887 700 2941 744; x_wconf 94' lang='lat' dir='ltr'><strong>et</strong></span> <span class='ocrx_word' id='word_1_253' title='bbox 2971 689 3330 759; x_wconf 79' lang='lat' dir='ltr'><strong>persuadendi</strong></span> <span class='ocrx_word' id='word_1_254' title='bbox 3368 688 3468 741; x_wconf 84' lang='lat' dir='ltr'><strong>arti</strong></span> 
     </span>
    </p>
   </div>
   <div class='ocr_carea' id='block_1_37' title="bbox 1897 778 3470 855">
    <p class='ocr_par' dir='ltr' id='par_1_37' title="bbox 1897 778 3470 855">
     <span class='ocr_line' id='line_1_37' title="bbox 1897 778 3470 855; baseline -0.006 -16"><span class='ocrx_word' id='word_1_255' title='bbox 1897 801 2117 855; x_wconf 88' lang='lat' dir='ltr'><strong>operam</strong></span> <span class='ocrx_word' id='word_1_256' title='bbox 2149 784 2292 851; x_wconf 82' lang='lat' dir='ltr'><strong>dedi,</strong></span> <span class='ocrx_word' id='word_1_257' title='bbox 2342 794 2519 838; x_wconf 88' lang='lat' dir='ltr'><strong>tamen</strong></span> <span class='ocrx_word' id='word_1_258' title='bbox 2556 793 2609 837; x_wconf 90' lang='lat' dir='ltr'><strong>et</strong></span> <span class='ocrx_word' id='word_1_259' title='bbox 2636 798 2814 835; x_wconf 56' lang='lat' dir='ltr'><strong>causa;</strong></span> <span class='ocrx_word' id='word_1_260' title='bbox 2846 791 3048 836; x_wconf 69' lang='lat' dir='ltr'><strong>nostra:</strong></span> <span class='ocrx_word' id='word_1_261' title='bbox 3078 781 3331 849; x_wconf 69' lang='lat' dir='ltr'><strong>aequitate</strong></span> <span class='ocrx_word' id='word_1_262' title='bbox 3366 778 3470 831; x_wconf 80' lang='lat' dir='ltr'><strong>Sa-</strong></span> 
     </span>
    </p>
   </div>
   <div class='ocr_carea' id='block_1_38' title="bbox 1880 872 3473 942">
    <p class='ocr_par' dir='ltr' id='par_1_38' title="bbox 1880 872 3473 942">
     <span class='ocr_line' id='line_1_38' title="bbox 1880 872 3473 942; baseline -0.007 -10"><span class='ocrx_word' id='word_1_263' title='bbox 1880 884 2123 932; x_wconf 85' lang='lat' dir='ltr'><strong>racenos</strong></span> <span class='ocrx_word' id='word_1_264' title='bbox 2145 881 2376 942; x_wconf 77' lang='lat' dir='ltr'><strong>vincam,</strong></span> <span class='ocrx_word' id='word_1_265' title='bbox 2398 886 2449 930; x_wconf 94' lang='lat' dir='ltr'><strong>et</strong></span> <span class='ocrx_word' id='word_1_266' title='bbox 2481 876 2585 929; x_wconf 85' lang='lat' dir='ltr'><strong>hoc</strong></span> <span class='ocrx_word' id='word_1_267' title='bbox 2616 875 2806 928; x_wconf 90' lang='lat' dir='ltr'><strong>saltem</strong></span> <span class='ocrx_word' id='word_1_268' title='bbox 2835 888 2863 927; x_wconf 88' lang='lat' dir='ltr'><strong>a</strong></span> <span class='ocrx_word' id='word_1_269' title='bbox 2888 873 3045 927; x_wconf 86' lang='lat' dir='ltr'><strong>vobis</strong></span> <span class='ocrx_word' id='word_1_270' title='bbox 3065 872 3391 940; x_wconf 84' lang='lat' dir='ltr'><strong>impetrabo,</strong></span> <span class='ocrx_word' id='word_1_271' title='bbox 3414 878 3473 922; x_wconf 90' lang='lat' dir='ltr'><strong>ut</strong></span> 
     </span>
    </p>
   </div>
   <div class='ocr_carea' id='block_1_39' title="bbox 1898 963 3515 1031">
    <p class='ocr_par' dir='ltr' id='par_1_39' title="bbox 1898 963 3515 1031">
     <span class='ocr_line' id='line_1_39' title="bbox 1898 963 3515 1031; baseline -0.006 -7"><span class='ocrx_word' id='word_1_272' title='bbox 1898 986 1967 1025; x_wconf 90' lang='lat' dir='ltr'><strong>ne</strong></span> <span class='ocrx_word' id='word_1_273' title='bbox 1997 968 2252 1023; x_wconf 81' lang='lat' dir='ltr'><strong>Romanis</strong></span> <span class='ocrx_word' id='word_1_274' title='bbox 2281 967 2598 1029; x_wconf 85' lang='lat' dir='ltr'><strong>Saracenos,</strong></span> <span class='ocrx_word' id='word_1_275' title='bbox 2623 966 2861 1019; x_wconf 91' lang='lat' dir='ltr'><strong>omnium</strong></span> <span class='ocrx_word' id='word_1_276' title='bbox 2891 964 3201 1019; x_wconf 87' lang='lat' dir='ltr'><strong>mortalium</strong></span> <span class='ocrx_word' id='word_1_277' title='bbox 3228 963 3471 1031; x_wconf 86' lang='lat' dir='ltr'><strong>injustis-</strong></span> <span class='ocrx_word' id='word_1_278' title='bbox 3511 980 3515 984; x_wconf 92' lang='grc'><strong>·</strong></span> 
     </span>
    </p>
   </div>
   <div class='ocr_carea' id='block_1_40' title="bbox 1897 1056 3470 1131">
    <p class='ocr_par' dir='ltr' id='par_1_40' title="bbox 1897 1056 3470 1131">
     <span class='ocr_line' id='line_1_40' title="bbox 1897 1056 3470 1131; baseline -0.006 -13"><span class='ocrx_word' id='word_1_279' title='bbox 1897 1064 2086 1128; x_wconf 89' lang='lat' dir='ltr'><strong>simos,</strong></span> <span class='ocrx_word' id='word_1_280' title='bbox 2118 1076 2292 1131; x_wconf 86' lang='lat' dir='ltr'><strong>neque</strong></span> <span class='ocrx_word' id='word_1_281' title='bbox 2324 1070 2518 1115; x_wconf 83' lang='lat' dir='ltr'><strong>vestrae</strong></span> <span class='ocrx_word' id='word_1_282' title='bbox 2556 1060 2772 1113; x_wconf 90' lang='lat' dir='ltr'><strong>utilitati</strong></span> <span class='ocrx_word' id='word_1_283' title='bbox 2806 1059 3093 1113; x_wconf 85' lang='lat' dir='ltr'><strong>manifesta</strong></span> <span class='ocrx_word' id='word_1_284' title='bbox 3116 1056 3470 1126; x_wconf 57' lang='lat' dir='ltr'><strong>{incommoda</strong></span> 
     </span>
    </p>
   </div>
   <div class='ocr_carea' id='block_1_41' title="bbox 1896 1150 3466 1225">
    <p class='ocr_par' dir='ltr' id='par_1_41' title="bbox 1896 1150 3466 1225">
     <span class='ocr_line' id='line_1_41' title="bbox 1896 1150 3466 1225; baseline -0.004 -17"><span class='ocrx_word' id='word_1_285' title='bbox 1896 1155 2213 1225; x_wconf 65' lang='lat' dir='ltr'><strong>prarfcratis.</strong></span> <span class='ocrx_word' id='word_1_286' title='bbox 2238 1154 2339 1220; x_wconf 86' lang='lat' dir='ltr'><strong>Qui</strong></span> <span class='ocrx_word' id='word_1_287' title='bbox 2373 1154 2515 1208; x_wconf 87' lang='lat' dir='ltr'><strong>enim</strong></span> <span class='ocrx_word' id='word_1_288' title='bbox 2548 1153 2688 1223; x_wconf 89' lang='lat' dir='ltr'><strong>apud</strong></span> <span class='ocrx_word' id='word_1_289' title='bbox 2719 1167 2813 1207; x_wconf 90' lang='lat' dir='ltr'><strong>vos</strong></span> <span class='ocrx_word' id='word_1_290' title='bbox 2858 1161 2984 1207; x_wconf 88' lang='lat' dir='ltr'><strong>sunt</strong></span> <span class='ocrx_word' id='word_1_291' title='bbox 3030 1152 3285 1206; x_wconf 85' lang='lat' dir='ltr'><strong>Saraceni</strong></span> <span class='ocrx_word' id='word_1_292' title='bbox 3320 1150 3466 1221; x_wconf 87' lang='lat' dir='ltr'><strong>(cum</strong></span> 
     </span>
    </p>
   </div>
   <div class='ocr_carea' id='block_1_42' title="bbox 1900 1242 3474 1315">
    <p class='ocr_par' dir='ltr' id='par_1_42' title="bbox 1900 1242 3474 1315">
     <span class='ocr_line' id='line_1_42' title="bbox 1900 1242 3474 1315; baseline -0.006 -12"><span class='ocrx_word' id='word_1_293' title='bbox 1900 1249 2204 1303; x_wconf 89' lang='lat' dir='ltr'><strong>Saracenos</strong></span> <span class='ocrx_word' id='word_1_294' title='bbox 2261 1247 2403 1313; x_wconf 88' lang='lat' dir='ltr'><strong>dico,</strong></span> <span class='ocrx_word' id='word_1_295' title='bbox 2462 1246 2643 1299; x_wconf 88' lang='lat' dir='ltr'><strong>animo</strong></span> <span class='ocrx_word' id='word_1_296' title='bbox 2667 1244 3005 1315; x_wconf 84' lang='lat' dir='ltr'><strong>perpendite,</strong></span> <span class='ocrx_word' id='word_1_297' title='bbox 3038 1258 3071 1298; x_wconf 94' lang='lat' dir='ltr'><strong>o</strong></span> <span class='ocrx_word' id='word_1_298' title='bbox 3099 1243 3261 1309; x_wconf 75' lang='lat' dir='ltr'><strong>Medi,</strong></span> <span class='ocrx_word' id='word_1_299' title='bbox 3295 1242 3474 1311; x_wconf 79' lang='lat' dir='ltr'><strong>gentis</strong></span> 
     </span>
    </p>
   </div>
   <div class='ocr_carea' id='block_1_43' title="bbox 1900 1334 3472 1408">
    <p class='ocr_par' dir='ltr' id='par_1_43' title="bbox 1900 1334 3472 1408">
     <span class='ocr_line' id='line_1_43' title="bbox 1900 1334 3472 1408; baseline -0.004 -15"><span class='ocrx_word' id='word_1_300' title='bbox 1900 1340 2180 1408; x_wconf 86' lang='lat' dir='ltr'><strong>perlidiam</strong></span> <span class='ocrx_word' id='word_1_301' title='bbox 2213 1347 2267 1392; x_wconf 86' lang='lat' dir='ltr'><strong>et</strong></span> <span class='ocrx_word' id='word_1_302' title='bbox 2311 1336 2780 1408; x_wconf 88' lang='lat' dir='ltr'><strong>inconstantiam),</strong></span> <span class='ocrx_word' id='word_1_303' title='bbox 2811 1336 2950 1390; x_wconf 89' lang='lat' dir='ltr'><strong>dona</strong></span> <span class='ocrx_word' id='word_1_304' title='bbox 2982 1335 3201 1405; x_wconf 89' lang='lat' dir='ltr'><strong>quidem</strong></span> <span class='ocrx_word' id='word_1_305' title='bbox 3228 1334 3295 1387; x_wconf 89' lang='lat' dir='ltr'><strong>ah</strong></span> <span class='ocrx_word' id='word_1_306' title='bbox 3341 1334 3472 1401; x_wconf 87' lang='lat' dir='ltr'><strong>imp.</strong></span> 
     </span>
    </p>
   </div>
   <div class='ocr_carea' id='block_1_44' title="bbox 1898 1423 3476 1497">
    <p class='ocr_par' dir='ltr' id='par_1_44' title="bbox 1898 1423 3476 1497">
     <span class='ocr_line' id='line_1_44' title="bbox 1898 1423 3476 1497; baseline -0.004 -16"><span class='ocrx_word' id='word_1_307' title='bbox 1898 1427 2208 1481; x_wconf 71' lang='lat' dir='ltr'><strong>Instiniano</strong></span> <span class='ocrx_word' id='word_1_308' title='bbox 2261 1428 2512 1497; x_wconf 86' lang='lat' dir='ltr'><strong>accipere</strong></span> <span class='ocrx_word' id='word_1_309' title='bbox 2558 1434 2991 1489; x_wconf 85' lang='lat' dir='ltr'><strong>consueverant;</strong></span> <span class='ocrx_word' id='word_1_310' title='bbox 3040 1425 3147 1480; x_wconf 88' lang='lat' dir='ltr'><strong>sed</strong></span> <span class='ocrx_word' id='word_1_311' title='bbox 3185 1423 3299 1477; x_wconf 85' lang='lat' dir='ltr'><strong>haec</strong></span> <span class='ocrx_word' id='word_1_312' title='bbox 3347 1436 3476 1476; x_wconf 87' lang='lat' dir='ltr'><strong>eon-</strong></span> 
     </span>
    </p>
   </div>
   <div class='ocr_carea' id='block_1_45' title="bbox 1902 1512 3472 1586">
    <p class='ocr_par' dir='ltr' id='par_1_45' title="bbox 1902 1512 3472 1586">
     <span class='ocr_line' id='line_1_45' title="bbox 1902 1512 3472 1586; baseline -0.006 -13"><span class='ocrx_word' id='word_1_313' title='bbox 1902 1518 2129 1573; x_wconf 89' lang='lat' dir='ltr'><strong>suetudo</strong></span> <span class='ocrx_word' id='word_1_314' title='bbox 2162 1518 2484 1571; x_wconf 80' lang='lat' dir='ltr'><strong>liberalitate</strong></span> <span class='ocrx_word' id='word_1_315' title='bbox 2513 1518 2651 1585; x_wconf 89' lang='lat' dir='ltr'><strong>ejus,</strong></span> <span class='ocrx_word' id='word_1_316' title='bbox 2683 1516 2775 1586; x_wconf 81' lang='lat' dir='ltr'><strong>qui</strong></span> <span class='ocrx_word' id='word_1_317' title='bbox 2810 1516 3008 1581; x_wconf 76' lang='lat' dir='ltr'><strong>dabat,</strong></span> <span class='ocrx_word' id='word_1_318' title='bbox 3040 1514 3287 1568; x_wconf 75' lang='lat' dir='ltr'><strong>invaluit.</strong></span> <span class='ocrx_word' id='word_1_319' title='bbox 3342 1512 3472 1566; x_wconf 88' lang='lat' dir='ltr'><strong>Cum</strong></span> 
     </span>
    </p>
   </div>
   <div class='ocr_carea' id='block_1_46' title="bbox 1901 1605 3475 1679">
    <p class='ocr_par' dir='ltr' id='par_1_46' title="bbox 1901 1605 3475 1679">
     <span class='ocr_line' id='line_1_46' title="bbox 1901 1605 3475 1679; baseline -0.005 -15"><span class='ocrx_word' id='word_1_320' title='bbox 1901 1610 2046 1665; x_wconf 90' lang='lat' dir='ltr'><strong>enim</strong></span> <span class='ocrx_word' id='word_1_321' title='bbox 2071 1624 2203 1679; x_wconf 90' lang='lat' dir='ltr'><strong>pace</strong></span> <span class='ocrx_word' id='word_1_322' title='bbox 2234 1624 2562 1679; x_wconf 78' lang='lat' dir='ltr'><strong>magnopere</strong></span> <span class='ocrx_word' id='word_1_323' title='bbox 2611 1608 2908 1669; x_wconf 57' lang='lat' dir='ltr'><strong>laetaretur,</strong></span> <span class='ocrx_word' id='word_1_324' title='bbox 2945 1621 3006 1659; x_wconf 85' lang='lat' dir='ltr'><strong>se</strong></span> <span class='ocrx_word' id='word_1_325' title='bbox 3033 1620 3249 1673; x_wconf 86' lang='lat' dir='ltr'><strong>quoque</strong></span> <span class='ocrx_word' id='word_1_326' title='bbox 3281 1605 3475 1657; x_wconf 87' lang='lat' dir='ltr'><strong>libera—</strong></span> 
     </span>
    </p>
   </div>
   <div class='ocr_carea' id='block_1_47' title="bbox 1903 1698 3476 1772">
    <p class='ocr_par' dir='ltr' id='par_1_47' title="bbox 1903 1698 3476 1772">
     <span class='ocr_line' id='line_1_47' title="bbox 1903 1698 3476 1772; baseline -0.007 -15"><span class='ocrx_word' id='word_1_327' title='bbox 1903 1703 2006 1757; x_wconf 91' lang='lat' dir='ltr'><strong>lem</strong></span> <span class='ocrx_word' id='word_1_328' title='bbox 2042 1718 2168 1772; x_wconf 80' lang='lat' dir='ltr'><strong>erga</strong></span> <span class='ocrx_word' id='word_1_329' title='bbox 2201 1717 2316 1764; x_wconf 88' lang='lat' dir='ltr'><strong>eos,</strong></span> <span class='ocrx_word' id='word_1_330' title='bbox 2351 1717 2486 1771; x_wconf 91' lang='lat' dir='ltr'><strong>quos</strong></span> <span class='ocrx_word' id='word_1_331' title='bbox 2521 1715 2626 1755; x_wconf 88' lang='lat' dir='ltr'><strong>non</strong></span> <span class='ocrx_word' id='word_1_332' title='bbox 2651 1700 2955 1769; x_wconf 87' lang='lat' dir='ltr'><strong>oportebat,</strong></span> <span class='ocrx_word' id='word_1_333' title='bbox 2987 1698 3299 1759; x_wconf 77' lang='lat' dir='ltr'><strong>exhibebat,</strong></span> <span class='ocrx_word' id='word_1_334' title='bbox 3335 1706 3389 1750; x_wconf 90' lang='lat' dir='ltr'><strong>et</strong></span> <span class='ocrx_word' id='word_1_335' title='bbox 3412 1712 3476 1749; x_wconf 85' lang='lat' dir='ltr'><strong>co</strong></span> 
     </span>
    </p>
   </div>
   <div class='ocr_carea' id='block_1_48' title="bbox 1907 1788 3476 1864">
    <p class='ocr_par' dir='ltr' id='par_1_48' title="bbox 1907 1788 3476 1864">
     <span class='ocr_line' id='line_1_48' title="bbox 1907 1788 3476 1864; baseline -0.006 -15"><span class='ocrx_word' id='word_1_336' title='bbox 1907 1806 2149 1864; x_wconf 86' lang='lat' dir='ltr'><strong>tempore</strong></span> <span class='ocrx_word' id='word_1_337' title='bbox 2197 1793 2538 1848; x_wconf 89' lang='lat' dir='ltr'><strong>liberalitatis</strong></span> <span class='ocrx_word' id='word_1_338' title='bbox 2572 1792 2787 1846; x_wconf 93' lang='lat' dir='ltr'><strong>modum</strong></span> <span class='ocrx_word' id='word_1_339' title='bbox 2820 1800 3015 1860; x_wconf 90' lang='lat' dir='ltr'><strong>sponte</strong></span> <span class='ocrx_word' id='word_1_340' title='bbox 3048 1804 3165 1854; x_wconf 83' lang='lat' dir='ltr'><strong>sua,</strong></span> <span class='ocrx_word' id='word_1_341' title='bbox 3220 1803 3341 1841; x_wconf 88' lang='lat' dir='ltr'><strong>cum</strong></span> <span class='ocrx_word' id='word_1_342' title='bbox 3374 1788 3476 1839; x_wconf 91' lang='lat' dir='ltr'><strong>mi-</strong></span> 
     </span>
    </p>
   </div>
   <div class='ocr_carea' id='block_1_49' title="bbox 1904 1875 3474 1953">
    <p class='ocr_par' dir='ltr' id='par_1_49' title="bbox 1904 1875 3474 1953">
     <span class='ocr_line' id='line_1_49' title="bbox 1904 1875 3474 1953; baseline -0.005 -15"><span class='ocrx_word' id='word_1_343' title='bbox 1904 1886 2049 1938; x_wconf 88' lang='lat' dir='ltr'><strong>nime</strong></span> <span class='ocrx_word' id='word_1_344' title='bbox 2080 1900 2216 1953; x_wconf 82' lang='lat' dir='ltr'><strong>Opus</strong></span> <span class='ocrx_word' id='word_1_345' title='bbox 2246 1891 2381 1945; x_wconf 86' lang='lat' dir='ltr'><strong>erat,</strong></span> <span class='ocrx_word' id='word_1_346' title='bbox 2416 1882 2679 1937; x_wconf 85' lang='lat' dir='ltr'><strong>excedere</strong></span> <span class='ocrx_word' id='word_1_347' title='bbox 2716 1879 2923 1945; x_wconf 88' lang='lat' dir='ltr'><strong>maluit,</strong></span> <span class='ocrx_word' id='word_1_348' title='bbox 2953 1893 3115 1948; x_wconf 90' lang='lat' dir='ltr'><strong>quam</strong></span> <span class='ocrx_word' id='word_1_349' title='bbox 3171 1887 3227 1930; x_wconf 91' lang='lat' dir='ltr'><strong>ut</strong></span> <span class='ocrx_word' id='word_1_350' title='bbox 3253 1875 3474 1937; x_wconf 90' lang='lat' dir='ltr'><strong>invitus,</strong></span> 
     </span>
    </p>
   </div>
   <div class='ocr_carea' id='block_1_50' title="bbox 1903 1968 3473 2038">
    <p class='ocr_par' dir='ltr' id='par_1_50' title="bbox 1903 1968 3473 2038">
     <span class='ocr_line' id='line_1_50' title="bbox 1903 1968 3473 2038; baseline -0.006 -9"><span class='ocrx_word' id='word_1_351' title='bbox 1903 1976 1947 2029; x_wconf 92' lang='lat' dir='ltr'><strong>si</strong></span> <span class='ocrx_word' id='word_1_352' title='bbox 1973 1976 2154 2031; x_wconf 92' lang='lat' dir='ltr'><strong>dicere</strong></span> <span class='ocrx_word' id='word_1_353' title='bbox 2215 1974 2296 2029; x_wconf 84' lang='lat' dir='ltr'><strong>fas</strong></span> <span class='ocrx_word' id='word_1_354' title='bbox 2341 1983 2448 2038; x_wconf 92' lang='lat' dir='ltr'><strong>est,</strong></span> <span class='ocrx_word' id='word_1_355' title='bbox 2504 1972 2817 2028; x_wconf 78' lang='lat' dir='ltr'><strong>necessitati</strong></span> <span class='ocrx_word' id='word_1_356' title='bbox 2859 1986 3038 2025; x_wconf 84' lang='lat' dir='ltr'><strong>rerum</strong></span> <span class='ocrx_word' id='word_1_357' title='bbox 3074 1969 3310 2024; x_wconf 87' lang='lat' dir='ltr'><strong>cederet.</strong></span> <span class='ocrx_word' id='word_1_358' title='bbox 3368 1968 3473 2021; x_wconf 85' lang='lat' dir='ltr'><strong>Sed</strong></span> 
     </span>
    </p>
   </div>
   <div class='ocr_carea' id='block_1_51' title="bbox 1906 2061 3474 2135">
    <p class='ocr_par' dir='ltr' id='par_1_51' title="bbox 1906 2061 3474 2135">
     <span class='ocr_line' id='line_1_51' title="bbox 1906 2061 3474 2135; baseline -0.004 -16"><span class='ocrx_word' id='word_1_359' title='bbox 1906 2066 2406 2121; x_wconf 81' lang='lat' dir='ltr'><strong>manifestissimum</strong></span> <span class='ocrx_word' id='word_1_360' title='bbox 2440 2072 2818 2135; x_wconf 68' lang='lat' dir='ltr'><strong>argumentum</strong></span> <span class='ocrx_word' id='word_1_361' title='bbox 2853 2063 2968 2132; x_wconf 86' lang='lat' dir='ltr'><strong>ejus</strong></span> <span class='ocrx_word' id='word_1_362' title='bbox 3006 2062 3102 2127; x_wconf 88' lang='lat' dir='ltr'><strong>rei,</strong></span> <span class='ocrx_word' id='word_1_363' title='bbox 3135 2061 3277 2130; x_wconf 91' lang='lat' dir='ltr'><strong>quod</strong></span> <span class='ocrx_word' id='word_1_364' title='bbox 3310 2074 3474 2129; x_wconf 89' lang='lat' dir='ltr'><strong>pecu-</strong></span> 
     </span>
    </p>
   </div>
   <div class='ocr_carea' id='block_1_52' title="bbox 1905 2152 3475 2219">
    <p class='ocr_par' dir='ltr' id='par_1_52' title="bbox 1905 2152 3475 2219">
     <span class='ocr_line' id='line_1_52' title="bbox 1905 2152 3475 2219; baseline -0.004 -7"><span class='ocrx_word' id='word_1_365' title='bbox 1905 2160 2024 2212; x_wconf 84' lang='lat' dir='ltr'><strong>nias</strong></span> <span class='ocrx_word' id='word_1_366' title='bbox 2052 2173 2157 2212; x_wconf 85' lang='lat' dir='ltr'><strong>non</strong></span> <span class='ocrx_word' id='word_1_367' title='bbox 2190 2173 2255 2212; x_wconf 89' lang='lat' dir='ltr'><strong>ex</strong></span> <span class='ocrx_word' id='word_1_368' title='bbox 2294 2158 2671 2219; x_wconf 87' lang='lat' dir='ltr'><strong>conventione,</strong></span> <span class='ocrx_word' id='word_1_369' title='bbox 2696 2164 2755 2210; x_wconf 93' lang='lat' dir='ltr'><strong>ut</strong></span> <span class='ocrx_word' id='word_1_370' title='bbox 2789 2155 2995 2216; x_wconf 87' lang='lat' dir='ltr'><strong>dicunt,</strong></span> <span class='ocrx_word' id='word_1_371' title='bbox 3017 2152 3109 2208; x_wconf 89' lang='lat' dir='ltr'><strong>sed</strong></span> <span class='ocrx_word' id='word_1_372' title='bbox 3146 2153 3289 2205; x_wconf 84' lang='lat' dir='ltr'><strong>dono</strong></span> <span class='ocrx_word' id='word_1_373' title='bbox 3317 2166 3475 2205; x_wconf 83' lang='lat' dir='ltr'><strong>acce-</strong></span> 
     </span>
    </p>
   </div>
   <div class='ocr_carea' id='block_1_53' title="bbox 1906 2244 3474 2319">
    <p class='ocr_par' dir='ltr' id='par_1_53' title="bbox 1906 2244 3474 2319">
     <span class='ocr_line' id='line_1_53' title="bbox 1906 2244 3474 2319; baseline -0.006 -16"><span class='ocrx_word' id='word_1_374' title='bbox 1906 2259 2119 2319; x_wconf 86' lang='lat' dir='ltr'><strong>perunt,</strong></span> <span class='ocrx_word' id='word_1_375' title='bbox 2170 2249 2299 2304; x_wconf 90' lang='lat' dir='ltr'><strong>illud</strong></span> <span class='ocrx_word' id='word_1_376' title='bbox 2346 2256 2450 2315; x_wconf 87' lang='lat' dir='ltr'><strong>est,</strong></span> <span class='ocrx_word' id='word_1_377' title='bbox 2486 2249 2629 2318; x_wconf 91' lang='lat' dir='ltr'><strong>quod</strong></span> <span class='ocrx_word' id='word_1_378' title='bbox 2673 2247 2748 2301; x_wconf 88' lang='lat' dir='ltr'><strong>illi</strong></span> <span class='ocrx_word' id='word_1_379' title='bbox 2801 2246 3038 2301; x_wconf 83' lang='lat' dir='ltr'><strong>vicissim</strong></span> <span class='ocrx_word' id='word_1_380' title='bbox 3093 2244 3474 2315; x_wconf 85' lang='lat' dir='ltr'><strong>imperatorem</strong></span> 
     </span>
    </p>
   </div>
   <div class='ocr_carea' id='block_1_54' title="bbox 1905 2335 3474 2406">
    <p class='ocr_par' dir='ltr' id='par_1_54' title="bbox 1905 2335 3474 2406">
     <span class='ocr_line' id='line_1_54' title="bbox 1905 2335 3474 2406; baseline -0.006 -11"><span class='ocrx_word' id='word_1_381' title='bbox 1905 2350 2153 2395; x_wconf 89' lang='lat' dir='ltr'><strong>nostrum</strong></span> <span class='ocrx_word' id='word_1_382' title='bbox 2202 2341 2518 2397; x_wconf 86' lang='lat' dir='ltr'><strong>muneribus</strong></span> <span class='ocrx_word' id='word_1_383' title='bbox 2574 2338 2883 2394; x_wconf 89' lang='lat' dir='ltr'><strong>coluerunt.</strong></span> <span class='ocrx_word' id='word_1_384' title='bbox 2915 2335 3101 2406; x_wconf 85' lang='lat' dir='ltr'><strong>Neque</strong></span> <span class='ocrx_word' id='word_1_385' title='bbox 3149 2349 3474 2404; x_wconf 89' lang='lat' dir='ltr'><strong>quemquam</strong></span> 
     </span>
    </p>
   </div>
   <div class='ocr_carea' id='block_1_55' title="bbox 1907 2426 3473 2501">
    <p class='ocr_par' dir='ltr' id='par_1_55' title="bbox 1907 2426 3473 2501">
     <span class='ocr_line' id='line_1_55' title="bbox 1907 2426 3473 2501; baseline -0.004 -15"><span class='ocrx_word' id='word_1_386' title='bbox 1907 2433 2024 2486; x_wconf 86' lang='lat' dir='ltr'><strong>istis</strong></span> <span class='ocrx_word' id='word_1_387' title='bbox 2052 2433 2518 2487; x_wconf 87' lang='lat' dir='ltr'><strong>contradicturum</strong></span> <span class='ocrx_word' id='word_1_388' title='bbox 2570 2440 2722 2501; x_wconf 88' lang='lat' dir='ltr'><strong>puto.</strong></span> <span class='ocrx_word' id='word_1_389' title='bbox 2774 2430 2976 2497; x_wconf 82' lang='lat' dir='ltr'><strong>Quodsi</strong></span> <span class='ocrx_word' id='word_1_390' title='bbox 3029 2426 3473 2488; x_wconf 84' lang='lat' dir='ltr'><strong>concederemus,</strong></span> 
     </span>
    </p>
   </div>
   <div class='ocr_carea' id='block_1_56' title="bbox 1906 2518 3477 2592">
    <p class='ocr_par' dir='ltr' id='par_1_56' title="bbox 1906 2518 3477 2592">
     <span class='ocr_line' id='line_1_56' title="bbox 1906 2518 3477 2592; baseline -0.005 -15"><span class='ocrx_word' id='word_1_391' title='bbox 1906 2524 2284 2592; x_wconf 88' lang='lat' dir='ltr'><strong>imperatorem</strong></span> <span class='ocrx_word' id='word_1_392' title='bbox 2333 2522 2700 2578; x_wconf 66' lang='lat' dir='ltr'><strong>Iustinianum</strong></span> <span class='ocrx_word' id='word_1_393' title='bbox 2746 2537 2812 2575; x_wconf 91' lang='lat' dir='ltr'><strong>ex</strong></span> <span class='ocrx_word' id='word_1_394' title='bbox 2860 2520 3221 2576; x_wconf 80' lang='lat' dir='ltr'><strong>conventione</strong></span> <span class='ocrx_word' id='word_1_395' title='bbox 3248 2518 3352 2572; x_wconf 91' lang='lat' dir='ltr'><strong>illis</strong></span> <span class='ocrx_word' id='word_1_396' title='bbox 3382 2532 3477 2584; x_wconf 89' lang='lat' dir='ltr'><strong>pe-</strong></span> 
     </span>
    </p>
   </div>
   <div class='ocr_carea' id='block_1_57' title="bbox 1904 2606 3475 2684">
    <p class='ocr_par' dir='ltr' id='par_1_57' title="bbox 1904 2606 3475 2684">
     <span class='ocr_line' id='line_1_57' title="bbox 1904 2606 3475 2684; baseline -0.004 -15"><span class='ocrx_word' id='word_1_397' title='bbox 1904 2616 2093 2670; x_wconf 84' lang='lat' dir='ltr'><strong>cunias</strong></span> <span class='ocrx_word' id='word_1_398' title='bbox 2142 2616 2416 2684; x_wconf 74' lang='lat' dir='ltr'><strong>largitum,</strong></span> <span class='ocrx_word' id='word_1_399' title='bbox 2476 2616 2591 2669; x_wconf 81' lang='lat' dir='ltr'><strong>ba-c</strong></span> <span class='ocrx_word' id='word_1_400' title='bbox 2638 2614 2926 2669; x_wconf 84' lang='lat' dir='ltr'><strong>conventio</strong></span> <span class='ocrx_word' id='word_1_401' title='bbox 2957 2613 3134 2682; x_wconf 84' lang='lat' dir='ltr'><strong>spatio</strong></span> <span class='ocrx_word' id='word_1_402' title='bbox 3166 2611 3290 2665; x_wconf 73' lang='lat' dir='ltr'><strong>vitae</strong></span> <span class='ocrx_word' id='word_1_403' title='bbox 3335 2606 3475 2677; x_wconf 87' lang='lat' dir='ltr'><strong>ejus,</strong></span> 
     </span>
    </p>
   </div>
   <div class='ocr_carea' id='block_1_58' title="bbox 1906 2702 3478 2777">
    <p class='ocr_par' dir='ltr' id='par_1_58' title="bbox 1906 2702 3478 2777">
     <span class='ocr_line' id='line_1_58' title="bbox 1906 2702 3478 2777; baseline -0.003 -20"><span class='ocrx_word' id='word_1_404' title='bbox 1906 2708 1996 2775; x_wconf 89' lang='lat' dir='ltr'><strong>qui</strong></span> <span class='ocrx_word' id='word_1_405' title='bbox 2028 2708 2283 2777; x_wconf 88' lang='lat' dir='ltr'><strong>pecunias</strong></span> <span class='ocrx_word' id='word_1_406' title='bbox 2312 2708 2568 2769; x_wconf 88' lang='lat' dir='ltr'><strong>solveret,</strong></span> <span class='ocrx_word' id='word_1_407' title='bbox 2622 2714 2778 2761; x_wconf 86' lang='lat' dir='ltr'><strong>esset‘</strong></span> <span class='ocrx_word' id='word_1_408' title='bbox 2813 2706 3098 2759; x_wconf 88' lang='lat' dir='ltr'><strong>terminata</strong></span> <span class='ocrx_word' id='word_1_409' title='bbox 3140 2702 3478 2756; x_wconf 31' lang='lat' dir='ltr'><strong>etacircum«</strong></span> 
     </span>
    </p>
   </div>
   <div class='ocr_carea' id='block_1_59' title="bbox 1906 2792 3473 2869">
    <p class='ocr_par' dir='ltr' id='par_1_59' title="bbox 1906 2792 3473 2869">
     <span class='ocr_line' id='line_1_59' title="bbox 1906 2792 3473 2869; baseline -0.004 -17"><span class='ocrx_word' id='word_1_410' title='bbox 1906 2800 2129 2869; x_wconf 84' lang='lat' dir='ltr'><strong>scripta,</strong></span> <span class='ocrx_word' id='word_1_411' title='bbox 2162 2808 2216 2855; x_wconf 91' lang='lat' dir='ltr'><strong>et</strong></span> <span class='ocrx_word' id='word_1_412' title='bbox 2272 2807 2446 2853; x_wconf 88' lang='lat' dir='ltr'><strong>morte</strong></span> <span class='ocrx_word' id='word_1_413' title='bbox 2488 2797 2605 2866; x_wconf 83' lang='lat' dir='ltr'><strong>ejus</strong></span> <span class='ocrx_word' id='word_1_414' title='bbox 2661 2797 2884 2851; x_wconf 88' lang='lat' dir='ltr'><strong>donatio</strong></span> <span class='ocrx_word' id='word_1_415' title='bbox 2937 2796 3096 2849; x_wconf 83' lang='lat' dir='ltr'><strong>finem</strong></span> <span class='ocrx_word' id='word_1_416' title='bbox 3154 2792 3473 2861; x_wconf 88' lang='lat' dir='ltr'><strong>accepisset.</strong></span> 
     </span>
    </p>
   </div>
   <div class='ocr_carea' id='block_1_60' title="bbox 1907 2884 3477 2960">
    <p class='ocr_par' dir='ltr' id='par_1_60' title="bbox 1907 2884 3477 2960">
     <span class='ocr_line' id='line_1_60' title="bbox 1907 2884 3477 2960; baseline -0.007 -15"><span class='ocrx_word' id='word_1_417' title='bbox 1907 2891 2092 2960; x_wconf 87' lang='lat' dir='ltr'><strong>Neque</strong></span> <span class='ocrx_word' id='word_1_418' title='bbox 2124 2892 2283 2945; x_wconf 86' lang='lat' dir='ltr'><strong>unius</strong></span> <span class='ocrx_word' id='word_1_419' title='bbox 2303 2889 2535 2945; x_wconf 84' lang='lat' dir='ltr'><strong>hominis</strong></span> <span class='ocrx_word' id='word_1_420' title='bbox 2564 2888 2981 2951; x_wconf 84' lang='lat' dir='ltr'><strong>consuetudine,</strong></span> <span class='ocrx_word' id='word_1_421' title='bbox 3010 2894 3103 2940; x_wconf 90' lang='lat' dir='ltr'><strong>aut</strong></span> <span class='ocrx_word' id='word_1_422' title='bbox 3125 2885 3238 2955; x_wconf 83' lang='lat' dir='ltr'><strong>lege</strong></span> <span class='ocrx_word' id='word_1_423' title='bbox 3258 2884 3477 2938; x_wconf 79' lang='lat' dir='ltr'><strong>minimc</strong></span> 
     </span>
    </p>
   </div>
   <div class='ocr_carea' id='block_1_61' title="bbox 1909 2976 3477 3052">
    <p class='ocr_par' dir='ltr' id='par_1_61' title="bbox 1909 2976 3477 3052">
     <span class='ocr_line' id='line_1_61' title="bbox 1909 2976 3477 3052; baseline -0.005 -15"><span class='ocrx_word' id='word_1_424' title='bbox 1909 2984 2025 3037; x_wconf 86' lang='lat' dir='ltr'><strong>utili</strong></span> <span class='ocrx_word' id='word_1_425' title='bbox 2066 2984 2206 3052; x_wconf 90' lang='lat' dir='ltr'><strong>(dico</strong></span> <span class='ocrx_word' id='word_1_426' title='bbox 2238 2990 2419 3035; x_wconf 89' lang='lat' dir='ltr'><strong>autem</strong></span> <span class='ocrx_word' id='word_1_427' title='bbox 2456 2989 2513 3033; x_wconf 92' lang='lat' dir='ltr'><strong>ut</strong></span> <span class='ocrx_word' id='word_1_428' title='bbox 2542 2978 2880 3048; x_wconf 88' lang='lat' dir='ltr'><strong>plurimum),</strong></span> <span class='ocrx_word' id='word_1_429' title='bbox 2931 2978 3057 3032; x_wconf 90' lang='lat' dir='ltr'><strong>licet</strong></span> <span class='ocrx_word' id='word_1_430' title='bbox 3099 2992 3191 3032; x_wconf 80' lang='lat' dir='ltr'><strong>rex</strong></span> <span class='ocrx_word' id='word_1_431' title='bbox 3225 2977 3340 3045; x_wconf 89' lang='lat' dir='ltr'><strong>ipse</strong></span> <span class='ocrx_word' id='word_1_432' title='bbox 3386 2976 3477 3040; x_wconf 83' lang='lat' dir='ltr'><strong>sit,</strong></span> 
     </span>
    </p>
   </div>
   <div class='ocr_carea' id='block_1_62' title="bbox 222 3064 1801 3148">
    <p class='ocr_par' dir='ltr' id='par_1_62' title="bbox 222 3064 1801 3148">
     <span class='ocr_line' id='line_1_62' title="bbox 222 3064 1801 3148; baseline 0.016 -33"><span class='ocrx_word' id='word_1_433' title='bbox 222 3064 279 3117; x_wconf 83' lang='grc' dir='ltr'>δὲ</span> <span class='ocrx_word' id='word_1_434' title='bbox 311 3066 399 3136; x_wconf 77' lang='grc' dir='ltr'><strong>(τὸ</strong></span> <span class='ocrx_word' id='word_1_435' title='bbox 435 3068 613 3139; x_wconf 84' lang='grc' dir='ltr'>πλέον)</span> <span class='ocrx_word' id='word_1_436' title='bbox 647 3073 741 3125; x_wconf 73' lang='grc' dir='ltr'><strong>καὶ</strong></span> <span class='ocrx_word' id='word_1_437' title='bbox 766 3074 912 3145; x_wconf 82' lang='grc' dir='ltr'>νόμῳ</span> <span class='ocrx_word' id='word_1_438' title='bbox 964 3078 1037 3147; x_wconf 80' lang='grc' dir='ltr'><strong>μὴ</strong></span> <span class='ocrx_word' id='word_1_439' title='bbox 1078 3079 1461 3148; x_wconf 81' lang='grc' dir='ltr'>λυσιτελοῦντι,</span> <span class='ocrx_word' id='word_1_440' title='bbox 1508 3086 1600 3138; x_wconf 79' lang='grc' dir='ltr'>καὶ</span> <span class='ocrx_word' id='word_1_441' title='bbox 1630 3064 1681 3139; x_wconf 76' lang='grc' dir='ltr'><strong>εί</strong></span> 
     </span>
    </p>
   </div>
   <div class='ocr_carea' id='block_1_63' title="bbox 1906 3064 3473 3148">
    <p class='ocr_par' dir='ltr' id='par_1_63' title="bbox 1914 3068 3473 3146">
     <span class='ocr_line' id='line_1_63' title="bbox 1914 3068 3473 3146; baseline -0.007 -17"><span class='ocrx_word' id='word_1_442' title='bbox 1914 3079 2002 3146; x_wconf 89' lang='lat' dir='ltr'><strong>qui</strong></span> <span class='ocrx_word' id='word_1_443' title='bbox 2032 3078 2170 3131; x_wconf 89' lang='lat' dir='ltr'><strong>banc</strong></span> <span class='ocrx_word' id='word_1_444' title='bbox 2195 3072 2640 3129; x_wconf 86' lang='lat' dir='ltr'><strong>consuetudinem</strong></span> <span class='ocrx_word' id='word_1_445' title='bbox 2664 3080 2759 3124; x_wconf 87' lang='lat' dir='ltr'><strong>aut</strong></span> <span class='ocrx_word' id='word_1_446' title='bbox 2781 3070 2949 3139; x_wconf 74' lang='lat' dir='ltr'><strong>legem</strong></span> <span class='ocrx_word' id='word_1_447' title='bbox 2977 3068 3341 3130; x_wconf 90' lang='lat' dir='ltr'><strong>constituerit,</strong></span> <span class='ocrx_word' id='word_1_448' title='bbox 3367 3077 3473 3123; x_wconf 84' lang='lat' dir='ltr'><strong>tota</strong></span> 
     </span>
    </p>
   </div>
   <div class='ocr_carea' id='block_1_64' title="bbox 226 3158 1801 3248">
    <p class='ocr_par' dir='ltr' id='par_1_64' title="bbox 226 3158 1801 3248">
     <span class='ocr_line' id='line_1_64' title="bbox 226 3158 1801 3248; baseline 0.017 -41"><span class='ocrx_word' id='word_1_449' title='bbox 226 3174 370 3248; x_wconf 70' lang='grc' dir='ltr'>(ρυκε</span> <span class='ocrx_word' id='word_1_450' title='bbox 401 3158 651 3227; x_wconf 82' lang='grc' dir='ltr'>βασιλεὺς</span> <span class='ocrx_word' id='word_1_451' title='bbox 673 3166 700 3216; x_wconf 98' lang='lat'><strong>6</strong></span> <span class='ocrx_word' id='word_1_452' title='bbox 731 3165 791 3217; x_wconf 87' lang='grc' dir='ltr'><strong>τὸ</strong></span> <span class='ocrx_word' id='word_1_453' title='bbox 816 3166 935 3230; x_wconf 74' lang='grc' dir='ltr'>ἔθος</span> <span class='ocrx_word' id='word_1_454' title='bbox 967 3170 1390 3244; x_wconf 74' lang='grc' dir='ltr'>ἰσχυροποιήσας</span> <span class='ocrx_word' id='word_1_455' title='bbox 1439 3176 1609 3246; x_wconf 72' lang='grc' dir='ltr'>ἤγουν</span> <span class='ocrx_word' id='word_1_456' title='bbox 1642 3196 1801 3248; x_wconf 87' lang='grc' dir='ltr'>νομο-</span> 
     </span>
    </p>
   </div>
   <div class='ocr_carea' id='block_1_65' title="bbox 226 3246 1803 3336">
    <p class='ocr_par' dir='ltr' id='par_1_65' title="bbox 226 3246 1803 3336">
     <span class='ocr_line' id='line_1_65' title="bbox 226 3246 1803 3336; baseline 0.015 -39"><span class='ocrx_word' id='word_1_457' title='bbox 226 3246 488 3315; x_wconf 85' lang='grc' dir='ltr'>θετήσας,</span> <span class='ocrx_word' id='word_1_458' title='bbox 539 3253 782 3307; x_wconf 78' lang='grc' dir='ltr'>πολιτεία</span> <span class='ocrx_word' id='word_1_459' title='bbox 839 3259 1369 3329; x_wconf 83' lang='grc' dir='ltr'>καταδικασθήσεταί</span> <span class='ocrx_word' id='word_1_460' title='bbox 1414 3282 1565 3317; x_wconf 89' lang='grc' dir='ltr'>ποτε.</span> <span class='ocrx_word' id='word_1_461' title='bbox 1610 3246 1803 3336; x_wconf 80' lang='grc' dir='ltr'>Ἡμεῖς</span> 
     </span>
    </p>
   </div>
   <div class='ocr_carea' id='block_1_66' title="bbox 226 3336 1805 3431">
    <p class='ocr_par' dir='ltr' id='par_1_66' title="bbox 226 3336 1805 3431">
     <span class='ocr_line' id='line_1_66' title="bbox 226 3336 1805 3431; baseline 0.016 -44"><span class='ocrx_word' id='word_1_462' title='bbox 226 3336 284 3388; x_wconf 71' lang='grc' dir='ltr'>δὲ</span> <span class='ocrx_word' id='word_1_463' title='bbox 314 3340 570 3394; x_wconf 79' lang='grc' dir='ltr'>τοσοῦτον</span> <span class='ocrx_word' id='word_1_464' title='bbox 603 3345 881 3415; x_wconf 78' lang='grc' dir='ltr'>ἀπέχομεν</span> <span class='ocrx_word' id='word_1_465' title='bbox 909 3351 1002 3403; x_wconf 78' lang='grc' dir='ltr'>τοῦ</span> <span class='ocrx_word' id='word_1_466' title='bbox 1025 3351 1225 3406; x_wconf 85' lang='grc' dir='ltr'>διδόναι</span> <span class='ocrx_word' id='word_1_467' title='bbox 1256 3372 1308 3406; x_wconf 87' lang='grc' dir='ltr'><strong>τι</strong></span> <span class='ocrx_word' id='word_1_468' title='bbox 1338 3356 1397 3408; x_wconf 76' lang='grc' dir='ltr'>τὸ</span> <span class='ocrx_word' id='word_1_469' title='bbox 1419 3356 1604 3411; x_wconf 85' lang='grc' dir='ltr'>λοιπὸν</span> <span class='ocrx_word' id='word_1_470' title='bbox 1628 3361 1805 3431; x_wconf 76' lang='grc' dir='ltr'>Σαρα-</span> 
     </span>
    </p>
   </div>
   <div class='ocr_carea' id='block_1_67' title="bbox 232 3432 1804 3525">
    <p class='ocr_par' dir='ltr' id='par_1_67' title="bbox 232 3432 1804 3525">
     <span class='ocr_line' id='line_1_67' title="bbox 232 3432 1804 3525; baseline 0.019 -48"><span class='ocrx_word' id='word_1_471' title='bbox 232 3432 436 3525; x_wconf 50' lang='grc' dir='ltr'>ῗηνοῖς,</span> <span class='ocrx_word' id='word_1_472' title='bbox 458 3434 688 3525; x_wconf 54' lang='grc' dir='ltr'>παθόσον</span> <span class='ocrx_word' id='word_1_473' title='bbox 718 3439 1093 3507; x_wconf 74' lang='grc' dir='ltr'>Ἰουστινιανὸς</span> <span class='ocrx_word' id='word_1_474' title='bbox 1111 3444 1208 3510; x_wconf 87' lang='grc' dir='ltr'><strong>μὲν</strong></span> <span class='ocrx_word' id='word_1_475' title='bbox 1229 3448 1319 3499; x_wconf 71' lang='grc' dir='ltr'>καὶ</span> <span class='ocrx_word' id='word_1_476' title='bbox 1351 3449 1487 3519; x_wconf 83' lang='grc' dir='ltr'>πρὸς</span> <span class='ocrx_word' id='word_1_477' title='bbox 1509 3453 1637 3514; x_wconf 81' lang='grc' dir='ltr'>τοὺς</span> <span class='ocrx_word' id='word_1_478' title='bbox 1662 3453 1804 3525; x_wconf 87' lang='grc' dir='ltr'>Βαρ-</span> 
     </span>
    </p>
   </div>
   <div class='ocr_carea' id='block_1_68' title="bbox 233 3517 1803 3613">
    <p class='ocr_par' dir='ltr' id='par_1_68' title="bbox 233 3517 1803 3613">
     <span class='ocr_line' id='line_1_68' title="bbox 233 3517 1803 3613; baseline 0.018 -47"><span class='ocrx_word' id='word_1_479' title='bbox 233 3517 434 3613; x_wconf 71' lang='grc' dir='ltr'>δάρους</span> <span class='ocrx_word' id='word_1_480' title='bbox 457 3522 787 3593; x_wconf 78' lang='grc' dir='ltr'>ἠπιώτατος,</span> <span class='ocrx_word' id='word_1_481' title='bbox 820 3532 846 3582; x_wconf 90' lang='lat'><strong>6</strong></span> <span class='ocrx_word' id='word_1_482' title='bbox 874 3531 931 3583; x_wconf 87' lang='grc' dir='ltr'>δὲ</span> <span class='ocrx_word' id='word_1_483' title='bbox 966 3533 1061 3586; x_wconf 81' lang='grc' dir='ltr'>νῦν</span> <span class='ocrx_word' id='word_1_484' title='bbox 1109 3517 1402 3605; x_wconf 82' lang='grc' dir='ltr'>Ῥωμαίων</span> <span class='ocrx_word' id='word_1_485' title='bbox 1440 3517 1803 3613; x_wconf 80' lang='grc' dir='ltr'>αὐτοκράτωρ</span> 
     </span>
    </p>
   </div>
   <div class='ocr_carea' id='block_1_69' title="bbox 235 3610 1804 3714">
    <p class='ocr_par' dir='ltr' id='par_1_69' title="bbox 235 3610 1804 3714">
     <span class='ocr_line' id='line_1_69' title="bbox 235 3610 1804 3714; baseline 0.02 -55"><span class='ocrx_word' id='word_1_486' title='bbox 235 3610 374 3714; x_wconf 67' lang='grc' dir='ltr'>πρὸς</span> <span class='ocrx_word' id='word_1_487' title='bbox 399 3613 609 3714; x_wconf 68' lang='grc' dir='ltr'>πάντας</span> <span class='ocrx_word' id='word_1_488' title='bbox 642 3615 781 3714; x_wconf 76' lang='grc' dir='ltr'>εἶναι</span> <span class='ocrx_word' id='word_1_489' title='bbox 819 3620 1071 3690; x_wconf 84' lang='grc' dir='ltr'>βούλεται</span> <span class='ocrx_word' id='word_1_490' title='bbox 1102 3628 1499 3700; x_wconf 78' lang='grc' dir='ltr'>φοϐερώτατος.</span> <span class='ocrx_word' id='word_1_491' title='bbox 1534 3636 1608 3687; x_wconf 85' lang='grc' dir='ltr'><strong>Οὐ</strong></span> <span class='ocrx_word' id='word_1_492' title='bbox 1630 3610 1804 3705; x_wconf 79' lang='grc' dir='ltr'>χρεὼν</span> 
     </span>
    </p>
   </div>
   <div class='ocr_carea' id='block_1_70' title="bbox 235 3703 1804 3807">
    <p class='ocr_par' dir='ltr' id='par_1_70' title="bbox 235 3703 1804 3807">
     <span class='ocr_line' id='line_1_70' title="bbox 235 3703 1804 3807; baseline 0.018 -56"><span class='ocrx_word' id='word_1_493' title='bbox 235 3703 330 3752; x_wconf 80' lang='grc' dir='ltr'><strong>οὑν</strong></span> <span class='ocrx_word' id='word_1_494' title='bbox 362 3703 537 3807; x_wconf 62' lang='grc' dir='ltr'>ταύτα</span> <span class='ocrx_word' id='word_1_495' title='bbox 575 3709 701 3773; x_wconf 83' lang='grc' dir='ltr'>τοὺς</span> <span class='ocrx_word' id='word_1_496' title='bbox 744 3712 1097 3784; x_wconf 79' lang='grc' dir='ltr'>Σαρακηνοὺς</span> <span class='ocrx_word' id='word_1_497' title='bbox 1140 3718 1500 3791; x_wconf 79' lang='grc' dir='ltr'>ὀνειροπολεῖν</span> <span class='ocrx_word' id='word_1_498' title='bbox 1526 3740 1539 3754; x_wconf 88' lang='grc'><strong>·</strong></span> <span class='ocrx_word' id='word_1_499' title='bbox 1573 3703 1804 3796; x_wconf 30' lang='grc' dir='ltr'>υύηγάρ</span> 
     </span>
    </p>
   </div>
   <div class='ocr_carea' id='block_1_71' title="bbox 233 3802 1806 3877">
    <p class='ocr_par' dir='ltr' id='par_1_71' title="bbox 233 3802 1806 3877">
     <span class='ocr_line' id='line_1_71' title="bbox 233 3802 1806 3877; baseline 0.018 -34"><span class='ocrx_word' id='word_1_500' title='bbox 233 3808 286 3844; x_wconf 79' lang='grc' dir='ltr'><strong>τι</strong></span> <span class='ocrx_word' id='word_1_501' title='bbox 326 3802 564 3851; x_wconf 81' lang='grc' dir='ltr'>τοιοῦτον</span> <span class='ocrx_word' id='word_1_502' title='bbox 593 3802 621 3852; x_wconf 87' lang='lat'><strong>6</strong></span> <span class='ocrx_word' id='word_1_503' title='bbox 648 3803 773 3855; x_wconf 75' lang='grc' dir='ltr'>καθ’</span> <span class='ocrx_word' id='word_1_504' title='bbox 799 3806 947 3874; x_wconf 80' lang='grc' dir='ltr'>ἡμᾶς</span> <span class='ocrx_word' id='word_1_505' title='bbox 974 3806 1228 3877; x_wconf 81' lang='grc' dir='ltr'>βασιλεὺς</span> <span class='ocrx_word' id='word_1_506' title='bbox 1253 3812 1427 3866; x_wconf 75' lang='grc' dir='ltr'>ἕλοιτο</span> <span class='ocrx_word' id='word_1_507' title='bbox 1472 3819 1667 3870; x_wconf 81' lang='grc' dir='ltr'>ποιεῖν.</span> <span class='ocrx_word' id='word_1_508' title='bbox 1702 3820 1806 3871; x_wconf 86' lang='grc' dir='ltr'><strong>Εὑ-</strong></span> 
     </span>
    </p>
   </div>
   <div class='ocr_carea' id='block_1_72' title="bbox 234 3884 1807 3975">
    <p class='ocr_par' dir='ltr' id='par_1_72' title="bbox 234 3884 1807 3975">
     <span class='ocr_line' id='line_1_72' title="bbox 234 3884 1807 3975; baseline 0.017 -40"><span class='ocrx_word' id='word_1_509' title='bbox 234 3884 364 3975; x_wconf 52' lang='grc' dir='ltr'>οιτδν</span> <span class='ocrx_word' id='word_1_510' title='bbox 397 3887 452 3940; x_wconf 82' lang='grc' dir='ltr'>δὲ</span> <span class='ocrx_word' id='word_1_511' title='bbox 477 3891 603 3959; x_wconf 83' lang='grc' dir='ltr'>ὑμῖν</span> <span class='ocrx_word' id='word_1_512' title='bbox 633 3893 680 3924; x_wconf 67' lang='grc'><strong>⁸⁸</strong></span> <span class='ocrx_word' id='word_1_513' title='bbox 713 3900 1000 3967; x_wconf 78' lang='grc' dir='ltr'>γενήσεται</span> <span class='ocrx_word' id='word_1_514' title='bbox 1027 3900 1088 3953; x_wconf 80' lang='grc' dir='ltr'>τὸ</span> <span class='ocrx_word' id='word_1_515' title='bbox 1113 3903 1213 3973; x_wconf 80' lang='grc' dir='ltr'><strong>τὴν</strong></span> <span class='ocrx_word' id='word_1_516' title='bbox 1248 3906 1472 3975; x_wconf 73' lang='grc' dir='ltr'>εἰρήνην</span> <span class='ocrx_word' id='word_1_517' title='bbox 1499 3907 1661 3961; x_wconf 79' lang='grc' dir='ltr'>αὐτὸν</span> <span class='ocrx_word' id='word_1_518' title='bbox 1690 3908 1807 3961; x_wconf 79' lang='grc' dir='ltr'>ἑθέ-</span> 
     </span>
    </p>
   </div>
   <div class='ocr_carea' id='block_1_73' title="bbox 235 3972 1808 4059">
    <p class='ocr_par' dir='ltr' id='par_1_73' title="bbox 235 3972 1808 4059">
     <span class='ocr_line' id='line_1_73' title="bbox 235 3972 1808 4059; baseline 0.015 -36"><span class='ocrx_word' id='word_1_519' title='bbox 235 3972 347 4026; x_wconf 82' lang='grc' dir='ltr'>λειν</span> <span class='ocrx_word' id='word_1_520' title='bbox 383 3978 681 4048; x_wconf 78' lang='grc' dir='ltr'>ἐρρῶσθαι,</span> <span class='ocrx_word' id='word_1_521' title='bbox 717 3986 813 4037; x_wconf 80' lang='grc' dir='ltr'>καὶ</span> <span class='ocrx_word' id='word_1_522' title='bbox 863 3986 936 4056; x_wconf 78' lang='grc' dir='ltr'>μὴ</span> <span class='ocrx_word' id='word_1_523' title='bbox 996 3972 1201 4043; x_wconf 82' lang='grc' dir='ltr'>οἴεσθαί</span> <span class='ocrx_word' id='word_1_524' title='bbox 1253 3972 1319 4059; x_wconf 86' lang='grc' dir='ltr'><strong>γε</strong></span> <span class='ocrx_word' id='word_1_525' title='bbox 1357 3972 1536 4045; x_wconf 19' lang='grc' dir='ltr'>Ϋαύτὸν</span> <span class='ocrx_word' id='word_1_526' title='bbox 1587 3994 1808 4047; x_wconf 82' lang='grc' dir='ltr'>ἔλαττον</span> 
     </span>
    </p>
   </div>
   <div class='ocr_carea' id='block_1_74' title="bbox 233 4063 1811 4155">
    <p class='ocr_par' dir='ltr' id='par_1_74' title="bbox 233 4063 1811 4155">
     <span class='ocr_line' id='line_1_74' title="bbox 233 4063 1811 4155; baseline 0.016 -41"><span class='ocrx_word' id='word_1_527' title='bbox 233 4063 377 4134; x_wconf 84' lang='grc' dir='ltr'>ἔχειν</span> <span class='ocrx_word' id='word_1_528' title='bbox 423 4069 728 4139; x_wconf 83' lang='grc' dir='ltr'>Ῥωμαίους</span> <span class='ocrx_word' id='word_1_529' title='bbox 778 4077 836 4128; x_wconf 84' lang='grc' dir='ltr'>ὲν</span> <span class='ocrx_word' id='word_1_530' title='bbox 872 4081 992 4143; x_wconf 87' lang='grc' dir='ltr'>ταῖς</span> <span class='ocrx_word' id='word_1_531' title='bbox 1026 4080 1127 4150; x_wconf 69' lang='grc' dir='ltr'><strong>ἤδη</strong></span> <span class='ocrx_word' id='word_1_532' title='bbox 1186 4085 1586 4155; x_wconf 81' lang='grc' dir='ltr'>γεγενημέναις</span> <span class='ocrx_word' id='word_1_533' title='bbox 1644 4103 1811 4139; x_wconf 89' lang='grc' dir='ltr'>σπον-</span> 
     </span>
    </p>
   </div>
   <div class='ocr_carea' id='block_1_75' title="bbox 235 4157 1809 4243">
    <p class='ocr_par' dir='ltr' id='par_1_75' title="bbox 235 4157 1809 4243">
     <span class='ocr_line' id='line_1_75' title="bbox 235 4157 1809 4243; baseline 0.017 -36"><span class='ocrx_word' id='word_1_534' title='bbox 235 4157 373 4221; x_wconf 83' lang='grc' dir='ltr'>δαῖς.</span> <span class='ocrx_word' id='word_1_535' title='bbox 411 4161 595 4235; x_wconf 84' lang='grc' dir='ltr'>Ταύτῃ</span> <span class='ocrx_word' id='word_1_536' title='bbox 616 4166 724 4236; x_wconf 84' lang='grc' dir='ltr'><strong>γάρ</strong></span> <span class='ocrx_word' id='word_1_537' title='bbox 754 4169 1001 4234; x_wconf 78' lang='grc' dir='ltr'>ἀνέξεται</span> <span class='ocrx_word' id='word_1_538' title='bbox 1048 4172 1123 4243; x_wconf 85' lang='grc' dir='ltr'>μὴ</span> <span class='ocrx_word' id='word_1_539' title='bbox 1162 4174 1301 4229; x_wconf 84' lang='grc' dir='ltr'>ὅπλα</span> <span class='ocrx_word' id='word_1_540' title='bbox 1351 4179 1541 4231; x_wconf 81' lang='grc' dir='ltr'>κινεῖν.</span> <span class='ocrx_word' id='word_1_541' title='bbox 1583 4196 1601 4229; x_wconf 75' lang='grc' dir='ltr'><strong>ι</strong></span> <span class='ocrx_word' id='word_1_542' title='bbox 1640 4171 1809 4242; x_wconf 75' lang='grc' dir='ltr'>Οὗτος</span> 
     </span>
    </p>
   </div>
   <div class='ocr_carea' id='block_1_76' title="bbox 241 4252 1808 4341">
    <p class='ocr_par' dir='ltr' id='par_1_76' title="bbox 241 4252 1808 4341">
     <span class='ocr_line' id='line_1_76' title="bbox 241 4252 1808 4341; baseline 0.013 -39"><span class='ocrx_word' id='word_1_543' title='bbox 241 4252 339 4319; x_wconf 82' lang='grc' dir='ltr'><strong>μὲν</strong></span> <span class='ocrx_word' id='word_1_544' title='bbox 364 4252 458 4305; x_wconf 75' lang='grc' dir='ltr'><strong>οὖν</strong></span> <span class='ocrx_word' id='word_1_545' title='bbox 483 4255 657 4321; x_wconf 78' lang='grc' dir='ltr'>οὕτως</span> <span class='ocrx_word' id='word_1_546' title='bbox 686 4259 856 4326; x_wconf 82' lang='grc' dir='ltr'>ἔλεξε.</span> <span class='ocrx_word' id='word_1_547' title='bbox 896 4264 1005 4316; x_wconf 75' lang='grc' dir='ltr'>Καὶ</span> <span class='ocrx_word' id='word_1_548' title='bbox 1038 4266 1165 4335; x_wconf 76' lang='grc' dir='ltr'>περὶ</span> <span class='ocrx_word' id='word_1_549' title='bbox 1202 4266 1300 4336; x_wconf 84' lang='grc' dir='ltr'>μὲν</span> <span class='ocrx_word' id='word_1_550' title='bbox 1335 4269 1442 4323; x_wconf 84' lang='grc' dir='ltr'><strong>τῶν</strong></span> <span class='ocrx_word' id='word_1_551' title='bbox 1476 4270 1808 4341; x_wconf 83' lang='grc' dir='ltr'>Σαρακηνῶν</span> 
     </span>
    </p>
   </div>
   <div class='ocr_carea' id='block_1_77' title="bbox 234 4344 1808 4433">
    <p class='ocr_par' dir='ltr' id='par_1_77' title="bbox 234 4344 1808 4433">
     <span class='ocr_line' id='line_1_77' title="bbox 234 4344 1808 4433; baseline 0.014 -38"><span class='ocrx_word' id='word_1_552' title='bbox 234 4345 295 4395; x_wconf 77' lang='grc' dir='ltr'>τὸ</span> <span class='ocrx_word' id='word_1_553' title='bbox 324 4344 511 4401; x_wconf 76' lang='grc' dir='ltr'>λοιπὸν</span> <span class='ocrx_word' id='word_1_554' title='bbox 541 4352 765 4422; x_wconf 83' lang='grc' dir='ltr'>οὐδεμία</span> <span class='ocrx_word' id='word_1_555' title='bbox 803 4372 891 4419; x_wconf 86' lang='grc' dir='ltr'><strong>τις</strong></span> <span class='ocrx_word' id='word_1_556' title='bbox 924 4358 1149 4428; x_wconf 75' lang='grc' dir='ltr'>ἐφέρετο</span> <span class='ocrx_word' id='word_1_557' title='bbox 1182 4360 1390 4430; x_wconf 86' lang='grc' dir='ltr'>μνήμη.</span> <span class='ocrx_word' id='word_1_558' title='bbox 1439 4360 1808 4433; x_wconf 71' lang='grc' dir='ltr'>Ἐπιτηρήσας</span> 
     </span>
    </p>
   </div>
   <div class='ocr_carea' id='block_1_78' title="bbox 1912 3158 3477 3236">
    <p class='ocr_par' dir='ltr' id='par_1_78' title="bbox 1912 3158 3477 3236">
     <span class='ocr_line' id='line_1_78' title="bbox 1912 3158 3477 3236; baseline -0.007 -15"><span class='ocrx_word' id='word_1_559' title='bbox 1912 3182 2044 3236; x_wconf 80' lang='lat' dir='ltr'><strong>gens</strong></span> <span class='ocrx_word' id='word_1_560' title='bbox 2073 3173 2162 3219; x_wconf 92' lang='lat' dir='ltr'><strong>aut</strong></span> <span class='ocrx_word' id='word_1_561' title='bbox 2215 3162 2519 3233; x_wconf 87' lang='lat' dir='ltr'><strong>respublica</strong></span> <span class='ocrx_word' id='word_1_562' title='bbox 2549 3161 2717 3215; x_wconf 90' lang='lat' dir='ltr'><strong>teneri</strong></span> <span class='ocrx_word' id='word_1_563' title='bbox 2746 3161 2927 3215; x_wconf 85' lang='lat' dir='ltr'><strong>debet.</strong></span> <span class='ocrx_word' id='word_1_564' title='bbox 2954 3158 3063 3213; x_wconf 90' lang='lat' dir='ltr'><strong>Nos</strong></span> <span class='ocrx_word' id='word_1_565' title='bbox 3091 3174 3220 3213; x_wconf 89' lang='lat' dir='ltr'><strong>vero</strong></span> <span class='ocrx_word' id='word_1_566' title='bbox 3256 3173 3321 3212; x_wconf 92' lang='lat' dir='ltr'><strong>eo</strong></span> <span class='ocrx_word' id='word_1_567' title='bbox 3351 3174 3477 3211; x_wconf 83' lang='lat' dir='ltr'><strong>ma-</strong></span> 
     </span>
    </p>
   </div>
   <div class='ocr_carea' id='block_1_79' title="bbox 1912 3250 3479 3329">
    <p class='ocr_par' dir='ltr' id='par_1_79' title="bbox 1912 3250 3479 3329">
     <span class='ocr_line' id='line_1_79' title="bbox 1912 3250 3479 3329; baseline -0.005 -17"><span class='ocrx_word' id='word_1_568' title='bbox 1912 3259 1993 3329; x_wconf 77' lang='lat' dir='ltr'><strong>gis</strong></span> <span class='ocrx_word' id='word_1_569' title='bbox 2020 3257 2191 3322; x_wconf 87' lang='lat' dir='ltr'><strong>abest,</strong></span> <span class='ocrx_word' id='word_1_570' title='bbox 2212 3266 2273 3310; x_wconf 88' lang='lat' dir='ltr'><strong>ut</strong></span> <span class='ocrx_word' id='word_1_571' title='bbox 2299 3256 2591 3325; x_wconf 89' lang='lat' dir='ltr'><strong>quidquam</strong></span> <span class='ocrx_word' id='word_1_572' title='bbox 2614 3253 2753 3307; x_wconf 91' lang='lat' dir='ltr'><strong>dono</strong></span> <span class='ocrx_word' id='word_1_573' title='bbox 2770 3252 2900 3306; x_wconf 85' lang='lat' dir='ltr'><strong>dare</strong></span> <span class='ocrx_word' id='word_1_574' title='bbox 2923 3250 3210 3306; x_wconf 86' lang='lat' dir='ltr'><strong>Saracenis</strong></span> <span class='ocrx_word' id='word_1_575' title='bbox 3232 3251 3479 3311; x_wconf 84' lang='lat' dir='ltr'><strong>velimus,</strong></span> 
     </span>
    </p>
   </div>
   <div class='ocr_carea' id='block_1_80' title="bbox 1912 3342 3477 3420">
    <p class='ocr_par' dir='ltr' id='par_1_80' title="bbox 1912 3342 3477 3420">
     <span class='ocr_line' id='line_1_80' title="bbox 1912 3342 3477 3420; baseline -0.004 -17"><span class='ocrx_word' id='word_1_576' title='bbox 1912 3350 2052 3420; x_wconf 91' lang='lat' dir='ltr'><strong>quod</strong></span> <span class='ocrx_word' id='word_1_577' title='bbox 2077 3357 2336 3418; x_wconf 91' lang='lat' dir='ltr'><strong>quantum</strong></span> <span class='ocrx_word' id='word_1_578' title='bbox 2369 3348 2662 3417; x_wconf 88' lang='lat' dir='ltr'><strong>imperator</strong></span> <span class='ocrx_word' id='word_1_579' title='bbox 2692 3343 3030 3400; x_wconf 77' lang='lat' dir='ltr'><strong>Justinianus</strong></span> <span class='ocrx_word' id='word_1_580' title='bbox 3058 3358 3184 3413; x_wconf 81' lang='lat' dir='ltr'><strong>erga</strong></span> <span class='ocrx_word' id='word_1_581' title='bbox 3211 3342 3477 3397; x_wconf 87' lang='lat' dir='ltr'><strong>Barbaros</strong></span> 
     </span>
    </p>
   </div>
   <div class='ocr_carea' id='block_1_81' title="bbox 1912 3430 3479 3508">
    <p class='ocr_par' dir='ltr' id='par_1_81' title="bbox 1912 3430 3479 3508">
     <span class='ocr_line' id='line_1_81' title="bbox 1912 3430 3479 3508; baseline -0.007 -14"><span class='ocrx_word' id='word_1_582' title='bbox 1912 3439 2171 3508; x_wconf 77' lang='lat' dir='ltr'><strong>benignus</strong></span> <span class='ocrx_word' id='word_1_583' title='bbox 2218 3446 2275 3493; x_wconf 94' lang='lat' dir='ltr'><strong>et</strong></span> <span class='ocrx_word' id='word_1_584' title='bbox 2333 3437 2611 3492; x_wconf 84' lang='lat' dir='ltr'><strong>beneﬁcus</strong></span> <span class='ocrx_word' id='word_1_585' title='bbox 2666 3434 2789 3498; x_wconf 85' lang='lat' dir='ltr'><strong>fuit,</strong></span> <span class='ocrx_word' id='word_1_586' title='bbox 2824 3436 2888 3500; x_wconf 92' lang='lat' dir='ltr'><strong>is,</strong></span> <span class='ocrx_word' id='word_1_587' title='bbox 2926 3434 3015 3502; x_wconf 92' lang='lat' dir='ltr'><strong>qui</strong></span> <span class='ocrx_word' id='word_1_588' title='bbox 3048 3448 3194 3487; x_wconf 90' lang='lat' dir='ltr'><strong>nunc</strong></span> <span class='ocrx_word' id='word_1_589' title='bbox 3221 3430 3479 3486; x_wconf 77' lang='lat' dir='ltr'><strong>Romanis</strong></span> 
     </span>
    </p>
   </div>
   <div class='ocr_carea' id='block_1_82' title="bbox 1915 3525 3482 3601">
    <p class='ocr_par' dir='ltr' id='par_1_82' title="bbox 1915 3525 3482 3601">
     <span class='ocr_line' id='line_1_82' title="bbox 1915 3525 3482 3601; baseline -0.007 -16"><span class='ocrx_word' id='word_1_590' title='bbox 1915 3531 2166 3601; x_wconf 89' lang='lat' dir='ltr'><strong>imperat,</strong></span> <span class='ocrx_word' id='word_1_591' title='bbox 2196 3537 2347 3584; x_wconf 88' lang='lat' dir='ltr'><strong>tanto</strong></span> <span class='ocrx_word' id='word_1_592' title='bbox 2378 3528 2560 3598; x_wconf 82' lang='lat' dir='ltr'><strong>magis</strong></span> <span class='ocrx_word' id='word_1_593' title='bbox 2601 3525 2886 3583; x_wconf 84' lang='lat' dir='ltr'><strong>constituit</strong></span> <span class='ocrx_word' id='word_1_594' title='bbox 2909 3540 2969 3580; x_wconf 90' lang='lat' dir='ltr'><strong>se</strong></span> <span class='ocrx_word' id='word_1_595' title='bbox 2992 3526 3205 3579; x_wconf 89' lang='lat' dir='ltr'><strong>cunctis</strong></span> <span class='ocrx_word' id='word_1_596' title='bbox 3238 3525 3482 3594; x_wconf 65' lang='lat' dir='ltr'><strong>praebere</strong></span> 
     </span>
    </p>
   </div>
   <div class='ocr_carea' id='block_1_83' title="bbox 1914 3614 3482 3692">
    <p class='ocr_par' dir='ltr' id='par_1_83' title="bbox 1914 3614 3482 3692">
     <span class='ocr_line' id='line_1_83' title="bbox 1914 3614 3482 3692; baseline -0.007 -14"><span class='ocrx_word' id='word_1_597' title='bbox 1914 3624 2339 3679; x_wconf 91' lang='lat' dir='ltr'><strong>formidandum.</strong></span> <span class='ocrx_word' id='word_1_598' title='bbox 2388 3622 2574 3692; x_wconf 87' lang='lat' dir='ltr'><strong>Itaque</strong></span> <span class='ocrx_word' id='word_1_599' title='bbox 2626 3634 2731 3692; x_wconf 84' lang='lat' dir='ltr'><strong>non</strong></span> <span class='ocrx_word' id='word_1_600' title='bbox 2763 3625 2977 3687; x_wconf 85' lang='lat' dir='ltr'><strong>oportet</strong></span> <span class='ocrx_word' id='word_1_601' title='bbox 3028 3614 3330 3672; x_wconf 90' lang='lat' dir='ltr'><strong>Saracenos</strong></span> <span class='ocrx_word' id='word_1_602' title='bbox 3368 3614 3482 3669; x_wconf 67' lang='lat' dir='ltr'><strong>haec</strong></span> 
     </span>
    </p>
   </div>
   <div class='ocr_carea' id='block_1_84' title="bbox 1914 3690 3482 3779">
    <p class='ocr_par' dir='ltr' id='par_1_84' title="bbox 1914 3690 3482 3779">
     <span class='ocr_line' id='line_1_84' title="bbox 1914 3690 3482 3779; baseline -0.009 -11"><span class='ocrx_word' id='word_1_603' title='bbox 1914 3714 2015 3768; x_wconf 82' lang='lat' dir='ltr'><strong>sibi</strong></span> <span class='ocrx_word' id='word_1_604' title='bbox 2046 3712 2254 3766; x_wconf 86' lang='lat' dir='ltr'><strong>somnia</strong></span> <span class='ocrx_word' id='word_1_605' title='bbox 2300 3711 2521 3779; x_wconf 79' lang='lat' dir='ltr'><strong>ﬁngere.</strong></span> <span class='ocrx_word' id='word_1_606' title='bbox 2550 3690 2834 3777; x_wconf 82' lang='lat' dir='ltr'><strong>Nunquam</strong></span> <span class='ocrx_word' id='word_1_607' title='bbox 2881 3708 3022 3762; x_wconf 91' lang='lat' dir='ltr'><strong>enim</strong></span> <span class='ocrx_word' id='word_1_608' title='bbox 3047 3706 3343 3776; x_wconf 88' lang='lat' dir='ltr'><strong>imperator</strong></span> <span class='ocrx_word' id='word_1_609' title='bbox 3370 3706 3482 3759; x_wconf 63' lang='lat' dir='ltr'><strong>hac</strong></span> 
     </span>
    </p>
   </div>
   <div class='ocr_carea' id='block_1_85' title="bbox 1916 3796 3476 3866">
    <p class='ocr_par' dir='ltr' id='par_1_85' title="bbox 1916 3796 3476 3866">
     <span class='ocr_line' id='line_1_85' title="bbox 1916 3796 3476 3866; baseline -0.007 -10"><span class='ocrx_word' id='word_1_610' title='bbox 1916 3802 2095 3857; x_wconf 86' lang='lat' dir='ltr'><strong>facere</strong></span> <span class='ocrx_word' id='word_1_611' title='bbox 2146 3800 2451 3855; x_wconf 90' lang='lat' dir='ltr'><strong>sustinebit.</strong></span> <span class='ocrx_word' id='word_1_612' title='bbox 2512 3797 2675 3853; x_wconf 83' lang='lat' dir='ltr'><strong>Vobis</strong></span> <span class='ocrx_word' id='word_1_613' title='bbox 2729 3806 2910 3852; x_wconf 91' lang='lat' dir='ltr'><strong>autem</strong></span> <span class='ocrx_word' id='word_1_614' title='bbox 2962 3796 3255 3866; x_wconf 83' lang='lat' dir='ltr'><strong>Optandum</strong></span> <span class='ocrx_word' id='word_1_615' title='bbox 3286 3804 3392 3857; x_wconf 92' lang='lat' dir='ltr'><strong>est,</strong></span> <span class='ocrx_word' id='word_1_616' title='bbox 3424 3808 3476 3846; x_wconf 79' lang='lat' dir='ltr'><strong>ut</strong></span> 
     </span>
    </p>
   </div>
   <div class='ocr_carea' id='block_1_86' title="bbox 1916 3887 3485 3963">
    <p class='ocr_par' dir='ltr' id='par_1_86' title="bbox 1916 3887 3485 3963">
     <span class='ocr_line' id='line_1_86' title="bbox 1916 3887 3485 3963; baseline -0.006 -18"><span class='ocrx_word' id='word_1_617' title='bbox 1916 3907 2100 3963; x_wconf 90' lang='lat' dir='ltr'><strong>pacem</strong></span> <span class='ocrx_word' id='word_1_618' title='bbox 2160 3904 2382 3944; x_wconf 88' lang='lat' dir='ltr'><strong>servare</strong></span> <span class='ocrx_word' id='word_1_619' title='bbox 2435 3889 2487 3942; x_wconf 91' lang='lat' dir='ltr'><strong>in</strong></span> <span class='ocrx_word' id='word_1_620' title='bbox 2542 3889 2784 3943; x_wconf 89' lang='lat' dir='ltr'><strong>animum</strong></span> <span class='ocrx_word' id='word_1_621' title='bbox 2836 3902 2993 3941; x_wconf 90' lang='lat' dir='ltr'><strong>suum</strong></span> <span class='ocrx_word' id='word_1_622' title='bbox 3030 3887 3271 3949; x_wconf 88' lang='lat' dir='ltr'><strong>inducat,</strong></span> <span class='ocrx_word' id='word_1_623' title='bbox 3308 3900 3485 3953; x_wconf 70' lang='lat' dir='ltr'><strong>neque</strong></span> 
     </span>
    </p>
   </div>
   <div class='ocr_carea' id='block_1_87' title="bbox 1914 3976 3479 4046">
    <p class='ocr_par' dir='ltr' id='par_1_87' title="bbox 1914 3976 3479 4046">
     <span class='ocr_line' id='line_1_87' title="bbox 1914 3976 3479 4046; baseline -0.006 -8"><span class='ocrx_word' id='word_1_624' title='bbox 1914 3984 2192 4039; x_wconf 86' lang='lat' dir='ltr'><strong>existimat</strong></span> <span class='ocrx_word' id='word_1_625' title='bbox 2233 3980 2495 4035; x_wconf 62' lang='lat' dir='ltr'><strong>foederum</strong></span> <span class='ocrx_word' id='word_1_626' title='bbox 2530 3976 2919 4033; x_wconf 88' lang='lat' dir='ltr'><strong>conventiones</strong></span> <span class='ocrx_word' id='word_1_627' title='bbox 2950 3977 3003 4031; x_wconf 92' lang='lat' dir='ltr'><strong>in</strong></span> <span class='ocrx_word' id='word_1_628' title='bbox 3041 3977 3226 4046; x_wconf 86' lang='lat' dir='ltr'><strong>aliqua</strong></span> <span class='ocrx_word' id='word_1_629' title='bbox 3285 3991 3342 4031; x_wconf 85' lang='lat' dir='ltr'><strong>re</strong></span> <span class='ocrx_word' id='word_1_630' title='bbox 3370 3976 3479 4030; x_wconf 89' lang='lat' dir='ltr'><strong>Ro-</strong></span> 
     </span>
    </p>
   </div>
   <div class='ocr_carea' id='block_1_88' title="bbox 1916 4068 3481 4142">
    <p class='ocr_par' dir='ltr' id='par_1_88' title="bbox 1916 4068 3481 4142">
     <span class='ocr_line' id='line_1_88' title="bbox 1916 4068 3481 4142; baseline -0.003 -14"><span class='ocrx_word' id='word_1_631' title='bbox 1916 4088 2199 4129; x_wconf 87' lang='lat' dir='ltr'><strong>manorum</strong></span> <span class='ocrx_word' id='word_1_632' title='bbox 2226 4072 2566 4142; x_wconf 89' lang='lat' dir='ltr'><strong>majestatem</strong></span> <span class='ocrx_word' id='word_1_633' title='bbox 2612 4070 2809 4124; x_wconf 70' lang='lat' dir='ltr'><strong>laadere</strong></span> <span class='ocrx_word' id='word_1_634' title='bbox 2830 4078 2887 4123; x_wconf 90' lang='lat' dir='ltr'><strong>et</strong></span> <span class='ocrx_word' id='word_1_635' title='bbox 2920 4068 3184 4125; x_wconf 89' lang='lat' dir='ltr'><strong>minuere.</strong></span> <span class='ocrx_word' id='word_1_636' title='bbox 3236 4068 3293 4123; x_wconf 88' lang='lat' dir='ltr'><strong>Si</strong></span> <span class='ocrx_word' id='word_1_637' title='bbox 3334 4070 3481 4125; x_wconf 89' lang='lat' dir='ltr'><strong>enim</strong></span> 
     </span>
    </p>
   </div>
   <div class='ocr_carea' id='block_1_89' title="bbox 1916 4160 3475 4232">
    <p class='ocr_par' dir='ltr' id='par_1_89' title="bbox 1916 4160 3475 4232">
     <span class='ocr_line' id='line_1_89' title="bbox 1916 4160 3475 4232; baseline -0.006 -10"><span class='ocrx_word' id='word_1_638' title='bbox 1916 4168 1967 4223; x_wconf 91' lang='lat' dir='ltr'><strong>id</strong></span> <span class='ocrx_word' id='word_1_639' title='bbox 1986 4166 2342 4232; x_wconf 81' lang='lat' dir='ltr'><strong>existimaret,</strong></span> <span class='ocrx_word' id='word_1_640' title='bbox 2370 4163 2438 4219; x_wconf 89' lang='lat' dir='ltr'><strong>ab</strong></span> <span class='ocrx_word' id='word_1_641' title='bbox 2454 4163 2622 4219; x_wconf 86' lang='lat' dir='ltr'><strong>armis</strong></span> <span class='ocrx_word' id='word_1_642' title='bbox 2645 4160 2941 4217; x_wconf 90' lang='lat' dir='ltr'><strong>inferendis</strong></span> <span class='ocrx_word' id='word_1_643' title='bbox 2965 4175 3071 4215; x_wconf 92' lang='lat' dir='ltr'><strong>non</strong></span> <span class='ocrx_word' id='word_1_644' title='bbox 3100 4160 3422 4217; x_wconf 80' lang='lat' dir='ltr'><strong>abstineret.</strong></span> <span class='ocrx_word' id='word_1_645' title='bbox 3456 4181 3475 4213; x_wconf 76' lang='grc' dir='ltr'><strong>ι</strong></span> 
     </span>
    </p>
   </div>
   <div class='ocr_carea' id='block_1_90' title="bbox 1914 4253 3485 4330">
    <p class='ocr_par' dir='ltr' id='par_1_90' title="bbox 1914 4253 3485 4330">
     <span class='ocr_line' id='line_1_90' title="bbox 1914 4253 3485 4330; baseline -0.007 -16"><span class='ocrx_word' id='word_1_646' title='bbox 1914 4261 2091 4330; x_wconf 86' lang='lat' dir='ltr'><strong>Atque</strong></span> <span class='ocrx_word' id='word_1_647' title='bbox 2124 4258 2213 4312; x_wconf 86' lang='lat' dir='ltr'><strong>hic</strong></span> <span class='ocrx_word' id='word_1_648' title='bbox 2241 4257 2307 4311; x_wconf 91' lang='lat' dir='ltr'><strong>ad</strong></span> <span class='ocrx_word' id='word_1_649' title='bbox 2334 4257 2475 4311; x_wconf 91' lang='lat' dir='ltr'><strong>bunc</strong></span> <span class='ocrx_word' id='word_1_650' title='bbox 2496 4256 2714 4309; x_wconf 92' lang='lat' dir='ltr'><strong>modum</strong></span> <span class='ocrx_word' id='word_1_651' title='bbox 2748 4262 2832 4309; x_wconf 89' lang='lat' dir='ltr'><strong>est</strong></span> <span class='ocrx_word' id='word_1_652' title='bbox 2864 4253 3301 4323; x_wconf 34' lang='lat' dir='ltr'><strong>locutus,.neque</strong></span> <span class='ocrx_word' id='word_1_653' title='bbox 3327 4255 3485 4309; x_wconf 84' lang='lat' dir='ltr'><strong>dein.</strong></span> 
     </span>
    </p>
   </div>
   <div class='ocr_carea' id='block_1_91' title="bbox 1915 4345 3477 4421">
    <p class='ocr_par' dir='ltr' id='par_1_91' title="bbox 1915 4345 3477 4421">
     <span class='ocr_line' id='line_1_91' title="bbox 1915 4345 3477 4421; baseline -0.004 -14"><span class='ocrx_word' id='word_1_654' title='bbox 1915 4366 2043 4421; x_wconf 91' lang='lat' dir='ltr'><strong>ceps</strong></span> <span class='ocrx_word' id='word_1_655' title='bbox 2070 4350 2175 4405; x_wconf 91' lang='lat' dir='ltr'><strong>ulla</strong></span> <span class='ocrx_word' id='word_1_656' title='bbox 2206 4348 2411 4403; x_wconf 86' lang='lat' dir='ltr'><strong>mentio</strong></span> <span class='ocrx_word' id='word_1_657' title='bbox 2444 4347 2511 4411; x_wconf 87' lang='lat' dir='ltr'><strong>de</strong></span> <span class='ocrx_word' id='word_1_658' title='bbox 2553 4346 2841 4403; x_wconf 87' lang='lat' dir='ltr'><strong>Saracenis</strong></span> <span class='ocrx_word' id='word_1_659' title='bbox 2866 4355 2951 4402; x_wconf 90' lang='lat' dir='ltr'><strong>est</strong></span> <span class='ocrx_word' id='word_1_660' title='bbox 2981 4345 3125 4401; x_wconf 79' lang='lat' dir='ltr'><strong>facta</strong></span> <span class='ocrx_word' id='word_1_661' title='bbox 3163 4364 3178 4401; x_wconf 89' lang='lat'><strong>:</strong></span> <span class='ocrx_word' id='word_1_662' title='bbox 3220 4346 3315 4402; x_wconf 89' lang='lat' dir='ltr'><strong>sed</strong></span> <span class='ocrx_word' id='word_1_663' title='bbox 3358 4361 3477 4401; x_wconf 80' lang='lat' dir='ltr'><strong>mox</strong></span> 
     </span>
    </p>
   </div>
   <div class='ocr_carea' id='block_1_92' title="bbox 234 4431 1801 4523">
    <p class='ocr_par' dir='ltr' id='par_1_92' title="bbox 234 4431 1801 4523">
     <span class='ocr_line' id='line_1_92' title="bbox 234 4431 1801 4523; baseline 0.012 -36"><span class='ocrx_word' id='word_1_664' title='bbox 234 4436 292 4488; x_wconf 70' lang='grc' dir='ltr'><strong>τὲ</strong></span> <span class='ocrx_word' id='word_1_665' title='bbox 316 4436 396 4506; x_wconf 83' lang='grc' dir='ltr'>τῷ</span> <span class='ocrx_word' id='word_1_666' title='bbox 420 4440 465 4470; x_wconf 81' lang='grc'><strong>⁵³</strong></span> <span class='ocrx_word' id='word_1_667' title='bbox 493 4440 669 4495; x_wconf 87' lang='grc' dir='ltr'>δοκεῖν</span> <span class='ocrx_word' id='word_1_668' title='bbox 706 4444 805 4496; x_wconf 77' lang='grc' dir='ltr'><strong>οὐκ</strong></span> <span class='ocrx_word' id='word_1_669' title='bbox 860 4447 1119 4516; x_wconf 83' lang='grc' dir='ltr'>ὲργωδῶς</span> <span class='ocrx_word' id='word_1_670' title='bbox 1163 4450 1309 4518; x_wconf 79' lang='grc' dir='ltr'>ἀμφὶ</span> <span class='ocrx_word' id='word_1_671' title='bbox 1349 4431 1801 4523; x_wconf 76' lang='grc' dir='ltr'>Σουανίαςάπέῤ-</span> 
     </span>
    </p>
   </div>
   <div class='ocr_carea' id='block_1_93' title="bbox 1906 4431 3482 4523">
    <p class='ocr_par' dir='ltr' id='par_1_93' title="bbox 1914 4439 3482 4510">
     <span class='ocr_line' id='line_1_93' title="bbox 1914 4439 3482 4510; baseline -0.007 -6"><span class='ocrx_word' id='word_1_672' title='bbox 1914 4445 2134 4503; x_wconf 89' lang='lat' dir='ltr'><strong>devenit</strong></span> <span class='ocrx_word' id='word_1_673' title='bbox 2168 4443 2221 4498; x_wconf 92' lang='lat' dir='ltr'><strong>in</strong></span> <span class='ocrx_word' id='word_1_674' title='bbox 2272 4455 2578 4499; x_wconf 88' lang='lat' dir='ltr'><strong>sermonem</strong></span> <span class='ocrx_word' id='word_1_675' title='bbox 2618 4440 2686 4495; x_wconf 89' lang='lat' dir='ltr'><strong>de</strong></span> <span class='ocrx_word' id='word_1_676' title='bbox 2717 4439 2971 4496; x_wconf 71' lang='lat' dir='ltr'><strong>Suania:</strong></span> <span class='ocrx_word' id='word_1_677' title='bbox 3002 4454 3123 4495; x_wconf 91' lang='lat' dir='ltr'><strong>eum</strong></span> <span class='ocrx_word' id='word_1_678' title='bbox 3157 4454 3482 4510; x_wconf 78' lang='lat' dir='ltr'><strong>magnopere</strong></span> 
     </span>
    </p>
   </div>
   <div class='ocr_carea' id='block_1_94' title="bbox 238 4531 1806 4616">
    <p class='ocr_par' dir='ltr' id='par_1_94' title="bbox 238 4531 1806 4616">
     <span class='ocr_line' id='line_1_94' title="bbox 238 4531 1806 4616; baseline 0.011 -34"><span class='ocrx_word' id='word_1_679' title='bbox 238 4532 362 4600; x_wconf 70' lang='grc' dir='ltr'><strong>ριψε</strong></span> <span class='ocrx_word' id='word_1_680' title='bbox 399 4531 606 4601; x_wconf 81' lang='grc' dir='ltr'>λόγους,</span> <span class='ocrx_word' id='word_1_681' title='bbox 633 4536 707 4600; x_wconf 85' lang='grc' dir='ltr'>ὡς</span> <span class='ocrx_word' id='word_1_682' title='bbox 737 4538 853 4591; x_wconf 89' lang='grc' dir='ltr'>δέον</span> <span class='ocrx_word' id='word_1_683' title='bbox 882 4540 986 4592; x_wconf 73' lang='grc' dir='ltr'>ὑπὸ</span> <span class='ocrx_word' id='word_1_684' title='bbox 1014 4540 1315 4610; x_wconf 87' lang='grc' dir='ltr'>Ῥωμαίους</span> <span class='ocrx_word' id='word_1_685' title='bbox 1338 4544 1506 4616; x_wconf 81' lang='grc' dir='ltr'>αὐτὴν</span> <span class='ocrx_word' id='word_1_686' title='bbox 1536 4545 1806 4599; x_wconf 79' lang='grc' dir='ltr'>καθεστά-</span> 
     </span>
    </p>
   </div>
   <div class='ocr_carea' id='block_1_95' title="bbox 235 4627 1806 4705">
    <p class='ocr_par' dir='ltr' id='par_1_95' title="bbox 235 4627 1806 4705">
     <span class='ocr_line' id='line_1_95' title="bbox 235 4627 1806 4705; baseline 0.01 -31"><span class='ocrx_word' id='word_1_687' title='bbox 235 4641 347 4690; x_wconf 88' lang='grc' dir='ltr'>ναι,</span> <span class='ocrx_word' id='word_1_688' title='bbox 381 4627 434 4678; x_wconf 83' lang='grc' dir='ltr'><strong>εῖ</strong></span> <span class='ocrx_word' id='word_1_689' title='bbox 457 4642 518 4693; x_wconf 89' lang='grc' dir='ltr'><strong>γε</strong></span> <span class='ocrx_word' id='word_1_690' title='bbox 546 4628 639 4679; x_wconf 80' lang='grc' dir='ltr'><strong>καὶ</strong></span> <span class='ocrx_word' id='word_1_691' title='bbox 672 4629 917 4695; x_wconf 78' lang='grc' dir='ltr'>Λαζικῆς</span> <span class='ocrx_word' id='word_1_692' title='bbox 968 4632 1295 4689; x_wconf 74' lang='grc' dir='ltr'>ἔπελάόοντο</span> <span class='ocrx_word' id='word_1_693' title='bbox 1324 4635 1673 4705; x_wconf 73' lang='grc' dir='ltr'>ἐννομώτατα</span> <span class='ocrx_word' id='word_1_694' title='bbox 1705 4637 1806 4689; x_wconf 81' lang='grc' dir='ltr'>αύ-</span> 
     </span>
    </p>
   </div>
   <div class='ocr_carea' id='block_1_96' title="bbox 232 4715 1806 4797">
    <p class='ocr_par' dir='ltr' id='par_1_96' title="bbox 232 4715 1806 4797">
     <span class='ocr_line' id='line_1_96' title="bbox 232 4715 1806 4797; baseline 0.009 -31"><span class='ocrx_word' id='word_1_695' title='bbox 232 4715 336 4768; x_wconf 85' lang='grc' dir='ltr'>τοί.</span> <span class='ocrx_word' id='word_1_696' title='bbox 374 4718 433 4769; x_wconf 87' lang='grc'><strong>’0</strong></span> <span class='ocrx_word' id='word_1_697' title='bbox 471 4717 528 4769; x_wconf 81' lang='grc' dir='ltr'>δὲ</span> <span class='ocrx_word' id='word_1_698' title='bbox 568 4720 793 4791; x_wconf 81' lang='grc' dir='ltr'>Περσῶν</span> <span class='ocrx_word' id='word_1_699' title='bbox 825 4721 1077 4791; x_wconf 81' lang='grc' dir='ltr'>βασιλεὺς</span> <span class='ocrx_word' id='word_1_700' title='bbox 1102 4726 1228 4787; x_wconf 75' lang='grc' dir='ltr'>τοὺς</span> <span class='ocrx_word' id='word_1_701' title='bbox 1258 4726 1383 4796; x_wconf 61' lang='grc' dir='ltr'><strong>περ)⁸</strong></span> <span class='ocrx_word' id='word_1_702' title='bbox 1414 4727 1676 4791; x_wconf 87' lang='grc' dir='ltr'>Σουανίας</span> <span class='ocrx_word' id='word_1_703' title='bbox 1707 4728 1806 4797; x_wconf 84' lang='grc' dir='ltr'>μὲν</span> 
     </span>
    </p>
   </div>
   <div class='ocr_carea' id='block_1_97' title="bbox 236 4806 1805 4888">
    <p class='ocr_par' dir='ltr' id='par_1_97' title="bbox 236 4806 1805 4888">
     <span class='ocr_line' id='line_1_97' title="bbox 236 4806 1805 4888; baseline 0.009 -30"><span class='ocrx_word' id='word_1_704' title='bbox 236 4806 427 4875; x_wconf 84' lang='grc' dir='ltr'>λόγους</span> <span class='ocrx_word' id='word_1_705' title='bbox 474 4809 618 4874; x_wconf 81' lang='grc' dir='ltr'>ἔδοξε</span> <span class='ocrx_word' id='word_1_706' title='bbox 679 4814 1102 4883; x_wconf 84' lang='grc' dir='ltr'>παραδέχεσθαι,</span> <span class='ocrx_word' id='word_1_707' title='bbox 1146 4815 1343 4885; x_wconf 81' lang='grc' dir='ltr'>χρῆναι</span> <span class='ocrx_word' id='word_1_708' title='bbox 1387 4817 1442 4869; x_wconf 82' lang='grc' dir='ltr'>δὲ</span> <span class='ocrx_word' id='word_1_709' title='bbox 1493 4819 1655 4871; x_wconf 73' lang='grc' dir='ltr'>αὑτὸν</span> <span class='ocrx_word' id='word_1_710' title='bbox 1702 4820 1805 4888; x_wconf 80' lang='grc' dir='ltr'>ἔφη</span> 
     </span>
    </p>
   </div>
   <div class='ocr_carea' id='block_1_98' title="bbox 236 4899 1809 4978">
    <p class='ocr_par' dir='ltr' id='par_1_98' title="bbox 236 4899 1809 4978">
     <span class='ocr_line' id='line_1_98' title="bbox 236 4899 1809 4978; baseline 0.009 -29"><span class='ocrx_word' id='word_1_711' title='bbox 236 4899 604 4977; x_wconf 79' lang='grc' dir='ltr'>περὶταύτης</span> <span class='ocrx_word' id='word_1_712' title='bbox 640 4904 756 4972; x_wconf 76' lang='grc' dir='ltr'><strong>ἅμα</strong></span> <span class='ocrx_word' id='word_1_713' title='bbox 783 4907 895 4967; x_wconf 85' lang='grc' dir='ltr'>τοῖς</span> <span class='ocrx_word' id='word_1_714' title='bbox 928 4906 985 4957; x_wconf 84' lang='grc' dir='ltr'>ὲν</span> <span class='ocrx_word' id='word_1_715' title='bbox 1011 4904 1155 4957; x_wconf 85' lang='grc' dir='ltr'>τέλει</span> <span class='ocrx_word' id='word_1_716' title='bbox 1203 4906 1310 4958; x_wconf 86' lang='grc' dir='ltr'>τῶν</span> <span class='ocrx_word' id='word_1_717' title='bbox 1346 4908 1545 4977; x_wconf 83' lang='grc' dir='ltr'>Μήδων</span> <span class='ocrx_word' id='word_1_718' title='bbox 1592 4909 1809 4978; x_wconf 88' lang='grc' dir='ltr'>βουλεύ-</span> 
     </span>
    </p>
   </div>
   <div class='ocr_carea' id='block_1_99' title="bbox 238 4991 1801 5070">
    <p class='ocr_par' dir='ltr' id='par_1_99' title="bbox 238 4991 1801 5070">
     <span class='ocr_line' id='line_1_99' title="bbox 238 4991 1801 5070; baseline 0.007 -28"><span class='ocrx_word' id='word_1_719' title='bbox 238 4991 457 5044; x_wconf 83' lang='grc' dir='ltr'>σασθαι.</span> <span class='ocrx_word' id='word_1_720' title='bbox 493 4994 647 5047; x_wconf 80' lang='grc' dir='ltr'>Μετά</span> <span class='ocrx_word' id='word_1_721' title='bbox 683 4994 854 5047; x_wconf 79' lang='grc' dir='ltr'>ταῦτα</span> <span class='ocrx_word' id='word_1_722' title='bbox 883 4998 910 5048; x_wconf 94' lang='lat'><strong>6</strong></span> <span class='ocrx_word' id='word_1_723' title='bbox 953 4996 1204 5068; x_wconf 85' lang='grc' dir='ltr'>Ἰωάννης</span> <span class='ocrx_word' id='word_1_724' title='bbox 1250 4997 1441 5067; x_wconf 90' lang='grc' dir='ltr'>λόγους</span> <span class='ocrx_word' id='word_1_725' title='bbox 1486 5002 1801 5070; x_wconf 83' lang='grc' dir='ltr'>προσήγαγε</span> 
     </span>
    </p>
   </div>
   <div class='ocr_carea' id='block_1_100' title="bbox 233 5083 1805 5159">
    <p class='ocr_par' dir='ltr' id='par_1_100' title="bbox 233 5083 1805 5159">
     <span class='ocr_line' id='line_1_100' title="bbox 233 5083 1805 5159; baseline 0.004 -25"><span class='ocrx_word' id='word_1_726' title='bbox 233 5083 311 5151; x_wconf 81' lang='grc' dir='ltr'><strong>τῷ</strong></span> <span class='ocrx_word' id='word_1_727' title='bbox 351 5086 449 5153; x_wconf 71' lang='grc' dir='ltr'><strong>Ζὶχ</strong></span> <span class='ocrx_word' id='word_1_728' title='bbox 472 5085 550 5154; x_wconf 86' lang='grc' dir='ltr'>τῷ</span> <span class='ocrx_word' id='word_1_729' title='bbox 583 5087 675 5138; x_wconf 76' lang='grc' dir='ltr'><strong>καὶ</strong></span> <span class='ocrx_word' id='word_1_730' title='bbox 718 5085 1149 5156; x_wconf 71' lang='grc' dir='ltr'>Ἰεσδεγουσνὰφ,</span> <span class='ocrx_word' id='word_1_731' title='bbox 1194 5089 1287 5141; x_wconf 74' lang='grc' dir='ltr'>καὶ</span> <span class='ocrx_word' id='word_1_732' title='bbox 1334 5090 1431 5159; x_wconf 84' lang='grc' dir='ltr'><strong>μὲν</strong></span> <span class='ocrx_word' id='word_1_733' title='bbox 1469 5085 1562 5142; x_wconf 74' lang='grc' dir='ltr'><strong>οὖν</strong></span> <span class='ocrx_word' id='word_1_734' title='bbox 1598 5090 1805 5158; x_wconf 80' lang='grc' dir='ltr'>ἑτέροις</span> 
     </span>
    </p>
   </div>
   <div class='ocr_carea' id='block_1_101' title="bbox 234 5173 1802 5249">
    <p class='ocr_par' dir='ltr' id='par_1_101' title="bbox 234 5173 1802 5249">
     <span class='ocr_line' id='line_1_101' title="bbox 234 5173 1802 5249; baseline 0.005 -25"><span class='ocrx_word' id='word_1_735' title='bbox 234 5176 344 5227; x_wconf 70' lang='grc' dir='ltr'>τισὶ</span> <span class='ocrx_word' id='word_1_736' title='bbox 383 5173 493 5225; x_wconf 84' lang='grc' dir='ltr'>τῶν</span> <span class='ocrx_word' id='word_1_737' title='bbox 532 5175 683 5245; x_wconf 85' lang='grc' dir='ltr'><strong>παρά</strong></span> <span class='ocrx_word' id='word_1_738' title='bbox 741 5178 979 5247; x_wconf 80' lang='grc' dir='ltr'>Πέρσαις</span> <span class='ocrx_word' id='word_1_739' title='bbox 1028 5180 1335 5249; x_wconf 77' lang='grc' dir='ltr'>ἡγεμόνων.</span> <span class='ocrx_word' id='word_1_740' title='bbox 1381 5181 1443 5233; x_wconf 85' lang='grc' dir='ltr'><strong>Οἱ</strong></span> <span class='ocrx_word' id='word_1_741' title='bbox 1494 5180 1549 5232; x_wconf 85' lang='grc' dir='ltr'><strong>δὲ</strong></span> <span class='ocrx_word' id='word_1_742' title='bbox 1594 5179 1802 5243; x_wconf 83' lang='grc' dir='ltr'>ἔλεξαν,</span> 
     </span>
    </p>
   </div>
   <div class='ocr_carea' id='block_1_102' title="bbox 233 5266 1805 5350">
    <p class='ocr_par' dir='ltr' id='par_1_102' title="bbox 233 5266 1805 5350">
     <span class='ocr_line' id='line_1_102' title="bbox 233 5266 1805 5350; baseline 0.005 -33"><span class='ocrx_word' id='word_1_743' title='bbox 233 5266 311 5328; x_wconf 84' lang='grc' dir='ltr'>ὡς</span> <span class='ocrx_word' id='word_1_744' title='bbox 339 5268 663 5336; x_wconf 66' lang='grc' dir='ltr'>ἔτουμότατα</span> <span class='ocrx_word' id='word_1_745' title='bbox 705 5269 878 5339; x_wconf 86' lang='grc' dir='ltr'>ἔχοιεν</span> <span class='ocrx_word' id='word_1_746' title='bbox 930 5272 1191 5350; x_wconf 71' lang='grc' dir='ltr'>Σουανίας</span> <span class='ocrx_word' id='word_1_747' title='bbox 1237 5272 1637 5343; x_wconf 82' lang='grc' dir='ltr'>παραχωρῆσαι</span> <span class='ocrx_word' id='word_1_748' title='bbox 1672 5271 1805 5325; x_wconf 81' lang='grc' dir='ltr'><strong>Ῥω-</strong></span> 
     </span>
    </p>
   </div>
   <div class='ocr_carea' id='block_1_103' title="bbox 238 5355 1805 5434">
    <p class='ocr_par' dir='ltr' id='par_1_103' title="bbox 238 5355 1805 5434">
     <span class='ocr_line' id='line_1_103' title="bbox 238 5355 1805 5434; baseline 0.004 -25"><span class='ocrx_word' id='word_1_749' title='bbox 238 5359 441 5427; x_wconf 85' lang='grc' dir='ltr'>μαίοις,</span> <span class='ocrx_word' id='word_1_750' title='bbox 491 5358 632 5412; x_wconf 70' lang='grc' dir='ltr'>οὔτω</span> <span class='ocrx_word' id='word_1_751' title='bbox 677 5360 859 5430; x_wconf 89' lang='grc' dir='ltr'>μέντοι</span> <span class='ocrx_word' id='word_1_752' title='bbox 908 5362 994 5431; x_wconf 73' lang='grc' dir='ltr'><strong>ἐφ’</strong></span> <span class='ocrx_word' id='word_1_753' title='bbox 1021 5355 1066 5430; x_wconf 81' lang='grc' dir='ltr'><strong>ᾧ</strong></span> <span class='ocrx_word' id='word_1_754' title='bbox 1109 5364 1371 5434; x_wconf 83' lang='grc' dir='ltr'>χρήματα</span> <span class='ocrx_word' id='word_1_755' title='bbox 1417 5364 1681 5434; x_wconf 75' lang='grc' dir='ltr'>λήψεσθαι</span> <span class='ocrx_word' id='word_1_756' title='bbox 1710 5364 1805 5416; x_wconf 74' lang='grc' dir='ltr'><strong>καὶ</strong></span> 
     </span>
    </p>
   </div>
   <div class='ocr_carea' id='block_1_104' title="bbox 1916 4528 3485 4601">
    <p class='ocr_par' dir='ltr' id='par_1_104' title="bbox 1916 4528 3485 4601">
     <span class='ocr_line' id='line_1_104' title="bbox 1916 4528 3485 4601; baseline -0.004 -11"><span class='ocrx_word' id='word_1_757' title='bbox 1916 4536 2170 4599; x_wconf 91' lang='lat' dir='ltr'><strong>cavisset,</strong></span> <span class='ocrx_word' id='word_1_758' title='bbox 2198 4548 2264 4587; x_wconf 82' lang='lat' dir='ltr'><strong>ne</strong></span> <span class='ocrx_word' id='word_1_759' title='bbox 2300 4532 2350 4588; x_wconf 86' lang='lat' dir='ltr'><strong>id</strong></span> <span class='ocrx_word' id='word_1_760' title='bbox 2396 4534 2461 4587; x_wconf 93' lang='lat' dir='ltr'><strong>de</strong></span> <span class='ocrx_word' id='word_1_761' title='bbox 2492 4528 2963 4586; x_wconf 76' lang='lat' dir='ltr'><strong>industriafaeere</strong></span> <span class='ocrx_word' id='word_1_762' title='bbox 2991 4531 3286 4595; x_wconf 87' lang='lat' dir='ltr'><strong>videretur,</strong></span> <span class='ocrx_word' id='word_1_763' title='bbox 3312 4545 3485 4601; x_wconf 78' lang='lat' dir='ltr'><strong>quan-</strong></span> 
     </span>
    </p>
   </div>
   <div class='ocr_carea' id='block_1_105' title="bbox 1912 4622 3479 4698">
    <p class='ocr_par' dir='ltr' id='par_1_105' title="bbox 1912 4622 3479 4698">
     <span class='ocr_line' id='line_1_105' title="bbox 1912 4622 3479 4698; baseline -0.006 -15"><span class='ocrx_word' id='word_1_764' title='bbox 1912 4627 2200 4698; x_wconf 92' lang='lat' dir='ltr'><strong>doquidem</strong></span> <span class='ocrx_word' id='word_1_765' title='bbox 2237 4624 2435 4679; x_wconf 87' lang='lat' dir='ltr'><strong>Lazica</strong></span> <span class='ocrx_word' id='word_1_766' title='bbox 2469 4623 2673 4693; x_wconf 83' lang='lat' dir='ltr'><strong>optimo</strong></span> <span class='ocrx_word' id='word_1_767' title='bbox 2718 4622 2840 4692; x_wconf 90' lang='lat' dir='ltr'><strong>jure</strong></span> <span class='ocrx_word' id='word_1_768' title='bbox 2881 4622 2987 4679; x_wconf 89' lang='lat' dir='ltr'><strong>illis</strong></span> <span class='ocrx_word' id='word_1_769' title='bbox 3029 4623 3276 4677; x_wconf 86' lang='lat' dir='ltr'><strong>restituta</strong></span> <span class='ocrx_word' id='word_1_770' title='bbox 3312 4631 3479 4682; x_wconf 85' lang='lat' dir='ltr'><strong>esset,</strong></span> 
     </span>
    </p>
   </div>
   <div class='ocr_carea' id='block_1_106' title="bbox 1911 4712 3476 4789">
    <p class='ocr_par' dir='ltr' id='par_1_106' title="bbox 1911 4712 3476 4789">
     <span class='ocr_line' id='line_1_106' title="bbox 1911 4712 3476 4789; baseline -0.004 -15"><span class='ocrx_word' id='word_1_771' title='bbox 1911 4728 2165 4789; x_wconf 86' lang='lat' dir='ltr'><strong>oportere</strong></span> <span class='ocrx_word' id='word_1_772' title='bbox 2192 4732 2407 4787; x_wconf 85' lang='lat' dir='ltr'><strong>quoque</strong></span> <span class='ocrx_word' id='word_1_773' title='bbox 2436 4716 2609 4786; x_wconf 89' lang='lat' dir='ltr'><strong>ipsam</strong></span> <span class='ocrx_word' id='word_1_774' title='bbox 2636 4716 2894 4770; x_wconf 89' lang='lat' dir='ltr'><strong>Suaniam</strong></span> <span class='ocrx_word' id='word_1_775' title='bbox 2922 4714 3285 4771; x_wconf 88' lang='lat' dir='ltr'><strong>Romanorum</strong></span> <span class='ocrx_word' id='word_1_776' title='bbox 3322 4712 3476 4785; x_wconf 80' lang='lat'><strong>151</strong></span> 
     </span>
    </p>
   </div>
   <div class='ocr_carea' id='block_1_107' title="bbox 1912 4807 3477 4881">
    <p class='ocr_par' dir='ltr' id='par_1_107' title="bbox 1912 4807 3477 4881">
     <span class='ocr_line' id='line_1_107' title="bbox 1912 4807 3477 4881; baseline -0.004 -17"><span class='ocrx_word' id='word_1_777' title='bbox 1912 4811 2163 4881; x_wconf 87' lang='lat' dir='ltr'><strong>potestati</strong></span> <span class='ocrx_word' id='word_1_778' title='bbox 2197 4809 2455 4879; x_wconf 90' lang='lat' dir='ltr'><strong>permitti.</strong></span> <span class='ocrx_word' id='word_1_779' title='bbox 2512 4808 2673 4861; x_wconf 82' lang='lat' dir='ltr'><strong>Visus</strong></span> <span class='ocrx_word' id='word_1_780' title='bbox 2700 4814 2783 4861; x_wconf 89' lang='lat' dir='ltr'><strong>est</strong></span> <span class='ocrx_word' id='word_1_781' title='bbox 2826 4817 3002 4860; x_wconf 90' lang='lat' dir='ltr'><strong>autem</strong></span> <span class='ocrx_word' id='word_1_782' title='bbox 3050 4807 3340 4861; x_wconf 87' lang='lat' dir='ltr'><strong>Persarum</strong></span> <span class='ocrx_word' id='word_1_783' title='bbox 3387 4822 3477 4859; x_wconf 84' lang='lat' dir='ltr'><strong>rex</strong></span> 
     </span>
    </p>
   </div>
   <div class='ocr_carea' id='block_1_108' title="bbox 1909 4895 3476 4964">
    <p class='ocr_par' dir='ltr' id='par_1_108' title="bbox 1909 4895 3476 4964">
     <span class='ocr_line' id='line_1_108' title="bbox 1909 4895 3476 4964; baseline -0.006 -9"><span class='ocrx_word' id='word_1_784' title='bbox 1909 4915 2190 4957; x_wconf 87' lang='lat' dir='ltr'><strong>sermones</strong></span> <span class='ocrx_word' id='word_1_785' title='bbox 2216 4899 2284 4953; x_wconf 89' lang='lat' dir='ltr'><strong>de</strong></span> <span class='ocrx_word' id='word_1_786' title='bbox 2314 4898 2513 4952; x_wconf 90' lang='lat' dir='ltr'><strong>Suania</strong></span> <span class='ocrx_word' id='word_1_787' title='bbox 2552 4896 2824 4964; x_wconf 77' lang='lat' dir='ltr'><strong>excipere,</strong></span> <span class='ocrx_word' id='word_1_788' title='bbox 2861 4904 2915 4949; x_wconf 92' lang='lat' dir='ltr'><strong>et</strong></span> <span class='ocrx_word' id='word_1_789' title='bbox 2932 4895 3033 4948; x_wconf 88' lang='lat' dir='ltr'><strong>sibi</strong></span> <span class='ocrx_word' id='word_1_790' title='bbox 3064 4896 3295 4964; x_wconf 88' lang='lat' dir='ltr'><strong>amplius</strong></span> <span class='ocrx_word' id='word_1_791' title='bbox 3326 4896 3389 4948; x_wconf 88' lang='lat' dir='ltr'><strong>de</strong></span> <span class='ocrx_word' id='word_1_792' title='bbox 3412 4908 3476 4947; x_wconf 74' lang='lat' dir='ltr'><strong>ea</strong></span> 
     </span>
    </p>
   </div>
   <div class='ocr_carea' id='block_1_109' title="bbox 1912 4984 3476 5060">
    <p class='ocr_par' dir='ltr' id='par_1_109' title="bbox 1912 4984 3476 5060">
     <span class='ocr_line' id='line_1_109' title="bbox 1912 4984 3476 5060; baseline -0.007 -13"><span class='ocrx_word' id='word_1_793' title='bbox 1912 5009 1971 5048; x_wconf 90' lang='lat' dir='ltr'><strong>re</strong></span> <span class='ocrx_word' id='word_1_794' title='bbox 2022 5008 2143 5046; x_wconf 84' lang='lat' dir='ltr'><strong>cum</strong></span> <span class='ocrx_word' id='word_1_795' title='bbox 2191 4988 2527 5060; x_wconf 85' lang='lat' dir='ltr'><strong>principibus</strong></span> <span class='ocrx_word' id='word_1_796' title='bbox 2558 4987 2835 5041; x_wconf 81' lang='lat' dir='ltr'><strong>Medorum</strong></span> <span class='ocrx_word' id='word_1_797' title='bbox 2871 4984 3280 5040; x_wconf 87' lang='lat' dir='ltr'><strong>deliberandum</strong></span> <span class='ocrx_word' id='word_1_798' title='bbox 3320 4984 3476 5038; x_wconf 74' lang='lat' dir='ltr'><strong>dixit.</strong></span> 
     </span>
    </p>
   </div>
   <div class='ocr_carea' id='block_1_110' title="bbox 1911 5075 3475 5150">
    <p class='ocr_par' dir='ltr' id='par_1_110' title="bbox 1911 5075 3475 5150">
     <span class='ocr_line' id='line_1_110' title="bbox 1911 5075 3475 5150; baseline -0.008 -10"><span class='ocrx_word' id='word_1_799' title='bbox 1911 5086 2021 5140; x_wconf 88' lang='lat' dir='ltr'><strong>Nec</strong></span> <span class='ocrx_word' id='word_1_800' title='bbox 2072 5083 2239 5137; x_wconf 90' lang='lat' dir='ltr'><strong>multo</strong></span> <span class='ocrx_word' id='word_1_801' title='bbox 2298 5089 2419 5150; x_wconf 88' lang='lat' dir='ltr'><strong>post</strong></span> <span class='ocrx_word' id='word_1_802' title='bbox 2478 5078 2714 5133; x_wconf 86' lang='lat' dir='ltr'><strong>Joannes</strong></span> <span class='ocrx_word' id='word_1_803' title='bbox 2750 5076 3094 5147; x_wconf 72' lang='lat' dir='ltr'><strong>colloquium</strong></span> <span class='ocrx_word' id='word_1_804' title='bbox 3125 5075 3311 5131; x_wconf 82' lang='lat' dir='ltr'><strong>habuit</strong></span> <span class='ocrx_word' id='word_1_805' title='bbox 3355 5090 3475 5129; x_wconf 82' lang='lat' dir='ltr'><strong>cum</strong></span> 
     </span>
    </p>
   </div>
   <div class='ocr_carea' id='block_1_111' title="bbox 1911 5168 3477 5246">
    <p class='ocr_par' dir='ltr' id='par_1_111' title="bbox 1911 5168 3477 5246">
     <span class='ocr_line' id='line_1_111' title="bbox 1911 5168 3477 5246; baseline -0.01 -12"><span class='ocrx_word' id='word_1_806' title='bbox 1911 5181 2096 5242; x_wconf 81' lang='lat' dir='ltr'><strong>Zicbo,</strong></span> <span class='ocrx_word' id='word_1_807' title='bbox 2152 5176 2241 5246; x_wconf 88' lang='lat' dir='ltr'><strong>qui</strong></span> <span class='ocrx_word' id='word_1_808' title='bbox 2301 5175 2464 5231; x_wconf 90' lang='lat' dir='ltr'><strong>etiam</strong></span> <span class='ocrx_word' id='word_1_809' title='bbox 2518 5171 2929 5241; x_wconf 77' lang='lat' dir='ltr'><strong>Iesdegusnapb-</strong></span> <span class='ocrx_word' id='word_1_810' title='bbox 2979 5168 3383 5235; x_wconf 87' lang='lat' dir='ltr'><strong>nominabatur,</strong></span> <span class='ocrx_word' id='word_1_811' title='bbox 3425 5178 3477 5220; x_wconf 78' lang='lat' dir='ltr'><strong>et</strong></span> 
     </span>
    </p>
   </div>
   <div class='ocr_carea' id='block_1_112' title="bbox 1912 5262 3472 5342">
    <p class='ocr_par' dir='ltr' id='par_1_112' title="bbox 1912 5262 3472 5342">
     <span class='ocr_line' id='line_1_112' title="bbox 1912 5262 3472 5342; baseline -0.012 -14"><span class='ocrx_word' id='word_1_812' title='bbox 1912 5274 2008 5330; x_wconf 92' lang='lat' dir='ltr'><strong>reli</strong></span> <span class='ocrx_word' id='word_1_813' title='bbox 2032 5274 2136 5342; x_wconf 70' lang='lat' dir='ltr'><strong>luis</strong></span> <span class='ocrx_word' id='word_1_814' title='bbox 2159 5272 2444 5325; x_wconf 83' lang='lat' dir='ltr'><strong>Persarum</strong></span> <span class='ocrx_word' id='word_1_815' title='bbox 2476 5267 2823 5337; x_wconf 74' lang='lat' dir='ltr'><strong>primoribus.</strong></span> <span class='ocrx_word' id='word_1_816' title='bbox 2854 5264 2932 5319; x_wconf 84' lang='lat' dir='ltr'><strong>illi</strong></span> <span class='ocrx_word' id='word_1_817' title='bbox 2961 5264 3176 5334; x_wconf 86' lang='lat' dir='ltr'><strong>quidem</strong></span> <span class='ocrx_word' id='word_1_818' title='bbox 3203 5262 3472 5325; x_wconf 82' lang='lat' dir='ltr'><strong>dixerunt,</strong></span> 
     </span>
    </p>
   </div>
   <div class='ocr_carea' id='block_1_113' title="bbox 1912 5353 3474 5431">
    <p class='ocr_par' dir='ltr' id='par_1_113' title="bbox 1912 5353 3474 5431">
     <span class='ocr_line' id='line_1_113' title="bbox 1912 5353 3474 5431; baseline -0.007 -17"><span class='ocrx_word' id='word_1_819' title='bbox 1912 5370 2130 5431; x_wconf 87' lang='lat' dir='ltr'><strong>paratos</strong></span> <span class='ocrx_word' id='word_1_820' title='bbox 2159 5375 2217 5415; x_wconf 89' lang='lat' dir='ltr'><strong>se</strong></span> <span class='ocrx_word' id='word_1_821' title='bbox 2245 5374 2365 5414; x_wconf 87' lang='lat' dir='ltr'><strong>esse</strong></span> <span class='ocrx_word' id='word_1_822' title='bbox 2397 5356 2656 5414; x_wconf 78' lang='lat' dir='ltr'><strong>Romanis</strong></span> <span class='ocrx_word' id='word_1_823' title='bbox 2700 5358 2896 5411; x_wconf 89' lang='lat' dir='ltr'><strong>cedere</strong></span> <span class='ocrx_word' id='word_1_824' title='bbox 2924 5354 3180 5411; x_wconf 83' lang='lat' dir='ltr'><strong>Suaniam</strong></span> <span class='ocrx_word' id='word_1_825' title='bbox 3222 5353 3323 5408; x_wconf 89' lang='lat' dir='ltr'><strong>hac</strong></span> <span class='ocrx_word' id='word_1_826' title='bbox 3343 5367 3474 5406; x_wconf 83' lang='lat' dir='ltr'><strong>cou-</strong></span> 
     </span>
    </p>
   </div>
   <div class='ocr_carea' id='block_1_114' title="bbox 1498 5472 2188 5532">
    <p class='ocr_par' dir='ltr' id='par_1_114' title="bbox 1498 5472 2188 5532">
     <span class='ocr_line' id='line_1_114' title="bbox 1498 5472 2188 5532; baseline 0 -3"><span class='ocrx_word' id='word_1_827' title='bbox 1498 5477 1730 5532; x_wconf 69' lang='lat' dir='ltr'><strong>VARIAS</strong></span> <span class='ocrx_word' id='word_1_828' title='bbox 1789 5472 2188 5531; x_wconf 80' lang='lat' dir='ltr'><strong>LECTIONES.</strong></span> 
     </span>
    </p>
   </div>
   <div class='ocr_carea' id='block_1_115' title="bbox 310 5581 3008 5662">
    <p class='ocr_par' dir='ltr' id='par_1_115' title="bbox 310 5581 3008 5662">
     <span class='ocr_line' id='line_1_115' title="bbox 310 5581 3008 5662; baseline 0.002 -23"><span class='ocrx_word' id='word_1_829' title='bbox 310 5589 355 5662; x_wconf 39' lang='lat'><strong>‘1</strong></span> <span class='ocrx_word' id='word_1_830' title='bbox 382 5587 673 5662; x_wconf 50' lang='lat'><strong>163359.}.</strong></span> <span class='ocrx_word' id='word_1_831' title='bbox 697 5587 743 5642; x_wconf 90' lang='grc' dir='ltr'><strong>δ.</strong></span> <span class='ocrx_word' id='word_1_832' title='bbox 775 5605 824 5642; x_wconf 89' lang='grc' dir='ltr'><strong>τ.</strong></span> <span class='ocrx_word' id='word_1_833' title='bbox 945 5588 1050 5662; x_wconf 80' lang='grc' dir='ltr'><strong>ἔξω</strong></span> <span class='ocrx_word' id='word_1_834' title='bbox 1082 5592 1225 5662; x_wconf 88' lang='lat' dir='ltr'><strong>conj.</strong></span> <span class='ocrx_word' id='word_1_835' title='bbox 1258 5593 1347 5657; x_wconf 80' lang='lat' dir='ltr'><strong>IL,</strong></span> <span class='ocrx_word' id='word_1_836' title='bbox 1395 5592 1529 5662; x_wconf 75' lang='grc' dir='ltr'>πρὸς</span> <span class='ocrx_word' id='word_1_837' title='bbox 1564 5592 1641 5660; x_wconf 78' lang='grc' dir='ltr'>τῷ</span> <span class='ocrx_word' id='word_1_838' title='bbox 1678 5608 1801 5660; x_wconf 85' lang='grc' dir='ltr'>περ.</span> <span class='ocrx_word' id='word_1_839' title='bbox 1825 5601 1879 5645; x_wconf 88' lang='lat' dir='ltr'><strong>ct</strong></span> <span class='ocrx_word' id='word_1_840' title='bbox 1909 5590 1969 5662; x_wconf 77' lang='grc' dir='ltr'>τὸ</span> <span class='ocrx_word' id='word_1_841' title='bbox 2004 5590 2076 5659; x_wconf 82' lang='grc' dir='ltr'>μὴ</span> <span class='ocrx_word' id='word_1_842' title='bbox 2110 5588 2453 5662; x_wconf 49' lang='grc' dir='ltr'>στέργειν-Ν.</span> <span class='ocrx_word' id='word_1_843' title='bbox 2527 5584 2743 5662; x_wconf 18' lang='grc' dir='ltr'>δελ-ὑμᾶς</span> <span class='ocrx_word' id='word_1_844' title='bbox 2768 5581 2912 5662; x_wconf 70' lang='grc' dir='ltr'>οριιὶ.</span> 
     </span>
    </p>
   </div>
   <div class='ocr_carea' id='block_1_116' title="bbox 1093 5661 2001 5732">
    <p class='ocr_par' dir='ltr' id='par_1_116' title="bbox 1093 5661 2001 5732">
     <span class='ocr_line' id='line_1_116' title="bbox 1093 5661 2001 5732; baseline -0.001 -20"><span class='ocrx_word' id='word_1_845' title='bbox 1093 5661 1317 5732; x_wconf 73' lang='grc' dir='ltr'>ὑπερηδ.</span> <span class='ocrx_word' id='word_1_846' title='bbox 1381 5662 1514 5725; x_wconf 73' lang='lat' dir='ltr'><strong>\’al.,</strong></span> <span class='ocrx_word' id='word_1_847' title='bbox 1582 5663 1820 5731; x_wconf 74' lang='grc' dir='ltr'>ὑπερειδ.</span> <span class='ocrx_word' id='word_1_848' title='bbox 1861 5661 2001 5731; x_wconf 75' lang='lat' dir='ltr'><strong>vulg.</strong></span> 
     </span>
    </p>
   </div>
   <div class='ocr_carea' id='block_1_117' title="bbox 234 5658 1047 5729">
    <p class='ocr_par' dir='ltr' id='par_1_117' title="bbox 234 5658 1047 5729">
     <span class='ocr_line' id='line_1_117' title="bbox 234 5658 1047 5729; baseline 0.001 -20"><span class='ocrx_word' id='word_1_849' title='bbox 234 5660 278 5689; x_wconf 67' lang='grc' dir='ltr'>’θ</span> <span class='ocrx_word' id='word_1_850' title='bbox 308 5658 426 5719; x_wconf 74' lang='grc' dir='ltr'>ἔθος</span> <span class='ocrx_word' id='word_1_851' title='bbox 458 5658 547 5723; x_wconf 80' lang='grc' dir='ltr'>Ν.,</span> <span class='ocrx_word' id='word_1_852' title='bbox 574 5658 723 5719; x_wconf 78' lang='grc' dir='ltr'>ἔθνος</span> <span class='ocrx_word' id='word_1_853' title='bbox 785 5660 928 5729; x_wconf 82' lang='lat' dir='ltr'><strong>vulg.</strong></span> <span class='ocrx_word' id='word_1_854' title='bbox 1007 5660 1047 5690; x_wconf 82' lang='grc'><strong>⁵¹</strong></span> 
     </span>
    </p>
   </div>
   <div class='ocr_carea' id='block_1_118' title="bbox 238 5729 1094 5799">
    <p class='ocr_par' dir='ltr' id='par_1_118' title="bbox 238 5729 1094 5799">
     <span class='ocr_line' id='line_1_118' title="bbox 238 5729 1094 5799; baseline 0.004 -19"><span class='ocrx_word' id='word_1_855' title='bbox 238 5732 281 5762; x_wconf 71' lang='grc'><strong>³⁸</strong></span> <span class='ocrx_word' id='word_1_856' title='bbox 324 5732 450 5797; x_wconf 66' lang='grc' dir='ltr'>ἡμῖν</span> <span class='ocrx_word' id='word_1_857' title='bbox 488 5729 628 5799; x_wconf 76' lang='lat' dir='ltr'><strong>vulg.</strong></span> <span class='ocrx_word' id='word_1_858' title='bbox 708 5730 750 5761; x_wconf 80' lang='grc'><strong>⁵⁵</strong></span> <span class='ocrx_word' id='word_1_859' title='bbox 782 5731 835 5783; x_wconf 68' lang='grc' dir='ltr'>τὸ</span> <span class='ocrx_word' id='word_1_860' title='bbox 863 5730 1003 5798; x_wconf 72' lang='lat' dir='ltr'><strong>conj.</strong></span> <span class='ocrx_word' id='word_1_861' title='bbox 1032 5729 1094 5783; x_wconf 79' lang='grc' dir='ltr'>Ν.</span> 
     </span>
    </p>
   </div>
   <div class='ocr_carea' id='block_1_119' title="bbox 3085 5582 3467 5651">
    <p class='ocr_par' dir='ltr' id='par_1_119' title="bbox 3085 5582 3467 5651">
     <span class='ocr_line' id='line_1_119' title="bbox 3085 5582 3467 5651; baseline 0 -17"><span class='ocrx_word' id='word_1_862' title='bbox 3085 5582 3128 5613; x_wconf 72' lang='grc' dir='ltr'><strong>’δ’</strong></span> <span class='ocrx_word' id='word_1_863' title='bbox 3160 5582 3304 5651; x_wconf 81' lang='grc' dir='ltr'>ἡμᾶς</span> <span class='ocrx_word' id='word_1_864' title='bbox 3332 5583 3467 5651; x_wconf 64' lang='lat' dir='ltr'><strong>vulg.</strong></span> 
     </span>
    </p>
   </div>
   <div class='ocr_carea' id='block_1_120' title="bbox 2106 5651 3471 5730">
    <p class='ocr_par' dir='ltr' id='par_1_120' title="bbox 2106 5651 3471 5730">
     <span class='ocr_line' id='line_1_120' title="bbox 2106 5651 3471 5730; baseline -0.007 -19"><span class='ocrx_word' id='word_1_865' title='bbox 2106 5661 2148 5690; x_wconf 84' lang='lat'>“</span> <span class='ocrx_word' id='word_1_866' title='bbox 2187 5651 2329 5730; x_wconf 70' lang='grc' dir='ltr'>ἧτέερ</span> <span class='ocrx_word' id='word_1_867' title='bbox 2364 5659 2502 5725; x_wconf 79' lang='lat' dir='ltr'><strong>Val.,</strong></span> <span class='ocrx_word' id='word_1_868' title='bbox 2539 5651 2695 5725; x_wconf 75' lang='grc' dir='ltr'>εἴπερ</span> <span class='ocrx_word' id='word_1_869' title='bbox 2726 5651 2880 5724; x_wconf 71' lang='lat' dir='ltr'><strong>vulg.</strong></span> <span class='ocrx_word' id='word_1_870' title='bbox 2950 5653 2994 5683; x_wconf 81' lang='grc'><strong>⁵³</strong></span> <span class='ocrx_word' id='word_1_871' title='bbox 3024 5652 3079 5707; x_wconf 72' lang='grc' dir='ltr'>δὲ</span> <span class='ocrx_word' id='word_1_872' title='bbox 3120 5651 3199 5719; x_wconf 59' lang='grc' dir='ltr'><strong>υτ,</strong></span> <span class='ocrx_word' id='word_1_873' title='bbox 3238 5669 3305 5721; x_wconf 78' lang='grc' dir='ltr'><strong>γε</strong></span> <span class='ocrx_word' id='word_1_874' title='bbox 3331 5655 3471 5721; x_wconf 64' lang='lat' dir='ltr'><strong>vulg.</strong></span> 
     </span>
    </p>
   </div>
  </div>
