4006 6214
598 238 708 335 883
1496 266 1887 327 EXCEBPTA
1920 267 2022 326 Ex
2058 266 2486 327 MENANDRO
2524 268 3015 330 PROTECTORE
3714 273 3797 335 εει

600 381 830 445 ditione,
863 386 925 433 ut
971 376 1200 448 pretium
1253 374 1370 445 ejus
1399 376 1710 446 acciperent
1748 386 1799 431 et
1821 377 1941 446 ejus
1974 377 2140 431 cessio

2227 399 2243 438 ι
2274 374 2433 430 ὤνιόν
2465 376 2654 430 θέσθαι
2684 379 2783 447 τὴν
2831 379 3180 450 ἀπαλλαγην.
3223 376 3333 431 Καὶ
3378 378 3510 449 πρός
3552 395 3610 447 γε
3640 386 3800 454 συνθή-

599 488 724 528 nem
780 471 1097 533 venderent,
1152 466 1458 536 multasque
1514 468 1649 523 alias
1696 468 2140 525 conventionesil

2271 482 2373 528 κας
2404 466 2571 529 ἄλλας
2608 466 2762 531 τινὰς
2789 468 2901 522 δεῖν
2930 468 3171 539 ἔφασκον
3192 467 3464 538 γενέσθαι,
3512 471 3721 540 αἰσχράς
3752 489 3798 527 τε

600 566 835 619 medium
884 558 1259 629 proponebant
1304 568 1486 629 turpes
1541 572 1596 617 et
1642 564 1889 633 indignas
1936 562 2140 616 Roman

2273 557 2366 610 καὶ
2397 556 2627 622 ἀναξίας
2674 559 2773 629 τῆς
2806 557 3099 630 Ῥωμαίων
3136 560 3334 631 ἀρχῆς,
3374 561 3464 614 καί
3521 560 3799 632 βεϐαιούσας

598 655 808 724 imperii
856 652 1160 723 majestate,
1208 661 1264 707 et
1312 668 1429 721 qua:
1478 654 1700 708 minime
1757 653 2140 709 existimationi

2269 649 2521 720 οὐδαμῶς
2540 650 2638 721 τὴν
2668 651 2798 722 περὶ
2842 651 3109 722 βασιλέως
3151 653 3437 706 Ἰουστίνου
3482 655 3797 722 κρατήσασαν

596 761 755 814 quam
784 743 1034 799 Justinus
1064 744 1291 814 adeptus
1327 754 1464 812 erat,
1516 745 1949 801 consentiebant.
1975 744 2134 800 Gravi

2268 741 2447 808 δόξαν,
2488 742 2564 806 ὣς
2604 744 2721 797 ἐστι
2760 745 2905 815 μάλα
2948 746 3219 817 ἐμϐριθής
3250 763 3308 799 τε
3344 748 3437 799 καὶ
3491 747 3799 817 κατηκριϐω-

596 838 743 892 enim
790 847 847 891 et
888 837 1015 891 elati
1055 838 1222 891 animi
1276 838 1379 901 vir,
1447 845 1503 891 et
1535 836 1625 906 qui
1657 838 1837 891 omnia
1880 838 2136 908 diligente

2271 834 2454 904 μένος.
2503 836 2757 907 Ἰωάννης
2786 838 2842 891 δὲ
2876 838 2945 892 τά
2968 839 3147 891 τοιάδε
3175 837 3450 909 ἀκηκοὼς,
3476 839 3572 892 καὶ
3612 840 3667 892 οὐ
3696 840 3797 907 σφό-

475 934 488 943 “
524 941 531 947 ·
592 929 969 999 perpenderet,
1000 928 1321 983 habebatur.
1346 926 1477 993 Qum
1499 943 1621 982 cum
1645 926 1878 981 Joannes
1901 928 2140 981 audisset

2266 928 2369 999 δρα
2420 929 2522 998 τῆς
2565 930 2659 984 τοῦ
2710 931 3112 1002 αὐτοκράτορος
3155 932 3551 1003 στοχαζόμενος
3588 933 3795 1002 γνώμης.

592 1036 766 1090 neque
798 1021 932 1075 satis
968 1020 1033 1071 ad
1064 1035 1147 1085 ea,
1204 1034 1322 1089 qum.
1373 1019 1668 1089 imperator
1703 1020 1775 1072 illi
1808 1028 2140 1088 praeceperat

2266 1029 2604 1084 ἀϐουλότατα
2663 1024 2992 1097 διεπράξατο
3021 1043 3035 1056 ο
3074 1024 3283 1077 ἔστειλε
3335 1023 3441 1094 γὰρ
3501 1022 3643 1091 παρά
3667 1022 3799 1073 Σουά-

590 1113 936 1179 advertisset,
979 1112 1354 1181 imprudenter
1383 1112 1532 1178 fecit,
1566 1122 1623 1167 et
1656 1116 1722 1166 ad
1751 1112 1965 1168 Suanos
1996 1113 2140 1166 misit

2266 1138 2410 1184 νους,
2448 1120 2537 1173 τὸν
2562 1119 2711 1189 σφῶν
2742 1118 2965 1189 βασιλέα
3000 1118 3327 1187 βουλόμενος
3348 1112 3797 1178 δεξιώσασθαι.δε-

589 1206 680 1273 qui
716 1221 895 1275 regem
935 1220 1123 1260 eorum
1183 1204 1486 1259 salutarent
1531 1206 1752 1276 ejusque
1777 1208 2003 1275 gratiam
2037 1221 2138 1259 con

2266 1211 2673 1276 ledaawmgoiw
2704 1211 2868 1265 αὐτὸν
2894 1211 2951 1273 ἐς
2970 1209 3129 1263 τοῦτο
3177 1209 3411 1263 ἀτοπίας
3460 1205 3630 1259 ἐλθεῖν
3665 1204 3797 1257 αὐτοῦ

590 1298 862 1355 ciliarent.
905 1297 981 1351 Eo
1010 1298 1363 1352 absurditatis
1398 1313 1517 1352 eum
1542 1299 1835 1367 pellexerat
1870 1298 2138 1354 Chosroes

2268 1306 2538 1377 Χοσρόου,
2581 1295 2886 1374 ἐσκήπτετο
2916 1303 2971 1356 δέ
3009 1302 3071 1355 τὸ
3102 1302 3304 1355 τοιόνδε
3351 1298 3447 1352 καὶ
3502 1298 3796 1367 ἐμηχανᾶτο,

589 1387 691 1454 Qui
720 1390 918 1443 callide
954 1389 1055 1443 hoc
1078 1396 1415 1443 commentus
1444 1391 1515 1442 ita
1547 1390 1800 1453 instituit,
1832 1398 1890 1443 ut
1916 1390 2134 1443 haberet

2264 1398 2412 1459 ὅπως
2444 1396 2618 1450 ἐσοιτό
2643 1397 2687 1429 ³⁸
2717 1413 2779 1464 γε
2806 1394 2960 1465 αὐτῷ
2980 1396 3038 1458 ἐς
3057 1392 3425 1459 δικαιολογίαν
3466 1390 3605 1453 τινὰ,
3635 1388 3700 1449 ὡς
3722 1390 3797 1438 αὐ-

588 1482 728 1548 quod
762 1484 917 1551 quasi
952 1482 1075 1551 jure
1107 1498 1205 1537 suo
1242 1483 1471 1548 diceret,
1504 1482 1716 1537 Suanos
1743 1483 1888 1552 ipsos
1912 1484 2140 1553 quamvi:

2262 1491 2345 1542 τοὶ
2378 1488 2625 1553 Σουάνοι,
2686 1487 2863 1539 καίτοι
2903 1484 3335 1557 προτραπέντες,
3402 1482 3506 1534 οὐκ
3561 1482 3793 1549 ἁνάσχετα

591 1584 805 1644 rogatos
838 1574 1096 1629 Romanis
1127 1589 1318 1643 parere
1371 1590 1673 1630 recusasse.
1724 1577 1959 1630 Noverat
1990 1577 2133 1630 enim

2262 1579 2538 1633 ποιοῦνται
2576 1578 2866 1650 Ῥωμαίοις
2940 1575 3257 1629 ὑπακούειν.
3302 1572 3657 1643 Ἐξηπίστατο
3710 1569 3795 1637 γὰρ

585 1678 846 1734 quantum
901 1667 1060 1736 quia
1115 1667 1325 1724 Joanne
1361 1668 1514 1723 missi
1568 1669 1802 1735 fuerant,
1861 1666 2131 1723 elﬁcerent

2262 1673 2342 1725 ὅτι
2375 1668 2466 1726 οὖν
2493 1672 2708 1742 ὤνησαν
2758 1672 2806 1723 οἱ
2850 1670 2986 1741 πρὸς
3022 1668 3268 1721 Ἰωάννου
3323 1664 3631 1727 σταλέντες.
3674 1662 3796 1715 Μετὰ

588 1759 696 1813 Nec
722 1760 889 1815 multo
914 1769 1033 1831 post
1063 1760 1334 1816 Chosroes
1361 1761 1635 1829 pollicitus
1659 1770 1761 1825 est,
1817 1775 1877 1815 se
1919 1760 2140 1829 legatun

2227 1744 2434 1818 ‘mam
2461 1736 2833 1833 ἐπηνγείλατο
2890 1736 3136 1831 Χοσρόης
3195 1757 3433 1811 στέλλειν
3498 1752 3794 1823 πρεσϐευτὴν

586 1853 651 1906 ad
697 1853 1064 1908 Romanorum
1102 1854 1485 1924 imperatorem
1543 1855 1834 1907 missurum
1883 1869 2028 1918 esse,
2060 1870 2131 1923 qu

2260 1857 2334 1919 ὡς
2362 1856 2584 1927 βασιλέα
2629 1855 2939 1925 Ῥωμαίων,
2978 1853 3071 1907 τὸν
3129 1851 3303 1905 ταῦτα
3352 1851 3572 1902 ἅπαντα
3604 1849 3653 1898 ἐν
3676 1847 3793 1897 δέον-

588 1946 701 2001 hzec
729 1946 911 2001 omnia
936 1956 1307 2019 componeret,
1336 1956 1388 1999 et
1420 1960 1670 2001 reversus
1688 1955 1770 2000 est
1789 1943 2025 2001 Joannes
2054 1948 2140 2018 By.

2260 1968 2314 2002 τι
2347 1952 2391 1981 ⁸⁷
2424 1948 2909 2018 καταστησόμενον
2936 1964 2947 1975 ·
2981 1948 3075 1999 καὶ
3143 1942 3432 2009 ἀνέζευξεν
3485 1941 3715 2007 Ίωάννης
3749 1941 3791 1999 ἐς

584 2038 843 2091 lantiunt.

2257 2042 2316 2095 τὸ
2346 2040 2639 2103 Βυζάντιον

654 2127 706 2182 6.
740 2128 827 2199 (A.
852 2129 915 2183 C.
943 2128 1047 2184 566
1075 2127 1191 2184 Ind.
1229 2130 1297 2182 Η
1341 2127 1540 2183 Justini
1567 2129 1647 2200 2.)
1667 2130 1909 2185 Justinus
1929 2132 2140 2200 impera

2328 2142 2402 2197 ς’.
2435 2134 2557 2187 Ὅτι
2610 2131 2891 2193 Ἰουστῖνος
2915 2130 2942 2181 ὁ
2996 2127 3249 2199 βασιλεὺς
3288 2125 3410 2179 ἐπεὶ
3450 2122 3691 2184 ἐπύθετο,
3734 2119 3789 2180 ὡς

584 2231 668 2274 tor
717 2220 804 2275 ubi
838 2220 1047 2289 accepit
1084 2218 1345 2276 Joannem
1397 2221 1603 2293 legatos
1663 2222 1715 2276 in
1747 2220 2003 2276 Suaniam
2050 2223 2140 2278 mi-

2255 2228 2315 2281 ἐν
2343 2225 2576 2296 Σουανίᾳ
2602 2224 2688 2295 εἴη
2713 2221 2959 2292 πέμψας,
2990 2221 3086 2275 καὶ
3131 2222 3214 2274 ὅτι
3265 2219 3374 2280 τοῖς
3418 2214 3694 2286 Ῥωμαίων
3742 2211 3787 2262 οὐ

581 2313 738 2377 sisse,
785 2312 1001 2366 Suanos
1050 2321 1229 2366 autem
1262 2327 1323 2368 se
1355 2328 1461 2369 non
1523 2313 1753 2383 imperio
1781 2312 2140 2371 Romanorum

2256 2315 2585 2387 προσέθεντο
2621 2312 2866 2375 Σουάνοι,
2921 2309 3300 2381 ἐχαλέπαινεν,
3353 2301 3443 2360 οἷα
3500 2304 3656 2364 εἰκός.
3704 2300 3785 2353 Καὶ

579 2404 895 2475 sultjecisse,
943 2403 1181 2473 graviter
1228 2405 1559 2474 molesteque
1609 2404 1728 2459 tulit
1788 2413 1843 2459 et
1888 2403 2140 2460 Joannem

2254 2407 2707 2479 παραπρεσϐείας
2737 2406 2987 2477 ἐκρίνετο
3030 2403 3307 2470 Ἰωάννης,
3339 2399 3438 2453 ἆτε
3500 2397 3559 2451 οὐ
3600 2394 3715 2464 πρὸς
3741 2389 3785 2441 τὸ

580 2496 865 2566 legationis
911 2513 1019 2553 non
1070 2513 1136 2555 ex
1186 2498 1419 2553 utilitate
1453 2497 1528 2553 rei
1561 2498 1789 2567 publica:
1819 2509 1985 2567 gesta:
2023 2514 2140 2555 eon-

2256 2504 2501 2555 συνοῖσον
2531 2502 2599 2571 τῇ
2631 2499 2881 2570 πολιτείᾳ
2896 2496 3364 2566 διαπραξάμενος.
3397 2490 3542 2544 Οὐδὲ
3566 2488 3665 2558 γὰρ
3684 2485 3785 2555 χρῆ·

580 2591 875 2645 tlemnavit.
907 2590 1018 2646 Nec
1070 2590 1212 2647 enim
1237 2606 1298 2645 se
1324 2589 1518 2655 inscio,
1543 2599 1637 2643 aut
1660 2604 1764 2643 non
1786 2589 2030 2657 iubente,
2054 2594 2140 2646 de-

2251 2611 2339 2647 ναι
2374 2592 2536 2646 αὐτὸν
2583 2590 2789 2659 ἔφασκε
2836 2589 3060 2652 στεῖλαι,
3094 2586 3209 2653 εἴγε
3249 2584 3325 2655 μὴ
3356 2580 3524 2636 τοῦτο
3552 2574 3785 2633 ἐνεκελεύ-

579 2680 764 2737 hulsse
815 2684 1031 2738 mittere
1080 2693 1134 2738 et
1161 2698 1227 2737 ex
1288 2682 1391 2737 hoc
1422 2681 1767 2737 occasionem
1796 2681 1977 2738 Persis
2010 2700 2140 2753 prte-

2254 2704 2385 2742 σατο
2421 2688 2448 2739 ὀ
2483 2682 2781 2756 βασιλεύς,’
2813 2684 2922 2736 κάκ
2944 2679 3136 2733 τούτου
3170 2676 3353 2730 δοῦναι
3382 2674 3655 2743 πρόφασιν
3677 2668 3783 2735 Πέρ-

579 2773 729 2838 bere,
764 2790 870 2846 qua
902 2790 1053 2829 suam
1084 2774 1403 2844 iniustitiam
1437 2783 1702 2845 tegerent,
1736 2785 1790 2832 et
1813 2778 1987 2845 palam
2012 2794 2140 2849 prae-

2252 2797 2375 2843 σαις
2408 2779 2469 2831 τὸ
2499 2778 2745 2845 ἀδίκημα
2777 2771 3110 2839 ξυσκιάζειν,
3139 2770 3234 2824 καὶ
3263 2768 3570 2838 προφέρειν
3605 2762 3780 2849 λόγους,

577 2866 858 2929 dicarent.
920 2866 1134 2922 Suanos
1200 2868 1348 2937 ipsos
1413 2867 1787 2924 Romanorum
1860 2872 2140 2942 imperium

2249 2873 2324 2937 ὡς
2356 2872 2512 2925 αὐτοὶ
2546 2869 2769 2923 Σουάνοι
2808 2866 3157 2936 ἀπηνήναντο
3201 2860 3272 2915 τὰ
3314 2858 3627 2926 Ῥωμαίων.
3674 2848 3781 2905 Ἀλλ’

578 2958 932 3014 detrectasse.
962 2958 1070 3014 Nec
1101 2960 1244 3015 enim
1292 2960 1435 3016 hanc
1479 2960 1548 3016 ab
1578 2961 1806 3032 imperio
1840 2966 2140 3035 suscepisse

2249 2965 2370 3020 οὐδὲ
2395 2967 2452 3017 ἐν
2475 2965 2618 3035 ἀρχῇ
2645 2962 2743 3033 τὴν
2772 2958 3029 3029 τοιαύτην
3065 2951 3479 3027 προσδέξασθαι
3505 2948 3778 3035 πρόκλησιν)

577 3049 933 3117 provinciam,
963 3058 1020 3105 ut
1046 3060 1139 3107 aut
1170 3052 1370 3108 Suanis
1416 3051 1691 3120 suaderet,
1718 3063 1777 3109 ut
1800 3070 1859 3110 se
1889 3032 2140 3111 Romanis

2250 3032 3038 3128 ἣΣουάνουςπροτρέψασθαι
3086 3043 3227 3100 εἶναι
3277 3044 3383 3099 ὑπὸ
3426 3032 3779 3138 Ῥωμαίουςλ

575 3142 887 3207 subderent,
923 3152 1017 3198 aut
1068 3145 1226 3215 hujus
1275 3145 1352 3200 rei
1379 3146 1554 3216 gratia
1582 3144 1901 3218 Byzantium
1940 3147 2140 3217 legatus

2246 3150 2438 3203 τούτου
2464 3164 2527 3216 γε
2560 3147 2722 3199 ἕνεκα
2776 3140 3116 3210 πρεσϐευτὴν
3146 3137 3193 3173 ⁸³
3234 3139 3292 3190 ἐν
3334 3134 3618 3202 Βυζαντίῳ
3658 3134 3777 3218 γενέ-

575 3235 806 3290 veniret.
846 3234 1104 3291 Neutrum
1162 3238 1305 3292 enim
1358 3238 1586 3307 imperio
1630 3216 1875 3295 Itomano
1924 3216 2140 3311 dignum

2248 3243 2391 3296 σθαι.
2466 3239 2762 3307 Οὐδέτερον
2796 3235 2905 3307 γάρ
2954 3232 3015 3298 ἐξ
3076 3230 3279 3300 ἀμφοῖν
3349 3225 3628 3297 εὐπρεπὲς
3671 3216 3779 3311 εἶναι

574 3343 695 3384 esse
718 3328 1087 3384 existimabat.
1138 3330 1323 3399 Itaque
1352 3329 1617 3386 Joannem
1670 3331 1963 3400 imperator
1986 3308 2033 3386 ia
2085 3348 2140 3388 se

2242 3337 2309 3406 τῇ
2347 3331 2592 3401 πολιτείᾳ
2626 3330 2892 3399 ἡγήσατο.
2932 3324 3186 3393 Ἰωάννην
3215 3317 3309 3375 οὖν
3340 3308 3780 3406 περιφρονήσαςό

574 3416 938 3470 abalienatum
971 3418 1179 3471 dimisit
1227 3424 1282 3472 et
1310 3433 1496 3473 eorum
1534 3434 1760 3475 numero
1794 3421 1999 3487 habuit,
2049 3424 2139 3492 qui

2242 3403 2602 3493 αὐτοκράτωρ
2634 3424 2693 3475 ἐν
2718 3422 2785 3491 τῇ
2818 3418 2929 3472 τῶν
2971 3414 3365 3482 ἀνεπιτηδείων
3417 3410 3583 3473 έταξε
3631 3403 3779 3477 μοίρᾳ,

574 3505 794 3558 minime
813 3506 1079 3559 commodi
1112 3506 1227 3562 suis
1274 3510 1436 3563 rebus
1468 3517 1652 3563 essent
1682 3522 1697 3563 :
1724 3517 1833 3562 tum
1865 3513 2140 3582 excogita-

2242 3516 2628 3589 ἐγνωμάτευσε
2659 3514 2717 3567 δὲ
2744 3514 2893 3577 ὅπως
2929 3512 2999 3565 τὰ
3039 3506 3411 3581 ἡμαρτημένα
3448 3503 3515 3558 εὖ
3546 3497 3751 3565 διαθείη.

572 3596 667 3654 vit,
716 3609 823 3663 qua
878 3597 1092 3651 ratione
1122 3597 1424 3665 inconsulte
1472 3598 1610 3655 facta
1644 3600 1696 3654 in
1733 3601 1926 3657 melius
1954 3607 2140 3658 corri-

572 3693 741 3749 geret.

643 3775 691 3829 7.
727 3776 814 3848 (Δ.
859 3778 921 3834 C.
955 3779 1058 3835 568
1106 3783 1222 3838 Iud.
1268 3783 1304 3837 2
1359 3782 1557 3839 Justini
1586 3784 1664 3857 4.)
1694 3784 1962 3855 Justinus,
2012 3804 2135 3845 cum

2311 3781 2377 3845 ζ’.
2414 3780 2535 3833 Ὅτι
2564 3779 2672 3832 τῶν
2696 3775 2978 3845 Τούρκων,
3006 3771 3115 3825 τῶν
3149 3770 3339 3824 Σακῶν
3377 3766 3717 3838 καλουμένων
3736 3758 3779 3812 τὸ

570 3864 753 3935 Turci,
786 3870 877 3939 qui
908 3869 1059 3927 Sacae
1087 3875 1393 3945 antiquitus
1423 3852 1776 3946 vocabantur,
1810 3852 2014 3952 legatos
2068 3883 2135 3936 ad

2242 3873 2428 3938 πάλαι,
2462 3869 2757 3940 πρεσϐείας
2780 3864 3165 3936 ποιησαμένων
3188 3862 3327 3935 πρὸς
3368 3862 3658 3952 Ἰουστῖνον
3680 3852 3779 3952 περὶ

568 3974 689 4014 eum
737 3961 801 4017 de
840 3977 972 4030 pace
999 3964 1297 4034 misissent,
1322 3968 1604 4025 consilium
1634 3972 1777 4043 cepit
1811 3947 2132 4043 legationem

2240 3964 2483 4035 εἰρήνης,
2533 3962 2591 4013 ἐν
2627 3959 2789 4031 βουλῇ
2840 3957 3138 4027 ἐποιήσατο
3166 3954 3194 4006 ὁ
3238 3951 3498 4025 βασιλεὺς
3530 3947 3777 4043 ἐκπέμψαι

567 4067 779 4120 quorum
801 4055 867 4111 ad
898 4071 992 4110 eos
1024 4057 1262 4113 mittere.
1305 4058 1489 4131 Itaque
1518 4039 1817 4120 Zemarclto
1840 4039 2017 4132 Cilici,
2043 4069 2131 4135 qui

2237 4055 2535 4127 πρεσϐείαν
2554 4053 2629 4117 ὡς
2651 4052 2950 4122 Τούρκους.
2976 4048 3088 4103 Καὶ
3120 4047 3184 4118 δὴ
3207 4045 3488 4117 Ζημάρχῳ
3520 4042 3599 4114 τῷ
3624 4039 3777 4135 Κίλικι

568 4154 694 4199 tunc
745 4150 1002 4217 temporis
1036 4161 1154 4205 erat
1184 4130 1469 4219 praefectus
1493 4156 1707 4210 urbium
1738 4130 2009 4221 Orientis,
2019 4130 2131 4224 jus-

2234 4147 2388 4215 ἔλεγε
2416 4141 2933 4216 παρασκευάζεσθαι
2961 4141 3056 4194 ἐπὶ
3088 4138 3279 4210 τούτῳ,
3309 4138 3367 4201 ὃς
3399 4138 3514 4191 τῶν
3565 4134 3689 4205 πρὸς
3720 4130 3779 4224 ita

563 4235 652 4299 sit,
681 4248 740 4288 u-t
769 4237 835 4289 ad
876 4253 993 4292 eam
1024 4255 1084 4295 se
1112 4255 1460 4311 praepararet.
1494 4243 1544 4300 Is
1572 4260 1694 4301 cum
1725 4250 2030 4303 necessaria
2060 4250 2126 4305 ad

2235 4241 2443 4293 πόλεων
2499 4236 2802 4307 τηνικαῦτα
2865 4235 3080 4305 ὑπῆρχε
3135 4230 3465 4305 στρατηγός.
3539 4217 3779 4283 Ἐπείοῦν

562 4334 670 4379 tam
719 4327 933 4395 longum
979 4330 1083 4385 iter
1124 4344 1518 4404 comparasset,
1550 4337 1695 4392 circa
1750 4338 1909 4394 linem
1944 4341 2126 4410 quarti

2234 4333 2450 4387 ἅπαντα
2470 4328 2623 4400 αὐτῷ
2640 4330 2706 4382 τὰ
2730 4331 2830 4383 ὅσα
2851 4328 2985 4399 πρὸς
3008 4325 3227 4397 μακρὰν
3254 4326 3372 4378 ὁδὸν
3392 4320 3726 4410 ἐξηρτυμένα
3742 4314 3778 4343 ⁸³

559 4419 684 4472 anni
711 4419 923 4485 imperii
952 4420 1175 4491 Justini,
1207 4435 1398 4481 exacto
1449 4432 1687 4483 secundo
1723 4408 2129 4499 quindecenna-

2234 4420 2322 4495 ἦν,
2352 4422 2513 4493 ἡνίκα
2544 4420 2679 4491 πρὸς
2729 4422 2791 4473 τὸ
2820 4420 2993 4490 πέρας
3020 4416 3214 4488 ὴνύετο
3248 4416 3345 4483 τῆς
3380 4414 3671 4468 Ίουστίνου
3699 4408 3781 4478 βι-

560 4510 625 4563 lis
660 4508 816 4580 152
850 4514 1057 4582 periodi
1102 4530 1265 4580 anno,
1312 4517 1465 4575 initio
1495 4520 1718 4583 mensis,
1774 4522 1863 4591 qui
1920 4521 2127 4578 Latinis

2230 4515 2434 4576 σιλείας
2466 4514 2527 4567 τὸ
2580 4513 2840 4583 τέταρτον
2866 4511 3005 4574 ἔτος,
3037 4510 3115 4581 τῷ
3138 4510 3374 4579 δευτέρῳ
3429 4504 3667 4575 ἐνιαυτῷ
3700 4501 3783 4567 τῆς

560 4613 786 4655 vocatur
799 4603 1092 4675 Augustus.
1110 4607 1385 4676 profectus
1402 4610 1827 4683 Byzantio,viam
1854 4615 2128 4685 ingressus

2228 4603 2877 4673 πεντεκαιδεκαετηρίδος
2914 4602 3240 4673 περιφορᾶς,
3277 4600 3409 4669 περί
3436 4598 3509 4651 τα
3539 4594 3785 4667 προοίμια

559 4697 642 4742 est
675 4705 777 4744 una
802 4704 923 4746 cum
948 4693 1228 4753 Maniacho
1245 4706 1299 4754 et
1323 4700 1435 4757 suis
1464 4702 1773 4760 comitibus.

2227 4693 2321 4749 τοῦ
2345 4695 2497 4766 παρὰ
2512 4693 2763 4758 Λατίνοις
2785 4693 3103 4762 Αὐγούστου
3133 4693 3324 4765 μηνὸς,
3342 4695 3369 4745 ὁ
3398 4691 3499 4762 μὲν
3514 4692 3786 4762 Ζήμαρχος

2227 4787 2441 4858 ἀπῆρεν
2480 4787 2543 4840 ἐκ
2577 4785 2875 4852 Βυζαντίου
2903 4786 2999 4853 ξὺν
3027 4786 3173 4857 αὐτῷ
3212 4788 3257 4818 ⁸ο
3300 4785 3571 4855 Μανιάχῳ
3621 4786 3662 4815 ⁶¹
3711 4777 3788 4833 καὶ

2224 4880 2336 4942 τοῖς
2356 4878 2495 4948 ἀμφ’
2519 4878 2703 4933 αὐτόν.

632 4955 688 5011 8.
750 4956 1043 5017 Multorum
1090 4963 1298 5019 dierum
1340 4965 1534 5023 itinere
1564 4977 1871 5039 peragrato,
1900 4968 2122 5024 Zemar-

2292 4967 2364 5038 η’.
2400 4969 2523 5023 Ὅτι
2553 4968 2764 5021 πολλῶν
2788 4968 3015 5039 ἡμερῶν
3044 4966 3163 5020 ὁδὸν
3192 4965 3549 5027 διανύσαντες
3580 4965 3631 5017 οἱ
3678 4961 3789 5030 περὶ

553 5051 688 5106 chus
716 5060 773 5107 et
794 5053 885 5122 qui
908 5064 1031 5109 Cum
1062 5071 1128 5112 eo
1153 5067 1337 5125 erant,
1370 5073 1491 5114 cum
1516 5060 1567 5114 in
1596 5060 1869 5131 regionem
1899 5059 2126 5129 Sogdai-

2227 5063 2537 5134 Ζήμαρχον,
2562 5061 2752 5133 ἐπειδὴ
2787 5062 3040 5133 παρῆσαν
3076 5064 3132 5114 ἐν
3171 5063 3284 5123 τοῖς
3329 5061 3374 5093 ⁸⁸
3426 5059 3533 5113 τῶν
3577 5058 3789 5125 Σογὸαῐ-

554 5152 729 5198 tarum
771 5149 1162 5215 pervenissent,
1198 5159 1258 5204 ut
1282 5167 1349 5205 ex
1382 5152 1538 5221 equis
1568 5152 1985 5217 descenderunt,
2021 5150 2121 5207 ob-

2227 5153 2331 5206 τῶν
2372 5157 2578 5219 τόποις,
2637 5154 2877 5224 ὁπηνίκα
2912 5155 3022 5209 τῶν
3076 5158 3261 5208 ἵππων
3316 5151 3630 5223 ἀπέϐησαν,
3699 5145 3791 5199 τῶν

548 5235 667 5291 rios
694 5236 1000 5294 habuerunt
1027 5254 1096 5295 ex
1126 5240 1319 5297 Turcis
1366 5243 1676 5308 nonnullos,
1710 5241 1776 5298 ad
1810 5242 1860 5296 id
1897 5241 2115 5307 missos,

2227 5243 2488 5316 Τούρκων
2531 5246 2662 5301 ἔνιοι
2725 5246 2835 5317 (ὡς
2896 5246 3094 5312 ἔοικεν,
3150 5248 3208 5310 ἐς
3266 5244 3424 5299 τοῦτο
3464 5237 3792 5311 ἀνειμένοι),

548 5327 641 5396 (ι’ιί
669 5327 874 5385 ferrum
896 5331 1241 5388 vendendum
1276 5332 1557 5399 oll'errent,
1587 5335 1798 5403 opinor,
1830 5340 1890 5387 ut
1917 5332 2119 5388 indica-

2227 5334 2389 5390 ὤνιόν
2419 5353 2572 5407 σφισι
2608 5339 2934 5409 προΐσχοντο
2992 5336 3231 5408 σίδηρον,
3270 5334 3428 5408 οἶμαι
3459 5333 3534 5405 τῷ
3568 5333 3794 5400 ποιήσαι

1825 5496 2056 5552 ΥΑΒΙᾹΞ
2101 5492 2497 5549 LECTIONES.

618 5617 876 5703 "'Ego‘no'
922 5622 1313 5703 V'al.._.650}‘§?1
1350 5625 1491 5703 vulg.
1560 5628 1615 5703 :7
1642 5628 1699 5703 ἐν
1715 5629 1892 5703 δέοντι
1922 5630 2013 5696 11.,
2047 5632 2237 5703 ἐνδέον
2277 5631 2429 5699 vulg.
2504 5630 2554 5703 _'_“
2586 5632 2927 5701 πρεσϐευτὴς
2970 5634 3114 5703 vulg.
3193 5634 3235 5662 δ’
3270 5647 3615 5703 εςηρτημενα
3641 5631 3783 5700 vulg.

549 5684 593 5721 ”
614 5684 781 5754 αὐτῷ]
814 5689 882 5740 αὖ
925 5694 1000 5760 τῷ
1055 5691 1119 5745 ΙΙ.
1196 5696 1235 5725 ⁶¹
1262 5684 1523 5765 Μανιάἶλῳ
1558 5696 1650 5762 IL,
1680 5700 1956 5769 Μανεάχον
1982 5684 2123 5772 ναις.
2202 5702 2245 5731 ⁸⁸
2279 5703 2336 5753 ἐν
2362 5684 2474 5763 rei;
2503 5700 2591 5763 N.,
2623 5684 2807 5765 αὐτοῖς
2834 5684 2977 5773 vulg.
