4006 6214
303 191 312 197 ’
343 238 450 303 885

1088 249 1185 308 DE
1225 250 1796 316 LE‘GATIONIBUS
1836 257 2328 323 ROMANORUM
2370 266 2470 326 AD
2503 266 2818 331 GENTES.

3495 281 3625 344 886-

344 358 471 405 σθαι
537 349 763 415 ἐνδειξίν
817 369 943 407 τινα
1005 354 1083 419 ὡς
1135 357 1377 426 μέταλλα
1448 361 1632 426 αὐτοῖς
1687 364 1908 435 ὑπάρχει

2030 378 2170 432 rent,
2199 371 2340 438 apud
2368 387 2462 427 eos
2479 376 2702 444 reperiri
2724 376 2853 432 ferri
2878 376 3115 434 fodinas.
3139 378 3437 438 Ferebatur
3457 391 3600 444 enim

344 445 590 514 σιδήρου.
662 445 898 513 Λέγεται
921 447 1051 518 γὰρ,
1092 449 1167 511 ὡς
1218 452 1349 520 παρ’
1382 453 1571 518 αὐτοῖς
1628 457 1729 510 οὐκ
1762 458 1926 511 εὐπό-

343 535 528 605 ριστόν
585 552 636 588 τι
686 536 879 607 χρῆμα
937 540 966 590 6
1024 539 1273 610 σίδηρος·
1335 543 1508 615 ταύτῃ
1566 544 1743 600 ἔνεστι
1802 565 1927 602 τεκ-

345 624 664 693 μηριῶσαι,
728 624 803 688 ὡς
858 626 1294 697 ὑπαινιττόμενοι
1355 632 1497 702 ἔχειν
1552 635 1654 701 γῆν
1710 637 1926 708 σιδηρο-

344 714 514 783 φόρον
573 715 651 784 τῷ
717 715 907 785 τοιῷδε
966 719 1273 789 ἐχρήσαντο
1339 724 1542 795 κόμπῳ
1596 726 1663 783 ⁸³.
1704 728 1923 799 Ἔτεροι

340 803 398 854 δέ
433 821 577 866 τινες
613 805 707 857 τοῦ
741 806 905 875 φύλου
938 807 997 860 τὸ
1034 808 1172 863 κατὰ
1200 813 1340 880 σφᾶς
1384 815 1580 879 αὐτοὺς
1609 817 1916 888 ἀναφανέν-

341 911 457 959 τες,
492 896 587 959 οὓς
638 893 775 949 εἶναι
821 897 1005 966 ἔλεγον
1052 901 1162 953 τῶν
1204 903 1476 958 ἀπαισίων
1541 908 1585 938 ⁸⁵
1628 909 1919 980 ἐλατῆρας,

343 987 517 1055 ἀγχοῦ
549 984 709 1057 ἦλθον
740 989 847 1042 τῶν
874 993 1001 1061 περὶ
1019 994 1331 1065 Ζήμαρχον.
1358 999 1469 1051 Καὶ
1498 999 1679 1056 τοίνυν
1706 1003 1919 1057 ἅπαντα

342 1078 443 1130 ὅσα
478 1080 807 1149 ἐπεφέροντο
823 1084 867 1113 ⁸⁵
892 1086 1088 1155 φορτία
1113 1088 1406 1159 ἀράμενοι,
1438 1091 1637 1147 έθεσαν
1660 1096 1717 1148 ὲν
1746 1097 1915 1168 μέσῳ.

340 1163 476 1220 Εἶτα
509 1171 624 1232 τοῖς
650 1169 745 1222 τοῦ
786 1171 1004 1227 λιϐάνου
1060 1176 1274 1241 κλάδοις
1327 1179 1440 1253 πῦρ
1477 1163 1803 1253 ἀνάψαντες,
1849 1163 1914 1259 τῇ

341 1257 580 1328 Σκυθικῇ
619 1262 770 1330 φωνῇ
823 1261 1072 1334 βάρῦαρα
1114 1267 1250 1319 ἅττα
1275 1269 1319 1300 ⁸⁸
1347 1270 1568 1340 ῥήματα
1593 1257 1917 1345 ὑπεψιθύριέ

340 1346 451 1411 ζον,
482 1351 952 1420 ἐπιπαταγοῦντες
1001 1355 1057 1409 δὲ
1103 1358 1313 1413 κώδωνί
1352 1378 1455 1415 τινι
1498 1364 1591 1417 καὶ
1646 1368 1915 1439 τυμπάνῳ

340 1438 581 1510 ὕπερθεν
637 1442 734 1495 τοῦ
794 1446 993 1516 φόρτου
1042 1451 1364 1522 περιέφερον
1410 1455 1471 1508 τὸ
1520 1458 1789 1525 φυλλῶδες
1819 1438 1913 1515 τού

337 1530 559 1584 λιϐάνου
596 1535 660 1603 τῇ
709 1535 867 1605 φλογὶ
909 1537 1284 1612 λακιζόμενον,
1336 1547 1429 1599 καὶ
1481 1548 1597 1618 ἅμα
1641 1550 1913 1622 γινόμενοι

341 1622 629 1690 μανιώδεις
665 1628 759 1679 καὶ
780 1629 1210 1702 ὲμόριμούμενοι
1245 1636 1311 1689 τὰ
1343 1641 1552 1710 πονηρὰ
1578 1642 1909 1699 ἀπελαύνειν

337 1712 576 1766 ἐδόκουν·
601 1715 745 1769 οὕτω
774 1719 883 1789 γὰρ
911 1722 1267 1793 ἀποτρόπαιοί
1311 1745 1457 1793 τινες
1490 1726 1629 1785 εἶναι
1664 1737 1755 1788 καὶ
1785 1737 1910 1790 άλε-
1945 1710 1986 1764 Β

335 1805 551 1870 ξίκακοι
597 1809 836 1866 ἐδόκουν.
890 1813 1536 1892 Ἀποδιοπομπησάμενοι
1575 1826 1639 1896 δὴ
1677 1824 1790 1896 οὖν,
1833 1831 1908 1894 ὼς

331 1894 525 1964 ᾤοντο,
560 1899 628 1952 τὰ
661 1900 920 1977 δυσχερῆ,
953 1907 1246 1979 Ζήμαρχόν
1294 1929 1353 1964 τε
1401 1915 1561 1968 αὐτὸν
1612 1894 1682 1971 δι’
1737 1894 1908 1991 αύτῆς

333 1991 661 2080 παρήγαγον
715 1993 816 2061 τῆς
876 1996 1092 2062 φλογός·
1141 1994 1243 2053 ὧδέ
1301 2020 1361 2057 τε
1422 2004 1604 2071 ἔδοξαν
1644 2012 1737 2063 καὶ
1766 2016 1907 2080 σφᾶς

334 2078 676 2147 ὰφαγνίζειν.
707 2085 922 2140 Τούτων
964 2088 1018 2143 δὲ
1067 2091 1237 2164 ταύτῃ
1267 2100 1671 2168 γεγενημένων,
1712 2078 1905 2159 ἔπειτα

335 2170 663 2241 ἐπορεύοντο
705 2172 797 2240 ξὺν
825 2181 935 2242 τοῖς
983 2181 1040 2244 ἐς
1072 2182 1133 2234 τὸ
1158 2185 1356 2238 τοιόνδε
1388 2190 1772 2259 τεταγμένοις,
1818 2194 1904 2249 ἵνα

330 2259 362 2354 6
402 2261 654 2329 Χαγάνος
677 2266 834 2331 αὐτὸς
859 2264 949 2338 ἦν,
985 2274 1043 2325 ὲν
1079 2273 1195 2345 ὄρει
1224 2276 1332 2329 τινὶ
1358 2277 1636 2353 λεγομένῳ
1678 2284 1919 2354 Ἐκτὰγ,

330 2349 408 2413 ὡς
438 2351 505 2406 ἂν
537 2354 939 2427 εἴποιιχρυσοῦν
975 2363 1102 2432 ὅρος
1130 2366 1328 2438 Ἕλλην
1372 2370 1534 2440 ἀνήρ.
1570 2349 1680 2427 Καὶ
1721 2349 1903 2430 τοίνυν

328 2443 492 2540 αὐτοῦ
533 2446 875 2519 ἀφικόμενοι,
929 2455 1036 2526 ὅπη
1094 2459 1397 2527 τηνικαῦτα
1457 2462 1535 2533 τῷ
1590 2466 1903 2540 Διζαόούλῳ

327 2529 470 2604 ἦσαν
498 2540 555 2591 al
584 2537 877 2610 διατριϐαὶ,
906 2547 1046 2601 κατὰ
1076 2547 1141 2618 δὴ
1172 2549 1392 2607 κοιλάδα
1442 2529 1567 2609 τινὰ
1595 2558 1687 2612 τοῦ
1726 2529 1899 2631 προσλ

328 2633 735 2700 αγορευομένου
776 2638 977 2705 χρυσοῦ
1024 2639 1207 2710 ὄρους·
1238 2645 1359 2698 ἐπεὶ
1388 2641 1481 2701 οὖν
1524 2650 1575 2701 οἱ
1624 2652 1754 2722 περὶ
1791 2656 1900 2725 Ζή-

331 2738 539 2793 μαρχον
566 2726 742 2779 ἐκεῖσε
771 2730 1087 2800 ἐφοίτησαν,
1127 2737 1453 2808 μετάκλητω
1482 2744 1762 2812 γενόμενοι
1793 2765 1899 2801 πα-

329 2813 591 2884 ραχρῆμα
623 2817 715 2869 τοῦ
760 2820 1086 2884 Διζαὸούλου
1116 2821 1277 2896 ἦλθον
1324 2831 1381 2891 ὲς
1414 2830 1553 2901 ὄψιν.
1577 2830 1685 2890 Ἤν
1709 2837 1765 2890 δὲ
1791 2840 1896 2911 ἄρα

326 2904 476 2958 ἔνδον
512 2908 740 2979 σκηνῆς,
797 2911 1036 2984 καθῆστο
1091 2916 1147 2970 δὲ
1197 2919 1290 2973 ἐπὶ
1342 2922 1589 2995 διτρόχου
1626 2904 1891 2999 καθέδρας

325 2998 568 3069 χρυσῆς,
601 3001 919 3073 ἑλκομένης,
956 3008 1196 3077 ὁπηνίκα
1229 3010 1356 3077 ἔδει,
1409 3014 1499 3082 ὑφ’
1536 3017 1702 3072 ἵππου
1754 2998 1892 3086 ἑνός.

327 3088 724 3159 Προσειπόντες
752 3094 808 3148 δὲ
834 3096 925 3149 τὸν
974 3099 1281 3171 Βάρὸαρον,
1313 3102 1388 3167 ὡς
1446 3106 1565 3171 ἔθος
1597 3110 1802 3177 αὐτοῖς,
1829 3114 1898 3167 τὰ

324 3177 475 3249 δῶρα
505 3183 847 3254 προΐσχοντο.
882 3187 992 3239 Καὶ
1021 3188 1200 3241 τοίνυν
1233 3186 1313 3254 οἷς
1354 3210 1418 3261 γε
1446 3195 1602 3249 τοῦτο
1644 3200 1701 3251 έν
1732 3218 1895 3271 φρον-

322 3272 467 3327 τίσιν
518 3270 586 3344 ἦν
632 3277 980 3344 ὑπεδέξαντο.
1025 3280 1188 3352 Ἀτὰρ
1221 3285 1249 3337 6
1286 3286 1599 3357 Ζήμαρχος,
1624 3308 1643 3342 ι
1692 3293 1774 3346 σοὶ
1805 3295 1898 3364 δῆ-

322 3380 438 3427 τα,
502 3364 628 3436 ἔφη,
688 3361 733 3420 ὦ
784 3370 1055 3425 τοσούτων
1123 3373 1291 3427 ὲθνῶν
1348 3378 1592 3449 ἡγεμὼν,
1625 3382 1652 3433 6
1696 3384 1817 3437 καθ’
1852 3361 1894 3417 έτ

324 3456 474 3526 ἡμᾶς
515 3459 768 3528 βασιλεὺς
818 3466 847 3517 6
899 3467 1108 3536 μέγας,
1138 3470 1495 3545 ἁγγελοφόρῳ
1548 3480 1895 3549 χρησάμενος

323 3552 471 3622 ἐμοὶ,
504 3558 774 3628 ἐσήμηνεν
808 3556 951 3616 εῖναι
979 3566 1129 3616 ἐσαεὶ
1166 3567 1268 3635 τὴν
1296 3569 1468 3639 τύχην
1499 3572 1683 3624 αἰσίαν
1709 3588 1767 3625 τε
1801 3574 1895 3627 καὶ

320 3643 556 3714 ἀγαθὴν,
604 3649 663 3699 ὲν
693 3649 855 3721 ἡδονῇ
900 3654 1209 3725 ποιουμένῳ
1244 3673 1325 3709 σοι
1352 3659 1423 3711 τὰ
1462 3658 1768 3730 Ῥωμαίων,
1799 3663 1894 3715 καὶ

320 3734 460 3803 πρός
489 3752 551 3804 γε
575 3738 1052 3815 φιλοφρονουμένη)
1077 3747 1244 3815 ἡμᾶς.
1273 3749 1453 3801 Ἔστω
1475 3750 1532 3803 δέ
1562 3769 1642 3805 σοι
1670 3757 1893 3825 κρατεῖν

318 3827 409 3879 ἀεὶ
439 3830 548 3882 τῶν
580 3830 866 3902 δυσμενῶν
913 3836 1009 3889 καὶ
1059 3836 1475 3909 λαφυραγωγεῖν
1514 3842 1574 3894 τὸ
1614 3844 1889 3913 πολέμιον.

330 3918 579 3974 Ἀπέστω
611 3922 669 3975 δὲ
705 3924 971 3994 βασκανία
997 3945 1083 3991 τις
1125 3929 1201 3993 ὡς
1228 3932 1565 4002 πορρωτάτω
1596 3936 1774 4005 ἡμῶν,
1802 3938 1890 3992 οἵα

2026 455 2230 512 ferrum
2261 462 2400 528 apud
2435 477 2527 519 eos
2552 479 2673 520 esse
2720 480 2833 520 rem
2865 468 3089 525 minime
3138 482 3325 539 paratu
3359 472 3599 531 facilem.

2027 544 2100 598 Ea
2150 548 2216 602 de
2264 564 2430 604 causa
2480 554 2579 606 hoc
2609 566 2919 611 commento
2948 557 3028 612 usi
3062 568 3204 625 sunt,
3256 572 3311 616 ut
3340 566 3597 620 ostendu-

2028 650 2172 705 rent,
2205 642 2257 697 in
2286 658 2386 699 sua
2429 648 2646 714 regione
2686 648 2814 704 ferri
2845 652 3053 708 fodinas
3083 668 3225 710 esse.
3257 658 3359 713 Alii
3386 676 3601 728 queque

2026 730 2273 786 homines
2307 748 2373 788 ex
2403 736 2588 789 eadem
2624 748 2783 807 gente
2806 754 2865 795 se
2898 743 3042 810 ipsos
3086 758 3278 814 sponte
3337 750 3600 806 exhibue-

2025 833 2172 888 runt,
2198 838 2335 892 quos
2359 828 2609 883 dicebant
2634 845 2753 886 esse
2782 847 3133 892 averruneos.
3166 838 3227 891 lli
3259 857 3380 895 cum
3403 844 3466 895 ad
3499 843 3600 897 Ze—

2022 914 2305 968 marcbum
2366 920 2742 987 accessissent,
2794 924 3028 979 sarcinis
3082 926 3361 995 depositis,
3424 932 3595 987 thuris

2020 1001 2144 1056 folia
2204 1003 2583 1074 incenderunt,
2629 1008 2989 1081 Scythicaque
3033 1014 3210 1085 lingua
3268 1020 3449 1075 nescio
3479 1038 3596 1089 quae

2019 1093 2183 1146 verba
2228 1106 2603 1159 susurrarunt,
2630 1107 2686 1153 ct
2715 1100 3091 1158 tintinnabulis
3134 1117 3293 1175 atque
3327 1112 3595 1178 tympanis

2019 1196 2362 1254 resonantes,
2390 1188 2584 1243 solium
2620 1182 2794 1246 thuris
2815 1193 2936 1263 igne
2972 1211 3090 1249 cum
3117 1200 3346 1267 strepitu
3379 1201 3592 1254 lacera-

2016 1286 2130 1333 tum
2171 1280 2650 1349 circumferebant,
2709 1293 2764 1338 et
2817 1284 3000 1340 furore
3032 1289 3223 1356 perciti
3275 1292 3594 1346 frementes-

2016 1384 2143 1438 que,
2201 1371 2471 1427 daemones
2509 1373 2778 1442 depellere
2823 1376 2998 1432 videri
3026 1379 3301 1435 volebaut.
3349 1382 3603 1437 Adversa.

2016 1460 2202 1531 igitur,
2234 1474 2290 1515 ut
2331 1464 2740 1531 existimabant,
2786 1466 2893 1523 alio
2941 1470 3205 1534 aversuri,
3234 1470 3589 1529 Zemarchum

2016 1553 2192 1622 ipsum
2226 1570 2322 1622 per
2377 1555 2650 1611 ﬂammam
2707 1559 2999 1625 duxerunt,
3037 1576 3144 1629 quo
3171 1562 3277 1617 ritu
3331 1578 3391 1619 se
3445 1566 3591 1634 ipsos

2015 1660 2229 1715 quoque
2251 1646 2509 1702 lustrasse
2550 1650 2652 1704 sibi
2685 1650 3027 1706 videbantur.
3050 1652 3147 1708 His
3178 1655 3251 1708 ita
3300 1657 3584 1719 confectis.

2015 1736 2405 1792 deducentibus
2449 1739 2645 1807 quibus
2691 1740 2793 1795 hoc
2845 1754 3042 1794 munus
3096 1742 3461 1808 incumbebat,
3516 1744 3593 1799 ad

2016 1824 2216 1891 locum,
2246 1828 2337 1882 ubi
2381 1838 2499 1882 erat
2540 1830 2854 1900 Chaganus,
2912 1832 2964 1886 in
2992 1843 3197 1900 monte,
3241 1837 3331 1904 qui
3362 1847 3599 1891 vocatur

2015 1916 2158 1982 ipsos
2183 1918 2368 1987 Ectag.
2395 1927 2633 1974 montem
2666 1936 2891 1976 aureum
2921 1922 3151 1986 diceres.
3181 1926 3403 1993 profecti
3434 1942 3579 1983 sunt.

2014 2005 2070 2061 In
2095 2008 2251 2077 hujus
2279 2010 2520 2065 convalle
2566 2021 2680 2067 tum
2720 2014 2979 2083 temporis
3004 2027 3120 2070 erat
3144 2018 3385 2072 Disabuliv
3412 2022 3581 2075 domi-

2014 2099 2217 2153 cilium.
2256 2100 2389 2155 llluc
2411 2117 2534 2157 cum
2583 2105 2883 2167 venissent,
2927 2108 3102 2163 vocati
3138 2111 3323 2163 statim
3353 2113 3418 2163 ad
3450 2112 3582 2166 Cha.

2012 2207 2207 2260 ganum
2248 2204 2615 2249 accesserunt.
2644 2194 2696 2251 Is
2727 2210 2851 2252 vero
2883 2199 3024 2253 intra
3084 2202 3371 2256 tentorium
3423 2219 3578 2257 suum

2010 2285 2234 2339 sedebat
2270 2285 2323 2337 in
2346 2285 2478 2341 sella
2529 2287 2736 2342 duabus
2770 2290 2903 2344 rotis
2930 2290 3170 2356 suﬂ‘ulta,
3200 2308 3339 2363 quae,
3371 2295 3413 2350 si
3446 2311 3583 2366 opus

2010 2381 2174 2439 esset,
2206 2390 2311 2429 uno
2334 2389 2473 2443 equo
2499 2376 2831 2434 trahebatur.
2865 2380 3035 2446 Quem
3065 2400 3187 2439 cum
3225 2387 3574 2450 salutassent.

2009 2478 2257 2528 munera,
2294 2474 2352 2519 ut
2382 2480 2500 2522 mos
2552 2479 2656 2533 est,
2699 2471 3058 2540 protulerunt,
3106 2491 3227 2544 qua:
3259 2478 3333 2543 hi,
3384 2480 3577 2546 quibus

2009 2554 2111 2608 hoc
2150 2558 2459 2612 mandatum
2487 2570 2625 2627 erat,
2651 2574 3023 2633 susceperunt.
3043 2567 3179 2622 Tum
3212 2568 3543 2625 Zemarcbus
3566 2586 3573 2595 '

2011 2661 2030 2697 ι
2087 2645 2229 2711 Tibi,
2278 2648 2535 2717 inquit,-o
2588 2660 2665 2706 tot
2695 2656 2936 2724 gentium
2984 2656 3114 2723 dux,
3145 2659 3270 2728 quia
3306 2660 3575 2715 Romanos

2007 2737 2206 2807 diligis,
2239 2747 2292 2793 et
2323 2753 2510 2795 eorum
2545 2751 2598 2798 te
2625 2746 2875 2800 secunda:
2930 2764 3017 2802 res
3043 2749 3336 2814 delectant,
3393 2762 3576 2807 noster

2007 2845 2235 2899 magnus
2267 2830 2587 2900 imperator,
2620 2850 2706 2890 me
2732 2836 3091 2904 internuntio,
3132 2850 3404 2908 precatur,
3432 2853 3491 2893 ut
3520 2841 3571 2895 in

2005 2930 2321 2990 perpetuum
2352 2922 2479 2978 fulix
2512 2925 2612 2991 sis,
2645 2925 2925 2998 faustaque
2947 2928 3162 2985 fortuna
3187 2932 3376 2987 utaris.
3409 2932 3575 2987 Detur

2006 3014 2099 3068 tibi
2131 3014 2382 3070 inimicos
2414 3031 2628 3086 semper
2670 3031 2951 3089 superare,
2984 3031 3039 3075 et
3068 3022 3276 3091 praedas
3312 3038 3471 3093 agere
3506 3039 3571 3077 ex

2002 3104 2269 3161 hostibus.
2306 3106 2511 3162 Invidia
2545 3116 2724 3164 autem
2775 3125 2938 3180 quam
2991 3112 3309 3183 longissime
3353 3130 3383 3169 a
3417 3115 3571 3170 nobis

2000 3196 2161 3263 absit,
2213 3213 2331 3267 qua:
2390 3201 2660 3256 amicitias
2713 3202 3008 3259 dissolvere
3060 3214 3255 3273 potest.
3307 3205 3568 3275 Equidem

2001 3283 2208 3342 Turcos
2251 3296 2305 3342 et
2349 3296 2538 3355 gentes
2578 3289 2684 3344 illis
2718 3290 2961 3347 subditas
2987 3294 3416 3349 necessariorum
3451 3296 3570 3350 loco

1998 3375 2171 3432 habeo
2208 3396 2221 3433 :
2265 3386 2320 3433 et
2351 3393 2446 3433 vos
2476 3378 2665 3434 eodem
2697 3395 2822 3449 erga
2856 3397 2953 3437 uos
2981 3384 3162 3438 animo
3184 3383 3355 3439 eritis.
3387 3403 3407 3436 ι
3432 3383 3567 3439 Cum

1998 3467 2332 3526 Zemarcbus
2362 3469 2673 3539 hujusmodi
2689 3473 2991 3529 orationem
3012 3476 3311 3540 habuisset,
3337 3476 3565 3531 Disabu—

1996 3561 2079 3617 lus
2097 3562 2162 3617 ad
2176 3563 2421 3618 eamdem
2435 3564 2759 3619 sententiam
2780 3568 3212 3637 respondit.lnde
3228 3584 3286 3623 se
3302 3569 3368 3624 ad
3387 3572 3570 3626 convi-

1997 3652 2142 3705 vium
2166 3662 2569 3719 converterunt,
2597 3663 2652 3709 et
2676 3657 2818 3723 quod
2844 3657 3110 3727 reliquum
3146 3658 3301 3730 153
3326 3660 3431 3716 fuit
3459 3663 3563 3718 diei

1996 3745 2047 3798 in
2078 3747 2266 3799 eodem
2303 3747 2538 3802 tentorio
2563 3749 2722 3817 genio
2759 3750 3103 3820 indulgentes
3164 3762 3541 3823 transegeruut

1996 3834 2123 3890 Erat
2143 3846 2326 3891 autem
2352 3836 2483 3891 illud
2512 3839 2805 3893 tentorium
2836 3840 3158 3896 instructum
3188 3843 3377 3897 sericis
3414 3854 3561 3912 tape‘

1995 3930 2157 3991 tibus,
2190 3929 2395 3985 aﬂ‘abre
2423 3945 2521 3997 per
2555 3930 2764 3985 colores
2793 3930 3104 3998 variegatis.
3137 3931 3331 3986 Vinum
3369 3936 3559 4003 praebi-

317 4026 378 4064 τε
436 4008 576 4067 οὖσα
629 4014 1024 4087 διαῤῥηγνύναι
1067 4020 1192 4081 τοὺς
1254 4020 1352 4089 τῆς
1396 4023 1579 4089 φιλίας
1632 4023 1885 4095 θεσμούς.

2016 4035 2102 4073 um
2137 4019 2352 4088 quidem
2392 4021 2498 4075 illis
2531 4028 2637 4081 est.
2669 4034 2777 4074 non
2812 4027 2991 4073 autem
3031 4019 3083 4074 id
3107 4035 3301 4089 genus,
3332 4023 3472 4089 quod
3495 4038 3559 4075 ex

330 4102 643 4175 Ἐπιτήδεια
697 4107 888 4177 ἔμοιγε
918 4109 1028 4162 τῶν
1062 4110 1321 4181 Τούρκων
1362 4112 1429 4166 τὰ
1462 4113 1624 4180 φῦλα,
1658 4116 1751 4168 καὶ
1788 4117 1886 4170 ὅσα

2011 4111 2110 4165 Ivis
2156 4111 2480 4181 exprimitur
2530 4128 2545 4166 :
2600 4125 2779 4180 neque
2805 4111 2948 4166 enim
2985 4125 3171 4166 eorum
3198 4112 3344 4181 regio
3372 4113 3557 4169 vitium

315 4198 562 4265 κατήκοα
614 4198 895 4271 Τούρκων·
944 4198 1096 4265 ἕξετε
1125 4202 1183 4255 δὲ
1233 4205 1331 4274 τὴν
1380 4204 1502 4258 καθ’
1541 4207 1691 4276 ἡμᾶς
1723 4208 1768 4239 ⁸⁸
1793 4209 1886 4261 καὶ

2012 4217 2140 4257 erax
2174 4210 2309 4270 est,
2356 4216 2534 4271 neque
2581 4199 2739 4264 huius
2791 4200 3003 4272 generis
3051 4210 3181 4271 potu
3240 4202 3316 4255 uti
3356 4204 3558 4257 assueti

316 4286 475 4355 ὑμεῖς
504 4289 603 4340 οὐκ
634 4290 830 4354 ἄλλως.
868 4308 887 4341 ι
925 4291 1165 4347 Τοιαῦτα
1192 4294 1332 4355 ἄττα
1371 4294 1551 4361 ἔλεξεν
1596 4297 1624 4349 ό
1653 4298 1880 4370 Ζήμαρ-

2011 4305 2149 4363 ηιιιιις
2188 4294 2282 4349 sed
2313 4294 2421 4350 alio
2449 4294 2748 4349 barbarica:
2778 4294 3013 4363 potionis
3039 4306 3256 4365 genere,
3286 4296 3353 4348 ad
3397 4306 3554 4348 ιιιιιειι

314 4392 451 4445 χος’
494 4380 522 4431 6
568 4381 623 4433 δὲ
672 4382 737 4451 δὴ
800 4380 1125 4447 Διζάόουλος
1158 4384 1252 4438 καὶ
1299 4384 1463 4449 αὐτὸς
1512 4389 1881 4458 προσρήσεσιν

2011 4385 2403 4441 ιίιιιὶιίιιιάἰιιειιι
2460 4385 2617 4441 facta:
2644 4387 2825 4442 satiati
2849 4385 2917 4441 ad
2970 4386 3286 4486 hospitium,
3325 4400 3434 4454 quo
3479 4386 3558 4486 di-

312 4471 584 4540 ὲχρήσατο
613 4474 843 4544 ὁμοίαις.
869 4473 1004 4529 Εἶτα
1024 4476 1086 4529 τὺ
1115 4476 1299 4531 λοιπὸν
1332 4478 1649 4551 ἐτράπησαν
1676 4482 1735 4544 ἐς
1774 4482 1882 4536 θοί-

2011 4483 2293 4539 rerterant,
2318 4475 2616 4530 redierunt.
2636 4476 2905 4533 Postridie
2929 4476 3090 4531 etiam
3122 4479 3176 4530 in
3206 4476 3311 4531 alio
3342 4477 3555 4544 tugurio

314 4577 433 4631 νην,
468 4565 560 4616 καὶ
598 4568 913 4640 πανημερίᾳ
971 4570 1016 4602 ⁸³
1079 4570 1445 4641 εὐωχούμενοι
1496 4572 1766 4627 διετέλουν
1822 4578 1880 4629 ὲν

2011 4574 2381 4631 :onveuerunt,
2426 4566 2572 4636 quod
2622 4579 2741 4624 erat
2769 4566 2932 4623 simili
2965 4576 3198 4637 tapetum
3255 4567 3557 4639 sericorum

312 4655 451 4724 αὐτῇ
503 4657 671 4727 δήπου
717 4663 783 4732 τῇ
851 4664 1045 4733 σκηνῇ.
1095 4662 1515 4717 Κατεσκεύαστο
1547 4665 1605 4718 δὲ
1639 4667 1788 4737 αὐτῷ
1819 4669 1877 4735 ἐξ

2011 4672 2183 4722 genere
2231 4657 2579 4726 adornatum,
2639 4659 2777 4743 etin
2808 4674 2915 4729 quo
2943 4658 3145 4726 elligies
3198 4660 3349 4714 varia
3381 4658 3576 4718 fortun.

312 4744 648 4816 ὑφασμάτων
692 4750 936 4822 anputth
975 4768 1037 4803 τε
1073 4752 1168 4805 καὶ¹
1196 4752 1722 4824 διαπεποικιλμένων
1764 4759 1876 4820 τοῖς

2011 4751 2366 4804 :ernebautur.
2396 4751 2631 4807 Sedebat
2654 4764 2834 4808 autem
2862 4753 2976 4823 ipse
2996 4752 3284 4808 Disabulus
3313 4754 3365 4808 in
3391 4752 3555 4835 lecto,

308 4835 594 4905 χρώμασιν
634 4839 875 4909 ἀτέχνως
898 4841 967 4895 ’⁸.
1002 4840 1144 4910 Οῐνῳ
1194 4842 1293 4910 μὲν
1326 4837 1419 4896 οὖν
1453 4844 1744 4913 ἐχρήσατο,
1779 4846 1876 4917 οὐχ

2011 4837 2073 4906 ιιιί
2099 4846 2257 4929 .totus
2296 4848 2413 4893 erat
2439 4855 2506 4895 ex
2549 4856 2685 4895 auro
2710 4842 3012 4906 confectus,
3040 4851 3094 4896 et
3122 4843 3175 4896 in
3207 4844 3382 4897 medio
3408 4858 3549 4898 cou—

305 4926 479 4997 ὁμοίῳ
506 4929 562 4982 δὲ
590 4930 636 4962 τί
677 4931 757 5000 τῷ
786 4931 919 5001 παρ’
952 4933 1084 5002 ἡμῖν
1123 4932 1494 5005 ὲκθλιδομένῳ
1541 4937 1605 4988 ὲκ
1643 4936 1740 5005 τῆς
1766 4940 1893 5005 ἀμ..

2013 4926 2146 4986 lavis
2204 4938 2362 4987 erant
2424 4947 2589 4994 urna,
2644 4933 3006 5003 aquimiuaria
3060 4940 3114 4988 et
3162 4933 3303 4988 dolia
3360 4948 3544 4987 aurea.

309 5012 496 5066 πέλου·
551 5015 614 5068 οὐ
658 5018 767 5087 γὰρ
815 5020 879 5089 δὴ
914 5020 1296 5091 άμπελοφόρος
1344 5024 1527 5087 αὐτοῖς
1558 5025 1590 5094 ἡ
1617 5025 1711 5096 γῆ,
1755 5027 1876 5081 οὐδὲ

2011 5028 2271 5093 'ostquam
2307 5024 2502 5079 iterum
2530 5024 2804 5080 convivali
2830 5029 3233 5107 erant,etjpter
3252 5025 3546 5094 potandum

309 5103 416 5171 μὴν
464 5105 510 5138 τ’
563 5108 888 5178 ὲγιιωριέιζει
936 5112 1066 5182 παρ’
1120 5115 1304 5177 αὐτοῖς
1346 5114 1407 5167 τὸ
1450 5115 1652 5168 τοιόνδε
1698 5118 1873 5184 γένος·

2016 5129 2098 5170 ua:
2124 5113 2374 5170 convivio
2416 5114 2810 5170 conveniebant
2869 5116 3119 5170 dixerant
3146 5103 3201 5170 et
3232 5115 3541 5175 audierant.

260 5220 269 5223 ν
307 5196 495 5266 ἑτέρου
524 5198 581 5253 δέ
608 5218 751 5265 τινος
780 5202 1117 5276 βαρϐαρικοῦ
1161 5206 1566 5278 ἐνεφορήθησαν
1590 5206 1875 5276 γλεύκους.

2014 5212 2365 5267 iscesserunt.
2390 5206 2660 5264 Postridie
2689 5208 2741 5263 in
2768 5208 2874 5263 alio
2904 5209 3135 5265 tentorio
3151 5219 3541 5274 convenerunt,
3570 5276 3571 5279 η

1581 5317 1819 5373 νΑιιιΑς
1852 5320 2235 5379 LECTIONES

378 5426 424 5530 ‘.’
453 5429 651 5530 κάμῖξιιι
684 5431 775 5530 "-:
826 5434 1000 5530 “av.
1021 5438 1167 5530 γυιεο
1245 5440 1292 5471 οδ
1318 5441 1617 5525 ἀπςισεων.
1639 5440 1727 5523 Νςς
1760 5445 2035 5530 semita"
2054 5446 2203 5530 ιὐιε·
2231 5429 2545 5530 ..ἐᾷ’νιεψθ.
2577 5441 2915 5530 ἐπεφέρξιιξιῑ
2936 5473 3004 5483 -
3034 5426 3454 5530 βάρξαρανέιυω

308 5496 1074 5600 εξοι.Ιριειξιάτυεπξι.ειεξίιιάιι
1109 5496 1237 5596 53v.
1266 5510 1462 5600 ξρορτίίι
1494 5496 1729 5600 restituit
1783 5515 2025 5600 Toupius
2052 5515 2095 5600 tu.
2133 5496 2185 5582 ιῖἶ
2229 5514 2352 5600 sese.
2385 5511 2612 5600 (canta!)
2647 5496 2713 5600 ἓξ
2755 5496 3022 5600 insana
3080 5496 3228 5600 tuth.“
3272 5515 3420 5600 εἰᾶτρ
3474 5518 3538 5598 u.

305 5567 476 5621 Recte
508 5569 628 5651 Val.
769 5576 892 5658 καθ’
916 5575 1003 5658 9.,
1037 5577 1165 5658 παρ’
1191 5567 1350 5658 vulg:
1412 5581 1458 5612 ⁸⁸
1483 5584 1553 5635 τὰ
1575 5567 2018 5658 ιιι-ήέιςιιιιξῇξῖίξ⁷
2052 5585 2095 5616 ⁸⁹
2118 5567 2448 5658 πανημέρέρι
2471 5567 2616 5658 ὀριιῇ
2648 5581 2709 5634 Β.
2740 5650 2752 5658 _
2778 5583 2822 5613 ⁷⁰
2845 5583 3111 5658 εὐτέχνως
3150 5567 3204 5640 εἶ
3235 5600 3357 5641 mox
3382 5567 3540 5658 exp};

310 5653 471 5690 σαν-ιο
507 5640 652 5709 conj.
696 5641 761 5696 Ν,
839 5644 879 5675 ⁷¹
909 5644 966 5697 δὲ
1010 5640 1154 5716 vulg.
1184 5640 1406 5717 ponitur
1435 5663 1557 5721 post
1584 5640 1730 5724 οἴνὶρ,
1772 5640 1924 5710 deest
1960 5664 2080 5725 post
2109 5640 2295 5725 όμοίιξὶ.
2345 5640 2415 5683 ’τ’
2451 5640 2662 5724 μὴνῖδη
2698 5650 2798 5722 μὲν
2828 5641 2974 5722 νυιὸέ
