4006 6214
525 265 630 327 887

1410 267 1799 327 EXCERPTA
1832 266 1937 328 'EX
1970 268 2023 325 Μ
2038 267 2391 326 ENANDRO
2430 265 2917 325 I’ROTECTORE

3630 267 3720 329 838

528 380 585 433 in
612 392 720 449 quo
751 389 907 433 erant
938 382 1194 433 columnae
1228 380 1433 448 lignem,
1489 393 1625 431 auro
1652 376 1901 431 involuta!
1948 395 1959 430 ε
1999 392 2089 428 au-
2117 430 2121 437 Α

2203 377 2302 428 Καὶ
2325 375 2698 445 ἀνεχώρησαν,
2733 377 2854 427 ὅποι
2885 374 3065 443 αὐτοῖς
3107 374 3139 441 ἡ
3176 372 3464 435 κατάλυσις
3495 369 3576 443 ἦν.
3610 372 3723 429 Εἶτα

531 478 703 522 ratum
736 470 897 524 etiam
927 469 1125 533 cubile,
1166 480 1400 537 quatuor
1439 470 1739 538 pavonibus
1770 470 1949 523 aureis
1989 468 2089 522 ful-

531 571 662 615 tum.
690 562 771 614 Ad
805 560 1125 616 vestibulum
1167 560 1284 628 ejus
1333 558 1457 624 loci,
1497 560 1585 613 ubi
1632 561 2089 625 commorabatur,

528 654 785 722 disposita
840 661 996 706 erant
1050 652 1309 722 plaustra,
1347 654 1542 723 quibus
1606 653 1781 707 inerat
1810 653 1973 707 multa
2000 668 2089 705 ar-v

527 754 714 813 gentea
754 743 1014 813 supellex,
1050 744 1180 798 disci
1206 754 1259 798 et
1292 743 1499 808 lances,
1523 754 1577 797 et
1620 745 1862 814 plurimae
1900 753 2092 799 statua:

526 835 837 889 animalium
891 844 1117 905 argento
1176 838 1486 902 elaboratis,
1543 851 1661 905 qua:
1706 844 1990 891 venustate
2039 842 2094 889 et

527 926 789 991 elegantia
843 940 947 979 non
980 928 1346 980 concedebant
1391 926 1615 980 nostris.
1650 928 1727 979 Eo
1761 940 1932 993 usque
1961 940 2094 993 epu-

527 1014 687 1067 leutia
727 1014 881 1068 ducis
917 1014 1211 1069 Turcorum
1258 1015 1541 1083 processit.
1594 1015 1726 1068 Cum
1765 1015 2093 1069 Zemarchus

526 1116 579 1160 cl
613 1106 702 1174 qui
737 1122 856 1161 cum
902 1121 966 1161 eo
990 1116 1146 1160 erant
1195 1107 1305 1161 illic
1338 1121 1541 1160 moram
1568 1107 1860 1171 traherent,
1894 1106 2094 1175 placuit

532 1194 804 1262 Disabulo,
836 1204 892 1248 ut
922 1209 981 1249 se
1031 1195 1462 1263 proﬁciscentem
1516 1207 1705 1250 contra
1751 1196 1942 1251 Persas
1993 1195 2094 1250 Ze-

532 1287 783 1340 marchus
809 1295 1128 1355 sequeretur
1159 1302 1279 1341 cum
1332 1287 1518 1353 viginti
1564 1302 1629 1341 ex
1676 1288 1812 1351 suis,
1871 1289 1962 1357 qui
2016 1287 2094 1340 illi

531 1379 941 1432 ministrarent:
979 1379 1186 1433 interea
1216 1379 1407 1447 reliqui
1457 1380 1823 1433 Romanorum
1854 1380 1969 1449 ejus
2018 1394 2097 1434 re-

528 1470 698 1523 (litum
741 1469 793 1523 in
842 1467 1175 1524 Chliatarum
1215 1470 1435 1538 regione
1469 1470 1867 1540 opperirentur.
1922 1472 2096 1539 Atque

531 1562 575 1613 is
605 1573 698 1614 eos
720 1560 773 1614 in
813 1560 1055 1615 discessu
1084 1564 1402 1616 muneribus
1447 1561 1674 1617 donatos
1705 1577 1733 1615 a
1782 1578 1839 1617 se
1869 1562 2095 1617 dimisit.

2194 468 2251 529 ἐς
2286 468 2344 519 τδ
2374 466 2565 537 αὔριον
2606 468 2665 521 ἐν
2718 467 2881 538 ἑτέρᾳ
2914 466 3021 518 τινὶ
3056 463 3267 535 καλύὸῃ
3325 464 3589 534 ξυνῆλθον,
3631 469 3724 536 ὴμ-

2192 559 2458 631 φιεσμένῃ
2509 559 2566 611 δὲ
2606 559 2700 612 καὶ
2757 557 3294 627 καταπεποικιλμένη
3330 559 3426 610 οὐκ
3474 559 3634 621 ἄλλως
3678 562 3726 624 ἐξ

2196 652 2425 721 ἱματίων
2478 651 2739 719 σηρικῶν·
2796 649 2927 703 ἔνθα
2972 648 3065 702 καὶ
3095 648 3381 718 ἀγάλματα
3423 649 3643 717 διάφορα
3674 655 3725 721 τῇ

2196 744 2375 813 μορφῇ
2443 743 2709 809 εἱστήκει.
2759 742 2817 793 ὐ
2874 740 2931 792 δέ
3002 739 3322 802 Διζάὸουλος
3386 739 3618 801 ἐνίζανεν
3654 743 3729 793 ἐπὶ

2192 834 2378 904 κλίνης
2411 835 2576 897 τινὸς,
2604 833 2731 903 ὅλης
2762 834 2825 885 ἐκ
2858 832 3081 903 χρυσοῦ.
3113 834 3271 887 Κατὰ
3308 833 3363 885 δέ
3410 833 3472 902 δὴ
3507 834 3563 886 τὸ
3592 835 3728 903 μέσον

2190 924 2286 978 τοῦ
2327 924 2742 995 ἐνδιαιτήματος
2769 923 3001 987 κάλπεις
3035 941 3093 976 τε
3137 927 3338 994 χρυσαῖ
3377 926 3469 976 καὶ
3498 942 3729 993 περιρανσ

2191 1017 2376 1086 τήρια,
2414 1014 2491 1067 ἔτι
2523 1032 2583 1067 τε
2615 1015 2761 1068 πίθοι
2795 1016 3005 1084 χρυσοῖ.
3038 1014 3431 1084 Θοινησάμενοι
3468 1014 3511 1065 δ’
3541 1011 3628 1067 οὖν
3660 1018 3730 1068 καὶ

2193 1101 2370 1170 αὖθις,
2403 1104 2499 1158 καλ⁵
2527 1104 2597 1157 τὰ
2630 1105 2731 1157 ὅσα
2790 1104 2959 1175 ἐχρῆν
3000 1106 3059 1157 ἐν
3103 1106 3253 1174 πότῳ
3282 1106 3528 1168 εἰπόντες
3558 1124 3613 1158 τε
3655 1110 3732 1160 καὶ

2194 1197 2513 1266 ἀκηκοότες,
2544 1196 2921 1267 ἀνεχώρησαν.
2951 1199 3030 1267 Τῇ
3072 1198 3199 1267 ἐξῆς
3237 1201 3293 1250 ἐν
3322 1200 3487 1268 ἑτέρᾳ.
3515 1199 3732 1264 ἐγένοντο

2194 1290 2393 1361 διαίτῃ,
2424 1289 2549 1342 ἔνθα
2574 1288 2775 1355 ξύλινοι
2809 1290 2984 1352 κίονες
3029 1287 3169 1362 ἦσάν
3214 1308 3378 1353 τινες,
3428 1291 3731 1361 ἐνδεδυμένοι

2194 1382 2402 1454 χρυσῷ,
2430 1381 2765 1452 χρυσήλατός
2788 1398 2847 1434 τε
2876 1381 3031 1453 κλίνη
3054 1383 3273 1450 ὁμοίως,
3298 1382 3491 1452 ἥντινά
3511 1399 3567 1448 γε
3587 1382 3731 1450 δήπου

2196 1477 2290 1528 καὶ
2317 1475 2523 1536 τάωνες
2570 1475 2765 1542 χρυσοῖ
2799 1472 3060 1544 τέτταρες
3085 1475 3318 1545 ᾑώρουν.
3353 1473 3509 1526 Κατὰ
3535 1473 3585 1525 δὲ
3609 1473 3663 1541 δὴ
3688 1472 3735 1523 τὸ

2197 1567 2528 1636 ὲμπρύσθιον
2553 1564 2655 1633 τῆς
2690 1563 2899 1633 διαίτης
2942 1566 3035 1618 ἐπὶ
3064 1566 3198 1617 πολὺ
3230 1566 3596 1633 παρετέταντο
3617 1563 3736 1632 ἆμα-

531 1648 887 1704 Zemarchum
932 1665 1148 1719 quoque
1200 1651 1484 1706 honoravit
1532 1652 1746 1719 captiva
1797 1652 2095 1707 concubina

2203 1658 2305 1723 ξαι,
2331 1661 2386 1711 ἐν
2407 1653 2493 1720 αἷς
2524 1659 2656 1711 πολύ
2682 1676 2733 1711 τι
2755 1659 2943 1729 χρῆμα
2955 1657 3199 1727 ἀργύρου
3220 1657 3381 1725 ἐπῆν,
3401 1655 3573 1708 δίσκοι
3592 1672 3643 1706 τε
3662 1657 3737 1705 καὶ

530 1757 596 1793 ex
626 1741 730 1803 his,
762 1756 882 1809 qua:
931 1741 1153 1796 Cerchis
1177 1744 1447 1796 dicuntur.
1502 1743 1577 1797 lta
1621 1743 1949 1798 Zemarchus
1975 1760 2094 1797 cum

2203 1720 2359 1803 που
2398 1750 2458 1802 οὐ
2494 1748 2597 1821 μὴν
2626 1720 2887 1802 mssa
2914 1720 3261 1818 τετραπόδων
3294 1720 3589 1817 timum
3617 1747 3736 1797 πλεῖ-

534 1833 787 1889 l)isabulo
809 1833 1009 1888 bellum
1038 1850 1158 1889 cum
1203 1834 1383 1889 Persis
1425 1848 1645 1904 gesturo
1690 1835 1966 1905 profectus
1993 1846 2093 1892 est.

535 1925 643 1977 lter
670 1926 872 1979 emensi
908 1926 959 1978 in
985 1926 1124 1987 loco,
1157 1927 1247 1992 qui
1282 1926 1481 1979 dicitur
1505 1926 1685 1989 Talus,
1716 1929 2095 1981 consederunt.

536 2017 633 2069 llic
659 2017 870 2069 obviam
894 2018 1043 2070 venit
1083 2017 1338 2069 Disabnlo
1372 2018 1655 2071 Persarum
1692 2019 1920 2086 legatus,
1939 2034 2097 2087 quem

534 2119 639 2157 una
681 2120 803 2158 cum
861 2104 1226 2157 Romanorum
1274 2107 1451 2175 legato
1483 2108 1547 2161 ad
1595 2121 1801 2161 coenam
1833 2108 2097 2161 invitavit.

533 2194 612 2245 Ad
649 2208 766 2247 eam
798 2209 918 2247 cum
962 2197 1343 2263 accessissent,
1398 2198 1565 2265 multo
1610 2199 1729 2267 plus
1758 2200 1979 2254 honoris
2002 2198 2099 2253 de-

538 2284 657 2336 tulit
693 2283 979 2339 Disabnlus
1006 2284 1291 2351 Romanis,
1339 2304 1499 2357 quam
1533 2287 1765 2344 Persicis
1808 2290 2018 2359 legatis,
2044 2298 2101 2343 et

536 2375 899 2431 Romanarum
949 2378 1184 2447 legatum
1236 2380 1582 2435 honoratiore
1639 2383 1753 2435 loco
1778 2383 2101 2436 accumbere

530 2468 710 2534 jussit.
755 2469 893 2535 Quin
940 2471 1101 2524 etiam
1148 2471 1373 2525 multum
1426 2472 1491 2525 de
1533 2472 1711 2526 Persis
1738 2482 1818 2526 est
1847 2483 2096 2541 questus,

538 2574 791 2631 tanquam
821 2563 888 2617 ab
921 2563 1004 2617 Itis
1033 2561 1200 2616 multa
1235 2563 1430 2629 injusta
1462 2578 1651 2632 passus
1681 2573 1842 2627 esset,
1893 2580 2012 2631 quae
2047 2575 2105 2619 ut

539 2653 679 2707 bello
709 2661 763 2707 et
819 2656 985 2707 armis
1045 2655 1364 2715 vindicaret,
1391 2662 1627 2708 venerat.
1653 2652 1787 2707 Cum
1819 2652 2103 2709 Disabulus

536 2744 787 2796 acerbius
826 2744 1193 2804 inveheretur,
1234 2742 1519 2797 Persarum
1566 2744 1774 2813 legatus
1822 2746 1990 2815 legem
2033 2746 2104 2798 si-

539 2836 692 2889 lentii
744 2835 883 2903 apud
936 2836 1083 2903 ipsos
1130 2837 1182 2890 in
1239 2838 1507 2891 conviviis
1552 2838 1828 2892 observari
1890 2839 2101 2892 solitam

542 2940 934 2997 transgressus,
964 2928 1272 2981 summatim
1318 2929 1478 2997 carpit
1520 2929 1787 2984 disserere
1811 2939 1863 2983 et
1912 2944 2104 2997 magno

2200 1858 2322 1905 στα,
2362 1841 2459 1894 καὶ
2488 1840 2630 1894 αὐτά
2660 1857 2724 1909 γε
2772 1839 3041 1911 δήπουθεν
3072 1838 3513 1909 ἁργυροποίητα,
3545 1836 3677 1891 οὐδέν
3696 1853 3736 1887 τι

2198 1934 2495 1988 ἀποδέοντα
2535 1933 2645 1986 τῶν
2680 1933 2805 2003 παρ’
2834 1934 2987 2001 ἡμῖν.
3021 1931 3191 1983 Τοῦτο
3220 1930 3267 1961 ⁷³
3300 1929 3400 1999 μέν
3440 1928 3531 1981 οὖν
3558 1928 3625 1997 τῷ
3652 1927 3737 1977 τῶν

2199 2025 2459 2095 Τούρκων
2518 2025 2747 2096 ἡγεμόνι
2810 2023 2987 2076 ἔνεστι
3036 2023 3084 2053 ’⁸
3120 2020 3321 2092 χλιδῆς,
3379 2020 3506 2073 Τῶν
3546 2020 3598 2073 δέ
3638 2019 3739 2085 περὶ

2200 2118 2491 2186 Ζήμαρχον
2542 2114 2621 2167 ἐτι
2654 2116 2832 2167 ἐκεῖσε
2866 2112 3332 2182 ἐνδιατριϐόντων,
3383 2110 3535 2174 ἔδοξε
3561 2109 3630 2177 τῷ
3672 2110 3739 2159 Δι-

2200 2208 2462 2277 ζαϐούλῳ,
2490 2207 2630 2260 ὥστε
2658 2206 2817 2261 αὐτὸν
2864 2206 2962 2276 μὲν
2998 2205 3288 2275 Ζήμαρχον
3331 2202 3461 2272 ἅμα
3489 2201 3645 2254 εἴκοσι
3674 2199 3739 2251 Θε-

2205 2301 2502 2369 ραπευταῖς
2553 2314 2611 2351 τε
2655 2297 2750 2350 καὶ
2782 2297 3001 2359 ὀπαδοῖς
3049 2294 3277 2347 ἐπεσθαί
3327 2294 3376 2345 οἱ
3415 2294 3739 2360 ὲκστρατενοο

2204 2392 2350 2461 μένῳ
2387 2390 2525 2443 κατὰ
2558 2389 2803 2459 Περσῶν,
2825 2389 2949 2450 τοὺς
2990 2387 3047 2439 δέ
3087 2385 3280 2447 ἄλλους
3328 2383 3630 2454 Ῥωμαίους
3666 2383 3741 2432 ἐπε

2202 2477 2640 2548 αναστρέφοντας
2670 2476 2812 2528 κατὰ
2841 2476 2904 2546 δὴ
2932 2475 3030 2545 τὴν
3063 2475 3246 2545 χώραν
3278 2473 3388 2526 τῶν
3432 2470 3739 2526 Χολιατῶν”

2204 2569 2494 2636 ἀναμένειν
2520 2567 2619 2635 τὴν
2650 2567 2944 2638 Ζημάρχου
2971 2566 3250 2620 ἐπάνοδον.
3277 2564 3389 2618 Καὶ
3409 2565 3482 2635 δὴ
3504 2564 3560 2627 ὃς
3590 2562 3671 2634 [τῷ
3688 2558 3741 2630 "]

2203 2658 2440 2729 προύϐη,
2471 2658 2664 2731 δώροις
2692 2676 2751 2714 τε
2774 2659 3307 2731 φιλοφρονησάμενος
3338 2657 3543 2719 αὐτοὺς
3571 2654 3739 2722 deiter

2202 2752 2294 2804 τὸν
2333 2751 2391 2803 δὲ
2423 2752 2711 2823 Ζήμαρχον
2739 2752 2832 2804 καὶ
2859 2750 3162 2821 θεραπαίνῃ
3183 2750 3412 2818 ἐτίμησε
3430 2746 3742 2817 ,δοριαλώτῳο

2202 2846 2236 2913 ἡ
2266 2843 2322 2895 δέ
2352 2838 2420 2913 ἧν
2452 2845 2515 2896 ἐκ
2550 2844 2658 2895 τῶν
2701 2843 3010 2911 λεγομένων
3036 2842 3255 2912 Χερχίς.
3292 2842 3400 2893 Καὶ
3424 2844 3459 2893 ὁ
3498 2842 3745 2909 Ζήμαρχος

2208 2938 2304 2989 σὺν
2337 2935 2415 3005 τῷ
2456 2934 2766 3005 Διξαϐούλῳ
2790 2933 3082 3003 ἐπορεύετο
3115 2932 3490 3003 μαχησομένῳ
3529 2930 3743 2997 Πέρσαις.

541 3019 726 3073 animo
777 3019 1012 3073 Disabuli
1054 3018 1464 3075 criminationes
1526 3020 1798 3085 rclutavit,
1857 3018 2013 3090 154
2048 3026 2107 3074 ut

2225 3027 2312 3080 ’Ev
2336 3028 2511 3099 ταύτῃ
2537 3027 2707 3097 δήπου
2742 3028 2808 3095 τῇ
2843 3024 3037 3095 πορείᾳ
3061 3023 3362 3091 γενόμενοι,
3389 3024 3453 3074 ἐν
3492 3021 3641 3091 χώρῳ
3665 3017 3747 3068 τινὶ

542 3111 630 3179 qui
662 3110 888 3164 aderant
915 3110 1265 3174 mirarentur,
1295 3124 1417 3164 eum
1449 3110 1501 3163 in
1528 3121 1633 3164 tam
1658 3110 1948 3164 violentam
1971 3112 2104 3163 iram

540 3201 916 3263 uardescere,
960 3210 1039 3267 ut,
1074 3202 1217 3255 nulla
1260 3202 1441 3256 habita
1472 3201 1605 3271 legis
1650 3202 1878 3268 ratione,
1924 3202 2108 3256 multis

542 3293 1025 3361 intemperantihns
1053 3292 1233 3347 verbis
1256 3302 1521 3347 uteretur.
1550 3292 1676 3347 Post
1702 3294 1818 3347 hrcc
1844 3293 2109 3355 cttmfdis-

541 3382 857 3445 cessissent,
909 3380 1196 3435 Disabulus
1226 3382 1282 3433 in
1334 3381 1528 3435 Persas
1587 3382 1884 3434 contendit.
1920 3381 1981 3433 Et
2012 3382 2109 3435 Ze-

544 3473 766 3526 marcho
800 3480 853 3523 et
879 3471 999 3537 ejus
1046 3471 1333 3524 comitibus
1363 3471 1428 3524 ad
1457 3487 1516 3525 se
1549 3472 1777 3536 vocatis,
1806 3472 1892 3525 ubi
1922 3474 2109 3527 amici-

546 3564 671 3614 tiam
728 3576 848 3614 cum
897 3561 1156 3614 Romanis
1199 3560 1588 3626 conﬁrmasset,
1640 3577 1754 3629 eos,
1798 3572 1857 3617 ut
1897 3564 1963 3616 ad
2011 3579 2109 3617 sua

554 3653 814 3716 redirent,
848 3651 1042 3706 missos
1073 3652 1220 3706 fecit.
1246 3650 1382 3706 Cum
1415 3652 1499 3707 his
1531 3668 1747 3723 quoque
1785 3654 1947 3709 alium
1995 3670 2024 3707 a
2054 3670 2113 3710 se

548 3745 614 3797 ad
646 3745 916 3797 llomanos
962 3744 1198 3813 legatum
1237 3744 1408 3811 misit,
1453 3746 1581 3815 quia
1610 3746 1874 3812 Maniach,
1902 3748 1968 3800 de
2005 3762 2112 3816 quo

548 3850 711 3901 supra
753 3834 1008 3896 diximus,
1054 3834 1160 3887 vita
1192 3845 1521 3890 excesserat.
1554 3835 1689 3891 Huic
1714 3836 1890 3907 legato
1916 3852 2111 3893 nomen

546 3936 667 3981 erat
699 3924 925 3995 Tagma,
971 3927 1207 3997 dignitas
1251 3942 1381 3983 vero
1412 3928 1682 3987 Tarchan.
1718 3928 1817 3985 llic
1860 3930 2019 4000 igitur
2057 3936 2115 3982 ut

547 4019 871 4090 legationem
902 4020 1042 4089 apud
1067 4019 1339 4076 Romanos
1366 4022 1561 4087 obiret,
1585 4038 1615 4076 a
1644 4022 1894 4077 Disabulo
1920 4023 2113 4083 missus

545 4120 631 4164 est
656 4128 670 4165 :
699 4126 802 4164 una
825 4126 948 4165 cum
977 4126 1043 4165 co
1073 4110 1319 4167 Maniach
1368 4113 1505 4182 ejus,
1545 4112 1638 4182 qui
1670 4128 1840 4181 nuper
1872 4122 2113 4167 mortuus

547 4212 686 4266 erat,
732 4203 874 4257 [ilius
903 4204 1192 4259 admodum
1244 4204 1582 4260 adolescens.
1613 4206 1664 4259 Is
1693 4204 1831 4274 patri
1860 4205 1913 4258 in
1947 4204 2115 4272 magi-

2212 3118 2630 3172 καταλυσάντων
2682 3117 2862 3169 αὐτῶν
2916 3114 3329 3183 ἐπικαλουμένῳ
3371 3112 3559 3172 Τάλας
3608 3111 3747 3162 ὑπαν-

2210 3211 2381 3275 τιάζει
2415 3209 2492 3278 τῷ
2520 3206 2828 3276 Διζαόούλῳ
2866 3205 3091 3275 Περσῶν
3137 3204 3507 3275 πρεσϐευτής.
3542 3199 3749 3255 Καὶτοῐ-

2212 3318 2307 3353 νυν
2355 3298 2683 3365 ξυνεκάλεσε
2733 3298 2863 3365 παρ’
2896 3296 3044 3365 αύτῷ
3082 3294 3513 3364 ἐστιασομένους
3558 3292 3668 3349 τούς
3704 3304 3748 3338 τε

2223 3389 2505 3457 Ῥωμαίων
2534 3388 2629 3441 καὶ
2659 3385 2886 3456 Περσῶν
2923 3385 3202 3455 πρέσϐεις.
3234 3386 3345 3437 Καὶ
3371 3384 3434 3454 δὴ
3481 3396 3751 3451 παραγενο-

2213 3479 2388 3549 μένων
2419 3477 2618 3541 αὐτῶν,
2648 3478 2772 3539 τοὺς
2817 3475 3119 3545 Ῥωμαίους
3148 3478 3176 3528 ὁ
3201 3474 3533 3539 Διζάϐουλος
3563 3477 3618 3526 ἐν
3644 3471 3749 3537 τιμῇ

2211 3569 2415 3622 πλείονι
2444 3569 2756 3638 ἐποιήσατο,
2792 3569 2868 3630 ὡς
2913 3568 3007 3620 καὶ
3048 3566 3192 3620 κατὰ
3226 3566 3326 3635 τὴν
3357 3563 3753 3630 ἐπικυδεστέραν

2211 3658 2497 3711 ἀνακλῖναι
2526 3657 2770 3709 στιϐάδα.
2816 3657 2960 3726 Πρός
2992 3674 3057 3724 γε
3092 3656 3186 3709 καὶ
3217 3654 3443 3708 πλεῖστα
3477 3650 3756 3722 ἐπιμεμᾳὼ

2215 3766 2376 3819 μενος
2404 3745 2472 3820 ἦν
2510 3749 2633 3811 τοὺς
2680 3748 2917 3816 Πέρσας,
2958 3746 3054 3799 ἆτε
3101 3745 3167 3815 δὴ
3211 3745 3347 3815 πρὸς
3406 3743 3594 3797 αὐτῶν
3630 3741 3758 3793 ἄδικα

2212 3840 2517 3906 πεπονθὼς,
2548 3840 2641 3893 καὶ
2674 3839 2747 3902 ὼς
2775 3838 2965 3892 τούτου
2993 3838 3155 3891 ἕνεκα
3184 3835 3403 3907 ἔρχεται
3434 3834 3755 3903 πολεμήσων.

2225 3933 2283 3986 '0
2326 3933 2383 3986 δὲ
2432 3932 2659 4001 Περσῶν
2708 3930 3068 4001 πρεσϐευτὴς,
3095 3928 3189 3981 τοῦ
3234 3925 3566 3991 Διζαὸούλου
3601 3937 3760 3976 συντο-

2212 4020 2446 4092 νώτερον
2471 4019 2921 4088 ἐπεγκαλοῦντος,
2952 4018 3357 4088 περιφρονήσας
3379 4015 3473 4067 τὸν
3499 4016 3656 4083 νόμον
3680 4010 3759 4077 τῆς

2215 4113 2430 4182 σιωπῆς
2478 4112 2569 4165 τὸν
2617 4111 2870 4181 ἰσχύοντα
2898 4109 3028 4179 παρ’
3073 4110 3255 4171 αὐτοῖς
3288 4109 3345 4160 ἐν
3383 4109 3509 4170 ταῖς
3545 4105 3761 4159 ἑστιάσε-

2216 4220 2320 4269 σιν,
2356 4202 2715 4273 ἐπιτροχάδην
2762 4202 2962 4273 ήρξατο
2991 4200 3357 4268 διαλέγεσθαι,
3387 4199 3485 4252 τοῦ
3529 4192 3759 4262 Διζαὸού·

548 4302 720 4348 stratu
754 4304 1111 4363 successerat,
1142 4306 1197 4350 et
1231 4296 1489 4366 dignitate
1534 4295 1781 4365 proxime
1810 4296 1878 4349 ad
1908 4295 2113 4365 Tagma

2215 4294 2308 4348 λου
2341 4295 2602 4363 γενναίως
2640 4293 2709 4346 τὰ
2739 4293 3089 4364 ἐπικλήματα
3116 4290 3533 4359 ἀπωθούμενος,
3574 4288 3645 4350 ὼς
3683 4281 3761 4336 καὶ

550 4385 799 4441 Tarchan
830 4388 1080 4442 accessit.
1113 4386 1257 4453 Ideo,
1293 4397 1444 4455 puto,
1492 4387 1579 4440 hic
1612 4386 1786 4441 honor
1831 4400 2000 4455 puero
2024 4386 2113 4441 ob-

2223 4386 2503 4455 θαυμάσαι
2527 4387 2653 4446 τοὺς
2688 4386 2961 4454 παρόντας
3008 4384 3068 4437 τὸ
3108 4383 3441 4448 ὑπερϐάλλον
3491 4383 3594 4450 τῆς
3626 4374 3765 4431 αὑτοῦ

551 4480 695 4549 tigit,
727 4480 849 4549 quia
880 4490 1029 4549 pater
1062 4481 1177 4549 ejus
1204 4480 1457 4535 Disabulo
1491 4478 1843 4534 charissimus
1886 4486 1940 4531 et
1986 4478 2117 4533 ﬁde-

2220 4479 2413 4547 6Ργῆςν
2449 4477 2526 4538 ὡς
2557 4477 2688 4545 παρ’
2719 4475 2869 4528 οὐδὲν
2901 4476 3124 4545 θέμενος
3155 4475 3245 4528 τὸν
3282 4474 3448 4543 νόμον
3482 4472 3693 4530 πολλοῖς
3720 4479 3768 4517 τε

552 4569 791 4623 tissimus
851 4569 1046 4623 fuerat.
1108 4568 1373 4623 Dimissus
1421 4583 1448 4623 a
1482 4566 1736 4622 Disabulo
1766 4566 2116 4634 Zemarchus,

2221 4570 2317 4622 καὶ⁵
2347 4568 2670 4627 ἀκολάστοις
2722 4568 3018 4638 ἐχρήσατο.
3062 4567 3151 4619 Ἐν
3206 4566 3416 4627 τούτοις
3446 4557 3773 4627 ἀπαλλαγέν-

553 4661 846 4728 assutnptis
887 4662 968 4714 his
1011 4677 1075 4713 cx
1129 4660 1407 4726 Romanis,
1442 4675 1579 4731 quos
1604 4667 1753 4715 certo
1782 4659 1902 4715 loco
1941 4662 2121 4716 consi-

2218 4674 2350 4723 των,
2380 4657 2542 4725 διμὲν
2574 4656 2906 4721 Διζάϐουλος
2930 4655 3370 4726 παρεσκευάζετο
3396 4654 3499 4723 τὴν
3534 4654 3627 4706 ἐπὶ
3652 4649 3775 4713 Ιιέρι

553 4759 700 4805 stere
736 4752 992 4821 jusserat,
1024 4768 1146 4807 cum
1170 4752 1402 4823 primum
1428 4750 1697 4819 conjuncti
1723 4759 1901 4815 erant,
1937 4753 2038 4807 viae
2063 4765 2121 4807 se

2224 4765 2342 4812 σας.
2372 4748 2464 4817 Τῷ
2495 4764 2575 4801 τοι
2610 4748 2717 4818 ἄρα
2746 4748 2873 4811 τοὺς
2906 4749 3052 4816 ἀμφὶ
3082 4749 3371 4817 Ζήμαρχον
3422 4738 3777 4814 μετακαλεσά-

552 4844 962 4907 commiserunt,
993 4855 1049 4899 et
1076 4846 1410 4900 Chliatarum
1453 4843 1712 4915 primaria
1738 4842 1870 4898 urbe
1902 4844 2112 4907 relicta,

2227 4857 2413 4910 μενος,
2445 4840 2539 4892 καὶ
2568 4839 2644 4901 ὡς
2682 4838 2831 4907 ἐνῆν,
2862 4840 2996 4908 πρὸς
3024 4838 3149 4901 τοὺς
3186 4836 3499 4906 Ῥωμαίους
3534 4832 3712 4901 φιλίαν
3742 4826 3776 4855 ⁷⁷

553 4949 650 5004 per
670 4935 893 4990 castella
923 4938 1024 4992 iter
1058 4939 1393 4992 direxerunt.

2225 4932 2567 5002 ἐμπεδώσαςν
2609 4930 2823 4999 ἀφῆκεν
2854 4926 3008 4992 αὖθις
3048 4930 3511 4997 άπονοστήσοντας
3555 4926 3625 4985 ⁷⁸,
3675 4920 3779 4971 ἓτε-

556 5044 649 5098 ρον
678 5030 1019 5100 πρεσϐευτὲιν
1065 5032 1246 5093 αὐτοῖς
1289 5028 1709 5095 συναποστείλας
1738 5031 1816 5101 τῷ
1862 5029 1952 5082 τδν
1988 5027 2251 5097 πρότερον
2321 5025 2611 5094 λεγόμενον
2644 5024 2863 5092 Μανιὰχ
2920 5023 3191 5075 τεθνάναι.
3227 5016 3333 5071 'Hv
3386 5018 3443 5069 δὲ
3509 5013 3782 5101 ἐπίκληᾲειῖ

553 5116 633 5187 τῷ
690 5099 804 5189 μετ’
859 5099 1064 5173 ἐκεῖνον
1116 5123 1161 5154 τ’
1225 5121 1527 5192 πρεσϐευτῇ
1578 5122 1624 5154 ⁸ο
1686 5099 1885 5191 Τανμὰ
1942 5118 2132 5187 αὐτῷ,
2174 5117 2389 5185 ἀξίωμα
2420 5115 2476 5167 δέ
2514 5115 2752 5184 Ταρχάν.
2778 5108 2947 5176 Οὗτος
2975 5112 3040 5182 δὴ
3079 5107 3172 5165 οὖν
3240 5110 3438 5181 ἐστάλη
3506 5105 3611 5160 ὑπὸ
3632 5099 3781 5162 Διξα·

557 5210 751 5264 ϐούλου
782 5213 857 5275 ὼς
897 5213 1202 5281 Ῥωμαίους
1240 5212 1727 5283 πρεσϐευσάμενος.
1775 5213 1884 5267 Καὶ
1914 5212 2012 5280 μὲν
2036 5206 2128 5263 οὖν
2172 5212 2269 5263 σὺν
2303 5206 2509 5277 αὐτῷὸ
2541 5206 2633 5259 τοῦ
2686 5208 2728 5239 δι
2776 5206 2875 5276 ἤδη
2941 5204 3302 5275 ἀποιχομένου
3331 5204 3482 5268 παῖς,
3523 5196 3669 5268 φημὶ
3726 5193 3784 5259 δὴ

1822 5344 2047 5400 VARUE
2085 5342 2483 5399 LECTIONES.

659 5462 705 5535 '_‘
734 5462 890 5535 τοῦτο
916 5462 1003 5535 IL,
1035 5464 1176 5516 οὕτω
1213 5466 1362 5535 vulg.
1452 5464 1924 5535 “phaeacum.
1956 5464 2039 5519 Cl.
2116 5464 2160 5535 ’ξ’
2194 5458 2495 5535 Χολιατῷν]
2540 5460 2820 5535 δοαλιτῷν
2862 5458 2925 5513 ll.
2962 5458 3135 5535 iidem
3176 5472 3490 5535 supra_pag.
3518 5450 3668 5535 300-,
3703 5448 3785 5504 η·

558 5530 790 5607 Ὦτα-ται
810 5523 1155 5607 dicebantur.
1230 5536 1276 5566 ⁷⁸
1298 5523 1803 5607 τ’ῷ-ιιηρὶξᾲίηοιιιδὶι
1833 5523 1901 5590 ll:
1970 5538 2017 5607 7'
2044 5533 2183 5607 πρὸς
2223 5538 2277 5584 et
2324 5523 2519 5607 φιλίαῇ
2540 5528 2630 5607 N_._.
2660 5530 2788 5598 περὶ
2817 5541 2877 5607 (ἐξ
2901 5530 3079 5607 φιλίας
3102 5523 3260 5607 Vljlg:
3290 5523 3790 5607 ,Ϊ⁸ξά·ἷτ9νοετήῗς¹ξθζζ

559 5616 655 5718 uti:
689 5599 770 5664 8.,
800 5604 1270 5672 ἁπονοστήσαντας
1318 5589 1463 5673 γίιιε.
1538 5604 1581 5635 ⁷⁸
1619 5604 1840 5657 ἐκείνων
1889 5589 2035 5675 ivulg.
2088 5589 2099 5606 ’
2144 5589 2187 5633 ’⁷ο
2218 5589 2523 5668 ποεσῦευτῇ
2571 5589 2659 5663 Ηζ,
2703 5589 3223 5668 τέρεσδεῖδτὴνήγιιιςῖ
3288 5598 3330 5631 ⁸¹
3364 5596 3509 5651 ὁτοῦ
3552 5589 3786 5649 Ηοοὸτου

560 5682 625 5719 vn
654 5684 704 5735 ε.
