4006 6214
302 310 409 372 889

1095 306 1190 363 DE
1230 302 1794 364 LEGATIONIBUS
1834 302 2321 363 ROMANORUM
2354 304 2450 363 AD
2489 302 2801 363 GENTES.
2874 280 2883 291 ί

3446 305 3550 366 890

300 424 393 476 τοῦ
432 421 671 489 Μανιὰχ,
705 418 900 489 κομιδῇ
940 418 1241 488 μειράκιον,
1268 420 1416 497 ὅμως
1448 418 1502 471 δὲ
1530 418 1588 471 τό
1630 418 1879 489 πατρῷον
1914 416 2296 485 διαδεξάμενος
2334 416 2501 487 γέρας
2547 417 2616 483 ⁸⁸,
2686 416 2765 469 ἔτι
2806 416 2913 485 μὴν
2977 417 3071 469 καὶ
3138 416 3237 485 τὴν
3283 416 3423 485 μετὰ
3460 418 3551 469 τὸν

300 515 503 584 Ταγμὰ
548 513 771 583 Ταρχὰν
807 510 1234 579 κληρωσάμενος
1267 508 1447 573 ἀξίαν.
1493 506 1661 579 Οἶμαι
1735 510 1792 561 δὲ
1842 506 1919 576 τῷ
1958 506 2393 575 ἐπιτηδειότατόν
2432 508 2477 539 ⁸³
2525 524 2583 560 τε
2624 508 2718 561 καὶ
2790 505 3140 560 εὐνούστατον
3186 507 3435 574 γενέσθαι
3472 508 3552 577 τῷ

301 608 616 679 Διζαὸούλῳ
671 607 761 659 τὸν
803 605 1023 674 Μανιάχ
1060 602 1155 656 τοῦ
1222 603 1479 674 πατρῴου
1518 604 1607 657 τὸν
1673 604 1837 656 παῖδα
1898 604 2088 671 τυχεῖν
2150 602 2482 671 ἀξιώματος.
2548 601 2699 652 Ἐπεὶ
2744 594 2837 653 οὖν
2870 602 2898 653 ὁ
2950 598 3271 662 Διζόιδουλος
3320 599 3549 669 διαφῆκε

300 707 430 767 τοὺς
461 705 591 771 περὶ
626 702 941 771 Ζήμαρχον,
993 697 1572 767 ἐπικαταλαμϐάνουσι

1651 698 1776 758 τοὺς
1848 694 2111 764 πρότερον
2162 693 2462 762 ἀφεθέντας
2542 692 2863 761 Ῥωμαίων,
2901 686 2962 744 οὗ
3014 688 3082 760 ἦν
3147 689 3549 758 ξυντεθειμένον

303 800 513 859 αὐτοῖς,
554 796 653 847 καὶ
691 794 867 845 τοίνυν
902 794 960 843 ἐν
1006 792 1084 860 τῷ
1120 790 1267 860 αὐτῷ
1289 792 1567 860 γενόμενοι
1595 792 1690 857 τῆς
1724 791 1779 850 ἐς
1845 786 1914 837 τὰ
1948 786 2126 838 οἰκεῖα
2193 786 2504 855 ὁδοιπορίας
2546 786 2876 856 άπήρξαντο.
2914 786 3025 838 Καὶ
3059 784 3121 855 δὴ
3165 783 3551 837 καταλελοιπό-

303 908 397 952 τες
458 889 559 957 τήν
622 884 1011 956 πρωτεύουσαν
1062 883 1216 935 πόλιν
1266 883 1373 935 τῶν
1420 881 1700 935 Χοαλιτῶν
1728 920 1742 943 ,
1789 879 1875 930 διὰ
1917 881 2191 949 φρουρίων
2223 878 2611 952 ἐπορεύοντοοδ

372 979 437 1032 θ’.
468 982 589 1032 Ὀτι
623 981 650 1030 ὁ
678 975 898 1036 Batavo;
932 978 959 1027 ὁ
985 976 1089 1027 τῶν
1127 975 1372 1045 ’Λϐάρων
1403 973 1623 1044 ἡγεμὼν
1656 975 1711 1025 ἐν
1753 972 1869 1041 βου-

2050 973 2102 1026 9.
2167 973 2252 1041 (Α.
2296 972 2357 1024 C.
2423 970 2527 1024 568
2581 971 2697 1025 Ind.
2767 973 2814 1035 1,
2880 971 3083 1025 Justini
3131 970 3206 1039 4).
3256 970 3543 1038 Baianum,

303 1075 370 1142 λῇ
419 1074 715 1138 ἐποιήσατο
792 1068 1231 1138 πρεσϐεύσασθαι
1282 1068 1376 1119 καὶ
1445 1067 1572 1136 περὶ
1639 1064 1877 1117 σπονδῶν

304 1165 496 1231 λόγους
538 1162 931 1229 προσαγαγεῖν.
966 1159 1068 1209 Τὸν
1104 1158 1159 1210 δὲ
1191 1157 1505 1210 Βιταλιανὸν
1538 1156 1719 1226 ἐζήτει
1746 1173 1878 1225 χρυ-

308 1252 419 1304 σίου
445 1251 493 1302 οἱ
523 1252 849 1319 παρασχεῖν,
873 1247 948 1309 ὡς
971 1247 1033 1299 ἂν
1064 1246 1140 1316 μὴ
1170 1246 1428 1317 λεηλασίᾳ
1450 1248 1708 1316 χρήσοιτο
1738 1246 1877 1298 κατὰ

303 1345 365 1412 δὴ
412 1343 504 1395 τὸν
545 1342 645 1409 τῆς
685 1340 991 1410 ἐκεχειρίας
1048 1339 1258 1409 καιρόν.
1300 1340 1358 1391 Ὀ
1414 1341 1468 1393 δὲ
1519 1341 1873 1411 Ἰοϐουλήδας,

302 1432 398 1484 καὶ
442 1429 680 1499 εἰληφὼς
725 1430 790 1481 ὲκ
841 1428 934 1481 τοῦ
984 1429 1082 1497 τῆς
1132 1428 1414 1498 Ἰλλυρίδος
1443 1430 1689 1500 ὑπάρχου
1724 1432 1875 1500 νομί-

302 1538 487 1589 σματα
512 1520 571 1572 οὐ
609 1521 757 1588 μεῖον
786 1520 817 1587 ἢ
851 1519 1169 1582 ὀκτακόσια,
1197 1520 1501 1589 παρέσχετο
1524 1520 1600 1588 τῷ
1638 1521 1871 1590 Bais/if).

301 1613 486 1682 Ταύτῃ
513 1611 559 1643 ⁸⁸
583 1628 663 1663 τοι
694 1611 789 1663 καὶ
824 1610 1028 1662 ἔστειλε
1066 1610 1157 1663 τὸν
1191 1610 1481 1677 Ταργίτιον
1511 1613 1538 1662 ὁ
1566 1610 1673 1664 τῶν
1714 1611 1873 1663 Ἀδά-

304 1722 412 1774 ρων
458 1703 781 1772 ἡγούμενος,
834 1702 926 1768 ξὺν
964 1702 1040 1771 τῷ
1072 1702 1165 1753 καὶ
1212 1700 1525 1754 Βιταλιανὸν
1562 1702 1653 1755 τὸν
1698 1705 1872 1773 ἑρμη-

299 1795 415 1860 νέα,
452 1792 527 1862 τῷ
561 1793 775 1861 βασιλεῖ
807 1792 1059 1857 λέξοντας
1086 1792 1227 1845 ὥστε
1274 1794 1332 1846 τὸ
1373 1794 1596 1864 Σίρμιόν
1639 1798 1686 1847 οἱ
1731 1797 1875 1850 ἐνδο-

300 1886 481 1953 θῆναι,
512 1885 608 1936 καὶ
638 1884 706 1936 τὰ
758 1884 960 1954 συνήθη
1013 1886 1294 1955 χρήματα,
1333 1884 1369 1939 ἃ
1399 1886 1444 1916 ⁸⁸
1480 1888 1873 1959 Κουτρίγουροι

299 1977 393 2029 καὶ
424 1976 751 2045 Οὐτίγουροι
787 1976 923 2045 πρὸς
967 1976 1343 2029 Ἰουστινιανοῦ
1372 1978 1689 2046 ἐκομίζοντο
1720 1980 1873 2043 βασι-

298 2068 459 2133 λέως,
490 2063 575 2120 οἷα
604 2068 667 2138 δὴ
690 2068 855 2121 αὐτοῦ
878 2070 1042 2136 ἄμφω
1060 2070 1137 2121 τὼ
1162 2070 1311 2138 φύλω
1332 2070 1503 2123 τούτω
1531 2072 1870 2136 καθελόντος

303 2152 445 2229 πρὸξ
471 2163 579 2220 τοῖς
612 2161 705 2214 καὶ
731 2160 1057 2213 Ούσδίϐαδον
1078 2160 1166 2213 τὸν
1191 2162 1458 2231 Γήπαιδα.
1491 2163 1733 2231 Ἔφασκε
1764 2167 1873 2236 γὰρ

1980 1065 2220 1116 Avarum
2254 1063 2471 1126 ducem,
2509 1064 2760 1116 voluntas
2787 1064 2963 1132 coegit
3004 1063 3207 1132 legatos
3250 1063 3316 1116 ad
3343 1064 3547 1117 Roma-

1980 1168 2081 1207 nos
2103 1154 2339 1219 mittere,
2365 1154 2455 1223 qui
2481 1157 2545 1208 de
2579 1152 2872 1207 {mdcribus
2906 1155 3066 1207 verba
3094 1153 3356 1208 facerent.
3384 1155 3427 1206 A
3455 1152 3546 1206 Vi-

1980 1246 2183 1299 taliano
2209 1246 2374 1299 etiam
2411 1245 2511 1299 sibi
2555 1260 2747 1297 aurum
2781 1244 2897 1297 dari
2936 1246 3108 1313 petiit,
3160 1254 3215 1297 ut
3263 1261 3292 1298 a
3346 1246 3546 1315 praedis

1979 1338 2205 1405 agendis
2236 1351 2331 1405 per
2360 1335 2615 1390 inducias
2653 1336 2973 1389 abStineret.
3007 1337 3076 1388 At
3127 1335 3427 1402 Jubolides,
3458 1354 3546 1392 ac-

1978 1428 2150 1495 ceptis
2185 1442 2213 1479 a
2244 1426 2499 1498 prmfecto
2524 1426 2722 1496 Illyrici
2748 1429 2985 1481 nummis
3013 1443 3121 1481 non
3156 1428 3339 1481 minus
3364 1430 3543 1482 octin-

1978 1521 2173 1590 gentis.
2202 1534 2261 1571 ea
2288 1519 2487 1572 Baiano
2518 1519 2755 1573 tradidit.
2782 1519 3140 1584 Quamober
3168 1520 3402 1572 Avarum
3436 1520 3541 1573 dux

1979 1611 2126 1664 misit
2152 1610 2469 1677 Targitium,
2505 1612 2595 1679 qui
2626 1624 2729 1663 una
2768 1625 2891 1664 cum
2936 1609 3203 1665 \"itnliano
3250 1613 3544 1681 interprete

1977 1702 2290 1771 imperatori
2324 1702 2725 1767 denuntiarent,
2758 1710 2815 1754 ut
2864 1701 3121 1755 Sirmium
3174 1712 3227 1756 et
3261 1706 3539 1771 pecunias,

1976 1809 2112 1864 quas
2134 1793 2404 1863 Cotriguri
2429 1803 2479 1847 et
2515 1793 2724 1863 Utiguri
2744 1808 2770 1845 a
2792 1794 3099 1848 Justiniano
3129 1795 3372 1864 accipere
3396 1797 3539 1851 soliti

1976 1895 2153 1949 erant,
2188 1886 2313 1955 quia
2346 1895 2635 1953 utramque
2678 1897 2888 1954 gentem
2948 1887 3260 1956 subegerat,
3316 1888 3393 1942 illi
3426 1896 3541 1942 tra-

1976 1977 2149 2039 deret,
2187 1985 2240 2029 et
2274 1984 2530 2044 prmterea
2575 1975 2901 2029 Usdibadum
2931 1977 3093 2030 etiam
3134 1976 3411 2046 Gepidam.
3450 1979 3542 2033 Di-

1974 2067 2133 2121 cebat
2166 2068 2335 2129 enim,
2372 2079 2424 2121 et
2448 2082 2637 2122 omnes
2692 2063 2923 2135 Cepidas
2951 2067 3000 2120 in
3038 2083 3193 2122 suum
3231 2068 3320 2137 jus
3353 2069 3541 2123 domi-

1976 2160 2233 2228 niumque
2267 2160 2501 2223 venisse,
2542 2159 2666 2228 quia
2707 2174 2799 2212 eos
2823 2158 3118 2213 devicerat.
3164 2159 3349 2227 Itaque
3378 2160 3537 2227 legati

300 2249 429 2309 τοὺς
457 2248 733 2317 Γήπαιδας
764 2247 1009 2311 ἅπαντας
1064 2248 1208 2317 αύτῷ
1261 2251 1506 2320 ἀνήκειν,
1542 2253 1635 2305 ἆτε
1675 2254 1738 2325 δὴ
1774 2256 1869 2307 καὶ

1977 2250 2067 2303 ubi
2105 2250 2156 2303 in
2206 2250 2403 2319 regiam
2446 2251 2643 2303 urbem
2700 2249 2765 2302 ad
2824 2251 3202 2316 imperatorem
3254 2261 3540 2317 venerunt,

300 2337 499 2401 αὐτοὺς
531 2338 580 2369 ⁸⁸
600 2337 743 2407 πρὸς
777 2338 940 2391 αὐτοῦ
972 2339 1520 2409 καταπολεμηθέντας
1550 2341 1616 2397 ⁸⁷.
1656 2344 1870 2412 Ἀφικο-

302 2430 483 2498 μένων
510 2431 573 2500 δὴ
618 2427 711 2484 οὖν
764 2431 871 2484 τῶν
902 2432 1183 2502 πρέσϐεων
1215 2434 1355 2485 κατὰ
1388 2435 1451 2503 δή
1497 2434 1595 2505 τὴν
1628 2436 1871 2505 βασιλίδα

298 2522 472 2585 πόλιν,
510 2521 887 2591 παρελθόντων
924 2540 984 2576 τε
1045 2523 1118 2585 ὡς
1155 2523 1243 2575 τὸν
1286 2524 1661 2596 αὐτοκράτορα
1694 2567 1707 2591 ,
1764 2526 1866 2597 ἔφη

295 2615 325 2665 ὁ
357 2614 651 2683 Ταργίτης·
694 2633 712 2665 ι
748 2612 817 2665 Ὦ
851 2613 1091 2682 βασιλεῦ,
1124 2614 1357 2686 πάρειμι
1396 2617 1609 2679 σταλεὶς
1640 2618 1744 2670 ὑπὸ
1772 2618 1867 2670 τοῦ

300 2704 395 2758 σοῦ
434 2706 643 2767 παιδός·
686 2704 867 2775 πατὴρ
896 2705 1004 2775 γὰρ
1044 2707 1206 2770 αὐτὸς
1254 2706 1470 2776 ἀληθῶς
1500 2708 1735 2761 Βαῖανοῠ
1772 2709 1868 2762 τοῦ

297 2797 418 2849 καθ’
453 2799 596 2865 ἡμᾶς
630 2797 910 2850 δεσπότου.
951 2796 1198 2867 Πέποιθα
1233 2797 1294 2864 δὴ
1330 2793 1442 2862 οὖν,
1478 2797 1551 2857 ὡς
1593 2798 1867 2862 ἐπιδείξα-

296 2891 420 2942 σθαι
452 2889 861 2963 προθυμηθείης
912 2890 1009 2959 τὴν
1038 2890 1164 2959 περὶ
1194 2890 1285 2941 τὸν
1312 2891 1477 2942 παῖδα
1524 2891 1758 2962 στοργήν
1792 2890 1868 2960 τῷ

294 2980 495 3033 διδόναι
521 2981 587 3032 τὰ
617 2980 710 3033 τοῦ
742 2980 951 3043 παιδός.
1003 2979 1158 3033 Οὕτω
1202 2981 1379 3033 τοίνυν
1410 2982 1638 3050 ἐχόντων
1688 2983 1864 3052 ήμῶν,

293 3071 434 3141 τάχα
462 3071 515 3123 δὲ
541 3070 633 3123 σοῦ
666 3072 758 3124 καὶ
783 3071 962 3141 ήμῶν,
990 3067 1098 3142 ἆρα
1126 3071 1245 3140 οὐχὶ
1275 3075 1695 3143 παραχωρήσεις
1718 3072 1866 3142 αὐτῷ

294 3158 403 3207 τῶν
438 3157 648 3227 γερῶν;
677 3158 737 3209 οὐ
762 3159 869 3227 γὰρ
914 3160 971 3220 ἐς
1004 3158 1283 3229 ἀλλότριον
1314 3159 1435 3211 οὔτε
1473 3160 1579 3231 μὴν
1608 3162 1865 3232 πολέμιόν

294 3265 417 3301 τινα
470 3249 537 3301 τὰ
588 3248 843 3317 διδόμενα
876 3249 1205 3318 μεταθήσοις
1236 3250 1439 3320 σχεδόν·
1473 3253 1593 3304 οὐδὲ
1628 3254 1867 3323 μεταδή-

295 3356 448 3393 σεται
488 3338 594 3391 τῶν
632 3340 1020 3409 παρεχομένων
1051 3341 1083 3410 ή
1114 3342 1390 3412 κυριότης,
1438 3343 1471 3412 ἢ
1507 3343 1666 3397 πάλιν
1695 3345 1773 3406 είς
1808 3344 1866 3397 σὲ

293 3430 688 3499 ἀναδραμεῖται
722 3430 809 3482 διὰ
847 3430 941 3482 τοῦ
974 3422 1184 3494 παιδὸς,
1220 3431 1334 3499 εἴγε
1372 3433 1677 3503 παράσχοις
1715 3435 1864 3503 αύτῷ

292 3520 364 3573 τὰ
416 3521 499 3589 ἐφ’
545 3518 625 3584 οἷς
656 3524 794 3591 ήκω,
831 3522 930 3591 τήν
986 3540 1048 3574 τε
1104 3523 1258 3575 πόλιν
1299 3524 1361 3575 τὸ
1393 3524 1619 3594 Σίρμιον
1669 3527 1767 3579 καὶ
1793 3528 1863 3581 τὰ

293 3615 559 3683 χρήματα
596 3613 715 3668 κατ’
750 3613 891 3678 ἔτος,
923 3615 1019 3667 ὅσα
1049 3614 1301 3683 βασιλεὺς
1345 3616 1724 3680 Ἰουστινιανὺς
1757 3621 1865 3681 τοῖς
1891 3601 1934 3662 C

294 3705 723 3776 Κουτριγούροις
779 3706 825 3737 ⁸⁸
884 3706 977 3759 καὶ
1034 3705 1386 3775 Ούτιγούροις
1436 3706 1607 3758 ἐδίδου
1661 3706 1732 3777 [οἱ
1772 3707 1862 3777 ⁸⁸1,

292 3798 525 3850 Βαῖανοῦ
560 3798 798 3868 τήμερον
828 3797 1185 3859 δεσπόζοντος
1210 3796 1413 3850 τούτων
1442 3813 1506 3864 γε
1549 3796 1722 3865 δήπου
1755 3798 1863 3849 τῶν

291 3886 480 3940 ἐθνῶν.
517 3887 637 3939 Ἔτι
684 3887 777 3939 κα)⁵
826 3886 1154 3938 Οὐσδίϐαδον
1197 3885 1287 3937 τὸν
1324 3887 1572 3954 Γήπαιδα
1610 3886 1706 3938 καὶ
1742 3889 1868 3949 τοὺς

291 3983 419 4047 περὶ
451 3980 632 4031 αὐτόν·
665 3979 783 4032 οὐδὲ
822 3979 931 4049 γὰρ
982 3978 1111 4048 περὶ
1155 3978 1361 4031 τούτων
1406 3978 1621 4048 ἀντερεῖ
1650 3996 1754 4045 τις,
1790 3981 1866 4043 ὡς

291 4072 413 4141 οὐχ).
442 4072 752 4139 πεφύκασιν
783 4071 1091 4140 ἀνδράποδα
1124 4069 1375 4124 Βαῖανοῦ.
1412 4090 1431 4122 ι
1456 4070 1641 4124 Ταῦτα
1673 4074 1701 4125 ὁ
1723 4073 1867 4141 Ταρ-

292 4165 448 4235 γίτης
477 4164 676 4227 ἔλεξεν.
722 4163 886 4234 ’Δτὰρ
916 4166 943 4216 ό
978 4163 1247 4233 βασιλεύς·
1294 4182 1313 4211 ι
1341 4164 1415 4217 Οὐ
1457 4164 1866 4234 πρεσϐευσόμε-

290 4269 380 4314 νος
408 4253 583 4321 ἥκεις,
628 4252 703 4314 ὡς
746 4252 940 4316 ἔοικεν,
984 4247 1028 4305 ὦ
1068 4254 1333 4322 Ταργῖτα·
1373 4254 1573 4324 μᾶλλον
1619 4256 1717 4325 μὲν
1772 4252 1864 4308 οὖν

293 4342 431 4412 πρὸς
461 4342 786 4409 ἀγνοοῦντας
827 4344 975 4413 ἡμᾶς
1022 4345 1509 4415 τεκμηριώσασθαι
1537 4346 1863 4417 βουλόμενος

291 4431 402 4482 τῶν
434 4429 675 4499 ’Δϐάρων
698 4432 824 4494 τοὺς
844 4432 1101 4500 τρόπους,
1128 4434 1187 4485 Et
1210 4435 1338 4506 γάρ,
1363 4434 1437 4498 ὥς
1461 4453 1617 4504 φατε,
1640 4438 1865 4509 δοίημεν

295 4522 426 4589 ὑμῖν
454 4520 522 4571 τὰ
558 4520 655 4572 ὅσα
690 4524 803 4583 τοῖς
850 4521 1042 4593 πρώην
1073 4524 1312 4589 Οῠννοις,
1341 4527 1505 4596 οἴκτῳ
1531 4527 1728 4595 μᾶλλον
1769 4530 1866 4581 καὶ

208 4620 214 4629 ’
294 4613 355 4663 οὐ
387 4612 556 4682 φόϐῳ,
588 4611 663 4682 τῷ
699 4612 773 4683 μὴ
821 4612 1023 4667 ἐθέλειν
1076 4611 1214 4686 αἷμα
1249 4618 1448 4685 ἐκχεῖν,
1494 4618 1864 4683 ἰουστινιανὸς

296 4702 490 4768 ἐδίδου,
526 4703 729 4771 γελοῖόν
766 4721 829 4772 γε
864 4704 931 4759 ἂν
978 4705 1064 4776 εἴη
1086 4746 1100 4770 ,
1136 4708 1227 4759 καὶ
1260 4701 1341 4770 οἷς
1374 4708 1435 4759 τὸ
1486 4708 1866 4777 φιλάνθρωπον

295 4795 591 4863 ἀπονέμειν
637 4795 735 4860 δεῖ,
783 4797 878 4849 καὶ
926 4792 1011 4860 οἷς
1057 4798 1466 4851 ἀντιτάττεσθαι
1516 4801 1774 4869 φανῶμεν
1816 4802 1864 4853 οί

293 4885 469 4937 αὐτοί·
504 4886 666 4940 ὁπότε
698 4889 746 4939 οί
794 4889 1020 4942 δείλαιοι
1055 4889 1446 4961 Κουτρίγουροί
1475 4892 1519 4923 ⁹⁰
1552 4908 1610 4943 τε
1642 4894 1737 4945 καὶ
1766 4893 1868 4947 Οὐ-

289 4976 559 5048 τίγουροι,
585 4978 679 5041 οὓς
709 4979 1122 5033 διαϐεϐαιοῦσθε
1176 4980 1313 5051 πρὸς
1346 4981 1503 5051 ήμῶν
1546 4983 1865 5052 κομίζεσθαι

292 5070 579 5139 χρήματα,
601 5070 757 5123 τοῦτο
783 5072 880 5142 μὲν
908 5072 1167 5141 φυγόντες
1190 5074 1357 5142 ἡμᾶς,
1389 5072 1545 5127 τοῦτο
1570 5075 1625 5128 δέ
1652 5092 1868 5129 πεπτω-

292 5161 450 5223 κότες
485 5161 576 5230 ὑφ’
603 5162 762 5231 ήμῶν
797 5164 1157 5232 τυγχάνουσιν
1189 5163 1357 5233 ἄρδην
1400 5164 1772 5235 ἡφανισμένοι.
1800 5168 1865 5219 Τί

293 5244 388 5303 οὖν
418 5252 799 5322 παράσχοιμεν
824 5255 952 5323 ὑμῖν
996 5254 1063 5307 τὰ
1108 5254 1217 5306 τῶν
1249 5255 1619 5324 ήσσωμένων;
1654 5257 1768 5310 ἀλλ’
1802 5260 1861 5311 οὐ

294 5344 363 5413 τῇ
390 5344 549 5412 φύσει
586 5343 798 5417 ξυνᾴδει
836 5346 946 5399 τῶν
986 5347 1324 5417 πραγμάτων
1346 5347 1439 5401 καὶ
1483 5352 1703 5421 κρατεῖν
1726 5350 1862 5421 ἅμα,

1974 2340 2219 2411 Targites
2243 2342 2319 2395 sic
2352 2357 2473 2396 eum
2496 2352 2581 2396 est
2609 2341 2801 2396 affatus
2828 2360 2841 2395 :
2879 2362 2898 2394 ‹
2935 2342 2978 2398 Ο
3007 2344 3321 2411 imperator,
3350 2340 3538 2400 adsum

1975 2450 2005 2487 a
2038 2444 2126 2487 tuo
2180 2424 2290 2486 ﬁlio
2334 2434 2555 2489 missus.
2591 2435 2668 2486 Tu
2699 2434 2840 2487 enim
2878 2450 3001 2488 vere
3036 2446 3188 2503 pater
3239 2452 3297 2490 es
3328 2436 3536 2499 Baiani,

1972 2524 2112 2593 ejus,
2154 2525 2243 2593 qui
2302 2524 2442 2593 apud
2497 2538 2594 2578 nos
2646 2527 2971 2579 dominatur.
3014 2526 3237 2581 Confido
3267 2528 3449 2595 igitur,
3487 2539 3539 2583 te

1972 2614 2222 2667 aﬂ'ectum
2274 2622 2559 2680 patermnn
2621 2612 2986 2665 exhibiturtnn
3021 2628 3139 2666 esse
3172 2613 3282 2666 lilio
3337 2613 3387 2664 in
3450 2627 3535 2677 eo,

1972 2704 2113 2773 quod
2143 2703 2334 2756 reddes
2360 2717 2445 2765 ea,
2482 2717 2599 2771 qua:
2633 2703 2723 2755 ﬁlii
2753 2712 2897 2756 sunt.
2930 2704 3062 2757 Cum
3112 2704 3275 2772 igitur
3304 2720 3401 2757 nos
3434 2704 3538 2757 hoc

1970 2798 2151 2852 animo
2181 2799 2372 2860 simus,
2415 2806 2467 2851 et
2494 2796 2727 2849 iortasse
2756 2805 2807 2848 tu
2843 2808 2995 2863 aeque
3026 2810 3088 2847 ac
3122 2810 3243 2858 nos,
3279 2810 3456 2848 nonne
3478 2802 3537 2848 tu

1970 2890 2046 2944 illi
2075 2904 2171 2943 sua
2202 2888 2421 2957 praamia
2448 2886 2754 2957 prmhebis?
2775 2885 2925 2951 Quod
2948 2886 2992 2938 si
3025 2884 3236 2949 feceris,
3267 2900 3329 2939 ea
3358 2901 3463 2939 non
3485 2887 3536 2940 in

1971 2990 2311 3043 extraneum,
2355 2991 2528 3045 neque
2573 2978 2626 3031 in
2657 2979 2863 3031 hostem
2897 2979 3211 3040 contuleris,
3247 2993 3420 3046 neque
3453 2993 3538 3032 ea-

1969 3089 2087 3127 rum
2116 3086 2292 3125 rerum
2326 3070 2624 3123 mutabitur
2657 3069 2971 3125 dominium.
3006 3070 3216 3126 Etenim
3252 3087 3439 3125 rursus
3470 3071 3535 3123 ad

1970 3175 2023 3220 te
2044 3166 2240 3219 redibit
2263 3177 2359 3231 per
2390 3160 2584 3227 tilium,
2616 3162 2660 3215 si
2691 3176 2752 3215 ea
2777 3162 3221 3230 indulseris,quaa
3242 3178 3269 3214 a
3302 3171 3352 3216 te
3379 3161 3536 3230 155

1968 3257 2190 3325 petitum
2228 3254 2410 3308 venio.
2452 3250 2671 3308 Scilicet
2705 3251 2963 3305 Sirmium
2985 3261 3039 3305 et
3069 3252 3347 3319 pecunias,
3380 3261 3538 3319 quot-

1968 3342 2127 3396 annis
2173 3356 2312 3411 quas
2350 3344 2513 3398 dabat
2543 3337 3197 3408 imperatorJustinianus
3215 3337 3456 3407 Utiguris
3481 3348 3538 3392 et

1973 3434 2299 3505 Cotriguris,
2321 3448 2440 3487 cum
2460 3431 2698 3485 Baianus
2726 3430 2885 3485 hodie
2903 3429 3198 3483 dominium
3224 3430 3293 3483 sit
3312 3430 3537 3497 adeptus

1968 3527 2157 3580 harum
2185 3526 2426 3581 omnium
2455 3524 2729 3594 gentium;
2771 3522 2963 3576 deinde
2990 3517 3317 3575 Usdibadum
3345 3521 3536 3590 eteius

1969 3618 2195 3671 comites
2230 3618 2329 3672 sibi
2361 3618 2495 3671 tradi
2525 3617 2721 3687 poscit.
2747 3614 2861 3669 Nec
2876 3615 3019 3668 enim
3042 3612 3373 3669 Usdibadum
3393 3615 3541 3683 quis-

1970 3721 2129 3774 quam
2151 3707 2582 3775 negaritfactum
2602 3720 2725 3758 esse
2757 3704 2941 3756 Baiani
2964 3704 3314 3772 mancipium.
3358 3721 3375 3753 ›
3413 3704 3537 3757 Ηωο

1970 3798 2251 3866 Targites;
2288 3796 2372 3850 cui
2416 3796 2749 3864 imperator:
2777 3813 2795 3844 ι
2826 3795 2905 3848 Tu
2940 3796 3178 3863 quidem,
3204 3805 3261 3849 ut
3302 3798 3534 3858 videtur,

1971 3887 2211 3949 minime,
2238 3898 2295 3937 ut
2318 3885 2638 3953 legationem
2662 3885 3123 3951 faceres,venistl,
3149 3887 3241 3940 sed
3264 3887 3435 3953 magis
3479 3896 3536 3938 ut

1969 3992 2146 4031 mores
2165 3978 2424 4040 Avarum,
2451 3984 2606 4028 antea
2631 3977 2783 4029 nobis
2808 3976 3023 4045 penitus
3040 3977 3274 4046 ignotos,
3292 3976 3535 4043 cognitos

1970 4078 2387 4139 perspectosque
2420 4067 2681 4123 etiiceres.
2712 4066 2767 4121 Si
2788 4069 2952 4129 enim,
2990 4080 3047 4122 ut
3078 4070 3281 4134 dicitis,
3313 4083 3537 4124 conces-

1969 4165 2201 4217 serimus
2223 4162 2374 4216 vobis
2405 4177 2491 4225 ea,
2515 4176 2634 4231 qua:
2660 4176 2830 4231 nuper
2853 4159 3207 4226 Justinianus,
3241 4162 3532 4216 commise-

1969 4257 2175 4310 ratione
2196 4255 2374 4325 potius
2396 4271 2557 4324 quam
2586 4264 2792 4310 terrore
2816 4255 3097 4317 adductus,
3119 4253 3245 4323 quia
3267 4257 3334 4308 ab
3365 4254 3533 4309 eﬂ'un-

1968 4349 2141 4403 dendo
2178 4348 2437 4416 sanguine
2463 4347 2733 4402 absfmere
2782 4346 3019 4411 volebat,
3073 4344 3280 4399 ilunnis
3309 4343 3531 4415 largitus
3624 4380 3625 4383 η

1967 4450 2072 4506 est,
2104 4440 2331 4494 ridicula
2360 4454 2446 4494 res
2478 4454 2608 4493 sane
2623 4438 2746 4502 erit,
2780 4436 2825 4491 si
2870 4437 3035 4491 etiam
3074 4436 3455 4492 liberalitatem
3480 4448 3533 4489 et

1970 4533 2357 4587 humanitatem
2383 4532 2436 4584 in
2476 4545 2569 4585 eos
2590 4544 2847 4584 exercere
2872 4537 3140 4598 oporteat,
3182 4537 3368 4582 contra
3399 4543 3534 4596 quos

1969 4624 2020 4677 in
2046 4624 2162 4678 acie
2192 4633 2355 4686 stare,
2385 4637 2545 4677 nemo
2576 4629 2679 4687 est,
2702 4622 2793 4691 qui
2824 4636 2923 4676 nos
2949 4637 3051 4675 non
3079 4621 3290 4686 viderit,
3316 4620 3533 4690 quando

1970 4716 2151 4769 miseri
2186 4715 2455 4783 Cotriguri
2486 4723 2539 4768 et
2567 4714 2801 4783 Utiguri,
2842 4727 2978 4783 quos
3016 4712 3347 4767 atiirmatisa
3382 4713 3535 4766 nobis

1969 4808 2243 4875 accepisse
2293 4807 2568 4875 pecunias,
2627 4807 2787 4861 modo
2846 4806 3132 4875 fugientes,
3182 4809 3340 4863 modo
3388 4807 3533 4869 caesi,

1971 4913 2001 4951 a
2037 4906 2220 4951 nostro
2246 4898 2484 4951 exercitu
2521 4904 2645 4951 sunt
2686 4897 2750 4949 ad
2780 4897 3204 4951 internecionem
3235 4914 3404 4966 usque
3427 4898 3534 4950 des-

1970 4988 2083 5043 leti.
2113 4986 2220 5041 Cur
2262 4988 2427 5056 igitur
2449 4987 2598 5041 vobis
2646 4988 2938 5057 largiemur
2976 4987 3112 5041 bona
3162 5003 3370 5054 eormn,
3400 5003 3534 5057 quos

1971 5078 2234 5134 vicimus?
2289 5076 2403 5132 Hoc
2458 5079 2604 5132 enim
2660 5079 2915 5132 abhorret
2953 5094 2980 5131 a
3037 5078 3308 5133 communi
3347 5093 3530 5141 sensu,
3590 5150 3593 5153 _

1970 5168 2128 5223 simul
2163 5176 2217 5221 et
2248 5168 2483 5233 vincere,
2515 5177 2569 5222 et
2595 5183 2806 5233 eorum,
2841 5184 2975 5239 quos
2996 5169 3212 5232 viceris,
3245 5169 3384 5223 bona
3413 5170 3533 5222 aliis

1971 5263 2227 5317 tribuere.
2260 5260 2449 5316 Nonne
2481 5262 2613 5316 satis
2639 5269 2742 5326 est,
2778 5262 2821 5315 si
2855 5261 3019 5315 semel
3056 5260 3158 5317 visi
3190 5264 3377 5314 sumus
3405 5276 3535 5329 pru-

1969 5352 2149 5407 dentia
2174 5350 2463 5406 destituti?
2492 5351 2572 5403 An
2604 5349 2860 5413 censetis,
2914 5347 3331 5418 imprudentiam
3378 5344 3533 5406 nobis

1556 5469 1791 5525 VABUE
1829 5471 2238 5527 LECTIONES.

370 5576 415 5609 ⁸³
438 5577 614 5657 γῆρας
646 5581 818 5657 νιιίεη
868 5582 913 5657 ’ξ
945 5582 1189 5657 triginta.
1230 5583 1369 5657 κίκι..
1400 5586 1460 5657 τὸ
1493 5587 1636 5641 ἐπιτ.
1692 5588 1834 5657 vulg.

297 5717 638 5773 tttclusimus.
742 5722 785 5751 ’τ’
824 5723 1191 5791 Κοτράγουροι
1226 5724 1365 5792 vulg.

1938 5588 1984 5621 ⁸⁸
2010 5590 2179 5660 ταύτῃ
2213 5588 2305 5653 ῐῖ..
2330 5591 2529 5658 ταύτην
2556 5591 2698 5659 vulg.

293 5662 450 5731 γορρι
472 5650 615 5728 ξὐιὲυ
694 5650 955 5731 "39305;
984 5650 1089 5731 ξι..
1118 5654 1465 5731 αὐτοῦ-νιιιε.
1544 5662 1585 5691 ’⁵⁷
1618 5650 2179 5730 καταπῖλεμηθέντοξ
2210 5650 2351 5731 vulg.
2428 5650 2936 5731 ⁸⁸’Κουτραγούροις
2964 5654 3109 5724 vulg.

2798 5586 2842 5618 ⁸⁸
2866 5585 2901 5638 ἃ.
2923 5583 3014 5646 Νη
3043 5584 3091 5635 οἱ
3125 5581 3266 5685 vulg.
3303 5581 3535 5650 Κουτρί-

2798 5659 2936 5710 300::
2964 5654 3109 5710 vulct.
3245 5653 3264 5683 ’
3290 5654 3337 5707 οί
3377 5653 3535 5710 tuch
