4006 6214
497 263 600 330 891

1345 259 1739 320 EXCERPTA
1776 262 1880 322 EX
1918 261 2342 323 MENANDRO
2380 260 2881 324 PROTECTORE

3623 270 3720 333 892

508 387 668 442 etiam
690 382 756 437 ad
773 377 1208 437 consuetudinem
1235 375 1552 430 trahendam
1573 374 1728 428 esse?
1749 373 1885 440 Quid
1916 374 2078 445 igitur

2180 375 2273 426 καὶ
2316 373 2458 444 ὑπὲρ
2495 373 2604 425 τῶν
2638 372 3066 444 κεκρατημένων
3097 373 3306 443 ἑτέροις
3353 374 3599 446 χρήματα
3625 397 3713 434 κα-

507 479 576 531 de
627 471 900 529 Usdihado
951 467 1244 522 faciemus?
1292 465 1518 520 vobisne
1566 479 1687 519 eum
1744 455 2070 520 reddemus?

511 579 616 619 non
645 577 829 616 sumus
852 560 988 614 adeo
1019 559 1297 612 dementes
1325 565 1378 611 et
1406 555 1608 620 stolidi,
1640 565 1693 610 ut
1726 566 1910 612 nosn-a
1941 572 2072 626 pro-

511 656 814 716 fundamus,
847 651 1077 704 maxime
1102 650 1153 704 in
1191 649 1480 714 Barbaros,
1521 658 1574 704 et
1603 665 1720 713 eos,
1750 651 1842 718 qui
1871 661 2072 705 nostra

512 745 820 815 reipublicae
874 743 1060 814 gravia
1092 745 1286 796 damna
1318 743 1637 797 intulerunt.
1668 743 1768 809 Qui
1797 743 1938 796 enim
1965 743 2071 797 im-

511 837 839 906 peratoriam
910 835 1430 903 majestatem‘ante
1482 849 1580 888 nos
1649 834 2070 899 administravit,

507 927 740 994 Gepidas
764 936 1022 995 vagantes
1057 924 1287 992 excepit,
1330 931 1386 978 et
1442 923 1547 977 illis
1601 925 1872 994 regionem
1926 925 2072 978 circa

510 1017 791 1078 Sirmium,
814 1030 974 1084 quam
1007 1013 1324 1076 incolerent,
1346 1013 1636 1078 distribuit,
1663 1014 1862 1068 Deinde
1883 1025 2074 1070 exorto

509 1113 651 1166 inter
681 1111 828 1180 ipsas
856 1119 910 1164 et
939 1107 1328 1179 Langobardos
1359 1107 1519 1170 bello,
1565 1107 1728 1162 sociis
1759 1109 1981 1175 nostris,
2015 1118 2076 1164 ut

509 1219 606 1272 par
656 1213 797 1266 erat,
847 1217 1003 1270 apem
1055 1202 1297 1264 tulimus,
1354 1209 1408 1255 et
1455 1199 1822 1255 Romanorum
1873 1202 2076 1258 auxilio

510 1294 726 1364 Gepida:
745 1295 1022 1358 vicissent,
1042 1293 1144 1346 nisi
1163 1293 1410 1347 servilem
1435 1292 1672 1346 animum
1691 1293 2071 1362 prodidissent.

510 1385 644 1441 Nam
665 1387 801 1440 mala
823 1393 1006 1439 mente
1024 1383 1460 1439 benefactoribus
1481 1385 1594 1439 suis
1618 1385 1800 1440 infesti
1832 1386 2073 1452 fuerunt,

509 1485 564 1530 et
604 1490 701 1545 pro
753 1473 1030 1529 beneficiis
1078 1474 1132 1528 in
1180 1489 1273 1528 eos
1316 1473 1527 1530 collatis
1577 1475 1820 1543 insidias,
1879 1476 1930 1530 in
1967 1491 2076 1546 qua

511 1567 654 1621 nulla
688 1566 842 1620 venia
873 1565 1022 1634 digni
1047 1574 1192 1629 sunt,
1243 1565 1398 1620 nobis
1428 1573 1780 1631 struxerunt;
1817 1565 2077 1624 Romanis

514 1669 691 1712 tamen
720 1656 940 1710 minime
960 1657 1132 1710 visum
1160 1667 1243 1711 est
1271 1658 1520 1712 homines
1545 1658 1780 1728 ingratos
1803 1662 2071 1729 persequi,

512 1750 604 1820 qui
641 1764 915 1819 nunquam
947 1748 1137 1818 dignas
1171 1763 1360 1818 poenas
1392 1765 1490 1818 pro
1519 1751 1755 1818 peccatis
1789 1751 1920 1805 dare
1949 1766 2078 1821 pos-

2175 464 2439 518 ταθεῖναι.
2486 466 2560 518 Οὐ
2596 464 2701 535 γὰρ
2729 464 3005 535 ἀποχρῶν,
3040 466 3090 518 εί
3140 465 3435 535 φανείημεν
3466 465 3604 536 ἅπαξ
3634 472 3716 525 τοῦ

2177 557 2246 610 τὰ
2282 557 2470 610 δέοντα
2509 558 2726 627 φρονεῖν
2776 557 3159 628 ἐστερημένοι,
3210 557 3344 610 ἀλλά
3383 558 3490 629 γάρ
3539 562 3628 613 καὶ
3651 565 3719 626 εἰς

2181 649 2467 720 συνήθειαν
2503 649 2683 703 ἕλκειν
2732 650 2831 719 τὴν
2877 648 3190 719 ἀφροσύνην
3219 649 3391 702 οἴεσθε
3441 650 3484 681 ⁹¹
3515 651 3650 716 δεῖν;
3677 655 3720 706 τί

2177 737 2271 796 οὖν
2319 741 2581 811 ποιοῦμεν
2629 741 2721 793 τὸν
2783 739 3146 808 Οῠσδίϐαδον;
3206 741 3334 810 ὑμῖν
3379 742 3718 812 ἀποδοίημεν;

2178 833 2277 902 οὐχ
2303 833 2445 885 οὕτω
2460 832 2788 902 πεφύκαμεν
2807 831 3028 902 ἠλίθιοι,
3053 832 3193 886 ὥστε
3214 831 3282 885 τὰ
3307 833 3547 903 ἡμέτερα
3578 851 3723 887 κατα-

2180 924 2479 992 προέσθαι,
2530 924 2623 977 καὶ
2655 923 2828 977 ταῦτα
2866 923 3163 994 βαρϐάροις
3215 925 3310 976 κοιλ⁵
3333 925 3724 996 λυμαινομένοις

2180 1017 2247 1085 τῇ
2275 1013 2396 1068 καθ’
2429 1015 2577 1083 ἡμᾶς
2605 1014 2869 1085 πολιτείᾳ.
2893 1015 2952 1067 '0
2978 1014 3086 1086 γὰρ
3142 1016 3248 1085 πρὸ
3291 1016 3447 1085 ἡμῶν
3489 1017 3548 1069 τδ
3592 1017 3726 1087 Baci-

2181 1105 2324 1158 λειον
2367 1104 2791 1175 ἀναδεδεγμένος
2844 1105 3040 1176 κράτος
3093 1105 3372 1176 Γήπαιδας
3410 1107 3662 1178 ἐπήλυδας
3687 1112 3722 1143 ἰ

2183 1196 2341 1260 ὄντας
2371 1198 2773 1267 εἰσεποιήσατο,
2803 1199 2900 1251 καὶ
2935 1197 3120 1270 χώραν
3148 1199 3331 1262 αὐτοῖς
3361 1200 3612 1268 ἀπένειμε
3640 1201 3724 1270 τὴν

2183 1289 2311 1359 περὶ
2331 1288 2390 1341 τὸ
2417 1287 2661 1359 Σίρμιον,
2689 1286 2808 1343 εἶτα
2837 1291 2934 1344 καὶ
2959 1289 3196 1361 πολέμου
3223 1291 3534 1363 κινηθέντος
3562 1293 3721 1355 αὐτοῖς

2182 1379 2257 1443 ὡς
2289 1379 2722 1451 Λογγοϐάρδους,
2752 1380 2940 1452 ὥσπερ
2982 1382 3128 1445 εἰκὸς
3154 1381 3619 1452 ξυνεπελαϐόμεθα
3642 1384 3720 1436 τοῦ

2182 1472 2428 1527 κινδύνου
2455 1475 2567 1537 τοῖς
2597 1474 2840 1538 οἰκείοις.
2878 1475 2989 1528 Καὶ
3015 1474 3081 1530 ἂν
3111 1476 3380 1544 ἐκράτουν
3411 1477 3461 1529 οἱ
3485 1476 3722 1547 ramea;

2184 1567 2250 1635 τῇ
2295 1563 2580 1634 Ῥωμαίων
2619 1566 2798 1637 χειρὶ,
2835 1568 2950 1635 εἴγε
2987 1567 3060 1638 μὴ
3113 1566 3541 1637 ἀνδραποδώδεις
3569 1567 3724 1635 ὤφθη-

2185 1673 2285 1709 σαν
2319 1658 2412 1709 καὶ
2441 1657 2516 1726 τῷ
2544 1657 2643 1726 τῆς
2669 1657 2894 1728 γνώμης
2922 1658 3123 1729 δολερῷ
3151 1659 3276 1719 τοὺς
3303 1659 3594 1728 εὐεργέτας
3621 1659 3733 1712 ἑλέ--

2179 1763 2380 1818 πησαν.
2427 1747 2567 1801 Ἀνθ’
2596 1741 2671 1803 ὧν
2701 1748 3195 1814 ἐπιϐουλεύσαντας
3226 1752 3360 1820 ἡμῖν
3389 1749 3724 1818 ἀσύγγνωστα

510 1855 668 1909 sunt;
706 1843 799 1898 sed
846 1844 1027 1913 potius
1057 1843 1188 1911 pati,
1243 1853 1300 1897 ut
1333 1844 1400 1898 ab
1432 1844 1552 1898 aliis
1599 1845 1843 1898 funditus
1870 1855 2081 1900 everte-

2180 1841 2240 1893 ού
2278 1840 2568 1909 Ῥωμαίοις
2594 1841 2739 1908 ἔδοξε
2769 1843 3046 1911 μετελθεῖν
3085 1843 3212 1906 τοὺς
3235 1845 3722 1915 ἀγνωμονήσαντας,

511 1945 720 1991 rentur.
763 1934 895 1992 Cum
951 1936 1115 2005 igitur
1143 1935 1437 1988 nonaliter
1479 1951 1539 1990 se
1595 1951 1682 1991 res
1717 1937 1974 2001 habeant,
2027 1939 2074 1994 si

2181 1927 2260 1995 οἷς
2294 1933 2468 1986 ἐνεστι
2502 1933 2576 2004 μὴ
2610 1934 2940 1988 ἀντιτιθέναι
2987 1937 3086 2000 τὰς
3126 1938 3400 2006 τιμωρίας
3434 1937 3723 2008 ίσορῤὀπους

511 2027 670 2079 nobis
689 2025 814 2094 jure
841 2025 908 2080 de
935 2025 1086 2078 vobis
1119 2025 1377 2094 conqueri
1401 2025 1548 2090 licet,
1589 2027 1732 2097 quod
1756 2041 1848 2081 eos
1871 2028 1961 2096 qui
1983 2043 2078 2082 no-

509 2127 554 2170 st
566 2115 610 2170 ri
634 2115 836 2184 Optima
845 2115 968 2184 jure
994 2113 1593 2184 fueruntfpossideatis,
1608 2131 1752 2171 nunc
1767 2131 1797 2170 a
1813 2116 1967 2172 vobis
1989 2132 2079 2171 ea-

512 2207 630 2260 dem
664 2206 717 2260 in
747 2220 844 2260 nos
875 2215 1271 2275 retorquentur.
1299 2206 1405 2261 Vos
1432 2208 1576 2262 enim
1603 2207 1958 2275 Usdibadum,
1977 2223 2078 2265 nos

513 2297 768 2366 Gepidas,
795 2298 886 2367 qui
914 2297 1101 2366 reliqui
1124 2308 1270 2362 sunt,
1301 2315 1328 2352 a
1355 2299 1507 2354 vobis
1533 2299 2092 2369 repetimus.Etenim_

513 2407 611 2446 nos
635 2390 861 2447 Romani
894 2392 960 2446 ab
1012 2392 1164 2447 initio
1187 2402 1242 2448 ct
1288 2393 1356 2447 ab
1398 2393 1543 2448 omni
1593 2393 1751 2464 156
1796 2394 2076 2449 hominum

515 2485 772 2539 memoria
836 2484 1202 2554 imprudentes
1263 2499 1517 2540 coercere
1561 2485 1794 2539 ofﬁcium
1831 2495 2077 2540 nostrum

511 2575 787 2640 duximus,
814 2591 917 2629 non
952 2574 1052 2644 ipsi
1085 2573 1454 2644 imprudentes
1494 2575 1853 2629 habebamur.
1884 2574 2076 2632 Nonne

517 2664 775 2720 Sirmium
804 2666 1057 2721 Barbaris
1080 2666 1393 2720 trademus?
1426 2663 1545 2720 Non
1577 2665 1739 2736 igitur
1767 2666 1900 2722 satis
1931 2667 2080 2722 vobis

512 2773 797 2827 superesse
819 2758 1048 2824 videtur,
1075 2772 1358 2828 quousque
1377 2757 1636 2814 Romanis
1663 2759 1899 2814 nondum
1928 2773 2076 2813 arma

514 2849 655 2904 ferre
678 2849 917 2919 placuit?
940 2849 1044 2904 Sed
1075 2850 1177 2914 ais,
1209 2865 1240 2906 ο
1265 2851 1510 2922 Targita,
1541 2851 1856 2922 Chaganum
1881 2851 2076 2906 Istrum

519 2943 873 3009 traiecturum
929 2951 985 2997 et
1016 2941 1252 2997 Hebrum
1285 2959 1519 3013 quoque,
1557 2954 1611 3000 et
1639 2944 1885 3001 Thracia:
1916 2945 2080 3000 urbes

512 3036 688 3106 prima
710 3034 909 3104 impetu
925 3043 1333 3104 occupaturum.
1362 3038 1432 3091 At
1454 3039 1782 3105 praevenieut
1807 3046 1860 3094 et
1885 3054 2080 3094 accur-

515 3134 635 3178 tent
659 3123 1022 3178 Romanorum
1055 3124 1244 3194 copiae,
1282 3135 1336 3181 et
1367 3141 1490 3180 cum
1528 3140 1622 3196 spe
1661 3127 1927 3196 depellent
1955 3143 2075 3194 sua,

2175 2023 2286 2084 τοῖς
2316 2022 2778 2093 πλημμελήμασι,
2817 2024 3016 2095 μᾶλλον
3067 2025 3165 2094 μὲν
3201 2023 3296 2079 οὖν
3347 2027 3638 2096 περιιδεῖν,
3664 2025 3724 2088 ὡς

2177 2111 2243 2164 ἂν
2277 2112 2363 2180 ὑφ’
2399 2113 2604 2182 ἐτέρων
2648 2112 2707 2177 ἐς
2743 2112 2806 2166 τὸ
2848 2114 3111 2177 παντελὲς
3165 2113 3639 2184 διαφθαρήσοιντοε
3671 2114 3721 2166 Εἰ

2176 2202 2354 2255 τοίνυν
2388 2202 2560 2266 ἄλλως
2589 2203 2688 2256 οὐκ
2720 2202 2832 2273 ἔχει
2859 2203 3049 2268 ταῦτα,
3075 2205 3307 2276 ἐπείπερ
3331 2207 3499 2277 ἡμεῖς
3521 2208 3725 2272 ἐπεγκα-

2176 2292 2288 2346 λεῖν
2318 2293 2458 2361 ἄξιοι
2513 2295 2961 2366 καθεστήκαμεν,
2995 2297 3078 2350 ὃτι
3123 2297 3251 2360 τοὺς
3283 2299 3418 2367 ἡμῖν
3457 2298 3732 2366 ἀνήκοντας.

2177 2382 2330 2454 ἔχετε
2381 2385 2660 2456 Γήπαιδας
2685 2424 2700 2449 ,
2733 2386 3140 2457 ἀντέστραπται
3189 2388 3313 2440 καθ’
3343 2388 3511 2457 ἡμῶν
3545 2387 3613 2440 τὰ.
3637 2387 3724 2440 τῶν

2179 2474 2558 2543 ἐγκλημάτων.
2612 2474 2802 2545 Ὑμεῖς
2833 2475 2933 2547 μὲν
2956 2476 3065 2548 γάρ
3100 2479 3190 2531 τὸν
3216 2477 3568 2544 Οὑσδίϐαδον,
3595 2479 3724 2546 ἡμεῖς

2172 2564 2234 2618 ’δὲ
2278 2566 2372 2618 καὶ
2411 2567 2539 2630 τοὺς
2573 2567 2850 2638 Γήπαιδας
2883 2568 3027 2638 ὑμᾶς
3076 2569 3202 2632 τοὺς
3255 2569 3489 2633 λοιποὺς
3533 2569 3727 2638 εἰσπράο

2181 2654 2386 2725 ξοιμεν.
2429 2656 2691 2726 Ῥωμαῖοι
2721 2656 2830 2729 γὰρ
2857 2657 3066 2712 ἄνωθέν
3099 2675 3158 2712 τε
3203 2658 3295 2712 καὶ
3329 2658 3400 2723 ἐξ
3439 2659 3615 2730 ἀρχῆς
3642 2675 3727 2710 σω-

2179 2747 2451 2816 φρονίζειν
2503 2747 2810 2819 ἐτάχθημεν
2843 2748 2904 2803 τὸ
2953 2749 3221 2820 ἀνόητον,
3280 2751 3341 2804 ού
3388 2751 3504 2821 μὴν
3542 2748 3726 2819 ἀνόητοί

2177 2855 2322 2901 τινες
2341 2832 2480 2892 εἶναι
2511 2838 2851 2908 νομίζεσθαι.
2899 2840 3058 2894 Ἀλλά
3079 2840 3141 2894 τὸ
3172 2842 3400 2912 Σίρμιον
3438 2842 3728 2913 ὲγχειρίσω·

2183 2945 2283 2998 μεν
2311 2929 2651 3000 Βαρϐάροις;
2683 2931 2783 2984 οὐκ
2817 2931 3042 3002 ἀρκέσει
3081 2931 3190 3002 γὰρ
3229 2934 3358 3003 ὑμῖν
3388 2933 3451 2987 τὸ
3497 2935 3728 3004 περιεῖναι

2181 3019 2375 3090 μέχρις
2428 3020 2568 3074 ὅπλα
2619 3023 2790 3075 κινεῖν
2836 3022 2899 3074 οὐ
2964 3020 3237 3091 βούλοιντο
3288 3023 3576 3093 Ῥωμαῖοι.
3616 3021 3728 3076 Ἀλλ’

2181 3112 2348 3181 ἐρεῖς,
2367 3104 2412 3164 ὦ
2442 3111 2708 3181 Ταργῖτα,
2733 3113 2815 3165 ὅτι
2839 3112 3157 3184 διαϐήσεται
3188 3115 3401 3185 Ἵστρον
3429 3117 3461 3168 ὁ
3489 3113 3728 3182 Χαγάνος.

513 3214 622 3269 imo
674 3225 836 3282 agent
871 3223 927 3268 et
977 3215 1187 3285 rapient
1212 3231 1333 3285 quae
1379 3217 1618 3274 Avarum
1665 3227 1843 3272 erunt.
1895 3217 2078 3288 Neque

2182 3202 2262 3256 ἐτι
2289 3219 2352 3270 γε
2387 3205 2494 3274 μὴν
2523 3202 2618 3256 κα)⁵
2663 3203 2758 3257 τὸν
2792 3203 2994 3273 Ἕϐρον
3018 3206 3088 3238 ⁸³⁸
3119 3206 3214 3259 καὶ
3245 3206 3326 3258 ὅτι
3346 3205 3445 3269 τὰς
3478 3207 3573 3260 ἐπὶ
3605 3204 3729 3276 Θρᾲ-

512 3307 752 3376 grassari
785 3313 840 3359 et
872 3307 1085 3374 praedas
1117 3320 1277 3376 agere
1305 3305 1660 3371 cessabimus,
1690 3305 1818 3359 dum
1855 3305 2080 3362 Barbari

403 3429 408 3432 ί
514 3395 861 3462 superbiant;
899 3404 954 3450 et
983 3405 1130 3451 certe
1175 3397 1333 3465 longe
1361 3396 1619 3458 Romanis
1662 3397 1849 3451 utilius
1879 3398 2080 3453 bellum

515 3499 674 3552 quam
702 3500 829 3553 pax.
855 3485 1068 3538 Etenim
1101 3500 1221 3538 cum
1263 3485 1532 3540 Avaribus
1563 3496 1618 3541 et
1649 3485 1980 3543 Nomadibus
2028 3498 2082 3544 et

518 3575 740 3628 advenis
769 3575 1069 3628 amicitiam
1102 3583 1284 3630 tenere
1326 3576 1542 3645 gravius
1581 3585 1638 3633 et
1675 3578 1925 3634 acerbius
1976 3587 2079 3646 est,

515 3679 676 3734 quam
699 3678 793 3719 eos
821 3663 1056 3718 hostium
1084 3681 1308 3722 numero
1335 3666 1553 3723 habere.
1573 3667 1720 3724 Nam
1749 3669 1972 3726 subdola
2000 3680 2085 3727 est

514 3763 597 3808 est
633 3768 820 3808 eorum
869 3755 1127 3821 amicitia,
1183 3765 1239 3810 et
1289 3767 1513 3824 prtestat
1564 3761 1784 3816 vulnera
1833 3777 2080 3831 corpore,

515 3859 675 3914 quam
722 3845 926 3911 animo,
983 3861 1189 3917 gerere.
1242 3849 1626 3916 Quamobrem,
1659 3867 1692 3909 ο
1739 3852 1982 3924 Targita,
2028 3864 2086 3909 et

515 3953 675 3992 arcus
704 3947 757 3992 et
779 3941 902 4008 equi
930 3948 985 3994 et
1016 3941 1242 3997 inﬁnitae
1287 3943 1453 4011 copiae
1483 3953 1812 4000 armatorum
1838 3946 1895 4001 in
1920 3961 2085 4016 appa-

519 4038 634 4080 ratu
663 4039 845 4084 erunt.
879 4027 992 4086 Nec
1015 4032 1158 4086 enim
1183 4031 1338 4102 quies
1384 4033 1618 4088 utilitate
1668 4035 1869 4104 patior.
1909 4054 1927 4086 ι
1959 4034 2084 4090 Haec

518 4125 641 4164 cum
673 4111 964 4183 imperator
989 4116 1100 4172 alto
1119 4117 1310 4185 spiritu
1340 4118 1585 4185 dixisset,
1608 4115 1844 4174 A'varum
1877 4120 2082 4189 legatos

2181 3313 2286 3367 κης
2326 3294 2577 3350 αὐτοϐοεὶ
2609 3299 3024 3369 παραστήσεται
3061 3297 3266 3362 πόλεις.
3311 3299 3481 3352 ’Δλλὰ
3518 3296 3732 3371 προφθά-

2183 3405 2368 3442 σουσιν
2422 3388 2479 3440 αἱ
2526 3387 2837 3459 Ῥωμαϊκαὶ
2894 3389 3175 3460 δυνάμεις,
3233 3390 3330 3444 καὶ
3385 3390 3496 3460 τῆς
3554 3389 3734 3449 ἐλπίδος

2180 3481 2344 3535 αὑτὸν
2386 3481 2805 3550 ἀφαιρήσονται,
2843 3484 2940 3535 καὶ
2970 3482 3168 3551 μᾶλλον
3213 3483 3367 3535 αὐτοὶ
3404 3481 3734 3550 σκευαγωγὴ·

2185 3573 2424 3627 σουσιτά
2457 3571 2724 3643 Ἀϐάρων.
2755 3573 2864 3626 Καὶ
2890 3573 2952 3626 οὐ
2985 3572 3308 3643 παυσόμεθα
3329 3573 3735 3631 καταϐάλλοντές

2181 3684 2242 3721 τε
2273 3668 2366 3721 καὶ
2399 3667 2762 3738 χειρούμενοι,
2802 3666 2907 3730 ἓως
2955 3667 3021 3721 ἀν
3065 3667 3335 3740 ἐφυϐρίσῃ
3364 3666 3424 3720 τὸ
3454 3667 3735 3739 Βάρϐαρον.

2184 3764 2543 3833 Λυσιτελήσει
2571 3762 2629 3816 δὲ
2682 3760 2976 3832 Ῥωμαίοις
3001 3761 3123 3816 ἀντὶ
3149 3763 3246 3828 τῆς
3287 3760 3519 3831 είρήνης
3548 3764 3576 3814 ὁ

2187 3874 2307 3927 μσς.
2351 3856 2601 3926 Ἀϐάρων
2636 3854 2744 3925 γὰρ
2768 3854 2878 3906 τῶν
2909 3853 3155 3924 νομάδων
3189 3869 3247 3906 τε
3278 3853 3373 3906 καὶ
3404 3851 3450 3883 ⁸⁸
3487 3849 3738 3922 ἐπηλύδων

2183 3947 2515 4002 καθεστάναι
2557 3947 2744 4016 φίλους
2783 3947 2884 4015 τῆς
2922 3945 2998 4010 ὡς
3053 3945 3248 4007 αὐτοὺς
3304 3942 3632 4013 δυσμενείας
3657 3939 3738 4010 βα-

2187 4040 2436 4111 ρύτερον,
2466 4039 2642 4104 ἄλλως
2669 4056 2729 4093 τε
2763 4037 2860 4092 καὶ
2891 4037 3075 4106 φιλίας
3108 4036 3343 4090 ὑπούλου
3385 4033 3738 4101 καθεστώσηςο

2184 4132 2451 4201 Κρεῖσσον
2506 4132 2564 4182 ἐν
2605 4132 2718 4192 τοῖς
2752 4127 2968 4197 σώμασι
2989 4129 3083 4180 καὶ
3113 4127 3236 4195 οὐχὶ
3274 4128 3396 4186 ταῖς
3421 4124 3624 4195 ψυχαῖς
3658 4120 3739 4190 φέ-

517 4200 742 4257 dimisit.
766 4203 924 4260 Prius
959 4214 1138 4261 tamen
1167 4206 1372 4262 Bonum
1402 4210 1590 4263 ducem
1619 4227 1715 4280 per
1734 4213 1945 4266 litteras
1977 4228 2084 4264 ma-

518 4307 752 4362 gnopere
815 4295 1131 4366 increpavit,
1164 4300 1303 4367 quod
1361 4300 1430 4354 ad
1463 4315 1523 4356 se
1559 4301 1682 4356 illos
1719 4302 1945 4372 legatos,
1993 4303 2082 4370 qui

2183 4309 2314 4374 τόξα
2349 4309 2443 4363 καὶ
2479 4309 2635 4362 ἵπποι
2675 4307 2770 4360 καὶ
2801 4306 2992 4378 μυρίαι
3031 4305 3289 4375 δυνάμεις
3313 4303 3554 4357 ὁπλιτῶν
3601 4300 3744 4353 ἔστω-

519 4381 642 4435 talia
704 4396 1088 4454 proponerent,
1150 4386 1468 4456 Byzantium
1518 4391 1772 4445 misisset.
1831 4392 1913 4446 Ad
1971 4393 2084 4448 haec

2188 4416 2288 4454 σαν
2323 4400 2382 4453 ἐν
2413 4400 2760 4469 παρασκευῇ·
2812 4395 2874 4450 οὐ
2923 4395 3032 4466 γὰρ
3061 4394 3264 4466 ἡσυχία
3293 4392 3387 4446 τοῦ
3427 4393 3744 4448 συνοίσοντος

518 4471 664 4527 illum
691 4475 917 4540 monuit,
952 4477 1046 4546 qui
1077 4489 1256 4534 certus
1277 4490 1417 4547 erat,
1447 4484 1846 4552 quamprimum
1884 4483 2080 4539 bellum

2187 4491 2570 4561 αἱρετώτερον.
2613 4507 2632 4541 ι
2662 4487 2912 4543 Τοσαῦτα
2967 4485 3137 4540 εἰπὼν
3185 4489 3213 4540 ὁ
3252 4486 3634 4555 αὐτοκράτωρ,
3667 4495 3747 4550 με·

519 4578 703 4623 contra
733 4572 934 4627 Avares
969 4582 1290 4641 erupturum
1323 4591 1465 4642 esse,
1511 4584 1568 4631 ut
1611 4579 1758 4632 omni
1811 4594 1978 4651 opera
2029 4590 2082 4636 et

2186 4560 2488 4651 γαληγορίᾳ
2513 4597 2573 4632 τε
2604 4579 2952 4650 χρησάμενος
2974 4577 3166 4649 πολλῇ,
3199 4576 3312 4628 τῶν
3348 4574 3598 4643 ’Δϐάρων
3620 4568 3746 4638 άφῆ·

515 4659 695 4714 ειυόίο
746 4660 968 4715 bellicas
1018 4663 1295 4718 machinas
1345 4677 1695 4735 praepararet.
1753 4669 1820 4724 Et
1869 4668 2076 4734 Bonus,

2187 4691 2250 4729 κε
2287 4675 2412 4738 τοὺς
2464 4673 2742 4745 πρέσϐεις,
2770 4672 3037 4744 πρότερον
3068 4669 3233 4738 Βώνῳ
3259 4667 3338 4736 τῷ
3385 4662 3675 4738 στρατηγῴ
3699 4661 3749 4711 ἐν

515 4751 672 4806 lectis
700 4751 1046 4820 imperatoris
1100 4755 1315 4824 litteris,
1364 4762 1564 4818 omnia.
1619 4777 1738 4834 quae
1765 4763 1833 4820 ad
1882 4764 2081 4820 bellum

2186 4766 2478 4837 γράμμασι
2526 4765 2754 4818 πλεῖστα
2788 4762 3265 4834 ἐπιμεμψάμενος,
3303 4761 3387 4812 ὅτι
3433 4775 3499 4825 γε
3527 4757 3664 4818 ὅλως
3685 4753 3751 4812 ὡς

516 4841 879 4909 pertinebant,
905 4844 1188 4916 diligenter
1224 4850 1452 4905 curavit.
1911 4917 1918 4920 _

2187 4855 2348 4910 αὐτὸν
2372 4854 2418 4888 ’⁵
2443 4855 2621 4911 τοιάδε
2650 4854 3074 4927 προϊσχομένους
3102 4850 3338 4905 ἔστειλεν
3366 4851 3424 4914 ἐς
3448 4848 3748 4912 Βυζάντιον·

521 4937 760 5007 πρός’γε
814 4939 908 4994 καὶ
940 4942 1188 5012 σημήνας
1229 4941 1390 5012 ἔργου
1425 4945 1471 4976 ⁹⁶
1501 4943 1721 5016 ἔχεσθαι
1775 4947 1868 4999 καὶ
1933 4948 2110 5001 πάντα
2147 4947 2215 5000 τά
2283 4947 2683 5017 πολεμιστήρια
2715 4948 2921 5018 δργανα
2963 4939 3368 5006 ἐπισκευάζειν,
3421 4939 3611 5009 σαφῶς
3645 4939 3753 4989 ἐπιδ

522 5030 810 5099 στάμενον,
856 5032 932 5096 ὡς
985 5033 1485 5106 ξυγκροτηθήσεται
1538 5038 1566 5090 ὁ
1622 5038 1760 5109 πρὸς
1825 5038 2088 5110 ’Λϐάρους
2127 5040 2362 5109 πόλεμος
2417 5039 2514 5092 καὶ
2558 5039 2704 5108 μάλα
2756 5038 2974 5092 αὐτίκα.
3042 5036 3152 5089 Καὶ
3208 5033 3330 5102 δὴὸ
3385 5031 3606 5095 ’Βῶνος,
3643 5027 3755 5081 ἐπεὶ

519 5127 580 5173 τ’)
624 5122 890 5192 βασίλειον
943 5124 1232 5189 ἀνελέξατο
1276 5127 1535 5197 γράμμα,
1588 5129 1656 5182 τὰ
1687 5130 1822 5200 πρὸς
1865 5130 1956 5185 τὸν
1989 5129 2224 5202 πόλεμον
2255 5130 2564 5202 ἐξηρτύετο.

987 5239 1077 5294 EX
1114 5240 1318 5298 LIBRO
1357 5241 1602 5298 SEXTO.

598 5351 685 5408 10.
721 5352 806 5424 (Α.
837 5353 897 5409 C.
927 5352 1049 5419 574,
1087 5355 1205 5410 Ind.
1243 5355 1296 5420 7,
1339 5355 1592 5410 Justinini
1627 5355 1736 5423 10.)
1776 5357 2090 5425 lmperatrix

532 5445 731 5513 Sophia
749 5443 945 5502 Justini
977 5447 1342 5518 (Zachariam)
1373 5449 1604 5518 legatum
1637 5449 1786 5503 misit
1817 5450 1886 5503 ad
1907 5447 2087 5504 Chas-

1813 5542 2049 5599 VARI/E
2091 5542 2496 5599 LECTIONES.

1571 5638 1615 5668 ⁹¹
1655 5636 1923 5706 ἐπήλυδας
1965 5635 2052 5695 ΙΙ..
2114 5633 2378 5706 ἐπελύδας
2432 5635 2572 5704 vulg.

1505 5711 1549 5738 ³⁸
1573 5709 1730 5777 ἔργον
1749 5705 1755 5706 ⁷
1774 5706 1860 5769 IL,
1903 5707 2060 5775 ἔργον
2097 5705 2244 5774 vulg.

2187 4235 2304 4289 ρειν
2348 4219 2416 4272 τὰ
2451 4219 2766 4290 τραύματα.
2816 4216 2961 4287 Πρὸς
3017 4215 3214 4279 ταῦτα,
3263 4209 3308 4267 ὦ
3346 4215 3617 4285 Ταργῖτα,
3663 4209 3738 4262 καὶ

2655 5245 2748 5299 EK
2799 5246 2936 5299 ΤΟΥ
2965 5244 3034 5313 c."
3058 5241 3303 5298 Aoror.

2269 5367 2318 5412 ι’.
2348 5360 2470 5413 Ὅτι
2519 5361 2552 5428 ἡ
2614 5357 2825 5429 βασιλὶς
2884 5356 3054 5426 Σοφία
3113 5351 3395 5408 Ἰουστίνου
3427 5345 3670 5420 πρέσϐυν
3717 5341 3757 5374 ’⁷

2198 5450 2506 5510 στέλλειὼς
2547 5448 2658 5503 τῶν
2704 5449 2929 5520 Περσῶν
2990 5445 3217 5517 βασιλέα
3261 5441 3527 5512 Χοσρόην,
3561 5439 3620 5490 ἐν
3648 5435 3756 5492 τοῖς

605 5629 871 5708 ιιιεδξςεειεξεΔ
909 5633 998 5708 ΝΩ
1062 5635 1268 5690 οἴεσθαι
1316 5638 1460 5708 vulg.

2684 5636 2728 5666 ¹³³
2770 5635 3010 5704 Ἐμϐρον
3045 5634 3188 5704 vulg.
3283 5632 3341 5704 ξε
3372 5632 3465 5686 καὶ
3500 5640 3602 5684 om.
3633 5621 3752 5674 Par.

536 5700 577 5732 ³⁵
653 5699 728 5763 ὡς
757 5702 915 5754 αὑτὸν
950 5705 1040 5769 ιι,
1091 5708 1252 5760 αὑτὸν
1287 5699 1427 5779 vung

2320 5705 2365 5737 ιη
2397 5701 2660 5776 πρέάὸυν]
2694 5701 2968 5776 Ζαχαρίαν
2994 5701 3234 5774 πρέσϐυν
3279 5703 3341 5757 Ν.
