3954 6210
282 280 386 341 893

1024 282 1118 341 DE
1160 253 1721 343 LEGATIONIBUS
1762 284 2249 344 ROMANORUM
2288 288 2387 345 AD
2418 286 2735 348 GENTES.

3414 290 3524 356 894

284 388 573 461 βασιλείοις
603 390 807 459 ἰατροῖς
865 392 1353 463 καταταττόμενον.
1404 391 1515 446 Καὶ
1554 386 1708 456 οὗτος
1750 394 1848 463 μὲν

1955 410 2125 459 ruent,
2174 394 2459 449 Persarum
2502 410 2704 465 regem,
2735 409 2799 450 ex
2830 396 3057 452 medicis
3077 398 3438 467 imperatoris.
3470 402 3521 460 Is

282 480 446 535 αὑτοῦ
528 480 857 549 ἀφικομενος
889 520 904 547 ,
969 483 1543 551 τεσσαρακονταπέντε
1610 482 1851 551 χιλιάδας

282 571 482 641 χρυσοῦ
510 576 842 640 νομίσματος
871 572 1187 641 παρασχὼν,
1212 572 1415 625 τίθεται
1447 574 1543 636 τὰς
1576 572 1846 642 ξυνθήκας

282 664 387 716 ἀνὰ
404 662 501 730 τὴν
528 662 643 714 Ἕω
666 662 1017 727 ἐνιαυσιαίας,
1046 663 1121 725 ὡς
1152 664 1217 716 ἂν
1244 662 1419 715 ἔσοιτο
1448 665 1742 733 ἐκεχειρία.
1764 664 1851 715 Ἐν

281 754 521 823 τοσούτῳ
564 753 669 822 γὰρ
698 752 901 821 ἔφασκε
939 752 1301 824 σταλήσεσθαι
1338 752 1471 823 πρὸς
1500 756 1598 822 τῆς
1639 752 1851 821 βασιλί-

281 847 369 907 δος
410 846 663 914 μέγιστον
702 844 1040 914 πρεσϐευτὴν
1083 844 1173 896 τὸν
1215 844 1519 913 τελεώτερά
1567 862 1681 905 πως
1723 846 1852 914 περὶ

281 936 537 987 ἁπάντων
571 934 1079 1003 διαλεχθησόμενον,
1116 934 1195 986 ἔτι
1232 934 1337 1004 μὴν
1372 936 1463 987 καὶ
1499 936 1589 987 τὸν
1617 935 1850 1003 πόλεμον

281 1027 618 1089 διαλύσοντα,
653 1025 815 1095 τυχὸν
848 1026 902 1077 ἐν
950 1026 1100 1095 μέσῳ
1123 1027 1213 1078 καί
1240 1025 1331 1079 τοῦ
1374 1025 1662 1095 Ῥωμαίων
1696 1026 1850 1095 βασι-

282 1117 417 1178 λέως
454 1116 849 1185 μεταϐαλόντος
882 1116 938 1178 ἐς
966 1116 1026 1167 τὸ
1060 1117 1390 1187 ἐρρωμένον.
1420 1116 1575 1170 Οὕτω
1609 1118 1705 1187 μὲν
1753 1118 1851 1181 τὰς

284 1209 367 1260 ἐπ’
396 1193 639 1261 ἐνιαυτον
676 1209 1040 1277 ποιησάμενος
1077 1209 1121 1238 ’⁸
1152 1210 1384 1271 σπονδὰς
1419 1210 1545 1279 περί
1588 1210 1684 1279 τῆς
1713 1210 1852 1263 κατὰ

280 1299 507 1369 τὴνἝω
534 1297 818 1368 Ῥωμαίων
846 1299 1223 1367 ἐπικρατείας,
1251 1300 1309 1351 οὐ
1342 1298 1446 1368 μὴν
1466 1300 1559 1351 καὶ
1594 1302 1721 1370 περί
1752 1301 1853 1369 τῆς

283 1393 338 1444 ἐν
378 1392 656 1461 ’Λρμενίᾳη
690 1390 1059 1461 καταθέμενος
1089 1390 1357 1460 δήπουθεν
1378 1390 1541 1443 αὑτοῦ
1574 1392 1668 1443 καὶ
1692 1393 1852 1459 μόνον

283 1486 446 1535 ἕνεκα
482 1480 562 1552 με’
594 1481 839 1551 χιλιάδας
874 1481 1087 1551 χρυσῶν
1138 1481 1516 1549 νομισμάτων,
1552 1480 1850 1549 ἐπανῆκεν.

296 1574 745 1642 Ἐμπεδωθέντων
805 1574 861 1626 δὲ
909 1575 1015 1643 ἄρα
1058 1573 1164 1626 τῶν
1218 1573 1474 1625 τοιούτων
1524 1572 1783 1635 Εὐσέϐιος
1825 1573 1853 1624 ὁ

286 1667 584 1737 στρατηγὸς
634 1666 689 1728 ἐς
733 1663 1024 1728 Βυζάντιον
1061 1664 1499 1731 μεταστέλλεται.

354 1755 441 1810 ια’.
486 1758 608 1809 ’Ὁτι
634 1757 696 1825 δὴ
731 1755 1007 1808 στέλλεται
1060 1753 1202 1807 κατὰ
1256 1754 1355 1823 τήν
1412 1754 1638 1825 Περσῶν
1669 1754 1850 1826 χώραν

283 1847 620 1918 πρεσϐευτής
670 1846 962 1917 Τραϊανὸς,
1023 1847 1078 1897 ἐν
1129 1847 1239 1907 τοῖς
1291 1844 1581 1921 βασιλείοις
1610 1847 1850 1917 πατράσι

281 1940 445 1991 ¹τελῶν
476 1940 568 1992 καὶ
618 1938 716 2007 τὴν
770 1937 1071 2007 λεγομένην
1103 1936 1195 1988 τοῦ
1248 1936 1599 2007 Κοιαίστορος
1651 1938 1851 1992 διέπων

282 2030 495 2099 ἀρχὴν,
533 2030 598 2099 ἦν
632 2024 785 2098 οἶμαι
837 2029 902 2082 ἐκ
958 2026 1052 2079 τοῦ
1112 2025 1402 2092 ἀναζητεῖν
1455 2020 1557 2079 ὦδε
1602 2028 1850 2097 λελέχθαι

293 2122 604 2191 Ῥωμαίοις.
639 2118 1026 2188 Ξυναπεστάλη
1056 2118 1113 2171 δέ
1148 2118 1240 2169 καὶ
1273 2119 1569 2187 Ζαχαρίας,
1599 2112 1660 2172 οὗ
1688 2122 1851 2189 ἐναγ-

282 2228 373 2281 χος
430 2208 726 2292 ἐμνήσθηνὶ
759 2207 844 2277 ἐφ’
869 2200 932 2274 ᾧ,
992 2207 1042 2257 εἰ
1093 2206 1190 2276 μὲν
1218 2201 1370 2258 οἷοίτ’
1408 2208 1452 2238 θ’
1480 2207 1713 2275 ἔσονται,
1735 2210 1850 2279 ἅμα

281 2300 559 2369 ἐμπεδῶσι
587 2300 727 2352 κατὰ
758 2300 856 2369 τήν
884 2315 943 2350 τε
981 2295 1159 2367 Ἐῴαν
1179 2299 1271 2349 καὶ
1297 2296 1393 2367 τὴν
1444 2297 1732 2369 Ἀρμενίαν
1762 2303 1851 2353 ἐν·

280 2393 369 2453 τὸς
398 2391 565 2461 τριῶν
604 2390 870 2443 ἐνιαυτῶν
905 2389 1237 2459 ἐκεχειρίαν.
1280 2388 1371 2439 Ἐν
1406 2390 1422 2420 ί
1455 2389 1696 2461 τοσούτῳ
1724 2392 1850 2457 ξυν-

281 2483 482 2536 έλθοιεν
523 2482 581 2548 ἐξ
630 2479 897 2548 ἑκατέρας
942 2479 1217 2541 πολιτείας
1261 2480 1318 2531 ἐν
1355 2481 1468 2542 τοῖς
1518 2482 1707 2549 ὁρίοις,
1738 2483 1787 2535 οἳ
1828 2486 1848 2515 ¹

278 2574 590 2625 διαλύσουσι
612 2571 680 2625 τὰ
699 2569 997 2641 ἀμφίϐολα,
1031 2568 1411 2639 βουλεύσαιντο
1444 2587 1503 2623 τε
1537 2574 1631 2625 καὶ
1662 2574 1851 2645 τρόπῳ

280 2664 356 2734 τῷ
392 2664 762 2733 καταθήσουσι
822 2662 891 2714 τὰ
942 2660 1081 2715 ὅπλα
1138 2663 1196 2725 ἐς
1249 2662 1529 2717 τέλεονοεί
1567 2665 1623 2718 δέ
1656 2682 1719 2733 γε
1773 2668 1847 2736 μὴ

280 2756 422 2810 οὕτω
452 2754 786 2825 προχωροίη.
824 2754 936 2815 τοῖς
969 2750 1098 2820 γοῦν
1130 2752 1267 2821 πρὸς
1298 2753 1451 2823 ήλιον
1480 2755 1721 2808 οἰκοῦσιν
1751 2756 1848 2825 τὴν

279 2847 486 2900 τοιάνδε
518 2844 822 2915 ἐκεχειρίαν
852 2842 1017 2895 παντὶ
1047 2843 1234 2913 τρόπῳ
1274 2846 1625 2913 ποιήσασθαι.
1666 2848 1850 2915 Παρα-

282 2940 558 3009 γενόμενοι
590 2938 769 2990 τοίνυν
794 2936 843 2988 οἰ
866 2936 1126 3006 πρέσϐεις
1151 2936 1287 3007 πρὸς
1329 2936 1557 3006 βασιλέα
1593 2937 1846 3005 Περσῶν,

280 3033 337 3095 ἐς
370 3030 664 3101 ἐκκλησίαν
707 3047 766 3083 τε
829 3028 1216 3094 καταστάντες,
1248 3028 1502 3099 ἐλεξάτην
1541 3030 1848 3083 τοιάδε³.-

283 3124 499 3179 Πολλῶν
529 3124 585 3176 δὲ
614 3122 987 3191 κεκινημένων
1014 3123 1208 3191 λόγων,
1238 3120 1331 3175 καὶ
1360 3122 1467 3173 τῶν
1496 3120 1594 3190 μὲν
1622 3122 1846 3191 Περσῶν

283 3216 626 3288 μακροτέραν
654 3214 927 3267 ποιεῖσθαι
964 3214 1062 3283 τήν
1093 3214 1320 3284 εἰρήνην
1361 3212 1610 3282 ίεμένων,
1643 3213 1769 3284 άχρι
1792 3214 1847 3267 δὲ

283 3311 439 3363 πέντε
490 3304 750 3359 ἐνιαυτῶν
796 3303 1047 3373 βεϐαιοῦν
1090 3303 1188 3375 τὴν
1238 3300 1586 3375 ἐκεχειρίαν,
1637 3304 1746 3357 τῶν
1794 3306 1851 3359 δέ

284 3400 577 3468 Ῥωμαίων
604 3398 950 3469 τριετηρίδας
1001 3392 1140 3450 εἶναι
1174 3395 1513 3467 βουλομένων
1550 3397 1649 3461 τὰς
1690 3414 1850 3452 σπον-

279 3492 393 3555 δὸς,
432 3491 582 3553 τέλος
627 3489 772 3543 οῠτ’⁸
804 3491 1026 3559 ἴσχυσαν
1070 3488 1121 3542 οἰ
1178 3488 1457 3559 πρέσϐεις.
1490 3490 1633 3544 καθὰ
1663 3491 1850 3544 ἐπετέ-

278 3598 505 3651 τραπτο,
538 3583 677 3648 σφᾶς
708 3568 1033 3650 ποιήσασθαι
1058 3578 1157 3642 τὰς
1194 3579 1485 3650 συνθήκας·
1520 3580 1613 3633 ἐπὶ
1642 3582 1800 3634 πέντε
1826 3584 1846 3612 ⁸

278 3673 555 3735 ἐνιαυτοὺς
608 3666 750 3724 εἶναι
822 3670 1139 3741 ἐρρωμένας
1208 3671 1505 3740 συνήρεσεν
1560 3672 1847 3743 ἀμφοτέρα

282 3762 553 3833 πολιτείᾳ,
589 3761 728 3813 κατὰ
759 3760 826 3829 δὴ
853 3762 951 3829 τήν
979 3760 1098 3812 ’Ἕω
1128 3762 1307 3830 μόνον,
1338 3761 1634 3831 τριάκοντά
1677 3778 1736 3813 τε
1766 3779 1849 3830 χι-

277 3854 466 3914 λιάδας
506 3850 857 3922 νομισμάτων
898 3849 1118 3919 χρυσῶν
1149 3850 1500 3903 κατατιθέναι
1543 3847 1848 3917 Ῥωμαίους

279 3944 390 3997 ἔτει
421 3942 658 4011 ἑκάστῳ.
692 3941 967 4011 Ξυνήρεσε
1005 3938 1062 3992 δὲ
1100 3939 1167 3993 τά
1197 3939 1399 4005 τοιάδε,
1432 3942 1480 3993 εἰ
1525 3940 1781 4010 βασιλεὺς
1821 3943 1849 3995 ὁ

308 4036 577 4106 Ρωμαίων
607 4033 1015 4103 ἐπιψηφίσοιτο.

353 4124 431 4194 ιβ.
468 4124 591 4177 Ὀτι
644 4122 829 4193 ἐπειδὴ
877 4122 1113 4195 Τιϐερίῳ
1162 4124 1263 4194 ήδη
1305 4122 1375 4176 τὰ
1426 4122 1526 4192 τῆς
1576 4122 1848 4187 πολιτείας

280 4216 633 4287 περιεκέχυτο
664 4215 986 4285 πράγματα,
1034 4202 1301 4285 Τραϊανός
1330 4231 1388 4267 τε
1423 4215 1517 4267 καὶ
1570 4214 1848 4285 Ζαχαρίας

276 4307 354 4377 τῷ
392 4307 617 4377 πρέσϐει
669 4306 745 4369 ὡς
790 4306 952 4359 αὑτὸν
995 4305 1371 4375 ἐγεγράφεσαν
1401 4306 1421 4336 ⁸
1448 4304 1524 4376 μὴ
1562 4304 1846 4375 βούλεσθαι

1954 485 2044 539 ubi
2072 486 2138 539 ad
2185 484 2383 540 Persas
2424 487 2675 551 accessit,
2712 486 3068 555 quadraginta
3093 488 3331 557 quinque
3357 490 3519 543 millia

1952 591 2236 631 aureorum
2269 578 2415 632 dedit
2444 586 2499 632 et
2544 578 2789 631 inducias
2838 594 3046 634 annuas
3097 594 3191 648 per
3242 578 3517 633 Orientem

1954 668 2099 732 fecit,
2155 668 2453 736 tantisper,
2503 676 2564 721 ut
2606 667 2854 731 dicebat,
2906 672 3027 722 dum
3064 670 3131 723 ab
3187 670 3524 736 imperatrice

1953 758 2221 811 maximus
2248 758 2455 827 legatus
2494 760 2819 823 mitteretur,
2851 760 2940 828 qui
2979 761 3044 813 de
3072 763 3325 814 omnibus
3358 760 3520 814 rebus

1953 848 2260 902 accuratius
2292 857 2476 917 ageret
2502 858 2556 902 et
2588 848 2724 902 bello
2750 848 2911 901 linem
2941 850 3259 918 imponeret,
3291 852 3336 905 si
3376 851 3517 905 forte

1952 938 2115 991 etiam
2147 938 2350 991 interea
2414 939 2704 1003 accideret,
2734 949 2789 992 ut
2820 938 3065 995 Justinus
3092 942 3511 1005 convalesceret.

1952 1024 2135 1095 Itaque
2179 1027 2230 1079 in
2283 1023 2522 1092 Oriente,
2572 1042 2676 1095 qua
2721 1027 2979 1083 Romanis
3018 1031 3260 1097 parebat,
3294 1039 3519 1099 excepta

1954 1128 2134 1171 tamen
2153 1116 2426 1183 Armenia,
2453 1131 2551 1186 per
2573 1132 2792 1181 annum,
2825 1128 2882 1172 ut
2904 1120 2971 1172 ab
2998 1121 3165 1174 armis
3189 1130 3518 1184 cessaretur,

1952 1219 2032 1263 est
2086 1217 2370 1264 statutum.
2410 1209 2543 1263 Cum
2598 1209 2761 1276 igitur
2812 1209 2969 1278 hujus
3014 1213 3087 1265 rei
3147 1217 3520 1268 tantummodo

1952 1300 2344 1368 consequentia:
2368 1299 2539 1370 gratia
2575 1299 2929 1369 quadraginta
2967 1302 3205 1371 quinque
3233 1318 3520 1359 aureorum

1959 1390 2124 1442 millia
2151 1399 2509 1455 numerasset,
2540 1390 2718 1445 rediit.
2749 1390 2815 1445 Et
2840 1391 2925 1447 his
2950 1395 3238 1448 transactis
3259 1392 3521 1449 Eusebius-

1954 1481 2059 1534 dux
2102 1479 2419 1548 Byzantium
2445 1482 2758 1536 arcessitur.

1878 1740 1924 1798 B
2033 1747 2113 1799 ll.
2158 1745 2389 1801 Mittitur
2417 1747 2608 1802 deinde
2636 1747 2688 1801 in
2724 1748 3010 1802 Persarum
3059 1748 3335 1820 regionem
3363 1750 3521 1820 157

1953 1838 2159 1908 legatus
2222 1839 2507 1909 Trajanus,
2558 1840 2703 1894 inter
2760 1841 3019 1907 patricios
3086 1842 3379 1910 ascriptus,
3432 1845 3521 1910 qui

1951 1933 2235 2001 quazstoris
2252 1933 2568 2001 magistratu
2596 1933 2945 2001 fungebatur,
2988 1947 3145 2001 quem
3183 1948 3212 1987 a
3238 1936 3524 2003 qumremlo

1952 2038 1981 2075 a
2012 2022 2269 2078 Romanis
2315 2025 2395 2079 sic
2446 2024 2645 2079 dictum
2686 2038 2807 2079 esse
2858 2032 3006 2093 puto.
3042 2024 3237 2080 Missus
3282 2034 3369 2080 est
3416 2043 3519 2079 una

1951 2133 2165 2187 quoque
2197 2116 2511 2183 Zacharias,
2550 2118 2703 2187 cujus
2732 2126 2890 2171 antea
2935 2118 3305 2182 meminimus,
3351 2127 3429 2182 ut,
3477 2120 3520 2171 si

1954 2218 2203 2280 possent,
2240 2211 2412 2277 trium,
2436 2224 2702 2264 annorum
2745 2210 2991 2265 inducias
3030 2225 3127 2279 per
3167 2209 3440 2264 Orientem
3471 2219 3526 2264 et

1951 2302 2264 2357 Armeniam
2302 2303 2569 2366 facerent,
2610 2302 2877 2370 tantisper
2898 2303 3023 2356 dum
3055 2302 3145 2355 alii
3189 2316 3254 2356 ex
3289 2311 3521 2370 utroque

1952 2406 2119 2462 regno
2152 2392 2206 2445 in
2240 2391 2436 2447 finibus
2470 2392 2843 2455 convenirent,
2874 2390 2964 2460 qui
3009 2390 3408 2446 controversias
3437 2390 3523 2443 di-

1952 2482 2215 2535 rimerent
2237 2489 2291 2535 et
2322 2480 2609 2535 consilium
2635 2481 2915 2545 haberent,
2946 2495 3051 2549 qua
3086 2481 3294 2535 ratione
3329 2479 3380 2533 in
3408 2495 3524 2549 per-

1951 2581 2175 2640 petuum
2212 2585 2362 2627 arma
2394 2572 2725 2639 deponerent
2753 2590 2765 2625 :
2792 2573 2837 2627 si
2870 2572 2973 2627 hoc
3015 2572 3234 2626 minime
3256 2572 3519 2625 succede-

1950 2672 2053 2727 ret,
2082 2661 2313 2716 iuducia:
2347 2662 2539 2718 saltem
2576 2663 2711 2716 tanti
2761 2663 3017 2731 temporis
3055 2677 3151 2732 pro
3197 2662 3302 2729 his,
3327 2661 3418 2731 qui
3454 2660 3522 2717 ad

1948 2754 2220 2807 Orientem
2251 2753 2511 2819 incolunt,
2548 2753 2695 2807 omni
2722 2754 2930 2807 ratione
2967 2753 3301 2808 obtinerent.
3334 2751 3523 2821 Legati

1916 2914 1921 2919 _
1950 2844 2039 2898 ubi
2070 2844 2135 2896 ad
2183 2858 2361 2911 regem
2394 2843 2679 2898 Persarum
2710 2853 3078 2911 accesserunt,
3114 2844 3168 2897 in
3209 2843 3521 2897 concionem

1948 2933 2125 2987 vocati
2153 2934 2267 2987 haec
2290 2934 2562 2988 dixerunt.
2592 2963 2659 2973 —
2692 2934 2870 2988 Multis
2905 2936 3046 2990 ultro
3088 2936 3335 3003 citroque
3365 2935 3528 2989 motis

1949 3025 2285 3080 sermonibus
2305 3023 2481 3079 Persae
2504 3026 2554 3078 in
2575 3025 3004 3095 quinquennium
3029 3026 3524 3095 iuducias,Romani

1952 3133 2048 3185 per
2094 3118 2387 3171 triennium
2436 3126 2643 3171 tantum
2691 3118 2872 3172 valere
2923 3117 3190 3173 volebant.
3242 3118 3527 3173 Postremo

1952 3208 2115 3277 legati
2172 3205 2577 3272 Romanorum,
2632 3207 2771 3262 sicut
2821 3207 2951 3277 ipsis
3002 3209 3315 3261 mandatum
3372 3220 3525 3270 erat,

1953 3299 2004 3352 in
2063 3313 2128 3353 eo
2186 3314 2291 3353 non
2334 3282 2721 3368 perstiterunt,
2778 3308 2835 3353 ιιι
2906 3298 3065 3351 trium
3120 3313 3384 3352 annorum
3437 3300 3522 3352 in-

1951 3389 2122 3444 duciae
2150 3388 2372 3455 ﬁerent;
2406 3391 2500 3443 sed
2564 3389 2614 3442 in
2661 3388 3087 3460 quinquennium
3134 3388 3378 3442 inducias
3406 3403 3527 3443 esse

1952 3474 2153 3544 placuit
2185 3478 2403 3546 utrique
2450 3476 2657 3531 civitati
2689 3477 3061 3531 tantummodo
3087 3492 3185 3545 per
3221 3474 3523 3542 Orientem,

1949 3568 2018 3622 ob
2056 3585 2190 3638 quas
2214 3571 2504 3638 quotannis
2533 3569 2759 3623 Romani
2786 3567 3001 3639 triginta
3030 3568 3197 3622 millia
3229 3583 3516 3623 aureorum

1950 3662 2243 3728 penderet;
2280 3677 2399 3729 qua:
2445 3670 2599 3729 pacta
2644 3669 2820 3715 tamen
2864 3674 2972 3714 non
3033 3660 3135 3713 alia
3194 3660 3521 3726 conditione,

1952 3750 2054 3803 nisi
2095 3766 2158 3803 ea
2184 3750 2480 3819 imperator
2513 3750 2771 3820 sulfragio
2819 3765 2919 3805 suo
2944 3752 3371 3819 comprobasset,
3403 3761 3517 3805 rata

1951 3840 2152 3895 forent.
3286 3848 3297 3853 '

2020 4122 2105 4177 19..
2141 4121 2225 4192 (Α.
2258 4119 2317 4176 C.
2348 4120 2474 4185 575,
2524 4118 2641 4174 Ind.
2671 4118 2725 4184 5,
2768 4116 2964 4174 Justini
3017 4116 3109 4189 ll.)
3157 4116 3231 4173 Ut
3274 4118 3524 4175 Tiberius

1948 4214 2283 4284 negotiorum
2314 4206 2839 4265 administrationem
2872 4210 3128 4279 suscepit,
3174 4209 3441 4279 Trajanus
3465 4219 3517 4265 et

1948 4303 2245 4358 Zacharias
2274 4300 2437 4371 legati
2473 4302 2538 4357 ad
2572 4316 2695 4356 eum
2724 4301 3144 4369 rescripserunt,
3169 4300 3362 4355 Persas
3386 4301 3523 4357 nolle

279 4399 493 4469 Πέρσας
524 4398 651 4470 ἄχρι
686 4397 854 4470 τριῶν
883 4397 1020 4450 ἐτῶν
1055 4397 1386 4469 ποιήσασθαι
1415 4397 1513 4461 τὰς
1554 4396 1846 4468 ξυνθήκας,

1965 4396 2031 4451 ad
2055 4404 2167 4451 tres
2187 4408 2378 4461 annos,
2399 4396 2491 4449 sed
2518 4392 2585 4448 ad
2602 4393 2840 4463 quinque
2869 4391 3118 4448 inducias
3140 4392 3363 4461 pacisci.
3396 4390 3523 4457 Qum

280 4488 702 4558 πενταετηρίδας
730 4488 785 4540 δέ
817 4484 958 4540 εἶναι
1000 4487 1222 4557 μᾶλλον.
1261 4488 1367 4541 Καὶ
1404 4488 1504 4541 οὐκ
1549 4490 1841 4553 ἐπινεύσας

279 4580 360 4653 (οὐ
399 4581 507 4651 γὰρ
557 4580 719 4633 αὐτὸν
772 4581 973 4651 ήρεσκε
1025 4580 1369 4651 μακροτέραν
1422 4581 1692 4634 ποιεῖσθαι
1745 4582 1844 4653 τὴν

279 4668 631 4740 ἐκεχειρίαν),
666 4670 959 4739 ἐσήμαινεν
984 4670 1060 4732 ὼς
1093 4670 1289 4733 αὐτοὺς
1327 4671 1560 4740 μάλιστα
1584 4672 1682 4741 μὲν
1716 4671 1843 4741 ἄχρι

277 4760 369 4813 δύο
394 4762 651 4815 ἐνιαυτῶν
682 4761 780 4825 τὰς
811 4761 1025 4815 τοιάσδε
1053 4761 1347 4830 βεϐαιῶσαι
1382 4762 1615 4823 σπονδάς
1640 4778 1655 4793 ·
1702 4764 1750 4814 εἰ
1788 4762 1845 4815 δέ

275 4870 339 4920 γε
362 4852 597 4906 ἀδύνατα
631 4852 827 4922 ἔχοιεν,
863 4854 1173 4923 περαιτέρω
1210 4853 1285 4923 μὴ
1312 4851 1597 4923 ἀνέξεσθαι
1632 4853 1665 4923 ἢ
1698 4870 1846 4923 τριε-

274 4946 416 5007 τῐας.
465 4944 757 5013 Σταλείσης
796 4943 851 4996 δὲ
888 4943 981 4996 οὖν
1015 4942 1110 5015 [ὡς
1169 4942 1214 5015 ⁷]
1263 4946 1375 5008 τοῖς
1433 4943 1695 5014 πρέσϐεσι
1747 4944 1845 5012 τῆς

273 5036 483 5088 τιιᾶσδε
534 5034 837 5103 ἐπιστολῆς,
886 5034 980 5087 καὶ
1023 5034 1088 5105 δὴ
1142 5034 1557 5106 ἀναλεξαμένων
1603 5036 1687 5087 δτι
1722 5034 1845 5103 ἐδήσ

274 5127 367 5177 λου
405 5126 463 5176 τὸ
497 5125 750 5195 γράμμα,
789 5124 1044 5177 Μεϐώδου
1092 5126 1184 5179 ἐπί
1213 5124 1384 5196 τούτῳ
1420 5124 1750 5194 ἀφικομένου
1787 5126 1844 5176 ἐν

273 5213 387 5273 τοῖς
432 5210 575 5280 ἀμφὶ
615 5212 675 5264 τὸ
714 5212 893 5283 Δάρας
950 5213 1139 5283 ὁρίοις,
1198 5214 1586 5283 αἰσθανομένου
1628 5212 1650 5244 ⁸
1680 5230 1737 5265 τε
1769 5212 1844 5277 ὡς

274 5304 393 5367 ταῖς
418 5304 517 5376 ἤδη
548 5305 652 5361 ὑπὸ
679 5305 948 5375 Τραῑανοῦ
972 5308 1066 5359 καὶ
1097 5307 1365 5377 Ζαχαρίου
1398 5304 1843 5375 δοκιμασθείσαις

1947 4503 2073 4543 cum
2101 4503 2209 4543 non
2258 4487 2631 4557 approbasset,
2659 4488 2781 4556 (nec
2811 4484 2956 4541 enim
2978 4485 3027 4540 ei
3067 4484 3123 4539 in
3152 4492 3258 4538 tam
3304 4484 3519 4552 longum

1948 4590 2161 4651 tempus
2203 4580 2450 4635 inducias
2483 4577 2661 4633 facere
2698 4577 2989 4648 placebat,)
3021 4576 3313 4639 mandavit,
3367 4582 3425 4627 ut
3458 4573 3515 4627 in

1948 4674 2087 4729 duos
2114 4687 2288 4728 annos
2317 4672 2757 4742 paciscerentur;
2785 4670 2828 4724 si
2862 4684 2969 4724 non
3001 4667 3246 4723 obtinere
3277 4674 3522 4735 possent,

1950 4764 2080 4819 nihil
2112 4763 2179 4817 ad
2216 4772 2326 4817 tres
2352 4777 2523 4817 annos
2553 4761 2871 4830 adjicereut.
2903 4760 3063 4815 Missa
3097 4768 3181 4813 est
3211 4758 3375 4827 igitur
3404 4757 3522 4812 hac

1952 4853 2019 4905 ad
2065 4851 2269 4922 legatos
2325 4852 2575 4920 epistola,
2630 4858 2685 4904 et
2725 4864 2847 4904 cum
2884 4863 2970 4914 ea,
3020 4862 3141 4916 qua:
3196 4846 3509 4902 continebat

1950 4943 2232 5012 legissent,
2268 4941 2541 5007 Mebodes,
2576 4941 2666 5011 qui
2698 4940 2763 4994 ad
2799 4952 3116 5007 responsum
3148 4937 3519 5005 accipiendum

1951 5033 2019 5087 ad
2046 5033 2178 5087 lines
2199 5034 2363 5089 Daras
2394 5041 2638 5095 venerat,
2664 5031 2800 5085 satis
2825 5029 3105 5093 intellexit,
3130 5027 3406 5081 Romanos
3437 5027 3522 5080 in-

1951 5124 2159 5190 ducias,
2194 5138 2330 5194 quas
2360 5122 2624 5189 Trajanus
2670 5128 2725 5176 et
2770 5119 3063 5175 Zacharias
3114 5117 3379 5179 fecerant,
3414 5129 3520 5170 non

1945 5217 2266 5285 approbare.
2299 5214 2483 5285 Itaque
2504 5212 2942 5269 Tachosdronem
2970 5210 3212 5275 immisit,
3239 5208 3329 5278 qui
3353 5216 3523 5262 terras

1945 5307 2169 5361 ditionis
2226 5305 2588 5361 Romanorum
2638 5304 2817 5361 subito
2868 5303 3084 5367 invasit,
3118 5310 3173 5356 et
3213 5300 3512 5370 prepinqua

1524 5423 1759 5479 VARI/ﬁ
1829 5424 2232 5480 LECTIONES.

344 5542 391 5575 "
420 5542 786 5612 ποιησάμενον
846 5544 990 5613 vulg.

281 5685 299 5716 ⁸
333 5682 727 5755 εγέγραφείτην
762 5683 879 5738 l’ar.
959 5685 976 5713 ⁷
1013 5686 1082 5747 ὡς
1133 5685 1284 5737 uncis
1330 5685 1663 5739 inclusimus.

1094 5544 1137 5574 9’
1168 5540 1319 5596 οἷοίτ’
1350 5542 1438 5603 11..
1496 5544 1595 5597 οἷοι
1658 5541 1777 5611 (sic)
1826 5540 1971 5611 vulg.

278 5611 765 5683 margine’codicis
813 5611 1140 5682 adscriptum
1190 5624 1271 5666 est
1322 5633 1332 5666 :
1382 5616 1538 5682 Ζήτει
1586 5613 1644 5663 ἐν
1692 5614 1768 5678 τῷ
1809 5614 1933 5683 περὶ
1985 5611 2356 5683 δημηγοριῶν.

1744 5683 1763 5707 ⁸
1794 5682 2210 5749 αἰσθανομένους
2240 5682 2379 5751 vulg.

2053 5542 2066 5571 '
2101 5539 2179 5611 ἐν]
2212 5540 2287 5601 ὡς
2315 5541 2380 5593 ἂν
2405 5540 2461 5591 ἐν
2499 5539 2640 5611 conj.
2676 5537 2735 5589 Β.
2762 5606 2771 5611 _
2844 5535 2948 5611 _’_oi
3148 5531 3287 5611 vuig.
3316 5599 3327 5611 ι
3400 5528 3420 5559 ³
3450 5527 3507 5611 [ιι

2474 5610 2491 5638 ³
2526 5597 2621 5661 οὐκ
2652 5606 2793 5674 conj.
2844 5606 2906 5659 N.
2989 5606 3009 5636 ⁸
3044 5604 3133 5657 ἐπὶ
3177 5597 3424 5661 δὲ’πέντε
3451 5597 3495 5655 Ν
