4006 6214
453 222 563 287 895
1280 223 1692 306 ΕΧΟΕΗΡΤΑ
1729 221 1839 289 EX
1871 219 2059 280 MEM

2160 216 2295 277 )RO
2329 215 2826 276 PROTECTORE
3601 216 3691 277 896

456 330 573 385 loca
610 329 777 386 Daras
823 332 943 400 igne
979 333 1228 385 vastavit.
1260 331 1364 386 Sed
1396 331 1500 386 tlde
1525 330 1738 385 Mebodi
1763 330 1912 393 data,
1945 329 2019 382 illi
2049 370 2059 388 ,

2160 326 2387 389 πονδαῖς
2412 326 2473 379 οὺ
2507 338 2821 397 στέργουσι⁸
2852 326 3133 396 Ῥωμαῖοι,
3175 324 3445 394 ἐπαφίησι
3489 325 3575 378 τὸν
3596 326 3692 377 Τα-

461 432 801 479 numeratum
841 424 905 477 iri
952 424 1242 491 quotannis
1293 437 1389 492 per
1438 432 1546 479 tres
1579 438 1750 480 annos
1800 423 2018 492 triginta

2163 418 2337 488 όσδρω
2379 418 2520 471 κατά
2570 418 2671 487 τῆς
2731 416 3019 486 Ῥωμαίων
3072 416 3452 488 ἐπικρατείας.
3509 418 3613 471 Καὶ
3645 419 3695 482 ες

462 516 630 571 millia
665 528 948 570 aureorum
980 529 1075 584 pro
1119 517 1371 584 induciis,
1416 526 1677 573 statutum
1705 525 1808 584 est,
1845 526 1905 572 ut
1938 512 2023 571 iu?-

469 614 611 661 terea
642 604 914 674 principes
957 605 1057 659 viri
1093 606 1371 677 utriusque
1400 609 1551 678 regni
1593 608 1645 663 in
1690 625 1854 663 unum
1881 623 2027 663 con-

358 706 363 715 ‘
468 694 732 760 venirent,
772 705 829 750 et
860 695 1038 766 aliqua
1084 699 1294 752 ratione
1343 702 1550 753 tirmam
1584 715 1768 768 pacem
1824 701 2031 756 consti-

468 792 700 840 tuerent.
734 784 793 839 Id
847 786 983 841 utile
1013 788 1127 842 suis
1154 789 1459 845 rationibus
1490 789 1604 845 fore
1628 791 1811 845 Caesar
1838 792 2027 845 existi-

467 874 664 940 mabat,
702 882 757 929 et
786 876 1123 945 providentia
1154 880 1385 946 quadam
1420 879 1690 935 faciebat:
1728 880 2033 935 conﬁdebat

465 965 632 1028 enim,
657 981 716 1020 se
746 966 883 1020 intra
911 976 1018 1022 trcs
1040 985 1211 1024 annos
1241 969 1465 1025 idoneas
1491 973 1674 1041 copias
1698 982 2031 1040 coacturum,

468 1058 660 1121 quibus
688 1069 747 1107 se
779 1056 912 1111 satis
964 1059 1230 1114 munitum
1289 1067 1343 1115 et
1387 1062 1707 1122 instructum
1744 1064 1810 1117 ad
1854 1061 2035 1118 Persis

471 1147 829 1201 resistendum
868 1151 1195 1215 ostenderet,
1238 1159 1296 1205 ut
1324 1152 1483 1206 etiam
1517 1167 1581 1206 ex
1611 1168 1766 1223 aequo
1811 1169 1931 1209 cum
1955 1155 2035 1210 eis

473 1236 634 1309 158
667 1254 904 1308 pugnare
938 1252 1141 1310 posset.
1177 1242 1581 1299 Praese'nserant
1605 1255 1659 1299 et
1683 1245 1862 1301 Persae
1894 1247 2037 1299 hanc

471 1330 810 1399 imperatoris
854 1334 1269 1401 providentiam,
1298 1336 1440 1404 quod
1488 1335 1632 1390 nulla
1683 1336 1787 1389 alia
1829 1338 2038 1393 ratione

475 1430 753 1489 tantopere
788 1423 855 1477 de
901 1422 1004 1478 hac
1061 1425 1315 1480 dilatione
1368 1427 1705 1495 impetranda
1744 1427 2037 1495 laboraret,

473 1524 633 1576 quam
672 1518 729 1564 ut
763 1525 859 1579 per
909 1512 962 1566 id
1013 1516 1268 1584 temporis
1314 1517 1546 1585 spatium
1588 1517 1811 1573 idoneas
1858 1520 2041 1587 copias

474 1609 824 1670 praepararet.
852 1603 1285 1659 Contemncbant
1321 1615 1499 1661 tamen
1529 1605 1710 1664 Persae
1746 1611 2040 1677 Romanos,

478 1698 732 1759 tanquam
757 1693 848 1762 qui
880 1695 1164 1749 adversum
1192 1712 1250 1751 se
1278 1697 1331 1750 in
1354 1699 1470 1753 acie
1497 1708 1646 1753 stare
1676 1709 1729 1754 et
1758 1702 2042 1769 pugnando

478 1797 634 1848 pares
662 1798 784 1839 esse
813 1800 919 1839 non
953 1797 1189 1853 possent,
1224 1789 1436 1842 etiamsi
1486 1788 1699 1856 longius
1738 1800 1947 1860 tempus
1979 1791 2046 1847 iis

478 1872 851 1930 indulsissent.
884 1876 1248 1941 Quamobrem
1274 1890 1556 1946 postquam
1574 1880 1695 1934 belli
1723 1883 1955 1936 cessatio
1982 1884 2048 1935 ad

481 1974 691 2034 tempus
712 1975 827 2019 rata
850 1982 945 2035 per
961 1966 1237 2023 Orientem
1258 1968 1383 2033 fuit,
1400 1971 1575 2025 omnis
1600 1981 1777 2027 motus
1795 1972 1845 2025 in
1867 1976 2051 2028 Arme-

483 2057 629 2110 niam
660 2068 743 2112 est
788 2061 1103 2127 translatus,
1132 2070 1186 2118 et
1221 2077 1342 2116 cum
1389 2062 1527 2118 alius
1561 2064 1703 2118 aliud
1758 2080 1950 2120 munus
1996 2067 2048 2121 in

484 2147 571 2201 illa
615 2150 837 2219 regione
880 2151 1076 2220 obiret,
1134 2154 1354 2210 ineunte
1384 2170 1530 2223 vere,
1560 2155 1757 2213 bellum
1782 2167 1865 2213 est
1890 2174 2052 2214 οχον·-

481 2249 616 2294 ιιιιη.
667 2264 687 2284 ·

552 2334 640 2391 15.
668 2337 757 2407 (τι.
782 2341 845 2394 υ.
872 2340 997 2406 576,
1021 2340 1140 2398 lnd.
1159 2344 1215 2411 9,
1237 2344 1432 2402 Justini
1459 2348 1572 2417 12.)
1599 2345 1850 2404 Tiberius
1871 2349 2051 2404 Theo-

484 2426 696 2493 dorum,
730 2427 925 2488 Bacchi
960 2434 1149 2504 lilium,
1185 2435 1416 2507 legatum
1453 2441 1519 2493 ad
1553 2456 1733 2509 regem
1767 2441 2053 2496 Persarum

484 2519 674 2587 mittit,
711 2525 892 2592 specie
930 2529 1146 2595 quidem
1191 2515 1399 2601 gratias
1435 2533 1627 2601 agendi
1678 2547 1862 2595 causa,
1915 2533 2055 2600 quod

488 2604 824 2681 Traianum,
883 2619 1278 2673 nobilissimum
1343 2621 1708 2676 Romanorum
1780 2622 2054 2692 legatum,

488 2714 702 2759 summo
743 2705 949 2761 honore
978 2702 1270 2775 affecisset,
1298 2727 1421 2766 cum
1458 2713 1619 2783 paulo
1652 2722 1778 2769 ante
1835 2714 2058 2784 legatio-

490 2806 611 2846 nem
637 2794 754 2865 ejus
778 2800 1232 2867 accepissetJam
1253 2805 1340 2859 diu
1364 2806 1508 2859 enim
1538 2806 1590 2860 in
1610 2821 1759 2883 more
1778 2817 1897 2862 erat
1921 2807 2059 2877 apud

490 2893 780 2959 utrumque
822 2891 1149 2962 principem,
1186 2906 1310 2966 post
1343 2912 1568 2969 magnos
1613 2899 1818 2969 legatos
1848 2900 2062 2954 mittere

2125 511 2323 583 ἁθρόον
2351 510 2668 581 ἐπιδραμὼν
2701 510 2971 580 ἐνέπρησε
3004 509 3075 563 τά
3107 511 3209 563 ὅσα
3233 509 3584 580 πλησιόχωρα
3611 513 3692 563 τοῦ

2129 603 2326 674 Δάρας,
2377 603 2481 668 ἕως
2532 604 2762 673 ἐπείσθη
2799 602 3065 673 Μεϐὡδης
3109 601 3368 669 δέξασθαι
3412 602 3512 665 τὰς
3554 603 3695 676 τριά-

2130 709 2295 747 κοντα
2319 693 2562 761 χιλιάδας
2591 692 2702 745 τῶν
2736 692 2954 763 χρυσῶν
2979 692 3331 763 νομισμάτων
3363 692 3451 744 ἀν’
3472 691 3697 768 έτοςυτῆς

2132 784 2470 854 τριετηρίδος
2518 784 2684 838 ἕνεκα
2734 786 2979 856 εἰρήνης,
3017 786 3100 852 ἐφ’
3134 778 3179 852 ᾧ
3221 786 3279 838 ὲν
3310 782 3554 855 τοσούτῳ
3589 785 3699 846 τοὺς

2133 875 2405 945 ἄρχοντας
2447 875 2716 944 ἑκατέρας
2753 874 3029 937 πολιτείας
3065 876 3144 938 εἰς
3177 875 3234 928 ἓν
3270 874 3551 939 ξυνιόντας
3589 873 3700 942 βου-

2134 965 2435 1020 λεύσασθαι
2491 966 2640 1029 ὅπως
2677 966 2741 1036 δὴ
2799 966 2868 1020 τὰ
2926 967 3065 1020 ὅπλα
3107 965 3442 1020 καταθέσθαι
3495 964 3698 1029 τελέως.

2135 1057 2370 1130 Προνοίᾳ
2389 1057 2447 1110 δὲ
2477 1057 2541 1127 δή
2573 1073 2681 1110 τινι
2712 1056 3102 1129 στοχαζόμενος
3128 1056 3223 1111 τοῦ
3261 1056 3615 1119 συνοίσοντος,
3644 1057 3704 1109 τά

2135 1146 2317 1201 τοιάδε
2349 1149 2592 1201 ἐπετέλει
2639 1150 2668 1201 6
2700 1149 2925 1220 Καῖσαρ
2948 1165 2962 1179 ·
3016 1149 3287 1217 ἠπίστατο
3317 1147 3452 1218 γὰρ,
3486 1147 3560 1211 ὡς
3589 1146 3703 1218 ἄχρι

2135 1238 2399 1292 ἑνιαυτῶν
2424 1239 2593 1309 τριῶν
2615 1239 2911 1310 ἀποχρῶσα
2942 1239 3091 1309 αὐτῷ
3118 1239 3270 1293 ἔσται
3309 1239 3343 1309 ἡ
3398 1238 3702 1321 πιερασκευὴ

2142 1330 2385 1401 Πέρσαις
2406 1347 2465 1383 τε
2489 1330 2787 1401 ἀξιόμαχος
2813 1331 3241 1402 ἀναφανήσεται.
3262 1329 3659 1401 Ξυνῃσθάνοντο
3683 1330 3702 1361 ⁹

2140 1426 2198 1481 δὲ
2220 1428 2314 1480 καὶ
2337 1427 2543 1498 Πέρσαι
2562 1428 2660 1497 τῆς
2683 1429 2900 1482 τοιᾶσδε
2927 1427 3269 1500 προμηθείας
3294 1426 3397 1480 τοῦ
3421 1426 3700 1496 Καίσαρος,

2148 1520 2224 1583 ὡς
2258 1520 2471 1583 οὐδενὸς
2503 1519 2688 1590 ἐτέρου
2746 1521 2909 1573 ἕνεκα
2944 1510 3176 1589 ’γίνεται
3238 1518 3391 1588 αὐτῷ
3424 1518 3647 1587 ἀναϐολὴ
3675 1518 3701 1587 ἦ

2149 1610 2519 1680 προορωμένῳ
2570 1610 2664 1663 τοῦ
2724 1605 3030 1681 μέλλοντος,
3057 1610 3205 1673 ὅπως
3236 1610 3295 1672 ὲς
3335 1609 3399 1662 τδ
3428 1608 3544 1663 δέον
3574 1608 3703 1676 αὐτῷ

2150 1702 2870 1774 προπαρασκευασθήσοιντο
2923 1702 2980 1757 αἱ
3023 1702 3300 1772 δυνάμεις.
3345 1700 3704 1769 Κατεφρόνουν

2147 1796 2202 1849 δὲ
2228 1797 2378 1866 ὅμως
2411 1796 2518 1851 τῶν
2555 1796 2866 1867 Ῥωμαίων,
2897 1795 2993 1849 ἆτε
3024 1794 3491 1867 ἀναμαχήσασθαι
3530 1795 3587 1846 o6
3626 1792 3703 1846 6o—

2149 1888 2417 1958 ναμένων,
2439 1890 2487 1941 εί
2514 1888 2606 1942 καὶ
2634 1888 2835 1942 πλείων
2864 1888 3050 1949 αὐτοῖς
3070 1887 3310 1958 ἐνδοθείη
3342 1885 3703 1957 χρόνος.Ἐπεὶ

2149 1972 2240 2030 οὖν
2265 1979 2521 2048 ἀνακωχὴ
2544 1978 2785 2047 ἐγεγόνει
2820 1977 2923 2031 eve
2970 1977 3068 2049 τὴν
3100 1978 3234 2042 Ἕω,
3274 1970 3622 2046 μετενήνεκτο
3655 1973 3703 2025 δὲ

2151 2067 2298 2132 ἄπας
2327 2069 2419 2121 ἐπὶ
2439 2070 2538 2139 τὴν
2570 2068 2861 2138 Ἀρμενίαν
2887 2070 2915 2121 6
2937 2067 3183 2139 θόρυϐος,
3208 2067 3375 2122 ἄλλου
3398 2065 3533 2122 ἄλλα
3560 2063 3705 2133 αὐτῆς

2151 2158 2705 2232 διακληρωσαμένων,
2730 2155 2865 2230 ἦρος
2886 2159 3189 2231 ἀρχομένου
3211 2158 3451 2229 συνέστη
3477 2155 3700 2226 πόλεμος.

2226 2334 2316 2402 ιγ’.
2351 2334 2475 2387 Ὅτι
2506 2336 2534 2388 6
2584 2334 2834 2405 Τιϐέριος
2884 2336 2913 2388 6
2959 2335 3179 2406 Καῖσαρ
3212 2335 3429 2389 στέλλει
3460 2333 3703 2405 Θεόδωρον

2155 2424 2245 2479 τὸν
2277 2425 2493 2495 Βάκχου
2520 2426 2990 2497 πρεσϐευσάμενον
3016 2426 3092 2490 ὡς
3119 2426 3348 2497 βασιλέα
3375 2426 3616 2498 Περσῶν,
3639 2423 3703 2493 τῷ

2155 2517 2331 2569 δοκεῖν
2365 2517 2463 2586 μὲν
2496 2516 2901 2588 ὀμολογήσοντα
2948 2517 3179 2588 χάριτας
3234 2516 3353 2571 ἀνθ’
3386 2511 3462 2570 ὧν
3499 2516 3583 2570 τὸν
3625 2515 3704 2584 μέ-

2156 2625 2341 2677 γιστον
2373 2609 2659 2679 Ῥωμαίων
2692 2610 3031 2681 πρεσϐευτὴν
3060 2611 3117 2674 ές
3143 2610 3213 2664 τὰ
3248 2610 3494 2682 μάλιστα
3519 2608 3707 2679 ἐτίμησε

2157 2699 2447 2770 Τραϊανὸν,
2497 2701 2659 2772 ἡνίκα
2690 2700 2918 2773 ἐναγχός
2968 2719 3030 2772 γε
3077 2702 3248 2773 δήπου
3304 2702 3408 2773 τὴν
3467 2703 3532 2756 δι’
3573 2698 3710 2755 αὐτοῦ

2128 2792 2374 2857 ιὲδέξατο
2397 2793 2710 2864 πρεσϐείαν,
2746 2795 2982 2849 ἔκπαλαι
3025 2795 3087 2849 τὸ
3138 2794 3336 2849 τοιόνδε
3377 2794 3628 2867 νομισθὲν
3651 2791 3709 2853 ὡς

2161 2885 2481 2954 ἀμφοτέρας
2533 2872 2836 2967 πολιτείας,
2894 2887 3037 2940 ὥστε
3108 2887 3245 2957 μετὰ
3284 2889 3412 2948 τοὺς
3479 2884 3713 2959 μεγάλους

501 2975 639 3076 alios
703 2980 978 3048 minores,
1024 2986 1117 3055 qui
1179 2988 1407 3056 gratiam
1473 3001 1694 3060 agerent
1735 2992 1806 3045 ob
1853 2990 2059 3060 priores

2164 2975 2422 3047 πρέσϐεις
2457 2976 2774 3031 στέλλεσθαι
2801 2977 3025 3049 ἐτέρους
3053 2979 3289 3050 ἥσσονας
3326 2979 3427 3049 τῆς
3492 2978 3592 3032 τῶν
3635 2992 3712 3044 με·

494 3062 702 3133 legatos
768 3069 998 3141 benigne
1058 3087 1342 3146 receptos,
1397 3086 1452 3133 et
1513 3079 1806 3133 amicitiam
1868 3080 2058 3135 textili-

497 3168 777 3215 carentur.
815 3160 951 3218 Huic
996 3174 1177 3222 autem
1231 3168 1392 3224 simul
1445 3181 1796 3239 praeceperat,
1830 3181 1888 3225 ut
1950 3171 2064 3241 regi

496 3261 814 3319 exponeret,
863 3269 923 3309 se
961 3271 1085 3312 esse
1130 3267 1400 3328 paratum,
1442 3261 1581 3332 (jam
1633 3262 1777 3315 enim
1826 3262 1879 3315 id
1930 3276 2064 3316 con-

495 3349 805 3413 venerat,)
872 3344 1085 3401 mittere
1156 3349 1211 3402 in
1285 3350 1419 3403 lines
1489 3351 1772 3420 utriusque
1846 3352 2069 3407 ditionis

495 3424 645 3513 viros
716 3434 962 3501 nobiles,
1030 3437 1122 3505 qui
1205 3430 1289 3494 de
1341 3454 1476 3508 pace
1553 3456 1676 3493 cum
1750 3441 1863 3507 bis,
1933 3458 2072 3513 quos

497 3504 615 3583 ipse
645 3533 710 3572 eo
741 3520 807 3575 ad
842 3523 894 3577 id
921 3504 1180 3592 mitteret,
1212 3504 1433 3599 agerent
1461 3540 1515 3583 et
1555 3504 1967 3587 controversias
1986 3534 2071 3588 tli-

498 3605 778 3665 rimerent.
819 3611 954 3669 Cum
1015 3614 1333 3674 Theodorus
1390 3621 1456 3674 ad
1504 3619 1673 3677 Daras
1731 3626 2070 3692 accessisset,

503 3694 785 3754 Persarum
819 3718 914 3758 rex
938 3705 1010 3760 ibi
1036 3706 1348 3778 reliquerat,
1374 3712 1463 3781 qui
1481 3725 1605 3766 eum
1630 3726 1696 3767 eo
1726 3713 2071 3781 deducerent,

502 3785 593 3842 ubi
622 3804 802 3859 regem
852 3799 1179 3852 commorari
1223 3802 1637 3870 comperissent,
1685 3819 1773 3870 ne,
1821 3805 1927 3860 ulla
1990 3822 2072 3874 re,

500 3892 624 3947 qua:
648 3881 820 3949 legato
854 3891 1098 3957 praestari
1125 3890 1353 3957 solebat,
1388 3892 1617 3961 omissa,
1660 3910 1868 3951 moram
1898 3897 1973 3952 illi
2001 3896 2076 3951 l‘a-

502 3983 668 4028 ceret.
701 3975 923 4034 Volebat
952 3983 1095 4037 enim
1125 3982 1288 4039 simul
1313 3986 1510 4059 bellum
1547 4001 1737 4057 gerere
1765 3998 1822 4045 et
1853 3987 2076 4059 legatio-

504 4079 627 4120 nem
648 4069 899 4139 excipere
927 4091 940 4128 :
968 4075 1046 4129 sic
1071 4077 1217 4135 enim
1246 4092 1306 4134 se
1334 4077 1592 4135 Romanis
1640 4091 1902 4136 terrorem
1942 4081 2078 4150 inje-

505 4165 718 4216 ctururn
756 4176 881 4219 esse
909 4167 1183 4235 sperabat.
1213 4168 1329 4236 Qua
1367 4158 1439 4226 de
1482 4185 1645 4225 causa
1679 4186 1804 4227 cum
1845 4172 1947 4226 iter
1984 4187 2078 4243 per

509 4253 805 4337 regionem,
832 4270 951 4325 qua
981 4259 1298 4337 Arestorum
1323 4270 1379 4317 et
1412 4260 1824 4333 Marepticorum
1855 4262 2073 4328 dicitur,

2164 3068 2366 3137 γίστων
2409 3067 2692 3137 πρέσϐεων
2743 3070 3013 3139 ἀποδοχῆς
3042 3074 3043 3077 “
3073 3087 3131 3122 τε
3165 3070 3320 3123 ἕκατι
3351 3068 3458 3122 καὶ
3483 3068 3715 3148 ,φιλοφροο

2168 3158 2355 3229 σύνης.
2392 3160 2456 3212 Ἀ
2469 3177 2544 3229 μα
2575 3160 2631 3214 δὲ
2662 3161 2967 3214 ἐνετείλατό
3004 3162 3053 3215 οἱ
3081 3161 3458 3232 διαλεχθῆναι,
3500 3161 3570 3223 ὡς
3603 3159 3715 3213 ἑτοι-

2173 3249 2378 3317 μότατα
2403 3247 2538 3317 έχοι,
2579 3248 2720 3302 κατὰ
2754 3249 2814 3302 τδ
2845 3249 2947 3320 ἤδη
2972 3250 3306 3319 ὲμπεδωθὲν,
3350 3252 3410 3303 έν
3437 3252 3556 3313 τοῖς
3578 3247 3715 3318 ὁρίοις

2170 3340 2268 3408 τῆς
2307 3339 2422 3391 Ἕω
2442 3339 2646 3394 στεῖλαι
2669 3343 2795 3403 τοὺς
2820 3337 3109 3411 Ῥωμαίων
3134 3341 3399 3413 ἄρχοντας
3429 3334 3716 3411 γνωματεύ.

2174 3445 2366 3492 σοντας
2396 3429 2489 3493 ξὺν
2526 3434 2639 3494 τοῖς
2685 3430 2779 3486 ὑπ’
2827 3433 2994 3487 αὐτοῦ
3031 3434 3582 3505 έκπεμφθησομένοις
3614 3432 3717 3500 ἡγε-

2176 3519 2297 3589 μόσι
2330 3514 2556 3587 Περσῶν
2581 3522 2725 3590 ἀμφὶ
2755 3523 2854 3592 τῆς
2909 3524 3134 3596 εἰρήνης
3189 3525 3284 3579 καὶ
3338 3525 3410 3577 τὰ
3473 3520 3715 3595 ἀμφίϐολα

2172 3609 2671 3682 διευκρινήσοντας.
2703 3604 2979 3685 Θεόδωρον
3025 3616 3125 3686 μὲν
3176 3613 3342 3670 αὐτοῦ
3387 3613 3718 3685 ἀφικόμενονρ

2176 3700 2429 3772 βασιλεὺς
2470 3704 2500 3756 6
2538 3704 2768 3776 Περσῶν
2807 3706 3199 3760 καταλέλοιπεν
3229 3708 3289 3761 έν
3322 3706 3399 3779 τῷ
3449 3709 3643 3785 Δάρας-
3665 3707 3718 3773 τῇ

2175 3794 2329 3848 πόλει
2358 3796 2485 3860 τούς
2513 3814 2572 3850 τε
2599 3797 2692 3852 τὸν
2711 3797 2880 3869 ἄνδρα
2905 3798 3153 3866 ἄξοντας,
3188 3798 3642 3870 ἐγκελευσάμενος
3668 3793 3718 3856 ⁸⁸.

2176 3883 2305 3939 ἔνθα
2355 3886 2423 3940 ἂν
2481 3886 2703 3957 μάθοιεν
2728 3886 2820 3940 τὸν
2857 3886 3083 3957 βασιλέα
3108 3883 3270 3954 εἶναι,
3300 3885 3720 3947 ὲπικαταλασεῖν,

2175 3979 2251 4043 ὡς
2276 3979 2345 4034 ἂν
2376 3979 2452 4052 μὴ
2479 3982 2549 4034 τὰ
2578 3980 2861 4053 εἰθισμένα
2889 3981 2983 4035 ἐπὶ
3005 3981 3312 4054 πρεσϐευτῇ
3338 3982 3598 4053 πράσσων
3620 3980 3719 4033 ἁνα-

2178 4070 2305 4143 βολῇ
2330 4071 2588 4143 χρήσοιτό
2617 4089 2744 4126 τινι.
2784 4073 2932 4141 Ἅμα
2958 4071 3342 4144 γὰρηϐούλετο
3362 4074 3459 4127 καὶ
3494 4071 3718 4141 πολέμοις

2176 4162 2385 4233 ὁμιλεῖν
2428 4165 2522 4217 καὶ
2570 4163 2823 4235 δέχεσθαι
2861 4165 2962 4235 τὴν
3010 4165 3353 4241 πρεσϐείανξ
3406 4166 3584 4238 ταύτῃ
3636 4161 3719 4231 γάρ

2180 4253 2510 4324 ὲκφοϐήσειν
2538 4253 2683 4325 ᾤετο
2711 4257 2769 4319 ές
2802 4254 2872 4308 τὰ
2906 4254 3140 4326 μάλιστα
3180 4240 3509 4327 Ῥωμαίους.
3554 4254 3724 4325 Τῷτοι

508 4334 748 4412 fecisset,
782 4336 850 4401 in
885 4332 1317 4429 Persarmeniam
1361 4353 1626 4422 pervenit,
1669 4354 2059 4423 inopinantibus

2175 4345 2282 4416 ἄρα
2308 4344 2407 4415 τὴν
2441 4344 2751 4416 ὁδοιπορίαν
2772 4345 3031 4429 διανύσας
3061 4345 3150 4427 διὰ
3169 4344 3264 4401 τοῦ
3292 4345 3586 4417 λεγομένου
3621 4342 3725 4412 ’Δρ-

510 4429 789 4501 Romanis,
821 4434 1051 4506 qui'tam
1081 4440 1190 4495 cito
1216 4456 1283 4496 eo
1324 4441 1474 4496 illum
1500 4436 1889 4513 perventurum
1937 4459 2077 4498 nun-

2185 4432 2391 4508 ρεστῶν
2425 4436 2686 4523 κλίματος
2732 4437 2826 4491 καὶ
2866 4422 3366 4523 τοῦΜαρεπτικῶν
3419 4437 3643 4507 ἀφίκετο
3681 4432 3726 4483 ιν

508 4535 671 4590 quam
694 4525 1072 4609 credidlssent.
1098 4529 1355 4609 Solebant
1376 4532 1523 4586 enim
1543 4530 1721 4587 Persae
1750 4541 1903 4587 antea
1932 4536 2059 4589 circ:

2183 4517 2603 4600 Περσαρμενίᾳ,
2628 4529 2728 4582 οὐκ
2748 4520 3012 4609 οἰομένων
3045 4530 3152 4583 τῶν
3193 4516 3481 4600 Ῥωμαίων
3519 4526 3653 4581 οὕτω
3676 4535 3728 4590 γε

508 4609 670 4667 ﬁnem
731 4616 935 4671 mensis
980 4606 1070 4685 qui
1125 4606 1331 4674 Latinis
1383 4628 1609 4676 vocatur
1663 4622 1961 4692 Augustus,
2019 4624 2075 4679 in

508 4700 885 4761 Persarmenla
913 4712 1194 4779 apparere,
1234 4719 1289 4767 et
1323 4712 1447 4768 inde
1482 4712 1552 4770 ab
1584 4708 1784 4771 bellum
1820 4716 2030 4787 accingi
2059 4735 2073 4771 :

2183 4621 2356 4691 δήπου
2382 4620 2577 4709 θᾶττον
2608 4608 2758 4693 ἥξειν
2801 4622 2983 4678 αὐτόν.
3018 4620 3301 4711 Εῑωθότων
3331 4620 3441 4691 γὰρ
3470 4620 3581 4673 τῶν
3611 4617 3729 4711 Περς

2187 4712 2296 4766 σῶν
2326 4715 2385 4767 έν
2428 4715 2539 4777 τοῖς
2571 4712 2880 4784 ἔμπροσθεν
2923 4714 3134 4785 χρόνοις
3180 4713 3325 4782 ἀμφὶ
3366 4713 3427 4766 τὸ
3454 4712 3626 4782 πέρας
3651 4724 3729 4759 του

513 4811 657 4853 nunc
704 4799 1188 4859 autem‘Ch'osr'oes
1227 4802 1379 4873 prius
1410 4804 1539 4861 illuc
1585 4808 1834 4862 accessit.
1872 4808 2054 4863 Accidi

2186 4805 2284 4877 τὴν
2346 4806 2660 4877 ἐπωνυμίαν
2717 4806 3029 4875 Αὐγούστου
3090 4805 3519 4877 κληρωσαμένου
3586 4798 3731 4872 μηνὸς

513 4899 715 4957 autem,
746 4897 807 4946 ut
843 4892 1073 4950 Romani
1103 4894 1271 4953 semel
1311 4897 1591 4967 praeventi,
1621 4914 1745 4954 cum
1774 4900 1980 4956 tardius
2007 4914 2087 4955 re-

517 4983 617 5038 bus
650 4984 764 5039 suis
794 4976 1222 5054 prespexisscnt,
1260 4987 1399 5063 nihil
1427 4978 1728 5063 toto'illius
1758 4991 1886 5045 anni
1912 4991 2087 5059 spatio

515 5067 750 5129 feliciter
781 5081 836 5130 et
857 5086 1159 5146 opportune
1182 5060 1450 5147 gererent.
1482 5060 1591 5135 Nec
1626 5080 1771 5136 enim
1815 5080 2090 5136 exercitus

517 5166 887 5225 Romanorum
925 5169 1181 5226 collectus
1220 5181 1376 5238 erat;
1415 5174 1512 5227 sed
1556 5172 1839 5241 militibus,
1870 5173 1961 5242 qui
1991 5158 2091 5229 sub

520 5260 693 5318 Curso
729 5271 784 5317 et
819 5260 1106 5320 Theodoro
1135 5265 1432 5332 merebant,
1458 5262 1772 5322 nuntiatum
1801 5276 1938 5330 erat,
1975 5266 2089 5319 im-

521 5364 828 5423 Feratorem
861 5361 1058 5420 iratum
1085 5374 1207 5418 esse
1236 5371 1521 5433 prapterea
1551 5357 1696 5428 quod
1723 5357 1776 5413 in
1804 5353 2089 5410 A'lbaniam

2191 4896 2584 4964 ἀναφαίνεσθαι
2629 4896 2769 4951 κατὰ
2817 4895 2882 4967 δὴ
2916 4896 3019 4967 τῆς
3065 4896 3290 4968 Περσῶν
3337 4894 3624 4966 Ἀρμενίας
3655 4889 3732 4942 καὶ

2194 4980 2500 5058 τηνικαῦτα
2557 4973 2647 5040 τὸν
2708 4986 2944 5058 πόλεμον
3004 4989 3349 5059 συγκροτεῖν,
3409 4984 3732 5058 προτερήσας

2188 5077 2350 5141 αὐτὸς
2377 5078 2703 5149 εἰσήρρησεν
2731 5077 2940 5132 αὐτόθι.
2970 5076 3277 5148 Ξυνηνέχθη
3298 5075 3586 5147 τοιγαροῦν
3607 5068 3735 5130 ἅπαξ

2191 5154 2763 5241 προκατειλημμένους
2790 5169 2884 5223 καὶ
2906 5169 3387 5241 έφυστερήσαντας
3405 5168 3446 5200 “
3470 5160 3596 5228 ⁵τοὺς
3624 5163 3736 5218 Ῥω·

2198 5262 2389 5333 μαίους
2415 5261 2481 5315 δι’
2510 5260 2633 5315 ὃλου
2657 5260 2750 5314 τοῦ
2783 5260 2936 5324 έτους
2970 5260 3122 5315 οὐδὲν
3145 5260 3323 5314 ὁτιοῦν
3357 5260 3496 5329 σφᾶς
3524 5251 3735 5322 διαπρά·

2195 5351 2387 5421 ξασθαι
2417 5355 2474 5406 ἐν
2502 5351 2698 5424 καιρῷ.
2740 5349 2879 5406 Οΰτε
2903 5351 3012 5423 γὰρ
3039 5351 3101 5406 τδ
3130 5350 3447 5423 στράτευμα
3480 5346 3732 5417 ξυνήθροι·

718 5541 723 5547 .
1750 5479 1987 5537 ΥΑΒΙΑΞ
2050 5476 2345 5533 LECTION
2354 5477 2453 5533 ES.

596 5579 618 5657 ’_
659 5580 1048 5653 ξυνησθάνοντο
1077 5581 1165 5650 Ν.,
1193 5580 1567 5647 ξυνιστάνοντο
1599 5577 1746 5649 vulg.
1826 5576 1865 5609 "
1895 5573 2357 5646 ἐγκελευσάμενος
2380 5570 2468 5637 Β..
2502 5568 2939 5657 ἐγκαλεσάμενος
2981 5568 3122 5639 νυιε·
3205 5566 3245 5598 ’⁸
3273 5560 3736 5637 ὖφυστερῆσαντας

533 5648 679 5719 vulg.
