4006 6214
327 300 433 362 897

1109 307 1203 365 DE
1242 307 1804 369 LEGATIONIBUS
1834 309 2320 371 ROMANORUM
2363 315 2461 373 AD
2497 315 2808 377 GENTES.

3462 324 3567 384 833

328 425 423 459 στο
457 407 515 458 τὸ
559 406 886 475 Ῥωμαῖκὶν,
917 408 1030 461 ἀλλ’
1057 411 1104 461 οἱ
1137 412 1235 481 μὲν
1280 414 1406 482 περὶ
1441 416 1480 443 "
1527 415 1774 485 Κοῦρσον
1813 419 1891 469 κοι⁷

2011 416 2298 484 irruentes,
2335 423 2555 478 Sabiros
2590 426 2902 484 etAibanos
2926 444 3031 483 non
3067 429 3278 493 penitus
3319 432 3572 486 sustulis-

326 497 601 567 Θεόδωρον
646 500 774 560 τοὺς
814 499 1148 568 στρατιώτας
1183 503 1245 568 ιβ,
1278 506 1461 575 ἐπειδὴ
1496 507 1678 570 αὐτοῖς
1724 509 1901 577 ἀπήγ-

324 589 485 656 γελτο
528 588 625 654 ³⁸⁸,
658 589 733 652 ὡς
777 593 985 662 νεμεσᾷ
1014 609 1072 644 τε
1131 594 1223 647 καὶ⁵
1274 596 1574 663 ἀγανακτεῖ
1600 600 1627 651 ὁ
1657 601 1894 669 Καῖσαρ,

325 681 409 733 ὅτι
438 682 503 750 δὴ
535 681 848 743 ὲσΰαλόντες
880 683 939 734 ἐν
986 684 1238 755 Ἀλόανίᾳ
1278 688 1352 755 μὴ
1387 689 1689 757 ἀνέστησαν
1726 692 1896 744 ᾶπαν-

325 788 425 834 ττς
478 771 766 840 Σαϐείρους
791 789 847 823 τε
878 772 969 824 καὶ
1011 773 1320 839 Ἀλϐανοὺς,
1350 778 1463 830 ἀλλ’
1522 781 1602 831 ὅτι
1657 783 1897 849 ὁμήρους

328 863 649 926 πεποιθότες
673 862 1014 935 ἐξεχώρησαν
1041 882 1053 896 ο
1079 870 1482 935 κατεγνωκότες
1516 888 1573 922 τε
1623 871 1680 936 ἐξ
1728 874 1895 941 αὐτῆς

328 956 425 1023 τῆς
456 956 672 1023 πείρας,
723 954 798 1025 τῷ
844 956 1144 1025 ἀφηνιάσαι
1193 959 1390 1012 αὐτίκα
1446 961 1555 1013 ἀπὸ
1606 962 1893 1032 Ῥωμαίων

326 1044 417 1095 τὸν
447 1044 701 1111 Σαὸεῖρα,
730 1042 804 1105 ὡς
827 1044 885 1095 οὑ
921 1044 1062 1097 κατὰ
1084 1046 1141 1097 τὸ
1162 1046 1277 1099 δέον
1301 1049 1711 1120 ἐπεπράχησαν,
1748 1070 1893 1123 παρ-

327 1132 482 1200 ώφθη
516 1151 573 1184 τε
604 1133 705 1184 ὑπὸ
739 1133 887 1201 σφῶν
928 1134 986 1186 τὺ
1025 1139 1292 1201 συνοῖσον,
1350 1139 1537 1211 ὥσπερ
1589 1142 1781 1211 ἀμέλει
1829 1147 1893 1197 ἐκ

330 1221 695 1289 μεταμελείας
730 1222 882 1285 αὖθις
913 1224 1201 1288 ἐλάσαντες
1225 1229 1279 1279 εν
1313 1229 1566 1300 Ἀλϐανία
1598 1233 1892 1302 πρεσϐείας

322 1306 455 1379 ἦγον
491 1312 614 1374 τοὺς
668 1312 960 1385 Σαῦείρους
1001 1332 1060 1367 τε
1116 1318 1206 1369 καὶ
1268 1319 1575 1386 Ἀλϐανοὺς,
1638 1328 1890 1396 πανοικίᾳ

326 1404 465 1467 σφᾶς
506 1405 906 1471 μετοικίζοντες
935 1409 991 1469 ἐς
1022 1407 1091 1460 τὰ
1121 1408 1244 1479 τῆδε
1280 1410 1368 1462 τοῦ
1406 1412 1587 1482 Κύρου
1618 1416 1886 1485 ποταμοῦ,

322 1492 396 1552 ὡς
423 1492 608 1545 λοιπὸν
650 1496 708 1547 ἐν
746 1498 810 1565 τῇ
858 1496 1137 1567 Ῥωμαϊκῇ
1182 1498 1490 1554 διαιτᾶσθαι
1544 1504 1716 1573 χώρᾳ.
1771 1506 1888 1563 Ἔτι

320 1579 414 1633 οὖν
444 1582 715 1654 Θεόδωρός
757 1601 815 1636 τε
862 1587 953 1638 καὶ
1008 1586 1250 1657 Κοῦρσος
1302 1591 1359 1642 ἐν
1415 1590 1623 1654 τούτοις
1663 1596 1889 1663 ἐνησχο-

320 1671 541 1740 λημένοι
603 1673 915 1744 ἐτύγχανον.
962 1673 1093 1731 Εἶτα
1143 1679 1575 1749 ὲγκαλεσαμένου
1629 1684 1720 1736 τοῦ
1748 1687 1885 1738 Καί-

322 1779 485 1831 σαρος
530 1765 898 1820 Ἰουστινιανδν
927 1770 1016 1821 τὸν
1050 1772 1147 1839 τῆς
1174 1771 1288 1823 Ἕω
1309 1775 1608 1843 στρατηγὸν
1635 1794 1889 1844 μεταφοι-

319 1856 482 1922 στῆσαι
515 1855 610 1907 καὶ
648 1858 706 1908 ἐν
750 1857 1011 1928 Ἀρμενίᾳ
1057 1860 1309 1927 γενέσθαι
1348 1865 1508 1917 αὑτὸν
1547 1868 1887 1936 ἡγησόμενον

318 1947 411 1997 τοῦ
464 1945 722 2015 πολέμου,
770 1948 921 2001 οὐδὲν
959 1946 1119 2022 ἦττον
1151 1954 1244 2004 καὶ
1307 1954 1678 2021 Ἰουστινιανὸς
1735 1958 1887 2013 οὔπω

319 2037 521 2107 παρῆν,
580 2037 657 2107 τῷ
715 2040 957 2109 σημῆναι
990 2040 1144 2094 τοῦτο
1178 2044 1326 2114 αὐτῷ
1354 2046 1444 2099 τὸν
1497 2048 1750 2119 Καίσαρα
1790 2053 1886 2120 ὀψὲ

322 2128 417 2180 καὶ
448 2127 547 2181 οὐκ
582 2129 639 2181 ἐν
672 2130 849 2200 καιρῷ
882 2134 991 2195 τοῖς
1025 2135 1312 2203 πράγμασι
1370 2139 1699 2207 χρήσασθαι,
1751 2146 1886 2211 πρὸς

322 2234 389 2287 γε
422 2222 636 2290 καὶτῆς
660 2223 921 2294 συνήθους
965 2225 1227 2296 διανομῆς
1268 2227 1361 2280 τοῦ
1397 2232 1619 2299 χρυσίου
1644 2237 1753 2296 τοῖς
1783 2235 1885 2306 ἐῴ-

323 2327 406 2372 οις
459 2312 781 2380 καταλόγοις
834 2316 1206 2384 γεγενημένης
1252 2317 1348 2370 οὐκ
1398 2320 1719 2391 ἐπικαίρως,
1752 2325 1885 2378 ἀλλὰ

319 2402 456 2471 δῆτα
477 2404 941 2474 ἐφυστερησάσης.
985 2407 1101 2458 Ἐπ’
1130 2407 1313 2470 ἀδείας
1342 2406 1434 2462 οὖν
1468 2411 1609 2465 οὕτω
1649 2433 1764 2477 πως
1792 2417 1885 2469 καὶ

323 2492 532 2544 ἀκονιτὶ
565 2492 852 2557 ἐλάσαντος
875 2497 930 2547 ἐν
953 2496 1335 2570 Περσαρμενίᾳ
1364 2501 1625 2573 Χοσρόου,
1660 2507 1885 2577 μηδενός

322 2583 370 2632 oi
405 2581 949 2653 ἀντικαθίσταμὲνου,
979 2587 1028 2638 οἱ
1061 2588 1156 2656 μὲν
1177 2589 1506 2661 δασμοφόροι
1535 2595 1636 2663 τῆς
1665 2597 1885 2665 ἥττονος

336 2670 625 2741 Ἀρμενίας
646 2671 767 2725 οὔτε
799 2677 1098 2745 ἐχρήσαντο
1130 2683 1319 2748 φυγῇ,
1351 2681 1721 2747 ἐκλελοιπότες
1762 2689 1886 2751 τοὺς

323 2762 525 2831 ἀγροὺς
556 2762 691 2830 οἵγε,
716 2763 850 2816 ἀλλὰ
883 2765 989 2835 γάρ
1020 2767 1110 2819 καὶ
1136 2768 1202 2821 τὰ
1239 2771 1336 2822 ὅσα
1364 2771 1640 2843 ἐπιτήδεια
1670 2776 1888 2842 ξυνεκό·

325 2853 483 2922 μιζον
524 2853 601 2923 τῷ
633 2855 864 2925 στρατῷ.
911 2857 1260 2926 Προϐαίνοντι
1315 2862 1371 2913 δὲ
1404 2864 1623 2936 Χοσρόῃ
1669 2868 1771 2922 ἀνὰ
1817 2870 1886 2922 τὰ

324 2945 514 3014 πρόσω
542 2948 589 2998 οἱ
621 2948 678 2998 ἐν
700 2947 776 3017 τῷ
797 2948 1017 3019 κλίματι
1043 2952 1454 3021 Μακραϐανδῶν
1479 2957 1571 3009 καὶ
1595 2959 1885 3029 Ταραννῶν

322 3035 524 3103 ἥκιστα
552 3036 765 3103 ἔμενον,
791 3037 864 3099 ὡς
906 3040 1109 3109 μηδένα
1138 3042 1391 3110 πάμπαν,
1420 3046 1555 3114 μήτε
1597 3046 1883 3117 ἄνθρωπον

326 3126 464 3195 μήτε
486 3116 599 3198 ’μὴν
627 3128 922 3198 ὑποζύγιόν
968 3147 1020 3182 τι
1060 3131 1102 3161 ’δ
1146 3109 1400 3201 ὀφθῆναι.
1421 3109 1559 3189 "lite
1590 3109 1887 3209 γὰρπολε-
1916 3109 1958 3166 C

328 3217 450 3285 μίου
481 3217 741 3287 βασιλέως
788 3220 1101 3285 ἐπελθόντος
1144 3223 1414 3292 ἀπέδρασε
1460 3229 1569 3280 πᾶν
1601 3229 1660 3280 τὸ
1693 3247 1891 3300 γεηποο

321 3308 471 3372 νοῦν,
507 3309 599 3361 καὶ
632 3311 809 3383 πάντῃ
855 3310 925 3363 τά
983 3312 1164 3384 ἐκείνῃ
1222 3316 1515 3386 ἐχήρευσεν
1568 3320 1888 3392 ἀνθρώπων.

338 3399 499 3452 Ἀλλὰ
552 3403 644 3454 καὶ
697 3396 937 3473 γηράσαι
994 3403 1042 3434 ¹⁸
1084 3404 1404 3475 βουλόμενον
1462 3411 1627 3481 μηδέν
1678 3430 1730 3466 τι
1783 3417 1891 3469 τῶν

325 3492 546 3543 πάντων
595 3492 745 3556 ζώων
790 3496 834 3526 ¹⁶
874 3498 1137 3567 ἐντυχεῖν.
1185 3500 1272 3551 Ἐν
1302 3499 1471 3569 τούτῳ
1499 3504 1592 3556 καὶ
1622 3504 1893 3576 Θεόδωρος

325 3583 356 3634 ὁ
390 3582 599 3651 Βάκχου
624 3584 905 3654 ἐφοίτησεν
946 3586 1020 3649 ὼς
1064 3586 1245 3653 αὐτὸν,
1272 3590 1489 3656 ἐδέξατό
1518 3611 1575 3645 τε
1607 3594 1695 3647 τὸν
1723 3596 1889 3667 ἄνδρα

327 3672 423 3724 καὶ
471 3670 746 3741 ξυνόμιλος
795 3676 845 3727 οἱ
900 3677 1117 3744 ἐγένετό
1162 3678 1325 3751 [πως]
1378 3682 1707 3752 ἡμερώτατά
1749 3706 1883 3753 πως,

326 3760 546 3829 τὸνμὲν
599 3762 856 3831 Καίσαρα
889 3763 958 3816 δι’
1003 3765 1277 3834 εὐφημίας
1328 3767 1497 3834 ἄγων,
1555 3771 1778 3837 φάσκων
1829 3788 1889 3824 τε

326 3850 669 3914 ἀσπάζεσθαι
699 3852 795 3921 τὴν
817 3852 892 3916 ὡς
924 3853 1083 3907 αὑτὸν
1110 3856 1332 3925 εἰρήνην
1366 3873 1425 3908 τε
1448 3858 1541 3910 καὶ
1565 3858 1890 3929 φιλοφροσύ·

327 3958 426 4010 νην
452 3958 464 3971 ·
505 3941 639 4009 μηδὲ
671 3942 777 4012 γὰρ
807 3944 1083 4010 γεγονέναι
1113 3944 1213 4012 τῆς
1259 3944 1456 4016 ἔχθρας
1499 3949 1540 3980 ¹⁷
1583 3948 1691 4001 τῶν
1732 3967 1894 4002 σπον-

328 4032 431 4086 δῶν
456 4034 626 4085 αἷτιον
656 4050 670 4064 ·
718 4034 999 4088 Ἰουστϊνον
1031 4036 1087 4089 δὲ
1125 4037 1167 4068 ¹⁸
1200 4036 1291 4089 τὸν
1321 4037 1544 4107 βασιλέα
1575 4041 1631 4103 ἐς
1665 4042 1889 4095 τούναν-

324 4122 435 4173 τίον
456 4122 631 4189 λέγων
655 4123 858 4185 κακῶς.
898 4121 1030 4177 Εἶτα
1059 4127 1114 4188 ἐς
1139 4126 1204 4179 τὰ
1235 4127 1421 4195 πρόσω
1449 4129 1646 4197 ἤλαυνε
1676 4128 1762 4182 διὰ
1793 4133 1893 4201 τῆς

324 4212 669 4280 καλουμένης
721 4211 1006 4282 Βαδιανῆς,
1040 4215 1308 4284 ἑπομένου
1344 4217 1393 4268 οἱ
1426 4219 1520 4270 καὶ
1572 4218 1849 4289 Θεοδώρου
1874 4236 1888 4250 ·

326 4299 575 4351 ἐσϐάλλει
601 4316 660 4353 τε
690 4301 770 4362 είς
798 4300 896 4370 τὴν
933 4301 1217 4370 Ῥωμαίων
1262 4304 1551 4373 ’Δρμενίαν
1582 4306 1723 4359 κατὰ
1761 4308 1892 4360 Θεο-

330 4390 682 4455 δοσιούπολιν,
740 4390 996 4461 λήγοντος
1045 4393 1146 4464 ήδη
1196 4394 1290 4447 τοῦ
1320 4395 1517 4467 ἔαροςο
1565 4397 1704 4450 ὥστε
1754 4400 1892 4453 κατὰ

329 4479 525 4533 ταύτὸν
575 4481 617 4512 ¹⁹
670 4482 1044 4554 ξυνενεχθῆναι
1073 4485 1199 4549 τούς
1226 4504 1285 4539 τε
1315 4487 1742 4560 ἁγγελιαφόρους
1771 4493 1895 4561 ἀφι-

331 4571 524 4624 κέσθαι
578 4574 635 4625 ἐν
672 4574 949 4645 Βυζαντίῳ
976 4576 1102 4640 τοὺς
1141 4578 1500 4649 δηλώσοντας,
1526 4580 1602 4644 ώς
1627 4582 1896 4655 ἀπροσδό-

332 4680 476 4735 κητα
526 4664 724 4733 ἐπέστη
775 4669 838 4737 τῇ
902 4668 1189 4737 Ῥωμαίων
1263 4670 1519 4742 Ἀρμενίᾳ
1575 4672 1825 4741 βασιλεὺς
1867 4676 1897 4727 ὁ

333 4753 558 4823 Περσῶν
598 4755 694 4807 καὶ
725 4757 846 4809 ὅσον
875 4756 1026 4811 οὔπω
1054 4760 1545 4830 προσενεχθήσεται
1588 4762 1896 4816 Θεοδοσιου-

333 4845 505 4909 πόλει,
537 4845 629 4897 καὶ
658 4846 818 4899 αὐτὸν
844 4848 1023 4901 ἐκεῖσε
1046 4850 1322 4920 παρεῖναι.
1364 4850 1515 4903 Ἐπελ⁵
1562 4848 1654 4908 οὖν
1681 4855 1895 4922 ἐγένετο

330 4935 517 5003 αὐτοῦ,
549 4938 1082 5007 ἐστρατοπεδεύσατο
1109 4941 1167 5003 ἐς
1214 4942 1273 4994 τὸ
1333 4943 1679 5013 ’Δραϐησσῶν
1708 4947 1895 4999 ἐπικε-

333 5030 601 5100 κλημένον
640 5034 858 5103 χωρίον,
889 5035 1033 5105 ἀμφὶ
1065 5036 1125 5088 τὸ
1167 5038 1535 5109 μεσημῦρινὸν
1588 5039 1755 5109 κλίμα
1806 5039 1897 5094 τοῦ

331 5122 540 5186 ἄστεος,
560 5123 618 5175 τὸ
644 5124 698 5177 δὲ
720 5126 782 5196 δὴ
815 5126 1453 5198 Ῥωμαίων-στράτευμα,
1492 5129 1622 5182 αὑτό
1642 5147 1704 5198 γε
1727 5131 1898 5199 δήπου

332 5212 392 5264 τὸ
455 5216 855 5287 συναθροισθὲν,
898 5218 973 5280 ὡς
1007 5219 1145 5288 πρὸς
1202 5221 1400 5290 ἄρκτον
1445 5224 1571 5291 περὶ
1622 5223 1681 5274 τὸ
1731 5222 1899 5290 κλίμα

332 5304 393 5357 τὸ
422 5305 754 5377 καλούμενον
783 5310 1171 5380 συναγόμενον,
1196 5312 1251 5373 ἐς
1277 5311 1550 5382 ὑπώρειαν
1572 5328 1691 5365 τινα
1716 5312 1896 5381 ὅρους.

2006 521 2126 566 sent
2151 523 2204 568 et
2224 518 2698 583 exterminassent,
2728 522 2820 575 sed
2843 524 3120 578 obsidibus
3152 523 3338 577 conﬁsi
3369 524 3571 579 disces-

2006 604 2207 658 sissent
2241 623 2253 657 :
2284 609 2426 675 quod
2461 624 2621 676 quam
2654 609 3301 679 imprudentcrfererint,
3329 614 3474 683 ipsos
3502 631 3568 671 ex

2006 703 2203 748 eventu
2242 698 2515 766 cognitum
2546 700 2741 754 habere
2783 719 2798 755 :
2836 704 3038 756 etenim
3069 704 3353 759 confestim
3394 706 3571 762 Sabiri

2008 783 2165 852 159
2198 800 2227 837 a
2255 788 2514 845 Romanis
2544 791 2871 849 defecerant.
2894 793 3081 863 Itaque
3105 796 3263 852 rebus
3295 806 3399 849 tam
3434 799 3569 853 male

2002 875 2186 940 gestis,
2231 877 2548 943 poenitentia
2594 883 2871 943 commoti.
2938 898 3124 935 rursus
3177 887 3227 937 iu
3287 886 3568 940 Albaniam

2000 957 2259 1029 impetum
2293 964 2557 1028 fecerunt,
2597 978 2650 1021 et
2681 968 3037 1038 legationibus
3071 972 3289 1026 Sabiros
3326 984 3378 1026 et
3404 974 3567 1027 Alba-

1999 1064 2103 1105 nos
2137 1052 2251 1105 suis
2280 1054 2498 1108 sedibus
2536 1058 2743 1112 excitos
2771 1060 2907 1112 citra
2932 1060 3078 1128 ripas
3108 1062 3229 1131 Cyri
3261 1062 3434 1115 amnis
3464 1064 3571 1115 col.

2000 1139 2264 1203 locarant,
2312 1153 2370 1195 ut
2413 1142 2466 1195 in
2488 1147 2784 1211 [posterum
2828 1147 2887 1200 in
2937 1149 3300 1205 Romanorum
3353 1154 3569 1207 ditionis

1998 1230 2311 1303 regionibus
2372 1232 2695 1289 habitarent.
2766 1236 2971 1300 Quibus
3033 1239 3194 1295 rebus
3243 1242 3567 1308 peragendis

1998 1321 2200 1376 Cursus
2240 1331 2293 1375 et
2321 1318 2638 1377 Theodorus
2684 1324 2859 1379 adhuc
2891 1328 3139 1394 occupati
3175 1338 3347 1382 erant.
3383 1332 3568 1399 Itaque

1997 1413 2180 1467 Ctesar
2223 1410 2590 1468 Justinianum
2621 1416 2810 1468 ducem
2842 1430 2934 1483 per
2959 1419 3231 1472 Orientem
3274 1416 3567 1488 proﬁcisci,

1996 1513 2051 1559 et
2076 1504 2128 1556 in
2158 1504 2415 1559 Armenia
2440 1504 2579 1560 bello
2610 1510 2846 1575 gerendo
2885 1523 3115 1576 prteesse
3142 1510 3329 1576 jussit.
3357 1510 3567 1566 Nihilo-

1994 1594 2176 1649 minus
2223 1610 2395 1665 nequc
2418 1595 2757 1653 Justinianus
2796 1599 2963 1665 venit,
2997 1600 3123 1670 quia
3151 1602 3253 1655 hoc
3285 1602 3363 1656 illi
3394 1605 3569 1661 serius

1993 1687 2173 1742 Cmsar
2201 1687 2549 1756 signiﬁcarat,
2594 1705 2770 1758 neque
2805 1693 2881 1745 rei
2922 1692 2979 1745 in
3036 1703 3280 1763 tempore
3321 1700 3568 1764 gerenda:

1924 1763 1968 1822 Β
1998 1778 2396 1846 opportunitate
2428 1795 2558 1835 usus
2592 1780 2790 1834 fuerat.
2824 1781 2904 1835 Ad
2932 1784 3044 1837 haec
3084 1784 3202 1837 auri
3234 1763 3565 1853 distributio,

1995 1870 2137 1937 quod
2172 1868 2529 1925 orientalibus
2573 1872 2908 1927 exercitibus
2955 1875 3272 1942 debebatur,
3322 1892 3427 1931 non
3467 1894 3566 1934 suo

1995 1966 2258 2030 tempore,
2305 1961 2401 2017 sed
2432 1958 2642 2018 tardius
2667 1964 2808 2019 facta
2844 1965 3041 2020 fuerat.
3075 1966 3261 2035 Itaque
3298 1972 3566 2028 Chosroes

1994 2047 2303 2103 Armeniam
2333 2050 2466 2106 liber
2497 2052 2565 2105 ab
2592 2052 2742 2106 omni
2782 2062 2923 2108 metu
2968 2056 3085 2110 sine
3116 2058 3221 2109 ulla
3259 2058 3565 2114 difﬁcultate

1994 2140 2296 2207 occupavit,
2328 2156 2447 2194 cum
2473 2157 2631 2196 nemo
2653 2141 2903 2198 inventus
2926 2155 3091 2213 esset,
3123 2147 3216 2215 qui
3248 2148 3324 2201 illi
3355 2149 3569 2204 resiste-

1991 2238 2093 2283 ret.
2122 2228 2302 2298 Neque
2334 2246 2463 2286 vero
2493 2234 2650 2286 etiam
2676 2224 2901 2289 minoris
2931 2236 3199 2291 Armenia:
3226 2238 3435 2302 incolae,
3476 2241 3565 2308 qui

1998 2317 2259 2376 Romanis
2298 2322 2590 2390 vectigales
2635 2333 2811 2388 erant,
2852 2324 3033 2396 fugam
3074 2341 3354 2398 ceperunt,
3392 2345 3568 2397 neque

1996 2424 2155 2479 agros
2185 2410 2610 2482 dereliquerunt,
2645 2416 2734 2469 sed
2777 2425 3113 2473 commeatus
3141 2420 3400 2474 exercitui
3441 2420 3569 2475 sub-

2003 2502 2401 2558 tninistrarunt.
2434 2504 2539 2559 Sed
2563 2522 2682 2559 cum
2705 2507 2975 2563 Cbosroes
3008 2510 3234 2565 ulterius
3266 2513 3567 2581 progrede-

1993 2593 2271 2661 retur,fqui
2301 2595 2355 2648 in
2381 2594 2602 2663 regione
2617 2596 3095 2651 Macrabandornm
3116 2608 3167 2652 et
3188 2598 3563 2653 Tarannorum

1994 2682 2311 2739 habitabant
2345 2685 2567 2740 minime
2607 2688 2910 2753 manebant,
2954 2697 3009 2742 ut
3042 2705 3198 2743 nemo
3237 2692 3564 2745 mortalium.

1996 2790 2169 2845 neque
2196 2791 2326 2829 veto
2363 2776 2527 2831 etiam
2555 2776 2719 2829 ullum
2771 2779 2969 2847 animal
3017 2787 3247 2834 vectura:
3285 2792 3467 2847 aptum
3508 2783 3562 2835 in

1995 2844 2089 2919 his
2113 2864 2245 2920 locis
2272 2865 2697 2934 conspiceretur.
2726 2844 2858 2920 (him
2886 2866 3027 2920 enim
3060 2883 3153 2922 rex
3179 2868 3445 2924 hostiliter
3479 2870 3564 2923 ir—

1994 2966 2286 3025 rumperet,
2317 2970 2507 3011 omnes
2533 2957 2782 3026 agricolae
2814 2959 3136 3028 aufugerunt
3162 2969 3214 3014 et
3248 2959 3429 3013 omnia
3458 2961 3565 3013 late

1994 3045 2304 3100 hominibus
2331 3061 2494 3100 vacua
2523 3056 2699 3112 erant,
2760 3063 2936 3117 neque
2978 3064 3199 3120 usquam
3233 3050 3429 3119 aliquid
3453 3051 3561 3104 vivi

1993 3134 2445 3204 conspiciebatur.
2495 3134 2703 3189 interea
2766 3134 3101 3199 Theodorus,
3156 3135 3350 3189 Bacchi
3397 3136 3561 3199 ﬁlius,

1992 3225 2142 3282 venit
2173 3226 2237 3277 ad
2261 3240 2415 3291 eum;
2452 3225 2496 3279 is
2530 3225 2801 3279 hominem
2837 3226 3069 3294 benigne
3097 3226 3328 3295 excepit,
3363 3234 3415 3281 et
3435 3241 3558 3280 cum

1994 3332 2057 3371 eo
2087 3315 2424 3371 familiariter
2454 3326 2805 3372 conversatus
2835 3317 2903 3371 de
2930 3317 3145 3371 Caesare
3184 3318 3319 3370 bene
3356 3318 3563 3371 locutus

1994 3417 2097 3471 cst,
2138 3422 2304 3478 seque
2332 3422 2475 3477 cum‘
2502 3408 2594 3462 illo
2626 3416 2680 3463 et
2716 3422 2901 3477 pacem
2947 3416 2999 3461 et
3042 3407 3333 3460 amicitiam
3366 3419 3564 3473 cupere

1993 3498 2130 3553 dixit
2161 3516 2175 3552 :
2202 3515 2303 3555 nec
2331 3500 2473 3555 enim
2503 3516 2625 3555 eum
2662 3500 3092 3565 inimicitiarum,
3122 3512 3241 3567 qua:
3271 3512 3333 3551 ex
3363 3498 3565 3549 violato

1994 3590 2195 3646 Meiere
2224 3600 2357 3645 ortae
2382 3601 2553 3655 erant,
2585 3601 2860 3646 auctorem
2894 3606 3048 3656 esse;
3079 3588 3350 3644 Justinum
3381 3596 3563 3640 autem

1994 3681 2372 3751 imperatorem
2404 3681 2745 3736 sermonibus
2778 3682 2914 3734 male
2945 3679 3198 3734 habebat.
3237 3677 3438 3732 Deinde
3469 3676 3564 3729 ul-

1995 3774 2163 3828 terius
2194 3788 2287 3839 per
2314 3772 2613 3825 Vadianam
2646 3784 2967 3839 progressus
2996 3780 3097 3830 est,
3130 3777 3184 3821 et
3210 3778 3331 3821 eum
3354 3781 3562 3834 seque-

1994 3864 2152 3917 batur
2177 3860 2513 3916 Tlteodorus.
2544 3858 2811 3927 Verejam
2833 3866 3043 3911 exacto.
3077 3857 3414 3917 Armeniam,
3447 3866 3565 3920 quae

1994 3952 2251 4006 Romanis
2302 3952 2523 4020 parebat
2571 3957 2626 4003 et
2676 3945 3091 4014 Tbeodosiopoli
3149 3944 3388 4012 proxima
3425 3953 3562 4000 erat,

1993 4044 2189 4098 invasit
2221 4059 2236 4098 :
2270 4057 2377 4111 quo
2408 4042 2606 4095 factum
2647 4047 2749 4098 est.
2788 4047 2844 4092 ut
2879 4036 3068 4092 eodem
3111 4044 3352 4102 tempore
3395 4032 3561 4084 numii

1994 4133 2310 4206 Byzantium
2338 4130 2680 4202 pervenirent
2709 4129 2988 4183 Persarum
3022 4140 3203 4195 regem
3229 4123 3559 4185 Armeniam,

1996 4242 2098 4294 qua
2130 4224 2359 4280 Romani
2405 4221 2842 4284 dominabantur,
2871 4234 2937 4274 ex
2969 4218 3259 4287 improviso
3290 4214 3560 4277 adortum,

1998 4315 2474 4386 Theodosiopolim
2523 4328 2693 4383 usque
2739 4320 3053 4382 penetrasse
3101 4310 3437 4367 nuntiarent;
3509 4313 3565 4357 et

1924 4429 1970 4484 ι)
1998 4410 2114 4480 ipse
2147 4410 2198 4463 in
2230 4408 2314 4462 his
2334 4404 2467 4461 locis
2497 4415 2657 4459 esset.
2687 4401 2764 4456 Eo
2786 4415 2909 4455 cum
2943 4397 3268 4459 advenisset,
3300 4410 3330 4448 e
3350 4395 3564 4461 regione

1999 4494 2181 4563 oppidi
2211 4495 2276 4547 ad
2308 4492 2586 4547 meridiem
2618 4489 2720 4544 sita
2748 4503 2865 4557 quae
2897 4487 3286 4540 Abaressorutn
3316 4490 3559 4541 vocatur,

1999 4595 2177 4641 castra
2217 4583 2395 4653 posuit
2438 4601 2451 4638 :
2486 4583 2855 4636 Romanorum
2896 4592 3027 4633 vero
3063 4575 3354 4630 exercitus.
3394 4585 3563 4639 quan-

1999 4687 2113 4730 tum
2164 4675 2393 4729 militum
2442 4672 2562 4743 cogi
2615 4672 2808 4743 potuit,
2861 4666 3266 4743 septentrionali
3304 4671 3457 4734 parte
3511 4661 3563 4712 in

1997 4766 2218 4836 regione
2261 4775 2470 4828 vocata,
2506 4765 2559 4817 in
2609 4763 2791 4817 radice
2822 4760 3101 4831 cujusdam
3136 4757 3336 4814 montis
3363 4754 3567 4810 consti-

2000 4865 2144 4911 tutus
2164 4864 2265 4911 est.
2297 4854 2562 4909 Caeterum
2593 4852 2861 4907 Chosroes
2891 4853 2944 4904 in
2973 4859 3268 4918 conspectu
3303 4843 3566 4901 Theodori

1966 5004 1969 5005 ν
2001 4948 2294 5017 equitatum
2328 4944 2383 4998 in
2417 4943 2585 4997 aciem
2615 4942 2823 5005 eduxit,
2853 4955 3009 5008 quem
3037 4940 3089 4991 in
3125 4948 3329 4990 turmas
3351 4946 3404 4991 et
3432 4936 3565 5003 plta-

2001 5037 2189 5106 langas
2217 5035 2374 5105 160
2401 5032 2604 5099 divisit,
2644 5041 2698 5087 et
2726 5033 2861 5102 ipse,
2889 5044 3028 5099 equo
3060 5041 3378 5091 conscenso,
3410 5023 3564 5094 quasi

2003 5128 2057 5184 id
2116 5129 2391 5196 inopinato
2433 5135 2487 5182 et
2540 5140 2688 5192 casu,
2738 5140 2839 5179 non
2890 5123 2957 5179 de
3016 5121 3277 5176 industria
3343 5118 3563 5177 iaceret,

2003 5234 2162 5288 quam
2217 5217 2396 5272 valido
2444 5226 2497 5273 et
2537 5217 2736 5288 vigenti
2770 5230 2995 5284 corpore
3030 5221 3193 5278 esset,
3236 5209 3563 5263 ostentabat.

2007 5310 2269 5381 Sperabat
2294 5320 2493 5376 autem,
2522 5306 2972 5381 'i‘beodosiopolin
3006 5322 3063 5362 se
3085 5304 3263 5372 aliquo
3290 5302 3449 5357 modo
3479 5316 3566 5354 cr.-

1592 5422 1828 5478 VARle
1890 5423 2182 5478 LECTION
2190 5424 2287 5479 ES.

406 5536 449 5568 ¹¹
472 5536 603 5604 περὶ
632 5551 741 5591 om.
776 5538 862 5592 ed.
894 5536 1019 5591 Par.
1098 5537 1141 5568 ¹³
1170 5537 1508 5606 στρατηγοὺς
1535 5539 1680 5605 conj.
1712 5539 1768 5591 Β.

338 5606 380 5638 ’³
414 5606 649 5675 θηρᾶσαι
687 5609 833 5676 conj.
872 5606 1117 5661 Cantocl.

342 5676 383 5708 η
414 5676 553 5729 κατὰ
584 5678 778 5733 ταύτὸν
817 5677 899 5742 8.,
934 5677 1053 5731 κατ’
1090 5676 1250 5728 αὐτὸν
1279 5678 1421 5746 vulg.

1878 5539 1956 5569 ¹³“
1995 5539 2186 5607 ἀπήγγ

1218 5607 1262 5635 ¹⁸
1286 5606 1435 5669 ζώων
1485 5608 1573 5675 11.,
1618 5608 1753 5673 ζώεν
1810 5609 1951 5678 vulg.
2003 5606 2185 5678 ἔτυχεν
2247 5609 2311 5662 ll.

3056 5533 3096 5564 ’⁵
3127 5549 3182 5585 τε
3214 5546 3309 5598 pro
3330 5548 3382 5582 τι
3418 5530 3562 5598 vuig-

2190 5539 2310 5591 ελτο
2340 5538 2425 5597 Β..
2464 5536 2803 5603 ἀπήγγελλον
2828 5535 2971 5602 vulg.
3056 5535 3096 5564 ’⁵
3127 5549 3182 5585 τε
3214 5546 3309 5598 pro
3330 5548 3382 5582 τι
3418 5535 3562 5598 vuig.

2248 5609 2310 5654 ll-
2415 5609 2454 5639 "
2490 5604 2710 5654 ἔνθοας]
2773 5605 2975 5654 λύσεως
3007 5604 3070 5654 Ν.
3190 5604 3229 5633 ¹⁸
3256 5603 3311 5654 δὲ
3340 5601 3460 5654 add.
3506 5599 3565 5651 B~

2415 5609 2454 5639 "
2490 5604 2710 5676 ἔχθρας]
2773 5605 2975 5666 λύσεως
3007 5604 3070 5657 Ν.
