4006 6214
260 302 373 366 901
1032 299 1129 358 DE
1168 296 1727 359 LEGATIONIBUS
1764 297 2256 359 ROMANORUM
2296 299 2395 358 AD
2427 300 2737 361 GENTES.

3431 307 3535 372 902

268 411 747 485 χειροτονηθέντας
775 426 787 439 ·
827 404 907 471 εἷς
937 408 994 462 δὲ
1035 403 1187 470 οὗτος
1216 409 1325 461 τῶν
1366 408 1653 478 βασιλείων
1696 409 1854 477 ξιφη-

1966 422 2103 461 unus
2134 420 2199 461 ex
2230 407 2573 477 imperatoris
2606 408 2955 480 satellitibus)
2988 410 3056 466 ad
3087 411 3141 467 id
3188 414 3425 471 muneris
3452 432 3537 473 est

269 505 472 575 φόρων.
501 504 612 555 Καὶ
645 498 741 555 οὖν
780 500 903 553 ἐπεὶ
938 499 1087 570 αύτῷ
1116 500 1346 571 ἐπετέθη
1379 503 1413 571 ἡ
1455 502 1673 572 πρᾶξις,
1713 502 1852 571 ἄρας

267 596 441 665 ᾤχετο
473 595 571 647 σὺν
600 594 713 654 τοῖς
745 592 866 644 κατ’
896 590 1060 644 αὐτὸν
1100 591 1339 656 ὀπαδοῖς,
1374 592 1453 644 ἔτι
1483 609 1547 659 γε
1604 594 1708 663 μὴν
1759 595 1853 645 καὶ

270 685 535 754 Τυύρκοις
585 682 779 736 ἐκατδν
826 682 961 751 πρὸς
991 684 1105 745 τοῖς
1134 682 1215 747 ἐξ.
1255 682 1579 752 Ἐνεδήμουν
1612 685 1721 755 γὰρ
1759 702 1855 755 τη-

271 778 507 831 νικαῦτα
536 774 769 844 Τοῦρκοι
803 774 945 826 κατά
977 773 1038 825 τὸ
1086 773 1377 836 Βυζάντιον
1420 774 1521 845 ἤδη
1564 776 1627 828 ἐκ
1658 775 1851 829 πολλοῦ

276 869 380 920 ὑπὸ
410 866 504 919 τοῦ
533 866 791 933 σφετέρου
817 863 1007 917 ἄλλοτε
1034 864 1184 919 ἄλλοι
1206 866 1618 936 ἐκπεμφθέντες
1643 867 1849 931 ἔθνους.

289 958 498 1019 Ἐνίους
534 957 631 1026 μὲν
674 955 780 1026 γὰρ
819 955 998 1008 αὐτῶν
1060 956 1440 1028 Ἀναγκάστης
1474 958 1707 1012 ἐνταῦθα
1729 960 1854 1012 ἐπε·

275 1048 529 1118 κόμισεν,
568 1048 625 1109 ἐς
669 1046 962 1117 πρεσϐείαν
994 1048 1175 1101 ἐκεῖσε
1207 1049 1539 1120 ἀφικόμενος
1568 1068 1581 1079 ·
1615 1052 1758 1114 τινὲς
1797 1051 1852 1103 δὲ

276 1140 394 1208 ἅμα
420 1138 665 1208 Εὖτυχίῳ
698 1138 796 1207 τὴν
822 1138 1004 1207 ἄφιξιν
1036 1142 1361 1210 ἐποιήσαντο
1389 1142 1529 1195 κατὰ
1558 1142 1658 1213 τὴν
1696 1142 1851 1212 βασι-

275 1232 394 1283 λίδα
429 1231 603 1284 πόλιν.
639 1230 822 1285 Ἀλλοι
856 1231 911 1283 δὲ
960 1233 1256 1302 ἐτύγχανον
1295 1234 1437 1288 κατὰ
1469 1236 1529 1289 τὸ
1560 1235 1855 1300 Βυζάντιον

273 1322 642 1393 διατρίϐοντες
682 1326 799 1393 μετ’
834 1323 998 1376 αὑτοῦ
1027 1324 1165 1393 δῆτα
1202 1326 1556 1380 Οὐαλεντίνου
1586 1327 1852 1398 πρότερον

275 1413 592 1481 ἀφιγμένοι,
637 1412 737 1483 (δὶς
788 1414 897 1483 γὰρ
950 1414 1301 1480 Ούαλεντῖνος
1342 1417 1749 1487 ἐπρεσϐεύσατο
1779 1419 1853 1481 ὡς

274 1506 317 1554 Τ
320 1502 596 1572 ούρκους),
628 1503 777 1557 ἄλλοι
803 1503 858 1555 δέ
899 1505 995 1557 σὺν
1032 1504 1379 1576 ἰίἰρωδιανῷ,
1426 1506 1627 1577 ὁμοίως
1654 1507 1730 1575 ,δέ
1762 1508 1854 1561 καὶ

269 1590 391 1661 ἅμα
438 1592 633 1662 Παύλῳ
661 1593 738 1662 τῷ
771 1593 976 1659 Κίλικι,
1009 1594 1085 1658 ὡς
1126 1595 1184 1661 ἐξ
1215 1597 1473 1650 ἁπάντων
1497 1598 1702 1652 τούτων
1733 1598 1854 1665 ξυν-

274 1683 633 1753 αθροισθῆναι
661 1684 875 1747 Σκύθας
898 1684 1100 1756 ἄνδρας
1123 1688 1187 1740 ἐκ
1209 1687 1304 1741 τοῦ
1331 1688 1499 1757 φύλου
1533 1690 1642 1744 τῶν
1668 1690 1853 1744 ἐπιλεο

1961 498 2226 562 delectus,
2267 500 2409 566 quod
2448 502 2537 553 ubi
2582 501 2660 554 illi
2709 501 3095 557 den'nandatum
3136 503 3257 571 fuit,
3290 521 3409 559 cum
3451 510 3536 563 his

1953 591 2046 660 qui
2077 606 2200 645 cum
2248 590 2669 657 comitabantur,
2716 594 2994 662 profectus
3028 606 3134 652 est.
3170 597 3288 651 Una
3316 614 3535 669 quoque

1954 688 2169 735 centum
2194 694 2288 735 sex
2328 677 2542 734 Turcos
2570 684 2888 751 assumpsit.
2915 683 3075 738 Turci
3112 684 3255 739 enim
3289 686 3532 754 Byzantii

1954 769 2271 838 jamdudum
2323 770 2699 836 consederant,
2743 786 2775 824 a
2833 788 2930 828 sua
2987 785 3145 843 gente
3188 775 3278 829 alii
3321 776 3425 829 alia
3469 778 3536 831 de

1955 876 2119 917 causa
2163 860 2340 917 missi.
2396 861 2693 917 Nonnullos
2729 864 3087 929 Anancastes,
3136 880 3260 919 cum
3296 866 3426 920 illuc
3466 867 3534 920 ad

1954 952 2282 1020 legationem
2328 951 2609 1019 profectus
2645 964 2811 1016 esset,
2844 970 3027 1009 secum
3072 957 3391 1014 adduxerat.
3427 959 3533 1011 Alii

1953 1057 2076 1099 cum
2105 1043 2369 1112 Eutycltio
2392 1042 2459 1097 ad
2492 1043 2898 1111 imperatoriam
2929 1047 3115 1100 urbem
3153 1058 3534 1115 accesserant;

1955 1133 2046 1186 alii
2077 1133 2221 1187 circa
2258 1132 2578 1203 Byzantium
2626 1138 3104 1191 commorabantur
3147 1140 3236 1207 qui
3274 1156 3394 1193 cum
3421 1142 3537 1208 ipso

1956 1224 2240 1280 Valentino
2258 1226 2403 1293 prius
2423 1234 2701 1280 venerant.
2721 1225 2812 1281 Bis
2827 1228 2971 1280 enim
2992 1227 3309 1285 Valentinus
3328 1231 3536 1300 legatus

1955 1315 2020 1369 ad
2060 1315 2269 1372 Turcos
2310 1324 2394 1371 est
2445 1315 2741 1387 profectus.
2787 1318 2957 1370 Erant
3003 1328 3055 1373 et
3109 1320 3221 1383 alii,
3263 1323 3354 1391 qui
3412 1337 3533 1377 cum

1956 1407 2265 1463 llerodiano
2293 1419 2348 1464 et
2374 1423 2498 1464 cum
2524 1408 2694 1463 Paulo
2724 1408 2893 1463 Cilice
2923 1409 3050 1464 illuc
3083 1412 3426 1466 devenerant.
3460 1413 3534 1466 Ex

1956 1499 2043 1552 bis
2073 1499 2329 1554 omnibus
2372 1499 2546 1568 igitur
2582 1499 2803 1569 collegit
2836 1507 3053 1553 centum
3100 1514 3196 1555 sex
3226 1499 3449 1563 Turcos,
3482 1513 3537 1556 et

1956 1603 1986 1641 a
2017 1589 2159 1657 regia
2187 1586 2321 1642 urbe
2344 1588 2467 1642 citis
2494 1587 2721 1641 navibus
2753 1587 3053 1657 profectus.
3089 1628 3104 1644 .
3137 1628 3151 1643 .
3185 1626 3200 1641 .
3242 1630 3258 1644 .
3293 1588 3537 1643 Tauricae

1958 1685 2190 1750 montes,
2240 1676 2333 1743 qui
2376 1677 2443 1730 ad
2483 1675 2762 1730 meridiem
2828 1688 3080 1744 vergunt,
3148 1687 3536 1746 praetervectus

274 1778 526 1846 γομένων
560 1776 821 1848 Τούρκων
850 1775 909 1842 ἐξ
946 1755 1080 1846 πρὸς
1121 1781 1234 1842 τοῖς
1267 1755 1479 1849 ρ’ξΟὒς
1507 1782 1571 1852 δὴ
1608 1782 1854 1847 ἅπαντας

1956 1774 2057 1821 est.
2081 1764 2209 1819 lude
2242 1764 2564 1819 Valentinus
2598 1779 2843 1833 campos,
2871 1765 3015 1819 circa
3058 1782 3192 1834 quos
3220 1777 3535 1836 stag-nantes

273 1866 560 1922 ἀναλαϐὼν
578 1868 931 1931 Ούαλεντῖνος
954 1870 1136 1939 ἀπῆρε
1158 1873 1203 1903 ³³
1231 1872 1323 1925 τοῦ
1346 1875 1619 1944 βασιλείου
1641 1874 1854 1938 ἄστεος.

274 1960 637 2028 Χρησάμενος
664 1959 722 2012 δὲ
743 1961 866 2022 ταῖς
891 1962 1220 2027 ταχυπλόοις
1250 1965 1360 2018 τῶν
1386 1951 1647 2030 όλκάδων,
1680 1966 1769 2021 διά
1797 1984 1856 2020 τε

268 2047 526 2118 ’Σινώπης
546 2049 641 2101 καὶ
662 2049 946 2120 Χερσῶνος
970 2050 1036 2114 ⁸ο,
1056 2052 1090 2119 ἢ
1108 2053 1256 2105 ἐστιν
1285 2053 1511 2125 άντικρυ
1533 2050 1565 2126 ἧ
1599 2055 1674 2108 ίδν
1696 2057 1737 2089 ⁸⁸
1763 2056 1856 2110 τοῦ

278 2140 426 2208 ἡλίου
451 2141 723 2195 ἀνατολῶν
743 2141 985 2211 πέφυκεν
1012 2144 1270 2215 ἱδρυμένη
1306 2160 1322 2176 ’
1368 2147 1429 2198 ού
1464 2147 1571 2216 μὴν
1600 2147 1735 2201 ἀλλά
1765 2148 1857 2201 καὶ

288 2233 649 2305 Ἀπατούρας,
699 2233 779 2287 ἔτι
833 2251 894 2287 τε
955 2234 1049 2289 καὶ
1076 2235 1165 2299 διὰ
1218 2235 1419 2304 φύλων.
1470 2238 1626 2290 Κοιτά
1662 2238 1725 2309 δὴ
1759 2238 1858 2307 τῆς

273 2320 611 2395 ψαμαοῶδεςξ
642 2325 689 2356 ³⁸
715 2325 813 2395 τῆς
857 2364 872 2379 ι
916 2366 934 2387 ,ρ
980 2364 996 2381 .
1040 2364 1054 2379 .
1102 2363 1117 2379 .
1162 2364 1175 2378 .
1220 2325 1450 2397 παρέθει
1491 2326 1560 2379 τὰ
1608 2326 1709 2397 ὅρη
1757 2330 1858 2398 τῆς

274 2417 553 2487 Ταυρικῆς
586 2416 652 2469 τά
692 2416 916 2470 νεύοντα
970 2418 1061 2469 ἐπὶ
1121 2416 1489 2487 μεσημϐρίαν.
1542 2418 1754 2471 Ἐκεῖνα
1792 2420 1854 2489 δὴ

268 2501 367 2560 οὖν
405 2505 473 2559 τά
512 2507 575 2559 ἐκ
613 2509 722 2559 τῶν
769 2506 1039 2576 λιμναίων
1070 2506 1277 2560 ὑδάτων
1306 2507 1666 2578 περιθεόμενα
1702 2508 1856 2563 πεδία

272 2598 326 2649 οῖ
346 2613 409 2664 γε
439 2598 584 2667 ἀμφὶ
613 2598 967 2651 Οὐαλεντῖνον
1000 2597 1044 2631 ³³
1086 2598 1479 2669 ἱππασάμενοι,
1514 2600 1610 2653 καὶ⁸
1637 2602 1854 2673 ἐτέρους

274 2686 331 2739 δὲ
392 2686 675 2751 πλείστους
711 2688 1037 2751 δονακώδεις
1072 2705 1134 2741 τε
1170 2690 1268 2742 καὶ
1310 2688 1629 2760 λοχμώδεις,
1663 2692 1743 2747 ἐτι
1794 2710 1854 2746 τε

275 2784 372 2831 καὶ
412 2778 700 2841 ύδατώδεις
748 2778 1121 2850 διεληλυθότες
1175 2781 1406 2852 χώρους,
1445 2783 1507 2836 ού
1562 2784 1669 2855 μὴν
1718 2783 1855 2838 ἀλλά

273 2870 370 2921 καὶ
399 2869 488 2922 διὰ
515 2869 617 2938 τῆς
650 2870 950 2942 λεγομένης
984 2872 1285 2939 Ἀκκάγας,
1332 2874 1524 2945 (ὄνομα
1561 2875 1619 2928 δέ
1663 2893 1856 2944 γυναι-

272 2960 370 3023 κὸς
397 2960 671 3030 ἀρχούσης
704 2960 812 3015 τῶν
846 2962 951 3016 ἀνά
983 2962 1052 3016 τὰ
1082 2963 1129 2995 ³⁸
1160 2964 1348 3036 ἐκείνῃ
1389 2965 1632 3032 Σκυθῶν,
1677 2983 1855 3036 χειρο-

270 3050 594 3121 τονηθείσης
625 3051 927 3122 τηνικαῦτα
959 3054 1018 3116 ἐς
1055 3052 1214 3106 τοῦτο
1274 3054 1379 3107 ὑπὸ
1431 3055 1742 3123 Ἀναγαίου,
1794 3056 1854 3118 ὃς
1881 3079 1925 3136 c

278 3143 504 3212 ἱκράτει
532 3141 628 3196 τοῦ
657 3144 824 3212 φύλου
854 3144 961 3199 τῶν
1002 3146 1349 3217 Ούτιγούρων
1384 3147 1476 3216 ³⁸),
1503 3147 1579 3210 ὡς
1619 3148 1676 3201 δὲ
1717 3147 1851 3219 ξύμ-

276 3251 384 3286 παν
414 3236 606 3302 είπεῖν,
643 3236 867 3299 πολλαῖς
904 3237 1173 3307 ἀτραποῖς
1213 3238 1577 3308 ὁμιλήσαντες
1605 3240 1701 3292 καὶ
1725 3240 1854 3293 δυσ-

270 3326 525 3396 χωρίαις,
589 3328 954 3397 παρεγένοντο
989 3327 1119 3382 ἔνθα
1156 3329 1224 3382 τὰ
1285 3328 1556 3399 πολεμικὰ
1611 3318 1855 3400 σύμϐολα

274 3415 372 3467 τοῦ
417 3414 756 3484 Τουρξάνθου
814 3416 863 3448 ³⁸
900 3417 1203 3488 ἐτύγχανεν
1239 3418 1368 3472 ὅντα
1397 3435 1410 3448 ·
1469 3411 1619 3482 οὗτος
1674 3419 1730 3473 δὲ
1773 3414 1853 3485 εἷς

275 3507 390 3558 τῶν
418 3508 568 3578 παρά
595 3507 859 3580 Τούρκοις
885 3510 1191 3579 ἡγεμόνων.
1223 3510 1308 3564 Ἐν
1330 3510 1474 3564 ὀκτὼ
1495 3511 1604 3582 γὰρ
1634 3512 1852 3582 μοίραις

274 3598 593 3653 διεδάσαντο
648 3600 691 3633 ³⁷
728 3600 798 3654 τὰ
835 3601 1020 3673 ἐκείνῃ
1068 3602 1303 3670 ἅπαντα,
1343 3599 1425 3667 οἷς
1457 3621 1519 3672 γε
1552 3604 1647 3658 τοῦ
1681 3604 1849 3672 φύλου

276 3689 389 3739 τῶν
420 3688 675 3759 Τούρκων
709 3690 869 3761 ἐλαχε
905 3691 1257 3761 προεστάναι.
1304 3694 1558 3764 Ἀρσίλας
1593 3695 1649 3747 δὲ
1682 3696 1854 3765 ὄνομα

277 3781 358 3850 τῷ
381 3782 693 3853 παλαιτέρῳ
726 3783 979 3854 μονάρχῳ
1005 3782 1284 3855 Τούρκων.
1326 3784 1387 3838 Ὀ
1438 3785 1569 3854 γοῦν
1621 3786 1855 3839 Οὐαλεν-

276 3874 421 3934 τῖνος
459 3873 613 3944 παρὰ
647 3873 739 3928 τὸν
777 3872 1114 3946 Τούρξανθον
1147 3874 1193 3905 ³³
1237 3874 1591 3945 ἀφικόμενος,
1640 3875 1699 3938 ὃς
1747 3876 1854 3946 πρὸ

277 3965 389 4017 τῶν
440 3964 617 4019 ἄλλων
674 3967 960 4038 ἡγεμόνων
1012 3965 1363 4030 ὑπαντιάζων
1419 3966 1683 4036 ἐτύγχανε
1738 3969 1852 4031 τοῖς

278 4058 457 4108 ἐκεῖσε
497 4058 984 4126 παραγενομένοις,
1018 4053 1140 4111 εἶτα
1175 4058 1507 4129 συνησθῆναι
1533 4060 1744 4128 φράσας
1774 4057 1852 4127 τῷ

280 4145 521 4215 Καίσαρι
561 4146 869 4215 Ῥωμαίων.
933 4146 1021 4211 Ἐς
1074 4147 1235 4201 τοῦτο
1263 4147 1369 4219 γὰρ
1419 4149 1614 4217 ἀφῖκτο
1650 4151 1849 4214 ἐκεῖσε,

280 4237 788 4307 προσφθεγξόμενος
826 4240 955 4303 τοὺς
990 4241 1337 4309 προεστῶτας
1374 4240 1468 4293 τοῦ
1517 4239 1683 4308 φύλου
1741 4241 1851 4294 τῶν

280 4325 561 4393 Τούρκων,
598 4326 850 4398 Τιϐερίου
878 4329 979 4400 ἤδη
1003 4331 1059 4393 ἐς
1087 4329 1154 4382 τὸ
1189 4330 1299 4382 τῶν
1332 4331 1629 4400 Καισάρων
1658 4329 1849 4383 ἀναϐε-

281 4418 511 4485 ϐηκότος
538 4419 734 4489 κράτος
760 4436 775 4451 ο
806 4421 943 4491 πρὸς
970 4424 1080 4483 τοῖς
1109 4421 1202 4474 καὶ
1230 4422 1302 4483 ὡς
1340 4421 1460 4490 ἂνή
1492 4420 1854 4490 φιλοφροσύνη

278 4506 381 4575 οὐχ
397 4502 558 4577 ἦττον
586 4510 644 4562 ἐν
673 4509 879 4580 βεϐαίῳ
912 4510 1089 4564 ἐσοιτο
1114 4512 1209 4565 καὶ
1241 4513 1296 4564 αἱ
1324 4512 1527 4582 μεταξὺ
1568 4511 1855 4582 Ῥωμαίων

279 4614 340 4650 τε
381 4600 475 4651 κα)⁸
512 4600 771 4671 Τούρκων
800 4602 1160 4674 προελθοῦσαι
1205 4603 1451 4669 σπονδαὶ,
1499 4604 1565 4667 ἃς
1613 4603 1765 4656 ἔθετο
1810 4602 1855 4634 ³³

279 4690 621 4754 Διλζίϐουλός
659 4694 705 4725 ⁸⁸
754 4711 813 4746 τε
857 4696 952 4747 καὶ
989 4694 1275 4758 Ἰουστῖνος
1304 4696 1333 4747 ό
1384 4694 1654 4764 βασιλεὺς,
1703 4695 1853 4764 Ζημ-

281 4781 459 4851 άρχου
499 4781 714 4851 πρώτου
761 4787 941 4838 ἐκεῖσε
977 4768 1355 4855 φοιτήσαντος,
1388 4783 1551 4853 ἡνίκα
1581 4784 1854 4853 ἐσήμανεν

281 4874 310 4924 ὀ
345 4872 709 4941 Λιλζίϐουλος,
758 4876 835 4940 ὡς
871 4875 1160 4947 Ῥωμαίων
1193 4874 1346 4944 φίλος
1386 4874 1485 4944 ούχ
1540 4868 1703 4945 ἦττον
1760 4874 1853 4925 καὶ

281 4960 434 5033 αὐτῷ
481 4965 783 5037 ἐπιτήδειος
833 4967 929 5021 καὶ
986 4964 1257 5037 δυσμενὴς
1294 4966 1516 5034 ὁμοίως,
1554 4965 1650 5018 καὶ
1705 4964 1851 5025 ὅπως

1962 1872 2114 1926 aqua:
2136 1856 2517 1919 decurrebant,
2545 1856 2696 1924 equis
2718 1856 3093 1924 perequitavit,
3120 1866 3173 1910 et
3194 1858 3329 1912 alios
3352 1858 3535 1927 plures

1960 1949 2342 2014 arundinosos,
2368 1947 2691 2002 fructicosos
2720 1958 2776 2002 et
2816 1949 3087 2018 palustres
3126 1949 3274 2004 locos
3305 1964 3536 2019 supera-

1961 2041 2060 2096 vit.
2107 2040 2399 2110 Regionem
2450 2055 2686 2110 quoque,
2735 2056 2852 2110 qua:
2884 2041 3079 2095 dicitur
3118 2041 3361 2107 Accagas
3414 2056 3537 2110 per-

1961 2132 2190 2199 agravit,
2222 2132 2329 2199 (est
2349 2140 2533 2186 autem
2564 2146 2759 2187 nomen
2788 2133 3029 2188 mulieris
3058 2148 3178 2201 quae
3206 2133 3349 2187 illius
3369 2135 3535 2203 partis

1962 2220 2182 2292 Scythis
2206 2222 2528 2290 imperabat,
2561 2222 2816 2292 suffragio
2860 2224 3111 2293 Anagaii,
3156 2225 3248 2293 qui
3292 2223 3535 2293 Utiguris

1960 2321 2213 2381 prznerat,
2263 2326 2489 2382 regnum
2534 2313 2776 2382 adepta,)
2819 2319 2872 2368 et
2926 2323 2982 2368 ut
3041 2316 3279 2369 breviter
3309 2317 3530 2380 'dicam,

1961 2405 2126 2457 multa
2149 2415 2204 2458 et
2232 2403 2470 2458 difﬁcilia
2505 2404 2698 2459 itinera
2728 2405 2953 2470 emensi,
2981 2405 3049 2460 ad
3088 2421 3151 2460 ea
3195 2407 3310 2460 loca
3342 2421 3531 2477 perve-

1959 2501 2177 2556 nerunt,
2214 2492 2302 2547 ubi
2333 2489 2635 2545 Turxanthi
2668 2490 2875 2545 bellica:
2897 2492 3169 2547 stationes
3197 2503 3372 2545 erant.
3406 2492 3536 2544 Erat

1960 2585 2047 2639 llic
2099 2598 2239 2638 unus
2280 2597 2347 2637 ex
2385 2582 2685 2636 Turcorum
2741 2582 2968 2637 ducibus
3036 2584 3278 2638 :etenim
3314 2583 3367 2637 in
3405 2586 3532 2657 octo

1958 2685 2140 2747 partes
2164 2689 2384 2744 regnum
2417 2674 2706 2728 diviserant
2725 2675 2812 2743 qui
2838 2674 3137 2729 Turcorum
3166 2677 3531 2745 principatum

1962 2769 2243 2833 tenebant;
2298 2766 2497 2821 seniori
2560 2775 2740 2819 autem
2797 2764 3097 2821 Turcorum
3156 2768 3275 2820 duci
3334 2781 3530 2819 nomen

1958 2871 2077 2916 erat
2123 2860 2415 2915 Arcesilas.
2457 2857 2646 2928 Itaque
2685 2856 3002 2913 Valentinus
3043 2858 3109 2912 ad
3154 2856 3530 2912 Turxanthum

1957 2954 2205 3019 accessit,
2228 2951 2322 3021 qui
2354 2952 2560 3021 primus
2583 2954 2886 3009 Turcorum
2921 2953 3113 3006 ducum
3143 2951 3334 3006 obvius
3357 2950 3534 3006 factus
3580 3004 3587 3015 κ

1957 3056 2078 3100 crat
2110 3046 2476 3110 venientibus,
2514 3059 2747 3113 eumque
2787 3043 3025 3114 gaudere
3058 3043 3220 3111 jussit
3247 3057 3386 3098 novo
3418 3042 3534 3096 Ro-

1958 3150 2239 3189 manorum
2273 3133 2488 3190 Caesare
2512 3142 2695 3188 creato
2727 3153 2740 3187 :
2778 3134 2982 3188 idcirco
3019 3134 3162 3188 enim
3187 3142 3431 3199 venerat,
3468 3143 3533 3187 ut

1958 3223 2260 3279 Turcorum
2287 3224 2450 3281 duces
2477 3226 2757 3289 salutaret,
2785 3223 3002 3277 Tiberio
3036 3225 3101 3276 ad
3131 3222 3403 3278 Caesarum
3437 3232 3533 3294 po-

1958 3317 2181 3371 tentiam
2227 3326 2452 3382 evecto;
2484 3318 2565 3371 ’ad
2612 3316 2749 3381 haec,
2800 3322 2858 3368 ut
2890 3328 2997 3368 non
3048 3314 3223 3367 minor
3263 3314 3405 3368 inter
3436 3330 3531 3368 eos

1958 3405 2325 3460 benevolentia
2356 3414 2522 3471 esset,
2553 3414 2607 3459 et
2630 3403 2835 3460 foedera
2865 3404 3050 3457 eadem
3076 3403 3337 3468 valerent,
3372 3404 3529 3474 162

1956 3512 2075 3567 qua:
2104 3498 2245 3552 inter
2284 3498 2600 3552 Disabulum
2628 3505 2682 3551 et
2709 3494 2983 3551 Justinum
3018 3510 3116 3565 per
3146 3494 3527 3560 Zemarchum,

1956 3592 2047 3661 qui
2092 3591 2300 3660 primus
2321 3590 2390 3645 ad
2429 3605 2523 3646 eos
2555 3598 2799 3654 venerat,
2830 3596 2981 3658 pacta
3012 3596 3382 3654 conventaque
3407 3586 3529 3640 fue-

1956 3692 2098 3739 rant.
2150 3681 2434 3737 Disabulus
2503 3680 2644 3735 enim
2716 3677 3083 3731 Romanorum
3154 3678 3356 3730 amicos
3423 3676 3530 3731 sibi

1957 3788 2175 3847 quoque
2212 3772 2413 3824 amicos
2440 3770 2576 3834 fore,
2607 3778 2663 3822 et
2695 3768 2879 3822 hostes
2904 3765 3111 3829 itidem,
3140 3766 3301 3834 idque
3336 3766 3531 3819 immu-

1956 3876 2129 3921 tatum
2161 3871 2216 3917 et
2255 3861 2469 3916 ﬁrmum
2509 3872 2630 3912 esse
2673 3856 3144 3926 pronuntiaverat.
3181 3854 3360 3918 Quare
3406 3869 3529 3907 cum

1961 3955 2188 4011 Romani
2232 3969 2297 4009 eo
2341 3954 2458 4019 ipso
2498 3959 2743 4018 tempore
2773 3944 3120 4020 bellumeum
3164 3944 3345 3999 Persis
3378 3959 3533 4013 gere-

1959 4058 2101 4112 rent,
2124 4044 2443 4099 Valentinus
2480 4040 2725 4095 oratione
2759 4052 2852 4092 sua
2878 4035 3137 4100 ostendit,
3165 4044 3417 4104 oportere
3464 4035 3530 4087 il-

1959 4137 2322 4205 lum'quoque,
2347 4147 2465 4187 cum
2483 4138 2696 4197 tempus
2713 4139 3071 4198 opportunum
3095 4126 3320 4191 venerit,
3338 4124 3533 4180 Persas

1956 4227 2099 4282 belo
2135 4223 2373 4295 aggredi.
2424 4220 2549 4275 Haac
2593 4220 2771 4288 legato
2798 4218 3030 4283 dicente,
3073 4216 3354 4271 confestim
3395 4216 3532 4270 Tur-

1957 4322 2217 4385 x:mtbus,
2255 4336 2274 4371 ι
2314 4314 2470 4381 Νιιιη,
2494 4315 2687 4383 inquit,
2728 4327 2825 4367 vos
2859 4312 2995 4367 estis
3033 4311 3108 4364 illi
3147 4312 3397 4374 Romani,
3439 4311 3530 4379 qui

1890 4409 1935 4463 D
1965 4413 2148 4466 decem
2204 4409 2419 4479 quidem
2466 4404 2682 4471 linguis,
2735 4403 2828 4458 sed
2857 4418 2961 4456 una
2997 4401 3185 4457 l'raude
3216 4402 3465 4455 utimini?
3507 4421 3526 4453 ι

1965 4504 2090 4559 llmc
2120 4501 2283 4557 simul
2318 4508 2377 4554 ut
2408 4499 2564 4562 dixit,
2605 4495 2791 4551 decem
2815 4494 3013 4562 digitos
3041 4493 3094 4547 in
3116 4508 3178 4548 os
3213 4507 3369 4547 suum
3396 4507 3533 4547 cou-

1957 4598 2113 4668 jecit,
2151 4594 2344 4650 deinde
2392 4603 2584 4645 rursus
2623 4587 2701 4642 sic
2731 4594 2814 4640 est
2861 4584 3071 4639 locutus
3100 4599 3120 4639 :
3154 4600 3173 4633 ι
3205 4582 3274 4637 Ut
3306 4596 3426 4638 meo
3449 4585 3530 4637 ori

1964 4691 2145 4745 decem
2186 4698 2332 4739 meos
2362 4682 2560 4753 digitos
2599 4693 2742 4733 nunc
2786 4676 3069 4740 admoveo,
3104 4675 3177 4729 ita
3204 4684 3259 4729 et
3295 4689 3392 4729 vos
3423 4673 3530 4728 Ro-

1963 4778 2107 4832 mani
2140 4775 2383 4843 pluribus
2407 4782 2461 4826 et
2480 4770 2646 4823 variis
2678 4768 2887 4822 utimini
2912 4767 3133 4836 linguis,
3156 4767 3351 4836 quibus
3372 4765 3532 4821 modo

1960 4885 2066 4934 me,
2099 4867 2256 4921 modo
2302 4878 2416 4927 eos,
2454 4862 2547 4931 qui
2588 4874 2705 4915 mea
2744 4860 3009 4928 mancipia
3068 4869 3219 4934 sunt,
3260 4858 3529 4927 decipitis.

1959 4959 2024 5012 Et
2052 4930 2184 5013 sane
2210 4953 2432 5010 omnino
2456 4930 2644 5006 omnes
2664 4956 2853 5017 gentes
2875 4930 3165 5003 verborum
3192 4948 3458 5002 illecebris
3481 4958 3534 5000 et

1589 5119 1825 5178 VARIAS
1866 5118 2267 5176 LECTIONES.

357 5268 402 5347 ξ’
428 5266 611 5337 ἀπῆρε
646 5266 738 5332 Η.,
763 5268 1127 5351 ἀπεῖρεηγιιιε.

1208 5269 1252 5301 ³⁸
1283 5268 1488 5323 Locum
1515 5267 1747 5322 fractum
1785 5275 1839 5321 et
1862 5267 2158 5322 fuadissime
2188 5263 2570 5331 depravatum,
2604 5265 2677 5331 Ita
2712 5239 2859 5331 utab
2878 5250 3207 5331 “Hoeschelio
3226 5248 3412 5331 editus
3430 5255 3532 5327 est,

286 5326 593 5417 relinquere
610 5326 822 5417 cogor:
854 5326 994 5417 nilnil
1015 5326 1257 5417 enimde
1289 5340 1528 5407 Apatura
1565 5346 1621 5391 et
1660 5338 1862 5417 Phylis,
1888 5338 2111 5417 locisve,
2135 5326 2365 5417 quorum
2406 5331 2627 5417 nomina
2656 5328 2710 5380 in
2724 5328 2841 5417 zhas

286 5389 720 5485 sentiequidern’
754 5389 993 5485 inve—nio:
1020 5389 1405 5485 iié’érié'rs'oﬁé
1443 5417 1625 5485 tamen
1659 5389 1909 5485 suspicor
1934 5389 2195 5485 scriptum
2225 5403 2406 5485 fuisse.
2434 5398 2689 5485 :jﬂélcnv
3002 5389 3535 5485 ξινώξξηελίξαῇξέσλν

283 5474 380 5555 τοῦ
415 5472 639 5555 levipes
668 5478 953 5555 στομάτων
979 5479 1115 5555 πρρς
1137 5479 1245 5555 τιῖζν
1271 5475 1645 5555 ίσημερινῴν]⁵
1658 5472 1773 5530 τού
1790 5478 1943 5555 ἡλίου
1957 5493 2023 5555 “κ.
2045 5472 2106 5527 “τ.
2224 5472 2289 5524 Ν.

1199 5548 1245 5579 ³³
1270 5537 1475 5602 τά’ἱ)ιιὶ.
1501 5546 1588 5602 ed.
1609 5537 1732 5601 Par.
1812 5537 1856 5576 ³³
1880 5537 2446 5617 Ούῖττιγούρωνῄνυιιε.
2492 5604 2502 5615 '
2525 5537 2569 5617 ³⁸
2593 5537 2901 5614 Τουρξάθου
2937 5537 3081 5604 vulg.
3156 5537 3198 5563 ³⁷
3225 5537 3495 5617 διίεδασαὲ]

1618 5617 1661 5648 ³⁹
1694 5617 1879 5670 ἔθεντο
1907 5613 1973 5669 Ν.
2048 5602 2093 5644 ἰδ
2118 5602 2459 5675 Δίλζίϐουλός
2491 5604 2633 5659 idem
2668 5602 2770 5668 εει,
2805 5605 2897 5673 qui
2929 5602 3092 5672 supra
3122 5617 3241 5670 cap.
3271 5602 3323 5654 8.
3376 5602 3535 5661 Διξά-

288 5544 357 5597 H.
435 5544 477 5574 ³³
508 5544 955 5601 Ούαλεντινιανὺν
978 5544 1121 5669 vulg.

291 5613 384 5669 Ν..
415 5614 724 5667 διεδαίσατο
752 5616 899 5669 vuln.
978 5618 1022 5649 ³³
1104 5634 1121 5669 c

291 5613 358 5689 δ.
371 5654 401 5689 ,_
415 5614 724 5689 διεδαίσατο
752 5616 899 5689 vulg.
978 5618 1022 5649 ³³

291 5616 384 5675 Ν.,
415 5616 724 5667 διεδαίσατο
752 5616 899 5689 vulg.
978 5618 1022 5649 ³⁸
1056 5616 1366 5685 Τούρξαθον
1396 5618 1539 5688 vulg.

288 5684 479 5747 ϐουλος
515 5685 818 5739 dicebatur.

2368 5470 2411 5499 “
2465 5456 2670 5528 Ἦῖόνος
2707 5456 2981 5534 ρτοή’ἱόν
3006 5462 3071 5515 Η.
3148 5456 3533 5534 ³²ςτὺίψαμαθ.

2525 5537 2569 5566 ³⁸
2593 5530 2901 5604 Τουρξάθου
2937 5534 3081 5604 vulg.
3156 5532 3199 5563 ³⁷
3225 5530 3539 5604 διεδάσαντο
