4006 6214
507 245 631 311 903.

513 449 605 505 ubi
650 447 859 503 damnis
908 443 1086 498 afﬂicti
1138 450 1284 503 sunt,
1330 438 1626 509 negligitis,
1669 448 1725 492 et
1769 438 1866 506 ipsi
1913 440 2085 507 partis

513 554 699 593 eorum
736 536 918 590 labore
954 531 1258 587 commodis
1303 529 1582 595 frnimini;
1633 539 1688 584 et
1731 543 1828 584 vos
1869 544 2086 603 quoque

514 628 670 700 legati
701 626 933 694 undique
953 621 1216 689 fraudejet
1243 621 1368 676 dolo
1388 618 1653 676 succincti
1677 620 1742 672 ad
1767 633 1852 673 me
1867 618 2084 684 venitis,

512 729 569 775 et
594 717 761 772 nihilo
797 714 977 772 sec‘ius
1006 715 1073 780 is,
1099 714 1190 783 qui
1214 728 1310 767 vos
1343 718 1412 766 ad
1449 726 1534 766 me
1566 710 1752 775 mittit,
1772 708 2087 765 fraudulen-

516 819 597 863 ter
637 815 693 861 et
730 805 992 861 insidiose
1042 818 1250 858 mecum
1285 803 1413 871 agit.
1449 801 1558 869 Ego
1600 815 1732 855 vero
1770 814 1865 854 vos
1903 799 2085 853 statim

515 898 863 963 interficiam,
897 910 1069 965 neque
1085 894 1414 949 cunctabor:
1450 892 1764 946 inusitatum
1796 891 1941 945 enim
1975 900 2029 945 et
2058 904 2088 943 a

514 998 673 1058 gente
696 999 878 1043 nostra
903 987 1159 1050 alienum,
1193 993 1252 1036 ut
1284 985 1445 1037 homo
1471 981 1683 1036 Turcus
1713 981 2007 1035 mentiatur
2037 990 2093 1034 et

516 1080 685 1134 fallat.
739 1078 841 1146 Qui
886 1087 1065 1132 autem
1109 1075 1250 1143 apud
1288 1088 1386 1128 vos
1435 1084 1649 1143 regnat,
1700 1072 1829 1126 mihi
1879 1071 2092 1126 debitas

518 1170 792 1241 persolvat
843 1182 1054 1238 poenas.
1106 1165 1240 1219 Dum
1288 1165 1433 1219 enim
1470 1179 1677 1219 mecum
1714 1163 1886 1219 amica
1922 1163 2091 1219 verba

516 1263 778 1332 loquitur,
856 1260 1058 1315 foedera
1131 1258 1252 1313 iniit.
1307 1272 1426 1311 cum
1489 1255 1858 1320 Varchonitis,
1896 1255 2095 1311 ‘servis

521 1353 743 1415 nostris,
787 1351 1088 1421 (indicabat
1130 1358 1309 1403 autem
1364 1349 1614 1420 Avares,)
1656 1350 1745 1418 qui
1785 1364 1813 1402 a
1863 1349 2096 1403 dominis

520 1447 632 1501 suis
686 1443 1033 1512 aufugerunt.
1081 1443 1143 1495 Et
1176 1440 1523 1496 Varchbnita:
1554 1443 1793 1512 quidem,
1841 1452 2094 1510 tanquam

521 1537 820 1591 Turcorum
845 1534 1068 1599 subditi,
1100 1549 1220 1588 cum
1246 1532 1488 1598 voluero,
1514 1533 1581 1587 ad
1615 1549 1701 1587 me
1733 1532 2005 1597 redibunt,
2038 1540 2098 1586 et

520 1631 564 1686 si
585 1628 852 1699 flagellum
882 1642 1084 1692 meum,
1110 1641 1218 1696 quo
1238 1641 1403 1694 eques
1427 1625 1665 1696 impello.
1695 1626 2095 1693 conspexerint,

522 1718 821 1785 aufugient,
856 1718 991 1769 etin
1021 1716 1296 1785 :intcriora
1337 1725 1495 1769 terrae
1520 1730 1579 1769 se
1606 1715 1845 1769 abdent:
1883 1717 1927 1769 si
1964 1731 2096 1770 con-

523 1807 717 1861 sistere
745 1805 858 1861 ausi
895 1805 1117 1869 fuerint,
1152 1805 1449 1867 caedentur,
1487 1811 1545 1857 ut
1573 1819 1671 1873 par
1700 1815 1803 1869 est,
1840 1818 1945 1858 non
1978 1804 2096 1875 gla-

524 1896 650 1960 diis,
684 1896 776 1949 sed
828 1894 1181 1948 formicarum
1218 1896 1387 1946 instar
1436 1903 1784 1946 conterentur
1830 1896 2097 1964 unguibus

526 1989 795 2056 equitatus
828 1987 997 2040 nostri
1038 2003 1055 2051 ;
1092 1987 1158 2039 de
1202 1984 1543 2039 Varchonitis
1570 1985 1734 2053 igitur
1762 2001 1850 2040 res
1890 1996 2013 2040 sunt
2043 1986 2097 2041 in

527 2087 660 2131 tuto.
705 2076 813 2132 Vos
863 2086 1064 2140 autem,
1096 2078 1345 2141 Romani,
1392 2079 1522 2147 quid
1567 2087 1649 2132 est
1695 2078 1839 2147 quod
1894 2078 2099 2148 legatos

528 2181 679 2222 meos
710 2183 804 2236 per
842 2167 1141 2224 Causasum
1171 2170 1269 2224 iter
1296 2169 1609 2240 Byzantium
1642 2170 1931 2226 instituere
1955 2171 2101 2242 jube-

532 2258 625 2324 tis,
659 2266 714 2313 et
743 2259 923 2316 dicitis
951 2261 1113 2315 aliam
1153 2262 1298 2315 viam
1334 2260 1447 2316 non
1465 2262 1620 2318 esse?
1650 2261 1707 2316 Id
1744 2277 1873 2317 vero
1903 2263 2100 2331 facitis,

533 2358 594 2404 ut
629 2360 850 2420 propter
893 2352 1107 2407 itineris
1143 2350 1511 2408 difﬁcultatem
1542 2353 1609 2408 ab
1639 2354 1955 2408 invadendis
1990 2353 2102 2407 Ro-

534 2452 814 2493 manorum
848 2439 1044 2496 finibus
1072 2443 1355 2497 absistatur.
1381 2442 1485 2497 Sed
1513 2458 1613 2513 ego
1644 2434 1810 2510 probe
1837 2444 1972 2507 scio,
1999 2458 2105 2513 qna

533 2526 802 2597 Danapris
832 2528 1049 2595 ﬂuvius,
1091 2547 1196 2601 qua
1233 2530 1391 2597 lster,
1428 2547 1532 2601 qua
1570 2531 1780 2586 llebrus
1809 2532 1959 2596 fluat,
2001 2549 2104 2600 qua

534 2618 850 2673 transierint
904 2619 957 2673 in
1006 2617 1370 2675 Romanorum
1418 2620 1676 2676 ditionem
1745 2622 2103 2683 Varchonitae.

535 2707 674 2762 servi
713 2706 907 2770 nostri,
946 2715 1004 2760 ut
1046 2707 1217 2776 ipsam
1242 2707 1598 2762 invaderent.
1642 2706 1828 2777 Neque
1861 2723 1960 2776 ego
1986 2725 2106 2763 sum

535 2797 758 2852 nescius
787 2806 1094 2852 vestrarum
1119 2798 1335 2853 virium.
1367 2798 1556 2853 Omnis
1581 2799 1727 2853 enim
1748 2808 1901 2853 terra
1932 2800 2056 2853 inde
2079 2815 2105 2851 τι

536 2886 731 2957 primis
793 2886 922 2942 solis
977 2888 1142 2944 radiis
1199 2903 1367 2959 usque
1420 2890 1485 2943 ad
1546 2890 1763 2944 ultimos
1797 2888 2109 2945 Occidentis

1370 232 1764 294 EXCERPTA
1802 232 1904 291 EX
1946 228 2374 291 MENANDRU
2408 222 2899 288 PROTECTORE

302 380 305 383 ·
392 386 397 391 ι
422 426 435 443 l
512 355 715 428 ingenii
749 352 983 411 versutia
1014 350 1333 408 demulcetis
1353 357 1411 404 et
1442 348 1719 411 deluditis,
1744 346 1940 402 deinde
1968 361 2088 409 eas,
2117 393 2123 406 ,

2206 344 2263 395 ιά
2282 342 2457 396 τοιάδε
2479 340 2703 412 ἄτρωτά
2726 355 2786 392 τε
2814 339 2908 393 καὶ
2935 334 3325 406 ἁπερίσπαστα
3357 335 3527 404 μένοι.
3556 334 3645 404 Τῷ
3672 347 3741 389 τοι

3646 221 3741 284 904

2189 433 2299 503 ἄρα
2331 432 2520 503 ἐπειδὴ
2551 428 2856 501 τηνικαῦτα
2892 427 3154 495 Ῥωμαῖοι
3180 425 3389 495 Πέρσας
3435 424 3744 494 ἐπολέμουν,

2188 524 2280 576 ἐπὶ
2310 526 2378 590 τῇ
2420 522 2721 593 προσρήσει
2777 518 2881 589 ἔφη
2934 517 3308 581 Οὐαλεντίνος,
3349 516 3468 569 δέον
3515 511 3651 569 εἶναι
3700 519 3748 569 ὲν

2191 612 2373 683 καιρῷ
2411 613 2507 666 καλ⁷
2535 611 2699 665 αὑτὸν
2729 608 3016 662 ἐπιθέσθαι
3052 608 3313 677 Πέρσαις.
3349 605 3540 659 Ταῦτα
3596 622 3750 675 πρεσ-

2189 708 2442 769 ϐεύοντος
2497 705 2694 760 αὐτίκα
2748 704 2776 756 ό
2835 700 3200 771 Τούρξανθος,
3257 695 3448 770 ιτΑρα
3499 698 3596 751 οὖν
3644 700 3750 768 οὐχὶ

2192 801 2372 869 ὑμεῖς,
2410 817 2429 850 ι
2474 797 2601 867 ἔφη,
2641 815 2660 847 ι
2698 788 2861 859 Οὗτοι
2901 793 3101 848 ἐκεῖνοί
3157 794 3281 846 ἐστε
3324 791 3605 861 Ῥωμαῖοι.
3640 792 3750 843 δέκα

2194 891 2293 961 μὲν
2336 887 2633 961 γλώσσαις,
2665 888 2765 958 μιᾷ
2793 886 2850 939 δέ
2880 885 3155 957 χρώμενοι
3181 883 3405 956 durata;
3440 901 3461 933 ι
3510 883 3622 935 Καὶ
3654 883 3750 952 ἅμα

2190 982 2368 1051 λέγων
2427 979 2660 1033 ἐπέδυσε
2715 981 2829 1039 τοῖς
2874 977 3006 1030 δέκα
3047 975 3333 1036 δακτύλοις
3380 975 3442 1028 τὸ
3485 975 3657 1042 στόμα
3703 975 3751 1025 τὸ

2194 1072 2408 1126 ἑαυτοῦ.
2460 1067 2598 1125 Εἶτα
2650 1069 2834 1134 ἔλεξεν
2884 1065 3042 1131 αὖθις
3070 1083 3086 1099 ·
3145 1084 3165 1118 ι
3205 1067 3421 1136 Ὥσπερ
3449 1064 3545 1117 νῦν
3575 1064 3663 1116 ἐπὶ
3689 1066 3751 1132 τῷ

2194 1166 2314 1222 κατ’
2339 1167 2438 1235 ἐμὲ
2465 1166 2696 1234 στόματι
2719 1162 2969 1216 δάκτυλοί
2993 1163 3100 1215 είσι
3129 1161 3284 1223 δέκα⁹
3312 1158 3577 1220 ὡσαύτως
3601 1159 3655 1211 δέ
3676 1162 3753 1211 καὶ

2196 1263 2355 1332 ὑμεῖς
2395 1261 2446 1315 οἱ
2501 1259 2763 1328 Ῥωμαῖοι
2800 1256 3014 1310 πλείοσι
3053 1248 3325 1324 κέχρησθε
3382 1250 3426 1282 ⁸⁸
3455 1249 3715 1319 γλώσσαις
3738 1266 3751 1280 ·

2198 1354 2293 1407 κα)⁸
2341 1352 2518 1422 ταύτῃ
2563 1351 2661 1422 μὲν
2691 1350 2789 1420 ἐμὲ
2845 1349 3113 1408 ἀπατᾶτε,
3155 1346 3221 1414 τῇ
3253 1343 3312 1397 δέ
3366 1343 3506 1415 ἄλλῃ
3544 1342 3609 1396 τά
3650 1345 3753 1394 κατ’

2201 1443 2302 1514 ὲ.μέ
2340 1442 2648 1515 ἀνδράποδα
2698 1444 2825 1505 τοὺς
2873 1438 3255 1510 Οὑαρχωνίτας
3317 1435 3388 1491 ι’.
3443 1436 3556 1488 Καὶ
3592 1433 3753 1496 ἀτελῶς

2201 1532 2418 1591 ἅπαντα
2438 1528 2506 1588 τά
2531 1534 2681 1606 ἔθνη,
2707 1532 2970 1604 ῥημάτων
2994 1549 3054 1584 τε
3079 1528 3321 1599 ποικιλίᾳ
3344 1526 3442 1580 καὶ
3475 1526 3555 1597 τῷ
3579 1525 3754 1596 δολερῷ

2199 1628 2300 1697 τῆς
2337 1626 2595 1691 διανοίαςς
2633 1613 3038 1694 είρονευόμενοί
3090 1639 3146 1674 τε
3192 1621 3288 1674 καὶ
3335 1608 3754 1679 ὑποθωπεὺοντις

2201 1717 2340 1770 αὑτά
2380 1718 2479 1787 μὲν
2510 1716 2701 1786 ὥσπερ
2733 1706 3104 1784 ἐπικεφαλὴν
3128 1711 3376 1765 ὼσθέντα
3417 1711 3469 1742 ⁸³
3513 1713 3580 1779 τῇ
3610 1708 3756 1780 βλάϐῃ

2199 1811 2604 1881 περιφρονεῖτε,
2630 1809 2758 1878 ὑμῖν
2778 1806 2835 1860 δὲ
2852 1806 3036 1869 αὑτοῖς
3062 1805 3123 1858 τὸ
3140 1802 3412 1866 λυσιτελὲς
3438 1801 3752 1871 ἐκπορίζετε.

2211 1901 2372 1955 Ἀλλά
2403 1902 2512 1972 γὰρ
2553 1900 2648 1956 καὶ
2689 1901 2850 1970 ὑμεῖς
2884 1899 2934 1951 οί
2986 1897 3246 1968 πρέσϐεις
3293 1897 3655 1965 ἠμφιεσμένοι
3705 1892 3755 1943 τὸ

2199 1993 2394 2062 ψεῦδος
2414 1975 2588 2063 κῆἶιετε
2621 1992 2697 2054 ὼς
2731 1991 2852 2061 ἐμὲ,
2877 1990 2972 2043 καὶ
2994 1990 3023 2042 ὁ
3049 1989 3266 2051 στείλας
3298 1988 3443 2057 ὑμᾶς
3471 1986 3569 2057 οὑχ
3588 1986 3754 2053 ἥκιστα

2198 2082 2446 2157 πέφυκεν
2475 2083 2749 2139 ἀπατεὼν.
2768 2083 2878 2137 Καὶ
2900 2083 3044 2152 ὑμᾶς
3071 2082 3166 2152 μὲν
3182 2079 3586 2150 διαχειρίσομαι
3603 2094 3755 2147 παραο

2203 2178 2393 2248 χρῆμα
2448 2177 2544 2230 καὶ
2604 2176 2705 2228 οὑκ
2753 2162 2809 2236 ἐς
2846 2162 3151 2243 ἀναϐολήντ
3190 2172 3398 2224 ὀθνεῖον
3453 2170 3569 2240 γάρ
3597 2186 3643 2221 τι
3683 2169 3755 2220 καὶ

2204 2270 2437 2338 ἔκφυλον
2481 2265 2774 2336 ψεύδεσθαι
2814 2263 3043 2333 Τούρκῳ
3088 2260 3264 2332 ἀνδρί.
3309 2260 3368 2314 ’0
3401 2260 3458 2312 δέ
3500 2258 3617 2312 καθ’
3641 2258 3755 2325 ὑμᾶς

2192 2362 2459 2432 ,βασιλεὺς
2491 2358 2696 2411 ἐκτίσει
2724 2373 2814 2426 μοι
2848 2355 3003 2417 δίκας
3032 2355 3088 2405 ἐν
3121 2354 3317 2418 δέοντι,
3368 2351 3501 2420 ἐμοὶ
3556 2349 3642 2420 μὲν
3686 2365 3761 2415 φι-

2206 2453 2327 2515 λίας
2359 2451 2591 2521 ἐχόμενα
2618 2448 3028 2516 διαλεγόμενος,
3062 2447 3170 2508 τοῖς
3190 2444 3247 2496 δέ
3277 2443 3341 2513 δὴ
3378 2441 3755 2511 Οὑαρχωνίταις

2207 2547 2323 2607 τοῖς
2352 2542 2647 2613 ἡμετέροις
2678 2526 2906 2603 δοῦλοις,
2941 2525 2959 2592 ι
2998 2537 3207 2608 (ἐδήλου
3237 2536 3297 2589 δὲ
3316 2535 3443 2598 τοὺς
3482 2531 3755 2603 Ἀσάρους).

2214 2654 2232 2685 ι
2283 2633 2650 2701 Ἀποδράσασι
2680 2631 2806 2694 τοὺς
2844 2629 3112 2690 δεσπότας
3155 2627 3449 2697 γενόμενος
3488 2624 3756 2683 ἔνσπονδος.

2198 2724 2275 2776 ιΟί
2318 2724 2427 2793 μὲν
2451 2723 2851 2793 Οὑαρχωνῖται,
2882 2717 2978 2772 ἅτε
3005 2718 3261 2786 κατήκοοι
3309 2715 3591 2785 Τοὺρκων,
3629 2712 3758 2780 ἡνίκα

2217 2813 2501 2883 βούλομαι,
2542 2811 2618 2873 ὡς
2665 2809 2765 2879 ἐμὲ
2811 2807 3001 2878 ἥξουσι
3035 2822 3049 2838 ο
3092 2808 3187 2858 καί
3215 2805 3331 2871 εἴγε
3371 2805 3471 2874 τὴν
3529 2803 3640 2857 κατ’
3682 2800 3757 2867 ἐμὲ

2219 2906 2445 2959 ἱππείαν
2489 2903 2856 2973 ἐσαθρὴσουσι
2891 2899 2939 2932 δι
2969 2898 3212 2977 μάστιγα
3247 2896 3323 2960 ὼς
3356 2896 3558 2957 αὐτοὺς
3587 2895 3756 2960 ἐκπιμ-

543 2978 701 3049 163
740 2979 1001 3034 terminos
1056 2979 1188 3034 mihi
1242 2991 1443 3049 paret:
1478 2981 1651 3047 vobis,
1701 2997 1734 3036 ο
1783 2981 1988 3045 miseri,
2040 2981 2109 3036 ob

2216 2996 2461 3064 φθεῖσαν,
2501 2996 2555 3054 ἐς
2586 2994 2655 3046 τὰ
2696 2984 2984 3046 κατώτατα
3006 2990 3290 3059 φεύξονται
3324 2988 3426 3057 τῆς
3456 2987 3570 3056 γῆς
3597 3003 3610 3017 ·
3640 2986 3758 3039 ἀντι-

539 3072 723 3126 oculos
773 3072 954 3141 ponite
987 3070 1278 3127 Alanorum
1329 3083 1540 3143 gentem
1594 3085 1757 3144 atque
1808 3074 2109 3145 Utigorum.

543 3161 627 3229 lli,
657 3162 852 3232 insigni
878 3161 1193 3219 fortitudine
1213 3171 1268 3218 et
1294 3166 1519 3219 audacia
1538 3166 1746 3233 praediti
1775 3175 1829 3221 et
1858 3166 2115 3221 domesu-

543 3257 621 3309 cis
649 3256 820 3324 copiis
859 3254 1006 3322 freti,
1041 3269 1231 3311 contra
1279 3256 1530 3311 invictam
1556 3256 1859 3312 Turcorum
1901 3268 2111 3327 gentem

542 3340 659 3395 acie
686 3343 989 3409 congressi,
1041 3343 1173 3396 nihil
1205 3343 1497 3412 quidquam
1527 3360 1738 3406 eorum,
1766 3361 1885 3414 qua:
1926 3362 2115 3416 spera-

541 3442 751 3494 verant,
783 3434 1059 3486 consecuti
1080 3441 1235 3496 sunt,
1278 3434 1371 3488 sed
1443 3435 1597 3489 nobis
1632 3445 1846 3504 parent,
1902 3448 2121 3494 nostro-

549 3536 778 3590 rumque
811 3536 1093 3576 servorum
1125 3537 1353 3579 numero
1381 3525 1668 3581 habentur.
1710 3544 1731 3579 ι

2221 3088 2509 3148 ϐλέποντες
2533 3085 2591 3137 δέ
2628 3086 2787 3155 ἡμῖν,
2817 3083 2893 3146 ὼς
2940 3081 3105 3145 είκδς,
3146 3082 3207 3135 οὐ
3240 3080 3658 3150 φονευθήσονται
3700 3073 3759 3137 ξί-

2220 3196 2366 3247 φεσι,
2395 3178 2593 3248 μᾶλλον
2624 3177 2721 3247 μέν
2750 3170 2846 3229 οὖν
2872 3177 2994 3238 ταῖς
3025 3174 3218 3235 ὁπλαῖς
3246 3169 3760 3241 καταπατηθήσοντσι

2220 3270 2330 3324 τῶν
2369 3270 2654 3341 ἡμετέρων
2699 3268 2904 3331 ἵππων,
2946 3266 3041 3320 καὶ
3079 3251 3234 3335 δίκήν
3268 3262 3599 3317 ἀπολοῦνται
3651 3274 3760 3330 μιιρ⁸

2227 3365 2443 3435 μήκων.
2477 3364 2588 3418 Καὶ
2614 3362 2745 3434 περὶ
2780 3361 2878 3432 μὲν
2901 3360 3008 3414 τῶν
3041 3359 3433 3430 Οὑαρχωνιτῶν
3460 3358 3635 3411 ταῦτα
3662 3354 3761 3422 ὑμῖν

2220 3456 2280 3507 ἐν
2332 3453 2555 3524 βεϐαίῳ.
2604 3454 2796 3523 Ὑμεῖς
2847 3452 2926 3518 δέ,
2985 3447 3031 3506 ὦ
3072 3452 3352 3521 Ῥωμαῖοι,
3391 3450 3447 3503 τί
3493 3450 3632 3519 δῆτα
3679 3447 3760 3513 ἄρα

2223 3546 2351 3609 τοὺς
2379 3545 2499 3598 κατ’
2530 3546 2630 3616 ἐμὲ
2663 3546 2922 3616 πρέσϐεις
2946 3545 3036 3599 διὰ
3084 3544 3179 3598 τοῦ
3225 3543 3529 3599 Καυκάσου
3559 3542 3764 3607 660mg-

2136 3640 2141 3669 ι
2229 3636 2417 3699 οῦντες
2451 3638 2540 3689 ἐπὶ
2573 3637 2633 3690 τὸ
2659 3638 2955 3703 Βυζάντιον
2988 3638 3170 3706 ἄγετε,
3222 3638 3298 3701 ὡς
3351 3636 3449 3706 ἐμὲ
3499 3636 3766 3704 φάσκοντες

551 3714 627 3788 μὴ
654 3712 795 3771 εἶναι
828 3716 1022 3788 ἑτέραν
1070 3716 1337 3788 ἀτραπὸν,
1397 3716 1465 3771 δι’
1517 3711 1586 3790 ἦς
1637 3719 1825 3785 αὐτοῖς
1878 3698 2032 3779 ἔσται
2090 3728 2122 3798 ἡ
2193 3730 2432 3800 πορείας
2499 3728 2686 3783 Ταῦτα
2716 3698 2772 3782 δέ
2816 3698 3596 3797 ἐπιτελεῖτεξώςνάπείποίμι
3629 3727 3670 3761 ⁵⁸
3701 3723 3768 3774 ﬁli

546 3811 646 3874 τὰς
673 3810 979 3882 δυσχωρίας
1012 3811 1296 3866 ἐπιθέσθαι
1329 3814 1397 3883 τῇ
1439 3811 1729 3884 Ῥωμαίων
1776 3819 2122 3890 ἐπικρατείᾳ.
2165 3821 2312 3894 Πλὴν
2343 3823 2518 3892 ἔγωγε
2585 3823 2945 3894 ἐξεπίσταμαι
3019 3821 3163 3894 μάλα
3200 3819 3444 3891 ἀκριϐῶς
3492 3821 3619 3873 ὅποι
3659 3833 3709 3868 τε
3749 3814 3770 3864 ὁ

547 3892 824 3973 Δάναπριξ
854 3904 1119 3973 ποταμὸς,
1172 3906 1235 3958 οὑ
1269 3905 1375 3976 μὴν
1425 3905 1564 3960 ἀλλά
1619 3908 1717 3962 καὶ
1756 3910 1975 3981 Ἴστρος
2004 3911 2133 3967 ἔνθα
2180 3892 2472 3986 καταρρεῖ,
2500 3916 2596 3969 κα)⁵
2625 3916 2712 3969 ἴνα
2744 3917 2773 3969 ὁ
2837 3892 3060 3986 Ἔὸρος,
3095 3914 3291 3968 ὁπόθεν
3343 3930 3409 3965 τε
3466 3906 3770 3983 ἐπεραιώθη-

552 4015 651 4053 σαν
706 4000 763 4058 ἐς
810 3998 918 4070 τὴν
968 3998 1284 4070 Ῥωμαϊκὴν
1338 4000 1402 4053 τδ
1452 4002 1721 4071 ἡμέτερον
1772 4004 2013 4059 δουλικὸν
2073 4010 2122 4061 oi
2197 4009 2594 4080 Οὑαρχωνῖται.
2665 4009 2779 4062 Οὑκ
2834 4007 3013 4076 ἀγνοῶ
3056 4008 3157 4078 τὴν
3201 4005 3323 4060 καθ’
3360 4006 3506 4075 ὑμᾶς
3559 4004 3769 4070 δύναμιν.
3820 3996 3825 4003 ’

561 4091 714 4160 Ἐμοὶ
740 4092 848 4160 γὰρ
891 4091 1241 4145 ὑποκέκλιται
1287 4095 1436 4147 πᾶσα
1481 4095 1516 4164 ὴ
1545 4094 1642 4164 γῆ,
1679 4095 1955 4167 ἀρχομένη
1990 4097 2089 4168 μὲν
2120 4101 2184 4153 ἐκ
2208 4100 2317 4153 τῶν
2339 4099 2434 4152 τοῦ
2461 4100 2613 4172 ἡλίου
2638 4100 2871 4172 πρώτων
2930 4100 3187 4162 ἀκτίνων,
3229 4096 3613 4164 καταλήγουσα
3634 4093 3683 4145 δέ
3727 4083 3772 4138 ἐς

550 4180 862 4251 τὰεπέρατα
907 4181 1009 4251 τῆς
1048 4183 1306 4253 ἑσπέρας.
1355 4184 1747 4256 Ἐσαθρήσατε,
1801 4180 1846 4239 ὧ
1912 4187 2157 4255 δείλαιοι,
2194 4192 2287 4244 τὸτ’
2327 4191 2585 4245 Ἀλανικά
2630 4190 2782 4262 ἔθνη,
2842 4189 2921 4244 ἔτι
2990 4206 3055 4257 γε
3092 4188 3199 4260 μὴν
3237 4189 3332 4241 καὶ
3389 4187 3457 4239 τά
3502 4186 3646 4254 φῦλα
3690 4179 3771 4234 τῶν

550 4275 897 4347 Οὑτιγοὺρων
945 4276 1014 4342 ⁸⁸,
1063 4277 1117 4330 οῖ
1137 4293 1201 4346 γε
1243 4278 1336 4331 ἐπὶ
1394 4280 1528 4363 πολὺ
1561 4281 1853 4352 θαρραλέοι
1897 4283 1957 4334 τέ
2012 4300 2157 4348 τινες
2196 4284 2350 4347 ὄντες
2417 4287 2512 4339 καὶ
2555 4288 2621 4358 τῇ
2675 4286 2852 4356 οἰκείᾳ
2909 4288 3124 4337 πίσυνοι
3171 4281 3399 4350 δυνάμει
3446 4276 3774 4341 ἀντετάξαντο

555 4371 652 4440 μέν
677 4369 756 4441 τῷ
778 4370 1120 4443 ἀκαμαχήτῳ
1141 4372 1250 4425 τῶν
1287 4373 1564 4443 Τούρκων,
1611 4376 1713 4428 οὑκ
1781 4377 2073 4431 ἀπώναντο
2106 4378 2163 4432 δὲ
2200 4380 2310 4435 τῶν
2347 4381 2599 4436 ἐλπίδων.
2660 4379 2848 4453 Ταύτῃ
2881 4395 2962 4432 τοι
2997 4378 3090 4431 καὶ
3138 4374 3505 4430 ὑπακούουσιν
3566 4376 3688 4445 ἡμῖν
3721 4367 3774 4431 ⁸⁷,

552 4468 650 4522 καὶ
676 4470 732 4520 ἐν
759 4468 927 4538 μοίρᾳ
958 4468 1328 4539 καθεστήκασι
1353 4468 1563 4523 δούλου.
2712 4492 2717 4497 ν
3658 4468 3665 4475 ’

630 4556 757 4611 Haec
808 4553 1161 4610 Turx’anthus
1213 4571 1335 4610 cum
1384 4571 1580 4627 magno
1628 4556 1771 4614 fastu
1806 4556 2039 4626 iactavit
2074 4570 2123 4616 et

2206 4596 2207 4599 η
2303 4556 2552 4612 Τοσαῦτα
2611 4557 2708 4627 μὲν
2737 4551 2830 4610 οὖν
2875 4553 2954 4625 τῷ
2977 4571 2987 4617 ς
3005 4552 3330 4627 Τουρξάνθῳ
3386 4551 3775 4621 ἐκεκόμπαστο“

555 4645 779 4711 eﬂ'udit;
813 4656 932 4700 erat
960 4646 1105 4700 enim
1140 4646 1306 4701 homo
1334 4661 1486 4701 vanae
1513 4648 1697 4716 gloriae
1730 4649 1956 4719 cupidus
1986 4666 1999 4703 :
2040 4652 2123 4705 cui

2226 4651 2508 4721 ὑψαγόρας
2535 4650 2643 4718 γάρ
2683 4666 2767 4712 τις
2795 4647 2933 4719 ἀνὴρ
2960 4645 3054 4700 καὶ
3080 4644 3368 4714 ἀλαζονείᾳ
3405 4644 3638 4714 χαίρων.
3666 4639 3721 4690 '0
3736 4637 3780 4689 δὲ

557 4734 880 4791 Valentinus
908 4736 983 4791 ita
1012 4736 1290 4806 respondit
1321 4753 1336 4792 :
1377 4754 1397 4791 ι
1429 4736 1541 4793 Nisi
1574 4740 1957 4810 gravissimum
1991 4741 2131 4796 foret

559 4836 610 4883 et
642 4824 877 4882 max‘ime
909 4827 1220 4894 nefandum,
1258 4843 1291 4883 ο
1316 4828 1615 4884 Turcorum
1649 4831 1775 4897 dux,
1804 4839 1858 4886 et
1892 4832 2133 4901 qualibet

558 4927 732 4976 morte
779 4919 1138 4989 perniciosus,
1190 4936 1290 4975 nos
1324 4936 1352 4975 a
1398 4930 1452 4976 te
1489 4922 1687 4987 occidi,
1727 4939 1789 4977 cx
1836 4938 1943 4993 quo
1990 4940 2131 4977 nun-

558 5027 719 5081 quam
756 5011 1041 5067 interitura
1092 5012 1230 5081 apud
1270 5026 1459 5067 omnes
1504 5014 1749 5069 homines
1794 5026 1844 5069 te
1890 5026 2133 5069 maneret

559 5101 805 5167 infamia,
840 5109 898 5157 et
935 5116 1042 5170 quo
1089 5101 1232 5156 facto
1282 5112 1336 5156 tu
1388 5101 1601 5158 facinus
1649 5095 2129 5173 nunquam‘antea

559 5193 910 5250 commissum
948 5206 1134 5259 ausus,
1165 5193 1210 5249 si
1255 5192 1457 5265 legatos
1505 5208 1748 5259 necares,
1779 5209 1837 5248 re
1868 5196 1979 5263 ipsa
2015 5209 2131 5249 om-

559 5286 722 5343 nibus
741 5290 934 5342 notum
983 5293 1346 5355 testatumque
1376 5285 1732 5354 relinqueres,
1774 5286 1916 5355 quod
1947 5284 2129 5339 auditu

661 5486 706 5523 “
765 5491 1039 5563 κέχρησθε
1100 5490 1191 5557 Η.,
1245 5492 1545 5563 κεχρῆσθαι
1587 5493 1744 5614 avulg.

663 5576 714 5614 ε.
793 5562 841 5593 ⁸⁸
871 5562 1253 5614 ἐσαθοοίσουσι
1288 5563 1432 5614 vuln.
1509 5562 1554 5595 ⁸⁸
1588 5563 1692 5614 ἀπε
1724 5580 1744 5613 τ

567 5560 714 5633 vulg.
793 5560 1253 5633 ’ξίήέσαθροέσουσι
1288 5560 1432 5633 vulg.
1509 5562 1554 5595 ⁸⁸
1588 5560 1813 5615 ἀπείποι

2226 4743 2577 4805 Οὑαλεντϊνος
2590 4741 2841 4812 ἀκηκοὼς
2864 4739 3045 4807 ἔλεξεν
3082 4732 3209 4793 ὧδεσ
3246 4756 3266 4789 ι
3296 4738 3362 4791 Ei
3387 4736 3463 4808 μὴ
3482 4733 3780 4807 χαλεπώτα-

2224 4837 2317 4889 τόν
2341 4853 2456 4900 πως
2487 4835 2580 4887 καὶ
2604 4833 2826 4903 ἀνιαρὸν
2843 4833 3108 4903 ὑπῆρχεν,
3132 4824 3177 4882 ὦ
3210 4829 3468 4899 Τούρκων
3499 4820 3781 4910 ᾐγεμὼν⁸⁸ο

2227 4928 2322 4980 καὶ
2356 4926 2555 4989 παντὸς
2594 4924 2982 4994 όλεθριώτερον
3013 4922 3243 4977 θανάτου
3274 4921 3336 4973 τὸ
3378 4919 3635 4973 τεθνάναι
3659 4913 3783 4985 ἡμᾶς

2226 5016 2333 5068 ὑπὸ
2365 5015 2481 5080 σοῦ’,
2514 5013 2695 5079 ζῶσαν
2721 5013 2776 5065 δὲ
2809 5013 2960 5083 παρά
3005 5013 3175 5066 πᾶσιν
3203 5008 3513 5079 ἀνθρώποις
3569 5006 3667 5076 τὴν
3704 5018 3786 5054 κα·

2238 5106 2502 5176 κηγορίαν
2555 5106 2940 5173 περινοστεῖν·
2990 5103 3086 5154 καὶ⁵
3158 5101 3319 5153 τοῦτο
3375 5099 3440 5170 δὴ
3474 5098 3551 5168 μὴ
3583 5095 3785 5148 πώποτε

2238 5194 2502 5267 πραχθὲν,
2535 5190 3027 5263 καινοτομούμενον
3050 5191 3101 5222 ⁸⁸
3133 5191 3239 5244 ὑπὸ
3292 5189 3412 5253 σοῦ,
3484 5190 3551 5258 τῇ
3607 5183 3787 5255 πράξει

2237 5287 2334 5356 τὴν
2382 5285 2688 5357 μαρτυρίαν
2717 5283 3125 5354 διασαφηνίζειν
3163 5280 3410 5351 ἔμελλεν,
3438 5280 3514 5343 ὡς
3542 5279 3786 5331 ἀπέκτει-

1882 5396 2111 5453 VARle
2145 5382 2548 5455 LECTIONES.

1854 5491 2307 5564 δὈὑαρχωνίτας
2361 5492 2453 5561 Ν.,
2516 5494 2677 5564 ὄντας
2716 5494 2863 5564 vulg.

2967 5490 3014 5524 ⁸³
3070 5491 3314 5546 ὼσθέντα
3368 5489 3463 5553 H.,
3520 5488 3591 5548 ὡς
3648 5481 3793 5553 (liv?!

1822 5580 1883 5634 μι
1927 5550 2108 5625 νει.’,“
2138 5563 2206 5615 ἂν
2258 5550 2467 5633 εἶποιρίι
2516 5550 2671 5634 vulg:
2739 5564 2784 5594 “
2811 5550 3163 5631 ’ὂὺνιγούρων
3214 5562 3362 5633 vulg.
3439 5550 3485 5590 "
3513 5557 3635 5627 ὑμῖν
3663 5550 3792 5618 vulg.

571 5627 618 5658 “
654 5627 857 5699 ἤγεμδν
884 5627 1027 5701 conj.
1066 5631 1124 5685 Β.
1204 5635 1248 5664 δ’
1278 5627 1763 5701 καιιῖοτομούμενον
1798 5627 1886 5696 ll.,
1917 5627 2560 5702 καινοτοιιούμενονιιιιε.
