4006 6214
329 248 434 308 90⁷»

1111 229 1206 296 DE
1250 233 1812 294 LEGATIONIBUS
1853 232 2341 294 ROMANORUM
2379 235 2478 293 AD
2512 232 2823 293 GENTES.

3475 236 3579 299 906

331 371 426 416 νας
479 350 676 420 ἄνδρας
725 345 1006 415 πρέσϐεις,
1065 345 1159 398 καὶ
1206 344 1266 396 τὸ
1329 346 1395 413 τῇ
1441 345 1577 414 ἀκοῇ
1631 343 1723 396 καὶ
1778 345 1913 414 μόνῃ

2022 342 2134 410 ipso
2170 344 2518 407 horrendum,
2556 343 2696 399 tacto
2735 346 2891 416 longe
2920 343 3233 400 horribilius
3265 356 3316 400 et
3340 349 3580 405 detesta-

332 443 560 517 φοϐερὸν
587 442 735 511 ἔργῳ
773 437 1117 508 δειχθήσεται
1159 435 1537 506 φοϐερώτερον
1564 451 1578 463 ⁸
1634 435 1902 506 εὐξαίμην

330 539 398 592 ἂν
442 533 520 604 τῷ
544 531 685 586 κατὰ
719 531 778 582 σὲ
816 529 962 595 ξίφει
990 529 1230 598 τήμερον
1271 527 1371 596 τὴν
1400 528 1718 608 τελευταίαν
1753 528 1902 586 ἰδεῖν,

329 616 487 681 τοῦτο
514 623 611 694 μὲν
633 618 962 690 ψευδολογίᾳ
984 618 1194 687 χαίρειν
1228 617 1480 686 ἀκηκοὼς
1513 619 1605 670 τὸν
1651 617 1770 670 κατ’
1807 619 1905 686 ἐμὲ

337 717 582 791 βασιλέα,
613 713 772 767 τοῦτο
804 711 862 764 δὲ
902 709 1266 779 ψευδομένους
1291 708 1440 778 αὐτῷ
1466 711 1590 773 τοὺς
1626 708 1903 779 πρέσϐεις.

335 811 427 864 Διὸ
456 810 520 879 δὴ
549 803 950 875 ὲκλιπαροῦμεν
989 802 1290 872 πραότερον
1343 803 1478 871 ἡμῖν
1532 801 1900 872 προσϐλέψαι,

340 906 436 956 καὶ
477 898 751 968 ὑποχαλᾷν
778 895 876 964 τῆς
901 893 1092 963 ὀργῆς,
1123 893 1214 945 καὶ
1247 893 1306 945 τὸ
1337 891 1454 944 λίαν
1485 891 1754 962 ὀξύθυμον
1786 892 1908 961 φιλ-

342 990 614 1063 ανθρώπῳ
655 983 1111 1055 καταμαλάττειν,
1145 981 1225 1034 ἔτι
1274 999 1337 1051 γε
1369 982 1476 1053 μὴν
1503 981 1581 1052 τῷ
1614 982 1776 1052 κοινῷ
1801 982 1909 1035 τῶν

346 1082 626 1152 πρέσϐεων
679 1076 962 1131 πείθεσθαι
1021 1074 1193 1144 νόμῳ.
1268 1075 1501 1144 Εἰρήνης
1581 1075 1686 1146 γάρ
1744 1076 1911 1144 ὲσμεν

343 1174 592 1245 ἐργάται,
623 1171 718 1224 καὶ
753 1168 1095 1240 πραγμάτων
1122 1167 1286 1220 ὁσίων
1319 1165 1514 1236 ταμίαι
1554 1166 1598 1198 ⁸⁸
1623 1165 1903 1236 ’καθεστή-

343 1279 538 1330 καμεν.
603 1261 814 1322 Ἄλλως
840 1275 900 1311 τε
934 1257 1014 1309 δεῖ
1062 1273 1122 1309 σε
1154 1257 1248 1309 καὶ
1277 1257 1374 1326 τῆς
1404 1255 1662 1327 πατρῴας
1711 1255 1910 1326 κληρο-

342 1354 610 1423 νομοῦντα
635 1352 738 1420 γῆς
765 1368 825 1404 τε
861 1352 951 1402 καί
982 1350 1149 1420 τύχης
1180 1351 1272 1401 καὶ
1315 1349 1442 1411 τοὺς
1490 1347 1774 1419 πατρῴους
1799 1349 1912 1401 δια-

339 1444 585 1515 δέχεσθαι
643 1443 846 1510 φίλους,
891 1441 982 1493 καὶ
1064 1440 1257 1510 ὥσπερ
1308 1438 1558 1510 ἡγεῖσθαι
1586 1441 1678 1492 καὶ
1720 1439 1912 1500 αὐτοὺς

342 1539 524 1606 κτῆμα
545 1532 800 1604 πατρῷον
828 1529 991 1599 εἶναι,
1037 1533 1195 1586 ὁπότε
1232 1533 1328 1586 καὶ
1381 1521 1725 1597 Διλζίϐουλος
1754 1534 1782 1584 ὁ
1807 1547 1911 1583 πα-

342 1631 446 1699 τὴρ
493 1630 519 1680 ὁ
575 1627 687 1689 σὸς,
754 1625 1055 1695 αὐθαίρετα
1115 1621 1480 1694 προσδραμὼν
1512 1625 1578 1694 τῇ
1613 1624 1736 1676 καθ’
1767 1623 1915 1691 ἡμᾶς

2012 434 2169 486 hil‘ms
2217 445 2536 503 appareret;
2584 451 2685 506 ego
2731 438 2816 491 hic
2847 451 2977 492 ense
3003 447 3093 492 tuo
3124 439 3384 508 trajectus
3419 454 3579 509 opta-

2013 537 2122 575 rem
2151 533 2448 578 extremum
2497 525 2634 578 diem
2685 525 2884 590 videre,
2928 541 3047 579 cum
3097 528 3259 582 audio
3298 544 3324 582 a
3365 540 3415 585 te
3455 532 3580 598 dici,

2013 624 2124 667 tum
2159 615 2539 684 imperatorem
2573 626 2818 670 nostrum
2845 620 3127 672 mendacio
3152 619 3425 685 delectari,
3465 631 3576 676 tum

2013 721 2110 759 nos
2149 706 2358 776 legatos
2382 705 2516 775 ejus.
2550 706 2738 776 Itaque
2775 718 2823 761 te
2854 710 3123 778 supplices
3156 725 3380 766 oramus
3414 721 3580 782 atque

2012 798 2372 863 obtestamur,
2424 808 2480 852 ut
2531 813 2627 852 nos
2676 799 2917 868 benignis
2970 802 3143 856 oculis
3197 803 3477 866 intuearis,
3530 818 3585 858 et

2015 898 2118 942 tuze
2146 887 2238 942 ira:
2266 889 2479 943 modum
2511 889 2738 956 faciens,
2786 891 3117 945 acerbiorem
3149 893 3313 948 animi
3359 895 3430 948 tui
3466 911 3582 948 mo~

2015 988 2126 1033 tum
2161 980 2412 1049 aequitate
2460 990 2514 1034 et
2560 982 2890 1037 humanitate
2935 983 3146 1053 mitiges
3197 994 3251 1038 et
3294 986 3492 1055 places,
3531 998 3584 1040 et

2015 1073 2140 1142 legi,
2175 1086 2295 1141 quae
2328 1080 2703 1128 sacrosanctos
2747 1073 2948 1143 legatos
2976 1089 3097 1131 esse
3143 1079 3440 1142 constituit,
3494 1096 3586 1148 pa-

2015 1178 2156 1219 reas.
2194 1164 2394 1219 Sumus
2435 1165 2576 1219 enim
2626 1165 2771 1233 pacis
2803 1167 3032 1222 ministri
3076 1177 3129 1223 et
3181 1172 3386 1225 sanctis
3428 1173 3586 1227 rebus

2019 1256 2395 1324 dispensandis
2419 1270 2737 1326 prtesumus.
2771 1257 2945 1324 Atque
2971 1259 3133 1312 etiam
3166 1277 3286 1315 cum
3320 1265 3390 1315 tui
3421 1265 3587 1331 patris

2015 1355 2191 1400 morte
2233 1344 2347 1412 ejus
2383 1345 2532 1416 regni
2563 1355 2617 1400 et
2645 1346 2884 1400 omnium
2918 1346 3250 1402 fortunarum
3299 1353 3588 1405 Itazreditas

2018 1437 2084 1490 ad
2115 1445 2164 1489 te
2197 1437 2522 1505 pervenerit,
2555 1445 2809 1506 paternos
2827 1452 3039 1507 quoque
3068 1439 3293 1504 amicos,
3332 1451 3584 1510 [aliquam

2019 1536 2295 1595 paternam
2347 1528 2763 1596 possessionem,
2813 1517 2904 1580 tibi
2959 1544 3023 1583 ex
3062 1531 3179 1598 ejus
3239 1537 3583 1587 successione

2017 1616 2306 1671 obvenisse
2348 1618 2643 1683 existimes
2697 1626 2926 1687 oportet.
2991 1619 3200 1674 Etenim
3264 1633 3417 1692 pater
3468 1636 3590 1678 mus

342 1687 606 1786 πόλιτείᾳ,
647 1687 734 1767 Et:
789 1687 1172 1784 (ptioptbttatog'
1225 1687 1427 1782 μάλλον
1486 1687 1914 1783 ἢηφιλοπέρτσης

2022 1718 2210 1778 sponte
2259 1725 2353 1763 sua
2403 1709 2470 1764 ad
2507 1719 2704 1764 nostrae
2742 1710 3047 1780 reipublicae
3082 1712 3376 1766 amicitiam
3401 1730 3588 1770 accur-

341 1806 706 1878 ἡσπάσατο⁵¹.
763 1806 1056 1876 Μεμένηκε
1085 1803 1373 1874 τοιγαροῦν
1405 1805 1535 1874 ὑμῖν
1567 1805 1612 1837 ⁵⁸
1661 1805 1727 1857 τὰ
1759 1803 1851 1856 τοῦ
1868 1803 1914 1834 ⁸³

343 1901 464 1952 καθ’
495 1900 640 1968 ἡμᾶς
675 1897 804 1968 ἄχρι
849 1899 945 1950 καὶ
986 1897 1080 1949 νῦν
1127 1896 1382 1966 ἄφθαρτά
1404 1913 1462 1949 τε
1488 1899 1583 1949 καὶ
1620 1894 1910 1956 ἀσάλευτα,

346 1994 436 2044 καὶ
463 1991 528 2062 δὴ
550 1991 647 2060 τῆς
677 1990 848 2057 αὐτῆς
877 1991 1123 2059 ἐχόμενοι
1175 1988 1584 2058 φιλοφροσύνης
1641 1986 1916 2042 διατελοῦ-

350 2102 445 2153 μεν
477 2075 655 2153 ἡμεῖς.
693 2082 806 2134 Οὐκ
849 2083 1022 2145 ἄλλως
1084 2082 1139 2134 δὲ
1190 2082 1285 2135 καὶ
1342 2081 1412 2134 τὰ
1467 2081 1590 2134 καθ’
1653 2081 1818 2152 ὑμᾶς,
1856 2078 1914 2132 εὖ

350 2167 494 2234 οῖδα,
539 2169 614 2239 τῷ
663 2170 863 2241 βεϐαίῳ
909 2173 1195 2242 στήσεται·
1247 2167 1513 2241 ὀρθότατα
1537 2172 1584 2204 ⁸³
1643 2175 1751 2240 γὰρ
1797 2167 1916 2224 διὰ-

351 2278 468 2314 νοια
503 2263 916 2334 προσφερομένη
953 2263 1086 2334 πρὸς
1126 2263 1218 2316 τὸν
1253 2261 1442 2330 πέλας,
1472 2265 1563 2316 καὶ
1599 2255 1674 2334 μὴ
1723 2265 1919 2334 ἐκτρα-

352 2360 516 2408 πείσα
569 2355 662 2408 τοῦ
712 2355 1034 2426 πρέποντος,
1091 2356 1190 2408 οὐκ
1263 2355 1785 2427 ἀγνωμονηθήσεται
1841 2356 1918 2424 τῷ

354 2449 538 2519 ἀδήλῳ
563 2448 610 2480 ⁵⁵
638 2447 739 2518 τῆς
767 2447 945 2518 ψυχῆς
1003 2447 1048 2480 ⁸⁸
1114 2447 1541 2518 ἀνταλλάγμοιτι.
1595 2466 1611 2498 ι
1662 2447 1816 2501 Οὕτω
1863 2447 1919 2500 δὲ

351 2540 707 2595 Οὐαλεντίνου
781 2540 1100 2610 εἰρηκότος,
1152 2542 1181 2594 ὁ
1237 2540 1575 2610 Τούρξανθος
1639 2541 1776 2610 ἔφη,
1845 2543 1918 2605 ὡς

356 2652 375 2684 ι
417 2630 545 2684 Δέον
578 2633 721 2702 ὑμᾶς
770 2631 1004 2686 ἐνταῦθα
1025 2632 1378 2702 ἀφιγμένους,
1420 2625 1478 2699 ιῶ
1524 2633 1805 2703 Ῥωμαῖοι.
1862 2635 1919 2686 ἐν

355 2725 599 2794 μεγίστῳ
667 2740 728 2776 τε
774 2723 958 2776 πένθει
1001 2723 1258 2794 εὑρόντας
1303 2725 1401 2793 ἐμὲ
1465 2723 1780 2795 (ἀρτιθανὴς
1811 2726 1920 2795 γάρ

355 2835 446 2888 μοι
494 2812 832 2879 Διλζίδουλος
862 2815 1144 2885 ὁπατὴρ),
1183 2817 1615 2887 καταχαράττειν
1650 2818 1717 2870 τὰ
1749 2817 1916 2888 πρόσ-

351 2925 474 2961 ωπα
555 2911 678 2971 ταῖς
735 2911 1058 2979 μαχαίραις,
1116 2906 1415 2977 ἑπομένους
1486 2910 1560 2980 τῷ
1616 2911 1743 2980 παρ’
1791 2912 1920 2981 ἡμῖν

2021 1815 2165 1864 rens,
2221 1801 2392 1869 magis
2434 1800 2799 1856 Romanorum
2831 1803 3058 1868 amictts,
3107 1819 3266 1872 quam
3300 1803 3585 1859 Persarum

2017 1909 2137 1950 esse
2165 1895 2436 1964 cupiebat.
2468 1895 2651 1966 Itaque
2684 1906 2738 1951 et
2776 1897 2926 1952 vobis
2956 1897 3161 1954 ftedera
3210 1900 3485 1955 nobiscmn
3521 1903 3588 1956 ad

2021 1989 2122 2043 hoc
2172 2004 2340 2057 usque
2383 1999 2590 2057 tempus
2647 1990 2909 2044 inviolata
2962 1993 3266 2057 manebant,
3302 2003 3354 2048 et
3390 2010 3486 2047 nos
3538 1996 3588 2048 in

2021 2081 2205 2134 eadem
2242 2073 2629 2136 benevolentiae
2659 2079 2929 2136 voluntate
2965 2093 3290 2151 perstamus.
3325 2083 3429 2140 Vos
3452 2100 3589 2154 quo-

2021 2189 2124 2241 que
2159 2173 2209 2226 in
2239 2188 2335 2226 nos
2366 2173 2552 2226 eodem
2587 2174 2767 2227 animo
2798 2184 3239 2243 perseveralut‘os
3269 2192 3387 2231 esse
3418 2178 3589 2230 Cottii-

2021 2263 2215 2316 dimus.
2251 2253 2384 2316 Nam
2418 2278 2541 2317 vera
2573 2264 2738 2317 animi
2772 2263 3031 2334 probitas,
3070 2282 3187 2335 quae
3220 2284 3490 2338 nunquam
3523 2271 3592 2322 ab

2023 2359 2247 2413 honesto
2299 2359 2591 2422 aberravit,
2641 2374 2743 2412 non
2799 2369 3016 2428 propter
3047 2361 3303 2415 incertam
3355 2363 3589 2431 aliquant

2016 2449 2202 2518 judicii
2258 2450 2608 2502 mutationem
2641 2447 2796 2502 ﬁdem
2825 2450 2991 2504 fallet.
3032 2470 3050 2503 ι
3077 2442 3200 2506 1-1ωο
3232 2451 3545 2507 Valentinus
3573 2471 3587 2516 ;

2023 2548 2072 2592 et
2104 2539 2468 2601 ‘l‘urxantbns,
2507 2556 2525 2588 ι
2562 2538 3023 2607 Quandoquidem,
3047 2557 3078 2595 ο
3102 2541 3354 2606 Romani,
3390 2544 3589 2614 inquit.

2026 2632 2127 2684 littc
2156 2632 2430 2685 venientes
2466 2645 2550 2684 me
2584 2630 2634 2683 itt
2672 2632 2906 2685 maximo
2942 2631 3083 2685 luctu
3120 2635 3471 2688 constitutum
3505 2633 3590 2686 of-

2025 2723 2270 2778 fendistis
2311 2721 2504 2792 (nuper
2559 2722 2701 2776 enim
2766 2726 2919 2791 pater
2975 2737 3125 2777 mens
3174 2735 3257 2779 est
3300 2725 3587 2794 mortuus),

2023 2829 2237 2887 oportet
2269 2832 2364 2873 vos
2394 2815 2562 2871 facies
2593 2825 2802 2870 vestras
2831 2815 3024 2886 gladiis
3062 2818 3336 2882 deradere,
3365 2827 3418 2870 et
3465 2817 3588 2886 legi,

2027 2925 2146 2981 qua:
2169 2909 2306 2978 apttd
2339 2922 2435 2962 nos
2463 2907 2514 2962 in
2549 2907 2712 2976 justis
2744 2917 3074 2998 mqrtuprum
3106 2907 3346 2971 invaluit,
3378 2910 3592 2963 obtent-

351 2997 445 3050 ἐπὶ
472 3000 582 3061 τοῖς
609 2998 898 3051 τεθνεῶσιν
931 2998 1167 3068 ἰσχύοντι
1210 2999 1380 3069 νόμῳ.
1423 3018 1440 3049 ι
1476 3001 1584 3053 Καὶ
1614 3002 1679 3070 δὴ
1721 3002 1916 3055 αὐτίκα

2027 3016 2234 3069 perare.
2274 3021 2291 3052 ι
2331 2997 2784 3056 Tum-confestim
2809 2965 3137 3053 \Valentinus
3169 3011 3219 3054 et
3260 3017 3446 3056 omnes
3499 3004 3590 3070 qui

352 3088 718 3153 Οὐαλεντῖνος,
755 3088 847 3141 καὶ
875 3088 988 3141 ὅσοι
1028 3104 1092 3154 γε
1123 3087 1270 3158 αὐτῷ
1298 3087 1763 3157 ἐπηκολούθησαν,
1808 3092 1920 3152 τοῖς

354 3178 534 3231 αὐτῶν
573 3177 851 3246 ξιφειδίοις
890 3176 1282 3246 διεχαράξαντο
1320 3178 1366 3208 ⁸⁷
1410 3179 1509 3240 τὰς
1556 3179 1695 3246 σφᾶς
1740 3178 1920 3231 αὐτῶν

354 3269 610 3338 παρειάς.
648 3269 779 3320 Τότε
814 3268 870 3321 δὲ
901 3269 958 3320 έν
1001 3270 1100 3340 μιᾷ
1129 3268 1239 3322 τῶν
1287 3269 1566 3339 πενθίμων
1595 3270 1778 3340 ἡμέρα
1809 3271 1921 3322 τέτ-

353 3369 525 3427 ταρας
607 3359 973 3428 δορυαλώτους
1056 3359 1296 3424 Οῧννους
1349 3361 1632 3430 δεσμώτας
1700 3363 1922 3430 ἀγαγὼν

355 3452 723 3521 κατοιχομένῳ
740 3451 841 3521 ἥδη
859 3452 935 3522 τῷ
965 3453 1132 3522 πατρὶ
1186 3453 1355 3523 (δόχια
1381 3453 1435 3506 δὲ
1463 3456 1525 3524 τῇ
1554 3455 1728 3525 οἰκεία
1754 3456 1924 3522 γλώτ-

355 3556 424 3610 τῃ
454 3541 912 3610 προσαγορεύουσι
940 3544 1007 3596 τὰ
1037 3544 1129 3596 ἐπὶ
1177 3547 1291 3607 τοῖς
1335 3543 1592 3596 τεθνεῶσι
1647 3544 1850 3613 νόμιμα
1878 3546 1920 3614 )ι
1953 3597 1960 3604 .

355 3631 574 3696 τούτους
636 3634 699 3703 δὴ
741 3629 832 3686 οὖν
873 3634 998 3696 τοὺς
1069 3635 1336 3699 δειλαίους
1399 3636 1457 3698 ὲς
1511 3636 1674 3704 μέσον
1702 3635 1924 3704 ἀγαγὼν

357 3724 472 3793 ἅμα
530 3727 643 3786 τοῖς
695 3722 968 3794 πατρῴοις
1030 3726 1236 3790 ἵπποις,
1280 3728 1345 3797 τῇ
1405 3726 1663 3798 βαρϐάρῳ
1742 3729 1923 3779 ἐνεκε-

354 3813 540 3867 λεύετο
572 3817 721 3885 φωνῇ
753 3818 930 3868 ἐκεῖσε
961 3816 1213 3871 ἀπιοῦσιν
1236 3816 1554 3885 ἀναγγεῖλαι
1600 3817 1925 3886 Διλζιϐούλῳ

351 3906 430 3976 τῷ
488 3907 680 3978 πατρὶ,
722 3908 929 3978 ὁπόσην
967 3907 1116 3978 αύτῴ
1146 3909 1308 3962 ⁸³η...
1369 3908 1588 3978 Ἐπειδὴ
1633 3909 1689 3961 δὲ
1733 3909 1801 3961 τὰ
1827 3910 1925 3977 τῆς

355 3998 619 4068 πατρῴας
673 4000 852 4069 ταφῆς
913 3999 1232 4051 ἐπετέλεσεν
1287 4001 1315 4051 ὀ
1365 3998 1723 4070 Τούρξανθος,
1763 3999 1926 4068 ἕτερα

357 4090 581 4143 πλεῖστα
622 4091 720 4143 ὅσα
762 4091 1065 4161 διαλεχθεὶς
1123 4091 1484 4162 Οὑαλεντίνῳ,
1536 4089 1654 4146 εἶτα
1717 4093 1927 4161 ἀφῆκεν

354 4183 412 4244 ἐς
457 4185 586 4245 τοὺς
635 4183 897 4253 ἐνδοτέρω
926 4182 1200 4254 ἡγεμόνας
1241 4182 1520 4254 Τούρκων,
1575 4183 1655 4236 ἔτι
1721 4200 1780 4236 τε
1834 4184 1928 4235 καὶ

355 4274 432 4336 ὡς
492 4275 583 4329 τὸν
634 4275 801 4329 αὑτοῦ
848 4276 1112 4346 ὅμαιμον,
1171 4276 1264 4328 τὸν
1329 4277 1620 4346 λεγόμενον
1689 4277 1923 4347 Τάρδου,

2022 3111 2143 3150 cum
2176 3109 2242 3149 eo
2272 3103 2426 3149 erant
2460 3091 2711 3162 gladiolis
2758 3105 2924 3160 genas
2954 3107 3079 3146 suas
3114 3093 3436 3146 lacerarunt.
3478 3093 3593 3148 Uno

2023 3191 2186 3240 etiam
2237 3202 2300 3240 ex
2353 3185 2525 3239 luctus
2575 3185 2762 3238 diebus
2816 3192 3044 3253 quatuor
3088 3185 3326 3253 captivos
3374 3184 3593 3240 llunnos

2026 3277 2233 3330 vinctos
2254 3261 2414 3346 164
2435 3275 2724 3337 adducens,
2759 3274 2892 3341 patri
2928 3282 3135 3327 mortuo
3169 3273 3381 3344 (doc-hia
3407 3291 3591 3328 eorum

2029 3369 2201 3437 lingua
2231 3377 2444 3432 vocant,
2485 3380 2602 3434 qum
2647 3365 2699 3418 in
2738 3364 2901 3429 justis
2939 3349 3266 3417 mortuorum
3312 3365 3591 3418 observari

2027 3459 2164 3526 apud
2196 3474 2289 3512 eos
2313 3456 2528 3527 solent),
2561 3455 2696 3518 illos,
2733 3455 2974 3523 inquam,
3011 3455 3236 3508 miseros
3273 3455 3324 3507 in
3357 3455 3592 3507 medium

2027 3549 2308 3619 proferens
2355 3563 2454 3600 una
2513 3537 2918 3612 cum’patcrnis
2967 3545 3139 3612 equis,
3187 3544 3414 3600 barbara
3469 3560 3599 3597 voce

2024 3643 2186 3711 jthSil
2209 3643 2334 3695 hinc
2366 3643 2626 3695 abeuntes
2665 3640 2802 3708 patri
2836 3655 2934 3694 suo
2975 3641 3306 3704 renuntiare,
3342 3649 3595 3708 quantam

2029 3734 2150 3802 ipsi.
2195 3769 2210 3784 .
2245 3772 2258 3786 .
2303 3771 2316 3784 .
2357 3725 2566 3784 Funere
2601 3731 2768 3798 patris
2795 3739 3002 3795 curato,
3033 3729 3380 3783 Turxantltns
3405 3731 3600 3783 multos

2029 3828 2160 3879 alios
2201 3839 2482 3879 sermones
2511 3823 2698 3877 habuit
2741 3839 2860 3875 cum
2905 3820 3206 3887 Valentino,
3263 3832 3317 3876 et
3372 3837 3492 3874 eum
3521 3823 3602 3875 di-

2031 3919 2177 3972 misit
2210 3919 2260 3969 in
2302 3915 2558 3969 interiora
2594 3913 2896 3967 dominatus
2928 3911 3251 3974 Tttrcorum,
3285 3919 3337 3964 et
3367 3915 3429 3964 ad
3463 3911 3600 3964 Tar-

2028 4011 2119 4070 dn.
2151 4007 2608 4076 consanguineum
2638 4020 2816 4057 suum.
2864 4002 2908 4056 Is
2930 4003 3088 4056 sedes
3123 4018 3251 4057 snas
3283 4002 3517 4054 habebat
3549 4003 3598 4053 in

2032 4111 2206 4152 monte
2234 4098 2413 4163 Eetel;
2451 4095 2597 4150 Ectel
2619 4104 2796 4149 autem
2827 4093 3092 4162 signiﬁcat
3125 4108 3339 4146 aut-ens.
3377 4093 3450 4145 Eo
3479 4108 3599 4144 cum

2037 4191 2349 4245 Valentinus
2383 4173 2840 4259 proﬁcisceretur,
2864 4186 2913 4240 ei
2957 4185 3194 4238 minatus
3224 4195 3307 4238 est
3349 4184 3602 4236 ’l‘nrxan-

2033 4283 2176 4346 thus,
2229 4294 2472 4349 sequam
2524 4278 2754 4348 primum
2809 4275 3104 4346 Bosporum
3155 4285 3602 4344 expugnaturum.

359 4364 681 4434 ποιούμενον
713 4367 813 4430 τὰς
849 4343 1057 4430 διαίτας
1108 4366 1249 4420 κατά
1297 4368 1361 4439 δὴ
1390 4343 1474 4420 τὸ-
1517 4369 1706 4421 Ἐκτὲλ
1755 4343 1876 4441 όρος
1907 4386 1917 4401 ·

2034 4375 2097 4430 Et
2127 4388 2313 4429 revera
2353 4372 2666 4426 Bocltanutn
2711 4371 2893 4424 statim
2927 4385 3048 4422 cum
3086 4368 3258 4421 valida
3308 4366 3605 4420 TIII'COI‘IIIII

357 4454 580 4507 δύναται
618 4456 674 4507 δὲ
700 4456 759 4508 τὸ
805 4455 992 4509 Ἐκτὲλ
1019 4457 1278 4526 χρυσοῦν.
1311 4457 1523 4510 Ἐκεῖσε
1559 4461 1740 4512 τοίνυν
1785 4463 1927 4516 κατὰ

357 4544 420 4595 τὸ
471 4545 657 4597 Ἐκτὲλ
697 4547 825 4616 ὅρος
876 4547 1130 4610 ἀπιόντος
1187 4547 1564 4612 Οὐαλεντίνου,
1627 4550 1924 4621 ἠπείλησεν

356 4638 385 4686 ό
437 4636 772 4705 Τούρξανθος
824 4634 859 4708 ἦ
929 4639 1035 4710 μὴν
1078 4639 1278 4692 αὐτίκα
1328 4639 1778 4712 ὲκπολιορκήσειν
1835 4645 1924 4696 τὸν

2033 4486 2192 4523 manu
2250 4467 2489 4529 miserat,
2551 4465 2638 4533 qui
2687 4462 2992 4532 Bosporum
3053 4469 3291 4530 caperet.
3340 4460 3604 4513 Praeterea

2029 4559 2290 4624 Anagzens
2335 4555 2651 4622 jamdudum
2721 4568 2843 4606 cum
2890 4552 2994 4605 alio
3026 4550 3325 4604 'l‘nrcorum
3367 4552 3603 4603 exercitu

2036 4659 2212 4703 castra
2240 4648 2290 4699 in
2319 4647 2402 4700 his
2429 4644 2563 4699 locis
2593 4645 2841 4700 habebat.

361 4725 635 4795 Βόσπορον
688 4728 1028 4800 ἀρξαμένων.
1085 4731 1387 4799 Τοιγαροῦν
1446 4733 1787 4804 παραχρῆμα
1841 4741 1868 4791 ὅ
1908 4758 1970 4808 γε
2011 4743 2106 4794 σὺν
2157 4739 2382 4808 πλείστῃ
2437 4739 2664 4806 δυνάμει
2713 4737 2971 4805 Τούρκων
3036 4737 3308 4806 ἐξέπεμψε
3351 4737 3440 4789 τὸν
3499 4735 3608 4788 Bai:-

358 4836 518 4889 χανον
553 4817 950 4889 καθαιρήσοντα
991 4824 1286 4892 Βόσπορον,

357 4914 462 4968 Τοῦ
471 4932 636 4985 ρκων.

427 5008 508 5064 ιε’.
560 5012 681 5067 ’Ότι
725 5017 783 5069 ὲν
917 5017 1134 5088 ἡπόλις
1161 5016 1370 5089 [καὶ’¹⁹]
1417 5020 1445 5070 ό
1493 5019 1762 5085 Βόσπορος
1787 5019 1920 5087 ἥλω,

355 5103 401 5152 οἱ
458 5105 718 5175 πρέσϐεις
749 5109 937 5179 ἔτυχον
971 5110 1118 5179 παρὰ
1151 5109 1412 5178 Τούρκοις
1443 5111 1485 5139 ⁶⁰
1523 5111 1571 5161 οἱ
1627 5112 1736 5162 τῶν
1795 5113 1930 5164 Ῥω-

1373 4822 1661 4889 Ἀναγαίου
1707 4827 1806 4898 ἤδη
1869 4833 1996 4902 περὶ
2036 4833 2100 4883 τὰ
2162 4833 2338 4882 ἐκεῖσε
2392 4827 2953 4897 στρατοπεδευομένου
3015 4828 3110 4879 σὺν
3163 4827 3326 4896 ἑτέρᾳ
3381 4821 3631 4894 δυνάμει

2109 5013 2191 5066 15.
2258 5011 2389 5063 Dum
2452 5015 2722 5078 Bosporus
2763 5011 3018 5078 Oppidum
3079 5016 3402 5076 caperetur,
3454 5017 3608 5058 erant

2041 5107 2407 5161 liomanornm
2437 5102 2595 5171 legati
2649 5103 2788 5171 apud
2826 5099 3071 5166 'l‘nt'cos;
3106 5117 3169 5155 ex
3220 5116 3283 5154 eo
3322 5101 3443 5153 inde
3475 5111 3608 5152 tetu-

1653 5269 1884 5323 VARl/E
1918 5266 2334 5322 LECTIONES.

423 5386 472 5418 ⁸ο
503 5388 696 5461 ταμίαι
745 5387 890 5461 Vah,
940 5393 1139 5461 ταμεῖα
1187 5393 1327 5461 vnlg.

357 5459 676 5528 posbﬂprig
742 5460 909 5512 inser.
966 5459 1227 5528 βασιλέως

355 5527 441 5599 ed.
488 5525 644 5599 liotn.
685 5529 935 5599 leguntur

354 5598 510 5678 χαις..
568 5598 626 5678 3"
644 5599 793 5678 ’ψυχτ

353 5666 420 5732 ἦν
454 5666 602 5719 αὐτῶ
639 5666 885 5722 Cantoel.
963 5666 1010 5700 δέ
1038 5666 1137 5721 ’καὶ
1169 5666 1324 5725 tineis
1371 5673 1590 5726 inclusit
1627 5671 1685 5724 N.

696 5793 964 5851 ΡΑτιιοι.
1005 5793 1122 5852 Gn.
1171 5792 1393 5882 CXI-ll.

1410 5393 1452 5426 ⁸³
1488 5390 1798 5460 ἠσπάσατο]
1847 5387 1986 5444 εἶναι
2032 5390 2317 5460 ἦσπάσατο
2352 5386 2439 5460 Νη
2481 5388 2594 5460 ί⁸²ή

1311 5432 1327 5513 ί
1403 5463 1445 5493 ⁵”
1827 5430 2949 5530 τνόρυθότοίταΜ-ζἀνταλλάγματτιίιιῌΕῗιοο.
2985 5456 3052 5510 de
3083 5457 3370 5530 sententiis
3401 5457 3604 5530 νηδύι.

974 5549 984 5580 :
1029 5548 1136 5598 quo
1187 5533 1302 5583 lum
1352 5534 1404 5585 in
1460 5544 1643 5585 nostra
1691 5529 1932 5584 editione
1980 5529 2346 5598 prmtermissa
2379 5538 2525 5581 sunt.

658 5599 859 5669 ψυχῆς]
913 5599 1081 5669 τύχης
1127 5603 1269 5667 COIIj.
1307 5603 1368 5654 Β.
1430 5602 1686 5655 Nonvat'.
1723 5602 1808 5652 (ιιι.
1863 5603 2018 5652 Rom.

1767 5673 1811 5702 ⁶⁰
1844 5671 2109 5739 Τούρκοις
2145 5670 2236 5736 Ν.,
2262 5669 2535 5738 Τούρκους
2569 5669 2710 5737 vnlg.

2606 5388 2694 5456 μῖν
2735 5387 2879 5456 vulg.
2953 5386 2998 5418 ⁸³
3033 5384 3127 5437 τοῦ
3164 5385 3268 5440 del.
3322 5384 3377 5438 Β.
3411 5385 3607 5439 Verum

2601 5527 2644 5562 ³⁵
2675 5527 2857 5596 ἀδήλῳ
2892 5525 2956 5578 1⁷1.
2990 5537 3044 5578 et
3087 5527 3173 5579 ed.
3216 5527 3394 5580 Rom“
3417 5526 3611 5594 ἀδεῐλῳ

2095 5602 2138 5629 δτ
2163 5599 2550 5667 διεχαράξαντο
2584 5595 2668 5659 N.,
2703 5595 3030 5667 διεχάραξάν
3067 5614 3124 5648 τε
3161 5598 3306 5664 vnlg.
3384 5598 3427 5629 ⁵⁸
3466 5599 3612 5662 ὅπως

3225 5790 3300 5848 ‘29
