4006 6214
445 267 550 332 907

1265 257 1657 316 EXCERI’TA
1693 256 1794 314 EX
1836 251 2256 315 MENANDRU
2296 248 2793 311 PROTECTORE

3594 250 3692 314 908

437 391 569 449 pore
597 372 760 430 Turci
795 374 1080 427 adversum
1115 368 1389 422 Romanos
1419 375 1607 434 aperte
1632 365 1830 419 bellum
1873 378 2026 435 gere-

2128 361 2328 432 μαίων,
2371 361 2478 413 κάκ
2521 358 2714 413 τούτου
2754 356 2944 426 γέγονε
2990 354 3170 425 δῆλον,
3205 354 3280 416 ὡς
3331 355 3562 428 Τοῦρκοι
3611 359 3694 424 ἐξ.

438 474 587 526 bant.
625 469 733 521 Eos
770 467 952 535 igitur,
986 462 1076 531 qui
1114 459 1267 514 missi
1301 457 1537 524 fuerant,
1574 457 1715 511 inter
1741 471 1878 526 quos
1900 464 2019 510 erat

437 574 492 618 et
549 559 890 620 Valentinus,
923 551 1276 607 Turxanthus
1332 549 1580 615 retinuit,
1641 563 1813 618 neque
1870 547 2022 617 prius

437 649 684 706 dimisit,
729 659 893 714 quam
947 639 1096 696 omni
1134 638 1354 694 ludibrii
1390 652 1591 707 genere
1624 654 1719 694 eos
1777 639 2020 695 illuserat

435 753 488 796 et
516 738 908 808 exagitaverat.

505 919 594 975 l6.
630 919 716 988 (A.
753 915 793 970 C
823 913 948 979 576,
993 912 1109 970 ind.
1141 911 1196 976 9,
1229 907 1424 965 JuSIini
1458 911 1569 982 η.)
1611 911 1745 966 Cum
1787 927 1816 965 a
1852 910 2018 965 Scla-

434 1014 575 1069 vinis
621 1009 832 1065 Graxcia
893 1015 1222 1068 vastaretur,
1253 1015 1308 1060 et
1341 1007 1578 1075 nmlique
1622 1005 1732 1060 alia
1797 1020 1860 1060 ex
1897 1005 2019 1061 aliis

435 1105 677 1176 pericula
749 1102 1122 1164 imminerent,
1156 1114 1330 1169 neque
1385 1097 1637 1155 Tiberius
1670 1099 1803 1154 satis
1831 1099 2018 1169 copia-

437 1215 552 1251 rum
596 1197 840 1260 haberet,
869 1193 1064 1262 quibus
1093 1205 1159 1245 ne
1186 1204 1346 1244 unam
1373 1189 1590 1260 quidem
1635 1198 1842 1260 partem
1905 1191 2018 1245 bo-

432 1292 620 1348 sunm,
654 1287 854 1341 nedum
907 1282 1229 1351 conjunctas
1282 1297 1467 1338 eorum
1520 1283 1664 1337 vires
1699 1282 2018 1346 sustineret,

432 1395 610 1450 neque
663 1377 775 1433 ullo
834 1378 995 1433 modo
1021 1375 1264 1430 hostibus
1299 1375 1514 1429 obviam
1555 1374 1634 1429 ire
1665 1384 1867 1444 posset,
1889 1389 2017 1444 pro-

431 1483 620 1542 pterea
675 1470 816 1540 quod
866 1468 1235 1522 Romanorum
1283 1469 1426 1523 vires
1459 1468 1523 1520 ad
1553 1468 1789 1524 Orientis
1819 1467 2014 1522 bellum

430 1580 716 1620 conversa:
753 1561 1182 1631 eranl,lcgatmn
1211 1561 1359 1614 misit
1383 1561 1448 1615 ad
1476 1559 2014 1630 Bajanum,Avarmn

432 1661 644 1714 ducem.
684 1658 733 1712 Is
762 1668 884 1712 tunc
939 1657 1197 1725 temporis
1239 1672 1343 1709 non
1391 1665 1511 1709 erat
1560 1669 1706 1724 erga~
1743 1654 2016 1708 Romanos

2123 450 2544 522 επολεμὴθησαν
2574 451 2617 480 ⁸⁸
2669 446 2983 518 Ῥωμαίοις.
3033 445 3124 516 Τῷ
3157 463 3240 498 τοι
3285 446 3393 516 ἄρα
3442 447 3534 499 καὶ
3574 449 3692 513 τοὺς

2123 544 2418 605 σταλέντας
2442 543 2510 608 ⁸³,
2550 543 2608 594 ἐν
2639 537 2719 604 οἷς
2749 540 3103 601 Οὐαλεντῖνος
3132 537 3371 607 ὑπῆρχε,
3432 545 3694 609 κατέσχεν

2120 639 2149 689 ὁ
2180 633 2538 706 Τούρξανθος,
2567 632 2878 704 ἐφυϐρίζων
2917 647 2975 683 τε
3007 631 3066 694 ἐς
3114 629 3312 692 αὑτοὺς
3351 630 3447 684 καὶ
3497 633 3696 700 ἀποφεθ

2121 727 2380 792 νακίζων,
2421 725 2609 780 καὶτὰ
2635 725 2772 780 ἄλλα
2807 723 2992 788 κακῶς
3041 723 3342 796 χρώμενος,
3378 719 3496 778 εἶτα
3529 724 3698 790 οὕτως

2121 820 2352 890 ἀφῆκεν.

2197 919 2295 977 ις’.
2330 914 2453 966 Ὅτι
2488 912 2888 982 κεραῖζομένης
2936 911 3035 980 τῆς
3089 911 3344 975 Ἑλλάδος
3396 910 3499 964 ὑπο
3535 911 3702 964 Exit:-

2123 1005 2303 1075 ϐηνῶν
2331 1005 2425 1058 καὶ
2464 1006 2808 1075 ἁπανταχόσε
2835 1003 3254 1075 άλλεπαλλήλων
3281 1004 3417 1074 αὑτῇ
3462 1005 3702 1074 ἐπηρτη-

2125 1099 2303 1169 μένων
2331 1097 2440 1151 τῶν
2488 1097 2774 1158 κινδύνων.
2803 1101 2830 1150 ὁ
2867 1097 3118 1168 Τιϐέριος
3168 1097 3420 1163 οὐδαμῶς
3473 1097 3700 1166 δύναμιν

2121 1189 2418 1260 ἀξιόμαχον
2447 1189 2588 1260 ἔχων
2628 1189 2747 1242 οὐδὲ
2779 1191 2914 1259 πρὸς
2959 1190 3089 1260 μίαν
3145 1193 3337 1258 μοῖραν
3387 1189 3496 1240 τῶν
3554 1191 3701 1241 ἀντι-

2123 1282 2331 1347 πάλων,
2359 1282 2433 1352 μή
2463 1281 2515 1334 τί
2537 1299 2599 1350 γε
2633 1281 2724 1334 καὶ
2758 1282 2894 1350 πρὸς
2925 1283 3106 1334 πᾶσαν
3128 1281 3192 1343 ⁸³,
3225 1280 3348 1333 οὔτε
3377 1279 3484 1351 μὴν
3507 1274 3621 1342 οἷός
3645 1296 3699 1333 τε

2121 1371 2196 1427 ὢν
2228 1373 2486 1444 πολέμοις
2516 1373 2700 1441 σφίσιν
2726 1372 3078 1436 ὑπαντιάζειν
3112 1370 3189 1442 τῷ
3214 1373 3317 1426 άνᾶ
3349 1373 3476 1435 τοὺς
3534 1371 3699 1441 ἐῴους

2123 1467 2389 1537 πολέμους
2434 1465 2532 1530 τὰς
2595 1466 2885 1558 Ῥωμοαίων
2932 1466 3233 1536 τετράφθαι
3264 1465 3541 1536 δυνάμεις,
3569 1483 3698 1535 πρε-

2123 1559 2375 1613 σϐεύεται
2429 1559 2502 1622 ὡς
2549 1555 2783 1611 Βαῖανδν
2847 1557 2939 1610 τὸν
2983 1558 3229 1628 ἡγεμόνα
3271 1558 3379 1612 τῶν
3433 1555 3698 1628 Ἀδάρου,

2121 1651 2423 1722 τηνικαῦτα
2467 1652 2527 1704 οὑ
2588 1649 2871 1720 δυσμενῶς
2930 1649 3122 1719 ἔχοντα
3177 1649 3314 1720 πρὸς
3374 1650 3696 1719 Ῥωμαίους,

434 1749 573 1804 male
595 1749 888 1813 animatus,
919 1748 1028 1801 imo
1063 1762 1171 1816 quo
1217 1756 1457 1814 tempore
1491 1746 1722 1813 primmn
1767 1743 2021 1797 Tiberius

2126 1745 2300 1808 ἄλλως
2329 1746 2384 1798 δὲ
2433 1749 2498 1817 τῇ
2526 1745 2646 1798 καθ’
2677 1747 2823 1814 ἡμᾶς
2889 1744 3134 1814 πολιτείᾳ
3194 1743 3404 1814 χαίρειν
3451 1743 3699 1796 ἐθέλοντα

434 1844 720 1912 imperium
784 1843 1054 1912 suscepit,
1134 1842 1255 1912 jure
1309 1841 1613 1910 reipublicae
1669 1849 1864 1894 nostra:
1917 1822 2019 1892 t‘rui

435 1933 707 2002 cupiebat.
742 1931 880 1988 Huic
928 1933 1092 2002 igitur
1147 1935 1443 2000 persuasit,
1490 1941 1546 1984 nt
1595 1947 1717 1984 cum
1750 1931 2021 1984 Sclavinis

434 2023 631 2076 hellmn
666 2026 990 2092 susciperet,
1032 2039 1136 2090 qtto
1179 2023 1276 2087 illi,
1309 2023 1399 2090 qui
1447 2020 1810 2074 Romanorum
1848 2032 2020 2075 terras

434 2117 765 2178 invaserant,
795 2116 858 2168 ad
887 2131 981 2168 sua
1011 2113 1349 2169 defendenda
1400 2114 1631 2183 pr0priis
1662 2114 1818 2166 malis
1858 2129 2018 2168 revo-

431 2214 711 2270 carentur,
742 2216 796 2259 et
828 2223 950 2258 rum
999 2208 1187 2276 patria:
1223 2221 1334 2261 sua:
1359 2207 1613 2274 opitulari
1648 2207 1827 2274 potius
1856 2207 2018 2260 duce-

435 2305 581 2361 rent,
613 2298 830 2367 rapinas
863 2313 1026 2368 agere
1052 2314 1118 2352 ex
1148 2297 1408 2354 Romana:
1433 2298 1652 2354 ditionis
1676 2299 1837 2354 terris
1871 2300 2017 2354 desi-

434 2401 646 2446 nerent.
681 2388 794 2445 Hac
823 2392 986 2461 igitur
1019 2391 1288 2460 legatione
1333 2391 1398 2447 ad
1448 2391 1707 2460 Bijannm
1741 2409 1770 2446 a
1805 2392 2018 2446 Cmsare

434 2485 670 2546 decreta,
709 2482 758 2538 ei
818 2497 1156 2554 nequaquam
1213 2499 1317 2538 non
1364 2483 1780 2553 obtemperavit.
1836 2483 1916 2536 Ad
1952 2497 2015 2537 ea

431 2577 774 2644 procuranda
805 2573 1043 2631 Joannes
1074 2577 1328 2632 mittitur.
1358 2573 1498 2628 Huic
1529 2586 1654 2628 tunc
1691 2575 2012 2641 insularum,

427 2684 546 2736 qua:
573 2670 624 2722 in
661 2684 726 2722 eo
765 2678 938 2723 tractu
980 2677 1157 2733 erant,
1199 2666 1513 2736 praefectura
1565 2676 1616 2722 et
1676 2667 2011 2738 Illyricorum

429 2761 642 2812 urbium
679 2760 1080 2812 administratio
1107 2769 1225 2812 erat
1249 2759 1595 2817 demandata.
1622 2759 1672 2816 Is
1711 2777 1832 2816 cmn
1863 2762 2013 2818 Paeo-

430 2850 574 2902 niam
603 2849 948 2912 accessisset,
969 2847 1230 2916 Bajanum
1262 2861 1315 2904 et
1344 2854 1583 2906 Avarum
1609 2853 1814 2923 copias,
1838 2853 2012 2926 longis

430 2943 662 3012 navigiis
693 2941 916 2996 ﬂumine
948 2943 1196 3012 trajecto,
1235 2944 1288 2997 in
1325 2945 1692 3000 Romanorum
1725 2947 1860 3003 ﬁnes
1894 2959 2009 3003 tra-

428 3037 599 3089 duxit.
666 3034 956 3103 Sexaginta
1015 3035 1129 3091 fere
1179 3036 1416 3106 equitum
1455 3049 1789 3095 armatorum
1844 3042 2006 3095 millia
2037 3077 2080 3133 ο

431 3128 695 3184 transisse
743 3128 998 3184 dicuntur
1047 3147 1062 3182 :
1111 3145 1230 3198 qua:
1265 3130 1352 3185 ubi
1406 3131 1510 3184 huc
1546 3133 1898 3202 perduxerat,
1943 3150 2005 3189 ea

429 3236 619 3275 rursus
662 3235 760 3290 per
817 3220 1089 3292 Illyricum
1147 3221 1304 3294 165
1347 3222 1626 3294 Scythiam
1659 3241 1847 3281 versus
1909 3227 2010 3282 iter

426 3312 626 3379 facere,
661 3323 716 3367 et
755 3312 952 3366 iterum
999 3311 1194 3366 Istrum
1248 3316 1518 3383 navigiis,
1579 3331 1699 3385 quae
1753 3319 2009 3388 utrinque

427 3406 644 3473 puppim
673 3405 966 3467 habebant,
1003 3407 1276 3479 transvehi
1307 3408 1491 3476 jussit.
1529 3407 1759 3475 Bajanus
1789 3410 1841 3463 in
1873 3411 2009 3464 ulte-

427 3498 624 3549 riorem
654 3497 887 3548 llnminis
917 3497 1090 3563 ripam
1118 3508 1507 3566 transgressus,
1545 3501 1828 3556 confestim
1862 3503 2008 3558 vicos

425 3597 480 3638 ct
530 3601 696 3655 pagos
744 3585 1118 3641 Sclavinorunt
1179 3589 1284 3660 igni
1350 3590 1603 3662 ferroque
1651 3594 1904 3659 vastavit,
1953 3607 2006 3651 et

424 3689 547 3728 cum
611 3691 768 3728 nemo
817 3675 1176 3731 Barbarornm
1219 3680 1438 3735 auderet
1498 3699 1620 3736 cmn
1671 3684 1765 3738 illo
1815 3701 2008 3743 tnanus

421 3768 952 3836 coascrcretetenim
986 3767 1036 3820 in
1067 3768 1300 3824 silvaset
1331 3786 1597 3828 cavernas
1634 3776 2003 3847 autugcrant),

422 3860 624 3923 Omnia,
658 3874 780 3928 qua:
821 3861 1013 3930 potuit,
1045 3863 1241 3932 rapuit.
1289 3865 1468 3936 Atque
1520 3867 1646 3922 huic
1678 3869 1912 3925 Avarum
1951 3873 2002 3926 in

423 3951 706 4007 Sclavinos
735 3955 1002 4023 eruptioni
1034 3971 1138 4010 non
1170 3957 1341 4012 solum
1393 3958 1624 4014 Cmsaris
1652 3964 1845 4032 legatio
1871 3979 2004 4018 cau-

422 4057 536 4095 sam
567 4042 735 4107 dedit,
783 4054 872 4098 aut
902 4047 1044 4114 quod
1078 4046 1310 4117 Bajanus
1349 4047 1610 4105 Romanis
1658 4054 1883 4120 gratiam
1915 4071 2002 4110 re-

425 4135 569 4186 ferre
598 4135 776 4200 vellet,
797 4136 936 4206 quod
964 4152 1086 4191 eum
1111 4139 1292 4193 Ca'sar
1321 4139 1648 4197 liberalitate
1684 4158 2002 4213 prosecutus

423 4226 620 4288 fuerat,
646 4229 736 4280 sed
766 4228 926 4282 etiam
955 4245 1077 4282 eum
1116 4231 1340 4299 privata:
1371 4233 1667 4289 inimicitia:
1692 4238 2000 4304 movebant,

421 4318 544 4386 quia
595 4317 825 4384 Bajanus
856 4320 1122 4376 Sclavinis
1180 4325 1528 4378 vehementer
1571 4336 1688 4380 erat
1734 4327 1998 4384 infensos.

422 4409 642 4464 Miserat
673 4411 817 4464 enim
850 4413 1086 4464 Avarum
1136 4413 1241 4466 dux
1280 4415 1344 4467 ad
1381 4414 1752 4480 Danrentiutu,
1799 4417 1999 4472 Sclavi-
2026 4427 2078 4485 D

423 4517 613 4556 norum
639 4503 826 4558 ducent
853 4516 902 4558 et
934 4520 1049 4569 eos,
1080 4507 1170 4574 qui
1215 4499 1593 4576 apnd'grntem
1617 4512 1995 4566 auctoritatem

422 4594 716 4658 habebant,
747 4605 805 4648 ut
863 4597 1132 4649 Ararihus
1183 4598 1327 4650 dirto
1372 4600 1654 4654 atnlieutes
1709 4615 1915 4668 essent,
1946 4615 2002 4658 et

420 4698 607 4736 eorum
644 4699 867 4737 nttmero
896 4701 955 4740 se
986 4687 1187 4740 {laCI‘llll
1238 4688 1510 4756 sinerent,
1543 4691 1634 4760 qui
1662 4691 1862 4747 tributa
1896 4695 2000 4750 illis

421 4775 748 4844 pendebant.
787 4778 853 4830 At
906 4777 1151 4835 Dauritas
1191 4790 1243 4836 el.
1265 4784 1442 4851 gentis
1467 4785 1738 4854 principes
1780 4801 1792 4834 :
1836 4789 1999 4855 «Quis

421 4869 723 4937 hominum,
763 4872 1034 4941 inquiunt,
1074 4875 1186 4928 est?
1225 4875 1508 4945 Numquis
1557 4880 1692 4933 solis
1738 4883 1900 4935 radiis
1921 4894 2001 4935 tc-

421 4962 612 5029 pescit,
639 4962 726 5030 qui
751 4975 994 5017 nostram
1029 4967 1323 5033 potentiam
1342 4969 1510 5035 possit
1537 4969 1636 5024 sibi
1665 4971 1917 5042 subigere
1947 4983 2001 5026 et

420 5052 675 5107 domare?
703 5057 942 5110 Aliorum
973 5057 1116 5110 enim
1159 5060 1393 5129 regionis
1425 5063 1760 5118 dominatum
1804 5067 1997 5134 acqui-

422 5156 544 5198 rere
581 5143 834 5209 solemus,
887 5161 992 5200 non
1027 5149 1112 5200 alii
1148 5161 1373 5216 nostra};
1435 5151 1536 5206 hoc
1596 5153 1751 5205 nobis
1786 5164 1994 5207 certum

423 5242 624 5296 manet,
661 5237 831 5289 donec
859 5246 1017 5289 erunt
1059 5237 1194 5290 bella
1221 5248 1275 5290 et
1308 5252 1490 5292 enses.
1525 5256 1543 5288 ι
1578 5239 1656 5290 Ad
1691 5241 1834 5292 hunc
1875 5256 1993 5292 mo-

419 5321 546 5376 dum
578 5326 810 5396 superbe
836 5338 890 5381 et
933 5341 1251 5398 arroganter
1307 5329 1656 5400 loquentibus
1699 5330 1989 5393 Sclavinis,

2125 1837 2284 1906 δῆθεν
2314 1837 2474 1899 εὐθὺς
2503 1839 2565 1888 ἐκ
2611 1835 2909 1908 προοιμίων
2933 1835 3032 1904 τῆς
3091 1833 3256 1887 αὑτοῦ
3298 1833 3550 1903 Τιϐερίου
3605 1833 3698 1904 βα-

2126 1927 2347 1991 σιλείας.
2408 1928 2596 2000 Ταύτῃ
2619 1945 2700 1979 τοι
2735 1927 2828 1979 καὶ
2862 1927 3038 1979 πείθει
3067 1943 3128 1993 γε
3168 1926 3328 1979 αὑτὸν
3365 1927 3507 1980 κατὰ
3537 1927 3698 1978 Σκλα·

2123 2019 2304 2090 δηνῶν
2334 2019 2570 2091 ἄρασθαι
2623 2019 2880 2088 πόλεμον,
2914 2019 2989 2081 ὡς
3041 2017 3106 2070 ἂν
3159 2017 3344 2070 ὁπόσοι
3411 2017 3507 2088 τὴν
3569 2017 3696 2072 Ῥω·

2125 2111 2299 2181 μαίων
2335 2111 2541 2183 δῃοῦτε,
2594 2112 2705 2173 τοῖς
2769 2110 2988 2172 οἰκείοις
3059 2109 3439 2180 άνθελκόμενοι
3488 2113 3697 2176 κακοῖς,

2120 2205 2427 2273 ἐπαρκέσαι
2487 2221 2546 2255 τε
2588 2204 2903 2274 βουλόμενοι
2933 2206 2998 2274 τῇ
3043 2201 3273 2274 πατρῴᾳ
3300 2204 3442 2256 κατὰ
3474 2203 3535 2255 τὸ
3571 2204 3700 2272 μᾶλ-

2121 2293 2231 2359 λον,
2266 2295 2566 2348 παύσαιντο
2612 2295 2710 2366 μὲν
2734 2293 2828 2348 τοῦ
2852 2295 2952 2366 τὴν
3013 2295 3330 2365 Ῥωμαϊκὴν
3398 2295 3696 2358 λετπλατεῖν,

2117 2387 2166 2439 οἱ
2229 2385 2287 2438 δὲ
2345 2387 2600 2458 περὶτῆς
2660 2387 2867 2452 οἰκείας
2927 2393 3020 2441 τὸν
3047 2387 3292 2442 κίνδυνον
3333 2388 3694 2452 ἀναδέξονται.

2118 2478 2224 2530 Τοῦ
2259 2477 2538 2548 Καίσαρος
2567 2478 2747 2532 τοίνυν
2777 2479 2875 2549 τὴν
2925 2481 3137 2534 τοιάνδε
3160 2480 3232 2544 ὡς
3263 2481 3423 2534 αὑτὸν
3448 2483 3694 2535 στείλαν-

2116 2586 2205 2632 τος
2243 2567 2558 2641 πρεσϐεἷαν,
2588 2570 2648 2624 οὗ
2687 2589 2739 2624 τι
2767 2571 3070 2644 ἠπείθησεν
3109 2575 3138 2626 ὁ
3162 2574 3406 2637 Βαῖανός.
3449 2573 3695 2645 Ἐκπέμ-

2121 2679 2282 2716 πεται
2337 2661 2382 2715 δ’
2433 2658 2528 2716 οὖν
2575 2664 2670 2716 ἐπὶ
2699 2665 2872 2736 τούτῳ
2912 2665 2960 2696 ⁸⁸
3024 2665 3293 2736 Ἰωάννης,
3357 2665 3416 2730 ὃς
3474 2665 3540 2736 δὴ
3582 2667 3692 2719 τῶν

2119 2757 2299 2827 νήσων
2329 2756 2514 2828 διήνυε
2543 2757 2643 2828 τὴν
2675 2757 2850 2828 ἀρχὴν
2873 2757 3170 2828 τηνικαῦτα
3209 2759 3304 2812 καὶ
3345 2760 3444 2820 τὰς
3477 2759 3698 2830 Ἰλλυρί-

2114 2849 2203 2912 δος
2264 2848 2311 2881 ⁸⁸
2363 2847 2562 2902 ἰθύνειν
2606 2849 2763 2920 ἔλαχε
2794 2851 2998 2914 πόλεις.
3039 2847 3210 2914 Οὗτος
3253 2853 3696 2923 παραγενόμενος

2115 2945 2173 2994 ἐν
2211 2942 2438 3014 Παιονίᾳ
2470 2945 2535 3014 τῇ
2565 2943 2737 3014 χώρᾳ,
2785 2945 3096 3014 μετήγαγεν
3151 2945 3209 3008 ἐς
3247 2945 3345 3012 τὴν
3408 2945 3699 3014 Ῥωμαίων

2115 3035 2278 3088 αὑτόν
2309 3051 2368 3087 τε
2398 3035 2488 3088 τὸν
2519 3035 2751 3088 Βαῖανδν
2794 3037 2886 3089 καὶ
2921 3037 3019 3100 τάς
3062 3035 3172 3090 τῶν
3223 3037 3473 3108 Ἀϐάρων
3534 3039 3697 3092 δυνά-

2121 3149 2262 3201 μεις,
2298 3131 2356 3184 ἐν
2377 3133 2496 3194 ταῖς
2518 3131 2584 3202 δὴ
2615 3131 2937 3202 λεγομέναις
2972 3131 3165 3186 ὁλκάσι
3193 3137 3432 3204 μακραῖς
3458 3135 3529 3188 τὰ
3564 3135 3695 3204 3.29-

2116 3223 2320 3294 ϐαρικά
2359 3223 2681 3288 διαϐιϐάσας
2713 3224 2912 3294 πλήθη.
2940 3225 3051 3277 Καὶ
3079 3225 3297 3293 λέγεται
3331 3227 3479 3296 ἀμφὶ
3511 3229 3613 3290 τάς
3658 3228 3695 3291 ξ’

2115 3317 2360 3386 χιλιάδας
2416 3316 2631 3369 ἱππέων
2659 3316 3068 3389 θωρακοφόρων
3119 3319 3175 3382 ἐς
3226 3319 3326 3388 τὴν

2112 3410 2639 3480 διαπορθμευθῆναι.
2675 3409 2949 3464 Ἐνθένδεν
2974 3407 3130 3474 αὖθις
3167 3410 3256 3464 διὰ
3285 3411 3385 3480 τῆς
3424 3411 3695 3482 Ἰλλυριῶν

2112 3502 2415 3570 διαγαγὼν,
2440 3497 2560 3555 εἶτα
2592 3504 2651 3566 ἐς
2683 3503 2782 3574 τὴν
2803 3501 3027 3558 Σκυθῶν
3075 3504 3428 3574 ἀφικόμενος,
3463 3503 3696 3574 ἔμπαλιν

2110 3592 2340 3646 διελθεῖν
2371 3594 2750 3663 παρεσκεύασε
2788 3595 2880 3647 τὸν
2907 3595 3120 3666 Ἵστρον
3171 3597 3227 3648 ἐν
3258 3597 3376 3658 ταῖς
3428 3595 3696 3665 καλουμέο

2112 3702 2230 3748 ναις
2259 3686 2675 3756 ἀμφιπρύμνοις
2711 3686 2819 3740 τῶν
2846 3687 3004 3741 νεῶν.
3032 3688 3249 3760 Ἐπειδὴ
3293 3687 3349 3740 δὲ
3379 3688 3694 3758 ἐπεραιώθη

2112 3780 2168 3842 ἐς
2201 3778 2260 3832 τὸ
2291 3796 2622 3849 καταντικρύ
2657 3777 2750 3832 τοῦ
2807 3781 3047 3850 ῥείθρου,
3109 3781 3449 3851 παραχρῆμα
3496 3781 3595 3843 τάς
3641 3797 3696 3831 τε

2111 3870 2304 3940 κώμας
2335 3871 2654 3943 ἐνεπίμπρα
2680 3873 2788 3924 τῶν
2813 3871 3143 3942 Σκλαϐηνῶν
3170 3875 3263 3926 καὶ
3310 3875 3520 3925 ἐσίνετο
3562 3874 3690 3935 τοὺς

2109 3962 2334 4033 ἀγροὺς,
2391 3959 2494 4031 ἦγέ
2534 3980 2592 4016 τε
2646 3966 2742 4017 καὶ
2797 3964 2994 4035 ἔφερεν
3049 3963 3289 4028 ἅπαντα,
3341 3965 3554 4027 οὐδενός
3609 3982 3694 4018 πω

2109 4057 2217 4108 τῶν
2252 4058 2430 4108 ἐκεῖσε
2465 4055 2766 4129 Βαρϐάρων
2807 4057 3182 4130 θαρῥήσαντὸς
3214 4059 3263 4112 οι
3301 4059 3357 4121 ἐς
3387 4062 3582 4129 χεῖρας
3611 4061 3694 4112 ἐλ-

2111 4147 2244 4210 θεῖν,
2275 4148 2332 4210 ἐς
2387 4145 2456 4199 τὰ
2490 4146 2730 4200 λάσιαδέ
2766 4148 2859 4202 καὶ
2914 4149 3203 4219 κατηρεςῆ
3256 4149 3351 4219 τῆς
3411 4149 3544 4218 ὕλης
3592 4166 3692 4201 κα-

2108 4237 2554 4306 ταπεφευγότων.
2609 4239 2674 4292 Ἦ
2717 4239 2775 4291 δὲ
2819 4239 2928 4293 τῶν
2990 4240 3245 4311 Ἀϐάρων
3290 4240 3504 4311 κίνησις
3551 4240 3692 4294 κατὰ

2109 4328 2436 4399 Σκλαϐηνῶν
2489 4328 2610 4382 οὔτι
2655 4347 2718 4398 γε
2769 4329 2930 4400 μόνον
2963 4331 3059 4402 τῆς
3095 4329 3188 4385 τοῦ
3222 4332 3502 4403 Καίσαρος
3530 4332 3696 4384 ἕνεκα

2109 4417 2407 4487 πρεσϐείας
2452 4419 2544 4471 καὶ
2571 4419 2648 4487 τῷ
2679 4419 2962 4489 βούλεσθαι
2993 4422 3084 4474 τὸν
3129 4420 3354 4476 Βαῖανὸν
3400 4421 3695 4492 Ῥωμαίοις

2104 4511 2315 4562 ἐκτῖσαι
2371 4512 2531 4581 χάριν
2567 4514 2684 4567 ἀνθ’
2719 4508 2794 4568 ὧν
2820 4516 2880 4576 ἐς
2913 4516 2979 4569 τὰ
3015 4517 3250 4586 μάλιστα
3279 4515 3696 4585 ἐφιλοφρονεῖτο

2104 4618 2167 4668 γε
2201 4602 2364 4656 αὑτὸν
2401 4606 2428 4655 ὁ
2461 4605 2680 4676 Καῖσαρ
2716 4608 2783 4673 ⁸⁸,
2811 4608 2928 4660 ἀλλ’
2949 4610 3033 4662 ὅτι
3066 4626 3128 4677 γε
3180 4609 3331 4680 αὑτῷ
3391 4609 3491 4662 καὶ
3546 4609 3696 4678 ἔχθι-

2107 4710 2220 4746 στοι
2250 4693 2494 4767 ὑπῆρχον
2540 4697 2677 4760 ἰδίας
2719 4699 2877 4754 ἐκατι
2907 4701 3251 4773 δυσμενείας.
3291 4703 3538 4756 Ἔστειλε
3584 4702 3694 4771 γάρ

2105 4784 2178 4846 ὡς
2231 4785 2393 4839 αὑτὸν
2437 4789 2762 4858 Δαυρέντιον
2802 4793 2846 4825 ⁸⁷
2904 4793 2998 4846 καὶ
3047 4796 3176 4858 τοὺς
3232 4795 3352 4848 ὅσοι
3405 4797 3462 4848 ἐν
3541 4795 3692 4847 τέλει

2106 4875 2199 4928 τοῦ
2258 4878 2444 4942 ἔθνους
2515 4882 2678 4936 ὁτῶν
2739 4883 2984 4956 ’Δϐάρων
3039 4887 3364 4956 ἡγούμενος,
3435 4888 3575 4956 σφᾶς
3633 4904 3693 4938 τε

2108 4966 2402 5020 ὑπακούειν
2441 4969 2677 5024 κελεύων
2719 4971 2991 5045 Ἀϐάροις,
3032 4978 3124 5028 καὶ
3165 4978 3221 5039 ἐς
3271 4977 3440 5044 φόρου
3463 4978 3694 5043 ἀπαγω-

2106 5059 2210 5131 γὴν
2239 5059 2456 5114 ἔσεσθαι
2509 5063 2914 5135 ἀναγράπτους.
2967 5068 3236 5135 Δαυρίτας
3263 5067 3320 5120 δέ
3375 5070 3468 5121 καὶ
3511 5068 3567 5119 οῖ
3625 5083 3691 5135 γε

2107 5153 2204 5217 ξὺν
2241 5153 2389 5224 αὑτῷ
2419 5157 2685 5226 ἡγεμόνες
2727 5159 2795 5219 ⁸³,
2836 5179 2853 5210 ι
2895 5161 3004 5212 Καὶ
3058 5162 3142 5224 τίς
3201 5161 3310 5232 ἄρα
3373 5181 3392 5212 ›
3455 5161 3688 5229 ἔφασαν,

2102 5240 2258 5310 οὗτος
2289 5249 2334 5279 ⁵³
2397 5249 2645 5317 πέφυκεν
2688 5252 3025 5322 ἀνθρώπων,
3076 5256 3166 5308 καὶ
3204 5258 3322 5317 ταῖς
3377 5255 3471 5308 τοῦ
3534 5253 3689 5323 ἡλίου

2102 5336 2320 5408 θέρει-αι
2361 5343 2598 5407 ἀκτῖσιν,
2645 5342 2703 5406 ὃς
2741 5345 2839 5415 τὴν
2870 5346 2991 5399 καθ’
3029 5348 3178 5418 ἡμᾶς
3231 5348 3472 5418 ὑπήκοον
3529 5347 3689 5412 noti,

3407 3319 3695 3388 Ῥωμαίων

1728 5445 1962 5503 VARle
1997 5448 2293 5507 LECTION
2304 5454 2404 5510 ES.

489 5565 533 5594 ⁸·
565 5563 1054 5636 ἐξεπολεμώθησαν
1100 5567 1247 5636 conj.
1283 5567 1364 5622 Cl.

1443 5567 1488 5600 “
1525 5566 1818 5645 σταλεειτας
1843 5568 1934 5632 Η.,
1971 5570 2231 5645 ταλεντας
2263 5574 2390 5645 vulg

2489 5576 2770 5653 θξξπᾶσαν]
2796 5580 3005 5644 πάντας
3029 5583 3088 5636 Β.
3169 5584 3214 5616 ⁸⁸
3251 5583 3430 5653 τούτῳ
3452 5583 3534 5640 Β..
3560 5587 3687 5634 τού-

417 5649 525 5724 των
555 5634 753 5724 vnlg...-
780 5637 828 5724 ’.ξ
871 5634 1179 5724 Ίλλυρίδας.
1200 5634 1344 5724 conj.
1368 5636 1446 5724 'N.
1500 5637 1570 5724 1ξ⁶
1601 5639 1810 5723 ἐγίνετρ
1833 5648 1957 5710 post
1983 5634 2466 5724 liaisapad'di;
2516 5648 2560 5677 ⁸⁷
2580 5658 2639 5724 ct
2663 5634 2800 5704 intra
2823 5634 3153 5723 Λαυρέντέον
3183 5665 3236 5710 el
3564 5653 3685 5706 sine

419 5717 580 5757 causa
617 5703 763 5760 dedit
794 5703 1057 5760 Farisiua.
1137 5709 1179 5740 τε
1208 5703 1472 5779 ἡγεμόνες
1500 5708 1586 5776 1).,
1619 5703 1906 5780 ἡγεμόνων
1941 5711 2088 5781 vnlg.
2166 5703 2210 5745 ⁵³
2243 5713 2393 5780 οὗτος
2422 5717 2512 5784 11.,
2547 5719 2718 5784 οὕτως
2760 5703 2904 5793 vulg.
