  <div class='ocr_page' id='page_1' title='image "/cluster/home/n/w/nwhite01/storage/ocr_20150623/113/hvd.32044073502270/458.png"; bbox 0 0 3954 6210; ppageno 0'>
   <div class='ocr_carea' id='block_1_1' title="bbox 285 273 387 337">
    <p class='ocr_par' dir='ltr' id='par_1_1' title="bbox 285 273 387 337">
     <span class='ocr_line' id='line_1_1' title="bbox 285 273 387 337; baseline 0 -1"><span class='ocrx_word' id='word_1_1' title='bbox 285 273 387 337; x_wconf 74' lang='lat'><strong>909</strong></span> 
     </span>
    </p>
   </div>
   <div class='ocr_carea' id='block_1_2' title="bbox 1045 268 2751 347">
    <p class='ocr_par' dir='ltr' id='par_1_2' title="bbox 1045 268 2751 347">
     <span class='ocr_line' id='line_1_2' title="bbox 1045 268 2751 347; baseline -0.002 -14"><span class='ocrx_word' id='word_1_2' title='bbox 1045 275 1141 333; x_wconf 86' lang='lat' dir='ltr'>DE</span> <span class='ocrx_word' id='word_1_3' title='bbox 1184 271 1741 333; x_wconf 71' lang='lat' dir='ltr'><strong>LEGATIONIBUS</strong></span> <span class='ocrx_word' id='word_1_4' title='bbox 1782 270 2265 347; x_wconf 68' lang='lat' dir='ltr'><strong>ROMANORUM</strong></span> <span class='ocrx_word' id='word_1_5' title='bbox 2304 271 2403 329; x_wconf 78' lang='lat' dir='ltr'><strong>AD</strong></span> <span class='ocrx_word' id='word_1_6' title='bbox 2440 268 2751 330; x_wconf 82' lang='lat' dir='ltr'><strong>GENTES.</strong></span> 
     </span>
    </p>
   </div>
   <div class='ocr_carea' id='block_1_3' title="bbox 3425 276 3529 340">
    <p class='ocr_par' dir='ltr' id='par_1_3' title="bbox 3425 276 3529 340">
     <span class='ocr_line' id='line_1_3' title="bbox 3425 276 3529 340; baseline 0.058 -5"><span class='ocrx_word' id='word_1_7' title='bbox 3425 276 3529 340; x_wconf 80' lang='grc'><strong>910</strong></span> 
     </span>
    </p>
   </div>
   <div class='ocr_carea' id='block_1_4' title="bbox 287 381 1866 454">
    <p class='ocr_par' dir='ltr' id='par_1_4' title="bbox 287 381 1848 454">
     <span class='ocr_line' id='line_1_4' title="bbox 287 381 1848 454; baseline -0.003 -17"><span class='ocrx_word' id='word_1_8' title='bbox 287 402 436 437; x_wconf 82' lang='grc' dir='ltr'><strong>σεται</strong></span> <span class='ocrx_word' id='word_1_9' title='bbox 466 383 737 454; x_wconf 81' lang='grc' dir='ltr'>δύναμιν;</span> <span class='ocrx_word' id='word_1_10' title='bbox 793 388 1016 453; x_wconf 80' lang='grc' dir='ltr'>κρατεῖν</span> <span class='ocrx_word' id='word_1_11' title='bbox 1045 385 1153 451; x_wconf 80' lang='grc' dir='ltr'>γὰρ</span> <span class='ocrx_word' id='word_1_12' title='bbox 1190 384 1348 451; x_wconf 77' lang='grc' dir='ltr'>ἡμεῖς</span> <span class='ocrx_word' id='word_1_13' title='bbox 1403 381 1501 449; x_wconf 80' lang='grc' dir='ltr'>τῆς</span> <span class='ocrx_word' id='word_1_14' title='bbox 1564 382 1848 451; x_wconf 77' lang='grc' dir='ltr'><strong>ἀλλοτρίας</strong></span> 
     </span>
    </p>
   </div>
   <div class='ocr_carea' id='block_1_5' title="bbox 1972 381 3528 454">
    <p class='ocr_par' dir='ltr' id='par_1_5' title="bbox 1974 381 3528 451">
     <span class='ocr_line' id='line_1_5' title="bbox 1974 381 3528 451; baseline 0.008 -20"><span class='ocrx_word' id='word_1_15' title='bbox 1974 398 2057 433; x_wconf 85' lang='lat' dir='ltr'><strong>mn</strong></span> <span class='ocrx_word' id='word_1_16' title='bbox 2088 381 2281 432; x_wconf 86' lang='lat' dir='ltr'><strong>minori</strong></span> <span class='ocrx_word' id='word_1_17' title='bbox 2313 381 2561 448; x_wconf 80' lang='lat' dir='ltr'><strong>superbia</strong></span> <span class='ocrx_word' id='word_1_18' title='bbox 2607 392 2661 434; x_wconf 86' lang='lat' dir='ltr'><strong>ct</strong></span> <span class='ocrx_word' id='word_1_19' title='bbox 2695 385 3004 450; x_wconf 75' lang='lat' dir='ltr'><strong>arrogantia</strong></span> <span class='ocrx_word' id='word_1_20' title='bbox 3042 399 3164 451; x_wconf 76' lang='lat' dir='ltr'><strong>erga</strong></span> <span class='ocrx_word' id='word_1_21' title='bbox 3203 400 3298 439; x_wconf 85' lang='lat' dir='ltr'><strong>eos</strong></span> <span class='ocrx_word' id='word_1_22' title='bbox 3324 387 3528 443; x_wconf 76' lang='lat' dir='ltr'><strong>Avares</strong></span> 
     </span>
    </p>
   </div>
   <div class='ocr_carea' id='block_1_6' title="bbox 284 469 1854 543">
    <p class='ocr_par' dir='ltr' id='par_1_6' title="bbox 284 469 1854 543">
     <span class='ocr_line' id='line_1_6' title="bbox 284 469 1854 543; baseline -0.004 -16"><span class='ocrx_word' id='word_1_23' title='bbox 284 474 577 543; x_wconf 76' lang='grc' dir='ltr'><strong>εἰώθαμεν,</strong></span> <span class='ocrx_word' id='word_1_24' title='bbox 608 476 700 526; x_wconf 75' lang='grc' dir='ltr'><strong>καὶ</strong></span> <span class='ocrx_word' id='word_1_25' title='bbox 723 473 819 543; x_wconf 80' lang='grc' dir='ltr'>οὐχ</span> <span class='ocrx_word' id='word_1_26' title='bbox 846 473 1020 541; x_wconf 76' lang='grc' dir='ltr'>ἕτεροι</span> <span class='ocrx_word' id='word_1_27' title='bbox 1047 473 1144 540; x_wconf 80' lang='grc' dir='ltr'>τῆς</span> <span class='ocrx_word' id='word_1_28' title='bbox 1193 471 1510 541; x_wconf 78' lang='grc' dir='ltr'><strong>ἡμεδαπῆς.</strong></span> <span class='ocrx_word' id='word_1_29' title='bbox 1544 473 1653 523; x_wconf 69' lang='grc' dir='ltr'><strong>Καὶ</strong></span> <span class='ocrx_word' id='word_1_30' title='bbox 1678 469 1854 524; x_wconf 81' lang='grc' dir='ltr'>ταῦτα</span> 
     </span>
    </p>
   </div>
   <div class='ocr_carea' id='block_1_7' title="bbox 284 559 1851 637">
    <p class='ocr_par' dir='ltr' id='par_1_7' title="bbox 284 559 1851 637">
     <span class='ocr_line' id='line_1_7' title="bbox 284 559 1851 637; baseline -0.005 -18"><span class='ocrx_word' id='word_1_31' title='bbox 284 568 417 635; x_wconf 76' lang='grc' dir='ltr'>ἡμῖν</span> <span class='ocrx_word' id='word_1_32' title='bbox 447 570 505 620; x_wconf 81' lang='grc' dir='ltr'>ὲν</span> <span class='ocrx_word' id='word_1_33' title='bbox 538 566 760 637; x_wconf 86' lang='grc' dir='ltr'>βεϐαίῳ,</span> <span class='ocrx_word' id='word_1_34' title='bbox 796 567 956 635; x_wconf 89' lang='grc' dir='ltr'>μέχρι</span> <span class='ocrx_word' id='word_1_35' title='bbox 1006 564 1234 632; x_wconf 84' lang='grc' dir='ltr'>πόλεμοί</span> <span class='ocrx_word' id='word_1_36' title='bbox 1260 581 1319 615; x_wconf 79' lang='grc' dir='ltr'><strong>τε</strong></span> <span class='ocrx_word' id='word_1_37' title='bbox 1357 559 1457 615; x_wconf 82' lang='grc' dir='ltr'><strong>ὦσι</strong></span> <span class='ocrx_word' id='word_1_38' title='bbox 1520 564 1610 616; x_wconf 77' lang='grc' dir='ltr'>καὶ</span> <span class='ocrx_word' id='word_1_39' title='bbox 1640 563 1789 632; x_wconf 75' lang='grc' dir='ltr'>ξίφη.</span> <span class='ocrx_word' id='word_1_40' title='bbox 1835 581 1851 611; x_wconf 77' lang='grc' dir='ltr'><strong>ι</strong></span> 
     </span>
    </p>
   </div>
   <div class='ocr_carea' id='block_1_8' title="bbox 288 652 1859 725">
    <p class='ocr_par' dir='ltr' id='par_1_8' title="bbox 288 652 1859 725">
     <span class='ocr_line' id='line_1_8' title="bbox 288 652 1859 725; baseline -0.004 -16"><span class='ocrx_word' id='word_1_41' title='bbox 288 658 479 720; x_wconf 64' lang='grc' dir='ltr'>ὣῦτως</span> <span class='ocrx_word' id='word_1_42' title='bbox 518 656 1040 725; x_wconf 79' lang='grc' dir='ltr'>ἀπαυθαδισαμένων</span> <span class='ocrx_word' id='word_1_43' title='bbox 1067 655 1176 707; x_wconf 87' lang='grc' dir='ltr'><strong>τῶν</strong></span> <span class='ocrx_word' id='word_1_44' title='bbox 1225 653 1572 723; x_wconf 82' lang='grc' dir='ltr'>Σκλαϐηνῶν,</span> <span class='ocrx_word' id='word_1_45' title='bbox 1627 654 1725 705; x_wconf 75' lang='grc' dir='ltr'><strong>οὐκ</strong></span> <span class='ocrx_word' id='word_1_46' title='bbox 1768 652 1859 705; x_wconf 77' lang='grc' dir='ltr'><strong>ἄλ-</strong></span> 
     </span>
    </p>
   </div>
   <div class='ocr_carea' id='block_1_9' title="bbox 286 741 1859 817">
    <p class='ocr_par' dir='ltr' id='par_1_9' title="bbox 286 741 1859 817">
     <span class='ocr_line' id='line_1_9' title="bbox 286 741 1859 817; baseline -0.003 -21"><span class='ocrx_word' id='word_1_47' title='bbox 286 746 394 809; x_wconf 86' lang='grc' dir='ltr'><strong>λως</strong></span> <span class='ocrx_word' id='word_1_48' title='bbox 428 747 522 799; x_wconf 67' lang='grc' dir='ltr'>και).</span> <span class='ocrx_word' id='word_1_49' title='bbox 571 749 621 799; x_wconf 81' lang='grc' dir='ltr'>οἱ</span> <span class='ocrx_word' id='word_1_50' title='bbox 658 746 888 817; x_wconf 85' lang='grc' dir='ltr'>Ἀϐαροι</span> <span class='ocrx_word' id='word_1_51' title='bbox 916 744 1184 797; x_wconf 75' lang='grc' dir='ltr'><strong>διετέλουν</strong></span> <span class='ocrx_word' id='word_1_52' title='bbox 1236 743 1506 813; x_wconf 84' lang='grc' dir='ltr'>χρώμενοι</span> <span class='ocrx_word' id='word_1_53' title='bbox 1553 741 1859 812; x_wconf 82' lang='grc' dir='ltr'>μεγαληγο-</span> 
     </span>
    </p>
   </div>
   <div class='ocr_carea' id='block_1_10' title="bbox 290 832 1855 906">
    <p class='ocr_par' dir='ltr' id='par_1_10' title="bbox 290 832 1855 906">
     <span class='ocr_line' id='line_1_10' title="bbox 290 832 1855 906; baseline -0.004 -17"><span class='ocrx_word' id='word_1_54' title='bbox 290 839 431 906; x_wconf 83' lang='grc' dir='ltr'>ρίαις</span> <span class='ocrx_word' id='word_1_55' title='bbox 457 838 523 893; x_wconf 78' lang='lat'><strong>&quot;.</strong></span> <span class='ocrx_word' id='word_1_56' title='bbox 548 833 680 890; x_wconf 76' lang='grc' dir='ltr'>Εἶτα</span> <span class='ocrx_word' id='word_1_57' title='bbox 728 840 791 890; x_wconf 81' lang='grc' dir='ltr'><strong>ἐκ</strong></span> <span class='ocrx_word' id='word_1_58' title='bbox 823 836 1012 889; x_wconf 76' lang='grc' dir='ltr'>τούτου</span> <span class='ocrx_word' id='word_1_59' title='bbox 1044 834 1490 903; x_wconf 62' lang='grc' dir='ltr'>προπηλακισμοί</span> <span class='ocrx_word' id='word_1_60' title='bbox 1516 834 1610 886; x_wconf 81' lang='grc' dir='ltr'>καὶ</span> <span class='ocrx_word' id='word_1_61' title='bbox 1646 832 1855 902; x_wconf 79' lang='grc' dir='ltr'>ὕϐρεις.</span> 
     </span>
    </p>
   </div>
   <div class='ocr_carea' id='block_1_11' title="bbox 289 922 1856 998">
    <p class='ocr_par' dir='ltr' id='par_1_11' title="bbox 289 922 1856 998">
     <span class='ocr_line' id='line_1_11' title="bbox 289 922 1856 998; baseline -0.004 -16"><span class='ocrx_word' id='word_1_62' title='bbox 289 932 396 982; x_wconf 77' lang='grc' dir='ltr'><strong>Καὶ</strong></span> <span class='ocrx_word' id='word_1_63' title='bbox 456 929 551 982; x_wconf 79' lang='grc' dir='ltr'>ἅτε</span> <span class='ocrx_word' id='word_1_64' title='bbox 623 928 918 998; x_wconf 81' lang='grc' dir='ltr'>Βάρϐαροι,</span> <span class='ocrx_word' id='word_1_65' title='bbox 970 926 1047 997; x_wconf 79' lang='grc' dir='ltr'>τῷ</span> <span class='ocrx_word' id='word_1_66' title='bbox 1079 926 1121 956; x_wconf 77' lang='grc'><strong>’³⁸</strong></span> <span class='ocrx_word' id='word_1_67' title='bbox 1154 925 1365 995; x_wconf 85' lang='grc' dir='ltr'>σκληρά</span> <span class='ocrx_word' id='word_1_68' title='bbox 1424 942 1481 977; x_wconf 90' lang='grc' dir='ltr'><strong>τε</strong></span> <span class='ocrx_word' id='word_1_69' title='bbox 1513 926 1605 978; x_wconf 70' lang='grc' dir='ltr'><strong>καὶ</strong></span> <span class='ocrx_word' id='word_1_70' title='bbox 1641 922 1856 994; x_wconf 83' lang='grc' dir='ltr'><strong>ὀγκώδη</strong></span> 
     </span>
    </p>
   </div>
   <div class='ocr_carea' id='block_1_12' title="bbox 288 1012 1854 1087">
    <p class='ocr_par' dir='ltr' id='par_1_12' title="bbox 288 1012 1854 1087">
     <span class='ocr_line' id='line_1_12' title="bbox 288 1012 1854 1087; baseline -0.004 -18"><span class='ocrx_word' id='word_1_71' title='bbox 288 1019 607 1087; x_wconf 79' lang='grc' dir='ltr'>φρονήματα</span> <span class='ocrx_word' id='word_1_72' title='bbox 638 1017 799 1087; x_wconf 74' lang='grc' dir='ltr'>ἔχειν,</span> <span class='ocrx_word' id='word_1_73' title='bbox 828 1016 932 1087; x_wconf 81' lang='grc' dir='ltr'>τὴν</span> <span class='ocrx_word' id='word_1_74' title='bbox 960 1016 1034 1079; x_wconf 85' lang='grc' dir='ltr'>ὡς</span> <span class='ocrx_word' id='word_1_75' title='bbox 1059 1015 1321 1085; x_wconf 78' lang='grc' dir='ltr'>ἀλλήλους</span> <span class='ocrx_word' id='word_1_76' title='bbox 1349 1014 1685 1085; x_wconf 72' lang='grc' dir='ltr'>ἀνεσόϐησαν</span> <span class='ocrx_word' id='word_1_77' title='bbox 1718 1012 1854 1083; x_wconf 79' lang='grc' dir='ltr'>ἔριν.</span> 
     </span>
    </p>
   </div>
   <div class='ocr_carea' id='block_1_13' title="bbox 295 1105 1861 1177">
    <p class='ocr_par' dir='ltr' id='par_1_13' title="bbox 295 1105 1861 1177">
     <span class='ocr_line' id='line_1_13' title="bbox 295 1105 1861 1177; baseline -0.004 -15"><span class='ocrx_word' id='word_1_78' title='bbox 295 1112 403 1162; x_wconf 74' lang='grc' dir='ltr'><strong>Καὶ</strong></span> <span class='ocrx_word' id='word_1_79' title='bbox 472 1113 519 1162; x_wconf 75' lang='lat' dir='ltr'><strong>ei</strong></span> <span class='ocrx_word' id='word_1_80' title='bbox 571 1110 867 1177; x_wconf 77' lang='grc' dir='ltr'>Σκλαϐηνοὶ</span> <span class='ocrx_word' id='word_1_81' title='bbox 906 1108 968 1160; x_wconf 80' lang='grc' dir='ltr'>τὸ</span> <span class='ocrx_word' id='word_1_82' title='bbox 1047 1107 1193 1173; x_wconf 72' lang='grc' dir='ltr'>σφῶν</span> <span class='ocrx_word' id='word_1_83' title='bbox 1231 1106 1409 1159; x_wconf 83' lang='grc' dir='ltr'>αὐτῶν</span> <span class='ocrx_word' id='word_1_84' title='bbox 1482 1106 1695 1175; x_wconf 77' lang='grc' dir='ltr'><strong>ὀργίλον</strong></span> <span class='ocrx_word' id='word_1_85' title='bbox 1762 1105 1861 1174; x_wconf 83' lang='grc' dir='ltr'><strong>οὐχ</strong></span> 
     </span>
    </p>
   </div>
   <div class='ocr_carea' id='block_1_14' title="bbox 291 1194 1859 1269">
    <p class='ocr_par' dir='ltr' id='par_1_14' title="bbox 291 1194 1859 1269">
     <span class='ocr_line' id='line_1_14' title="bbox 291 1194 1859 1269; baseline -0.003 -18"><span class='ocrx_word' id='word_1_86' title='bbox 291 1194 479 1251; x_wconf 73' lang='grc' dir='ltr'>οἷοίτε</span> <span class='ocrx_word' id='word_1_87' title='bbox 528 1200 675 1261; x_wconf 74' lang='grc' dir='ltr'>ὄντες</span> <span class='ocrx_word' id='word_1_88' title='bbox 722 1198 1083 1269; x_wconf 83' lang='grc' dir='ltr'>ὲγχαλινῶσαι</span> <span class='ocrx_word' id='word_1_89' title='bbox 1138 1197 1263 1259; x_wconf 72' lang='grc' dir='ltr'>τοὺς</span> <span class='ocrx_word' id='word_1_90' title='bbox 1318 1198 1495 1249; x_wconf 75' lang='grc' dir='ltr'>ἐκεῖσε</span> <span class='ocrx_word' id='word_1_91' title='bbox 1528 1196 1859 1265; x_wconf 80' lang='grc' dir='ltr'><strong>ἀφιγμένους</strong></span> 
     </span>
    </p>
   </div>
   <div class='ocr_carea' id='block_1_15' title="bbox 288 1290 1859 1362">
    <p class='ocr_par' dir='ltr' id='par_1_15' title="bbox 288 1290 1859 1362">
     <span class='ocr_line' id='line_1_15' title="bbox 288 1290 1859 1362; baseline -0.003 -18"><span class='ocrx_word' id='word_1_92' title='bbox 288 1294 544 1362; x_wconf 79' lang='grc' dir='ltr'>πρέσϐεις</span> <span class='ocrx_word' id='word_1_93' title='bbox 586 1292 923 1362; x_wconf 78' lang='grc' dir='ltr'><strong>ἀναιροῦσιν,</strong></span> <span class='ocrx_word' id='word_1_94' title='bbox 968 1293 1043 1353; x_wconf 82' lang='grc' dir='ltr'>ὼς</span> <span class='ocrx_word' id='word_1_95' title='bbox 1088 1290 1355 1361; x_wconf 79' lang='grc' dir='ltr'><strong>ἑτέρωθεν</strong></span> <span class='ocrx_word' id='word_1_96' title='bbox 1385 1290 1575 1360; x_wconf 83' lang='grc' dir='ltr'>ἀμέλει</span> <span class='ocrx_word' id='word_1_97' title='bbox 1610 1290 1859 1341; x_wconf 76' lang='grc' dir='ltr'>ἔκπυστα</span> 
     </span>
    </p>
   </div>
   <div class='ocr_carea' id='block_1_16' title="bbox 288 1381 1862 1452">
    <p class='ocr_par' dir='ltr' id='par_1_16' title="bbox 288 1381 1862 1452">
     <span class='ocr_line' id='line_1_16' title="bbox 288 1381 1862 1452; baseline -0.003 -16"><span class='ocrx_word' id='word_1_98' title='bbox 288 1387 536 1451; x_wconf 75' lang='grc' dir='ltr'>γενέσθαι</span> <span class='ocrx_word' id='word_1_99' title='bbox 566 1384 733 1437; x_wconf 77' lang='grc' dir='ltr'>ταῦτα</span> <span class='ocrx_word' id='word_1_100' title='bbox 764 1381 1191 1452; x_wconf 47' lang='grc' dir='ltr'>Βαῖανῷετοῦτο</span> <span class='ocrx_word' id='word_1_101' title='bbox 1212 1381 1500 1450; x_wconf 79' lang='grc' dir='ltr'>τοιγαροῦν</span> <span class='ocrx_word' id='word_1_102' title='bbox 1520 1381 1661 1435; x_wconf 76' lang='grc' dir='ltr'>κατὰ</span> <span class='ocrx_word' id='word_1_103' title='bbox 1693 1381 1862 1433; x_wconf 86' lang='grc' dir='ltr'>Σκλα-</span> 
     </span>
    </p>
   </div>
   <div class='ocr_carea' id='block_1_17' title="bbox 290 1471 1858 1544">
    <p class='ocr_par' dir='ltr' id='par_1_17' title="bbox 290 1471 1858 1544">
     <span class='ocr_line' id='line_1_17' title="bbox 290 1471 1858 1544; baseline -0.003 -17"><span class='ocrx_word' id='word_1_104' title='bbox 290 1476 468 1542; x_wconf 65' lang='grc' dir='ltr'>ϐηνῶν</span> <span class='ocrx_word' id='word_1_105' title='bbox 505 1475 781 1544; x_wconf 75' lang='grc' dir='ltr'>ἐπίκλημα</span> <span class='ocrx_word' id='word_1_106' title='bbox 813 1474 1135 1544; x_wconf 73' lang='grc' dir='ltr'>ποιούμενος</span> <span class='ocrx_word' id='word_1_107' title='bbox 1171 1476 1234 1526; x_wconf 83' lang='grc' dir='ltr'>ἐκ</span> <span class='ocrx_word' id='word_1_108' title='bbox 1288 1472 1486 1525; x_wconf 84' lang='grc' dir='ltr'>πολλοῦ</span> <span class='ocrx_word' id='word_1_109' title='bbox 1531 1474 1559 1524; x_wconf 88' lang='grc' dir='ltr'>ὁ</span> <span class='ocrx_word' id='word_1_110' title='bbox 1610 1471 1858 1533; x_wconf 80' lang='grc' dir='ltr'>Βαῖανδς,</span> 
     </span>
    </p>
   </div>
   <div class='ocr_carea' id='block_1_18' title="bbox 293 1553 1863 1636">
    <p class='ocr_par' dir='ltr' id='par_1_18' title="bbox 293 1553 1863 1636">
     <span class='ocr_line' id='line_1_18' title="bbox 293 1553 1863 1636; baseline -0.004 -17"><span class='ocrx_word' id='word_1_111' title='bbox 293 1567 387 1619; x_wconf 71' lang='grc' dir='ltr'>καὶ</span> <span class='ocrx_word' id='word_1_112' title='bbox 458 1565 795 1636; x_wconf 75' lang='grc' dir='ltr'>ὐποκρύφιον</span> <span class='ocrx_word' id='word_1_113' title='bbox 852 1567 988 1635; x_wconf 86' lang='grc' dir='ltr'>ἔχων</span> <span class='ocrx_word' id='word_1_114' title='bbox 1051 1565 1127 1628; x_wconf 80' lang='grc' dir='ltr'>ὡς</span> <span class='ocrx_word' id='word_1_115' title='bbox 1180 1553 1377 1626; x_wconf 76' lang='grc' dir='ltr'>αὐτοὺς</span> <span class='ocrx_word' id='word_1_116' title='bbox 1426 1562 1485 1615; x_wconf 77' lang='grc' dir='ltr'><strong>τὺ</strong></span> <span class='ocrx_word' id='word_1_117' title='bbox 1537 1561 1715 1632; x_wconf 73' lang='grc' dir='ltr'>ἔχθος,</span> <span class='ocrx_word' id='word_1_118' title='bbox 1767 1560 1863 1613; x_wconf 77' lang='grc' dir='ltr'><strong>καὶ</strong></span> 
     </span>
    </p>
   </div>
   <div class='ocr_carea' id='block_1_19' title="bbox 290 1656 1854 1729">
    <p class='ocr_par' dir='ltr' id='par_1_19' title="bbox 290 1656 1854 1729">
     <span class='ocr_line' id='line_1_19' title="bbox 290 1656 1854 1729; baseline -0.005 -15"><span class='ocrx_word' id='word_1_119' title='bbox 290 1660 463 1723; x_wconf 83' lang='grc' dir='ltr'>ἄλλως</span> <span class='ocrx_word' id='word_1_120' title='bbox 496 1661 803 1729; x_wconf 74' lang='grc' dir='ltr'>ἀσχάλλων,</span> <span class='ocrx_word' id='word_1_121' title='bbox 850 1660 931 1712; x_wconf 82' lang='grc' dir='ltr'>ὅτι</span> <span class='ocrx_word' id='word_1_122' title='bbox 976 1658 1125 1729; x_wconf 74' lang='grc' dir='ltr'>αὐτῷ</span> <span class='ocrx_word' id='word_1_123' title='bbox 1150 1658 1381 1728; x_wconf 83' lang='grc' dir='ltr'>ὑπήκοοι</span> <span class='ocrx_word' id='word_1_124' title='bbox 1425 1656 1525 1709; x_wconf 86' lang='grc' dir='ltr'>οὐκ</span> <span class='ocrx_word' id='word_1_125' title='bbox 1582 1656 1854 1723; x_wconf 73' lang='grc' dir='ltr'>ἐγένοντο,</span> 
     </span>
    </p>
   </div>
   <div class='ocr_carea' id='block_1_20' title="bbox 295 1744 1850 1818">
    <p class='ocr_par' dir='ltr' id='par_1_20' title="bbox 295 1744 1850 1818">
     <span class='ocr_line' id='line_1_20' title="bbox 295 1744 1850 1818; baseline -0.005 -15"><span class='ocrx_word' id='word_1_126' title='bbox 295 1751 367 1817; x_wconf 81' lang='grc' dir='ltr'><strong>μή</strong></span> <span class='ocrx_word' id='word_1_127' title='bbox 407 1750 458 1800; x_wconf 90' lang='grc' dir='ltr'><strong>τί</strong></span> <span class='ocrx_word' id='word_1_128' title='bbox 484 1766 545 1817; x_wconf 89' lang='grc' dir='ltr'><strong>γε</strong></span> <span class='ocrx_word' id='word_1_129' title='bbox 586 1750 721 1818; x_wconf 70' lang='grc' dir='ltr'>πρὸς</span> <span class='ocrx_word' id='word_1_130' title='bbox 752 1749 931 1801; x_wconf 80' lang='grc' dir='ltr'>αὐτῶν</span> <span class='ocrx_word' id='word_1_131' title='bbox 973 1749 1067 1799; x_wconf 70' lang='grc' dir='ltr'><strong>καὶ</strong></span> <span class='ocrx_word' id='word_1_132' title='bbox 1098 1748 1163 1800; x_wconf 85' lang='grc' dir='ltr'><strong>τὰ</strong></span> <span class='ocrx_word' id='word_1_133' title='bbox 1194 1748 1470 1816; x_wconf 75' lang='grc' dir='ltr'><strong>ἀνήκεστα</strong></span> <span class='ocrx_word' id='word_1_134' title='bbox 1499 1744 1850 1805; x_wconf 80' lang='grc' dir='ltr'>πεπονθέναι,</span> 
     </span>
    </p>
   </div>
   <div class='ocr_carea' id='block_1_21' title="bbox 1962 470 3534 541">
    <p class='ocr_par' dir='ltr' id='par_1_21' title="bbox 1962 470 3534 541">
     <span class='ocr_line' id='line_1_21' title="bbox 1962 470 3534 541; baseline 0.003 -17"><span class='ocrx_word' id='word_1_135' title='bbox 1962 483 2085 525; x_wconf 79' lang='lat' dir='ltr'><strong>sant</strong></span> <span class='ocrx_word' id='word_1_136' title='bbox 2119 473 2223 525; x_wconf 91' lang='lat' dir='ltr'><strong>nsi.</strong></span> <span class='ocrx_word' id='word_1_137' title='bbox 2276 470 2408 526; x_wconf 84' lang='lat' dir='ltr'><strong>llinc</strong></span> <span class='ocrx_word' id='word_1_138' title='bbox 2460 472 2511 524; x_wconf 94' lang='lat' dir='ltr'><strong>in</strong></span> <span class='ocrx_word' id='word_1_139' title='bbox 2562 473 2759 541; x_wconf 87' lang='lat' dir='ltr'><strong>probra</strong></span> <span class='ocrx_word' id='word_1_140' title='bbox 2810 482 2864 525; x_wconf 91' lang='lat' dir='ltr'><strong>et</strong></span> <span class='ocrx_word' id='word_1_141' title='bbox 2894 475 3135 527; x_wconf 83' lang='lat' dir='ltr'><strong>convicia</strong></span> <span class='ocrx_word' id='word_1_142' title='bbox 3166 476 3320 539; x_wconf 87' lang='lat' dir='ltr'><strong>ilum,</strong></span> <span class='ocrx_word' id='word_1_143' title='bbox 3376 486 3431 530; x_wconf 88' lang='lat' dir='ltr'><strong>et</strong></span> <span class='ocrx_word' id='word_1_144' title='bbox 3477 490 3534 529; x_wconf 90' lang='lat' dir='ltr'><strong>ut</strong></span> 
     </span>
    </p>
   </div>
   <div class='ocr_carea' id='block_1_22' title="bbox 1964 563 3532 635">
    <p class='ocr_par' dir='ltr' id='par_1_22' title="bbox 1964 563 3532 635">
     <span class='ocr_line' id='line_1_22' title="bbox 1964 563 3532 635; baseline 0.004 -20"><span class='ocrx_word' id='word_1_145' title='bbox 1964 563 2323 616; x_wconf 84' lang='lat' dir='ltr'><strong>Barbarormn</strong></span> <span class='ocrx_word' id='word_1_146' title='bbox 2342 574 2424 617; x_wconf 89' lang='lat' dir='ltr'><strong>est</strong></span> <span class='ocrx_word' id='word_1_147' title='bbox 2450 563 2600 616; x_wconf 77' lang='lat' dir='ltr'><strong>ferox</strong></span> <span class='ocrx_word' id='word_1_148' title='bbox 2624 571 2678 617; x_wconf 88' lang='lat' dir='ltr'><strong>et</strong></span> <span class='ocrx_word' id='word_1_149' title='bbox 2701 564 2968 633; x_wconf 91' lang='lat' dir='ltr'><strong>impotens</strong></span> <span class='ocrx_word' id='word_1_150' title='bbox 2986 566 3279 635; x_wconf 82' lang='lat' dir='ltr'><strong>ingenium,</strong></span> <span class='ocrx_word' id='word_1_151' title='bbox 3304 570 3355 621; x_wconf 91' lang='lat' dir='ltr'><strong>in</strong></span> <span class='ocrx_word' id='word_1_152' title='bbox 3386 568 3532 622; x_wconf 81' lang='lat' dir='ltr'><strong>rixas</strong></span> 
     </span>
    </p>
   </div>
   <div class='ocr_carea' id='block_1_23' title="bbox 1961 657 3531 728">
    <p class='ocr_par' dir='ltr' id='par_1_23' title="bbox 1961 657 3531 728">
     <span class='ocr_line' id='line_1_23' title="bbox 1961 657 3531 728; baseline 0.003 -18"><span class='ocrx_word' id='word_1_153' title='bbox 1961 667 2013 710; x_wconf 90' lang='lat' dir='ltr'><strong>et</strong></span> <span class='ocrx_word' id='word_1_154' title='bbox 2064 658 2437 711; x_wconf 74' lang='lat' dir='ltr'><strong>contentiones</strong></span> <span class='ocrx_word' id='word_1_155' title='bbox 2466 658 2610 711; x_wconf 91' lang='lat' dir='ltr'><strong>inter</strong></span> <span class='ocrx_word' id='word_1_156' title='bbox 2640 672 2699 712; x_wconf 91' lang='lat' dir='ltr'><strong>se</strong></span> <span class='ocrx_word' id='word_1_157' title='bbox 2746 658 3049 728; x_wconf 62' lang='lat' dir='ltr'><strong>praecipites</strong></span> <span class='ocrx_word' id='word_1_158' title='bbox 3076 657 3227 713; x_wconf 83' lang='lat' dir='ltr'><strong>ferri.</strong></span> <span class='ocrx_word' id='word_1_159' title='bbox 3292 658 3531 714; x_wconf 88' lang='lat' dir='ltr'><strong>Sclavini</strong></span> 
     </span>
    </p>
   </div>
   <div class='ocr_carea' id='block_1_24' title="bbox 1960 746 3531 821">
    <p class='ocr_par' dir='ltr' id='par_1_24' title="bbox 1960 746 3531 821">
     <span class='ocr_line' id='line_1_24' title="bbox 1960 746 3531 821; baseline 0.005 -22"><span class='ocrx_word' id='word_1_160' title='bbox 1960 761 2082 799; x_wconf 87' lang='lat' dir='ltr'><strong>Cum</strong></span> <span class='ocrx_word' id='word_1_161' title='bbox 2136 746 2231 799; x_wconf 56' lang='lat' dir='ltr'><strong>irae</strong></span> <span class='ocrx_word' id='word_1_162' title='bbox 2286 749 2552 802; x_wconf 88' lang='lat' dir='ltr'><strong>moderari</strong></span> <span class='ocrx_word' id='word_1_163' title='bbox 2600 749 2905 818; x_wconf 88' lang='lat' dir='ltr'><strong>nequirent,</strong></span> <span class='ocrx_word' id='word_1_164' title='bbox 2932 750 3183 821; x_wconf 61' lang='lat' dir='ltr'><strong>(legatos,</strong></span> <span class='ocrx_word' id='word_1_165' title='bbox 3235 754 3325 818; x_wconf 87' lang='lat' dir='ltr'><strong>qui</strong></span> <span class='ocrx_word' id='word_1_166' title='bbox 3377 753 3443 805; x_wconf 92' lang='lat' dir='ltr'><strong>ad</strong></span> <span class='ocrx_word' id='word_1_167' title='bbox 3475 768 3531 807; x_wconf 82' lang='lat' dir='ltr'><strong>se</strong></span> 
     </span>
    </p>
   </div>
   <div class='ocr_carea' id='block_1_25' title="bbox 1962 844 3533 917">
    <p class='ocr_par' dir='ltr' id='par_1_25' title="bbox 1962 844 3533 917">
     <span class='ocr_line' id='line_1_25' title="bbox 1962 844 3533 917; baseline 0.008 -28"><span class='ocrx_word' id='word_1_168' title='bbox 1962 849 2243 905; x_wconf 84' lang='lat' dir='ltr'><strong>venerant,</strong></span> <span class='ocrx_word' id='word_1_169' title='bbox 2280 844 2616 910; x_wconf 84' lang='lat' dir='ltr'><strong>occiderunt,</strong></span> <span class='ocrx_word' id='word_1_170' title='bbox 2671 845 2813 913; x_wconf 87' lang='lat' dir='ltr'><strong>quod</strong></span> <span class='ocrx_word' id='word_1_171' title='bbox 2864 848 3037 913; x_wconf 89' lang='lat' dir='ltr'><strong>ipsum</strong></span> <span class='ocrx_word' id='word_1_172' title='bbox 3082 863 3179 915; x_wconf 86' lang='lat' dir='ltr'><strong>per</strong></span> <span class='ocrx_word' id='word_1_173' title='bbox 3216 848 3351 902; x_wconf 83' lang='lat' dir='ltr'><strong>alios</strong></span> <span class='ocrx_word' id='word_1_174' title='bbox 3384 847 3533 917; x_wconf 85' lang='lat' dir='ltr'><strong>Baja-</strong></span> 
     </span>
    </p>
   </div>
   <div class='ocr_carea' id='block_1_26' title="bbox 1963 932 3534 1009">
    <p class='ocr_par' dir='ltr' id='par_1_26' title="bbox 1963 932 3534 1009">
     <span class='ocr_line' id='line_1_26' title="bbox 1963 932 3534 1009; baseline 0.008 -28"><span class='ocrx_word' id='word_1_175' title='bbox 1963 945 2063 983; x_wconf 88' lang='lat' dir='ltr'><strong>nus</strong></span> <span class='ocrx_word' id='word_1_176' title='bbox 2095 932 2302 984; x_wconf 77' lang='lat' dir='ltr'><strong>reSeiit.</strong></span> <span class='ocrx_word' id='word_1_177' title='bbox 2353 934 2488 987; x_wconf 85' lang='lat' dir='ltr'><strong>Cum</strong></span> <span class='ocrx_word' id='word_1_178' title='bbox 2525 935 2690 1002; x_wconf 77' lang='lat' dir='ltr'><strong>igitur</strong></span> <span class='ocrx_word' id='word_1_179' title='bbox 2735 952 2763 989; x_wconf 88' lang='lat' dir='ltr'><strong>a</strong></span> <span class='ocrx_word' id='word_1_180' title='bbox 2794 938 2964 992; x_wconf 92' lang='lat' dir='ltr'><strong>multo</strong></span> <span class='ocrx_word' id='word_1_181' title='bbox 3008 938 3129 993; x_wconf 89' lang='lat' dir='ltr'><strong>inde</strong></span> <span class='ocrx_word' id='word_1_182' title='bbox 3167 941 3534 1009; x_wconf 87' lang='lat' dir='ltr'><strong>temporehoc</strong></span> 
     </span>
    </p>
   </div>
   <div class='ocr_carea' id='block_1_27' title="bbox 1958 1021 3529 1093">
    <p class='ocr_par' dir='ltr' id='par_1_27' title="bbox 1958 1021 3529 1093">
     <span class='ocr_line' id='line_1_27' title="bbox 1958 1021 3529 1093; baseline 0.007 -22"><span class='ocrx_word' id='word_1_183' title='bbox 1958 1021 2208 1083; x_wconf 81' lang='lat' dir='ltr'><strong>haberet,</strong></span> <span class='ocrx_word' id='word_1_184' title='bbox 2243 1022 2383 1091; x_wconf 88' lang='lat' dir='ltr'><strong>quod</strong></span> <span class='ocrx_word' id='word_1_185' title='bbox 2426 1022 2530 1076; x_wconf 89' lang='lat' dir='ltr'><strong>illis</strong></span> <span class='ocrx_word' id='word_1_186' title='bbox 2562 1022 2847 1093; x_wconf 83' lang='lat' dir='ltr'><strong>objiceret,</strong></span> <span class='ocrx_word' id='word_1_187' title='bbox 2881 1028 3213 1082; x_wconf 87' lang='lat' dir='ltr'><strong>reconditum</strong></span> <span class='ocrx_word' id='word_1_188' title='bbox 3258 1029 3439 1083; x_wconf 88' lang='lat' dir='ltr'><strong>odium</strong></span> <span class='ocrx_word' id='word_1_189' title='bbox 3478 1031 3529 1083; x_wconf 91' lang='lat' dir='ltr'><strong>in</strong></span> 
     </span>
    </p>
   </div>
   <div class='ocr_carea' id='block_1_28' title="bbox 1961 1101 3533 1188">
    <p class='ocr_par' dir='ltr' id='par_1_28' title="bbox 1961 1101 3533 1188">
     <span class='ocr_line' id='line_1_28' title="bbox 1961 1101 3533 1188; baseline 0.006 -25"><span class='ocrx_word' id='word_1_190' title='bbox 1961 1122 2177 1181; x_wconf 85' lang='lat' dir='ltr'><strong>pectore</strong></span> <span class='ocrx_word' id='word_1_191' title='bbox 2226 1113 2467 1181; x_wconf 82' lang='lat' dir='ltr'><strong>gerebat,</strong></span> <span class='ocrx_word' id='word_1_192' title='bbox 2508 1123 2672 1185; x_wconf 88' lang='lat' dir='ltr'><strong>atque</strong></span> <span class='ocrx_word' id='word_1_193' title='bbox 2703 1101 2863 1181; x_wconf 62' lang='lat' dir='ltr'><strong>adeo,</strong></span> <span class='ocrx_word' id='word_1_194' title='bbox 2893 1119 3018 1186; x_wconf 85' lang='lat' dir='ltr'><strong>quia</strong></span> <span class='ocrx_word' id='word_1_195' title='bbox 3053 1120 3313 1188; x_wconf 87' lang='lat' dir='ltr'><strong>imperata</strong></span> <span class='ocrx_word' id='word_1_196' title='bbox 3354 1119 3533 1174; x_wconf 79' lang='lat' dir='ltr'><strong>facere</strong></span> 
     </span>
    </p>
   </div>
   <div class='ocr_carea' id='block_1_29' title="bbox 1962 1203 3533 1280">
    <p class='ocr_par' dir='ltr' id='par_1_29' title="bbox 1962 1203 3533 1280">
     <span class='ocr_line' id='line_1_29' title="bbox 1962 1203 3533 1280; baseline 0.006 -25"><span class='ocrx_word' id='word_1_197' title='bbox 1962 1203 2266 1267; x_wconf 84' lang='lat' dir='ltr'><strong>noluerant,</strong></span> <span class='ocrx_word' id='word_1_198' title='bbox 2310 1204 2534 1259; x_wconf 86' lang='lat' dir='ltr'><strong>moleste</strong></span> <span class='ocrx_word' id='word_1_199' title='bbox 2567 1204 2795 1269; x_wconf 85' lang='lat' dir='ltr'><strong>ferebat,</strong></span> <span class='ocrx_word' id='word_1_200' title='bbox 2827 1218 3181 1279; x_wconf 66' lang='lat' dir='ltr'><strong>praeterquam</strong></span> <span class='ocrx_word' id='word_1_201' title='bbox 3210 1210 3351 1280; x_wconf 88' lang='lat' dir='ltr'><strong>quod</strong></span> <span class='ocrx_word' id='word_1_202' title='bbox 3382 1226 3533 1265; x_wconf 88' lang='lat' dir='ltr'><strong>sum-</strong></span> 
     </span>
    </p>
   </div>
   <div class='ocr_carea' id='block_1_30' title="bbox 1963 1288 3534 1367">
    <p class='ocr_par' dir='ltr' id='par_1_30' title="bbox 1963 1288 3534 1367">
     <span class='ocr_line' id='line_1_30' title="bbox 1963 1288 3534 1367; baseline 0.009 -28"><span class='ocrx_word' id='word_1_203' title='bbox 1963 1305 2102 1342; x_wconf 85' lang='lat' dir='ltr'><strong>mam</strong></span> <span class='ocrx_word' id='word_1_204' title='bbox 2135 1288 2385 1359; x_wconf 83' lang='lat' dir='ltr'><strong>injuriam</strong></span> <span class='ocrx_word' id='word_1_205' title='bbox 2434 1292 2500 1345; x_wconf 91' lang='lat' dir='ltr'><strong>ab</strong></span> <span class='ocrx_word' id='word_1_206' title='bbox 2529 1292 2633 1346; x_wconf 90' lang='lat' dir='ltr'><strong>illis</strong></span> <span class='ocrx_word' id='word_1_207' title='bbox 2668 1305 2982 1361; x_wconf 84' lang='lat' dir='ltr'><strong>acceperat;</strong></span> <span class='ocrx_word' id='word_1_208' title='bbox 3025 1307 3137 1350; x_wconf 91' lang='lat' dir='ltr'><strong>tum</strong></span> <span class='ocrx_word' id='word_1_209' title='bbox 3173 1314 3387 1367; x_wconf 87' lang='lat' dir='ltr'><strong>quoque</strong></span> <span class='ocrx_word' id='word_1_210' title='bbox 3420 1298 3534 1353; x_wconf 66' lang='lat' dir='ltr'><strong>Cae-</strong></span> 
     </span>
    </p>
   </div>
   <div class='ocr_carea' id='block_1_31' title="bbox 1962 1380 3532 1456">
    <p class='ocr_par' dir='ltr' id='par_1_31' title="bbox 1962 1380 3532 1456">
     <span class='ocr_line' id='line_1_31' title="bbox 1962 1380 3532 1456; baseline 0.008 -25"><span class='ocrx_word' id='word_1_211' title='bbox 1962 1380 2073 1432; x_wconf 83' lang='lat' dir='ltr'><strong>sari</strong></span> <span class='ocrx_word' id='word_1_212' title='bbox 2099 1384 2385 1448; x_wconf 80' lang='lat' dir='ltr'><strong>gratiﬁcari</strong></span> <span class='ocrx_word' id='word_1_213' title='bbox 2409 1383 2639 1438; x_wconf 84' lang='lat' dir='ltr'><strong>volebat.</strong></span> <span class='ocrx_word' id='word_1_214' title='bbox 2662 1386 2969 1441; x_wconf 82' lang='lat' dir='ltr'><strong>Accedebat</strong></span> <span class='ocrx_word' id='word_1_215' title='bbox 2994 1389 3134 1456; x_wconf 89' lang='lat' dir='ltr'><strong>quod</strong></span> <span class='ocrx_word' id='word_1_216' title='bbox 3164 1390 3387 1443; x_wconf 88' lang='lat' dir='ltr'><strong>multqu</strong></span> <span class='ocrx_word' id='word_1_217' title='bbox 3414 1393 3532 1444; x_wconf 88' lang='lat' dir='ltr'><strong>auri</strong></span> 
     </span>
    </p>
   </div>
   <div class='ocr_carea' id='block_1_32' title="bbox 1964 1469 3532 1551">
    <p class='ocr_par' dir='ltr' id='par_1_32' title="bbox 1964 1469 3532 1551">
     <span class='ocr_line' id='line_1_32' title="bbox 1964 1469 3532 1551; baseline 0.007 -27"><span class='ocrx_word' id='word_1_218' title='bbox 1964 1484 2021 1524; x_wconf 90' lang='lat' dir='ltr'><strong>se</strong></span> <span class='ocrx_word' id='word_1_219' title='bbox 2062 1469 2114 1523; x_wconf 93' lang='lat' dir='ltr'><strong>in</strong></span> <span class='ocrx_word' id='word_1_220' title='bbox 2170 1485 2357 1525; x_wconf 91' lang='lat' dir='ltr'><strong>eorum</strong></span> <span class='ocrx_word' id='word_1_221' title='bbox 2394 1475 2614 1544; x_wconf 78' lang='lat' dir='ltr'><strong>regione</strong></span> <span class='ocrx_word' id='word_1_222' title='bbox 2668 1488 3005 1546; x_wconf 86' lang='lat' dir='ltr'><strong>reperturum</strong></span> <span class='ocrx_word' id='word_1_223' title='bbox 3062 1481 3353 1548; x_wconf 85' lang='lat' dir='ltr'><strong>sperabat,</strong></span> <span class='ocrx_word' id='word_1_224' title='bbox 3408 1483 3532 1551; x_wconf 89' lang='lat' dir='ltr'><strong>quia</strong></span> 
     </span>
    </p>
   </div>
   <div class='ocr_carea' id='block_1_33' title="bbox 1965 1562 3533 1641">
    <p class='ocr_par' dir='ltr' id='par_1_33' title="bbox 1965 1562 3533 1641">
     <span class='ocr_line' id='line_1_33' title="bbox 1965 1562 3533 1641; baseline 0.008 -27"><span class='ocrx_word' id='word_1_225' title='bbox 1965 1562 2201 1617; x_wconf 87' lang='lat' dir='ltr'><strong>Sclaviui</strong></span> <span class='ocrx_word' id='word_1_226' title='bbox 2248 1564 2454 1617; x_wconf 80' lang='lat' dir='ltr'><strong>vicinas</strong></span> <span class='ocrx_word' id='word_1_227' title='bbox 2511 1566 2877 1620; x_wconf 79' lang='lat' dir='ltr'><strong>Romanorum</strong></span> <span class='ocrx_word' id='word_1_228' title='bbox 2911 1580 3084 1624; x_wconf 90' lang='lat' dir='ltr'><strong>terras</strong></span> <span class='ocrx_word' id='word_1_229' title='bbox 3110 1586 3255 1641; x_wconf 71' lang='lat' dir='ltr'><strong>smpe</strong></span> <span class='ocrx_word' id='word_1_230' title='bbox 3285 1584 3533 1627; x_wconf 84' lang='lat' dir='ltr'><strong>vastave—</strong></span> 
     </span>
    </p>
   </div>
   <div class='ocr_carea' id='block_1_34' title="bbox 1968 1656 3533 1733">
    <p class='ocr_par' dir='ltr' id='par_1_34' title="bbox 1968 1656 3533 1733">
     <span class='ocr_line' id='line_1_34' title="bbox 1968 1656 3533 1733; baseline 0.008 -28"><span class='ocrx_word' id='word_1_231' title='bbox 1968 1663 2108 1717; x_wconf 89' lang='lat' dir='ltr'><strong>rant,</strong></span> <span class='ocrx_word' id='word_1_232' title='bbox 2140 1656 2377 1723; x_wconf 85' lang='lat' dir='ltr'><strong>ipsormn</strong></span> <span class='ocrx_word' id='word_1_233' title='bbox 2405 1666 2585 1710; x_wconf 89' lang='lat' dir='ltr'><strong>autem</strong></span> <span class='ocrx_word' id='word_1_234' title='bbox 2612 1656 2746 1712; x_wconf 81' lang='lat' dir='ltr'><strong>ﬁnes</strong></span> <span class='ocrx_word' id='word_1_235' title='bbox 2770 1672 2798 1709; x_wconf 88' lang='lat' dir='ltr'><strong>a</strong></span> <span class='ocrx_word' id='word_1_236' title='bbox 2830 1658 2969 1712; x_wconf 90' lang='lat' dir='ltr'><strong>nulla</strong></span> <span class='ocrx_word' id='word_1_237' title='bbox 3000 1660 3104 1714; x_wconf 83' lang='lat' dir='ltr'><strong>alia</strong></span> <span class='ocrx_word' id='word_1_238' title='bbox 3121 1671 3278 1729; x_wconf 71' lang='lat' dir='ltr'><strong>gente</strong></span> <span class='ocrx_word' id='word_1_239' title='bbox 3295 1678 3533 1733; x_wconf 85' lang='lat' dir='ltr'><strong>unquam</strong></span> 
     </span>
    </p>
   </div>
   <div class='ocr_carea' id='block_1_35' title="bbox 1960 1742 2409 1799">
    <p class='ocr_par' dir='ltr' id='par_1_35' title="bbox 1960 1742 2409 1799">
     <span class='ocr_line' id='line_1_35' title="bbox 1960 1742 2409 1799; baseline 0.004 -2"><span class='ocrx_word' id='word_1_240' title='bbox 1960 1742 2197 1798; x_wconf 82' lang='lat' dir='ltr'><strong>infestati</strong></span> <span class='ocrx_word' id='word_1_241' title='bbox 2231 1756 2409 1799; x_wconf 81' lang='lat' dir='ltr'><strong>erant.</strong></span> 
     </span>
    </p>
   </div>
   <div class='ocr_carea' id='block_1_36' title="bbox 292 1830 3533 1921">
    <p class='ocr_par' dir='ltr' id='par_1_36' title="bbox 292 1830 3533 1921">
     <span class='ocr_line' id='line_1_36' title="bbox 292 1830 3533 1921; baseline 0.002 -26"><span class='ocrx_word' id='word_1_242' title='bbox 292 1845 386 1895; x_wconf 73' lang='grc' dir='ltr'><strong>καὶ</strong></span> <span class='ocrx_word' id='word_1_243' title='bbox 416 1830 530 1911; x_wconf 79' lang='grc' dir='ltr'><strong>ᾰ’μα</strong></span> <span class='ocrx_word' id='word_1_244' title='bbox 565 1844 660 1912; x_wconf 83' lang='grc' dir='ltr'><strong>μὲν</strong></span> <span class='ocrx_word' id='word_1_245' title='bbox 688 1844 847 1913; x_wconf 82' lang='grc' dir='ltr'>χάριν</span> <span class='ocrx_word' id='word_1_246' title='bbox 897 1841 1094 1894; x_wconf 78' lang='grc' dir='ltr'>εἰδέναι</span> <span class='ocrx_word' id='word_1_247' title='bbox 1125 1840 1448 1912; x_wconf 83' lang='grc' dir='ltr'>βουλόμενος</span> <span class='ocrx_word' id='word_1_248' title='bbox 1480 1840 1560 1910; x_wconf 84' lang='grc' dir='ltr'>τῷ</span> <span class='ocrx_word' id='word_1_249' title='bbox 1603 1837 1863 1908; x_wconf 81' lang='grc' dir='ltr'>Καίσαρι,</span> <span class='ocrx_word' id='word_1_250' title='bbox 1903 1838 2020 1906; x_wconf 79' lang='grc' dir='ltr'>ἃμα</span> <span class='ocrx_word' id='word_1_251' title='bbox 2049 1839 2141 1890; x_wconf 70' lang='grc' dir='ltr'>καὶ</span> <span class='ocrx_word' id='word_1_252' title='bbox 2182 1839 2601 1909; x_wconf 79' lang='grc' dir='ltr'><strong>πολυχρήματον</strong></span> <span class='ocrx_word' id='word_1_253' title='bbox 2669 1841 2768 1912; x_wconf 74' lang='grc' dir='ltr'>τὴν</span> <span class='ocrx_word' id='word_1_254' title='bbox 2806 1842 2990 1913; x_wconf 87' lang='grc' dir='ltr'>χώραν</span> <span class='ocrx_word' id='word_1_255' title='bbox 3055 1846 3313 1914; x_wconf 83' lang='grc' dir='ltr'>εὑρήσειν</span> <span class='ocrx_word' id='word_1_256' title='bbox 3350 1850 3533 1921; x_wconf 78' lang='grc' dir='ltr'>οἰόμε-</span> 
     </span>
    </p>
   </div>
   <div class='ocr_carea' id='block_1_37' title="bbox 290 1928 2057 2003">
    <p class='ocr_par' dir='ltr' id='par_1_37' title="bbox 290 1928 2057 2003">
     <span class='ocr_line' id='line_1_37' title="bbox 290 1928 2057 2003; baseline -0.005 -15"><span class='ocrx_word' id='word_1_257' title='bbox 290 1951 399 1997; x_wconf 85' lang='grc' dir='ltr'>νος,</span> <span class='ocrx_word' id='word_1_258' title='bbox 443 1935 537 1988; x_wconf 83' lang='grc' dir='ltr'>ἆτε</span> <span class='ocrx_word' id='word_1_259' title='bbox 603 1936 668 1986; x_wconf 87' lang='grc' dir='ltr'><strong>ὲκ</strong></span> <span class='ocrx_word' id='word_1_260' title='bbox 737 1933 932 1986; x_wconf 78' lang='grc' dir='ltr'>πολλοῦ</span> <span class='ocrx_word' id='word_1_261' title='bbox 979 1933 1080 2002; x_wconf 80' lang='grc' dir='ltr'>τῆς</span> <span class='ocrx_word' id='word_1_262' title='bbox 1148 1933 1433 2003; x_wconf 78' lang='grc' dir='ltr'>Ῥωμαίων</span> <span class='ocrx_word' id='word_1_263' title='bbox 1488 1930 1591 1983; x_wconf 70' lang='grc' dir='ltr'><strong>ὑπὸ</strong></span> <span class='ocrx_word' id='word_1_264' title='bbox 1660 1928 1984 1997; x_wconf 85' lang='grc' dir='ltr'>Σκλαϐηνῶν</span> <span class='ocrx_word' id='word_1_265' title='bbox 2013 1931 2057 1959; x_wconf 83' lang='grc'><strong>’⁷¹</strong></span> 
     </span>
    </p>
   </div>
   <div class='ocr_carea' id='block_1_38' title="bbox 291 2023 1175 2093">
    <p class='ocr_par' dir='ltr' id='par_1_38' title="bbox 291 2023 1175 2093">
     <span class='ocr_line' id='line_1_38' title="bbox 291 2023 1175 2093; baseline -0.003 -15"><span class='ocrx_word' id='word_1_266' title='bbox 291 2026 433 2088; x_wconf 81' lang='grc' dir='ltr'>τινὸς</span> <span class='ocrx_word' id='word_1_267' title='bbox 460 2025 675 2077; x_wconf 80' lang='grc' dir='ltr'>πάντων</span> <span class='ocrx_word' id='word_1_268' title='bbox 708 2023 878 2078; x_wconf 78' lang='grc' dir='ltr'>ἐθνῶν</span> <span class='ocrx_word' id='word_1_269' title='bbox 896 2023 1175 2093; x_wconf 76' lang='grc' dir='ltr'>οὐδαμῶς.</span> 
     </span>
    </p>
   </div>
   <div class='ocr_carea' id='block_1_39' title="bbox 365 2116 1864 2188">
    <p class='ocr_par' dir='ltr' id='par_1_39' title="bbox 365 2116 1864 2188">
     <span class='ocr_line' id='line_1_39' title="bbox 365 2116 1864 2188; baseline 0 -19"><span class='ocrx_word' id='word_1_270' title='bbox 365 2116 451 2182; x_wconf 76' lang='grc' dir='ltr'><strong>ιζ’.</strong></span> <span class='ocrx_word' id='word_1_271' title='bbox 482 2118 605 2169; x_wconf 82' lang='grc' dir='ltr'>Ὅτι</span> <span class='ocrx_word' id='word_1_272' title='bbox 627 2118 791 2187; x_wconf 79' lang='grc' dir='ltr'>ἡνίκα</span> <span class='ocrx_word' id='word_1_273' title='bbox 814 2118 1083 2188; x_wconf 78' lang='grc' dir='ltr'>Τραϊανὸς</span> <span class='ocrx_word' id='word_1_274' title='bbox 1114 2117 1211 2169; x_wconf 67' lang='grc' dir='ltr'><strong>καλ¹</strong></span> <span class='ocrx_word' id='word_1_275' title='bbox 1228 2116 1505 2187; x_wconf 82' lang='grc' dir='ltr'>Ζαχαρίας</span> <span class='ocrx_word' id='word_1_276' title='bbox 1535 2120 1564 2170; x_wconf 83' lang='grc' dir='ltr'><strong>ὁ</strong></span> <span class='ocrx_word' id='word_1_277' title='bbox 1597 2118 1864 2187; x_wconf 78' lang='grc' dir='ltr'>βασίλειος</span> 
     </span>
    </p>
   </div>
   <div class='ocr_carea' id='block_1_40' title="bbox 297 2206 1865 2277">
    <p class='ocr_par' dir='ltr' id='par_1_40' title="bbox 297 2206 1865 2277">
     <span class='ocr_line' id='line_1_40' title="bbox 297 2206 1865 2277; baseline 0 -18"><span class='ocrx_word' id='word_1_278' title='bbox 297 2208 478 2277; x_wconf 65' lang='grc' dir='ltr'>ίατρδς</span> <span class='ocrx_word' id='word_1_279' title='bbox 496 2208 594 2270; x_wconf 75' lang='grc' dir='ltr'><strong>τὰς</strong></span> <span class='ocrx_word' id='word_1_280' title='bbox 618 2207 848 2269; x_wconf 74' lang='grc' dir='ltr'>σπονδὰς</span> <span class='ocrx_word' id='word_1_281' title='bbox 876 2206 1132 2270; x_wconf 78' lang='grc' dir='ltr'>ἐτίθεντο,</span> <span class='ocrx_word' id='word_1_282' title='bbox 1162 2209 1287 2277; x_wconf 78' lang='grc' dir='ltr'>παρ’</span> <span class='ocrx_word' id='word_1_283' title='bbox 1312 2208 1539 2261; x_wconf 74' lang='grc' dir='ltr'>ἕκαστον</span> <span class='ocrx_word' id='word_1_284' title='bbox 1567 2209 1865 2277; x_wconf 79' lang='grc' dir='ltr'>τηνικαῦτα</span> 
     </span>
    </p>
   </div>
   <div class='ocr_carea' id='block_1_41' title="bbox 297 2298 1863 2370">
    <p class='ocr_par' dir='ltr' id='par_1_41' title="bbox 297 2298 1863 2370">
     <span class='ocr_line' id='line_1_41' title="bbox 297 2298 1863 2370; baseline 0.002 -20"><span class='ocrx_word' id='word_1_285' title='bbox 297 2298 404 2350; x_wconf 84' lang='grc' dir='ltr'><strong>τῶν</strong></span> <span class='ocrx_word' id='word_1_286' title='bbox 434 2298 679 2351; x_wconf 75' lang='grc' dir='ltr'>ὁπωσοῦν</span> <span class='ocrx_word' id='word_1_287' title='bbox 717 2299 1014 2367; x_wconf 82' lang='grc' dir='ltr'>προϊόντων</span> <span class='ocrx_word' id='word_1_288' title='bbox 1059 2299 1296 2369; x_wconf 73' lang='grc' dir='ltr'>λόγων-ἢ</span> <span class='ocrx_word' id='word_1_289' title='bbox 1354 2300 1448 2352; x_wconf 74' lang='grc' dir='ltr'><strong>καὶ</strong></span> <span class='ocrx_word' id='word_1_290' title='bbox 1501 2301 1863 2370; x_wconf 81' lang='grc' dir='ltr'>γραφομένων</span> 
     </span>
    </p>
   </div>
   <div class='ocr_carea' id='block_1_42' title="bbox 293 2388 1863 2461">
    <p class='ocr_par' dir='ltr' id='par_1_42' title="bbox 293 2388 1863 2461">
     <span class='ocr_line' id='line_1_42' title="bbox 293 2388 1863 2461; baseline 0.002 -20"><span class='ocrx_word' id='word_1_291' title='bbox 293 2391 351 2441; x_wconf 82' lang='grc' dir='ltr'>ἐν</span> <span class='ocrx_word' id='word_1_292' title='bbox 384 2392 500 2451; x_wconf 85' lang='grc' dir='ltr'>ταῖς</span> <span class='ocrx_word' id='word_1_293' title='bbox 534 2388 848 2457; x_wconf 79' lang='grc' dir='ltr'>ξυνθήκαις,</span> <span class='ocrx_word' id='word_1_294' title='bbox 901 2389 1019 2455; x_wconf 78' lang='grc' dir='ltr'>εἴγε</span> <span class='ocrx_word' id='word_1_295' title='bbox 1060 2389 1327 2459; x_wconf 70' lang='grc' dir='ltr'>Τραϊανὸς</span> <span class='ocrx_word' id='word_1_296' title='bbox 1368 2392 1400 2461; x_wconf 81' lang='grc' dir='ltr'>ἢ</span> <span class='ocrx_word' id='word_1_297' title='bbox 1459 2392 1751 2461; x_wconf 64' lang='grc' dir='ltr'>Ζαχαρίας,</span> <span class='ocrx_word' id='word_1_298' title='bbox 1780 2393 1863 2461; x_wconf 68' lang='grc' dir='ltr'><strong>ἐφ’</strong></span> 
     </span>
    </p>
   </div>
   <div class='ocr_carea' id='block_1_43' title="bbox 293 2475 1863 2551">
    <p class='ocr_par' dir='ltr' id='par_1_43' title="bbox 293 2475 1863 2551">
     <span class='ocr_line' id='line_1_43' title="bbox 293 2475 1863 2551; baseline 0.003 -18"><span class='ocrx_word' id='word_1_299' title='bbox 293 2475 374 2542; x_wconf 73' lang='grc' dir='ltr'>οἷς</span> <span class='ocrx_word' id='word_1_300' title='bbox 419 2482 466 2532; x_wconf 90' lang='grc' dir='ltr'>οἱ</span> <span class='ocrx_word' id='word_1_301' title='bbox 501 2481 709 2550; x_wconf 77' lang='grc' dir='ltr'>Πέρσαι</span> <span class='ocrx_word' id='word_1_302' title='bbox 755 2479 1050 2551; x_wconf 78' lang='grc' dir='ltr'>ἔπρασσον,</span> <span class='ocrx_word' id='word_1_303' title='bbox 1091 2483 1208 2549; x_wconf 78' lang='grc' dir='ltr'>οἵγε</span> <span class='ocrx_word' id='word_1_304' title='bbox 1252 2484 1351 2535; x_wconf 82' lang='grc' dir='ltr'><strong>οὐκ</strong></span> <span class='ocrx_word' id='word_1_305' title='bbox 1409 2484 1698 2551; x_wconf 71' lang='grc' dir='ltr'>ἠϐούλοντο</span> <span class='ocrx_word' id='word_1_306' title='bbox 1743 2483 1863 2548; x_wconf 85' lang='grc' dir='ltr'>ξυν-</span> 
     </span>
    </p>
   </div>
   <div class='ocr_carea' id='block_1_44' title="bbox 291 2573 1865 2648">
    <p class='ocr_par' dir='ltr' id='par_1_44' title="bbox 291 2573 1865 2648">
     <span class='ocr_line' id='line_1_44' title="bbox 291 2573 1865 2648; baseline 0.001 -21"><span class='ocrx_word' id='word_1_307' title='bbox 291 2573 594 2641; x_wconf 66' lang='grc' dir='ltr'>οςιολογεῖν,</span> <span class='ocrx_word' id='word_1_308' title='bbox 622 2573 877 2627; x_wconf 87' lang='grc' dir='ltr'>Μεϐώδου</span> <span class='ocrx_word' id='word_1_309' title='bbox 918 2575 1219 2645; x_wconf 81' lang='grc' dir='ltr'>τηνικαῦτα</span> <span class='ocrx_word' id='word_1_310' title='bbox 1257 2576 1288 2646; x_wconf 75' lang='grc' dir='ltr'><strong>ἢ</strong></span> <span class='ocrx_word' id='word_1_311' title='bbox 1328 2578 1536 2648; x_wconf 77' lang='grc' dir='ltr'>σιωπᾷν</span> <span class='ocrx_word' id='word_1_312' title='bbox 1581 2578 1674 2630; x_wconf 78' lang='grc' dir='ltr'>καὶ</span> <span class='ocrx_word' id='word_1_313' title='bbox 1705 2578 1865 2647; x_wconf 74' lang='grc' dir='ltr'>μόνον</span> 
     </span>
    </p>
   </div>
   <div class='ocr_carea' id='block_1_45' title="bbox 293 2665 1864 2739">
    <p class='ocr_par' dir='ltr' id='par_1_45' title="bbox 293 2665 1864 2739">
     <span class='ocr_line' id='line_1_45' title="bbox 293 2665 1864 2739; baseline 0.002 -22"><span class='ocrx_word' id='word_1_314' title='bbox 293 2667 354 2717; x_wconf 88' lang='grc' dir='ltr'>τὸ</span> <span class='ocrx_word' id='word_1_315' title='bbox 389 2666 864 2734; x_wconf 78' lang='grc' dir='ltr'>προσταττόμενον</span> <span class='ocrx_word' id='word_1_316' title='bbox 905 2665 1161 2735; x_wconf 87' lang='grc' dir='ltr'>δέχεσθαι</span> <span class='ocrx_word' id='word_1_317' title='bbox 1200 2668 1531 2735; x_wconf 76' lang='grc' dir='ltr'>κελεύοντος,</span> <span class='ocrx_word' id='word_1_318' title='bbox 1575 2670 1607 2739; x_wconf 75' lang='grc' dir='ltr'>ἢ</span> <span class='ocrx_word' id='word_1_319' title='bbox 1656 2669 1864 2722; x_wconf 77' lang='grc' dir='ltr'>τουτονὶ</span> 
     </span>
    </p>
   </div>
   <div class='ocr_carea' id='block_1_46' title="bbox 291 2754 1865 2827">
    <p class='ocr_par' dir='ltr' id='par_1_46' title="bbox 291 2754 1865 2827">
     <span class='ocr_line' id='line_1_46' title="bbox 291 2754 1865 2827; baseline 0.003 -20"><span class='ocrx_word' id='word_1_320' title='bbox 291 2754 387 2807; x_wconf 73' lang='grc' dir='ltr'><strong>τὸν</strong></span> <span class='ocrx_word' id='word_1_321' title='bbox 428 2755 599 2824; x_wconf 82' lang='grc' dir='ltr'>ἄνδρα</span> <span class='ocrx_word' id='word_1_322' title='bbox 648 2754 998 2817; x_wconf 75' lang='grc' dir='ltr'>ἀπειλοῦντος</span> <span class='ocrx_word' id='word_1_323' title='bbox 1029 2757 1213 2819; x_wconf 81' lang='grc' dir='ltr'>αὐτοῖς</span> <span class='ocrx_word' id='word_1_324' title='bbox 1248 2758 1575 2827; x_wconf 70' lang='grc' dir='ltr'>ἐπαφήσειν,</span> <span class='ocrx_word' id='word_1_325' title='bbox 1609 2759 1703 2810; x_wconf 73' lang='grc' dir='ltr'>καὶ</span> <span class='ocrx_word' id='word_1_326' title='bbox 1746 2758 1865 2827; x_wconf 79' lang='grc' dir='ltr'><strong>ἅμα</strong></span> 
     </span>
    </p>
   </div>
   <div class='ocr_carea' id='block_1_47' title="bbox 290 2846 1866 2921">
    <p class='ocr_par' dir='ltr' id='par_1_47' title="bbox 290 2846 1866 2921">
     <span class='ocr_line' id='line_1_47' title="bbox 290 2846 1866 2921; baseline 0.001 -21"><span class='ocrx_word' id='word_1_327' title='bbox 290 2847 371 2917; x_wconf 84' lang='grc' dir='ltr'>τῷ</span> <span class='ocrx_word' id='word_1_328' title='bbox 404 2847 546 2917; x_wconf 75' lang='grc' dir='ltr'>λόγῳ</span> <span class='ocrx_word' id='word_1_329' title='bbox 586 2846 985 2910; x_wconf 81' lang='grc' dir='ltr'>ὲπιδεικνύντος</span> <span class='ocrx_word' id='word_1_330' title='bbox 1016 2848 1107 2901; x_wconf 74' lang='grc' dir='ltr'><strong>τὸν</strong></span> <span class='ocrx_word' id='word_1_331' title='bbox 1137 2848 1467 2920; x_wconf 79' lang='grc' dir='ltr'>Ταναχοσρὼ</span> <span class='ocrx_word' id='word_1_332' title='bbox 1491 2851 1537 2881; x_wconf 65' lang='grc'><strong>⁷⁸</strong></span> <span class='ocrx_word' id='word_1_333' title='bbox 1566 2850 1866 2921; x_wconf 83' lang='grc' dir='ltr'>τηνικαῦτα</span> 
     </span>
    </p>
   </div>
   <div class='ocr_carea' id='block_1_48' title="bbox 289 2938 1866 3011">
    <p class='ocr_par' dir='ltr' id='par_1_48' title="bbox 289 2938 1866 3011">
     <span class='ocr_line' id='line_1_48' title="bbox 289 2938 1866 3011; baseline 0.001 -19"><span class='ocrx_word' id='word_1_334' title='bbox 289 2943 409 3001; x_wconf 77' lang='grc' dir='ltr'>τοῖς</span> <span class='ocrx_word' id='word_1_335' title='bbox 463 2938 633 3008; x_wconf 80' lang='grc' dir='ltr'>ὁρίοις</span> <span class='ocrx_word' id='word_1_336' title='bbox 696 2939 1035 3007; x_wconf 75' lang='grc' dir='ltr'>ἐφεστηκότα</span> <span class='ocrx_word' id='word_1_337' title='bbox 1086 2940 1188 3009; x_wconf 76' lang='grc' dir='ltr'>τῆς</span> <span class='ocrx_word' id='word_1_338' title='bbox 1237 2940 1429 3011; x_wconf 79' lang='grc' dir='ltr'>Ἑῴας,</span> <span class='ocrx_word' id='word_1_339' title='bbox 1490 2942 1583 2994; x_wconf 78' lang='grc' dir='ltr'><strong>καὶ</strong></span> <span class='ocrx_word' id='word_1_340' title='bbox 1622 2941 1684 3011; x_wconf 83' lang='grc' dir='ltr'>δὴ</span> <span class='ocrx_word' id='word_1_341' title='bbox 1716 2942 1866 3005; x_wconf 88' lang='grc' dir='ltr'>τέλος</span> 
     </span>
    </p>
   </div>
   <div class='ocr_carea' id='block_1_49' title="bbox 289 3030 1868 3103">
    <p class='ocr_par' dir='ltr' id='par_1_49' title="bbox 289 3030 1868 3103">
     <span class='ocr_line' id='line_1_49' title="bbox 289 3030 1868 3103; baseline 0.001 -19"><span class='ocrx_word' id='word_1_342' title='bbox 289 3031 621 3098; x_wconf 69' lang='grc' dir='ltr'>ὲπαφέντος,</span> <span class='ocrx_word' id='word_1_343' title='bbox 646 3030 741 3082; x_wconf 77' lang='grc' dir='ltr'><strong>καὶ</strong></span> <span class='ocrx_word' id='word_1_344' title='bbox 768 3030 1022 3094; x_wconf 82' lang='grc' dir='ltr'>πλείστας</span> <span class='ocrx_word' id='word_1_345' title='bbox 1054 3032 1184 3095; x_wconf 78' lang='grc' dir='ltr'>ὅσας</span> <span class='ocrx_word' id='word_1_346' title='bbox 1218 3032 1409 3103; x_wconf 78' lang='grc' dir='ltr'>κώμας</span> <span class='ocrx_word' id='word_1_347' title='bbox 1439 3048 1497 3084; x_wconf 88' lang='grc' dir='ltr'><strong>τε</strong></span> <span class='ocrx_word' id='word_1_348' title='bbox 1533 3032 1626 3084; x_wconf 70' lang='grc' dir='ltr'><strong>καὶ</strong></span> <span class='ocrx_word' id='word_1_349' title='bbox 1664 3033 1868 3102; x_wconf 77' lang='grc' dir='ltr'>ἀγροὺς</span> 
     </span>
    </p>
   </div>
   <div class='ocr_carea' id='block_1_50' title="bbox 292 3108 1869 3201">
    <p class='ocr_par' dir='ltr' id='par_1_50' title="bbox 292 3108 1869 3201">
     <span class='ocr_line' id='line_1_50' title="bbox 292 3108 1869 3201; baseline 0.003 -28"><span class='ocrx_word' id='word_1_350' title='bbox 292 3108 706 3192; x_wconf 63' lang='grc' dir='ltr'>ἐμπρήσαντος,</span> <span class='ocrx_word' id='word_1_351' title='bbox 767 3121 873 3188; x_wconf 76' lang='grc' dir='ltr'>ξως</span> <span class='ocrx_word' id='word_1_352' title='bbox 942 3124 995 3175; x_wconf 74' lang='grc' dir='ltr'>οἵ</span> <span class='ocrx_word' id='word_1_353' title='bbox 1056 3140 1118 3190; x_wconf 92' lang='grc' dir='ltr'><strong>γε</strong></span> <span class='ocrx_word' id='word_1_354' title='bbox 1198 3124 1341 3194; x_wconf 76' lang='grc' dir='ltr'>ἀμφὶ</span> <span class='ocrx_word' id='word_1_355' title='bbox 1405 3124 1671 3193; x_wconf 74' lang='grc' dir='ltr'>Τραϊανὸν</span> <span class='ocrx_word' id='word_1_356' title='bbox 1718 3125 1869 3201; x_wconf 61' lang='grc' dir='ltr'>αυτοὶ</span> 
     </span>
    </p>
   </div>
   <div class='ocr_carea' id='block_1_51' title="bbox 295 3208 1869 3285">
    <p class='ocr_par' dir='ltr' id='par_1_51' title="bbox 295 3208 1869 3285">
     <span class='ocr_line' id='line_1_51' title="bbox 295 3208 1869 3285; baseline 0.001 -21"><span class='ocrx_word' id='word_1_357' title='bbox 295 3213 358 3265; x_wconf 76' lang='grc' dir='ltr'>τὸ</span> <span class='ocrx_word' id='word_1_358' title='bbox 414 3211 635 3282; x_wconf 85' lang='grc' dir='ltr'>χρυσίον</span> <span class='ocrx_word' id='word_1_359' title='bbox 698 3208 838 3285; x_wconf 79' lang='grc' dir='ltr'>ἧκον</span> <span class='ocrx_word' id='word_1_360' title='bbox 913 3211 1226 3283; x_wconf 76' lang='grc' dir='ltr'>κομίζοντες</span> <span class='ocrx_word' id='word_1_361' title='bbox 1274 3212 1383 3265; x_wconf 88' lang='grc' dir='ltr'><strong>τῶν</strong></span> <span class='ocrx_word' id='word_1_362' title='bbox 1449 3213 1719 3266; x_wconf 78' lang='grc' dir='ltr'>σπονδῶν.’</span> <span class='ocrx_word' id='word_1_363' title='bbox 1761 3215 1869 3266; x_wconf 78' lang='grc' dir='ltr'>Καὶ</span> 
     </span>
    </p>
   </div>
   <div class='ocr_carea' id='block_1_52' title="bbox 294 3304 1867 3377">
    <p class='ocr_par' dir='ltr' id='par_1_52' title="bbox 294 3304 1867 3377">
     <span class='ocr_line' id='line_1_52' title="bbox 294 3304 1867 3377; baseline -0.001 -19"><span class='ocrx_word' id='word_1_364' title='bbox 294 3305 537 3377; x_wconf 78' lang='grc' dir='ltr'>τοσαύτῃ</span> <span class='ocrx_word' id='word_1_365' title='bbox 564 3304 734 3374; x_wconf 79' lang='grc' dir='ltr'>δήπου</span> <span class='ocrx_word' id='word_1_366' title='bbox 764 3305 1108 3375; x_wconf 80' lang='grc' dir='ltr'>χρησαμένου</span> <span class='ocrx_word' id='word_1_367' title='bbox 1146 3306 1191 3335; x_wconf 77' lang='grc'><strong>’⁵</strong></span> <span class='ocrx_word' id='word_1_368' title='bbox 1222 3305 1365 3359; x_wconf 84' lang='grc' dir='ltr'>κατὰ</span> <span class='ocrx_word' id='word_1_369' title='bbox 1392 3306 1679 3375; x_wconf 86' lang='grc' dir='ltr'>Ῥωμαίων</span> <span class='ocrx_word' id='word_1_370' title='bbox 1713 3305 1867 3376; x_wconf 76' lang='grc' dir='ltr'>ὕϐρει</span> 
     </span>
    </p>
   </div>
   <div class='ocr_carea' id='block_1_53' title="bbox 2106 1930 3533 2010">
    <p class='ocr_par' dir='ltr' id='par_1_53' title="bbox 2106 1930 3533 2010">
     <span class='ocr_line' id='line_1_53' title="bbox 2106 1930 3533 2010; baseline 0.007 -27"><span class='ocrx_word' id='word_1_371' title='bbox 2268 1930 2365 1999; x_wconf 80' lang='grc' dir='ltr'>τῆς</span> <span class='ocrx_word' id='word_1_372' title='bbox 2430 1931 2483 1982; x_wconf 74' lang='grc' dir='ltr'>δὲ</span> <span class='ocrx_word' id='word_1_373' title='bbox 2528 1932 2648 1983; x_wconf 75' lang='grc' dir='ltr'>κατ’</span> <span class='ocrx_word' id='word_1_374' title='bbox 2682 1934 2875 1997; x_wconf 81' lang='grc' dir='ltr'>αὐτοὺς</span> <span class='ocrx_word' id='word_1_375' title='bbox 2914 1936 3016 2006; x_wconf 86' lang='grc' dir='ltr'>γῆς</span> <span class='ocrx_word' id='word_1_376' title='bbox 3069 1938 3206 2007; x_wconf 82' lang='grc' dir='ltr'>πρὸς</span> <span class='ocrx_word' id='word_1_377' title='bbox 3257 1939 3448 2010; x_wconf 78' lang='grc' dir='ltr'>ἑτέρου</span> <span class='ocrx_word' id='word_1_378' title='bbox 3487 1939 3533 1972; x_wconf 76' lang='grc'><strong>’³</strong></span> 
     </span>
    </p>
   </div>
   <div class='ocr_carea' id='block_1_54' title="bbox 2042 2113 3533 2188">
    <p class='ocr_par' dir='ltr' id='par_1_54' title="bbox 2042 2113 3533 2188">
     <span class='ocr_line' id='line_1_54' title="bbox 2042 2113 3533 2188; baseline 0.007 -24"><span class='ocrx_word' id='word_1_379' title='bbox 2042 2113 2125 2165; x_wconf 82' lang='lat' dir='ltr'><strong>l7.</strong></span> <span class='ocrx_word' id='word_1_380' title='bbox 2158 2114 2242 2180; x_wconf 78' lang='grc' dir='ltr'><strong>(Α.</strong></span> <span class='ocrx_word' id='word_1_381' title='bbox 2274 2113 2332 2167; x_wconf 89' lang='lat' dir='ltr'><strong>C.</strong></span> <span class='ocrx_word' id='word_1_382' title='bbox 2363 2113 2466 2167; x_wconf 80' lang='lat'><strong>578</strong></span> <span class='ocrx_word' id='word_1_383' title='bbox 2499 2114 2608 2169; x_wconf 88' lang='lat' dir='ltr'><strong>ind.</strong></span> <span class='ocrx_word' id='word_1_384' title='bbox 2640 2115 2729 2180; x_wconf 83' lang='lat' dir='ltr'><strong>ll,</strong></span> <span class='ocrx_word' id='word_1_385' title='bbox 2758 2115 2939 2171; x_wconf 84' lang='lat' dir='ltr'><strong>Tiber.</strong></span> <span class='ocrx_word' id='word_1_386' title='bbox 2965 2117 3027 2187; x_wconf 89' lang='grc' dir='ltr'><strong>ι.)</strong></span> <span class='ocrx_word' id='word_1_387' title='bbox 3057 2117 3321 2188; x_wconf 87' lang='lat' dir='ltr'><strong>Trajanus</strong></span> <span class='ocrx_word' id='word_1_388' title='bbox 3337 2130 3394 2176; x_wconf 87' lang='lat' dir='ltr'><strong>et</strong></span> <span class='ocrx_word' id='word_1_389' title='bbox 3428 2120 3533 2175; x_wconf 78' lang='lat' dir='ltr'><strong>Za-</strong></span> 
     </span>
    </p>
   </div>
   <div class='ocr_carea' id='block_1_55' title="bbox 1967 2204 3535 2274">
    <p class='ocr_par' dir='ltr' id='par_1_55' title="bbox 1967 2204 3535 2274">
     <span class='ocr_line' id='line_1_55' title="bbox 1967 2204 3535 2274; baseline 0.006 -17"><span class='ocrx_word' id='word_1_390' title='bbox 1967 2205 2205 2268; x_wconf 88' lang='lat' dir='ltr'><strong>cbarias,</strong></span> <span class='ocrx_word' id='word_1_391' title='bbox 2269 2204 2609 2274; x_wconf 78' lang='lat' dir='ltr'><strong>imperatoris</strong></span> <span class='ocrx_word' id='word_1_392' title='bbox 2671 2207 2951 2274; x_wconf 88' lang='lat' dir='ltr'><strong>medicus,</strong></span> <span class='ocrx_word' id='word_1_393' title='bbox 3010 2226 3133 2264; x_wconf 89' lang='lat' dir='ltr'><strong>cum</strong></span> <span class='ocrx_word' id='word_1_394' title='bbox 3184 2213 3251 2267; x_wconf 90' lang='lat' dir='ltr'><strong>de</strong></span> <span class='ocrx_word' id='word_1_395' title='bbox 3309 2213 3535 2269; x_wconf 86' lang='lat' dir='ltr'><strong>induciis</strong></span> 
     </span>
    </p>
   </div>
   <div class='ocr_carea' id='block_1_56' title="bbox 1967 2296 3532 2368">
    <p class='ocr_par' dir='ltr' id='par_1_56' title="bbox 1967 2296 3532 2368">
     <span class='ocr_line' id='line_1_56' title="bbox 1967 2296 3532 2368; baseline 0.008 -21"><span class='ocrx_word' id='word_1_396' title='bbox 1967 2296 2355 2361; x_wconf 89' lang='lat' dir='ltr'><strong>componendis</strong></span> <span class='ocrx_word' id='word_1_397' title='bbox 2413 2307 2656 2365; x_wconf 79' lang='lat' dir='ltr'><strong>agerent,</strong></span> <span class='ocrx_word' id='word_1_398' title='bbox 2718 2315 2893 2368; x_wconf 85' lang='lat' dir='ltr'><strong>neque</strong></span> <span class='ocrx_word' id='word_1_399' title='bbox 2953 2302 3113 2356; x_wconf 86' lang='lat' dir='ltr'><strong>ullam</strong></span> <span class='ocrx_word' id='word_1_400' title='bbox 3166 2304 3532 2359; x_wconf 80' lang='lat' dir='ltr'><strong>conditiomtm</strong></span> 
     </span>
    </p>
   </div>
   <div class='ocr_carea' id='block_1_57' title="bbox 1966 2387 3537 2464">
    <p class='ocr_par' dir='ltr' id='par_1_57' title="bbox 1966 2387 3537 2464">
     <span class='ocr_line' id='line_1_57' title="bbox 1966 2387 3537 2464; baseline 0.006 -25"><span class='ocrx_word' id='word_1_401' title='bbox 1966 2401 2174 2448; x_wconf 85' lang='lat' dir='ltr'><strong>earum,</strong></span> <span class='ocrx_word' id='word_1_402' title='bbox 2203 2402 2323 2456; x_wconf 69' lang='lat' dir='ltr'><strong>qum</strong></span> <span class='ocrx_word' id='word_1_403' title='bbox 2365 2397 2473 2440; x_wconf 91' lang='lat' dir='ltr'><strong>tum</strong></span> <span class='ocrx_word' id='word_1_404' title='bbox 2503 2406 2529 2440; x_wconf 89' lang='lat' dir='ltr'><strong>a</strong></span> <span class='ocrx_word' id='word_1_405' title='bbox 2560 2387 2738 2445; x_wconf 79' lang='lat' dir='ltr'><strong>Persis</strong></span> <span class='ocrx_word' id='word_1_406' title='bbox 2777 2393 2957 2446; x_wconf 82' lang='lat' dir='ltr'><strong>verbis</strong></span> <span class='ocrx_word' id='word_1_407' title='bbox 2997 2404 3088 2446; x_wconf 89' lang='lat' dir='ltr'><strong>aut</strong></span> <span class='ocrx_word' id='word_1_408' title='bbox 3118 2394 3319 2463; x_wconf 86' lang='lat' dir='ltr'><strong>scripto</strong></span> <span class='ocrx_word' id='word_1_409' title='bbox 3392 2396 3537 2464; x_wconf 88' lang='lat' dir='ltr'><strong>paci-</strong></span> 
     </span>
    </p>
   </div>
   <div class='ocr_carea' id='block_1_58' title="bbox 1968 2475 3538 2553">
    <p class='ocr_par' dir='ltr' id='par_1_58' title="bbox 1968 2475 3538 2553">
     <span class='ocr_line' id='line_1_58' title="bbox 1968 2475 3538 2553; baseline 0.008 -27"><span class='ocrx_word' id='word_1_410' title='bbox 1968 2475 2193 2529; x_wconf 83' lang='lat' dir='ltr'><strong>scenndi</strong></span> <span class='ocrx_word' id='word_1_411' title='bbox 2235 2491 2395 2531; x_wconf 89' lang='lat' dir='ltr'><strong>causa</strong></span> <span class='ocrx_word' id='word_1_412' title='bbox 2428 2478 2871 2547; x_wconf 86' lang='lat' dir='ltr'><strong>proponebantur</strong></span> <span class='ocrx_word' id='word_1_413' title='bbox 2894 2522 2910 2546; x_wconf 92' lang='lat'><strong>,</strong></span> <span class='ocrx_word' id='word_1_414' title='bbox 2935 2483 3049 2536; x_wconf 87' lang='lat' dir='ltr'><strong>sive</strong></span> <span class='ocrx_word' id='word_1_415' title='bbox 3104 2483 3370 2553; x_wconf 83' lang='lat' dir='ltr'><strong>&#39;l‘rajanus</strong></span> <span class='ocrx_word' id='word_1_416' title='bbox 3424 2484 3538 2539; x_wconf 83' lang='lat' dir='ltr'><strong>sive</strong></span> 
     </span>
    </p>
   </div>
   <div class='ocr_carea' id='block_1_59' title="bbox 1967 2569 3539 2638">
    <p class='ocr_par' dir='ltr' id='par_1_59' title="bbox 1967 2569 3539 2638">
     <span class='ocr_line' id='line_1_59' title="bbox 1967 2569 3539 2638; baseline 0.008 -17"><span class='ocrx_word' id='word_1_417' title='bbox 1967 2569 2258 2623; x_wconf 87' lang='lat' dir='ltr'><strong>Zacharias</strong></span> <span class='ocrx_word' id='word_1_418' title='bbox 2289 2570 2627 2638; x_wconf 87' lang='lat' dir='ltr'><strong>probarent,</strong></span> <span class='ocrx_word' id='word_1_419' title='bbox 2682 2572 2936 2628; x_wconf 84' lang='lat' dir='ltr'><strong>Mebodes</strong></span> <span class='ocrx_word' id='word_1_420' title='bbox 2987 2578 3201 2631; x_wconf 86' lang='lat' dir='ltr'><strong>tandem</strong></span> <span class='ocrx_word' id='word_1_421' title='bbox 3256 2587 3350 2631; x_wconf 89' lang='lat' dir='ltr'><strong>aut</strong></span> <span class='ocrx_word' id='word_1_422' title='bbox 3377 2578 3539 2633; x_wconf 85' lang='lat' dir='ltr'><strong>silere</strong></span> 
     </span>
    </p>
   </div>
   <div class='ocr_carea' id='block_1_60' title="bbox 1966 2662 3539 2731">
    <p class='ocr_par' dir='ltr' id='par_1_60' title="bbox 1966 2662 3539 2731">
     <span class='ocr_line' id='line_1_60' title="bbox 1966 2662 3539 2731; baseline 0.008 -20"><span class='ocrx_word' id='word_1_423' title='bbox 1966 2676 2059 2713; x_wconf 86' lang='lat' dir='ltr'><strong>eos</strong></span> <span class='ocrx_word' id='word_1_424' title='bbox 2089 2671 2141 2714; x_wconf 80' lang='lat' dir='ltr'><strong>et</strong></span> <span class='ocrx_word' id='word_1_425' title='bbox 2177 2662 2485 2730; x_wconf 72' lang='lat' dir='ltr'><strong>praescripta</strong></span> <span class='ocrx_word' id='word_1_426' title='bbox 2528 2664 2773 2730; x_wconf 85' lang='lat' dir='ltr'><strong>accipere</strong></span> <span class='ocrx_word' id='word_1_427' title='bbox 2816 2664 2998 2731; x_wconf 81' lang='lat' dir='ltr'><strong>jussit,</strong></span> <span class='ocrx_word' id='word_1_428' title='bbox 3027 2677 3118 2722; x_wconf 86' lang='lat' dir='ltr'><strong>aut</strong></span> <span class='ocrx_word' id='word_1_429' title='bbox 3170 2685 3229 2723; x_wconf 85' lang='lat' dir='ltr'><strong>se</strong></span> <span class='ocrx_word' id='word_1_430' title='bbox 3264 2669 3403 2722; x_wconf 87' lang='lat' dir='ltr'><strong>hunc</strong></span> <span class='ocrx_word' id='word_1_431' title='bbox 3439 2670 3539 2722; x_wconf 82' lang='lat' dir='ltr'><strong>lio-</strong></span> 
     </span>
    </p>
   </div>
   <div class='ocr_carea' id='block_1_61' title="bbox 1968 2753 3539 2826">
    <p class='ocr_par' dir='ltr' id='par_1_61' title="bbox 1968 2753 3539 2826">
     <span class='ocr_line' id='line_1_61' title="bbox 1968 2753 3539 2826; baseline 0.005 -21"><span class='ocrx_word' id='word_1_432' title='bbox 1968 2753 2167 2806; x_wconf 88' lang='lat' dir='ltr'><strong>minent</strong></span> <span class='ocrx_word' id='word_1_433' title='bbox 2204 2754 2838 2820; x_wconf 68' lang='lat' dir='ltr'><strong>(deuiousuabatautem</strong></span> <span class='ocrx_word' id='word_1_434' title='bbox 2893 2756 3288 2826; x_wconf 80' lang='lat' dir='ltr'><strong>Tachosdruut)</strong></span> <span class='ocrx_word' id='word_1_435' title='bbox 3337 2760 3539 2813; x_wconf 76' lang='lat' dir='ltr'><strong>immis-</strong></span> 
     </span>
    </p>
   </div>
   <div class='ocr_carea' id='block_1_62' title="bbox 1968 2847 3559 2921">
    <p class='ocr_par' dir='ltr' id='par_1_62' title="bbox 1968 2847 3559 2921">
     <span class='ocr_line' id='line_1_62' title="bbox 1968 2847 3559 2921; baseline 0.005 -23"><span class='ocrx_word' id='word_1_436' title='bbox 1968 2861 2153 2898; x_wconf 87' lang='lat' dir='ltr'><strong>snrutn</strong></span> <span class='ocrx_word' id='word_1_437' title='bbox 2195 2847 2427 2898; x_wconf 82' lang='lat' dir='ltr'><strong>minatus</strong></span> <span class='ocrx_word' id='word_1_438' title='bbox 2451 2856 2554 2911; x_wconf 80' lang='lat' dir='ltr'><strong>est,</strong></span> <span class='ocrx_word' id='word_1_439' title='bbox 2603 2848 2690 2914; x_wconf 82' lang='lat' dir='ltr'><strong>qui</strong></span> <span class='ocrx_word' id='word_1_440' title='bbox 2749 2856 2860 2901; x_wconf 85' lang='lat' dir='ltr'><strong>tutu</strong></span> <span class='ocrx_word' id='word_1_441' title='bbox 2920 2866 3086 2921; x_wconf 83' lang='lat' dir='ltr'><strong>prope</strong></span> <span class='ocrx_word' id='word_1_442' title='bbox 3117 2853 3250 2904; x_wconf 84' lang='lat' dir='ltr'><strong>lines</strong></span> <span class='ocrx_word' id='word_1_443' title='bbox 3280 2854 3559 2916; x_wconf 72' lang='lat' dir='ltr'><strong>Orientis,‘</strong></span> 
     </span>
    </p>
   </div>
   <div class='ocr_carea' id='block_1_63' title="bbox 1969 2933 3543 3003">
    <p class='ocr_par' dir='ltr' id='par_1_63' title="bbox 1969 2933 3543 3003">
     <span class='ocr_line' id='line_1_63' title="bbox 1969 2933 3543 3003; baseline 0.006 -16"><span class='ocrx_word' id='word_1_444' title='bbox 1969 2950 2069 3002; x_wconf 89' lang='lat' dir='ltr'><strong>qua</strong></span> <span class='ocrx_word' id='word_1_445' title='bbox 2099 2933 2355 2987; x_wconf 78' lang='lat' dir='ltr'><strong>Romanis</strong></span> <span class='ocrx_word' id='word_1_446' title='bbox 2399 2941 2641 3003; x_wconf 85' lang='lat' dir='ltr'><strong>parebat,</strong></span> <span class='ocrx_word' id='word_1_447' title='bbox 2691 2941 3021 2994; x_wconf 88' lang='lat' dir='ltr'><strong>constitutus</strong></span> <span class='ocrx_word' id='word_1_448' title='bbox 3074 2954 3212 2996; x_wconf 85' lang='lat' dir='ltr'><strong>erat.</strong></span> <span class='ocrx_word' id='word_1_449' title='bbox 3261 2942 3543 2998; x_wconf 79' lang='lat' dir='ltr'><strong>Postremo</strong></span> 
     </span>
    </p>
   </div>
   <div class='ocr_carea' id='block_1_64' title="bbox 1969 3026 3526 3104">
    <p class='ocr_par' dir='ltr' id='par_1_64' title="bbox 1969 3026 3526 3104">
     <span class='ocr_line' id='line_1_64' title="bbox 1969 3026 3526 3104; baseline 0.006 -25"><span class='ocrx_word' id='word_1_450' title='bbox 1969 3027 2246 3080; x_wconf 87' lang='lat' dir='ltr'><strong>immissus</strong></span> <span class='ocrx_word' id='word_1_451' title='bbox 2284 3026 2655 3091; x_wconf 83' lang='lat' dir='ltr'><strong>Tacbosdrus,</strong></span> <span class='ocrx_word' id='word_1_452' title='bbox 2677 3028 2938 3097; x_wconf 86' lang='lat' dir='ltr'><strong>plurimos</strong></span> <span class='ocrx_word' id='word_1_453' title='bbox 2976 3032 3123 3086; x_wconf 78' lang='lat' dir='ltr'><strong>viros</strong></span> <span class='ocrx_word' id='word_1_454' title='bbox 3156 3034 3315 3104; x_wconf 73' lang='lat'><strong>166</strong></span> <span class='ocrx_word' id='word_1_455' title='bbox 3345 3036 3526 3088; x_wconf 89' lang='lat' dir='ltr'><strong>incen-</strong></span> 
     </span>
    </p>
   </div>
   <div class='ocr_carea' id='block_1_65' title="bbox 1970 3116 3544 3192">
    <p class='ocr_par' dir='ltr' id='par_1_65' title="bbox 1970 3116 3544 3192">
     <span class='ocr_line' id='line_1_65' title="bbox 1970 3116 3544 3192; baseline 0.004 -23"><span class='ocrx_word' id='word_1_456' title='bbox 1970 3119 2068 3181; x_wconf 84' lang='lat' dir='ltr'><strong>dit,</strong></span> <span class='ocrx_word' id='word_1_457' title='bbox 2096 3126 2149 3170; x_wconf 94' lang='lat' dir='ltr'><strong>et</strong></span> <span class='ocrx_word' id='word_1_458' title='bbox 2168 3131 2326 3187; x_wconf 78' lang='lat' dir='ltr'><strong>agros</strong></span> <span class='ocrx_word' id='word_1_459' title='bbox 2348 3116 2633 3185; x_wconf 86' lang='lat' dir='ltr'><strong>populatus</strong></span> <span class='ocrx_word' id='word_1_460' title='bbox 2662 3129 2766 3182; x_wconf 83' lang='lat' dir='ltr'><strong>est,</strong></span> <span class='ocrx_word' id='word_1_461' title='bbox 2799 3121 2969 3174; x_wconf 90' lang='lat' dir='ltr'><strong>donec</strong></span> <span class='ocrx_word' id='word_1_462' title='bbox 2991 3121 3257 3191; x_wconf 83' lang='lat' dir='ltr'><strong>Trajanns</strong></span> <span class='ocrx_word' id='word_1_463' title='bbox 3284 3125 3399 3192; x_wconf 88' lang='lat' dir='ltr'><strong>ipse</strong></span> <span class='ocrx_word' id='word_1_464' title='bbox 3423 3139 3544 3178; x_wconf 87' lang='lat' dir='ltr'><strong>cum</strong></span> 
     </span>
    </p>
   </div>
   <div class='ocr_carea' id='block_1_66' title="bbox 1972 3207 3549 3278">
    <p class='ocr_par' dir='ltr' id='par_1_66' title="bbox 1972 3207 3549 3278">
     <span class='ocr_line' id='line_1_66' title="bbox 1972 3207 3549 3278; baseline 0.003 -19"><span class='ocrx_word' id='word_1_465' title='bbox 1972 3207 2253 3261; x_wconf 82' lang='lat' dir='ltr'><strong>comitibus</strong></span> <span class='ocrx_word' id='word_1_466' title='bbox 2279 3207 2517 3269; x_wconf 85' lang='lat' dir='ltr'><strong>advenit,</strong></span> <span class='ocrx_word' id='word_1_467' title='bbox 2564 3208 2653 3274; x_wconf 89' lang='lat' dir='ltr'><strong>qui</strong></span> <span class='ocrx_word' id='word_1_468' title='bbox 2681 3223 2870 3262; x_wconf 90' lang='lat' dir='ltr'><strong>aurum</strong></span> <span class='ocrx_word' id='word_1_469' title='bbox 2914 3225 3009 3278; x_wconf 89' lang='lat' dir='ltr'><strong>pro</strong></span> <span class='ocrx_word' id='word_1_470' title='bbox 3056 3209 3349 3266; x_wconf 71' lang='lat' dir='ltr'><strong>fmderibus</strong></span> <span class='ocrx_word' id='word_1_471' title='bbox 3392 3213 3549 3265; x_wconf 70' lang='lat' dir='ltr'><strong>alier-</strong></span> 
     </span>
    </p>
   </div>
   <div class='ocr_carea' id='block_1_67' title="bbox 1974 3297 3549 3368">
    <p class='ocr_par' dir='ltr' id='par_1_67' title="bbox 1974 3297 3549 3368">
     <span class='ocr_line' id='line_1_67' title="bbox 1974 3297 3549 3368; baseline 0.003 -17"><span class='ocrx_word' id='word_1_472' title='bbox 1974 3309 2108 3351; x_wconf 81' lang='lat' dir='ltr'><strong>rent.</strong></span> <span class='ocrx_word' id='word_1_473' title='bbox 2146 3298 2203 3351; x_wconf 86' lang='lat' dir='ltr'><strong>Et</strong></span> <span class='ocrx_word' id='word_1_474' title='bbox 2245 3297 2495 3352; x_wconf 86' lang='lat' dir='ltr'><strong>Mebodes</strong></span> <span class='ocrx_word' id='word_1_475' title='bbox 2544 3309 2689 3353; x_wconf 88' lang='lat' dir='ltr'><strong>tanta</strong></span> <span class='ocrx_word' id='word_1_476' title='bbox 2752 3314 2881 3368; x_wconf 82' lang='lat' dir='ltr'><strong>erga</strong></span> <span class='ocrx_word' id='word_1_477' title='bbox 2947 3299 3221 3355; x_wconf 81' lang='lat' dir='ltr'><strong>Romanos</strong></span> <span class='ocrx_word' id='word_1_478' title='bbox 3278 3317 3406 3355; x_wconf 87' lang='lat' dir='ltr'><strong>usus</strong></span> <span class='ocrx_word' id='word_1_479' title='bbox 3463 3313 3549 3357; x_wconf 68' lang='grc' dir='ltr'><strong>ρει</strong></span> 
     </span>
    </p>
   </div>
   <div class='ocr_carea' id='block_1_68' title="bbox 298 3376 1866 3467">
    <p class='ocr_par' dir='ltr' id='par_1_68' title="bbox 298 3376 1866 3467">
     <span class='ocr_line' id='line_1_68' title="bbox 298 3376 1866 3467; baseline -0.001 -19"><span class='ocrx_word' id='word_1_480' title='bbox 298 3376 581 3459; x_wconf 80' lang='grc' dir='ltr'>Μεϐώδου,</span> <span class='ocrx_word' id='word_1_481' title='bbox 622 3395 699 3457; x_wconf 84' lang='grc' dir='ltr'>ὡς</span> <span class='ocrx_word' id='word_1_482' title='bbox 728 3395 863 3464; x_wconf 81' lang='grc' dir='ltr'>μηδὲ</span> <span class='ocrx_word' id='word_1_483' title='bbox 893 3393 1123 3459; x_wconf 70' lang='grc' dir='ltr'>ἀξιῶσαι</span> <span class='ocrx_word' id='word_1_484' title='bbox 1150 3396 1218 3449; x_wconf 66' lang='grc' dir='ltr'>τὰ</span> <span class='ocrx_word' id='word_1_485' title='bbox 1247 3396 1498 3467; x_wconf 78' lang='grc' dir='ltr'>εἰρηναῖα</span> <span class='ocrx_word' id='word_1_486' title='bbox 1520 3397 1776 3466; x_wconf 87' lang='grc' dir='ltr'>χρήματα</span> <span class='ocrx_word' id='word_1_487' title='bbox 1813 3398 1866 3448; x_wconf 84' lang='grc' dir='ltr'>ὲν</span> 
     </span>
    </p>
   </div>
   <div class='ocr_carea' id='block_1_69' title="bbox 1972 3376 3546 3467">
    <p class='ocr_par' dir='ltr' id='par_1_69' title="bbox 1974 3391 3546 3461">
     <span class='ocr_line' id='line_1_69' title="bbox 1974 3391 3546 3461; baseline 0.003 -19"><span class='ocrx_word' id='word_1_488' title='bbox 1974 3391 2320 3452; x_wconf 82' lang='lat' dir='ltr'><strong>contumelia,</strong></span> <span class='ocrx_word' id='word_1_489' title='bbox 2354 3402 2412 3444; x_wconf 92' lang='lat' dir='ltr'><strong>ut</strong></span> <span class='ocrx_word' id='word_1_490' title='bbox 2460 3407 2564 3443; x_wconf 93' lang='lat' dir='ltr'><strong>non</strong></span> <span class='ocrx_word' id='word_1_491' title='bbox 2606 3391 2921 3459; x_wconf 84' lang='lat' dir='ltr'><strong>dignaretur</strong></span> <span class='ocrx_word' id='word_1_492' title='bbox 2964 3392 3218 3459; x_wconf 85' lang='lat' dir='ltr'><strong>pecunias</strong></span> <span class='ocrx_word' id='word_1_493' title='bbox 3261 3407 3355 3461; x_wconf 83' lang='lat' dir='ltr'><strong>pro</strong></span> <span class='ocrx_word' id='word_1_494' title='bbox 3379 3393 3546 3446; x_wconf 68' lang='lat' dir='ltr'><strong>finde-</strong></span> 
     </span>
    </p>
   </div>
   <div class='ocr_carea' id='block_1_70' title="bbox 298 3487 1868 3557">
    <p class='ocr_par' dir='ltr' id='par_1_70' title="bbox 298 3487 1868 3557">
     <span class='ocr_line' id='line_1_70' title="bbox 298 3487 1868 3557; baseline 0.002 -19"><span class='ocrx_word' id='word_1_495' title='bbox 298 3489 413 3548; x_wconf 81' lang='grc' dir='ltr'>τοῖς</span> <span class='ocrx_word' id='word_1_496' title='bbox 449 3487 722 3556; x_wconf 80' lang='grc' dir='ltr'>μεθορίοις</span> <span class='ocrx_word' id='word_1_497' title='bbox 769 3488 1127 3557; x_wconf 88' lang='grc' dir='ltr'>κομίσασθαι,</span> <span class='ocrx_word' id='word_1_498' title='bbox 1158 3488 1585 3557; x_wconf 84' lang='grc' dir='ltr'>ὲγκελεύσασθαι</span> <span class='ocrx_word' id='word_1_499' title='bbox 1613 3488 1670 3542; x_wconf 79' lang='grc' dir='ltr'>δὲ</span> <span class='ocrx_word' id='word_1_500' title='bbox 1737 3488 1868 3542; x_wconf 85' lang='grc' dir='ltr'><strong>Ῥω-</strong></span> 
     </span>
    </p>
   </div>
   <div class='ocr_carea' id='block_1_71' title="bbox 302 3577 1871 3653">
    <p class='ocr_par' dir='ltr' id='par_1_71' title="bbox 302 3577 1871 3653">
     <span class='ocr_line' id='line_1_71' title="bbox 302 3577 1871 3653; baseline 0.003 -25"><span class='ocrx_word' id='word_1_501' title='bbox 302 3577 485 3645; x_wconf 85' lang='grc' dir='ltr'>μαίοις</span> <span class='ocrx_word' id='word_1_502' title='bbox 512 3580 571 3637; x_wconf 82' lang='grc' dir='ltr'>ἐς</span> <span class='ocrx_word' id='word_1_503' title='bbox 610 3580 708 3647; x_wconf 79' lang='grc' dir='ltr'>τὴν</span> <span class='ocrx_word' id='word_1_504' title='bbox 742 3579 957 3633; x_wconf 85' lang='grc' dir='ltr'>Νίσιϐιν</span> <span class='ocrx_word' id='word_1_505' title='bbox 1009 3581 1053 3612; x_wconf 80' lang='grc'><strong>⁷⁸</strong></span> <span class='ocrx_word' id='word_1_506' title='bbox 1100 3582 1409 3649; x_wconf 80' lang='grc' dir='ltr'>ἀποσῶσαι,</span> <span class='ocrx_word' id='word_1_507' title='bbox 1462 3580 1631 3653; x_wconf 74' lang='grc' dir='ltr'>ἕτερά</span> <span class='ocrx_word' id='word_1_508' title='bbox 1668 3599 1727 3635; x_wconf 89' lang='grc' dir='ltr'><strong>τε</strong></span> <span class='ocrx_word' id='word_1_509' title='bbox 1771 3582 1871 3634; x_wconf 79' lang='grc' dir='ltr'><strong>οὐκ</strong></span> 
     </span>
    </p>
   </div>
   <div class='ocr_carea' id='block_1_72' title="bbox 296 3668 1867 3743">
    <p class='ocr_par' dir='ltr' id='par_1_72' title="bbox 296 3668 1867 3743">
     <span class='ocr_line' id='line_1_72' title="bbox 296 3668 1867 3743; baseline 0.003 -22"><span class='ocrx_word' id='word_1_510' title='bbox 296 3668 503 3721; x_wconf 82' lang='grc' dir='ltr'>ἀνεκτὰ</span> <span class='ocrx_word' id='word_1_511' title='bbox 536 3671 663 3739; x_wconf 70' lang='grc' dir='ltr'>περὶ</span> <span class='ocrx_word' id='word_1_512' title='bbox 701 3670 801 3740; x_wconf 83' lang='grc' dir='ltr'>τὴν</span> <span class='ocrx_word' id='word_1_513' title='bbox 828 3670 921 3722; x_wconf 80' lang='grc' dir='ltr'>τοῦ</span> <span class='ocrx_word' id='word_1_514' title='bbox 968 3673 1192 3741; x_wconf 86' lang='grc' dir='ltr'>χρυσίου</span> <span class='ocrx_word' id='word_1_515' title='bbox 1237 3673 1550 3743; x_wconf 78' lang='grc' dir='ltr'>παράληψιν</span> <span class='ocrx_word' id='word_1_516' title='bbox 1596 3676 1867 3726; x_wconf 75' lang='grc' dir='ltr'>καταυοα-</span> 
     </span>
    </p>
   </div>
   <div class='ocr_carea' id='block_1_73' title="bbox 295 3759 1870 3832">
    <p class='ocr_par' dir='ltr' id='par_1_73' title="bbox 295 3759 1870 3832">
     <span class='ocr_line' id='line_1_73' title="bbox 295 3759 1870 3832; baseline 0.002 -22"><span class='ocrx_word' id='word_1_517' title='bbox 295 3759 590 3826; x_wconf 83' lang='grc' dir='ltr'>δ;σαμένου</span> <span class='ocrx_word' id='word_1_518' title='bbox 638 3776 698 3811; x_wconf 90' lang='grc' dir='ltr'>τε</span> <span class='ocrx_word' id='word_1_519' title='bbox 723 3760 813 3811; x_wconf 75' lang='grc' dir='ltr'>καὶ</span> <span class='ocrx_word' id='word_1_520' title='bbox 837 3762 1343 3832; x_wconf 77' lang='grc' dir='ltr'>ὲπεντρυφήσαντος</span> <span class='ocrx_word' id='word_1_521' title='bbox 1373 3765 1556 3825; x_wconf 79' lang='grc' dir='ltr'>αὐτοῖς</span> <span class='ocrx_word' id='word_1_522' title='bbox 1578 3780 1590 3792; x_wconf 90' lang='grc'><strong>·</strong></span> <span class='ocrx_word' id='word_1_523' title='bbox 1645 3763 1768 3815; x_wconf 82' lang='grc' dir='ltr'>ὓστε</span> <span class='ocrx_word' id='word_1_524' title='bbox 1778 3781 1870 3831; x_wconf 80' lang='grc' dir='ltr'><strong>ρον</strong></span> 
     </span>
    </p>
   </div>
   <div class='ocr_carea' id='block_1_74' title="bbox 296 3848 1871 3921">
    <p class='ocr_par' dir='ltr' id='par_1_74' title="bbox 296 3848 1871 3921">
     <span class='ocr_line' id='line_1_74' title="bbox 296 3848 1871 3921; baseline 0.001 -20"><span class='ocrx_word' id='word_1_525' title='bbox 296 3850 353 3901; x_wconf 73' lang='grc' dir='ltr'>δὲ</span> <span class='ocrx_word' id='word_1_526' title='bbox 389 3850 451 3911; x_wconf 74' lang='grc' dir='ltr'>ἐς</span> <span class='ocrx_word' id='word_1_527' title='bbox 478 3848 635 3903; x_wconf 80' lang='grc' dir='ltr'>τοῦτο</span> <span class='ocrx_word' id='word_1_528' title='bbox 675 3850 805 3903; x_wconf 82' lang='grc' dir='ltr'>αὐτὸ</span> <span class='ocrx_word' id='word_1_529' title='bbox 832 3851 1137 3919; x_wconf 83' lang='grc' dir='ltr'>περιελθεῖν</span> <span class='ocrx_word' id='word_1_530' title='bbox 1190 3854 1283 3905; x_wconf 70' lang='grc' dir='ltr'><strong>καὶ</strong></span> <span class='ocrx_word' id='word_1_531' title='bbox 1335 3852 1692 3921; x_wconf 81' lang='grc' dir='ltr'>δεηθήσεσθαι</span> <span class='ocrx_word' id='word_1_532' title='bbox 1739 3853 1871 3904; x_wconf 81' lang='grc' dir='ltr'><strong>Ῥω-</strong></span> 
     </span>
    </p>
   </div>
   <div class='ocr_carea' id='block_1_75' title="bbox 304 3939 1873 4011">
    <p class='ocr_par' dir='ltr' id='par_1_75' title="bbox 304 3939 1873 4011">
     <span class='ocr_line' id='line_1_75' title="bbox 304 3939 1873 4011; baseline 0 -20"><span class='ocrx_word' id='word_1_533' title='bbox 304 3939 504 4008; x_wconf 76' lang='grc' dir='ltr'>μαίους</span> <span class='ocrx_word' id='word_1_534' title='bbox 542 3940 586 3971; x_wconf 75' lang='grc'>’⁷</span> <span class='ocrx_word' id='word_1_535' title='bbox 637 3942 890 4010; x_wconf 77' lang='grc' dir='ltr'>Χοσρόης</span> <span class='ocrx_word' id='word_1_536' title='bbox 948 3941 1195 4004; x_wconf 84' lang='grc' dir='ltr'>ελπίσας,</span> <span class='ocrx_word' id='word_1_537' title='bbox 1239 3943 1353 4008; x_wconf 81' lang='grc' dir='ltr'>εἴγε</span> <span class='ocrx_word' id='word_1_538' title='bbox 1402 3942 1873 4011; x_wconf 81' lang='grc' dir='ltr'>καταπροτερήσοι</span> 
     </span>
    </p>
   </div>
   <div class='ocr_carea' id='block_1_76' title="bbox 303 4031 1870 4104">
    <p class='ocr_par' dir='ltr' id='par_1_76' title="bbox 303 4031 1870 4104">
     <span class='ocr_line' id='line_1_76' title="bbox 303 4031 1870 4104; baseline 0 -22"><span class='ocrx_word' id='word_1_539' title='bbox 303 4031 396 4082; x_wconf 78' lang='grc' dir='ltr'><strong>τὸν</strong></span> <span class='ocrx_word' id='word_1_540' title='bbox 430 4031 529 4100; x_wconf 86' lang='grc' dir='ltr'>τῆς</span> <span class='ocrx_word' id='word_1_541' title='bbox 569 4033 758 4100; x_wconf 75' lang='grc' dir='ltr'>ἐφόδου</span> <span class='ocrx_word' id='word_1_542' title='bbox 790 4033 979 4104; x_wconf 74' lang='grc' dir='ltr'>καιρὸν</span> <span class='ocrx_word' id='word_1_543' title='bbox 1010 4032 1118 4085; x_wconf 88' lang='grc' dir='ltr'><strong>τῶν</strong></span> <span class='ocrx_word' id='word_1_544' title='bbox 1149 4033 1389 4085; x_wconf 78' lang='grc' dir='ltr'>σπονδῶν</span> <span class='ocrx_word' id='word_1_545' title='bbox 1415 4032 1870 4102; x_wconf 79' lang='grc' dir='ltr'>ἀφροντιστήσας,</span> 
     </span>
    </p>
   </div>
   <div class='ocr_carea' id='block_1_77' title="bbox 304 4122 1873 4192">
    <p class='ocr_par' dir='ltr' id='par_1_77' title="bbox 304 4122 1873 4192">
     <span class='ocr_line' id='line_1_77' title="bbox 304 4122 1873 4192; baseline 0.001 -20"><span class='ocrx_word' id='word_1_546' title='bbox 304 4122 337 4191; x_wconf 78' lang='grc' dir='ltr'>ἢ</span> <span class='ocrx_word' id='word_1_547' title='bbox 365 4122 458 4173; x_wconf 78' lang='grc' dir='ltr'><strong>καὶ</strong></span> <span class='ocrx_word' id='word_1_548' title='bbox 482 4124 700 4192; x_wconf 75' lang='grc' dir='ltr'>δράσειν</span> <span class='ocrx_word' id='word_1_549' title='bbox 735 4123 863 4186; x_wconf 74' lang='grc' dir='ltr'>ἴσως</span> <span class='ocrx_word' id='word_1_550' title='bbox 889 4142 938 4178; x_wconf 88' lang='grc' dir='ltr'><strong>τι</strong></span> <span class='ocrx_word' id='word_1_551' title='bbox 984 4126 1147 4192; x_wconf 84' lang='grc' dir='ltr'>μέγα,</span> <span class='ocrx_word' id='word_1_552' title='bbox 1182 4126 1277 4178; x_wconf 80' lang='grc' dir='ltr'><strong>καὶ</strong></span> <span class='ocrx_word' id='word_1_553' title='bbox 1327 4123 1750 4190; x_wconf 79' lang='grc' dir='ltr'>καταπλαγέντα</span> <span class='ocrx_word' id='word_1_554' title='bbox 1785 4123 1873 4175; x_wconf 87' lang='grc' dir='ltr'>τὸν</span> 
     </span>
    </p>
   </div>
   <div class='ocr_carea' id='block_1_78' title="bbox 307 4214 1877 4288">
    <p class='ocr_par' dir='ltr' id='par_1_78' title="bbox 307 4214 1877 4288">
     <span class='ocr_line' id='line_1_78' title="bbox 307 4214 1877 4288; baseline 0.001 -22"><span class='ocrx_word' id='word_1_555' title='bbox 307 4214 565 4285; x_wconf 76' lang='grc' dir='ltr'>Καίσαρα</span> <span class='ocrx_word' id='word_1_556' title='bbox 616 4217 815 4279; x_wconf 83' lang='grc' dir='ltr'>τελέως</span> <span class='ocrx_word' id='word_1_557' title='bbox 878 4218 966 4286; x_wconf 76' lang='grc' dir='ltr'>τῆς</span> <span class='ocrx_word' id='word_1_558' title='bbox 1026 4216 1251 4288; x_wconf 85' lang='grc' dir='ltr'>Περσῶν</span> <span class='ocrx_word' id='word_1_559' title='bbox 1306 4216 1597 4287; x_wconf 71' lang='grc' dir='ltr'>Ἄρμενίας</span> <span class='ocrx_word' id='word_1_560' title='bbox 1669 4231 1728 4269; x_wconf 89' lang='grc' dir='ltr'>τε</span> <span class='ocrx_word' id='word_1_561' title='bbox 1784 4216 1877 4267; x_wconf 76' lang='grc' dir='ltr'>καὶ</span> 
     </span>
    </p>
   </div>
   <div class='ocr_carea' id='block_1_79' title="bbox 318 4307 1875 4380">
    <p class='ocr_par' dir='ltr' id='par_1_79' title="bbox 318 4307 1875 4380">
     <span class='ocr_line' id='line_1_79' title="bbox 318 4307 1875 4380; baseline -0.003 -17"><span class='ocrx_word' id='word_1_562' title='bbox 318 4309 559 4379; x_wconf 80' lang='grc' dir='ltr'>Ἰϐηρίας</span> <span class='ocrx_word' id='word_1_563' title='bbox 626 4311 719 4361; x_wconf 71' lang='grc' dir='ltr'>καὶ</span> <span class='ocrx_word' id='word_1_564' title='bbox 778 4309 887 4363; x_wconf 89' lang='grc' dir='ltr'><strong>τῶν</strong></span> <span class='ocrx_word' id='word_1_565' title='bbox 954 4310 1136 4380; x_wconf 77' lang='grc' dir='ltr'>ἐκείνῃ</span> <span class='ocrx_word' id='word_1_566' title='bbox 1175 4310 1389 4379; x_wconf 85' lang='grc' dir='ltr'>χωρίων</span> <span class='ocrx_word' id='word_1_567' title='bbox 1449 4307 1875 4378; x_wconf 80' lang='grc' dir='ltr'>ἀποστήσεσθαι,</span> 
     </span>
    </p>
   </div>
   <div class='ocr_carea' id='block_1_80' title="bbox 304 4396 1877 4470">
    <p class='ocr_par' dir='ltr' id='par_1_80' title="bbox 304 4396 1877 4470">
     <span class='ocr_line' id='line_1_80' title="bbox 304 4396 1877 4470; baseline -0.004 -17"><span class='ocrx_word' id='word_1_568' title='bbox 304 4400 459 4470; x_wconf 69' lang='grc' dir='ltr'>παρὰ</span> <span class='ocrx_word' id='word_1_569' title='bbox 496 4398 629 4451; x_wconf 70' lang='grc' dir='ltr'>πολὺ</span> <span class='ocrx_word' id='word_1_570' title='bbox 656 4400 753 4469; x_wconf 80' lang='grc' dir='ltr'>τὴν</span> <span class='ocrx_word' id='word_1_571' title='bbox 780 4398 881 4470; x_wconf 75' lang='grc' dir='ltr'>τῆς</span> <span class='ocrx_word' id='word_1_572' title='bbox 904 4398 1020 4451; x_wconf 80' lang='grc' dir='ltr'>Ἕω</span> <span class='ocrx_word' id='word_1_573' title='bbox 1041 4399 1241 4469; x_wconf 77' lang='grc' dir='ltr'>δῄωσιν</span> <span class='ocrx_word' id='word_1_574' title='bbox 1268 4398 1362 4461; x_wconf 81' lang='grc' dir='ltr'><strong>τῆς</strong></span> <span class='ocrx_word' id='word_1_575' title='bbox 1388 4396 1812 4467; x_wconf 81' lang='grc' dir='ltr'>Περσαρμενίων</span> <span class='ocrx_word' id='word_1_576' title='bbox 1832 4397 1877 4427; x_wconf 67' lang='grc'>’⁸</span> 
     </span>
    </p>
   </div>
   <div class='ocr_carea' id='block_1_81' title="bbox 302 4475 1877 4560">
    <p class='ocr_par' dir='ltr' id='par_1_81' title="bbox 302 4475 1877 4560">
     <span class='ocr_line' id='line_1_81' title="bbox 302 4475 1877 4560; baseline -0.002 -18"><span class='ocrx_word' id='word_1_577' title='bbox 302 4506 362 4542; x_wconf 88' lang='grc' dir='ltr'>τε</span> <span class='ocrx_word' id='word_1_578' title='bbox 404 4489 501 4543; x_wconf 76' lang='grc' dir='ltr'>καὶ</span> <span class='ocrx_word' id='word_1_579' title='bbox 546 4490 768 4559; x_wconf 81' lang='grc' dir='ltr'>Ἰϐήρων</span> <span class='ocrx_word' id='word_1_580' title='bbox 810 4491 1250 4560; x_wconf 80' lang='grc' dir='ltr'>προσχωρήσεως</span> <span class='ocrx_word' id='word_1_581' title='bbox 1297 4488 1601 4559; x_wconf 74' lang='grc' dir='ltr'>ἡγούμενον</span> <span class='ocrx_word' id='word_1_582' title='bbox 1630 4507 1641 4519; x_wconf 91' lang='grc'><strong>·</strong></span> <span class='ocrx_word' id='word_1_583' title='bbox 1666 4475 1781 4556; x_wconf 69' lang='grc' dir='ltr'><strong>ἅμα</strong></span> <span class='ocrx_word' id='word_1_584' title='bbox 1820 4488 1877 4540; x_wconf 83' lang='grc' dir='ltr'>δὲ</span> 
     </span>
    </p>
   </div>
   <div class='ocr_carea' id='block_1_82' title="bbox 304 4577 1877 4649">
    <p class='ocr_par' dir='ltr' id='par_1_82' title="bbox 304 4577 1877 4649">
     <span class='ocr_line' id='line_1_82' title="bbox 304 4577 1877 4649; baseline -0.002 -17"><span class='ocrx_word' id='word_1_585' title='bbox 304 4584 399 4632; x_wconf 76' lang='grc' dir='ltr'>καὶ</span> <span class='ocrx_word' id='word_1_586' title='bbox 438 4579 717 4632; x_wconf 80' lang='grc' dir='ltr'>ἐπέπυστο</span> <span class='ocrx_word' id='word_1_587' title='bbox 738 4580 987 4648; x_wconf 84' lang='grc' dir='ltr'>Χοσρόης</span> <span class='ocrx_word' id='word_1_588' title='bbox 1019 4579 1457 4649; x_wconf 77' lang='grc' dir='ltr'>παρασκευάζειν</span> <span class='ocrx_word' id='word_1_589' title='bbox 1516 4577 1772 4649; x_wconf 76' lang='grc' dir='ltr'>στρατιὰν</span> <span class='ocrx_word' id='word_1_590' title='bbox 1821 4579 1877 4639; x_wconf 83' lang='grc' dir='ltr'>ἐς</span> 
     </span>
    </p>
   </div>
   <div class='ocr_carea' id='block_1_83' title="bbox 299 4666 1876 4738">
    <p class='ocr_par' dir='ltr' id='par_1_83' title="bbox 299 4666 1876 4738">
     <span class='ocr_line' id='line_1_83' title="bbox 299 4666 1876 4738; baseline -0.006 -14"><span class='ocrx_word' id='word_1_591' title='bbox 299 4670 371 4724; x_wconf 76' lang='grc' dir='ltr'><strong>τὰ</strong></span> <span class='ocrx_word' id='word_1_592' title='bbox 394 4669 635 4738; x_wconf 84' lang='grc' dir='ltr'>μάλιστα</span> <span class='ocrx_word' id='word_1_593' title='bbox 676 4670 875 4736; x_wconf 81' lang='grc' dir='ltr'>πολλὴν</span> <span class='ocrx_word' id='word_1_594' title='bbox 907 4670 999 4722; x_wconf 77' lang='grc' dir='ltr'>τὸν</span> <span class='ocrx_word' id='word_1_595' title='bbox 1032 4671 1306 4737; x_wconf 81' lang='grc' dir='ltr'>Καίσαρα,</span> <span class='ocrx_word' id='word_1_596' title='bbox 1340 4670 1434 4721; x_wconf 78' lang='grc' dir='ltr'>καὶ</span> <span class='ocrx_word' id='word_1_597' title='bbox 1480 4668 1581 4737; x_wconf 64' lang='grc' dir='ltr'>ἤδη</span> <span class='ocrx_word' id='word_1_598' title='bbox 1640 4666 1876 4720; x_wconf 79' lang='grc' dir='ltr'>στέλλειν</span> 
     </span>
    </p>
   </div>
   <div class='ocr_carea' id='block_1_84' title="bbox 300 4758 1877 4832">
    <p class='ocr_par' dir='ltr' id='par_1_84' title="bbox 300 4758 1877 4832">
     <span class='ocr_line' id='line_1_84' title="bbox 300 4758 1877 4832; baseline -0.003 -18"><span class='ocrx_word' id='word_1_599' title='bbox 300 4762 443 4815; x_wconf 70' lang='grc' dir='ltr'>κατὰ</span> <span class='ocrx_word' id='word_1_600' title='bbox 474 4762 578 4832; x_wconf 84' lang='grc' dir='ltr'>τὴν</span> <span class='ocrx_word' id='word_1_601' title='bbox 625 4760 794 4830; x_wconf 81' lang='grc' dir='ltr'>Ἐᾡαν</span> <span class='ocrx_word' id='word_1_602' title='bbox 822 4760 1179 4829; x_wconf 77' lang='grc' dir='ltr'>ἱππαγωγοὺς</span> <span class='ocrx_word' id='word_1_603' title='bbox 1208 4758 1440 4822; x_wconf 82' lang='grc' dir='ltr'>ὁλκάδας</span> <span class='ocrx_word' id='word_1_604' title='bbox 1472 4774 1487 4789; x_wconf 82' lang='grc'>⁶</span> <span class='ocrx_word' id='word_1_605' title='bbox 1542 4758 1707 4828; x_wconf 84' lang='grc' dir='ltr'>ὀλίγῳ</span> <span class='ocrx_word' id='word_1_606' title='bbox 1742 4758 1877 4825; x_wconf 75' lang='grc' dir='ltr'>πρό-</span> 
     </span>
    </p>
   </div>
   <div class='ocr_carea' id='block_1_85' title="bbox 304 4848 1877 4921">
    <p class='ocr_par' dir='ltr' id='par_1_85' title="bbox 304 4848 1877 4921">
     <span class='ocr_line' id='line_1_85' title="bbox 304 4848 1877 4921; baseline -0.004 -17"><span class='ocrx_word' id='word_1_607' title='bbox 304 4868 462 4921; x_wconf 88' lang='grc' dir='ltr'>τερον</span> <span class='ocrx_word' id='word_1_608' title='bbox 520 4851 553 4921; x_wconf 83' lang='grc' dir='ltr'><strong>ἢ</strong></span> <span class='ocrx_word' id='word_1_609' title='bbox 618 4852 671 4903; x_wconf 82' lang='grc' dir='ltr'>αἱ</span> <span class='ocrx_word' id='word_1_610' title='bbox 744 4850 1085 4920; x_wconf 84' lang='grc' dir='ltr'>τριετηρίδες</span> <span class='ocrx_word' id='word_1_611' title='bbox 1163 4848 1386 4901; x_wconf 74' lang='grc' dir='ltr'>σπονδαὶ</span> <span class='ocrx_word' id='word_1_612' title='bbox 1461 4848 1877 4917; x_wconf 81' lang='grc' dir='ltr'>τελευτήσεσθαι</span> 
     </span>
    </p>
   </div>
   <div class='ocr_carea' id='block_1_86' title="bbox 306 4940 1881 5016">
    <p class='ocr_par' dir='ltr' id='par_1_86' title="bbox 306 4940 1881 5016">
     <span class='ocr_line' id='line_1_86' title="bbox 306 4940 1881 5016; baseline -0.005 -19"><span class='ocrx_word' id='word_1_613' title='bbox 306 4944 555 5016; x_wconf 79' lang='grc' dir='ltr'>ἔμελλον,</span> <span class='ocrx_word' id='word_1_614' title='bbox 611 4943 717 5013; x_wconf 72' lang='grc' dir='ltr'>πρὸ</span> <span class='ocrx_word' id='word_1_615' title='bbox 787 4941 1013 5012; x_wconf 77' lang='grc' dir='ltr'>ἡμερῶν</span> <span class='ocrx_word' id='word_1_616' title='bbox 1062 4942 1234 5010; x_wconf 81' lang='grc' dir='ltr'>δήπου</span> <span class='ocrx_word' id='word_1_617' title='bbox 1317 4940 1726 5008; x_wconf 78' lang='grc' dir='ltr'>τεσσαράκοντα</span> <span class='ocrx_word' id='word_1_618' title='bbox 1781 4941 1881 4990; x_wconf 81' lang='grc' dir='ltr'>επ-</span> 
     </span>
    </p>
   </div>
   <div class='ocr_carea' id='block_1_87' title="bbox 307 5030 1880 5104">
    <p class='ocr_par' dir='ltr' id='par_1_87' title="bbox 307 5030 1880 5104">
     <span class='ocr_line' id='line_1_87' title="bbox 307 5030 1880 5104; baseline -0.006 -14"><span class='ocrx_word' id='word_1_619' title='bbox 307 5037 507 5104; x_wconf 71' lang='grc' dir='ltr'>αφίησι</span> <span class='ocrx_word' id='word_1_620' title='bbox 564 5034 704 5088; x_wconf 69' lang='grc' dir='ltr'>κατὰ</span> <span class='ocrx_word' id='word_1_621' title='bbox 740 5034 840 5103; x_wconf 80' lang='grc' dir='ltr'>τῆς</span> <span class='ocrx_word' id='word_1_622' title='bbox 886 5033 1170 5103; x_wconf 88' lang='grc' dir='ltr'>Ῥωμαίων</span> <span class='ocrx_word' id='word_1_623' title='bbox 1202 5032 1303 5102; x_wconf 76' lang='grc' dir='ltr'>γῆς</span> <span class='ocrx_word' id='word_1_624' title='bbox 1331 5033 1428 5101; x_wconf 74' lang='grc' dir='ltr'>τῆς</span> <span class='ocrx_word' id='word_1_625' title='bbox 1459 5033 1522 5083; x_wconf 82' lang='grc' dir='ltr'><strong>ἐκ</strong></span> <span class='ocrx_word' id='word_1_626' title='bbox 1567 5030 1674 5081; x_wconf 85' lang='grc' dir='ltr'><strong>τῶν</strong></span> <span class='ocrx_word' id='word_1_627' title='bbox 1718 5030 1880 5093; x_wconf 87' lang='grc' dir='ltr'>ὁρίων</span> 
     </span>
    </p>
   </div>
   <div class='ocr_carea' id='block_1_88' title="bbox 308 5120 1882 5195">
    <p class='ocr_par' dir='ltr' id='par_1_88' title="bbox 308 5120 1882 5195">
     <span class='ocr_line' id='line_1_88' title="bbox 308 5120 1882 5195; baseline -0.004 -18"><span class='ocrx_word' id='word_1_628' title='bbox 308 5125 405 5179; x_wconf 82' lang='grc' dir='ltr'>τοῦ</span> <span class='ocrx_word' id='word_1_629' title='bbox 437 5125 617 5193; x_wconf 75' lang='grc' dir='ltr'>Δάρας</span> <span class='ocrx_word' id='word_1_630' title='bbox 651 5125 706 5187; x_wconf 81' lang='grc' dir='ltr'>ἐς</span> <span class='ocrx_word' id='word_1_631' title='bbox 746 5124 845 5195; x_wconf 83' lang='grc' dir='ltr'>τὴν</span> <span class='ocrx_word' id='word_1_632' title='bbox 892 5127 1063 5194; x_wconf 86' lang='grc' dir='ltr'>μέσην</span> <span class='ocrx_word' id='word_1_633' title='bbox 1127 5123 1235 5176; x_wconf 80' lang='grc' dir='ltr'><strong>τῶν</strong></span> <span class='ocrx_word' id='word_1_634' title='bbox 1302 5122 1563 5191; x_wconf 81' lang='grc' dir='ltr'>ποταμῶν</span> <span class='ocrx_word' id='word_1_635' title='bbox 1618 5120 1882 5191; x_wconf 82' lang='grc' dir='ltr'>στρατιὰν</span> 
     </span>
    </p>
   </div>
   <div class='ocr_carea' id='block_1_89' title="bbox 313 5210 1880 5285">
    <p class='ocr_par' dir='ltr' id='par_1_89' title="bbox 313 5210 1880 5285">
     <span class='ocr_line' id='line_1_89' title="bbox 313 5210 1880 5285; baseline -0.003 -18"><span class='ocrx_word' id='word_1_636' title='bbox 313 5216 572 5282; x_wconf 77' lang='grc' dir='ltr'>ἱππικὴν,</span> <span class='ocrx_word' id='word_1_637' title='bbox 630 5216 772 5283; x_wconf 76' lang='grc' dir='ltr'>ἀμφὶ</span> <span class='ocrx_word' id='word_1_638' title='bbox 801 5214 897 5278; x_wconf 78' lang='grc' dir='ltr'><strong>τὰς</strong></span> <span class='ocrx_word' id='word_1_639' title='bbox 948 5217 1122 5268; x_wconf 74' lang='grc' dir='ltr'>εἴκοσι</span> <span class='ocrx_word' id='word_1_640' title='bbox 1168 5215 1435 5285; x_wconf 77' lang='grc' dir='ltr'>χιλιάδας,</span> <span class='ocrx_word' id='word_1_641' title='bbox 1484 5210 1552 5284; x_wconf 82' lang='grc' dir='ltr'>ἧς</span> <span class='ocrx_word' id='word_1_642' title='bbox 1614 5212 1743 5280; x_wconf 56' lang='grc' dir='ltr'><strong>περὶ⁸</strong></span> <span class='ocrx_word' id='word_1_643' title='bbox 1784 5210 1880 5273; x_wconf 80' lang='grc' dir='ltr'><strong>τὰς</strong></span> 
     </span>
    </p>
   </div>
   <div class='ocr_carea' id='block_1_90' title="bbox 1974 3480 3549 3550">
    <p class='ocr_par' dir='ltr' id='par_1_90' title="bbox 1974 3480 3549 3550">
     <span class='ocr_line' id='line_1_90' title="bbox 1974 3480 3549 3550; baseline 0.001 -16"><span class='ocrx_word' id='word_1_644' title='bbox 1974 3482 2120 3536; x_wconf 82' lang='lat' dir='ltr'><strong>ribus</strong></span> <span class='ocrx_word' id='word_1_645' title='bbox 2149 3493 2449 3536; x_wconf 88' lang='lat' dir='ltr'><strong>conventas</strong></span> <span class='ocrx_word' id='word_1_646' title='bbox 2498 3482 2548 3535; x_wconf 92' lang='lat' dir='ltr'><strong>in</strong></span> <span class='ocrx_word' id='word_1_647' title='bbox 2586 3480 2847 3534; x_wconf 89' lang='lat' dir='ltr'><strong>limitibus</strong></span> <span class='ocrx_word' id='word_1_648' title='bbox 2898 3482 3164 3550; x_wconf 78' lang='lat' dir='ltr'><strong>accipere,</strong></span> <span class='ocrx_word' id='word_1_649' title='bbox 3204 3483 3296 3537; x_wconf 87' lang='lat' dir='ltr'><strong>sed</strong></span> <span class='ocrx_word' id='word_1_650' title='bbox 3332 3481 3549 3550; x_wconf 76' lang='lat' dir='ltr'><strong>jubere:</strong></span> 
     </span>
    </p>
   </div>
   <div class='ocr_carea' id='block_1_91' title="bbox 1973 3571 3545 3645">
    <p class='ocr_par' dir='ltr' id='par_1_91' title="bbox 1973 3571 3545 3645">
     <span class='ocr_line' id='line_1_91' title="bbox 1973 3571 3545 3645; baseline 0 -19"><span class='ocrx_word' id='word_1_651' title='bbox 1973 3572 2242 3629; x_wconf 79' lang='lat' dir='ltr'><strong>Romanos</strong></span> <span class='ocrx_word' id='word_1_652' title='bbox 2278 3576 2516 3645; x_wconf 88' lang='lat' dir='ltr'><strong>ipsorum</strong></span> <span class='ocrx_word' id='word_1_653' title='bbox 2541 3575 2782 3643; x_wconf 89' lang='lat' dir='ltr'><strong>periculo</strong></span> <span class='ocrx_word' id='word_1_654' title='bbox 2808 3571 3033 3628; x_wconf 81' lang='lat' dir='ltr'><strong>Nisibitn</strong></span> <span class='ocrx_word' id='word_1_655' title='bbox 3073 3576 3379 3643; x_wconf 86' lang='lat' dir='ltr'><strong>deportare,</strong></span> <span class='ocrx_word' id='word_1_656' title='bbox 3407 3576 3545 3627; x_wconf 87' lang='lat' dir='ltr'><strong>utul-</strong></span> 
     </span>
    </p>
   </div>
   <div class='ocr_carea' id='block_1_92' title="bbox 1970 3666 3544 3738">
    <p class='ocr_par' dir='ltr' id='par_1_92' title="bbox 1970 3666 3544 3738">
     <span class='ocr_line' id='line_1_92' title="bbox 1970 3666 3544 3738; baseline 0.001 -19"><span class='ocrx_word' id='word_1_657' title='bbox 1970 3676 2132 3734; x_wconf 89' lang='lat' dir='ltr'><strong>taque</strong></span> <span class='ocrx_word' id='word_1_658' title='bbox 2154 3666 2257 3719; x_wconf 89' lang='lat' dir='ltr'><strong>alia</strong></span> <span class='ocrx_word' id='word_1_659' title='bbox 2286 3682 2393 3719; x_wconf 88' lang='lat' dir='ltr'><strong>non</strong></span> <span class='ocrx_word' id='word_1_660' title='bbox 2433 3668 2709 3722; x_wconf 83' lang='lat' dir='ltr'><strong>toleranda</strong></span> <span class='ocrx_word' id='word_1_661' title='bbox 2735 3669 2785 3719; x_wconf 89' lang='lat' dir='ltr'><strong>in</strong></span> <span class='ocrx_word' id='word_1_662' title='bbox 2829 3669 3111 3721; x_wconf 79' lang='lat' dir='ltr'><strong>exactione</strong></span> <span class='ocrx_word' id='word_1_663' title='bbox 3142 3669 3382 3737; x_wconf 70' lang='lat' dir='ltr'><strong>pecnn&#39;m</strong></span> <span class='ocrx_word' id='word_1_664' title='bbox 3417 3685 3544 3738; x_wconf 77' lang='lat' dir='ltr'><strong>erga</strong></span> 
     </span>
    </p>
   </div>
   <div class='ocr_carea' id='block_1_93' title="bbox 1974 3753 3545 3824">
    <p class='ocr_par' dir='ltr' id='par_1_93' title="bbox 1974 3753 3545 3824">
     <span class='ocr_line' id='line_1_93' title="bbox 1974 3753 3545 3824; baseline 0.003 -19"><span class='ocrx_word' id='word_1_665' title='bbox 1974 3753 2245 3808; x_wconf 78' lang='lat' dir='ltr'><strong>Romanos</strong></span> <span class='ocrx_word' id='word_1_666' title='bbox 2272 3755 2502 3822; x_wconf 89' lang='lat' dir='ltr'><strong>superbe</strong></span> <span class='ocrx_word' id='word_1_667' title='bbox 2533 3766 2585 3806; x_wconf 90' lang='lat' dir='ltr'><strong>et</strong></span> <span class='ocrx_word' id='word_1_668' title='bbox 2628 3756 3020 3809; x_wconf 87' lang='lat' dir='ltr'><strong>contumeliose</strong></span> <span class='ocrx_word' id='word_1_669' title='bbox 3055 3769 3113 3807; x_wconf 89' lang='lat' dir='ltr'><strong>se</strong></span> <span class='ocrx_word' id='word_1_670' title='bbox 3143 3772 3357 3824; x_wconf 81' lang='lat' dir='ltr'><strong>gerens,</strong></span> <span class='ocrx_word' id='word_1_671' title='bbox 3391 3772 3545 3810; x_wconf 89' lang='lat' dir='ltr'><strong>com-</strong></span> 
     </span>
    </p>
   </div>
   <div class='ocr_carea' id='block_1_94' title="bbox 1974 3843 3551 3911">
    <p class='ocr_par' dir='ltr' id='par_1_94' title="bbox 1974 3843 3551 3911">
     <span class='ocr_line' id='line_1_94' title="bbox 1974 3843 3551 3911; baseline 0.002 -15"><span class='ocrx_word' id='word_1_672' title='bbox 1974 3845 2137 3897; x_wconf 76' lang='lat' dir='ltr'><strong>misit.</strong></span> <span class='ocrx_word' id='word_1_673' title='bbox 2165 3843 2435 3898; x_wconf 83' lang='lat' dir='ltr'><strong>Cbosrnes</strong></span> <span class='ocrx_word' id='word_1_674' title='bbox 2480 3844 2621 3896; x_wconf 88' lang='lat' dir='ltr'><strong>enim</strong></span> <span class='ocrx_word' id='word_1_675' title='bbox 2653 3844 2703 3894; x_wconf 90' lang='lat' dir='ltr'><strong>in</strong></span> <span class='ocrx_word' id='word_1_676' title='bbox 2756 3860 2905 3911; x_wconf 87' lang='lat' dir='ltr'><strong>spem</strong></span> <span class='ocrx_word' id='word_1_677' title='bbox 2940 3846 3323 3909; x_wconf 71' lang='lat' dir='ltr'><strong>adducebatur,</strong></span> <span class='ocrx_word' id='word_1_678' title='bbox 3360 3846 3429 3908; x_wconf 90' lang='lat' dir='ltr'><strong>si,</strong></span> <span class='ocrx_word' id='word_1_679' title='bbox 3463 3861 3551 3899; x_wconf 83' lang='lat' dir='ltr'><strong>ne-</strong></span> 
     </span>
    </p>
   </div>
   <div class='ocr_carea' id='block_1_95' title="bbox 1973 3935 3550 4004">
    <p class='ocr_par' dir='ltr' id='par_1_95' title="bbox 1973 3935 3550 4004">
     <span class='ocr_line' id='line_1_95' title="bbox 1973 3935 3550 4004; baseline 0.002 -17"><span class='ocrx_word' id='word_1_680' title='bbox 1973 3936 2145 4004; x_wconf 77' lang='lat' dir='ltr'><strong>glecto</strong></span> <span class='ocrx_word' id='word_1_681' title='bbox 2184 3935 2385 3988; x_wconf 63' lang='lat' dir='ltr'><strong>foedere</strong></span> <span class='ocrx_word' id='word_1_682' title='bbox 2406 3976 2421 3996; x_wconf 89' lang='lat'><strong>,</strong></span> <span class='ocrx_word' id='word_1_683' title='bbox 2448 3945 2746 4002; x_wconf 78' lang='lat' dir='ltr'><strong>opportune</strong></span> <span class='ocrx_word' id='word_1_684' title='bbox 2779 3935 3139 3989; x_wconf 84' lang='lat' dir='ltr'><strong>incursionem</strong></span> <span class='ocrx_word' id='word_1_685' title='bbox 3183 3937 3361 3989; x_wconf 83' lang='lat' dir='ltr'><strong>facere</strong></span> <span class='ocrx_word' id='word_1_686' title='bbox 3387 3937 3550 3990; x_wconf 89' lang='lat' dir='ltr'><strong>aude-</strong></span> 
     </span>
    </p>
   </div>
   <div class='ocr_carea' id='block_1_96' title="bbox 1977 4024 3552 4092">
    <p class='ocr_par' dir='ltr' id='par_1_96' title="bbox 1977 4024 3552 4092">
     <span class='ocr_line' id='line_1_96' title="bbox 1977 4024 3552 4092; baseline 0.003 -16"><span class='ocrx_word' id='word_1_687' title='bbox 1977 4033 2076 4088; x_wconf 91' lang='lat' dir='ltr'><strong>ret,</strong></span> <span class='ocrx_word' id='word_1_688' title='bbox 2117 4024 2229 4077; x_wconf 81' lang='lat' dir='ltr'><strong>l’ore</strong></span> <span class='ocrx_word' id='word_1_689' title='bbox 2255 4034 2314 4076; x_wconf 90' lang='lat' dir='ltr'><strong>ut</strong></span> <span class='ocrx_word' id='word_1_690' title='bbox 2357 4024 2544 4077; x_wconf 89' lang='lat' dir='ltr'><strong>eodem</strong></span> <span class='ocrx_word' id='word_1_691' title='bbox 2576 4038 2790 4092; x_wconf 78' lang='lat' dir='ltr'><strong>quoque</strong></span> <span class='ocrx_word' id='word_1_692' title='bbox 2831 4035 3011 4092; x_wconf 82' lang='lat' dir='ltr'><strong>postea</strong></span> <span class='ocrx_word' id='word_1_693' title='bbox 3058 4040 3144 4079; x_wconf 90' lang='lat' dir='ltr'><strong>res</strong></span> <span class='ocrx_word' id='word_1_694' title='bbox 3171 4026 3455 4090; x_wconf 85' lang='lat' dir='ltr'><strong>recideret,</strong></span> <span class='ocrx_word' id='word_1_695' title='bbox 3495 4035 3552 4081; x_wconf 83' lang='lat' dir='ltr'><strong>et.</strong></span> 
     </span>
    </p>
   </div>
   <div class='ocr_carea' id='block_1_97' title="bbox 1975 4113 3546 4186">
    <p class='ocr_par' dir='ltr' id='par_1_97' title="bbox 1975 4113 3546 4186">
     <span class='ocr_line' id='line_1_97' title="bbox 1975 4113 3546 4186; baseline 0.002 -19"><span class='ocrx_word' id='word_1_696' title='bbox 1975 4113 2201 4168; x_wconf 80' lang='lat' dir='ltr'><strong>Romani</strong></span> <span class='ocrx_word' id='word_1_697' title='bbox 2231 4114 2613 4183; x_wconf 85' lang='lat' dir='ltr'><strong>supplicarent,</strong></span> <span class='ocrx_word' id='word_1_698' title='bbox 2661 4125 2753 4167; x_wconf 86' lang='lat' dir='ltr'><strong>aut</strong></span> <span class='ocrx_word' id='word_1_699' title='bbox 2783 4115 2826 4169; x_wconf 91' lang='lat' dir='ltr'><strong>si</strong></span> <span class='ocrx_word' id='word_1_700' title='bbox 2862 4117 2998 4169; x_wconf 82' lang='lat' dir='ltr'><strong>forte</strong></span> <span class='ocrx_word' id='word_1_701' title='bbox 3030 4115 3245 4186; x_wconf 89' lang='lat' dir='ltr'><strong>aliquod</strong></span> <span class='ocrx_word' id='word_1_702' title='bbox 3271 4118 3546 4186; x_wconf 78' lang='lat' dir='ltr'><strong>egregium</strong></span> 
     </span>
    </p>
   </div>
   <div class='ocr_carea' id='block_1_98' title="bbox 1976 4206 3549 4279">
    <p class='ocr_par' dir='ltr' id='par_1_98' title="bbox 1976 4206 3549 4279">
     <span class='ocr_line' id='line_1_98' title="bbox 1976 4206 3549 4279; baseline 0.002 -18"><span class='ocrx_word' id='word_1_703' title='bbox 1976 4206 2185 4262; x_wconf 80' lang='lat' dir='ltr'><strong>facinus</strong></span> <span class='ocrx_word' id='word_1_704' title='bbox 2212 4208 2416 4271; x_wconf 78' lang='lat' dir='ltr'><strong>ederet,</strong></span> <span class='ocrx_word' id='word_1_705' title='bbox 2468 4207 2734 4263; x_wconf 65' lang='lat' dir='ltr'><strong>Caesarem</strong></span> <span class='ocrx_word' id='word_1_706' title='bbox 2788 4210 3260 4278; x_wconf 83' lang='lat' dir='ltr'><strong>perterrefaceret,</strong></span> <span class='ocrx_word' id='word_1_707' title='bbox 3302 4211 3394 4279; x_wconf 89' lang='lat' dir='ltr'><strong>qui</strong></span> <span class='ocrx_word' id='word_1_708' title='bbox 3430 4222 3549 4264; x_wconf 88' lang='lat' dir='ltr'><strong>tan-</strong></span> 
     </span>
    </p>
   </div>
   <div class='ocr_carea' id='block_1_99' title="bbox 1976 4295 3549 4358">
    <p class='ocr_par' dir='ltr' id='par_1_99' title="bbox 1976 4295 3549 4358">
     <span class='ocr_line' id='line_1_99' title="bbox 1976 4295 3549 4358; baseline 0.004 -7"><span class='ocrx_word' id='word_1_709' title='bbox 1976 4297 2097 4352; x_wconf 86' lang='lat' dir='ltr'><strong>dein</strong></span> <span class='ocrx_word' id='word_1_710' title='bbox 2144 4295 2519 4352; x_wconf 84' lang='lat' dir='ltr'><strong>Pcrsarmenia</strong></span> <span class='ocrx_word' id='word_1_711' title='bbox 2556 4308 2611 4353; x_wconf 89' lang='lat' dir='ltr'><strong>et</strong></span> <span class='ocrx_word' id='word_1_712' title='bbox 2642 4297 2813 4354; x_wconf 88' lang='lat' dir='ltr'><strong>Iberia</strong></span> <span class='ocrx_word' id='word_1_713' title='bbox 2850 4308 2905 4353; x_wconf 87' lang='lat' dir='ltr'><strong>et</strong></span> <span class='ocrx_word' id='word_1_714' title='bbox 2946 4300 3076 4355; x_wconf 87' lang='lat' dir='ltr'><strong>locis</strong></span> <span class='ocrx_word' id='word_1_715' title='bbox 3111 4301 3357 4355; x_wconf 90' lang='lat' dir='ltr'><strong>ﬁnitimis</strong></span> <span class='ocrx_word' id='word_1_716' title='bbox 3388 4304 3549 4358; x_wconf 86' lang='lat' dir='ltr'><strong>cede-</strong></span> 
     </span>
    </p>
   </div>
   <div class='ocr_carea' id='block_1_100' title="bbox 1981 4389 3549 4459">
    <p class='ocr_par' dir='ltr' id='par_1_100' title="bbox 1981 4389 3549 4459">
     <span class='ocr_line' id='line_1_100' title="bbox 1981 4389 3549 4459; baseline 0.004 -18"><span class='ocrx_word' id='word_1_717' title='bbox 1981 4397 2083 4453; x_wconf 92' lang='lat' dir='ltr'><strong>ret,</strong></span> <span class='ocrx_word' id='word_1_718' title='bbox 2118 4402 2169 4443; x_wconf 90' lang='lat' dir='ltr'><strong>et</strong></span> <span class='ocrx_word' id='word_1_719' title='bbox 2196 4390 2366 4459; x_wconf 89' lang='lat' dir='ltr'><strong>pluris</strong></span> <span class='ocrx_word' id='word_1_720' title='bbox 2386 4392 2740 4446; x_wconf 87' lang='lat' dir='ltr'><strong>vastationem</strong></span> <span class='ocrx_word' id='word_1_721' title='bbox 2773 4389 3015 4447; x_wconf 89' lang='lat' dir='ltr'><strong>Orientis</strong></span> <span class='ocrx_word' id='word_1_722' title='bbox 3046 4391 3549 4448; x_wconf 83' lang='lat' dir='ltr'><strong>Persarmenioruui</strong></span> 
     </span>
    </p>
   </div>
   <div class='ocr_carea' id='block_1_101' title="bbox 1978 4481 3552 4540">
    <p class='ocr_par' dir='ltr' id='par_1_101' title="bbox 1978 4481 3552 4540">
     <span class='ocr_line' id='line_1_101' title="bbox 1978 4481 3552 4540; baseline 0.004 -7"><span class='ocrx_word' id='word_1_723' title='bbox 1978 4481 2587 4537; x_wconf 82' lang='lat' dir='ltr'><strong>etlberormncessionc</strong></span> <span class='ocrx_word' id='word_1_724' title='bbox 2622 4483 2839 4538; x_wconf 81' lang='lat' dir='ltr'><strong>faceret.</strong></span> <span class='ocrx_word' id='word_1_725' title='bbox 2861 4482 3251 4539; x_wconf 85' lang='lat' dir='ltr'><strong>Certioretiam</strong></span> <span class='ocrx_word' id='word_1_726' title='bbox 3283 4486 3552 4540; x_wconf 82' lang='lat' dir='ltr'><strong>Cbosroes</strong></span> 
     </span>
    </p>
   </div>
   <div class='ocr_carea' id='block_1_102' title="bbox 1981 4573 3553 4647">
    <p class='ocr_par' dir='ltr' id='par_1_102' title="bbox 1981 4573 3553 4647">
     <span class='ocr_line' id='line_1_102' title="bbox 1981 4573 3553 4647; baseline 0.004 -23"><span class='ocrx_word' id='word_1_727' title='bbox 1981 4575 2155 4628; x_wconf 78' lang='lat' dir='ltr'><strong>lactus</strong></span> <span class='ocrx_word' id='word_1_728' title='bbox 2184 4584 2323 4634; x_wconf 86' lang='lat' dir='ltr'><strong>erat,</strong></span> <span class='ocrx_word' id='word_1_729' title='bbox 2382 4573 2647 4629; x_wconf 66' lang='lat' dir='ltr'><strong>Caesarem</strong></span> <span class='ocrx_word' id='word_1_730' title='bbox 2699 4589 2858 4644; x_wconf 90' lang='lat' dir='ltr'><strong>quam</strong></span> <span class='ocrx_word' id='word_1_731' title='bbox 2909 4576 3202 4631; x_wconf 82' lang='lat' dir='ltr'><strong>maximum</strong></span> <span class='ocrx_word' id='word_1_732' title='bbox 3249 4592 3553 4647; x_wconf 84' lang='lat' dir='ltr'><strong>praeparare</strong></span> 
     </span>
    </p>
   </div>
   <div class='ocr_carea' id='block_1_103' title="bbox 1982 4666 3556 4738">
    <p class='ocr_par' dir='ltr' id='par_1_103' title="bbox 1982 4666 3556 4738">
     <span class='ocr_line' id='line_1_103' title="bbox 1982 4666 3556 4738; baseline 0.004 -19"><span class='ocrx_word' id='word_1_733' title='bbox 1982 4666 2305 4728; x_wconf 81' lang='lat' dir='ltr'><strong>exercitum.</strong></span> <span class='ocrx_word' id='word_1_734' title='bbox 2340 4667 2524 4735; x_wconf 85' lang='lat' dir='ltr'><strong>ctjam</strong></span> <span class='ocrx_word' id='word_1_735' title='bbox 2544 4667 2760 4738; x_wconf 78' lang='lat' dir='ltr'><strong>navigia</strong></span> <span class='ocrx_word' id='word_1_736' title='bbox 2797 4668 2862 4721; x_wconf 87' lang='lat' dir='ltr'><strong>ad</strong></span> <span class='ocrx_word' id='word_1_737' title='bbox 2896 4669 3105 4737; x_wconf 86' lang='lat' dir='ltr'><strong>equites</strong></span> <span class='ocrx_word' id='word_1_738' title='bbox 3129 4671 3556 4725; x_wconf 82' lang='lat' dir='ltr'><strong>transvehendos</strong></span> 
     </span>
    </p>
   </div>
   <div class='ocr_carea' id='block_1_104' title="bbox 1985 4753 3557 4833">
    <p class='ocr_par' dir='ltr' id='par_1_104' title="bbox 1985 4753 3557 4833">
     <span class='ocr_line' id='line_1_104' title="bbox 1985 4753 3557 4833; baseline 0.004 -24"><span class='ocrx_word' id='word_1_739' title='bbox 1985 4758 2035 4810; x_wconf 94' lang='lat' dir='ltr'><strong>iu</strong></span> <span class='ocrx_word' id='word_1_740' title='bbox 2071 4756 2345 4813; x_wconf 87' lang='lat' dir='ltr'><strong>Orientem</strong></span> <span class='ocrx_word' id='word_1_741' title='bbox 2360 4753 2617 4813; x_wconf 71' lang='lat' dir='ltr'><strong>&#39;mittere.</strong></span> <span class='ocrx_word' id='word_1_742' title='bbox 2647 4759 2833 4829; x_wconf 89' lang='lat' dir='ltr'><strong>Itaque</strong></span> <span class='ocrx_word' id='word_1_743' title='bbox 2874 4761 3034 4829; x_wconf 85' lang='lat' dir='ltr'><strong>paulo</strong></span> <span class='ocrx_word' id='word_1_744' title='bbox 3069 4774 3362 4833; x_wconf 84' lang='lat' dir='ltr'><strong>antequam</strong></span> <span class='ocrx_word' id='word_1_745' title='bbox 3391 4764 3557 4818; x_wconf 80' lang='lat' dir='ltr'><strong>trien-</strong></span> 
     </span>
    </p>
   </div>
   <div class='ocr_carea' id='block_1_105' title="bbox 1986 4848 3558 4923">
    <p class='ocr_par' dir='ltr' id='par_1_105' title="bbox 1986 4848 3558 4923">
     <span class='ocr_line' id='line_1_105' title="bbox 1986 4848 3558 4923; baseline 0.004 -25"><span class='ocrx_word' id='word_1_746' title='bbox 1986 4848 2136 4901; x_wconf 86' lang='lat' dir='ltr'><strong>nales</strong></span> <span class='ocrx_word' id='word_1_747' title='bbox 2193 4848 2421 4901; x_wconf 66' lang='lat' dir='ltr'><strong>induciae.</strong></span> <span class='ocrx_word' id='word_1_748' title='bbox 2471 4848 2705 4903; x_wconf 71' lang='lat' dir='ltr'><strong>ﬁnitum</strong></span> <span class='ocrx_word' id='word_1_749' title='bbox 2752 4860 2968 4914; x_wconf 86' lang='lat' dir='ltr'><strong>essent,</strong></span> <span class='ocrx_word' id='word_1_750' title='bbox 3033 4855 3385 4923; x_wconf 77' lang='lat' dir='ltr'><strong>quadraginta</strong></span> <span class='ocrx_word' id='word_1_751' title='bbox 3447 4853 3558 4905; x_wconf 78' lang='lat' dir='ltr'><strong>fere</strong></span> 
     </span>
    </p>
   </div>
   <div class='ocr_carea' id='block_1_106' title="bbox 1980 4937 3558 5000">
    <p class='ocr_par' dir='ltr' id='par_1_106' title="bbox 1980 4937 3558 5000">
     <span class='ocr_line' id='line_1_106' title="bbox 1980 4937 3558 5000; baseline 0.003 -8"><span class='ocrx_word' id='word_1_752' title='bbox 1980 4938 2117 5000; x_wconf 88' lang='lat' dir='ltr'><strong>dies,</strong></span> <span class='ocrx_word' id='word_1_753' title='bbox 2145 4937 2411 4992; x_wconf 84' lang='lat' dir='ltr'><strong>Cliosroes</strong></span> <span class='ocrx_word' id='word_1_754' title='bbox 2441 4952 2506 4992; x_wconf 83' lang='lat' dir='ltr'><strong>ex</strong></span> <span class='ocrx_word' id='word_1_755' title='bbox 2559 4939 2801 4994; x_wconf 89' lang='lat' dir='ltr'><strong>ﬁnitimis</strong></span> <span class='ocrx_word' id='word_1_756' title='bbox 2833 4940 2963 4995; x_wconf 90' lang='lat' dir='ltr'><strong>locis</strong></span> <span class='ocrx_word' id='word_1_757' title='bbox 3019 4943 3185 4996; x_wconf 88' lang='lat' dir='ltr'><strong>Daras</strong></span> <span class='ocrx_word' id='word_1_758' title='bbox 3223 4943 3465 4997; x_wconf 88' lang='lat' dir='ltr'><strong>immittit</strong></span> <span class='ocrx_word' id='word_1_759' title='bbox 3504 4945 3558 4997; x_wconf 92' lang='lat' dir='ltr'><strong>in</strong></span> 
     </span>
    </p>
   </div>
   <div class='ocr_carea' id='block_1_107' title="bbox 1988 5029 3555 5103">
    <p class='ocr_par' dir='ltr' id='par_1_107' title="bbox 1988 5029 3555 5103">
     <span class='ocr_line' id='line_1_107' title="bbox 1988 5029 3555 5103; baseline 0 -21"><span class='ocrx_word' id='word_1_760' title='bbox 1988 5031 2220 5083; x_wconf 86' lang='lat' dir='ltr'><strong>mediam</strong></span> <span class='ocrx_word' id='word_1_761' title='bbox 2246 5030 2515 5098; x_wconf 74' lang='lat' dir='ltr'><strong>regionem</strong></span> <span class='ocrx_word' id='word_1_762' title='bbox 2564 5029 2851 5084; x_wconf 84' lang='lat' dir='ltr'><strong>ﬂuviorum</strong></span> <span class='ocrx_word' id='word_1_763' title='bbox 2888 5033 3073 5100; x_wconf 79' lang='lat' dir='ltr'><strong>viginti</strong></span> <span class='ocrx_word' id='word_1_764' title='bbox 3109 5035 3270 5088; x_wconf 88' lang='lat' dir='ltr'><strong>tnillia</strong></span> <span class='ocrx_word' id='word_1_765' title='bbox 3292 5036 3555 5103; x_wconf 90' lang='lat' dir='ltr'><strong>equitum,</strong></span> 
     </span>
    </p>
   </div>
   <div class='ocr_carea' id='block_1_108' title="bbox 1984 5120 3561 5190">
    <p class='ocr_par' dir='ltr' id='par_1_108' title="bbox 1984 5120 3561 5190">
     <span class='ocr_line' id='line_1_108' title="bbox 1984 5120 3561 5190; baseline 0.005 -20"><span class='ocrx_word' id='word_1_766' title='bbox 1984 5136 2212 5190; x_wconf 87' lang='lat' dir='ltr'><strong>quorum</strong></span> <span class='ocrx_word' id='word_1_767' title='bbox 2243 5120 2524 5174; x_wconf 89' lang='lat' dir='ltr'><strong>duodecim</strong></span> <span class='ocrx_word' id='word_1_768' title='bbox 2574 5122 2741 5176; x_wconf 88' lang='lat' dir='ltr'><strong>millia</strong></span> <span class='ocrx_word' id='word_1_769' title='bbox 2792 5123 3153 5181; x_wconf 77' lang='lat' dir='ltr'><strong>erautPersa:</strong></span> <span class='ocrx_word' id='word_1_770' title='bbox 3202 5126 3442 5179; x_wconf 84' lang='lat' dir='ltr'><strong>scutil&#39;eri</strong></span> <span class='ocrx_word' id='word_1_771' title='bbox 3505 5136 3561 5178; x_wconf 84' lang='lat' dir='ltr'><strong>et</strong></span> 
     </span>
    </p>
   </div>
   <div class='ocr_carea' id='block_1_109' title="bbox 1984 5210 3559 5281">
    <p class='ocr_par' dir='ltr' id='par_1_109' title="bbox 1984 5210 3559 5281">
     <span class='ocr_line' id='line_1_109' title="bbox 1984 5210 3559 5281; baseline 0.003 -16"><span class='ocrx_word' id='word_1_772' title='bbox 1984 5211 2285 5281; x_wconf 75' lang='lat' dir='ltr'><strong>sagittarii;</strong></span> <span class='ocrx_word' id='word_1_773' title='bbox 2326 5210 2581 5266; x_wconf 88' lang='lat' dir='ltr'><strong>Saraceni</strong></span> <span class='ocrx_word' id='word_1_774' title='bbox 2628 5222 2809 5268; x_wconf 88' lang='lat' dir='ltr'><strong>autem</strong></span> <span class='ocrx_word' id='word_1_775' title='bbox 2839 5227 2890 5269; x_wconf 90' lang='lat' dir='ltr'><strong>et</strong></span> <span class='ocrx_word' id='word_1_776' title='bbox 2914 5214 3162 5271; x_wconf 88' lang='lat' dir='ltr'><strong>Sabiri...</strong></span> <span class='ocrx_word' id='word_1_777' title='bbox 3192 5218 3559 5271; x_wconf 80' lang='lat' dir='ltr'><strong>cumducibns</strong></span> 
     </span>
    </p>
   </div>
   <div class='ocr_carea' id='block_1_110' title="bbox 1586 5332 2252 5389">
    <p class='ocr_par' dir='ltr' id='par_1_110' title="bbox 1586 5332 2252 5389">
     <span class='ocr_line' id='line_1_110' title="bbox 1586 5332 2252 5389; baseline 0.005 -4"><span class='ocrx_word' id='word_1_778' title='bbox 1586 5333 1819 5388; x_wconf 76' lang='lat' dir='ltr'><strong>VARUE</strong></span> <span class='ocrx_word' id='word_1_779' title='bbox 1844 5332 2252 5389; x_wconf 81' lang='lat' dir='ltr'><strong>LECTIONES.</strong></span> 
     </span>
    </p>
   </div>
   <div class='ocr_carea' id='block_1_111' title="bbox 384 5453 3559 5534">
    <p class='ocr_par' dir='ltr' id='par_1_111' title="bbox 384 5453 3559 5534">
     <span class='ocr_line' id='line_1_111' title="bbox 384 5453 3559 5534; baseline 0.003 -29"><span class='ocrx_word' id='word_1_780' title='bbox 384 5455 430 5486; x_wconf 82' lang='grc'><strong>⁷⁸</strong></span> <span class='ocrx_word' id='word_1_781' title='bbox 463 5455 866 5534; x_wconf 53' lang='grc' dir='ltr'>μεγαληγορίας</span> <span class='ocrx_word' id='word_1_782' title='bbox 928 5457 1077 5534; x_wconf 61' lang='grc' dir='ltr'><strong>γυιεζἶ</strong></span> <span class='ocrx_word' id='word_1_783' title='bbox 1149 5454 1306 5534; x_wconf 46' lang='grc' dir='ltr'><strong>’ξι-τῷ</strong></span> <span class='ocrx_word' id='word_1_784' title='bbox 1332 5454 1416 5512; x_wconf 80' lang='grc' dir='ltr'><strong>Β..</strong></span> <span class='ocrx_word' id='word_1_785' title='bbox 1444 5455 1511 5534; x_wconf 74' lang='grc' dir='ltr'>τὰ</span> <span class='ocrx_word' id='word_1_786' title='bbox 1542 5453 1696 5534; x_wconf 42' lang='lat' dir='ltr'><strong>vulg;</strong></span> <span class='ocrx_word' id='word_1_787' title='bbox 1750 5454 1806 5534; x_wconf 79' lang='lat'><strong>_&quot;’</strong></span> <span class='ocrx_word' id='word_1_788' title='bbox 1823 5454 2195 5534; x_wconf 60' lang='lat' dir='ltr'><strong>_Xx1a6p_v§av]</strong></span> <span class='ocrx_word' id='word_1_789' title='bbox 2245 5457 2666 5534; x_wconf 66' lang='grc' dir='ltr'>πεπορθημένης</span> <span class='ocrx_word' id='word_1_790' title='bbox 2877 5458 2939 5512; x_wconf 82' lang='grc' dir='ltr'><strong>Ν.</strong></span> <span class='ocrx_word' id='word_1_791' title='bbox 2991 5461 3062 5534; x_wconf 48' lang='grc' dir='ltr'><strong>λ’</strong></span> <span class='ocrx_word' id='word_1_792' title='bbox 3085 5459 3273 5529; x_wconf 79' lang='grc' dir='ltr'>ἑτέρου</span> <span class='ocrx_word' id='word_1_793' title='bbox 3308 5458 3401 5534; x_wconf 17' lang='grc' dir='ltr'><strong>,Νη</strong></span> <span class='ocrx_word' id='word_1_794' title='bbox 3443 5463 3559 5534; x_wconf 71' lang='grc' dir='ltr'>ἓτε-</span> 
     </span>
    </p>
   </div>
   <div class='ocr_carea' id='block_1_112' title="bbox 316 5526 1456 5596">
    <p class='ocr_par' dir='ltr' id='par_1_112' title="bbox 316 5526 1456 5596">
     <span class='ocr_line' id='line_1_112' title="bbox 316 5526 1456 5596; baseline 0.003 -21"><span class='ocrx_word' id='word_1_795' title='bbox 316 5543 409 5596; x_wconf 87' lang='grc' dir='ltr'><strong>ρον</strong></span> <span class='ocrx_word' id='word_1_796' title='bbox 471 5526 615 5592; x_wconf 76' lang='lat' dir='ltr'><strong>vulg.</strong></span> <span class='ocrx_word' id='word_1_797' title='bbox 695 5527 738 5555; x_wconf 65' lang='lat'><strong>&quot;‘</strong></span> <span class='ocrx_word' id='word_1_798' title='bbox 768 5526 1135 5594; x_wconf 71' lang='grc' dir='ltr'>Ταναχοσρῶε</span> <span class='ocrx_word' id='word_1_799' title='bbox 1170 5526 1332 5596; x_wconf 65' lang='lat' dir='ltr'><strong>idem,</strong></span> <span class='ocrx_word' id='word_1_800' title='bbox 1367 5526 1456 5592; x_wconf 85' lang='lat' dir='ltr'><strong>qui</strong></span> 
     </span>
    </p>
   </div>
   <div class='ocr_carea' id='block_1_113' title="bbox 1509 5524 3558 5600">
    <p class='ocr_par' dir='ltr' id='par_1_113' title="bbox 1509 5524 3558 5600">
     <span class='ocr_line' id='line_1_113' title="bbox 1509 5524 3558 5600; baseline 0.004 -24"><span class='ocrx_word' id='word_1_801' title='bbox 1509 5540 1561 5593; x_wconf 91' lang='lat' dir='ltr'><strong>p.</strong></span> <span class='ocrx_word' id='word_1_802' title='bbox 1596 5524 1719 5600; x_wconf 64' lang='lat' dir='ltr'><strong>Siti.</strong></span> <span class='ocrx_word' id='word_1_803' title='bbox 1750 5525 1788 5577; x_wconf 92' lang='lat' dir='ltr'><strong>l.</strong></span> <span class='ocrx_word' id='word_1_804' title='bbox 1823 5524 1876 5600; x_wconf 49' lang='grc' dir='ltr'><strong>ξε</strong></span> <span class='ocrx_word' id='word_1_805' title='bbox 1913 5534 1986 5600; x_wconf 87' lang='lat' dir='ltr'><strong>e_t_</strong></span> <span class='ocrx_word' id='word_1_806' title='bbox 2016 5525 2139 5600; x_wconf 64' lang='grc' dir='ltr'><strong>416ἶ</strong></span> <span class='ocrx_word' id='word_1_807' title='bbox 2171 5524 2207 5578; x_wconf 82' lang='grc' dir='ltr'><strong>Ῐ.</strong></span> <span class='ocrx_word' id='word_1_808' title='bbox 2249 5528 2301 5600; x_wconf 59' lang='grc' dir='ltr'><strong>ἐξ.</strong></span> <span class='ocrx_word' id='word_1_809' title='bbox 2339 5524 2655 5600; x_wconf 72' lang='lat' dir='ltr'><strong>&#39;l‘acbusdro</strong></span> <span class='ocrx_word' id='word_1_810' title='bbox 2695 5524 2914 5583; x_wconf 74' lang='lat' dir='ltr'><strong>dicitur.</strong></span> <span class='ocrx_word' id='word_1_811' title='bbox 2990 5531 3035 5562; x_wconf 80' lang='lat'>&quot;</span> <span class='ocrx_word' id='word_1_812' title='bbox 3068 5524 3414 5600; x_wconf 72' lang='grc' dir='ltr'>χρησαμένου</span> <span class='ocrx_word' id='word_1_813' title='bbox 3470 5532 3558 5592; x_wconf 81' lang='grc' dir='ltr'><strong>ΙΙ..</strong></span> 
     </span>
    </p>
   </div>
   <div class='ocr_carea' id='block_1_114' title="bbox 315 5593 3562 5680">
    <p class='ocr_par' dir='ltr' id='par_1_114' title="bbox 315 5593 3562 5680">
     <span class='ocr_line' id='line_1_114' title="bbox 315 5593 3562 5680; baseline 0.003 -34"><span class='ocrx_word' id='word_1_814' title='bbox 315 5593 657 5680; x_wconf 61' lang='grc' dir='ltr'>χρησάμεγοι</span> <span class='ocrx_word' id='word_1_815' title='bbox 703 5597 844 5665; x_wconf 82' lang='lat' dir='ltr'><strong>vulg.</strong></span> <span class='ocrx_word' id='word_1_816' title='bbox 921 5593 1204 5649; x_wconf 72' lang='grc' dir='ltr'>’⁸Νίσ;ϐιν</span> <span class='ocrx_word' id='word_1_817' title='bbox 1234 5594 1321 5657; x_wconf 83' lang='grc' dir='ltr'><strong>ΙΙ.,</strong></span> <span class='ocrx_word' id='word_1_818' title='bbox 1359 5597 1581 5664; x_wconf 73' lang='grc' dir='ltr'>Νίσιμιν</span> <span class='ocrx_word' id='word_1_819' title='bbox 1610 5593 1755 5663; x_wconf 59' lang='lat' dir='ltr'><strong>vulg;</strong></span> <span class='ocrx_word' id='word_1_820' title='bbox 1833 5594 1875 5625; x_wconf 73' lang='grc'><strong>⁷⁷</strong></span> <span class='ocrx_word' id='word_1_821' title='bbox 1933 5594 2222 5664; x_wconf 77' lang='grc' dir='ltr'>Ῥιιιμαίοες</span> <span class='ocrx_word' id='word_1_822' title='bbox 2260 5594 2378 5649; x_wconf 81' lang='lat' dir='ltr'><strong>Par.</strong></span> <span class='ocrx_word' id='word_1_823' title='bbox 2455 5598 2501 5627; x_wconf 73' lang='grc'><strong>⁷⁸</strong></span> <span class='ocrx_word' id='word_1_824' title='bbox 2549 5599 2970 5668; x_wconf 84' lang='grc' dir='ltr'>Περσαρμενίων</span> <span class='ocrx_word' id='word_1_825' title='bbox 3024 5593 3116 5666; x_wconf 33' lang='lat' dir='ltr'><strong>lli,</strong></span> <span class='ocrx_word' id='word_1_826' title='bbox 3161 5593 3306 5672; x_wconf 74' lang='grc' dir='ltr'>’περὶ</span> <span class='ocrx_word' id='word_1_827' title='bbox 3357 5620 3562 5673; x_wconf 64' lang='lat' dir='ltr'><strong>capys-</strong></span> 
     </span>
    </p>
   </div>
   <div class='ocr_carea' id='block_1_115' title="bbox 318 5664 642 5734">
    <p class='ocr_par' dir='ltr' id='par_1_115' title="bbox 318 5664 642 5734">
     <span class='ocr_line' id='line_1_115' title="bbox 318 5664 642 5734; baseline -0.012 -15"><span class='ocrx_word' id='word_1_828' title='bbox 318 5664 447 5720; x_wconf 87' lang='grc' dir='ltr'>νίων</span> <span class='ocrx_word' id='word_1_829' title='bbox 501 5664 642 5734; x_wconf 74' lang='lat' dir='ltr'><strong>vulg.</strong></span> 
     </span>
    </p>
   </div>
  </div>
