4006 6214
420 227 520 295 911

1230 220 1618 282 EXCERPTA
1659 218 1757 277 EX
1794 214 2212 275 MENANDRU
2247 210 2740 274 PROTECTORE

3545 204 3651 266 9I2

427 351 814 407 Romanorum,
835 356 936 413 qua
968 339 1268 395 breviorem
1293 351 1388 405 per
1417 342 1626 389 montes
1647 331 1983 399 viamiugre-

2094 327 2295 382 δώδεκα
2335 327 2433 397 μὲν
2470 324 2610 397 ἦσαν
2637 326 2866 395 Πέρσαι,
2904 321 3222 394 θυρεοφόροι
3272 338 3329 373 τε
3368 319 3459 375 καὶ
3500 321 3658 373 ἱππο-

427 448 699 504 derentur,
730 437 1101 507 dispiriebaut.
1121 431 1232 484 Hoc
1263 437 1438 483 autem
1459 441 1567 480 non
1593 438 1814 495 parvam
1845 430 1986 475 ‘attu-

404 539 488 598 Jit
522 530 743 590 Chosroi
771 540 915 579 ranae
952 522 1132 593 gloriae
1170 530 1224 573 et
1246 518 1588 586 impudentia:
1623 512 1763 581 apud
1796 524 1987 566 omnes

425 627 755 695 opinionem,
797 614 936 683 quod
961 611 1225 675 inducias,
1270 607 1482 664 tametsi
1514 604 1669 676 pauci
1700 596 1986 657 admodum

426 692 539 769 dies
574 724 747 779 usque
799 705 863 760 ad
895 704 1095 759 exitum
1130 700 1445 765 restabant,
1486 695 1832 766 impudenter
1869 692 1987 748 vio-

426 810 539 860 lare
583 816 685 855 non
741 804 823 853 est
875 802 1177 849 cunctatus.
1228 789 1531 845 Accedebat
1603 785 1769 856 quod,
1832 782 1987 855 quasi

425 884 982 947 Romanos‘irridens,
1017 880 1264 936 eumdem
1294 876 1586 947 delegerat,
1617 873 1708 943 qui
1742 872 1795 926 in
1820 868 1988 926 conli-

425 985 529 1041 niis
572 994 694 1036 cum
718 976 786 1030 iis
822 974 886 1029 de
917 984 1049 1043 pace
1075 976 1278 1041 ageret,
1310 967 1512 1037 quique
1542 964 1595 1019 in
1620 960 1810 1018 iisdem
1858 959 1989 1015 locis

423 1076 609 1132 eodem
639 1080 881 1137 tempore
906 1074 958 1117 et
986 1060 1111 1117 belli
1159 1069 1213 1114 et
1245 1057 1504 1113 tumultus
1535 1064 1590 1111 et
1614 1052 1985 1110 violandarum

423 1165 760 1224 iuduciarum
808 1166 995 1212 auctor
1022 1160 1182 1210 esset.
1228 1150 1275 1206 Is
1324 1158 1442 1206 erat
1488 1146 1760 1212 Mebodes,
1791 1146 1898 1200 dux
1935 1155 1989 1200 et

423 1269 613 1315 auctor
635 1250 873 1310 omnium
901 1261 1087 1304 eorum
1124 1243 1497 1301 consiliorum.
1529 1238 1699 1305 Hunc,
1722 1238 1813 1308 qui
1839 1253 1985 1293 sum-

423 1366 564 1407 mam
624 1344 863 1403 omnium
924 1352 1104 1394 rerum
1131 1332 1370 1391 baberet
1409 1331 1807 1394 auctoritatem,
1862 1343 1984 1382 cum

421 1442 662 1498 exercitu
701 1434 870 1500 misit,
891 1442 947 1488 et
992 1445 1098 1486 una
1132 1442 1255 1485 cum
1287 1426 1404 1495 ipso
1431 1423 1662 1494 Sapoem
1695 1420 1997 1485 ,Mezerani,

422 1533 546 1594 viri.
601 1529 693 1602 qui
756 1538 1004 1597 magnam
1063 1518 1276 1576 virtutis
1327 1516 1537 1572 laudem
1596 1520 1982 1584 reportaverat,

423 1622 609 1678 lilium.

496 1888 584 1947 I8.
606 1888 690 1961 (Α.
711 1886 774 1944 C.
807 1884 935 1948 579,
963 1879 1075 1936 iud.
1096 1877 1186 1942 I2,
1204 1876 1386 1931 Tiber.
1409 1872 1490 1942 Ξ.)
1513 1868 1761 1961 Tiberius
1783 1867 1990 1961 addidit

426 1958 645 2040 decreto
685 1972 834 2034 aliud
874 1973 985 2029 Deo
1035 1969 1276 2025 maxime
1309 1971 1572 2035 gratum.
1619 1958 1815 2016 Multos
1845 1960 1987 2014 enim

427 2076 620 2131 Persas
642 2071 1011 2125 Romanorum
1037 2058 1301 2131 captivos,
1330 2054 1601 2127 praecipue
1628 2066 1693 2108 ex
1717 2050 1992 2123 primariis

427 2163 578 2226 viris,
601 2169 831 2230 quorum
862 2162 1087 2229 numero
1127 2153 1284 2203 erant
1319 2140 1559 2199 nonnulli
1607 2156 1673 2196 ex
1707 2138 1856 2211 regio
1901 2151 1991 2209 ge-

428 2265 555 2308 nere
583 2227 723 2315 orti,
763 2244 905 2301 dono
938 2227 1101 2297 dedit?
1128 2230 1386 2294 ‘Cbosmi.
1427 2227 1640 2289 Deinde
1690 2231 1895 2302 legatos
1925 2229 1992 2285 ad

426 2344 541 2397 haec
573 2337 738 2401 misit,
768 2335 908 2390 inter
928 2344 1022 2388 eos
1050 2327 1372 2384 Za‘cba‘riam
1393 2326 1610 2389 iterum,
1634 2323 1848 2395 'regium
1881 2335 1993 2376 me-

429 2435 628 2490 dicum.
659 2427 758 2484 Hic
786 2426 968 2499 plures
994 2431 1049 2478 et
1097 2419 1385 2476 admodum
1439 2416 1802 2472 Romanorum
1833 2412 1994 2467 rebus

428 2522 589 2577 utiles
640 2518 938 2589 legationes
972 2514 1023 2568 in
1068 2511 1172 2566 hoc
1211 2508 1350 2565 bello
1379 2506 1596 2562 fecerat.
1644 2503 1830 2574 Itaque
1870 2517 1993 2557 eum

427 2618 493 2670 ad
542 2614 678 2669 hanc
728 2611 1049 2678 legationem
1087 2604 1378 2671 imperator
1428 2597 1611 2667 elegit,
1643 2603 1698 2652 et
1733 2595 1997 2664 dignitate

428 2701 733 2761 exconsubs
755 2708 999 2755 ornatum
1026 2694 1183 2765 167
1212 2692 1277 2746 ad
1313 2689 1460 2744 illam
1498 2688 1797 2745 ubeundam
1829 2685 1997 2742 dimi~

428 2794 683 2864 sit,quod
721 2802 774 2849 et
819 2791 937 2859 ipse
959 2786 1251 2841 Zacharias
1290 2782 1499 2854 legatos
1538 2779 1829 2835 mittendos
1856 2792 1994 2846 esse,

429 2884 698 2957 imprimis
752 2880 1148 2943 admonuerat,
1200 2882 1309 2929 una
1379 2884 1590 2942 quoque
1656 2868 1996 2926 Theodorum

428 2954 717 3049 quemdam
748 2986 814 3027 ex
844 2965 1190 3038 imperatoris
1232 2959 1584 3024 satellitibus,
1614 2974 1772 3028 quem
1806 2959 1871 3014 ad
1898 2959 1994 3013 du-
2022 2954 2069 3019 ϐ

428 3046 510 3122 eis
539 3063 854 3133 dignitatem
877 3056 1089 3115 extulit.
1123 3052 1230 3108 llos
1266 3051 1428 3121 igitur
1453 3050 1589 3105 duos
1611 3049 1778 3113 viros,
1801 3046 1996 3117 quibus

431 3164 570 3215 bene
603 3154 922 3226 legationem
968 3146 1240 3212 attribuit,
1271 3144 1335 3198 ad
1368 3140 1644 3198 Cbosroen
1696 3140 1874 3206 misit,
1928 3140 1995 3193 ad

429 3263 589 3321 quem
634 3258 848 3317 quoque
881 3242 1089 3296 litteras
1126 3234 1484 3293 humanitatis
1542 3232 1725 3303 plenas
1758 3231 1993 3300 scripsit.

433 3342 709 3399 Sententia
741 3338 898 3406 hujus
915 3332 1284 3405 epistolaalteee
1307 3328 1420 3384 fere
1449 3335 1565 3383 erat
1589 3342 1602 3380 :
1629 3345 1647 3377 ι
1676 3324 1786 3394 Ego
1810 3337 1994 3394 pacem

433 3447 581 3504 opto,
608 3443 663 3488 et
681 3448 711 3485 a
743 3430 853 3484 Deo
870 3430 1048 3481 datam
1074 3423 1193 3478 colo
1221 3428 1278 3475 et
1305 3428 1557 3486 tauquam
1584 3415 1812 3470 naturali
1847 3428 1998 3484 quo-

435 3503 558 3580 dam
601 3523 859 3578 instinctu
895 3516 959 3570 ad
1004 3522 1239 3568 vestram
1283 3508 1574 3564 amicitiam
1612 3507 1774 3561 feror.
1818 3503 1999 3575 Itaque

434 3622 653 3682 paratus
685 3623 821 3667 sum.
850 3620 1061 3660 omnem
1080 3599 1513 3657 Persarmeniam
1537 3597 1829 3653 etlberiam
1848 3596 1999 3653 vobis

434 3703 752 3765 concedere,
804 3708 996 3771 praeter
1045 3711 1138 3751 eos
1197 3693 1604 3771 Persarmenios
1644 3693 1757 3748 sive
1794 3688 1996 3756 Iberos,

436 3798 524 3867 qui
550 3796 705 3851 nobis
737 3807 926 3861 parere
950 3790 1161 3846 malint.
1189 3788 1428 3843 Restituo
1458 3794 1511 3841 et
1539 3784 1791 3841 Alumum
1811 3783 2000 3839 eaSteI.

437 3892 565 3955 lum,
626 3897 679 3942 et
733 3886 1064 3940 Arzanenem
1107 3879 1260 3938 vobis
1321 3881 1480 3945 cedo,
1523 3878 1680 3933 modo
1744 3877 1996 3948 oppidum

438 3985 603 4035 llaras
658 3993 753 4048 pro
789 3978 871 4032 Itis
908 3974 1158 4030 omnibus
1204 3988 1233 4026 ιι
1276 3971 1429 4026 vobis
1474 3970 1770 4025 obtineant.
1820 3986 1840 4019 ι
1874 3960 1999 4020 Haec

432 4071 683 4124 'l‘ilmrius
706 4072 1019 4137 imperator,
1053 4079 1148 4135 per
1182 4062 1498 4118 Zachariam
1542 4069 1595 4115 et
1633 4059 1995 4121 Theodorum,

433 4162 626 4227 quibus
673 4159 1031 4212 tuaximorum
1093 4154 1395 4223 legatorum
1455 4158 1777 4220 potestatem
1830 4148 1995 4212 dedit,

2087 418 2322 485 τοξόται,
2379 418 2685 487 Σαρακηνοὶ
2733 415 2789 467 δὲ
2815 416 2911 469 καὶ,
2976 412 3227 482 Σαϐεἰροι
3279 412 3395 466 τν...
3452 412 3499 443 ⁸⁸
3554 412 3657 464 σὺν

2084 510 2196 572 τοῖς
2225 508 2509 579 Ῥωμαίων
2539 507 2764 578 ἄρχουσι
2790 505 2918 575 περὶ
2949 502 3044 557 τοῦ
3076 504 3196 567 πῶς
3235 503 3315 556 δεῖ
3370 502 3660 571 προελθεῖν

2084 600 2183 662 τὴν
2232 601 2290 652 ἐν
2344 601 2489 668 γένει
2549 598 2766 667 ὀρεινὴν
2821 585 3299 664 διασκεπτόμενοι.
3355 595 3419 648 Ὃ
3451 595 3514 665 δὴ
3562 595 3663 647 καὶ

2089 691 2320 763 μάλιστα
2347 689 2662 756 ἀλαζονείας
2706 705 2763 741 τε
2796 687 2891 741 καὶ
2916 687 3303 756 ἀναισχυντίας
3353 687 3414 738 οὐ
3450 685 3666 756 μικράν

2086 781 2333 854 προσῆψε
2359 781 2436 851 τῷ
2484 780 2698 851 Χοσρόῃ
2746 776 2924 845 δόξαν,
2970 778 3068 841 τάς
3088 794 3148 831 τε
3211 776 3479 847 ξυνθήκας
3515 775 3669 828 οὕτω

2086 890 2202 938 πως
2255 872 2479 942 άναίδην
2534 871 2579 903 ⁸¹
2622 871 2723 925 οὐκ
2751 870 3037 939 ὀκνήσαντι
3083 869 3330 939 ξνγχέαι,
3362 868 3457 922 καὶ
3487 868 3671 921 ταῦτα

2084 965 2270 1033 ὀλίγης
2302 963 2437 1032 πρὸς
2480 962 2540 1015 τὸ
2569 962 2740 1033 πέρας
2783 960 2932 1032 αὐτῷ
2961 960 3447 1031 ἐνδαψιλενομένης
3480 977 3671 1028 παραυ

2085 1055 2292 1128 δρομῆς
2383 1053 2602 1125 ἡμερῶν
2630 1068 2643 1081 ·
2703 1053 2796 1105 καὶ
2852 1052 2935 1104 ὅτι
2988 1068 3050 1120 γε
3112 1050 3203 1103 τὸν
3253 1050 3436 1116 αὐτὸν,
3469 1049 3570 1103 an
3600 1050 3670 1119 δὴ

2087 1146 2401 1214 ἐπεγγελῶν
2453 1144 2770 1215 Ῥωμαίοις.
2826 1143 2943 1214 ἅμα
3009 1161 3068 1197 τε
3113 1144 3208 1197 καὶ
3255 1143 3383 1214 περὶ
3435 1144 3669 1214 εἰρήνης

2083 1236 2564 1306 διαλεχθησόμενον
2624 1236 2815 1297 ἐντοῖς
2858 1233 3025 1304 ὁρίοις
3082 1234 3506 1305 ἐχειροτόνησεν,
3567 1235 3669 1286 καὶ

2086 1329 2201 1399 ἅμα
2229 1331 2284 1382 ἐν
2310 1331 2419 1391 τοῖς
2446 1329 2624 1390 αὐτοῖς
2647 1318 2886 1397 χωρίοις,
2918 1329 2976 1380 ὲν
2996 1327 3206 1390 αὑταῖς,
3234 1326 3309 1388 ὡς
3326 1326 3521 1391 εἰπεῖν,
3538 1327 3667 1388 ταῖς

2084 1422 2315 1494 ἡμέραις
2345 1421 2575 1491 πολέμου
2600 1437 2657 1473 τε
2692 1421 2783 1473 καὶ
2808 1408 3052 1490 ταραχῆς
3080 1420 3171 1474 καὶ
3188 1420 3430 1472 σπονδῶν
3455 1419 3668 1487 συγχύ-

2086 1531 2219 1577 σεως
2249 1515 2438 1566 αἴτιον.
2463 1511 2664 1585 Τοῦτον
2688 1511 2751 1582 δὴ
2774 1507 2868 1564 οὖν
2896 1511 2988 1564 τὸν
3011 1510 3242 1580 Μεϐώδη
3270 1510 3660 1580 βουλευμάτων

2089 1618 2147 1655 τε
2193 1602 2495 1672 ἡγούμενον
2527 1599 2621 1654 καὶ
2645 1596 2740 1651 τοῦ
2768 1597 2964 1661 παντὸς
2993 1598 3185 1668 ἔχοντα
3206 1597 3371 1668 κῦρος
3418 1596 3656 1658 ὁπλίσας

2019 1668 2062 1724 Β
2089 1668 2395 1763 ἐξέτέέμψε-
2430 1691 2565 1761 πρὸς
2603 1708 2661 1760 γε
2692 1691 2787 1745 καὶ⁴
2835 1687 3068 1759 Σαπώην
3115 1689 3205 1741 τὸν
3253 1689 3567 1759 Μεαιράνου
3594 1688 3663 1751 us

2090 1783 2279 1853 ἀνδρὸς
2307 1784 2408 1836 οὐκ
2435 1782 2691 1851 ἀγεννοῦς
2725 1781 3169 1850 ἁπενεγκάμενον
3193 1779 3369 1844 δόξαν.

2152 1864 2251 1947 ιη’.
2292 1876 2414 1930 Ὅτι
2442 1876 2471 1928 ό
2503 1864 2753 1947 Τιϐέριος
2782 1874 2877 1928 καὶ
2902 1874 3088 1944 ἕτερόν
3113 1891 3167 1926 τι
3217 1872 3541 1943 προστίθησι
3583 1873 3665 1941 τῷ

2088 1967 2410 2039 δεδογμένῳ,
2438 1969 2531 2024 καὶ
2575 1969 2632 2030 ὲς
2681 1968 2750 2020 τὰ
2791 1966 3026 2036 μάλιστα
3080 1963 3199 2035 Θεῷ
3242 1965 3662 2034 κεχαρισμένον.

2093 2062 2328 2125 Πολλοὺς
2348 2061 2457 2132 ,γάρ
2483 2061 2592 2114 τῶν
2630 2061 2778 2132 παρὰ
2812 2058 3105 2129 Ῥωμαίοις
3148 2056 3491 2129 δορυκτήτων
3517 2057 3665 2126 Περ-

2097 2153 2227 2217 σῶν,
2269 2153 2501 2224 μάλιστα
2530 2152 2653 2216 τοὺς
2687 2153 2744 2204 ὲν
2775 2150 2938 2216 τέλει,
2972 2143 3048 2202 ὧν
3080 2149 3209 2202 ἔνιοι
3241 2149 3334 2202 καὶ
3376 2146 3453 2220 τῷ
3503 2149 3666 2218 βασι-

2093 2245 2220 2316 λείῳ
2258 2245 2403 2313 γένει
2434 2243 2763 2315 ξυνημμένοι
2791 2238 2953 2315 ἦσαν,
2988 2242 3193 2295 ἔστειλε
3226 2240 3441 2313 Χοσρόῃ
3482 2240 3661 2308 δωροο

2095 2335 2360 2407 φορήσεις.
2400 2329 2532 2387 Εἶτα
2564 2333 2824 2403 πρέσϐεις
2858 2331 2952 2385 ἐπὶ
3005 2332 3083 2401 τῷ
3141 2330 3327 2402 τοιῷδε
3388 2329 3664 2399 ἐξέπεμψε

2095 2428 2369 2499 Ζαχαρίαν
2429 2444 2489 2480 τε
2559 2425 2738 2493 αὖθις,
2786 2425 2877 2479 τὸν
2951 2423 3225 2495 βασίλειον
3288 2423 3492 2493 ἰατρὸν,
3562 2422 3664 2474 ἅτε

2096 2519 2354 2584 πολλάκις
2381 2517 2771 2591 χρησιμώτατα
2791 2534 2851 2571 τε
2882 2519 2976 2571 καὶ
3016 2516 3348 2570 εὐνούστατα
3396 2515 3669 2586 ἐξυπηρε-

2095 2612 2400 2683 τησάμενον
2424 2614 2545 2676 ταῖς
2566 2611 2708 2666 κατὰ
2728 2611 2819 2665 τὸν
2845 2610 3079 2682 πόλεμον
3102 2609 3287 2663 τοῦτον
3320 2608 3664 2679 πρεσϐείαις.

2096 2705 2298 2763 Τοῦτον
2323 2703 2387 2775 δὴ
2411 2701 2504 2758 οῦν
2533 2704 2622 2758 τὸν
2644 2703 2813 2776 ἄνδρα
2841 2706 2909 2775 τῇ
2938 2702 3208 2774 λεγομένῃ
3235 2700 3341 2755 ἀπὸ
3399 2700 3666 2770 ἐπάρχων

2097 2786 2223 2868 ἀξίᾳ
2249 2796 2620 2868 διακοσμήσας
2675 2794 3049 2866 ἐχειροτόνησε
3090 2795 3183 2847 καὶ
3227 2792 3408 2855 πάλιν,
3461 2793 3552 2846 καὶ
3600 2792 3668 2860 δὴ

2101 2882 2569 2960 πρεσϐευσόμενον
2600 2885 2833 2956 ἀφῆκεν,
2869 2879 2958 2939 οἷα
2990 2885 3056 2956 δὴ
3084 2885 3178 2939 καὶ
3200 2884 3363 2938 αὐτοῦ
3388 2885 3667 2954 Ζαχαρίου

2096 2980 2196 3052 τὴν
2234 2968 2531 3052 πρεσϐείαν
2557 2974 2761 3050 ταύτην
2786 2977 3041 3047 γενέσθαι
3092 2977 3492 3047 ξυνωθήσαντος
3516 2991 3531 3005 ⁶
3566 2978 3670 3030 σίαν

2095 3073 2173 3143 τῷ
2200 3073 2294 3127 καὶ
2320 3060 2594 3142 Θεόδωρόν
2620 3088 2764 3136 τινα)
2793 3071 2888 3125 ’ἐνα
2913 3070 3022 3125 τῶν
3058 3070 3343 3141 βασιλείων
3388 3086 3669 3140 μαχαιρο-

2098 3161 2298 3232 φόρων,
2327 3160 2544 3231 ἀξίωμα
2560 3162 2653 3215 καὶ
2673 3154 2822 3231 αὖτῷ
2855 3160 3155 3231 στρατηγοῦ
3180 3148 3455 3231 περιθείς.
3476 3158 3670 3211 Τούτω

2096 3252 2174 3306 τὼ
2225 3252 2383 3324 ἄνδρε
2448 3251 2901 3322 πρεσϐευσομένω
2963 3252 3262 3322 ἀπονείμας
3319 3250 3529 3324 Χοσρόῃ
3577 3249 3670 3314 ἐξ·

2100 3343 2368 3413 ἐπεμψεν,
2397 3342 2603 3413 ἔγραψέ
2631 3359 2688 3395 τε
2716 3343 3020 3405 ἐπιεικείας
3046 3341 3292 3397 ἀνάπλεα
3322 3344 3559 3413 ῥήματα.
3603 3341 3667 3393 ’0

2097 3432 2156 3486 δὲ
2202 3432 2326 3497 νοῦς
2380 3433 2478 3504 τῆς
2506 3433 2823 3503 ἐπιστολῆς’
2862 3452 2879 3485 ι
2933 3432 3072 3505 Ἐγὼ
3129 3434 3223 3487 καὶ⁵
3281 3431 3536 3502 βούλομαι
3566 3434 3670 3505 τὴν

2099 3524 2320 3595 εἰρήνην
2344 3525 2435 3576 καὶ
2458 3522 2545 3577 διὰ
2570 3524 2632 3577 τὸ
2680 3522 2957 3577 θεόσδοτον
3003 3522 3167 3578 οὖσαν
3195 3522 3506 3594 ἀσπάζομαι
3525 3540 3541 3555 ο
3575 3526 3673 3578 καὶ

2099 3611 2287 3684 ὥσπερ
2324 3613 2484 3680 φύσει
2508 3613 2614 3666 τινὶ
2644 3610 2961 3683 προσιζάνει
3004 3612 3051 3645 ⁸³
3075 3629 3168 3683 μοι
3217 3613 3286 3667 τὰ
3340 3613 3440 3683 τῆς
3479 3612 3672 3682 φιλίας

2099 3704 2272 3775 ὑμῶν.
2304 3697 2607 3777 Τοιγαροῦν
2656 3705 2893 3775 ἑτοίμως
2943 3704 3051 3777 ἔχω
3101 3706 3200 3776 τῆς
3253 3706 3675 3777 Περσαρμενίας

2098 3810 2157 3847 τε
2212 3796 2391 3866 πάσης
2434 3792 2762 3863 ἀφίστασθαι
2826 3796 2920 3848 καὶ
2983 3795 3244 3868 Ἰϐηρίας,
3289 3796 3351 3850 οὐ
3400 3797 3510 3867 μὴν
3557 3795 3676 3852 τῶν

2101 3880 2436 3956 βουλομένων
2466 3887 2601 3958 ήμϊν
2639 3884 2932 3941 ὑπακούειν
2981 3886 3207 3959 Περσῶν
3268 3886 3561 3959 ’Δρμενίας
3610 3905 3673 3941 τε

2100 3977 2194 4030 καὶ
2262 3975 2512 4047 Ἰϐήρων.
2580 3976 2903 4048 Ἀναδίδωμι
2965 3977 3024 4031 δὲ
3072 3978 3164 4031 καὶ
3236 3978 3297 4032 τὸ
3380 3979 3673 4048 ’Δφουμῶν

2100 4067 2376 4140 φρούριον,
2411 4066 2628 4139 καὶτῆς
2667 4059 3005 4140 Ἂρζανηνῆς
3033 4064 3081 4099 ⁸⁵
3105 4068 3234 4139 ὑμῖν
3254 4070 3671 4140 παραχωρήσω,

2098 4158 2159 4212 τὸ
2179 4158 2358 4229 Δάρας
2390 4157 2549 4226 μόνον
2572 4158 2695 4212 ἀντὶ
2723 4159 2990 4213 τοσούτων
3037 4152 3501 4230 ἀνακομιζόμενος
3532 4158 3671 4229 πρὸς

433 4249 659 4306 Cbosroi
701 4248 897 4302 litteris
942 4246 1286 4315 signiﬁcavit.
1339 4242 1437 4299 His
1476 4243 1638 4297 etiam
1690 4254 1873 4310 pacem
1902 4253 1999 4310 pro

2101 4242 2275 4319 ὑμῶν.
2336 4268 2354 4299 ι
2411 4242 2598 4301 Ταῦτα
2648 4240 2900 4340 ῘῙίϐέριος
2952 4249 2981 4303 ό
3053 4248 3408 4320 αὐτοκράτωρ
3453 4249 3674 4320 Χοσρόη

434 4342 681 4407 arbitrio,
726 4350 782 4393 ut
807 4350 894 4393 res
924 4336 1154 4400 ferrent,
1188 4333 1369 4390 facere
1411 4331 1674 4402 permisit.
1700 4330 1766 4384 Et
1785 4328 1860 4383 illi
1880 4328 1999 4397 qui-

432 4436 573 4495 dent,
596 4431 722 4485 dum
748 4430 923 4483 adhuc
955 4429 1056 4482 iter
1086 4425 1372 4489 faciebant,
1399 4421 1618 4487 accidit,
1648 4428 1706 4474 ut
1734 4418 2001 4475 Cbosroes

430 4538 662 4593 quoque,
697 4520 985 4576 Persarum
1038 4528 1154 4583 rex,
1182 4516 1271 4580 iis,
1304 4528 1425 4584 quae
1458 4512 1534 4567 illi
1564 4518 1749 4568 contra
1784 4518 1999 4566 senten-

433 4615 559 4667 tiam
579 4621 893 4676 evenerant,
944 4608 1241 4678 perculsus,
1283 4619 1509 4677 propere
1531 4605 1597 4658 ad
1634 4603 1997 4658 Romanorum

432 4707 807 4769 imperatorem
884 4700 1117 4769 legatum
1194 4696 1466 4758 mitteret,
1517 4695 1613 4765 qui
1661 4694 1772 4764 jam
1821 4693 1998 4750 hieme

431 4797 648 4850 ineunte
666 4790 940 4860 prolectus
956 4787 1158 4845 erat.ls
1188 4798 1306 4844 erat
1332 4788 1415 4842 vir
1432 4785 1619 4853 Persa,
1644 4785 1736 4858 qui
1762 4786 1827 4841 ad
1857 4786 1996 4841 hanc

434 4885 755 4954 legationem
782 4880 884 4936 fuit
915 4881 1178 4948 delectus,
1223 4878 1438 4936 nomine
1473 4877 1856 4949 Pherogdatcs,
1882 4888 1935 4932 et
1966 4892 1994 4931 a

430 4974 712 5029 Persarum
740 4988 865 5044 rege
891 4972 957 5027 ad
998 4972 1375 5040 imperatorem
1425 4970 1637 5025 litteras
1665 4986 1769 5025 non
1823 4971 1997 5023 minus

429 5066 690 5118 humanas
712 5072 767 5117 et
797 5061 1065 5118 oiliciosas
1119 5059 1328 5115 detulit.
1382 5057 1474 5113 Hae
1502 5060 1581 5116 sic
1602 5062 1660 5115 se
1693 5060 1993 5115 habebant:

433 5174 450 5205 ι
491 5155 765 5224 Siquidem
824 5167 934 5206 rem
975 5151 1174 5220 justam
1220 5148 1400 5204 facere
1445 5149 1647 5213 velles,
1702 5149 1998 5219 imperator

2106 4341 2374 4411 σημήνας,
2414 4339 2587 4410 ἐφῆκε
2626 4334 2870 4412 Ζαχαρία
2896 4357 2956 4395 τε
2999 4340 3096 4395 καὶ
3128 4338 3388 4413 Θεοδώρῳ
3416 4340 3512 4395 καὶ
3567 4357 3675 4410 με-

2105 4428 2307 4497 γίστων
2334 4428 2613 4500 πρέσϐεων
2648 4428 2794 4500 ἔχειν
2824 4429 2977 4501 ἰσχὺν
3031 4432 3127 4485 καὶ
3169 4431 3267 4503 τὴν
3320 4432 3546 4502 εἰρήνην
3594 4431 3676 4492 ὡς

2105 4519 2171 4573 ἂν
2194 4514 2297 4573 οἶοί
2323 4536 2380 4573 τε
2409 4518 2617 4572 ἔσοιντο
2644 4519 2958 4581 διατιθέναι.
3007 4518 3162 4576 Μετὰ
3186 4520 3359 4576 ταῦτα
3385 4519 3482 4590 τῆς
3533 4519 3678 4573 ὁδοι-

2106 4609 2301 4681 πορίας
2330 4608 2409 4663 ἔτι
2458 4610 2728 4681 σχομένω,
2797 4611 3053 4666 σταλέντε
3100 4611 3259 4686 ἄνδρε
3298 4610 3441 4666 οὕτω
3490 4627 3676 4681 παρα-

2106 4701 2233 4772 σχὸν
2254 4696 2322 4766 ⁸⁸,
2364 4703 2457 4756 καὶ
2476 4702 2724 4776 Χοσρόης
2751 4704 2779 4758 ὁ
2806 4702 3033 4775 Περσῶν
3089 4702 3339 4774 βασιλεὺς
3388 4699 3676 4755 καταπλα-

2103 4792 2220 4860 γεὶς
2269 4794 2381 4856 τοῖς
2438 4791 2825 4864 ξυμϐεϐηκόσι,
2906 4794 3227 4866 προφθάσας
3273 4794 3545 4864 ἐκπέμπει
3593 4793 3678 4854 ὡς

2101 4884 2193 4937 τὸν
2240 4882 2286 4915 ⁸⁸
2356 4885 2643 4955 Ῥωμαίων
2694 4885 3075 4957 αὐτοκράτορα
3149 4884 3514 4957 πρεσϐευτὴν,
3577 4884 3676 4938 καὶ

2103 4975 2415 5041 ἀφικνεῖται
2440 4975 2707 5046 χειμῶνος
2743 4976 3049 5047 ἀρχομένου
3092 4977 3191 5048 ἤδη
3242 4977 3301 5041 ὃς
3331 4978 3424 5030 ἐπὶ
3451 4979 3516 5047 τῇ
3540 4992 3673 5045 πρε-

2106 5058 2261 5135 σϐεία
2294 5065 2671 5137 ἐχειροτονήθη
2717 5068 2933 5139 Πέρσης
2983 5056 3147 5139 ἀνὴρ,
3205 5066 3442 5138 τοῠνομα
3499 5068 3669 5135 Φερο-

2102 5154 2327 5226 γδάθης,
2358 5158 2454 5225 οὐχ
2484 5152 2646 5227 ἦττον
2675 5158 2769 5211 καὶ
2818 5158 2979 5222 αὐτδς
3033 5159 3574 5231 φιλανθρωποτάτους
3612 5158 3672 5210 ἐν

1646 5329 1883 5386 VARl/E
1938 5331 2341 5391 LECTIONES.

500 5481 545 5511 τ’
581 5479 688 5531 Σαϐ

735 5495 816 5550 ροι
853 5477 1005 5552 vulg._
1070 5476 1117 5508 ⁸⁸
1149 5475 1276 5552 Post
1307 5473 1555 5552 Σαϐεἴροι
1586 5476 1869 5552 ειςςεὶᾀὶεεοί
1897 5480 2042 5552 conj_.
2073 5480 2134 5535 N.
2163 5476 2249 5552 ὧν
2275 5481 2600 5551 ξυμπάντων
2636 5476 2804 5552 ἦρχον
2833 5483 2904 5546 οἱ,
2932 5491 2984 5537 et
3009 5464 3147 5537 infra
3176 5498 3282 5536 scr.
3316 5481 3495 5552 ziwév
3525 5480 3673 5548 γένει

505 5496 545 5511 ⁸’
853 5496 997 5549 γωδ.
1070 5496 1116 5508 ‘"
1150 5496 1276 5530 I'OSI
1308 5496 1555 5546 ιαοειροι
1586 5496 1853 5533 εχειωδεο
1897 5496 2042 5546 COIl].
2073 5496 2134 5535 KV.
2163 5496 2238 5532 ων
2275 5496 2600 5551 ςυμπαντων
2636 5499 2804 5552 ηρχον
2833 5496 2904 5546 οι,
2932 5496 2984 5537 ει
3009 5496 3147 5537 ΙΙὶῙΙὊ
3176 5498 3282 5536 861⁸.
3316 5496 3414 5550 την
3440 5497 3495 5534 εν
3525 5496 3673 5548 γενει

430 5555 633 5621 (trusit
676 5565 687 5621 ι
732 5563 817 5621 em
865 5546 1007 5621 quod
1061 5547 1275 5621 γενικὴ)
1310 5547 1553 5621 εἰρήνηντ
1598 5544 1675 5621 ,ξι
1704 5549 1948 5621 μάναίδην
1993 5549 2082 5613 II.,
2129 5551 2366 5603 ἁναίδειν
2426 5552 2567 5621 vulg.
2647 5554 2691 5584 "
2719 5553 3004 5621 Μαιράνης
3053 5568 3213 5621 supra
3261 5551 3560 5620 appellatus
3585 5561 3674 5605 est

435 5615 485 5686 ρ.
523 5618 646 5670 5'29.
676 5618 713 5670 I.
741 5618 793 5671 8.
869 5618 914 5650 ⁸⁸
947 5615 1262 5686 προσιζάνοι
1293 5618 1436 5686 vulg.
1516 5617 1561 5648 ”
1598 5618 1921 5687 ’Δρζανικῆς
1952 5621 2092 5690 vulg.

2170 5622 2212 5656 ⁸⁸
2246 5623 2523 5690 παρέσχην
2546 5638 2650 5692 mg.
2681 5623 2760 5675 ιλιι.
2802 5623 2923 5678 Par.
3016 5622 3066 5654 ¹⁸⁶
3097 5628 3186 5678 τὸν
3213 5622 3251 5675 Β
3282 5664 3295 5689 ,
3323 5622 3425 5675 τῶν
3455 5622 3592 5691 vuig.
