3954 6210
313 372 418 435 913

1084 373 1178 433 DE
1213 374 1772 433 LEGATIONIBUS
1820 376 2300 434 ROMANOHUM
2342 377 2438 434 AD
2477 377 2794 437 GENTES.

3471 367 3576 433 914

311 486 566 559 ἐπιστολῇ
597 487 926 558 διακομίζων
962 486 1155 551 λόγους
1192 487 1328 556 πρὸς
1352 487 1445 538 τοῦ
1485 486 1710 556 Περσῶν
1737 488 1890 553 βασι-

2009 486 2383 551 Romanorum,
2417 499 2561 541 recte
2591 488 2808 557 quidem
2836 495 2883 539 te
2907 499 3143 554 gereres,
3183 484 3224 538 si
3253 483 3576 538 Persarum-—

311 577 471 643 λέως,
513 580 570 632 ἐν
697 581 1005 651 ἐγέγραπτο
1062 575 1163 632 ὦδε
1192 595 1203 606 ·
1249 599 1265 627 ι
1304 580 1365 630 El
1427 580 1527 648 μὶν
1584 581 1643 630 τὸ
1690 580 1895 631 δίκαιον

318 670 542 737 ποιῆσαι
568 668 908 739 βουληθείης,
943 665 987 723 ὦ
1062 670 1349 738 Ῥωμαίων
1423 669 1667 737 βασιλεῦ,
1717 671 1895 730 καλῶς

313 761 381 814 ἂν
398 762 626 831 πράξοις
651 761 780 825 τούς
804 780 863 814 τε
891 764 990 831 τὴν
1015 764 1352 816 ἀποστασίαν
1366 761 1462 829 τῆς
1482 762 1896 831 Περσαρμενίας

317 852 717 921 βουλεύσαντας
768 856 1067 925 γενεάρχας
1122 854 1362 914 ἐκδιδοὺς
1410 855 1545 923 ἡμῖν
1602 852 1897 923 ὑφέξοντας

316 946 535 1011 ποινάς,
554 947 611 999 ἐν
660 948 768 1012 τοῖς
798 946 965 1015 ὁρίοις
995 964 1052 998 τε
1108 948 1205 1015 τῆς
1228 944 1453 1014 Περσῶν
1505 962 1564 996 τε
1626 947 1719 997 καὶ
1761 943 1894 997 Ἰιω-

318 1038 493 1109 μαίων
518 1038 1066 1108 ἀναρτηθησομένους
1089 1053 1101 1065 ·
1127 1036 1302 1099 διδοὺς
1334 1036 1391 1089 δὲ
1410 1035 1503 1090 καὶ
1527 1036 1625 1107 τὴν
1647 1035 1897 1089 ἐντεῦθεν

319 1127 604 1195 συμϐᾶσαν
634 1126 839 1197 ζημίαν
866 1129 1125 1198 Πέρσαις.
1157 1127 1218 1179 Εἰ
1242 1127 1297 1179 δὲ
1332 1127 1464 1197 πρὸς
1519 1126 1692 1179 ταῦτα
1742 1128 1896 1179 ἐναν-

312 1219 441 1282 τίως
466 1218 628 1289 ἔχεις,
659 1221 861 1287 πρᾶξαι
890 1220 949 1272 τὸ
977 1220 1151 1287 φίλοις
1200 1221 1407 1289 πρέπον
1439 1236 1450 1243 ·
1486 1219 1645 1271 τοῦτο
1668 1220 1725 1271 δέ
1780 1221 1895 1271 ἐστι

316 1309 641 1380 ξυκιδραμεῖν
664 1313 722 1364 ἐν
748 1314 856 1373 τοῖς
882 1311 1051 1381 ὁρίοις
1073 1310 1228 1373 αὖθις
1255 1312 1378 1371 τοὺς
1412 1311 1676 1379 ἑκατέρας
1702 1312 1897 1379 ἄρχον-

317 1419 415 1465 τας
476 1404 776 1467 πολιτείας,
840 1404 909 1455 τά
969 1403 1064 1467 τῆς
1120 1401 1469 1473 είρήνης,ὼς
1518 1402 1581 1454 ἂν
1620 1402 1897 1465 δύναιντο,

324 1492 524 1559 μεταξὺ
555 1492 663 1546 τῶν
694 1492 737 1523 ³⁷
769 1494 1018 1564 ἀλλήλων
1075 1493 1525 1565 διαϐησομένους,
1594 1493 1712 1561 Ἐφ’
1747 1485 1791 1559 ᾧ
1845 1493 1901 1544 δὲ

316 1584 628 1637 τὰτοιαῦτα
681 1585 985 1656 προελθεῖν,
1052 1586 1343 1655 ἀνακωχὴν
1382 1588 1636 1653 γενέσθαι
1699 1586 1837 1639 τινά.
1877 1604 1895 1638 ι

319 1670 446 1729 Ὧδε
491 1676 591 1746 μὲν
624 1672 717 1730 οὖν
744 1679 838 1730 καὶ
866 1680 898 1747 ἡ
924 1679 1166 1750 Χοσρόου
1198 1678 1383 1747 ἐδήλου
1416 1677 1705 1747 έπιστολή⁸
1747 1677 1899 1730 πλεί-

319 1786 459 1820 στων
490 1768 547 1821 δὲ
579 1769 800 1840 ἡμερῶν
828 1768 968 1823 κατὰ
996 1769 1092 1839 τὴν
1122 1768 1369 1839 βασιλίδα
1400 1768 1553 1828 πόλιν
1582 1768 1901 1838 διαγενομέ-

317 1877 422 1912 νων
445 1859 503 1910 ὲν
532 1862 651 1923 ταῖς
673 1861 730 1913 ἐν
751 1861 900 1930 μέσῳ
932 1861 1237 1923 συνουσίαις
1259 1860 1512 1931 Τιϐερίου
1529 1860 1621 1913 τοῦ
1637 1859 1904 1931 βασιλέως

314 1950 413 2002 καὶ
447 1950 790 2021 Φερογδάθου
849 1951 945 2005 τοῦ
982 1952 1204 2022 Περσῶν
1257 1953 1617 2020 πρεσϐευτοῦ,
1685 1952 1895 2023 γράφε-

314 2059 403 2095 ται
432 2042 531 2109 μὲν
560 2042 812 2096 ἀπιοῦσιν
846 2044 941 2096 ἐπὶ
968 2043 1066 2115 τὴν
1092 2044 1390 2113 πρεσϐείαν
1445 2045 1689 2116 Ζαχαρία
1714 2062 1773 2097 τε
1807 2047 1901 2099 καὶ

314 2131 576 2204 Θεοδώρῳ
624 2136 734 2197 τοῖς
753 2132 1047 2204 πρέσϐεσιν
1071 2134 1409 2205 ἐνδιατρῖψαι
1448 2135 1590 2188 κατὰ
1624 2134 1723 2203 τὴν
1760 2134 1897 2199 Ἕω,

319 2224 413 2275 καὶ
443 2224 503 2276 οὔ
540 2242 593 2278 τι
625 2226 769 2295 μάλα
796 2227 854 2277 ἐν
888 2226 1093 2297 σπουδῇ
1112 2226 1297 2280 θέσθαι
1325 2226 1564 2296 δηλῶσαι
1629 2225 1781 2295 σφῶν
1803 2225 1901 2277 αὐ-

315 2314 423 2367 τῶν
450 2315 548 2385 τὴν
576 2318 884 2386 παρουσίαν
921 2316 1129 2385 βασιλεί
1162 2318 1270 2369 τῶν
1300 2317 1546 2387 Περσῶν,
1582 2317 1711 2385 πρὶν
1752 2316 1784 2386 ἢ
1834 2316 1899 2367 ἐκ

315 2405 415 2471 τῆς
449 2405 719 2472 βασιλίδος
784 2406 1013 2477 ἀφεθείη
1042 2408 1386 2477 Φερογδάθης
1412 2410 1438 2460 ὁ
1494 2406 1719 2475 Περσῶν
1770 2423 1904 2477 πρε-

332 2496 587 2563 σϐευτής.
616 2496 994 2565 Προελθόντων
1008 2496 1061 2557 δὲ
1077 2498 1171 2549 καί
1187 2498 1561 2568 κεκινημένων
1585 2498 1731 2551 ἐσότι
1757 2497 1905 2550 πλεί-

318 2601 456 2636 στων
474 2585 668 2653 λόγων,
689 2586 964 2656 ἐκπέμπει
998 2586 1088 2639 τὸν
1109 2588 1177 2639 Φε
1189 2586 1455 2657 ρογδάθην
1476 2589 1503 2639 ὁ
1528 2587 1781 2657 βασιλεὺς
1812 2588 1904 2640 ἐπὶ

316 2674 546 2740 τούτοις,
574 2670 653 2737 οἷς
680 2676 744 2745 δὴ
779 2678 871 2728 καὶ
900 2675 1105 2747 προτοῦ
1145 2678 1447 2747 ἐγεγράφει
1488 2678 1576 2730 διὰ
1622 2678 1729 2730 τῶν
1766 2677 1904 2729 Ῥω-

320 2766 492 2841 μαίων
521 2767 825 2835 πρέσϐεων.
870 2769 1205 2839 Ἐκεχειρίαν
1228 2770 1283 2821 δὲ
1323 2769 1384 2821 οὗ
1417 2788 1467 2822 τι
1497 2769 1634 2839 ᾦετο
1670 2770 1780 2823 δεῖν
1804 2768 1899 2829 ἐπὶ

321 2858 590 2927 μήκιστον
660 2858 849 2927 χρόνον
892 2858 1153 2911 ἐνδιδόναι
1223 2860 1501 2931 Πέρσαις·
1555 2861 1803 2931 ἀποχρῆν
1849 2860 1895 2891 ⁸⁸

1999 584 2118 636 nios
2141 585 2477 654 genearchas
2502 583 2822 637 defectionis
2846 592 3096 636 auctores
3132 581 3288 636 nobis
3313 582 3574 640 traderes,

2000 677 2295 730 utmeritas
2343 689 2531 744 pinnas
2582 677 2708 729 tnihi
2745 678 2958 739 darent,
2992 674 3124 727 etin
3159 674 3353 729 finibus
3385 673 3577 727 Persa-

2004 782 2118 817 rum
2151 776 2203 819 et
2256 764 2625 819 Romanorum
2675 768 3165 833 suSpenderentur;
3198 776 3250 819 et
3290 766 3334 819 si
3385 766 3577 817 damna

2001 856 2181 911 Persis
2230 858 2375 910 illata
2420 860 2765 924 rependeres.
2804 856 2860 913 Si
2893 858 2996 912 ista
3055 857 3350 927 improbas,
3391 856 3581 909 amicis

2001 946 2175 1001 eflicia
2233 948 2415 1002 debita
2471 965 2538 1003 ne
2578 953 2832 1019 deneges.
2862 949 2975 1003 lloc
3035 947 3255 1011 feceris,
3293 948 3337 1002 si
3370 948 3583 1000 dederis

2002 1053 2245 1107 operam,
2285 1051 2343 1093 ut
2397 1040 2681 1109 utriusque
2731 1042 3042 1111 reipublica:
3100 1041 3345 1109 primarii
3388 1040 3489 1092 viri
3530 1040 3581 1090 in

2003 1131 2251 1185 confiniis
2284 1131 2608 1186 Conveniam
2643 1143 2695 1186 et
2746 1147 2958 1199 pacem,
2981 1133 3024 1186 si
3085 1133 3198 1185 fieri
3228 1131 3417 1201 possit,
3444 1132 3584 1184 inter

2004 1231 2291 1290 utramque
2328 1232 2542 1293 gentem
2603 1231 2846 1277 statuant
2904 1232 2958 1275 et
3016 1222 3310 1277 stabiliant.
3347 1222 3495 1289 Qum,
3531 1233 3587 1272 ιιι

2005 1312 2070 1363 ad
2097 1311 2297 1365 exitum
2324 1314 2709 1379 perducantur,
2738 1321 2953 1380 oportet
2987 1312 3108 1366 belli
3129 1312 3583 1366 intermissionem

2006 1401 2145 1455 tieri.
2190 1420 2207 1451 ι
2243 1402 2418 1471 Atque
2469 1402 2584 1457 haec
2611 1405 2836 1471 epistola
2865 1404 3125 1458 Chosrois
3142 1403 3584 1458 continebantur.

2007 1493 2141 1546 Dum
2170 1490 2558 1561 Phemgdates,
2590 1492 2880 1548 Persarum
2915 1497 3057 1564 regis
3088 1494 3317 1563 legatus,
3356 1494 3410 1547 in
3439 1494 3584 1562 regia

2006 1584 2138 1639 urbe
2180 1599 2301 1639 cum
2336 1584 2556 1663 Tiberio
2585 1585 2913 1655 imperatore
2943 1587 3126 1655 plures
3164 1587 3279 1641 dies
3314 1586 3586 1653 transigit,

2007 1676 2278 1732 Zachariae
2316 1686 2369 1732 et
2402 1676 2721 1742 Theodoro,
2756 1678 2846 1746 qui
2902 1679 2953 1730 in
2994 1680 3315 1747 legationem
3364 1679 3589 1747 profecti

2007 1779 2196 1833 erant,
2231 1785 2330 1839 per
2367 1769 2577 1824 litteras
2625 1771 2991 1840 significatur,
3028 1780 3084 1825 ιιι
3136 1772 3186 1823 in
3226 1770 3447 1824 Oriente
3469 1772 3570 1823 sIth

2009 1860 2226 1924 sistant,
2252 1873 2429 1927 neque
2458 1876 2615 1915 sumn
2649 1861 2939 1914 adventum
2988 1860 3275 1914 Persarum
3308 1858 3417 1928 regi
3450 1859 3590 1911 indi-

2009 1967 2135 2007 care
2164 1952 2444 2018 festinent,
2470 1953 2786 2023 priusquam
2820 1968 2849 2006 a
2880 1953 3023 2022 regia
3050 1952 3181 2005 urbe
3225 1950 3592 2020 Pherogdates

2007 2046 2079 2100 sit
2098 2046 2375 2101 dimissus.
2398 2045 2640 2101 Tandem
2674 2047 2973 2116 imperator
3005 2045 3381 2115 Pherogdalen
3408 2044 3584 2099 dimit-

2007 2134 2091 2198 tit,
2124 2133 2287 2204 168
2319 2148 2441 2189 cum
2479 2133 2678 2188 multos
2727 2149 2848 2187 cum
2880 2133 2970 2188 illo
3002 2133 3282 2187 habuisset
3313 2141 3593 2187 sermones

2009 2224 2072 2278 de
2122 2224 2207 2278 his
2255 2238 2375 2291 (ιιιαι
2420 2224 2568 2293 prius
2599 2224 2664 2277 ad
2702 2226 3070 2279 Romanorum
3106 2210 3315 2293 legatus
3360 2224 3592 2290 scripse-

2010 2323 2117 2369 rat.
2146 2312 2395 2368 lnducias
2427 2314 2479 2367 in
2519 2313 2894 2383 longissimum
2936 2324 3147 2383 tempus
3190 2312 3373 2367 Persis
3399 2324 3592 2363 conce-

2010 2404 2215 2461 dendas
2236 2420 2474 2461 essenon
2501 2406 2744 2475 putabat.
2775 2400 3033 2469 Sul'ficere
3055 2407 3198 2459 enim
3234 2407 3465 2458 duorum
3502 2412 3588 2455 aut

2013 2496 2173 2558 trium
2232 2497 2497 2551 mensium
2543 2496 2775 2567 spatium
2808 2498 2879 2563 ei,
2934 2497 3025 2565 qui
3061 2497 3199 2551 bona
3255 2497 3356 2551 fide
3407 2510 3593 2564 pacem

2012 2587 2149 2641 tueri
2179 2588 2527 2653 instituisset,
2574 2603 2748 2658 neque
2776 2604 2872 2655 per
2898 2588 3140 2643 fraudem
3171 2587 3432 2658 longioris
3457 2596 3592 2639 tem-

2013 2679 2159 2747 poris
2219 2692 2511 2749 apparatus
2584 2678 2814 2734 faciendi
2885 2680 3226 2734 occasionem
3302 2670 3592 2747 quicrerct.

2013 2767 2106 2823 llis
2178 2769 2249 2823 ita
2318 2770 2579 2823 confectis
2639 2769 2888 2824 discessit
2944 2785 2973 2823 a
3032 2768 3289 2839 Byzantio
3357 2766 3595 2838 Pherog-

2008 2862 2180 2914 dates.
3348 2862 3351 2865 ⁷

318 2952 429 3020 γάρ
462 2950 667 3019 ἔφασκε
706 2950 784 3020 τῷ
828 2951 1137 3023 βουλομένῳ
1164 2956 1261 3022 τὴν
1302 2956 1525 3025 εἰρήνην
1565 2958 1659 3009 καὶ
1715 2955 1790 3026 μὴ
1854 2954 1943 3010 διά
1986 2958 2081 3027 τῆς
2151 2957 2245 3008 τοῦ
2295 2958 2489 3029 χρόνου
2549 2956 2791 3020 πλείονος
2845 2955 3061 3029 ἀπάτης
3128 2956 3596 3028 προμηθευομένῳ

320 3046 678 3115 παρασκευῆς
743 3048 1021 3118 ἀφορμὴν,
1089 3049 1182 3102 καὶ
1231 3049 1335 3113 δύο
1388 3051 1573 3120 μηνῶν
1630 3051 1661 3123 ἢ
1725 3051 1889 3122 τριῶν
1964 3053 2345 3123 παραδρομὴν.
2418 3053 2526 3110 Καὶ
2578 3049 2671 3107 οὖν
2726 3054 2940 3126 ἀπῆρεν
2962 3053 3055 3111 ἐπὶ
3108 3058 3220 3117 τοῖς
3258 3031 3505 3107 ’τοιοῖσδε
3563 3055 3594 3105 ὁ

316 3138 660 3210 Φερογδάθης
690 3141 753 3193 ὲκ
776 3141 887 3201 τοῦ,
902 3139 1219 3204 Βυζαντίου.

390 3232 475 3289 ιθ’.
501 3235 618 3289 Ὅτι
660 3236 925 3305 Ῥωμαῖοι
956 3242 1051 3291 καὶ
1074 3238 1278 3309 Πέρσαι
1304 3238 1698 3307 ξυνεστήσαντο
1725 3237 1789 3293 ἂν
1806 3239 1905 3311 τὴν
1931 3250 1974 3310 C

318 3328 563 3399 εἰρήνην,
601 3329 651 3381 εί
704 3330 779 3401 μὴ
834 3330 1079 3401 Χοσρόης
1133 3329 1305 3403 ᾤχετο
1350 3330 1410 3396 ἐξ
1464 3330 1771 3400 ἀνθρώπων
1802 3331 1897 3384 καὶ

333 3419 627 3490 ’ωρμίσδας
644 3424 671 3474 ὁ
689 3421 954 3492 Χοσρόου,
980 3420 1333 3491 ἀνοσιουργὸς
1357 3422 1534 3485 ὅντως
1556 3422 1599 3454 ’⁸⁸
1622 3423 1780 3492 ἀνὴρ,
1801 3421 1897 3492 τὴν

319 3511 530 3581 κίδαριν
567 3512 885 3581 ἀνεδήσατο.
923 3508 1093 3583 Οἶμαι
1120 3512 1220 3583 μὲν
1254 3507 1347 3565 οὖν
1377 3512 1553 3581 ἔγωγε
1576 3513 1675 3566 οὐκ
1697 3514 1894 3577 ἄλλως,

321 3599 460 3669 πλὴν
491 3600 627 3654 ἀλλά
654 3602 747 3654 καὶ
768 3602 841 3665 ὣς
863 3603 908 3633 ⁹⁰
944 3602 1273 3673 ἐκυρώθη⁹¹,
1300 3602 1393 3661 ἅτε
1420 3604 1658 3671 Χοσρόου
1696 3604 1775 3656 ἔτι
1798 3621 1896 3657 πε-

324 3692 529 3761 ριόντος
548 3694 822 3762 Ζαχαρίαν
844 3710 902 3746 τε
925 3695 1019 3755 καὶ
1034 3694 1308 3763 Θεόδωρον
1326 3696 1371 3726 θ’
1384 3697 1699 3764 ἐσφοιτῆσαι
1716 3696 1773 3757 ἐς
1801 3697 1898 3764 τὴν

322 3785 552 3856 Περσῶν
588 3785 1118 3854 πρεσϐευσομένους.
1170 3785 1336 3839 Οὔπω
1385 3786 1493 3855 γὰρ
1528 3786 1627 3855 τὴν
1656 3786 1763 3837 τῶν
1796 3786 1899 3837 Σύ-

323 3894 434 3945 ρων
481 3877 963 3946 παραμειψάμενοι
992 3874 1152 3945 ἦσαν,
1199 3879 1292 3930 καὶ
1317 3878 1471 3929 οὐδὲν
1496 3878 1524 3930 ὃ
1554 3894 1608 3929 τι
1634 3879 1733 3945 τῆς
1766 3877 1901 3929 Ῥω-

328 3968 505 4035 μαίων
554 3966 825 4036 ἐνηλλάγη
880 3966 1200 4037 πρεσϐείας.
1240 3968 1330 4020 Διὸ
1381 3967 1475 4019 καὶ⁸
1531 3969 1594 4020 ὲκ
1635 3968 1900 4037 βασιλέως

322 4056 506 4117 αὐτοῖς
530 4056 835 4125 γράμματα
858 4054 1056 4125 ἐστάλη
1093 4055 1311 4126 ἔχεσθαι
1348 4059 1445 4126 τῆς
1474 4056 1782 4128 ὁδοιπορίας
1810 4060 1903 4111 ἐπὶ

322 4150 437 4210 τοῖς
466 4149 651 4211 αὐτοῖς
675 4165 688 4179 ·
722 4148 928 4216 γνῶναι
970 4148 1071 4218 μὲν
1098 4150 1206 4219 γὰρ
1238 4151 1295 4203 ἐν
1332 4150 1483 4221 μέσῳ
1526 4149 1628 4218 τὴν
1657 4149 1900 4221 Χοσρὸου

320 4244 598 4312 τελευτὴν,
628 4243 776 4313 ὅμως
813 4243 990 4296 δὲκαὶ
1034 4244 1171 4314 πρὸς
1215 4243 1307 4296 τὸν
1361 4244 1574 4298 ἐκείνου
1606 4244 1769 4299 παῖδα
1802 4244 1901 4298 οὐκ

322 4334 496 4397 ἄλλως
532 4338 768 4404 φρονεῖν,
806 4336 1040 4404 ἑτοίμως
1082 4334 1139 4387 δὲ
1194 4334 1340 4405 ἔχειν
1388 4335 1479 4388 τὸν
1540 4336 1774 4405 πόλεμον
1808 4335 1900 4387 ἐπὶ

322 4430 438 4489 τοῖς
474 4427 573 4496 ήδη
604 4427 820 4497 Χοσρόῃ
864 4429 1122 4495 γραφεῖσι
1167 4427 1488 4493 καταλῦσαι.
1524 4426 1645 4480 "Eu
1674 4443 1739 4495 γε
1793 4427 1899 4497 μὴν

324 4522 417 4572 καὶ
444 4519 571 4581 τοὺς
596 4518 898 4588 ἀφεθέντας
929 4519 1309 4589 αἰχμαλώτους
1337 4519 1414 4582 ὼς
1444 4519 1509 4583 ἂν
1540 4519 1896 4589 ἐγχειρίσωσι

2086 3241 2171 3295 19.
2200 3238 2287 3308 (Λ.
2312 3236 2372 3291 C.
2395 3237 2517 3303 580,
2539 3237 2648 3291 ind.
2680 3238 2765 3302 l3,
2790 3236 2972 3291 Tuber.
2994 3235 3071 3304 5.)
3097 3236 3323 3290 Romani
3342 3245 3393 3289 et
3416 3236 3597 3291 Persze

2003 3343 2134 3384 sane
2165 3342 2347 3397 pacem
2391 3327 2681 3392 fecissent,
2724 3328 2825 3381 nisi
2870 3325 3144 3385 Chosroes
3202 3341 3267 3380 ex
3321 3327 3595 3380 hominum

2005 3434 2233 3474 numero
2264 3418 2537 3482 sublatus,
2569 3428 2623 3474 et
2670 3417 3011 3485 ﬂormisdas,
3045 3418 3162 3487 ejus
3208 3418 3373 3484 filius,
3397 3419 3596 3473 ferocis

2002 3515 2202 3583 ingenii
2231 3514 2336 3579 vir,
2387 3513 2555 3567 cidari
2585 3497 2873 3573 redimitus
2900 3512 3113 3568 fuisset.
3159 3512 3265 3569 Sed
3306 3525 3417 3567 tum
3455 3530 3592 3584 quo-

2002 3622 2133 3676 que,
2160 3605 2542 3675 opinor,,nihil
2575 3604 2723 3662 aliud
2752 3605 3087 3669 decernitur,
3107 3618 3271 3673 quam
3304 3614 3361 3656 ιιι
3387 3604 3589 3657 Zaelta'

2007 3701 2112 3752 rias
2129 3707 2181 3751 et
2205 3696 2520 3751 Theodorus
2543 3738 2557 3761 ,
2595 3706 2850 3766 tanquam
2891 3697 3067 3751 adhuc
3095 3697 3388 3765 superstite
3425 3695 3599 3748 Chus-

2007 3788 2422 3855 roe,’Persidem
2453 3789 2737 3845 intrarent.
2770 3786 2980 3841 Etenim
3014 3796 3139 3845 tunc
3172 3788 3433 3855 temporis
3463 3802 3599 3838 nou-

2007 3885 2131 3937 dum
2163 3881 2377 3950 Syriam
2404 3880 2727 3949 transgressi
2748 3886 2924 3941 erant,
2951 3892 3123 3944 neque
3152 3878 3446 3947 quidquam
3478 3877 3598 3931 ideo

2006 3987 2067 4026 ex
2104 3985 2293 4025 eorum
2353 3968 2621 4037 legatione
2650 3975 2914 4023 mutatum
2951 3976 3056 4021 est.
3083 3966 3268 4034 itaque
3308 3965 3503 4021 litterae
3531 3968 3599 4018 ab

2006 4062 2339 4129 imperatore
2372 4058 2478 4112 illis
2513 4056 2737 4112 reddita:
2770 4064 2919 4121 sunt,
2947 4064 3008 4110 ut
3030 4056 3537 4111 continuarentiter
3576 4072 3589 4109 ι

2005 4152 2107 4207 sibi
2156 4150 2372 4220 quidem
2427 4149 2733 4204 nuntiatutn
2797 4162 2949 4212 esse,
3019 4138 3161 4202 inter
3220 4149 3273 4203 id
3339 4151 3599 4219 temporis

2004 4243 2302 4302 Chosroetn
2363 4250 2591 4301 mortem
2649 4240 2907 4306 abiisse;
2939 4250 3332 4306 verumtamen,
3389 4256 3597 4296 seesse

2006 4336 2197 4392 eodem
2242 4334 2295 4388 in
2329 4332 2497 4387 tilium
2542 4331 2759 4397 animo,
2803 4342 2857 4387 et
2902 4341 3152 4403 paratum
3199 4331 3497 4387 secundum
3530 4346 3594 4385 ea

2007 4442 2175 4497 qutea
2198 4425 2441 4491 Chosroe
2475 4424 2676 4495 scripta
2709 4433 2888 4487 erant,
2916 4438 2944 4477 a
2984 4423 3123 4478 bello
3140 4423 3462 4487 discedere;
3502 4438 3596 4476 ne-

2009 4535 2117 4591 que
2149 4530 2435 4590 prepterea
2470 4519 2785 4573 omitterent
2832 4514 3027 4571 Persas
3058 4516 3322 4585 captivos,
3350 4514 3599 4569 libertate

322 4610 398 4680 τῷ
442 4586 666 4681 Περσῶν
711 4610 941 4680 βασιλεῖ.
979 4586 1441 4682 Προσημήναντες
1472 4586 1651 4665 τοίνυν
1680 4586 1728 4664 oi
1767 4610 1900 4666 Ῥω-

2009 4618 2258 4677 donatos,
2293 4614 2344 4666 in
2380 4626 2572 4665 manus
2617 4610 2762 4681 regis
2798 4608 3087 4665 Persarum
3124 4608 3360 4663 tradere.
3410 4607 3598 4675 Itaque

324 4701 501 4770 μαίων
533 4701 786 4771 πρέσϐεις
821 4701 917 4755 σὺν
939 4702 1106 4772 πολλῇ
1131 4720 1191 4755 τε
1226 4706 1359 4773 τιμῇ
1383 4703 1478 4756 καὶ
1498 4703 1742 4775 εὐφημίᾳ
1760 4704 1901 4759 κατά

319 4794 416 4865 τὴν
448 4795 663 4849 Νίσιϐιν
680 4797 927 4863 ἐγένοντο
944 4814 957 4828 ⁸
977 4799 1035 4850 ἐν
1057 4797 1157 4851 θαύ
1167 4799 1298 4867 ματί
1321 4815 1378 4851 τε
1399 4799 1640 4869 μεγίστῳ
1660 4798 1905 4853 ἐποιοῦν-

321 4903 383 4939 το
443 4888 647 4957 Πέρσαι
703 4887 801 4957 τὴν
841 4887 1130 4958 Ῥωμαίων
1173 4889 1315 4960 ἀμφὶ
1368 4891 1493 4953 τοὺς
1546 4889 1905 4961 δοριαλώτους

324 4978 759 5048 φιλανθρωπίαν.
803 4979 891 5030 Ἐν
920 4978 1094 5049 τούτῳ
1148 4980 1205 5033 δὲ
1259 4982 1354 5034 καὶ
1406 4981 1655 5051 Τιϐέριος
1685 4984 1713 5034 ὁ
1742 4982 1903 5035 αὐτο·

324 5070 550 5139 κράτωρ
603 5068 811 5122 στέλλει
861 5069 1039 5136 αὖθις,
1081 5070 1179 5123 τοῦ
1218 5068 1349 5142 ἦρος
1379 5056 1711 5143 ἀρχομένου,
1743 5074 1903 5127 Μαυ-

333 5161 514 5230 ρίκιον
544 5162 686 5215 κατά
718 5161 816 5233 τὴν
848 5162 986 5233 πρὸς
1017 5163 1309 5233 ἀνίσχοντα
1355 5164 1504 5233 ἥλιον
1560 5164 1903 5233 ἀποκαραδο-

329 5255 567 5319 κήσοντα
594 5261 656 5307 τὸ
696 5254 977 5325 ἐσόμενον,
1004 5256 1467 5327 ἐγκελευσάμενός
1489 5258 1560 5321 οἱ,
1592 5258 1729 5326 πρὸς
1764 5257 1901 5328 ὅπερ

328 5344 397 5397 ἀν
434 5346 464 5397 ὁ
498 5346 725 5415 Περσῶν
777 5346 1029 5416 βασιλεὺς
1074 5351 1282 5418 τραπῇ,
1323 5348 1675 5412 ὑπαντιάζειν
1714 5365 1771 5401 τε
1810 5350 1905 5401 καὶ

328 5438 843 5507 παρασκευάζεσθαι
890 5440 1026 5509 πρὸς
1074 5441 1342 5509 ἑκατέραν
1402 5441 1510 5493 τῶν
1559 5441 1902 5509 πραγμάτων

2012 4705 2379 4763 Romanorum
2417 4703 2599 4772 legati,
2627 4702 2829 4758 nuntiis
2885 4700 3200 4772 prmmissis,
3231 4714 3353 4755 cum
3390 4697 3600 4751 honore

2012 4806 2067 4852 et
2104 4796 2295 4851 faustis
2321 4796 2808 4851 acclamationibus
2852 4794 3084 4849 Nisibim
3124 4799 3501 4862 pervenerunt.
3534 4789 3599 4841 Et

2016 4890 2195 4946 Persae
2226 4888 2446 4958 quidem
2479 4887 2851 4941 ltomanorutn
2888 4900 3009 4956 erga
3046 4887 3293 4953 captivos
3346 4883 3598 4937 humani-

2016 4994 2179 5039 tatem
2222 4996 2545 5051 magnoperc
2580 4990 2707 5034 sunt
2768 4978 3041 5032 admirati.
3094 4979 3303 5028 interea
3347 4973 3597 5027 Tiberius

2015 5076 2332 5143 imperator.
2373 5072 2760 5133 vereineunte,
2793 5084 2981 5123 russus
3001 5067 3148 5121 misit
3176 5066 3496 5119 Mauricium
3539 5067 3593 5118 in

2013 5165 2345 5221 Orientaletn
2411 5162 2620 5233 imperii
2680 5172 2910 5232 partem,
2965 5160 3077 5228 qui,
3127 5157 3268 5227 quod
3329 5157 3593 5215 eveniret.

2014 5265 2378 5325 exspectaret,
2438 5265 2492 5310 et
2527 5254 2602 5308 illi
2654 5254 2961 5321 imperavit,
2994 5263 3051 5304 ιιι
3113 5248 3224 5317 regi
3284 5248 3593 5308 Persarum,

2013 5363 2337 5419 quocunque
2394 5364 2453 5403 se
2504 5355 2779 5408 verteret,
2834 5355 3186 5399 occurreret:
3226 5342 3353 5396 etin
3409 5356 3601 5407 qnam-

2013 5456 2225 5510 cunquc
2282 5451 2490 5512 partem
2556 5455 2639 5494 res
2666 5439 2942 5499 caderent,
3004 5439 3067 5491 ad
3114 5450 3300 5490 omnes
3351 5449 3509 5487 casus
3538 5448 3597 5487 se

1607 5596 1837 5653 VARIIE
1876 5596 2285 5655 LECTIONES.

400 5715 444 5744 ⁸⁷
483 5714 591 5767 τῶν
642 5716 745 5769 ιΙοΙ.
778 5716 840 5767 Ν.

336 5784 385 5819 ⁸³
411 5782 539 5840 Post
575 5787 723 5838 Θεόδ.
764 5787 862 5840 ins.
898 5782 1211 5840 συνέϐαινεν
1242 5786 1358 5841 \al.

918 5716 964 5747 ³⁸
983 5717 1406 5791 ᾅτῖεχρῆιιριιΙς.
1486 5720 1528 5751 ⁸³
1558 5721 1722 5784 ὅντως
1770 5720 1855 5785 ΙΙ,,
1892 5718 2063 5785 οὕτως
2101 5724 2241 5791 vnlg,
2322 5724 2365 5755 οο
2399 5724 2469 5784 ὡς
2522 5723 2663 5785 Vulg.

2744 5717 3057 5788 ⁹¹Ξκυρώθη
3112 5718 3177 5771 ἂν
3214 5720 3321 5773 είτε
3370 5716 3435 5771 Η.
3483 5714 3593 5768 Val.
