4012 6214
393 293 498 357 915

1194 293 1587 351 EXCERPTA
1622 290 1724 348 EX
1763 287 2185 348 MENANDRU
2224 289 2714 349 PROTEC'I'ORE

3535 285 3646 350 916

395 417 745 476 praepararet.
797 405 862 466 Et
898 410 986 464 ille
1019 409 1257 476 quidem,
1308 417 1361 460 ut
1393 422 1486 461 rex
1528 419 1880 475 praeceperat,
1913 405 1966 457 in

2077 406 2268 476 ῥοπήν.
2301 406 2413 459 Καὶ
2446 407 2474 458 ὁ
2501 407 2618 474 μὲν,
2645 405 2787 458 καθὰ
2803 403 3015 474 βασιλεί
3037 403 3235 464 ἐδόκει,
3266 401 3370 455 ἀνᾶ
3399 401 3495 470 τὴν
3529 402 3646 454 Ἕω

398 502 618 554 Oriente
669 500 930 564 substitit,
991 507 1044 552 et
1100 497 1444 562 observabat,
1485 497 1614 566 quid
1661 497 1803 550 facto
1832 510 1968 563 opus

397 603 563 646 esset.
609 591 742 644 Cum
802 590 966 661 igitur
1013 589 1173 657 legati
1219 588 1271 641 in
1332 588 1606 643 Persidem
1665 587 1966 651 venissent,

398 683 682 736 Persarum
708 697 908 750 regem,
935 683 1025 750 qui
1060 690 1304 735 recenter
1335 681 1385 734 iu
1413 681 1613 750 regimn
1649 679 1840 734 solium
1879 694 1967 733 as-

395 772 649 826 cenderat
671 814 686 836 ,
731 772 972 826 salutare
1021 786 1350 840 magnopere
1377 771 1684 838 cupiebant,
1713 765 1786 825 'et
1815 785 1963 839 spem

395 864 692 927 habebant,
723 865 822 916 sibi
867 881 971 918 nun
1017 865 1192 918 solum
1246 862 1469 916 multum
1515 863 1734 916 honoris
1786 873 1840 916 et
1868 864 1966 916 bn-

396 955 674 1010 manitatis
714 956 1043 1025 impertitum
1082 955 1148 1009 iri
1180 995 1194 1016 ,
1255 957 1349 1008 scd
1416 954 1576 1006 etiam
1604 992 1620 1017 ,
1657 967 1776 1020 quae
1819 961 1966 1020 pete-

395 1059 535 1109 rent.
560 1063 681 1107 sese
711 1049 1110 1116 inmetmtnros.
1149 1048 1356 1101 Etenim
1416 1055 1532 1113 post
1556 1052 1661 1098 tam
1697 1045 1961 1112 insignem

395 1138 674 1193 victoriam
723 1155 1000 1194 sermones
1047 1138 1346 1193 aﬂ'érebaut
1391 1138 1456 1191 ab
1502 1137 1826 1206 imperatore
1852 1135 1962 1190 lto-

395 1245 554 1284 mano
573 1231 827 1286 comitate
852 1240 906 1284 et
928 1230 1260 1284 humanitate
1281 1229 1466 1296 plenos
1489 1237 1543 1280 et
1568 1227 1636 1281 ab
1651 1226 1796 1281 omni
1819 1227 1959 1280 inso~

395 1319 557 1374 lentia
587 1331 843 1376 remotos.
875 1319 1058 1391 Neque
1090 1335 1218 1375 vero
1248 1320 1420 1374 solum
1467 1333 1526 1374 se
1548 1318 1724 1373 verbis
1752 1332 1960 1374 comem

395 1418 451 1462 et
477 1409 766 1480 benignum
806 1411 1078 1478 praebebat
1110 1410 1429 1478 imperator,
1479 1425 1660 1463 verum
1688 1408 1852 1463 etiam
1905 1424 1961 1463 rc

395 1500 529 1569 ipsa,
566 1517 689 1556 cum
721 1510 796 1556 tot
822 1501 1065 1571 captivus
1101 1501 1282 1556 Persis
1333 1502 1668 1556 restitueret.
1704 1500 1769 1556 Et
1799 1516 1862 1554 ex
1896 1515 1961 1556 eo

395 1591 655 1658 putabant
693 1593 827 1655 fore,
858 1599 914 1646 ut
952 1607 1069 1660 quae
1101 1594 1417 1660 sperabant,
1449 1591 1565 1645 sine
1591 1594 1954 1646 controversia

395 1691 876 1750 consequerentur.
924 1681 1030 1736 Sed
1078 1682 1327 1737 universa
1389 1698 1474 1735 res
1523 1681 1574 1734 in
1623 1682 1955 1737 contrarium

2071 497 2252 566 ἔμενε,
2303 498 2364 550 τὸ
2413 498 2686 567 πρακτέον
2736 495 3050 566 ἐπιτηρῶν·
3097 495 3396 565 προϊόντων
3444 493 3501 546 δὲ
3537 493 3652 546 τῶν

2073 589 2358 658 πρέσϐεων
2392 591 2451 651 ἐς
2472 588 2541 641 τὰ
2592 590 2699 660 ἤθη
2741 588 2988 658 Περσῶν,
3008 587 3377 654 ἐπειγομένων
3423 603 3482 638 τε
3524 584 3654 637 θεάς

2071 679 2269 733 σασθαι
2317 680 2406 734 τὸν
2455 681 2580 750 ἄρτι
2617 680 2692 750 τῷ
2741 680 2998 751 βασιλείῳ
3032 679 3209 748 θρόνῳ
3258 678 3652 747 ἐπιϐεϐηκότα,

2068 771 2330 839 οἰομένων
2359 788 2417 824 τε
2451 773 2509 834 ἐς
2555 773 2622 824 τὰ
2679 771 2912 842 μάλιστα
2957 770 3242 836 τεύξεσθαι
3263 771 3311 802 ’³
3344 769 3533 837 τιμῆς,
3587 768 3659 820 οὐ

2076 861 2184 931 μὴν
2217 862 2353 917 ἀλλὰ
2387 865 2480 917 καὶ
2524 864 2632 918 τῶν
2679 863 3131 934 σπουδαζομένων
3183 861 3307 914 οὔτε
3330 864 3376 894 ’³
3412 863 3656 914 ἀποτεύο

2067 951 2252 1018 ξεσθαι
2286 949 2395 1025 (οἷα
2444 956 2584 1023 μετὰ
2635 955 2905 1026 τοσαύτην
2967 956 3124 1024 νίκην
3175 956 3386 1024 πράους
3434 973 3492 1008 τε
3551 957 3660 1007 καὶ

2067 1043 2248 1114 πάσης
2287 1043 2578 1110 αὐθαδείας
2612 1045 3064 1117 ἀπηλλαγμένους
3102 1046 3194 1099 τοῦ
3231 1045 3519 1114 Ῥωμαίων
3548 1045 3656 1113 βαι

2068 1133 2262 1197 σιλέως
2288 1137 2740 1207 ἐπικομιζόμενοι
2760 1137 2988 1205 λόγουςο
3016 1139 3110 1191 καὶ
3139 1137 3212 1200 ὡς
3234 1137 3292 1188 οὐ
3322 1136 3483 1204 μόνον
3515 1136 3656 1204 ἄχρι

2067 1225 2331 1295 ῥημάτων
2370 1227 2517 1297 αὐτῷ
2564 1227 2628 1280 τδ
2677 1227 3086 1299 φιλάνθρωπον,
3145 1226 3345 1298 μᾶλλον
3401 1227 3497 1296 μὲν
3549 1222 3655 1278 οὖν

2064 1316 2249 1387 ἔργοις
2318 1318 2786 1388 ἐπιδεικνυμένου,
2827 1317 2905 1388 τῷ
2943 1317 3231 1380 τοσούτους
3280 1317 3654 1387 δοριαλώτους

2062 1410 2175 1469 τοῖς
2235 1406 2476 1478 Πέρσαις
2527 1408 2722 1470 αὐτοὺς
2778 1409 3191 1477 ἐπαναγαγεῖν),
3250 1407 3454 1460 τούτων
3489 1408 3655 1459 ἐλπι-

2063 1498 2262 1563 ζόντων
2292 1514 2356 1565 γε
2391 1497 2573 1550 αύτῶν
2599 1497 2838 1566 κυρῆσαι
2875 1497 3284 1568 ἀναμφιϐόλως,
3335 1500 3394 1557 ἐς
3431 1499 3657 1549 τούνανο

2061 1590 2173 1640 τίον
2231 1587 2431 1657 ξυνέϐη
2476 1588 2646 1642 ἅπαν.
2684 1587 2906 1654 Πρῶτον
2969 1589 3066 1658 μὲν
3123 1587 3232 1657 γὰρ
3282 1587 3424 1640 κατὰ
3480 1587 3656 1656 μέσον

2062 1680 2164 1748 τῆς
2221 1679 2532 1751 ὁδοιπορίας
2589 1678 2697 1732 τῶν
2725 1695 2811 1742 τις
2839 1679 2990 1750 παρὰ
3040 1680 3280 1746 Πέρσαις
3328 1682 3440 1742 τοῖς
3487 1679 3654 1749 βασιο

396 1773 578 1827 vcrtit.
609 1771 846 1826 Primum
882 1772 1026 1827 enim
1059 1788 1198 1828 unus
1224 1789 1287 1828 ex
1320 1773 1424 1838 Itis,
1459 1773 1547 1842 qui
1580 1773 1688 1842 regi
1716 1772 1767 1826 in
1792 1785 1956 1839 nege-

2067 1741 2236 1831 λικοίς
2284 1784 2344 1820 τε
2374 1741 2467 1820 καὶ
2499 1769 2780 1838 δημοσίοις
2829 1741 3152 1840 πράγμασιν
3206 1741 3656 1839 ἐξυπηρετουμέ-

398 1865 484 1918 tiis
509 1874 564 1919 et
592 1863 752 1936 regiis
782 1874 837 1920 et
875 1864 1107 1934 publicis
1137 1863 1500 1918 ministerium
1538 1863 1800 1933 praebent,
1830 1877 1964 1930 quos

395 1955 571 2010 Latini
605 1971 636 2010 a
658 1957 883 2012 secretis
912 1963 1126 2018 vocant,
1164 1954 1379 2008 obvium
1411 1968 1469 2008 se
1497 1954 1668 2008 media
1710 1954 1794 2006 via
1824 1953 1966 2023 lega-

397 2048 464 2105 tis
498 2049 638 2113 tulit,
672 2047 832 2122 169
851 2056 905 2102 et
932 2063 1026 2104 eos
1045 2055 1128 2101 est
1148 2055 1553 2116 percunctatus,
1588 2047 1715 2115 quid
1745 2046 1961 2113 vellent,

395 2152 499 2204 qua
545 2139 610 2190 de
644 2151 804 2192 causa
849 2135 1118 2201 venirent,
1160 2145 1216 2190 et
1272 2135 1401 2205 quid
1458 2135 1627 2194 nuntii
1681 2135 1959 2192 aﬂ'errent.

396 2227 532 2284 lluic
560 2227 851 2284 Zacharias
879 2237 932 2282 et
962 2225 1280 2282 Theodorus
1334 2230 1731 2298 responderunt
1767 2227 1818 2282 id
1858 2245 1960 2282 non

394 2319 494 2386 illi,
523 2319 618 2374 sed
644 2317 901 2387 magistro
925 2317 1007 2387 (ut
1047 2315 1340 2388 loquuntur
1363 2316 1615 2385 Romani)
1649 2315 1959 2372 dicendum.

394 2406 518 2462 llazc
569 2408 659 2463 ubi
711 2408 978 2472 dixerant,
1037 2407 1175 2461 viam
1239 2416 1614 2477 perrexerunt.
1658 2407 1786 2460 Post
1823 2409 1964 2461 hunc

393 2494 530 2548 alius
555 2509 770 2562 quoque
807 2508 872 2549 ex
919 2492 1102 2549 Persis
1134 2493 1303 2556 venit,
1339 2494 1429 2563 qui
1465 2493 1959 2562 peregrinationem

397 2585 504 2640 illis
550 2585 878 2654 impediebat
911 2604 925 2640 :
961 2586 1167 2640 tardius
1218 2584 1363 2638 enim
1396 2585 1462 2638 de
1496 2585 1759 2638 industria
1811 2585 1958 2639 ince-

397 2680 580 2742 debat,
615 2686 672 2732 et
700 2692 795 2732 eos
821 2677 1066 2732 cunctari
1091 2676 1342 2742 faciebat,
1372 2690 1547 2745 neque
1581 2676 1805 2732 ulterius
1835 2694 1962 2749 pro-

391 2769 542 2838 gredi
595 2768 808 2823 sinebat
869 2786 885 2829 ,-
955 2767 1238 2838 propiores
1318 2767 1580 2823 stationes
1625 2767 1860 2838 eligebat
1908 2779 1964 2824 et

392 2873 591 2927 paucas
622 2871 948 2929 parasangas
995 2855 1339 2922 conﬁciebat,
1385 2867 1439 2910 et
1467 2872 1533 2912 ex
1561 2858 1684 2912 aliis
1737 2859 1869 2913 locis
1907 2859 1960 2917 in

390 2950 494 3004 alia
523 2950 640 3005 loca
674 2951 779 3005 huc
810 2948 939 3004 illuc
964 2959 1210 3005 errantes
1248 2959 1304 3004 et
1336 2949 1578 3019 palantes
1603 2949 1918 3006 traducebat
1945 2967 1959 3005 :

2067 1878 2172 1913 νων
2214 1858 2349 1929 (οὓς,
2395 1859 2450 1912 εί
2478 1878 2558 1922 τις
2591 1862 2656 1930 τῇ
2693 1860 2941 1914 Λατίνων
2996 1863 3257 1932 χρήσοιτο
3301 1865 3474 1931 φωνῇ,
3506 1862 3656 1931 ἀση-

2067 1951 2260 2022 κρῆτίς
2301 1968 2360 2004 τε
2382 1952 2430 1984 ’³
2479 1952 3029 2023 προσαγορεύσειεν),
3087 1953 3427 2014 ὑπαντιάσας
3478 1953 3654 2022 ἧρετο

2068 2046 2206 2112 σφᾶς
2237 2044 2265 2096 ὅ
2287 2061 2340 2096 τι
2371 2043 2645 2113 βούλοιντό
2693 2061 2752 2098 τε
2784 2045 2877 2098 καὶ
2909 2045 2936 2097 δ
2983 2061 3038 2097 τι
3075 2043 3281 2113 ἥκοιεν,
3317 2045 3411 2096 καὶ
3451 2045 3654 2097 ὁποίαν

2066 2133 2454 2206 ἀποκομίζοιεν
2489 2135 2774 2204 ἀγγελίαν.
2825 2135 2987 2189 Ἀλλὰ
3019 2135 3194 2204 τούτῳ
3231 2136 3328 2206 μὲν
3348 2135 3464 2203 οἶγε
3499 2136 3656 2206 ἀμφὶ

2065 2230 2342 2301 Ζαχαρίαν
2371 2248 2429 2284 τε
2459 2232 2553 2285 καὶ
2587 2231 2863 2303 Θεόδωρον
2893 2225 2998 2286 ὦδε
3051 2234 3434 2304 ἀπεκρίναντο,
3461 2231 3540 2296 ὡς
3579 2234 3656 2286 τὰ

2063 2320 2242 2374 τοιάδε
2269 2322 2345 2388 τῷ
2370 2323 2522 2391 παρὰ
2548 2321 2791 2391 Πέρσαις
2827 2323 3110 2393 μαγίστρῳ
3129 2322 3293 2383 (καθὰ
3332 2323 3520 2376 τοῦτον
3547 2341 3659 2376 κα-

2065 2410 2219 2463 λοῦσι
2261 2410 2545 2482 Ῥωμαῖοι)
2582 2413 2800 2482 ῥητέον,
2831 2413 2926 2465 καὶ
2980 2413 3098 2483 οὐχὶ
3141 2413 3308 2482 αὐτῷ.
3337 2413 3524 2467 Ταῦτα
3568 2416 3656 2465 εἱ-

2066 2501 2263 2564 πόντες
2313 2503 2526 2571 εἴχοντο
2566 2503 2664 2571 τῆς
2697 2503 2840 2558 ὁδοῦ,
2886 2503 2973 2569 Ἐξ
3022 2504 3230 2556 ἐκείνου
3278 2500 3412 2575 ἧκεν
3459 2504 3658 2573 ἕτερός

2064 2607 2149 2654 τις
2175 2592 2240 2643 ἐκ
2270 2591 2521 2662 Περσῶν,
2549 2591 2606 2656 ὃς
2644 2592 2828 2663 ἔτριϐε
2853 2592 2950 2663 τὴν
2977 2593 3288 2665 ὁδοιπορίαν
3318 2595 3499 2655 αὐτοῖς
3551 2594 3658 2649 καί

2065 2679 2378 2749 διαμέλλειν
2423 2680 2616 2745 ἐποίει,
2650 2680 2982 2752 βραδυτῆτος
3032 2682 3315 2753 χρώμενος
3353 2685 3653 2750 ἐπινοίαις,

2068 2769 2213 2823 ξέναι
2238 2789 2298 2823 τε
2347 2773 2406 2834 ἐς
2455 2772 2524 2825 τὰ
2576 2775 2766 2844 πρόσω
2802 2773 2878 2845 μὴ
2927 2775 3244 2845 συγχωρῶν.
3282 2775 3553 2845 Σταθμοῖς
3585 2793 3659 2828 τε

2067 2861 2181 2931 γὰρ
2211 2862 2620 2934 πλησιαιτέροις
2639 2865 2732 2918 καὶ
2755 2865 3146 2936 παρασάγγαις
3184 2865 3385 2934 ὀλίγοις
3416 2867 3651 2936 ἐχρῆτο,

2064 2951 2254 3006 ἄλλοτε
2285 2953 2480 3017 ἄλλους
2498 2954 2712 3026 χώρους
2746 2957 3059 3027 περιφέρων
3085 2974 3142 3010 τε
3173 2959 3268 3011 καὶ
3299 2956 3658 3021 ἁποπλανῶν,

392 3054 446 3096 et
471 3045 521 3098 in
546 3058 612 3099 eo
635 3058 698 3099 se
728 3043 838 3097 illis
870 3041 1007 3098 male
1035 3056 1233 3112 cupere
1261 3042 1395 3096 satis
1417 3041 1711 3096 indicabat.
1741 3041 1954 3097 Etenim

2065 3045 2173 3098 κάκ
2215 3045 2409 3098 τούτου
2474 3048 2543 3099 τὰ
2589 3046 2824 3100 κάκιστά
2876 3064 3029 3116 σφισι
3053 3049 3099 3079 ’⁸
3156 3049 3482 3119 προεδήλου,
3551 3051 3659 3101 καὶ

394 3152 490 3192 eos
533 3136 679 3191 nulla
728 3136 1059 3191 humanitate
1093 3134 1324 3200 colebat,
1369 3144 1422 3190 et
1460 3134 1601 3189 nulla
1630 3135 1810 3190 habita
1869 3151 1956 3190 ra-

397 3229 542 3283 tione
599 3227 979 3294 observantitn,
1031 3240 1150 3295 quae
1196 3225 1386 3297 legatis
1435 3226 1700 3292 debetur,
1746 3226 1954 3280 viarum

389 3319 673 3376 erroribus
701 3318 982 3388 fatigabat.
1007 3317 1074 3370 Ει
1093 3317 1144 3370 id
1175 3317 1392 3386 quidem
1430 3315 1611 3372 Persa:
1639 3318 1760 3370 data
1791 3330 1955 3385 opera

388 3422 440 3466 et
475 3411 845 3484 praemeditato
881 3407 1110 3463 consilio
1131 3406 1422 3472 faciebant,
1452 3420 1558 3474 quo
1585 3407 1793 3478 legatos
1842 3421 1958 3460 mo-

391 3508 661 3562 rarentur,
698 3509 752 3552 et
790 3511 950 3566 quam
975 3495 1281 3550 diutissime
1317 3495 1641 3562 detinerent,
1701 3505 1755 3550 ut
1787 3496 1958 3549 maxi-

389 3604 536 3643 mum
590 3588 794 3641 interea
855 3584 975 3640 belli
1007 3593 1323 3655 apparatum
1366 3583 1627 3652 facerent,
1675 3593 1729 3640 et
1775 3585 1960 3655 copias

389 3679 642 3734 frumenti
683 3678 748 3732 ad
775 3678 1022 3748 quamvis
1052 3675 1391 3732 necessitatis
1420 3677 1759 3732 occasionem
1789 3692 1962 3747 para-

389 3786 471 3830 tas
518 3775 569 3829 in
597 3773 821 3828 urbibus
843 3770 1014 3825 Nisibi
1063 3781 1117 3826 et
1146 3768 1314 3825 Daras
1368 3779 1742 3840 congererent,
1799 3781 1963 3840 atque

387 3866 551 3920 etiam
586 3864 724 3918 ultra
757 3863 958 3934 Tigrim
993 3877 1207 3916 amnem
1235 3859 1460 3916 castella
1489 3860 1814 3916 necessariis
1853 3874 1961 3915 co--

388 3961 493 4033 piis
550 3959 886 4029 implerent;
939 3957 1066 4028 quia
1111 3955 1332 4011 locustae
1382 3957 1438 4008 in
1497 3955 1602 4009 illis
1653 3955 1962 4026 regionibus

388 4066 579 4106 omnes
609 4064 860 4119 agrorum
901 4047 1080 4116 fruges
1107 4053 1576 4114 consumpserant,
1606 4054 1661 4099 et
1703 4044 1964 4114 proximis

389 4141 756 4194 Romanorum
807 4136 1212 4192 incursionibus
1265 4136 1379 4205 agri
1425 4134 1649 4188 desolati
1707 4149 1963 4203 perman-

388 4242 594 4287 serant.
627 4230 813 4304 ltaque
842 4228 1194 4283 acerbissima
1229 4226 1400 4280 fames
1438 4225 1698 4290 instabat,
1737 4239 1964 4292 praeser-

391 4321 483 4374 tim
530 4337 651 4374 eum
677 4333 770 4373 rex
801 4315 1088 4372 Persarum
1135 4317 1200 4370 ad
1235 4330 1397 4385 grave
1419 4314 1614 4367 bellum
1659 4315 1961 4382 suscipien-

2064 3137 2274 3191 ἐδείκνυ
2308 3140 2371 3208 τῇ
2406 3139 2534 3211 περὶ
2566 3138 2665 3208 τὴν
2692 3138 3002 3210 ὁδοιπορίαν
3029 3139 3204 3209 πλάνῃ
3233 3139 3384 3192 οὐδέν
3415 3157 3467 3190 τι
3499 3138 3660 3207 φιλο-

2058 3229 2333 3301 φροσύνης
2366 3230 2684 3301 ἐχόμενονῆ
2724 3229 2821 3300 τῆς
2865 3231 3250 3300 προσηκούσης
3291 3230 3474 3293 αίδοῦς
3511 3232 3658 3301 πρέ-

2061 3321 2267 3373 σϐεσιν.
2296 3315 2403 3374 Ἦν
2431 3320 2487 3374 δὲ
2523 3319 2586 3371 τὸ
2626 3321 3020 3390 πραττόμενον,
3049 3322 3108 3388 ἐξ
3141 3323 3431 3392 ἐπιϐουλῆς
3460 3339 3521 3373 τε
3553 3323 3658 3375 καὶ

2063 3411 2315 3483 μελέτης,
2339 3409 2483 3463 ὥστε
2517 3411 2762 3479 ἐπισχεῖν
2805 3427 2944 3479 σφας
2971 3412 3093 3464 ὅσον
3125 3412 3191 3464 ἂν
3229 3412 3417 3483 χρόνον
3443 3407 3549 3464 οἷοί
3585 3428 3654 3462 τε

2059 3494 2213 3564 ὦσιν,
2237 3502 2294 3552 ἐν
2328 3498 2502 3569 τούτῳ
2529 3499 2629 3570 τὴν
2668 3499 2810 3552 κατὰ
2855 3499 3087 3570 δύναμιν
3123 3501 3516 3570 ποιησομένους
3545 3499 3656 3552 τοῦ

2061 3588 2298 3659 πολέμου
2325 3589 2703 3660 παρασκευὴν,
2739 3590 2806 3643 τὰ
2838 3590 3120 3659 ἐπιτήδεια
3158 3607 3214 3643 τε
3252 3591 3650 3659 συναθροίζον-

2059 3699 2159 3746 τας
2197 3679 2648 3750 ἀποτεθησὸμενα
2667 3682 2714 3712 ⁹⁹
2753 3681 2896 3735 κατὰ
2942 3681 3006 3751 δὴ
3051 3681 3110 3734 τὸ
3135 3682 3259 3734 ὅσον
3287 3681 3440 3732 οὔπω
3467 3681 3654 3748 ἀναγ-

2064 3777 2222 3830 καῖον
2249 3776 2307 3838 ἐς
2338 3773 2560 3828 Νίσιϐίν
2585 3788 2644 3827 τε
2676 3774 2772 3827 καὶ
2791 3773 2850 3827 τὸ
2877 3774 3057 3844 Δὰρας
3087 3773 3184 3837 τὰς
3221 3773 3425 3837 πόλεις,
3454 3771 3540 3824 ἔτι
3579 3789 3654 3838 γε

2066 3868 2174 3938 μὴν
2205 3868 2300 3920 καὶ
2329 3866 2398 3920 τὰ
2431 3866 2608 3936 πέραν
2631 3865 2726 3919 τοῦ
2749 3865 3003 3936 Τίγριδος
3028 3864 3274 3934 ποταμοῦ
3299 3863 3395 3917 καὶ
3419 3862 3488 3915 τὰ
3515 3863 3654 3932 τῇδε

2069 3957 2307 4029 φρούρια
2356 3955 2604 4010 ἀνάπλεα
2643 3954 2832 4008 θέσθαι
2862 3954 2972 4008 τῶν
3007 3954 3299 4024 ἐδωδίμων,
3326 3954 3399 4017 ὡς
3427 3955 3656 4024 ἀκρίδος

2063 4049 2208 4102 οὕτω
2241 4047 2454 4118 ξλυμϐὰν
2478 4046 3004 4118 καταδηλησαμένης
3025 4047 3150 4108 τοὺς
3171 4045 3352 4116 ἐκείνῃ
3378 4047 3650 4115 καρποὺς,

2065 4141 2164 4194 καὶ
2196 4141 2313 4208 ἅμα
2344 4139 2744 4209 ἐρημωθέντων
2788 4136 2932 4190 κατὰ
2961 4139 3060 4206 τὴν
3085 4135 3464 4206 προλαϐοῦσαν
3505 4135 3651 4188 Ῥω-

2069 4231 2246 4299 μαίων
2275 4227 2576 4298 ἐπιδρομὴν
2608 4227 2865 4280 ἁπάντων
2896 4227 3003 4280 τῶν
3027 4228 3167 4280 κατὰ
3199 4227 3370 4280 ταῦτα
3403 4226 3646 4295 χωρίων,

2065 4317 2226 4386 λιμοῦ
2252 4333 2314 4369 τε
2345 4316 2712 4386 σφοδροτάτου
2739 4319 2854 4379 τοῖς
2876 4319 3054 4368 ἐκεῖσε
3083 4316 3474 4386 ἐνσκήψαντος,
3508 4316 3652 4385 πῶς

389 4413 512 4465 dum
569 4410 835 4468 exercitus
893 4418 1128 4478 pararet.
1187 4409 1318 4463 Cum
1371 4408 1546 4462 Persa:
1588 4407 1690 4462 boc
1743 4408 1956 4464 consilii

2069 4407 2126 4461 δέ
2146 4424 2208 4476 γε
2233 4405 2316 4475 ἐφ’
2343 4400 2388 4474 ᾧ
2413 4407 2505 4460 καὶ
2540 4407 2988 4478 στρατολογῆσαι,
3012 4407 3106 4458 ἆτε
3123 4408 3171 4446 9'
3196 4407 3654 4476 πολεμησείοντος

389 4505 682 4574 cepissent,
731 4503 817 4556 vix
850 4512 967 4576 post
1008 4500 1206 4556 multos
1249 4499 1365 4552 dies
1398 4501 1724 4568 permissum
1767 4509 1849 4554 est
1879 4499 1960 4555 le-

388 4597 549 4664 gatis,
603 4597 656 4650 iu
694 4595 896 4662 regiam
923 4594 1111 4664 pedem
1156 4591 1381 4646 inferre.
1435 4589 1502 4645 Et
1559 4591 1790 4660 primum
1837 4593 1960 4660 qui-

389 4692 534 4750 dem,
569 4698 627 4740 ut
653 4687 820 4740 moris
842 4695 945 4749 est,
972 4696 1100 4740 sunt
1120 4684 1370 4739 convivio
1410 4685 1642 4753 excepti,
1665 4699 1770 4754 quo
1790 4682 1957 4751 facto,

389 4787 676 4846 postquam
732 4775 942 4830 litteras
991 4773 1060 4828 ab
1099 4773 1426 4842 imperatore
1486 4773 1853 4835 tradidissent,
1905 4783 1961 4828 et

390 4869 631 4938 captivos
683 4865 1063 4930 reddidissent,
1095 4879 1219 4921 cum
1265 4877 1361 4918 eos
1390 4860 1571 4919 Persa:
1624 4863 1768 4918 nullo
1825 4864 1961 4919 libe-

388 4963 485 5016 rali
522 4972 570 5017 et
625 4963 856 5030 benigno
878 4973 1131 5014 sermone
1187 4956 1392 5026 dignati
1425 4967 1629 5024 essent,
1685 4956 1956 5012 discesse-

390 5071 532 5109 runt.
576 5052 844 5108 Postridie
876 5051 1011 5105 aulae
1043 5049 1184 5118 apud
1213 5046 1412 5104 Persas
1440 5049 1726 5118 praefectus
1756 5056 1812 5102 et
1830 5047 1955 5103 Me-

389 5147 554 5202 bodes
618 5160 712 5200 eos
781 5143 1277 5212 interrogaverunt,
1345 5154 1466 5210 qua:
1519 5148 1666 5194 esset
1713 5139 1952 5206 ipsorum

388 5238 674 5310 legationis
712 5245 970 5308 potestas.
1019 5232 1154 5289 Cum
1216 5231 1376 5300 legati
1423 5229 1848 5300 respondissent,
1875 5245 1958 5296 se,

389 5339 447 5382 ut
476 5329 542 5384 de
596 5344 727 5399 pace
765 5334 1008 5399 agerent,
1055 5322 1288 5388 venisse,
1335 5320 1511 5376 nullos
1560 5321 1626 5376 de
1651 5335 1715 5375 ea
1742 5336 1800 5375 re
1846 5335 1963 5374 ser-

389 5435 577 5474 mones
647 5419 822 5475 Persae
868 5417 1268 5480 admiserunt,
1337 5413 1472 5467 nihil
1534 5411 1800 5482 ejusmodi
1861 5412 1962 5467 sibi

2070 4502 2130 4563 ἐς
2158 4500 2220 4552 τὸ
2249 4497 2515 4570 ἐμϐριθὲς
2543 4499 2638 4552 τοῦ
2666 4499 2929 4569 βασιλέως
2957 4498 3201 4570 Περσῶν.
3229 4499 3380 4550 Ἐπεὶ
3403 4498 3656 4550 δὲταῦτα

2067 4592 2252 4654 αύτοῖς
2277 4588 2648 4652 ἐϐεϐούλευτο,
2677 4590 2828 4660 μόλις
2844 4590 2981 4659 μετὰ
3004 4589 3261 4652 πλείστας
3280 4590 3407 4652 ὅσας
3432 4588 3661 4658 ἡμέρας

2066 4683 2222 4754 ἐδόθη
2251 4682 2364 4746 τοῖς
2400 4681 2697 4751 πρέσϐεσιν
2723 4684 2782 4746 ἐς
2810 4683 2877 4735 τὰ
2908 4682 3149 4751 βασίλεια
3172 4680 3513 4750 ἐσφοιτῆσαι.
3537 4681 3658 4733 Καὶ

2065 4775 2133 4828 τὰ
2154 4774 2255 4845 μὲν
2285 4775 2498 4844 πρῶτα,
2526 4773 2672 4828 καθὰ
2699 4776 2765 4845 τῇ
2805 4773 3062 4844 συνηθείᾳ
3099 4773 3294 4838 ἐδόκει,
3322 4773 3656 4842 ὼινησάμε-

2066 4884 2146 4920 νοι
2175 4868 2268 4920 καὶ
2289 4867 2350 4919 τὸ
2371 4869 2435 4918 ἐκ
2466 4865 2732 4935 βασιλέως
2778 4865 3013 4936 γράμμα
3043 4866 3467 4934 ἐγχειρίσαντες,
3509 4863 3658 4930 πρός

2065 4975 2129 5026 γε
2198 4961 2293 5010 καὶ
2371 4958 2498 5020 τοὺς
2545 4955 2906 5026 δοριαλώτους
2955 4955 3398 5016 ἀποδεδωκότες,
3433 4950 3655 5004 ἐνθένδε

2061 5049 2440 5120 ἀνεχώρησαν,
2462 5044 2862 5116 φιλοφροσύνης
2881 5045 3048 5115 μηδὲν
3061 5043 3239 5096 ὁτιοῦν
3258 5043 3556 5112 εὑρηκότες
3570 5041 3653 5104 ”.

2061 5141 2142 5210 Τῇ
2171 5141 2230 5193 δὲ
2261 5137 2524 5210 ὑστεραία
2555 5137 2584 5189 ὁ
2611 5135 2763 5206 παρὰ
2807 5137 3043 5207 Πέρσαις
3085 5137 3183 5203 τῆς
3220 5134 3388 5203 αὐλῆς
3413 5129 3655 5204 ἡγεμὼν

2063 5232 2160 5284 καὶ
2187 5228 2453 5298 Μεϐὡδης
2494 5226 2901 5294 ἐπυνθανέσθην
2943 5225 3041 5295 τὴν
3081 5225 3314 5294 δύναμιν
3356 5224 3459 5294 τῆς
3503 5239 3652 5292 πρε-

2067 5321 2271 5383 σϐείας.
2291 5319 2416 5374 Τῶν
2431 5318 2490 5383 δὲ
2518 5318 2802 5380 εἰπόντων,
2837 5317 2920 5370 ὅτι
2941 5316 3006 5388 δὴ
3041 5315 3170 5387 περὶ
3205 5317 3427 5387 εἰρήνης
3453 5316 3647 5386 ἥκοιεν

2071 5412 2558 5484 πρεσϐευσάμενοι,
2593 5409 2791 5464 αὐτίκα
2827 5409 2880 5461 οἴ
2902 5425 2964 5476 γε
2994 5408 3056 5460 ού
3089 5407 3153 5476 δὴ
3187 5409 3473 5476 προσίεντο
3508 5405 3644 5467 τοὺς

1664 5534 1900 5591 VARUE
1960 5535 2364 5592 LECTIONES.

462 5633 508 5709 ξ’
533 5634 819 5709 τεύξασθαι
845 5638 990 5709 vulg.

1067 5637 1113 5667 ’δ
1139 5635 1349 5697 οὐδενὸς
1377 5633 1520 5700 conj.
1544 5631 1608 5689 N.
1686 5635 1729 5664 ³³
1770 5651 1827 5686 τε
1857 5634 1960 5687 del.
2001 5633 2066 5688 N.
2146 5635 2190 5665 "
2225 5632 2457 5686 κάκιστά
2488 5645 2636 5696 σφισι
2789 5625 2998 5700 Δκςῖικιξιοι
3041 5625 3357 5700 1:_piat_cod._
3428 5625 3472 5655 ’⁷
3501 5626 3638 5700 ἁπο-

397 5693 752 5769 τιθεισόμενα
777 5705 918 5773 vulg.
940 5693 970 5709 ν
994 5704 1039 5735 ’⁸
1072 5704 1166 5757 an
1207 5693 1655 5774 πολεμησείοντος
1691 5701 1778 5769 IL,
1816 5706 1910 5775 ἦτε
1939 5705 2235 5774 πολεμήσει
2273 5702 2423 5764 ὄντος
2453 5693 2596 5769 vulg.
2670 5698 2714 5730 ⁹⁹
2749 5696 3038 5765 εὑρηκότες
3070 5694 3136 5759 N,
3165 5693 3450 5764 εἰρηκότες
3485 5695 3630 5765 vulg.
