4012 6214
385 310 491 377 917

1179 313 1274 370 DE
1320 312 1885 373 LEGATIONIBUS
1924 312 2414 375 ROMANORUM
2454 316 2553 373 AI)
2582 313 2897 373 GENTES.

3539 315 3645 376 913

389 422 520 493 περὶ
567 420 773 473 τούτων
823 419 1009 473 αὐτῶν
1042 418 1254 487 λόγους,
1300 420 1603 488 φάσκοντες
1644 423 1744 475 οὐκ
1776 424 1961 475 ἐπιτε-

2084 424 2453 477 lemandatum
2477 438 2620 489 esse,
2659 423 2919 477 dicentes.
2957 418 3141 490 Itaque
3174 421 3381 478 litteras
3410 438 3502 479 eos
3520 441 3647 492 pro-

387 511 628 585 τράφθαι
664 528 718 564 τι
757 510 999 563 τοιοῦτον
1021 510 1076 563 δὲ
1096 511 1137 575 ‘,
1168 511 1303 563 ἀλλά
1352 512 1621 576 συλλαϐὰς
1672 515 1972 579 ἀποδόντας

389 599 699 655 ἀντιλαϐεῖν
723 596 948 668 χρῆναι,
981 599 1077 651 καὶ⁵
1100 598 1174 661 ὡς
1206 598 1399 653 θᾶττόν
1419 617 1481 667 γε
1514 602 1688 671 δήπου
1713 603 1811 671 τῆς
1832 604 1972 670 Περ.

358 750 363 755 _
393 692 510 746 σῶν
533 690 915 758 ἀπαλλαγῆναι
933 690 976 742 ⁸.
1021 688 1110 741 Ἐν
1138 690 1357 760 φανερῷ
1377 691 1556 744 τοίνυν
1592 694 1975 762 ποιησαμένων

394 782 493 853 τὴν
514 783 758 850 ὲφιεῖσαν
781 780 966 842 αὐτοῖς
996 778 1154 832 τοῦτο
1174 781 1444 845 κέλευσιν,
1472 782 1721 851 ἔγνωσαν
1754 786 1815 836 ὲν
1850 784 1976 854 βρασ

398 878 501 944 χεῖ,
542 876 570 927 ὅ
614 891 666 925 τι
712 872 935 924 δύναται
974 872 1008 939 ἡ
1040 871 1301 941 ἐπιστολὴ
1342 872 1437 925 τοῦ
1482 874 1770 941 Ῥωμαίων
1818 877 1976 929 αὑτο-

401 962 690 1032 κράτορος,
731 961 825 1014 καὶ
852 960 950 1028 τὴν
978 958 1163 1028 ἄφιξιν
1190 960 1289 1029 τῆς
1311 961 1611 1031 πρεσϐείας
1641 964 1882 1027 ἃπασαν,
1900 966 1976 1029 ὡς

402 1053 615 1123 ἕτοιμος
645 1052 733 1121 εἴη
769 1051 1199 1105 κατασϐεννύναι
1223 1051 1291 1104 τὰ
1319 1054 1383 1107 ὲκ
1405 1052 1499 1106 τοῦ
1539 1054 1773 1123 πολέμου
1804 1056 1976 1125 χαλε-

403 1146 502 1204 πά.
536 1147 626 1197 καὶ
661 1144 760 1214 τὴν
798 1143 1172 1215 περιμάχητον
1215 1144 1397 1209 αὐτοῖς
1443 1145 1730 1215 Ἀρμενίαν
1760 1146 1976 1200 ἃπασαν

403 1238 653 1307 ἀμαχητὶ
694 1236 958 1297 ἐνδοῦναι,
993 1236 1397 1307 παραχωρῆσαι
1434 1237 1490 1290 δέ
1527 1255 1681 1307 σφισι
1712 1239 1807 1291 καὶ
1845 1238 1973 1308 ’Λρ-

403 1328 663 1397 ζανηνῆς,
702 1326 1185 1397 ἀντιχαριζόμενος
1216 1327 1311 1382 τοῦ
1354 1328 1534 1397 Δάρας
1581 1329 1643 1383 τὸ
1692 1331 1977 1400 Ἀφουμῶν

406 1418 685 1490 φρούριον.
732 1418 975 1483 Ἑδέξατο
1002 1419 1100 1489 μὲν
1130 1416 1227 1473 οὖν
1264 1420 1361 1474 καὶ
1401 1420 1554 1484 αὖθις
1584 1421 1781 1484 αὐτοὺς
1822 1422 1977 1491 βασι-

332 1536 339 1543 ~
404 1507 530 1569 λεὺς
555 1509 592 1573 ὁ,
617 1509 858 1579 Περσῶν,
888 1507 1187 1579 τραχύτητι
1209 1509 1264 1562 δὲ
1298 1508 1580 1581 χρώμενος
1606 1511 1743 1581 πρὸς
1774 1512 1980 1563 ἕκαστα

410 1597 516 1649 τῶν
547 1597 943 1669 φιλανθρώπως
973 1599 1376 1669 γεγραμμένων
1420 1600 1542 1654 οὔτε
1578 1602 1979 1673 ἀποστήσεσθαι

407 1688 512 1758 ἔφη
541 1687 756 1739 πώποτε
794 1686 884 1740 τοῦ
918 1688 1120 1759 Δάρας,
1154 1690 1214 1742 οὐ
1250 1690 1449 1759 μᾶλλόν
1476 1707 1539 1758 γε
1588 1694 1618 1764 ἢ
1669 1696 1768 1761 τῆς
1820 1693 1978 1745 Νισί-

2076 509 2244 576 ferre,
2270 521 2325 567 et
2360 512 2597 567 vicissim
2630 511 2897 580 accipere,
2926 521 2981 567 et
3011 527 3172 581 quam
3203 512 3429 582 printqu
3458 529 3487 566 a
3516 513 3649 567 Per-

2078 624 2264 664 sarum
2325 605 2520 661 finibus
2555 604 2845 671 excedere}
2868 603 3171 671 jusserunt.
3230 603 3294 657 Et
3327 619 3449 659 cum
3494 605 3649 675 legati

2082 702 2330 753 mandata
2368 712 2466 751 sua
2523 694 2922 759 cxbibnissent,
2966 695 3145 750 Persae
3168 697 3370 758 omnia,
3424 710 3650 764 qthtttttl

2078 806 2239 845 causa
2292 789 2485 858 legatio
2516 786 2733 841 decreta
2766 795 2931 849 esset,
2990 795 3404 853 cognoverunt:
3443 795 3499 839 ut
3552 788 3649 839 im-

2078 888 2297 950 perator
2325 887 2546 947 paratus
2592 884 2758 941 esset,
2803 876 2941 930 mala
2969 892 3031 931 ex
3062 876 3199 931 bello
3228 888 3348 931 orta
3370 878 3547 944 sopire
3598 887 3653 930 et

2077 970 2414 1034 Armeniam,
2473 968 2543 1023 de
2589 982 2698 1036 qua
2755 976 2832 1021 tot
2879 968 3177 1022 certamina
3227 966 3473 1029 fuissent,
3536 967 3651 1020 sine

2081 1062 2269 1130 proelio
2296 1074 2483 1115 eorum
2502 1057 2641 1125 juris
2672 1067 2725 1112 et
2757 1059 3042 1125 potestatis
3076 1059 3292 1125 facere;
3319 1060 3446 1128 quin
3478 1068 3531 1111 et
3558 1061 3652 1111 Ar-

2080 1166 2341 1208 sanenetn
2391 1150 2606 1215 cedere,
2662 1157 2717 1204 et
2756 1164 2854 1218 pro
2886 1147 3056 1204 Daras
3086 1152 3281 1218 oppido
3329 1150 3645 1203 Afutnorum

2079 1243 2367 1299 castellum
2402 1242 2510 1296 illis
2540 1242 2773 1297 tradere.
2834 1241 3017 1294 Denuo
3047 1241 3207 1310 170
3238 1240 3524 1295 Persarum
3559 1255 3649 1294 rex

2082 1334 2284 1403 legatos
2308 1333 2541 1401 excepit,
2599 1341 2655 1387 et
2692 1332 2758 1386 ad
2783 1346 2870 1397 ea,
2896 1347 3017 1401 qurc
3052 1332 3351 1399 imperator
3398 1334 3463 1386 ad
3503 1333 3650 1385 illum

2081 1425 2416 1495 perltumane
2463 1423 2779 1491 scripserat,
2829 1424 3025 1477 acerbe
3064 1424 3352 1476 admodum
3401 1433 3453 1475 et
3496 1439 3650 1475 arro-

2082 1524 2272 1586 ganter
2294 1513 2592 1583 respondit,
2615 1527 2673 1567 se
2709 1527 2982 1582 nunquam
3015 1512 3145 1566 urbe
3169 1513 3336 1565 Daras
3376 1526 3652 1563 cessurum

2082 1621 2189 1661 non
2224 1603 2417 1674 magis,
2463 1617 2622 1672 quam
2655 1600 2828 1656 Nisibi
2873 1611 2969 1657 aut
3016 1602 3279 1671 Siugaris,
3315 1618 3449 1671 quas
3494 1602 3654 1654 urbes

2083 1712 2112 1750 a
2145 1695 2404 1751 Romanis
2436 1708 2531 1763 per
2571 1694 2678 1747 vim
2711 1703 2899 1761 captas
2952 1694 3209 1747 baberent
3236 1692 3433 1755 Persa),
3480 1708 3655 1758 neque

405 1778 525 1841 ϐιος
582 1777 615 1848 ἦ
659 1779 981 1849 Σηγγάρων,
1024 1780 1168 1847 ἅπερ
1228 1778 1322 1833 καί
1380 1782 1519 1835 αὑτά
1573 1785 1636 1835 ὲκ
1687 1784 1975 1854 Ῥωμαίων

2084 1785 2369 1855 quidquam
2410 1798 2478 1837 ex
2534 1781 2991 1850 possessionibus,
3045 1795 3178 1848 quas
3230 1779 3303 1832 illi
3336 1788 3486 1847 pater
3534 1777 3656 1829 reli-

406 1868 797 1938 ἀπισχυρίζετο
838 1869 979 1939 ἔχειν
1023 1870 1257 1941 Πέρσας,
1306 1872 1430 1926 οὔτε
1487 1873 1976 1943 μὴν³ὲλαττώσειν

404 1978 457 2011 τι
482 1961 591 2011 τῶν
616 1960 886 2030 πατρῴων
914 1963 1233 2031 κτημάτων,
1254 1966 1365 2017 ἀλλ’
1392 1966 1441 2019 εἰ
1470 1966 1568 2035 μὲν
1593 1964 1704 2020 οἷόν
1723 1968 1781 2021 τέ
1810 1970 1974 2032 ἐστιν,

406 2053 462 2112 ἐς
485 2048 715 2117 αὔξησιν
747 2052 887 2103 αὐτά
914 2052 1175 2120 ἐνεγκεῖν,
1207 2055 1255 2106 εἰ
1281 2054 1337 2107 δὲ
1381 2056 1477 2126 μὴ,
1505 2055 1640 2109 ἀλλὰ
1672 2057 1779 2127 γὰρ
1813 2074 1979 2109 κατα-

408 2140 735 2211 λελειμμένα
764 2141 1038 2211 φυλάξειν.
1068 2145 1341 2215 ιΧοσρόην
1371 2146 1470 2216 μὲν
1497 2148 1608 2219 γὰρ
1625 2147 1714 2200 τὸν
1742 2149 1976 2218 πατέρα,

412 2234 538 2303 ἔφη,
574 2234 671 2299 ὼς,
709 2236 823 2303 εἴγε
867 2236 1083 2306 περιῆν,
1111 2236 1239 2301 ῖσως
1278 2240 1340 2289 τὸ
1391 2240 1595 2295 τοιόνδε
1642 2240 1879 2311 ἔπραξεν
1913 2241 1979 2296 ἂν

414 2330 503 2378 καὶ
554 2328 612 2379 τὸ
668 2327 843 2399 Δάρας
881 2328 1094 2399 ἀφῆκεδ
1147 2329 1460 2401 Ῥωμαίοις.
1506 2332 1597 2402 Τῷ
1650 2334 1757 2404 γὰρ
1807 2351 1978 2405 προσ,-

414 2419 735 2488 κτησαμένῳ
788 2437 839 2472 τι
901 2420 994 2472 καὶ
1049 2419 1202 2473 τοῦτο
1233 2421 1633 2493 ἀποϐεϐληκότι
1685 2426 1783 2494 οὐχ
1808 2424 1993 2488 οὕτως

410 2510 633 2577 αἰσχρόν
655 2522 669 2535 θ
703 2508 933 2578 αἰσχύνη
953 2511 1008 2562 δὲ
1030 2511 1232 2580 ὁμοίως
1259 2512 1460 2566 ἅπασιν
1486 2512 1794 2585 ἀνθρώποις
1816 2533 1981 2569 κατα-

411 2600 674 2671 προέσθαι
705 2602 772 2654 τά
811 2603 1063 2673 πατρῷα.
1084 2623 1103 2655 ι
1145 2603 1331 2657 Ταῦτα
1363 2605 1621 2678 εἰρηκὼς,
1654 2606 1742 2660 διὰ
1782 2607 1980 2662 Μεϐώ-

406 2693 498 2744 δου
522 2693 679 2745 πάλιν
702 2694 883 2758 αὐτοῖς
918 2697 1140 2764 εποίησε
1174 2697 1496 2767 κατάδηλον,
1516 2697 1592 2761 ὡς
1635 2718 1652 2749 t
1688 2700 1810 2753 Ἐπὶ
1830 2699 1936 2753 τίνι
1958 2702 1980 2733 ⁵

415 2782 555 2851 μέγα
587 2785 910 2852 φρονοῦντες
935 2784 1148 2849 ἀξιοῦσι
1185 2786 1319 2854 πρὸς
1363 2786 1520 2856 ἡμῶν
1555 2788 1979 2858 ἀνακομίζεσθαι

412 2876 471 2928 τὸ
493 2877 703 2945 Δάρας;
737 2878 891 2930 Ιιοίον
910 2878 1256 2947 νενικηκότες
1295 2878 1559 2947 πόλεμονς
1584 2879 1756 2943 ποίοις
1783 2883 1985 2949 ἐγκαλ-

410 2967 777 3039 λωπιζόμενοι
844 2971 1168 3039 τροπαίοις;
1225 2972 1318 3024 ποῖ
1383 2972 1518 3041 δῆτα
1582 2972 1982 3045 καθυπέρτεροι

411 3056 691 3124 γενόμενοι
730 3056 987 3125 Περσῶν;
1048 3058 1166 3110 ἀλλ’
1219 3060 1301 3112 ὅτι
1353 3060 1610 3131 ἀπειρίας
1648 3062 1982 3133 δραξάμενοι

2080 1875 2276 1944 querit,
2330 1888 2389 1929 se
2422 1873 2841 1937 diminuturum,
2873 1872 2968 1926 sed
3002 1873 3198 1939 potius,
3225 1872 3398 1923 sinon
3445 1869 3654 1922 auctio-

2080 1979 2165 2020 res
2218 1962 2401 2029 faciat,
2454 1962 2646 2019 saltem
2708 1972 2971 2030 quautum
3017 1962 3069 2015 in
3127 1976 3187 2017 se
3236 1969 3400 2024 esset,
3453 1960 3653 2013 intacta

2078 2063 2550 2111 conservaturum.
2584 2072 2603 2107 ι
2650 2054 2809 2108 Pater
2857 2053 3148 2116 Cltosrees,
3187 2052 3379 2122 inquit,
3408 2051 3451 2104 si
3490 2052 3657 2103 vixis-

2079 2154 2185 2210 set,
2224 2144 2457 2200 fortasse
2512 2158 2579 2198 eo
2633 2142 3035 2206 descendisset,
3076 2151 3129 2195 et
3177 2142 3343 2196 Daras
3398 2138 3657 2196 Romanis

2081 2236 2425 2290 restituisset.
2459 2235 2516 2290 Ei
2539 2235 2709 2302 enim,
2740 2234 2831 2303 qui
2866 2235 2980 2302 ipse
3032 2233 3243 2304 imperii
3271 2232 3404 2287 lines
3433 2241 3655 2301 proten-

2079 2324 2179 2391 dit,
2208 2336 2362 2395 parta
2395 2341 2587 2381 rursus
2626 2326 2900 2390 amittere,
2939 2333 3175 2380 nontam
3212 2332 3368 2393 turpe
3412 2332 3514 2377 est.
3544 2323 3656 2375 Pu-

2080 2418 2195 2474 dori
2236 2429 2415 2474 autem
2446 2428 2530 2474 est
2559 2418 2811 2473 omnibus
2844 2418 3156 2473 hominibus
3204 2426 3425 2486 paterna
3462 2413 3658 2484 proﬂi-

2080 2524 2229 2580 gare.
2272 2528 2290 2561 ι
2326 2507 2451 2564 Haec
2492 2509 2583 2564 ubi
2612 2509 2862 2573 dixisset,
2896 2522 3081 2562 rursus
3115 2521 3212 2576 per
3241 2505 3519 2563 Mebodetn
3554 2504 3657 2556 alia

2079 2602 2193 2658 fere
2247 2602 2555 2673 hujusmodi
2586 2602 2859 2671 suggessit
2891 2618 2905 2655 :
2950 2615 3188 2669 quanam
3219 2600 3284 2654 de
3314 2612 3477 2652 causa
3530 2598 3656 2651 elati

2081 2694 2309 2749 Romani
2344 2694 2513 2749 Daras
2537 2694 2605 2748 ab
2633 2693 2768 2763 ipsis
2802 2692 3043 2761 recipere
3069 2700 3313 2761 poscant,
3352 2705 3457 2757 qua
3484 2689 3660 2743 victo-

2084 2788 2162 2841 ria
2196 2787 2374 2856 potiti,
2399 2788 2595 2855 quibus
2638 2785 2856 2855 tropaeis
2877 2799 2936 2837 se
2960 2783 3275 2850 jattantes?
3306 2782 3393 2835 ubi
3426 2781 3660 2850 denique

2082 2877 2399 2946 superiores
2446 2875 2629 2931 Persis
2652 2874 2985 2931 evaserunt?
3032 2873 3305 2942 ltnperitia
3346 2873 3563 2940 quidem
3609 2882 3662 2926 et

2085 2967 2447 3035 imprudentia
2496 2965 2791 3023 Tacliosdri
2841 2982 2928 3021 res
2974 2967 3109 3020 bene
3144 2974 3423 3035 gesserunt
3463 3003 3479 3027 ,
3532 2963 3658 3017 dum

2084 3062 2258 3130 ipsum
2319 3074 2385 3114 ex
2436 3073 2539 3113 una
2582 3059 2801 3128 regione
2851 3059 2902 3112 in
2960 3057 3119 3111 aliam
3162 3056 3560 3123 circumagunt,
3606 3063 3662 3108 (οι

410 3146 503 3197 τοῦ
534 3148 848 3218 Ταχοσδρὼ,
892 3148 985 3202 καὶ
1019 3151 1452 3219 περιαγαγόντες
1489 3153 1650 3207 αὐτὸν
1688 3156 1745 3221 ἐς
1792 3156 1980 3211 ἄλλοτε

2086 3152 2244 3206 modo
2276 3165 2343 3207 ex
2378 3150 2633 3209 Armenia
2690 3150 2742 3205 in
2781 3150 3139 3211 Arzanenent,
3178 3147 3333 3201 modo
3364 3162 3431 3201 ex
3492 3149 3661 3200 Arza-

408 3238 602 3302 ἄλλους
655 3241 887 3311 χώρους,
926 3242 1112 3310 ἐπειδὴ
1162 3244 1651 3315 περιπλανωμένου
1685 3248 1743 3313 ἐξ
1788 3248 1984 3319 Ἀρμε-

411 3330 529 3395 νίας
555 3331 762 3387 ὲκείνου
789 3336 867 3398 εἰς
906 3334 1244 3406 Ἀρζανηνὴν
1290 3337 1384 3389 καὶ
1416 3338 1525 3391 ἀπὸ
1568 3339 1902 3411 Ἀρζανηνῆς
1926 3344 1983 3404 ὲς

425 3422 715 3492 ’Δρμενίαν
770 3425 955 3479 ἄδειαν
1010 3426 1169 3495 ἔσχον
1224 3428 1271 3480 οἱ
1310 3427 1575 3497 Ῥωμαῖοι
1609 3431 1983 3502 καταδραμεῖν

413 3513 510 3584 τὴν
540 3514 655 3568 Ἕω
679 3515 900 3584 Περσῶν
920 3532 934 3547 ’
964 3517 1040 3585 τῷ
1060 3534 1143 3570 τοι
1168 3518 1277 3589 ἄρα
1312 3519 1660 3590 βρενθύονται
1680 3524 1700 3553 ⁸
1728 3524 1856 3587 ἴσως
1888 3526 1983 3577 καὶ

416 3605 871 3675 μεγαλαυχοῦσιν,
911 3607 1305 3675 ὑποτοποῦντες
1336 3614 1393 3664 ὲν
1422 3612 1664 3668 ἐλάττονι
1710 3614 1875 3685 μοίρᾳ
1914 3616 1985 3670 τὰ

411 3697 654 3767 ἡμέτερα
696 3699 929 3757 κεῖσθαι.
970 3702 1234 3755 Ἱστωσαν
1262 3702 1375 3765 οὖν,
1404 3705 1534 3775 ἔφη,
1578 3706 1858 3777 Ῥωμαῖοι,
1908 3708 1984 3770 ὡς

410 3789 531 3841 οὐδὲ
561 3789 770 3853 ἀλλωςτ
798 3791 1059 3861 ἀνέξομαι
1089 3794 1184 3863 τῆς
1220 3795 1465 3864 εἰρήνης,
1508 3798 1556 3849 εί
1599 3797 1672 3866 μή
1704 3814 1791 3850 πω
1814 3815 1984 3851 κατα-

409 3880 620 3934 τιθέναι
667 3882 911 3951 μέλλοιεν
960 3886 1052 3937 καὶ
1092 3884 1160 3937 τά
1213 3886 1314 3938 ὃσα
1351 3886 1485 3955 πρὸς
1516 3886 1816 3955 βασιλέως⁸
1864 3888 1985 3941 ’1ου-

410 3971 681 4023 στινιανοῦ
731 3972 1103 4043 ἐκομιζόμεθα
1139 3976 1399 4044 χρήματα
1449 3974 1532 4027 ἀν’
1584 3974 1702 4039 ἔτος
1722 3980 1763 4031 '.
1795 3997 1813 4030 ι
1846 3979 1981 4031 Τοσ-

408 4063 549 4133 αύτη
606 4064 979 4134 μεγαληγορίᾳ
1040 4064 1387 4134 χρησαμένου
1446 4065 1762 4135 Ὀρμίσδα,
1830 4070 1984 4137 μόλις

408 4156 714 4223 ἀφείθησαν
762 4157 1036 4225 Ζαχαρίας
1072 4174 1131 4209 τε
1168 4158 1263 4210 καὶ
1292 4157 1587 4227 Θεόδωρος,
1639 4160 1767 4229 ἄχρι
1817 4162 1985 4229 τριῶν

412 4246 513 4315 gen
563 4245 861 4314 φθινόντων
919 4248 1105 4318 μηνῶν
1135 4250 1315 4301 ὶκεῖσε
1350 4250 1807 4319 ἐνδιατρίψαντες,
1842 4253 1983 4307 πάν-

410 4352 519 4387 των
539 4336 596 4389 δὲ
626 4338 733 4391 τῶν
759 4338 1037 4409 δυσχερῶν
1066 4342 1124 4403 ἐς
1154 4342 1357 4410 πεῖραν.
1378 4339 1623 4405 ἐλθόντες
1644 4342 1686 4373 ¹⁰
1708 4358 1723 4373 ο
1757 4343 1848 4395 καὶ
1876 4343 1988 4413 γάρ

2087 3257 2223 3297 nene
2280 3242 2333 3298 in
2388 3242 2699 3297 Armeniam
2751 3254 3044 3295 excurrere
3096 3238 3327 3308 cingitur,
3385 3237 3659 3302 regionem

2085 3334 2396 3398 Persarum,
2451 3348 2570 3402 quae
2601 3341 2684 3388 est
2716 3332 2784 3387 ad
2827 3331 3117 3393 orientem,
3155 3328 3463 3398 depopulati
3510 3341 3657 3382 sunt.

2087 3424 2200 3478 Hoc
2220 3432 2304 3478 est
2327 3422 2579 3486 fortasse,
2608 3420 2757 3490 quod
2800 3432 3025 3488 magnos
3052 3415 3272 3486 spiritus
3312 3424 3525 3486 gerunt,
3554 3430 3661 3484 quo

2087 3520 2427 3589 superbiunt,
2471 3518 2847 3574 existimantes
2898 3513 3168 3569 deteriore
3219 3511 3527 3566 conditione
3576 3522 3663 3562 res

2090 3620 2303 3667 nostras
2359 3620 2663 3679 prostratas
2686 3608 2890 3677 jacere.
2955 3623 2975 3659 ι
3016 3604 3208 3659 Sciant
3266 3602 3517 3665 Enniani,
3578 3601 3661 3655 in-

2086 3707 2222 3774 quit,
2247 3719 2337 3759 me
2365 3720 2469 3759 non
2496 3705 2621 3757 aliis
2650 3702 3054 3761 conditionibus
3080 3716 3264 3770 pacem
3294 3702 3408 3754 lieri
3431 3699 3660 3769 permis-

2087 3810 2297 3859 surum,
2342 3809 2501 3863 quam
2533 3795 2577 3848 si
2617 3793 2927 3858 persolvant
2966 3806 3154 3844 omnes
3196 3791 3473 3857 pecunias,
3528 3804 3663 3856 quas

2086 3884 2427 3939 Justiniauus
2456 3883 2681 3952 singulis
2726 3881 2884 3934 anuis
2924 3879 3080 3933 nobis
3130 3879 3361 3945 pendere
3393 3884 3511 3930 erat
3536 3876 3662 3929 soli-

2091 3987 2195 4031 tus.
2230 3994 2249 4027 ι
2316 3974 2429 4029 llae
2497 3972 2751 4028 insolenti
2804 3968 3052 4027 oratione
3092 3968 3372 4022 llormisda
3403 3982 3517 4032 nso,
3575 3967 3660 4020 vix

2092 4067 2267 4121 tribus
2296 4064 2511 4119 demum
2560 4073 2681 4131 post
2725 4061 3009 4117 mensibus
3033 4060 3249 4130 elapsis,
3288 4057 3574 4113 Zacharias
3608 4066 3665 4112 et

2090 4158 2408 4212 Theodorus
2429 4154 2747 4211 difﬁcillima
2782 4159 2837 4209 et
2870 4152 3061 4224 gravia
3082 4164 3307 4219 quaeque
3338 4149 3662 4217 experiendo

2089 4250 2357 4321 perpessi,
2391 4248 2703 4303 missionem
2746 4245 3119 4300 obtinuerunt.
3146 4239 3333 4310 Neque
3366 4242 3509 4295 enim
3565 4256 3661 4310 pu-

2092 4357 2210 4398 rum
2254 4356 2378 4397 aera
2414 4339 2652 4404 haurire,
2707 4351 2879 4407 neque
2918 4335 3093 4391 libere
3113 4349 3179 4388 ex
3206 4342 3368 4397 tecto,
3400 4334 3500 4387 sub
3558 4348 3664 4400 quo

410 4427 533 4481 οὐδὲ
570 4431 692 4483 ὅσον
727 4430 869 4500 ἀέρα
906 4430 1146 4501 καθαρὸν
1188 4432 1545 4499 ἀναπνεῦσαι,
1598 4434 1658 4486 οὗ
1707 4433 1813 4504 μὴν
1854 4451 1980 4502 προ-

2090 4433 2523 4493 diversabantur,
2588 4430 2641 4484 in
2673 4437 2921 4496 apertum
2969 4425 3119 4479 exire
3164 4438 3351 4479 eorum
3408 4424 3665 4477 custodia:

413 4517 580 4586 κόψαι
619 4521 679 4571 ὲκ
734 4520 828 4574 τοῦ
856 4520 1069 4588 τέγους,
1104 4523 1189 4574 ἵνα
1217 4521 1620 4593 ἐνδιαιτώμενοι
1658 4519 1821 4594 ἦσαν,
1860 4525 1982 4590 ξυν-

415 4608 654 4679 ιχώρουν
701 4607 781 4672 οἷς
833 4614 865 4681 ἡ
926 4612 1140 4683 φυλακὴ
1200 4614 1310 4667 τῶν
1373 4615 1658 4685 πρέσϐεων
1713 4617 1975 4689 ἀνειμένη

413 4703 709 4771 ἐτύγχανε’
736 4704 799 4756 τό
826 4722 885 4757 τε
921 4706 1194 4774 δωμάτιον
1226 4705 1359 4759 αὐτὸ
1400 4704 1639 4774 ζοφῶδες
1681 4726 1740 4761 τε
1780 4705 1848 4779 ἦν
1886 4712 1980 4764 καὶ

411 4794 730 4848 διάπνευτον
747 4798 788 4827 ’⁸
811 4797 904 4851 καλ⁸
923 4797 1041 4870 ὥρᾳ.
1064 4797 1256 4867 θέρους
1289 4798 1348 4859 ἐς
1376 4798 1445 4852 τὰ
1478 4800 1716 4869 μάλιστα
1738 4801 1980 4870 ἀναρμό-

411 4886 544 4948 διον,
569 4885 642 4947 ὡς
666 4885 841 4941 δοκεῖν
869 4882 1011 4941 εἶναι
1035 4888 1096 4939 τὸ
1116 4888 1306 4957 χρῆμα
1335 4888 1580 4958 εἱρκτήν.
1622 4889 1746 4951 Τοῖς
1780 4892 1981 4942 τοιοῖσο

410 4976 468 5028 δε
519 4978 698 5030 τοίνυν
750 4978 941 5042 δεινοῖς
969 4978 1432 5049 ἐκτετριμμένους
1462 4978 1757 5049 διαφῆκαν,
1800 4980 1979 5051 πολλῷ

406 5069 814 5140 δυσκολώτερον
870 5071 1024 5134 αὖθις
1106 5071 1242 5140 πρὸς
1308 5072 1409 5139 τὴν
1474 5071 1729 5123 ἐπάνοδον
1796 5072 1981 5138 αὐτοῖς

410 5162 771 5230 χρησάμενοι,
802 5162 875 5225 ὡς
907 5164 1045 5232 μήτε
1079 5162 1189 5215 τῶν
1214 5162 1525 5229 ἀναγκαίων
1556 5162 1613 5225 ἐς
1638 5163 1697 5215 τὸ
1727 5163 1984 5234 ἀποχρῶν

409 5268 560 5319 σφισι
589 5254 952 5322 μεταδιδόναι,
976 5255 1184 5325 τρίϐειν
1217 5270 1275 5306 τε
1304 5254 1395 5305 τὸν
1418 5253 1607 5323 χρόνον
1638 5254 1733 5306 καὶ
1774 5271 1983 5325 μακρο-

407 5345 571 5416 τέραν
619 5346 804 5409 αὐτοῖς
844 5347 941 5415 τὴν
996 5346 1223 5416 πορείαν
1252 5344 1622 5415 ⁸ἐργάζεσθαι.
1669 5347 1815 5408 Μιᾶς
1876 5346 1986 5414 γὰρ

2090 4525 2357 4596 praepositi
2410 4522 2812 4591 permittebant.
2852 4518 3053 4575 Domus
3086 4530 3234 4579 vero,
3284 4515 3465 4584 inqua
3510 4514 3663 4567 babi-

2091 4619 2297 4684 tabant,
2316 4626 2437 4672 erat
2463 4617 2773 4679 obscurior,
2796 4622 2850 4669 et
2877 4627 2998 4669 cum
3024 4612 3077 4665 in
3103 4624 3223 4666 eam
3239 4624 3304 4665 ex
3334 4607 3479 4664 omni
3511 4619 3661 4677 parte

2088 4707 2570 4778 vent'sperllarent,
2589 4716 2778 4762 testate
2796 4704 3063 4774 imprimis
3091 4704 3242 4758 valde
3275 4701 3497 4756 molesta
3520 4709 3657 4760 erat;

2088 4800 2320 4868 denique
2372 4813 2558 4853 revera
2602 4798 2794 4851 domus
2838 4810 3024 4851 carcer
3052 4809 3171 4850 esse
3200 4794 3502 4849 videbatur.
3568 4788 3661 4842 llis

2094 4890 2256 4960 igitur
2314 4888 2469 4942 malis
2519 4897 2581 4942 et
2623 4886 2981 4941 incommodis
3026 4885 3241 4939 attritos
3289 4894 3343 4939 et
3390 4881 3665 4937 confectos

2093 4981 2260 5035 multo
2290 4979 2540 5049 graviora
2572 4980 2624 5033 in
2651 4978 2823 5034 reditu
2852 4991 3112 5047 passuros
3149 4977 3371 5031 dimisit.
3396 4973 3529 5028 Nam
3564 4988 3664 5028 nec

2092 5072 2197 5126 illis
2255 5086 2437 5125 rerum
2497 5069 2928 5124 necessariarum
2973 5067 3182 5136 copiam
3217 5108 3234 5133 ,
3286 5066 3460 5136 quoad
3527 5065 3663 5119 satis

2089 5172 2258 5228 esset,
2309 5162 2787 5227 administrabant,
2844 5161 2993 5215 diem
3023 5160 3089 5215 de
3131 5159 3221 5214 die
3271 5158 3557 5222 ducebant,
3610 5164 3667 5211 et

2091 5256 2422 5326 longioribus
2452 5256 2733 5309 itineribus
2756 5268 2851 5308 eos
2895 5252 3210 5321 fatigabant.
3252 5250 3459 5302 Etenim
3498 5264 3658 5317 quam

2092 5351 2232 5403 \iatu
2286 5365 2391 5401 uno
2423 5348 2507 5402 die
2532 5350 2898 5409 confecerant,
2943 5359 3060 5397 eam
3102 5341 3358 5411 postridie
3378 5350 3521 5393 retro
3567 5354 3662 5399 en,-

1707 5463 1939 5519 VARIA‘Z
1967 5464 2368 5521 LECTIONES.

482 5558 499 5588 ¹
527 5560 727 5633 τοιόνδε
761 5560 825 5613 ll.
901 5563 921 5592 ¹
941 5561 1318 5633 δπαλλαγῆναι
1336 5560 1482 5633 vulg.
1560 5563 1582 5597 ⁸
1606 5562 1713 5633 μὴν
1736 5564 1821 5627 Β.,
1844 5564 1918 5632 μὴ
1944 5563 2088 5629 vulg.
2168 5564 2398 5633 ‘ﬁcpﬁxe
2425 5562 2491 5633 Ν,
2526 5562 2698 5633 ἐφῆκε
2721 5559 2873 5633 ῑξΰῙὲον
2905 5626 2915 5633 _
2941 5556 2961 5585 ³
3000 5554 3088 5633 ἐπί
3112 5550 3384 5633 τινξνιμξσ

410 5627 631 5701 θύονται
668 5632 757 5694 ll.,
786 5632 1133 5701 βρενεύονται
1162 5627 1307 5701 vulg.
1385 5632 1402 5660 ⁷
1428 5627 1677 5695 ἄλλωςΝ
1710 5672 1723 5694 ,
1771 5627 1947 5687 ἄλλων
1974 5627 2120 5701 vulg.

856 5703 897 5732 '°
927 5702 1191 5763 ἐλθόντων
1232 5702 1376 5773 vulg.
1460 5706 1496 5735 ¹¹
1526 5704 1880 5758 διάπνενστον
1906 5702 1945 5755 ll
1980 5744 1993 5768 ,
2026 5701 2415 5764 ἀδιάπνενδτον
2447 5701 2508 5753 Ν.

414 5699 602 5763 ἄνετος
630 5701 775 5772 vulg.

3461 5555 3479 5580 “
3505 5553 3632 5622 βρεν

2196 5631 2218 5659 ⁸
2251 5621 2513 5702 βασιλέως
2568 5621 2673 5693 Ἰ[.,
2737 5621 2957 5697 βαᾶιλέα
2990 5625 3131 5694 vulg.
3209 5624 3228 5653 ⁹
3275 5621 3357 5673 ἀν’
3400 5621 3657 5687 ετοςιιη
