4012 6214
399 293 503 353 919
1279 295 1672 352 EXCERPTA
1704 293 1800 350 EX
1839 292 2259 353 MENANDRU
2299 294 2784 356 l’HO‘TECI‘ORE
2836 310 2839 311 ⁷
3532 302 3641 364 920

396 406 680 467 ducebam,
720 405 886 457 donec
939 403 1120 455 multis
1158 402 1416 455 aerumnis
1445 400 1759 468 conﬂictati,
1790 403 1859 456 ita
1911 411 1970 455 ut

2079 405 2282 472 ἡμέρας
2311 405 2429 457 ὀδόν
2459 423 2598 474 σφας
2630 408 2931 474 ἀγαγόντες
2963 410 3054 462 ἐπὶ
3089 410 3159 463 τὰ
3186 412 3394 482 πρόσω,
3436 417 3498 485 τῇ
3537 418 3638 484 ἐφ-

396 505 619 562 uterque
651 495 703 547 in
734 493 1111 562 gravissimum
1137 492 1383 545 morbum
1418 491 1702 556 incideret,
1743 495 1961 546 tandem

2079 495 2194 563 εξῆς
2221 495 2290 548 δι’
2311 498 2500 566 ἐτέρας
2523 499 2774 566 ἀτραποῦ
2806 502 2863 563 ές
2884 500 3188 571 τοῦμπαλιν
3215 505 3508 574 ἐπανῆγον,
3535 507 3640 572 ἕως

395 584 613 638 Perside
644 592 1011 638 excesserunt.
1046 582 1216 649 Cujus
1239 581 1316 635 rei
1344 582 1568 637 nuntius
1628 582 1781 652 171
1841 597 1963 637 cum

2079 585 2284 638 πολλῶν
2332 586 2571 656 ἀνιαρῶν
2626 587 2826 651 αὐτοὺς
2881 589 3292 660 ἀναπλήσαντες
3319 593 3382 657 ¹¹,
3421 593 3494 656 ὡς
3544 597 3640 649 καὶ

397 678 461 728 ad
487 677 860 742 imperatorem
889 672 1196 737 all'erretur,
1223 681 1273 726 et
1305 682 1501 742 praeter
1529 686 1743 726 omnem
1777 686 1968 742 exspe-

397 764 681 817 ctationem
704 763 778 815 illi
805 763 1071 816 accideret
1093 762 1218 828 (non
1247 761 1388 816 enim
1407 761 1825 824 existimaverat,
1842 776 1964 814 cum

399 855 624 909 Romani
678 855 748 909 ita
791 854 980 909 faciles
1029 861 1084 908 et
1127 853 1435 908 moderatos
1467 867 1526 906 se
1586 852 1964 920 praebuissent,

399 952 532 1011 fore,
571 956 628 1001 ut
652 946 832 1002 Persa:
854 963 883 1001 a
915 959 1043 1016 pace
1072 945 1476 1012 abhorrerent),
1499 943 1622 1010 jure
1663 951 1719 997 et
1771 943 1965 998 merito

398 1039 657 1094 Mauricio
717 1038 989 1107 praecepit,
1022 1046 1081 1090 ut
1134 1035 1336 1090 bellum
1365 1043 1589 1088 strenuo
1615 1043 1855 1102 pararet,
1910 1043 1966 1088 et

397 1143 588 1187 czetera
625 1132 806 1188 omnia
829 1131 899 1185 ita
926 1129 1177 1194 instituit,
1213 1136 1269 1182 ut
1293 1126 1440 1182 omni
1467 1125 1628 1204 modo
1649 1126 1762 1180 suis
1804 1126 1965 1181 rebus

397 1223 718 1279 consuleret.
738 1222 920 1290 Neque
951 1235 1080 1275 vero
1106 1219 1377 1274 exercitus
1405 1215 1579 1287 quoad
1607 1225 1799 1270 caetera
1828 1214 1965 1270 male

398 1314 648 1370 habebat.
671 1315 948 1384 Stipendia
984 1313 1126 1367 enim
1163 1311 1429 1380 persoluta
1467 1308 1700 1362 fuerant.

2074 677 2332 746 ἑκάτερον
2365 677 2557 746 ἀμέλει
2587 678 2727 747 νόσῳ
2753 679 3027 751 βαρυτάτῃ
3064 686 3404 753 περιπεσεῖν,
3432 685 3642 754 ὲξώθη-

2075 765 2235 818 σαν¹³
2281 769 2381 837 τῆς
2444 766 2688 836 Περσῶι.
2764 769 3126 841 Ἀφικομένης
3174 771 3233 824 δὲ
3291 775 3493 840 ταύτης
3542 777 3646 843 τῆς

2071 855 2334 924 ἀγγελίας
2393 857 2543 926 παρά
2603 857 2827 926 βασιλέα
2873 860 3161 930 Ῥωμαίων
3213 863 3306 915 καὶ
3351 865 3503 934 παρά
3542 864 3645 936 τὴν

2072 949 2290 1002 πάντων
2325 949 2516 1002 ἐλπίδα
2539 951 2957 1020 προσπεσούσης
2981 952 3063 1020 (οὐ
3096 953 3204 1023 γάρ
3237 952 3391 1024 ᾠήθη
3422 954 3645 1008 πώποτε

2073 1033 2290 1103 Πέρσας
2317 1034 2409 1086 ἐπὶ
2441 1037 2696 1104 σμικροῖς
2727 1034 2870 1088 οὕτω
2899 1037 2993 1089 καὶ
3028 1035 3146 1089 λίαν
3183 1040 3515 1109 συμμέτροις
3542 1039 3644 1110 τὴν

2073 1125 2296 1194 εἰρήνην
2351 1125 2426 1195 μὴ
2473 1125 2915 1197 προσδέξασθαι),
2962 1129 3254 1199 Μαυρικίῳ
3283 1129 3384 1198 μὲν
3416 1132 3644 1194 εἰκότως

2073 1214 2369 1284 ἐσήμαινεν
2422 1214 2642 1284 ἔχεσθαι
2687 1215 2783 1269 τοῦ
2813 1217 3050 1287 πολέμου
3088 1219 3230 1274 κατά
3278 1221 3369 1274 τὸν
3420 1237 3643 1290 προχω-

2078 1305 2277 1374 ροῦντα
2346 1307 2548 1377 τρόπον
2575 1346 2590 1372 ,
2641 1308 2738 1361 καὶ
2791 1309 2861 1362 τὰ
2919 1309 3054 1364 ἄλλα
3116 1312 3505 1380 περιεσκόπει,
3564 1311 3645 1375 ὡς

402 1406 472 1456 ἂν
513 1403 776 1473 ἀμηγέπη
805 1399 915 1463 οἷός
955 1417 1013 1452 τε
1045 1401 1220 1453 ἔσοιτο
1268 1397 1532 1467 βοηθῆσαι
1576 1399 1687 1458 τοῖς
1734 1397 2076 1464 πράγμασιν.
2109 1399 2167 1448 0i
2190 1398 2233 1427 “
2263 1396 2319 1450 δὲ
2345 1397 2411 1450 τά
2447 1398 2544 1466 μὲν
2573 1397 2706 1452 ἄλλα
2733 1400 2830 1452 οὐκ
2850 1397 2962 1469 εἶχε
2994 1401 3180 1464 κακῶς
3205 1403 3265 1454 τὸ
3293 1405 3602 1473 στράτευμα
3625 1447 3641 1462 .

399 1493 489 1544 καὶ
524 1492 630 1562 γὰρ
661 1491 760 1561 τὴν
794 1489 1053 1559 διανομὴν
1085 1487 1193 1539 τῶν
1222 1485 1518 1556 χρημάτων
1580 1483 1894 1554 ἐπεποίητο.

467 1584 554 1638 90.
586 1585 670 1654 (Α.
697 1583 758 1638 C.
784 1583 905 1647 581,
928 1584 1038 1636 ind.
1066 1581 1154 1645 Η,
1176 1580 1356 1635 Tiber.
1383 1582 1460 1649 4.)
1495 1579 1744 1634 Tiberius
1771 1579 1964 1634 bellum

2141 1577 2206 1632 κ’.
2237 1581 2360 1632 Ὅτι
2408 1582 2846 1650 παρεσκευάζετο
2896 1585 2924 1636 6
2956 1584 3208 1652 Τιϐέριος
3252 1585 3502 1640 διαλῦσαι
3551 1587 3646 1639 τὸν

399 1689 584 1731 contra
626 1677 818 1731 Persas
853 1675 1006 1730 linire
1037 1675 1090 1728 in
1121 1673 1302 1728 animo
1332 1674 1590 1728 habebat.
1628 1672 1830 1740 itaque,
1862 1673 1963 1726 hoc

400 1766 625 1821 consilio
676 1775 855 1836 capto,
898 1765 1092 1820 iterum
1121 1762 1440 1818 Zachariam
1495 1762 1680 1832 elegit,
1713 1776 1872 1830 quem
1899 1761 1962 1813 ad

401 1856 598 1909 limites
631 1853 994 1908 Romanorum
1027 1863 1080 1908 et
1111 1853 1392 1908 Persarum
1429 1852 1654 1920 legaret.
1678 1849 1795 1904 Jam
1821 1851 1961 1905 enim

401 1958 450 1998 et
487 1946 681 2015 εαψὶυε
709 1954 867 2000 antea
897 1945 1013 2012 ejus
1043 1958 1204 2013 opera
1232 1944 1283 1997 in
1317 1944 1622 2012 hiijusmodi
1649 1944 1815 1997 rebus
1837 1957 1965 1996 usus

404 2040 595 2090 luerat.
665 2035 713 2090 ls
756 2051 880 2090 cum
936 2035 1261 2099 advenisset,
1311 2049 1522 2104 quaque
1574 2036 1639 2089 de
1677 2049 1837 2089 causa
1901 2036 1967 2086 ad

403 2129 592 2181 Persas
624 2124 896 2194 prolectus
929 2134 1090 2191 esset,
1121 2125 1480 2193 exposuisset,
1507 2123 1623 2194 ipse
1654 2125 1706 2178 in
1731 2124 1794 2177 iis
1825 2124 1963 2178 locis

403 2221 675 2284 manebat,
724 2230 777 2275 et
812 2219 1096 2274 Persarum
1151 2233 1242 2274 rex
1281 2218 1523 2288 Andigan
1552 2219 1738 2272 eodem
1783 2217 1964 2272 mittit.

405 2313 502 2368 llic
541 2314 621 2366 vir
659 2321 775 2368 erat
827 2311 1114 2368 admodum
1148 2311 1404 2381 prudens,
1437 2321 1492 2366 et
1533 2309 1820 2365 multorum
1873 2325 1969 2365 ne-

403 2405 672 2473 gotiorum
725 2404 1104 2474 peritissimus,
1161 2404 1282 2472 quia
1335 2404 1647 2459 diuturnum
1711 2403 1970 2470 temporis

402 2498 634 2562 spatium
670 2497 808 2566 (erat
857 2496 1000 2551 enim
1029 2503 1188 2551 aetate
1230 2493 1386 2563 longe
1433 2490 1746 2562 provectus)
1812 2504 1968 2545 sene-

403 2598 550 2643 ctute
581 2589 690 2658 ipsa
714 2588 1036 2657 sapientiam
1059 2587 1172 2656 ejus
1191 2585 1517 2640 ﬁrmaverat.
1547 2581 1837 2650 Postquam
1874 2595 1970 2634 au-

405 2690 508 2730 tem
540 2677 605 2730 ad
639 2676 804 2732 Daras
833 2683 1225 2738 convenerunt,
1259 2683 1315 2727 et
1345 2687 1466 2728 cum
1498 2672 1583 2726 his
1615 2670 1831 2724 urbium
1858 2678 1964 2723 tam

404 2783 588 2820 earum
663 2782 783 2836 quae
851 2766 1129 2829 Romanis,
1170 2779 1330 2835 quam
1377 2777 1563 2820 earum
1617 2777 1738 2833 quae
1792 2759 1974 2816 Persis

407 2857 684 2925 parebant,
715 2855 959 2926 primarii
981 2855 1082 2909 viri
1111 2871 1125 2908 :
1159 2854 1372 2932 utrique
1404 2855 1457 2909 in
1489 2868 1553 2909 ea
1587 2852 1967 2922 disquisitione

406 2951 604 3004 versati
664 2958 809 3015 sunt,
851 2948 1120 3018 quomodo
1165 2947 1303 3004 bello
1355 2947 1478 3001 linis
1527 2945 1729 3015 imponi
1768 2953 1970 3014 posset.

407 3042 540 3106 llle,
577 3038 666 3109 qui
709 3039 1002 3094 conﬁnium
1063 3047 1343 3110 protector
1397 3046 1516 3093 erat
1576 3036 1680 3108 (sic
1742 3033 1972 3090 Romani

404 3145 525 3185 cum
573 3131 871 3202 appellant,
927 3131 1017 3200 qui
1055 3131 1124 3185 ad
1178 3130 1494 3201 dignitatem
1535 3127 1779 3196 praefecti
1839 3125 1974 3196 regii

403 3223 606 3279 electus
631 3227 757 3292 est),
790 3224 898 3284 ille,
937 3223 1176 3293 inquam,
1211 3224 1440 3278 tentoria
1491 3219 1843 3291 praeparanda
1878 3233 1972 3272 cu-

405 3317 543 3371 ravit
590 3315 718 3387 (hoc
768 3313 913 3370 enim
965 3329 1160 3368 munus
1208 3321 1292 3368 est
1357 3313 1499 3368 illius
1555 3313 1904 3380 magistratus
1946 3324 1975 3361 a

406 3409 592 3476 primis
612 3407 736 3461 inde
770 3404 1154 3475 temporibus),
1190 3404 1290 3459 sub
1315 3405 1516 3472 quibus
1544 3404 1611 3457 ab
1637 3411 1868 3470 utraque
1899 3415 1980 3453 re-

406 3497 617 3565 publica
653 3495 802 3550 missi
839 3493 1194 3550 convenirent
1221 3505 1275 3548 et
1297 3493 1754 3562 colloquerentur.
1786 3489 1977 3558 Itaque

409 3588 530 3642 istic
559 3586 881 3656 praeparatis
909 3585 1246 3650 diversoriis,
1273 3599 1396 3643 cum
1431 3584 1484 3638 in
1514 3584 1620 3638 illis
1647 3583 1891 3654 Andigan
1924 3594 1979 3638 et

408 3677 702 3733 Zacharias
739 3686 795 3732 et
854 3677 1129 3746 principes
1178 3675 1475 3731 conllnium
1534 3674 1638 3729 viri
1693 3676 1974 3745 congressi

407 3779 586 3825 essent
640 3771 726 3838 (eo
749 3769 892 3825 enim
921 3767 1164 3838 Andigan
1188 3783 1255 3824 ex
1290 3767 1479 3833 Daras,
1507 3777 1562 3822 et
1590 3766 1884 3823 Zacharias
1912 3784 1976 3823 ex

409 3861 609 3916 Mardis
643 3858 836 3929 oppido
865 3860 1167 3930 venerant),
1220 3859 1407 3915 iisdem
1446 3873 1632 3914 rursus
1665 3858 1976 3914 rationibus

405 3957 492 4021 jus
523 3969 678 4008 suum
713 3953 782 4008 ab
813 3960 1039 4022 utraque
1073 3962 1226 4022 parte
1279 3950 1655 4013 defenderunt,
1687 3951 1886 4021 quibus
1926 3951 1978 4004 in

411 4045 777 4114 superioribus
816 4043 1099 4112 colloquiis
1157 4050 1312 4097 erant
1375 4042 1478 4096 usi.
1515 4039 1779 4096 Volebam
1835 4033 1978 4094 enim

413 4137 589 4192 Persa:
616 4149 646 4188 a
671 4134 838 4189 multo
877 4143 1118 4204 tempore
1147 4133 1422 4202 pecunias,
1464 4146 1604 4201 quas
1635 4131 1779 4186 soliti
1819 4142 1976 4186 erant

2070 1671 2205 1740 πρὸς
2251 1671 2466 1740 Πέρσας
2519 1672 2775 1743 πόλεμον.
2809 1675 3111 1744 Τοιγαροῦν
3157 1675 3328 1740 οὕτως
3372 1679 3647 1746 ἀρέσαντα

2071 1759 2298 1829 βασιλεῖ,
2328 1763 2554 1830 ἀφίησιν
2601 1763 2693 1815 ἐπὶ
2729 1763 2904 1833 τούτῳ
2955 1766 3228 1836 Ζαχαρίαν
3278 1769 3336 1820 ἐν
3365 1771 3476 1830 τοῖς
3511 1767 3645 1821 Ῥω-

2073 1851 2248 1921 μαίων
2274 1869 2331 1904 τε
2357 1852 2452 1907 καὶ
2486 1853 2710 1925 Περσῶν
2747 1853 3016 1924 μεθορίοις
3043 1858 3512 1928 πρεσϐευσόμενον
3549 1861 3646 1912 καὶ⁵

2070 1939 2226 2005 αὖθις
2253 1961 2266 1974 ·
2293 1944 2352 1997 ὃν
2383 1945 2447 2014 δὴ
2476 1945 2571 1998 καὶ
2620 1947 2878 2010 πολλάκις
2913 1951 3005 2000 ἐπὶ
3033 1952 3152 2013 ταῖς
3177 1950 3460 2014 τοιαύταις
3501 1954 3645 2020 ἐχει-

2074 2037 2330 2106 ροτόνησε
2367 2039 2599 2107 χρείαις.
2641 2038 2703 2091 ’0
2748 2038 2804 2091 δὲ
2851 2039 3202 2108 ἀφικόμενος,
3234 2041 3328 2094 καὶ
3360 2041 3516 2108 δῆλον
3546 2060 3648 2094 κα-

2071 2130 2351 2198 ταστήσας
2409 2131 2494 2198 ἐφ’
2541 2122 2586 2196 ᾧ
2637 2130 2934 2200 ἐποιήσατο
2971 2131 3042 2193 ὡς
3072 2132 3286 2202 Πέρσας
3313 2132 3409 2201 τὴν
3439 2132 3647 2202 ἄφιξιν,

2072 2223 2100 2272 ὁ
2129 2220 2494 2290 μὲν²ὑπῆρχεν
2518 2221 2574 2272 ὲν
2593 2221 2826 2286 τούτοις,
2855 2221 3104 2291 βασιλεὺς
3119 2223 3174 2276 δὲ
3195 2225 3417 2294 Περσῶν
3441 2226 3650 2294 ἐκπέμ-

2074 2327 2164 2392 πει
2220 2311 2488 2377 Ἀνδίγαν.
2538 2303 2703 2374 Οὗτος
2735 2311 2793 2365 δὲ
2845 2314 2983 2384 ἀνὴρ
3031 2315 3172 2368 κατά
3223 2314 3478 2369 τοσοῦτον
3532 2317 3650 2385 ἐχέ-

2075 2419 2225 2473 φρων
2257 2420 2314 2454 τε
2346 2398 2413 2472 ἦν
2444 2404 2537 2456 καὶ
2569 2403 2856 2474 πράγμασι
2896 2404 3167 2467 πλείστοις
3194 2406 3480 2474 ὁμιλήσας,
3517 2406 3648 2459 καθ-

2075 2493 2256 2546 όσον¹⁸
2280 2509 2339 2544 τε
2370 2492 2514 2562 αὐτῷ
2551 2494 2642 2546 ἐπὶ
2673 2495 3010 2564 μακρότατον
3050 2495 3144 2549 καὶ
3194 2497 3261 2548 τὰ
3307 2495 3401 2550 τοῦ
3455 2498 3648 2569 χρόνου

2076 2583 2386 2650 ξυνέϐαινεν
2441 2585 2890 2653 ἐπισφραγίζοντι
2959 2587 3036 2657 τῷ
3086 2589 3227 2641 πάνυ
3284 2589 3540 2659 γηραλέῳ
3590 2589 3650 2640 τὸ

2078 2675 2342 2744 νουνεχές.
2381 2672 2596 2744 Ἐπειδὴ
2616 2676 2659 2707 ¹⁶
2689 2675 2745 2728 δὲ
2769 2677 3098 2748 συνηλθέτην
3128 2678 3294 2749 ἀγχοῦ
3318 2681 3416 2749 τῆς
3439 2679 3647 2741 πόλεως

2078 2765 2172 2819 τοῦ
2203 2767 2402 2836 Δάρας,
2439 2765 2534 2831 ξὺν
2565 2767 2678 2828 τοῖς
2703 2768 2797 2821 καὶ
2827 2771 2875 2820 oi
2902 2769 3009 2821 τῶν
3039 2769 3220 2840 ἐκείνῃ
3262 2770 3471 2823 πόλεων
3511 2771 3646 2823 Ῥω-

2081 2857 2255 2930 μαίων
2284 2875 2344 2911 τε
2378 2859 2471 2912 καὶ
2530 2859 2761 2929 Περσῶν
2813 2861 3100 2930 ἡγεμόνες,
3137 2863 3186 2915 οἱ
3233 2862 3333 2931 μὲν
3383 2861 3446 2932 δὴ
3492 2863 3654 2931 ἐξηρ-

2076 2949 2265 3004 τύοντο
2305 2950 2527 3005 ἒκαστοι
2559 2951 3038 3022 διαλεχθησόμενοι
3068 2954 3195 3025 περὶ
3227 2953 3319 3007 τοῦ
3358 2954 3504 3015 ὅπως
3536 2953 3652 3005 δέον

2081 3041 2416 3096 καταθέσθαι
2465 3041 2556 3096 τὸν
2610 3043 2874 3114 πόλεμον·
2907 3046 2935 3096 ό
2986 3043 3046 3097 δέ
3095 3061 3158 3111 γε
3218 3044 3326 3097 τῶν
3383 3043 3652 3114 μεθορίων

2078 3133 2367 3202 λεγόμενος
2415 3133 2728 3204 προτίκτωρ
2757 3133 2940 3204 (δηλοῖ
2965 3135 3024 3188 δὲ
3053 3135 3205 3204 παρά
3240 3132 3532 3203 Ῥωμαίοις
3562 3133 3651 3184 τὸν

2084 3221 2140 3281 ές
2183 3219 2341 3272 τοῦτο
2375 3220 2810 3290 καταλεγόμενον
2839 3220 3016 3285 ἀξίας,
3074 3222 3164 3274 τὸν
3209 3221 3477 3291 βασίλειον
3522 3239 3654 3292 προ-

2082 3311 2440 3381 σκεπαστὴν),
2467 3306 2622 3375 οὗτος
2652 3313 2715 3383 δὴ
2743 3308 2836 3366 οὖν
2881 3314 3246 3368 κατεσκεύασε
3293 3314 3556 3377 καλύϐας,
3594 3316 3649 3366 ὲν

2081 3397 2168 3463 αἶς
2201 3402 2424 3471 ἔμελλον
2461 3403 2731 3474 ἑκατέρας
2768 3403 3040 3470 πολιτείας
3085 3404 3342 3475 πρέσϐεις
3385 3407 3452 3459 τά
3505 3409 3652 3475 εἰρη-

2086 3493 2225 3560 μένα
2281 3493 2749 3548 διασκέπτεσθαι·
2796 3494 2957 3573 τοῦτο
3015 3497 3122 3568 γὰρ
3171 3497 3232 3550 τὸ
3287 3497 3654 3566 λειτούργημα

2081 3583 2286 3637 ἄνωθέν
2337 3600 2394 3635 τε
2451 3587 2545 3638 xui.
2584 3587 2642 3652 ἐξ
2691 3587 2867 3658 ἀρχῆς
2896 3588 2975 3658 τῷ
3003 3587 3335 3659 προτίκτωρι
3367 3591 3653 3659 ἐπιτέτρα-

2085 3689 2236 3724 πται.
2268 3673 2835 3742 Παρασκευασθέντων
2867 3673 2961 3731 οὖν
2997 3677 3106 3731 τῶν
3139 3678 3355 3731 τοιῶνδε
3386 3679 3647 3748 ἐνδιαιτηο

2087 3761 2293 3831 μάτων,
2335 3763 2430 3816 καὶ
2459 3767 2765 3836 γενομένων
2796 3769 2853 3820 ὲν
2877 3768 2955 3838 τῷ
2985 3768 3136 3839 αὐτῷ
3168 3769 3260 3822 τοῦ
3302 3769 3553 3838 ’Λνδίγαν
3588 3785 3648 3821 τε

2085 3853 2179 3905 καὶ
2231 3854 2501 3923 Ζαχαρίου
2538 3855 2630 3908 καὶ⁹
2673 3857 2780 3908 τῶν
2833 3857 2932 3926 τῆς
2983 3858 3310 3926 περιοικίδος
3357 3859 3654 3928 ἀρχόντων,

2083 3943 2176 3997 τοῦ
2213 3945 2312 4013 μὲν
2353 3945 2599 4012 Ἀνδίγαν
2635 3946 2736 4016 τὴν
2765 3948 3076 4002 συνέλευσιν
3122 3949 3448 4018 ποιουμένου
3473 3951 3534 4001 ὲκ
3561 3947 3656 4000 τοῦ

2084 4035 2283 4104 Δάρας,
2320 4037 2590 4106 Ζαχαρίου
2641 4037 2700 4090 δὲ
2750 4039 2814 4091 ὲκ
2867 4039 2962 4092 τοῦ
3001 4040 3232 4110 Μάρδις,
3259 4041 3353 4093 καὶ
3379 4039 3533 4102 αὖθις
3560 4035 3656 4108 οὗχ

2081 4119 2244 4194 ἦττον
2286 4125 2406 4188 ταῖς
2440 4126 2630 4188 αὑταῖς
2662 4127 2962 4196 χρωμένων
2991 4127 3404 4196 δικαιολογίαις,
3455 4127 3656 4196 αἷσπερ

409 4242 476 4283 ex
506 4226 862 4281 conventione
887 4232 941 4279 ct
985 4231 1143 4291 pacto
1170 4221 1503 4291 temporibus
1531 4219 1818 4275 Justiniani
1876 4221 1972 4274 ini-

2083 4218 2178 4270 καὶ
2241 4217 2296 4268 ὲν
2355 4218 2474 4279 ταῖς
2532 4218 2822 4287 προτέραις
2877 4218 3226 4288 πρεσϐείαις·
3257 4221 3346 4273 καὶ
3394 4219 3503 4272 τῶν
3559 4221 3658 4286 μὶν

411 4327 485 4382 ιο,
522 4331 550 4371 a
577 4315 838 4372 Romanis
888 4313 1156 4382 accipere,
1218 4321 1272 4368 et
1304 4320 1562 4374 praeterea
1596 4311 1832 4365 retinere
1865 4311 1973 4364 Da-

412 4425 524 4464 ras.
555 4407 786 4465 Romani
817 4421 944 4462 vero
983 4416 1194 4471 contra,
1240 4419 1308 4460 ne
1335 4401 1466 4473 quid
1495 4401 1846 4470 pecuniarum
1885 4401 1980 4454 da-

411 4508 573 4568 rent,
629 4501 978 4572 pugnabant;
1035 4513 1169 4553 neve
1234 4496 1388 4566 quasi
1467 4508 1627 4562 pinna
1700 4501 1754 4547 et
1813 4493 1976 4547 multa

411 4593 640 4660 quadam
667 4604 856 4660 pacem
885 4587 1151 4643 redimere
1188 4584 1523 4640 viderentur.
1563 4583 1730 4636 Daras
1763 4596 1978 4651 quoque

411 4694 732 4751 recuperare
759 4679 1066 4750 cupiebant,
1099 4685 1154 4732 et
1181 4691 1299 4731 eam
1327 4674 1700 4730 Pcrsarmenia
1732 4684 1785 4730 et
1807 4674 1978 4728 Arza-

412 4788 551 4830 neue
608 4781 944 4827 commutare
999 4769 1276 4834 volebant,
1327 4767 1484 4822 modo
1526 4782 1712 4822 earum
1764 4766 1982 4835 provin-

413 4867 618 4920 ciarum
671 4862 861 4918 incolte
910 4904 924 4929 ,
975 4863 1066 4933 qui
1112 4875 1172 4916 se
1215 4861 1280 4914 ad
1341 4858 1648 4928 reipublica:
1726 4856 1982 4912 Romana:

416 4956 790 5011 auctoritatem
844 4953 1225 5016 contulissent,
1261 4949 1419 5019 172
1444 4963 1507 5004 ea
1559 4947 1831 5003 deditione
1874 4962 1979 5002 non

415 5051 838 5105 continerentur.
898 5045 1034 5101 Cum
1079 5043 1231 5099 multi
1278 5043 1345 5097 de
1373 5056 1435 5097 ea
1466 5056 1523 5095 re
1566 5055 1848 5096 sermones
1884 5039 1983 5092 lia-

416 5141 510 5194 biti
565 5147 766 5203 essent,
805 5151 978 5206 neque
1015 5135 1122 5189 ulla
1180 5149 1266 5188 res
1321 5133 1389 5186 ad
1431 5132 1590 5186 linem
1630 5128 1982 5199 pervenisset,

417 5234 544 5302 quia
570 5233 880 5302 neutiquam
911 5238 1095 5301 partes
1137 5229 1280 5283 inter
1313 5241 1370 5280 se
1409 5222 1800 5279 conveniebant
1829 5240 1842 5276 :
1877 5223 1986 5275 An-

583 5319 618 5353 ἔ

2088 4305 2313 4376 Περσῶν
2352 4306 2690 4377 βουλομένων
2736 4307 3058 4379 κομίζεσθαι
3112 4310 3222 4364 ἀπὸ
3263 4310 3552 4380 Ῥωμαίων
3589 4313 3657 4359 τὰ

2087 4400 2298 4469 ὅσαπερ
2345 4401 2408 4453 ὲκ
2443 4401 2694 4454 πλείστου
2725 4402 2918 4473 χρόνου
2967 4401 3228 4459 εἰώθεσαν
3260 4405 3521 4476 χρήματα
3563 4402 3658 4456 τοῦ

2090 4490 2569 4560 διομολογηθέντος
2619 4493 2710 4546 ἐπὶ
2755 4494 2866 4547 τῶν
2932 4496 3376 4549 ⁹Ιουστινιανοῦ¹¹
3427 4497 3656 4565 χρόνων,

2093 4581 2229 4652 πρὸς
2257 4581 2470 4644 τούτοις
2516 4582 2660 4652 ἔχειν
2714 4586 2810 4638 καὶ
2857 4586 2918 4639 τὸ
2952 4588 3128 4657 Δάρας
3149 4603 3163 4616 ⁸
3193 4588 3303 4641 τῶν
3331 4587 3388 4640 δὲ
3425 4587 3489 4656 δὴ
3528 4587 3662 4638 Ῥωο

2091 4672 2266 4741 μαίων
2293 4673 2603 4738 ἐξεναντίας
2655 4675 3168 4747 ἀπισχυριζομένων
3196 4676 3336 4730 ὥστε
3372 4676 3536 4747 μηδὲν
3564 4694 3663 4728 κα-

2087 4762 2363 4817 τατιθέναι
2387 4765 2523 4834 μήτε
2546 4766 2652 4835 μὴν
2676 4765 2864 4837 ὥσπερ
2893 4768 3202 4838 τιμήματός
3227 4784 3369 4830 τινος
3395 4766 3660 4836 πρίασθαι

2087 4855 2185 4925 τὴν
2209 4856 2454 4927 εἰρήνην,
2485 4857 2620 4910 ἀλλά
2639 4859 2750 4929 γάρ
2777 4861 2872 4912 καὶ
2894 4857 3278 4914 ἀνασώσασθαι
3303 4859 3413 4912 ἀπὸ
3435 4859 3662 4924 Περσῶν

2084 4947 2144 4999 τὸ
2200 4948 2400 5016 Δάρας,
2447 4949 2804 5019 ἀντάλλαγμα
2861 4950 3046 5019 μέντοι
3087 4949 3424 5020 παρέχοντας
3453 4949 3550 5018 τὴν
3604 4949 3661 5013 ἐξ

2083 5037 2260 5108 ἀρχῆς
2306 5039 2723 5110 Περσαρμενίαν
2752 5057 2811 5093 τε
2851 5041 2946 5095 καὶ
2991 5039 3344 5112 Ἀρζανηνὴν,
3387 5040 3518 5094 ἀνευ
3553 5039 3661 5091 τῶν

2085 5132 2401 5202 ἀμφοτέρας
2433 5131 2617 5202 χώρας
2646 5132 2948 5202 οἰκητόρων
2974 5133 3083 5186 τῶν
3116 5133 3232 5186 ὅσοι
3265 5134 3329 5202 τῇ
3363 5131 3657 5199 Ῥωμαίων

2088 5223 2517 5294 προσεχώρησαν
2565 5223 2826 5295 πολιτείᾳ,
2882 5223 2957 5266 -’
2985 5224 3252 5279 πλείστων
3298 5223 3414 5290 οὖν,
3468 5221 3656 5290 ὥσπερ

1681 5383 1914 5442 νΛῐΠᾹΞ
1964 5384 2367 5441 LECTIONES.

491 5534 534 5564 "
562 5531 691 5596 Qum
718 5535 806 5589 vul
845 5549 877 5586 ο
905 5540 1026 5602 post
1046 5531 1266 5585 verbum
1297 5526 1705 5628 ἀναπλήσαντες
1735 5537 1797 5577 ex
1841 5522 2086 5590 proxime
2125 5521 2495 5592 superioribus
2521 5522 2751 5576 absurde
2801 5531 3160 5591 repetuntur:
3195 5521 3285 5574 ἐπὶ
3329 5523 3402 5577 τά
3441 5524 3646 5592 πρόσω.

523 5602 739 5655 ἐφεξῆς.
797 5552 878 5655 «ᾔει
938 5603 996 5655 Β.
1074 5598 1416 5655 ¹³ὲξὼθησιν
1460 5592 1792 5655 ὲςὼσθησαν]
1833 5593 1934 5646 Π.;
1969 5602 2024 5646 at
2052 5609 2120 5646 ne
2149 5593 2248 5645 hoc
2271 5592 2488 5655 quidem
2535 5607 2720 5645 verum
2778 5593 3011 5648 videtur.
3091 5593 3130 5624 ”
3160 5591 3233 5655 oil
3285 5591 3362 5655 τῷ
3409 5594 3553 5655 conj.
3592 5593 3646 5644 Β.

831 5604 878 5658 el

421 5603 489 5669 τῇ
523 5602 739 5665 ἐφεξῆς,
797 5624 808 5654 ι

431 5672 474 5704 ¹⁵
508 5669 733 5722 καθόσον
758 5671 846 5736 IL,
901 5671 1060 5723 καθόν
1123 5671 1266 5740 vulg.

938 5603 1028 5688 δὲ,
1074 5598 1427 5688 ιόὲξξίιθησέν,
1460 5591 1792 5688 ὲξῴσθησῗιρ]
1828 5593 1934 5676 ’ΠΛ
1969 5602 2120 5688 ita}?
2149 5593 2248 5688 hoc
2271 5592 2720 5688 quidﬁmwverum
2778 5593 3011 5688 videtur.
3091 5593 3130 5624 ”
3160 5591 3233 5664 oi]
3285 5591 3362 5661 τῷ
3409 5591 3553 5662 conj.
3592 5593 3650 5644 Β.

1348 5668 1388 5700 ¹⁶
1416 5661 1674 5736 ἐπειδὴδὲ
1706 5661 1795 5730 ειη
1828 5663 1936 5714 ἓτει
1969 5663 2116 5715 δεῖδὲ
2156 5663 2294 5730 vulg.
2406 5663 2443 5692 ³⁷
2490 5663 2874 5716 Ἰονστινιανῶν
2907 5662 3076 5740 νυὶςς.ι
