4012 6214
327 318 431 386 921

1078 317 1174 373 DE
1215 316 1782 376 LEGATIUNIBUS
1823 317 2314 378 ROMANORUM
2357 320 2456 377 AD
2491 317 2789 378 GENTES

3470 319 3581 380 922

327 436 494 497 είκδς,
524 431 610 483 ὲπ¹ο
639 428 849 499 τηλίκῳ
897 426 1185 496 πράγματι
1218 428 1706 497 προενηνεγμένων
1743 428 1917 496 λόγων

2037 429 2181 499 ligau
2237 432 2286 484 in
2340 431 2684 495 Zachariam,
2716 430 2808 498 qui
2861 428 3006 483 illum
3060 427 3207 496 pacis
3259 431 3597 488 conditiones

339 526 435 579 καὶ
466 525 670 594 ἥκιστα
707 523 788 583 εἰς
841 520 1000 587 ἔργον
1034 519 1331 587 ἀχθέντων,
1371 520 1514 589 μήτε
1547 520 1652 590 μὴν
1681 523 1746 589 τῇ
1777 537 1913 589 συμ-

329 617 507 687 φωνίᾳ
539 615 744 684 ἀμφοῖν
792 615 908 665 τοῖν
955 614 1142 681 μεροῖν
1191 611 1594 680 ξυμϐαινόντων
1624 611 1908 681 ἀλλήλοις,

330 711 424 764 τὸν
464 703 1240 775 Ἀνδίγανπαρακρούσασθαι
1273 703 1608 773 Ζαχαρίαν¹⁸
1642 705 1916 774 ὑποτοπή-

334 817 505 854 σαντα
537 801 618 868 ἐφ’
644 792 688 866 ᾧ
719 797 908 851 θέσθαι
963 796 1238 868 συνθήκας
1289 797 1389 850 οὐκ
1440 797 1497 859 ἐς
1528 796 1589 849 τὸ
1617 797 1912 866 εὐπρεπὲς,

333 894 473 948 ἀλλὰ
498 894 608 963 γὰρ
658 892 839 958 πάντη
889 890 1250 960 ἀσυμφόρους
1301 893 1368 960 τῇ
1419 889 1706 959 Ῥωμαίων
1749 892 1912 960 ἀρχῇ,

339 988 506 1055 φάναι
539 987 758 1052 λέγεται
806 982 1025 1037 τοιόιδε⁹
1064 1002 1080 1034 ι
1109 983 1277 1054 Τείχη
1314 984 1407 1036 καὶ
1447 982 1636 1048 πύλαι,
1674 985 1767 1036 καὶ
1814 984 1915 1036 εῐτι

339 1078 600 1144 τοιοῦτον,
625 1071 670 1130 ὦ
690 1077 903 1146 ἀνδρες,
942 1075 1338 1145 φυλακτήριον,
1361 1074 1651 1144 φυλάττειν
1688 1075 1808 1144 μὲν,
1841 1075 1917 1137 ὡς

340 1173 508 1234 εἰκὸς,
540 1171 834 1240 δυνήσεται
871 1167 971 1220 καὶ
995 1168 1154 1222 πόλιν
1193 1169 1288 1220 καὶ
1332 1167 1609 1221 πολιτείαν
1639 1166 1788 1239 ὅλην.
1827 1166 1917 1218 Ἐν

338 1260 420 1324 οἷς
467 1262 525 1315 δὲ
581 1261 945 1331 τυγχάνουσιν
994 1260 1044 1311 οἱ
1092 1258 1304 1321 τούτοις
1373 1258 1913 1329 περιπεφραγμένοι,

341 1353 604 1421 κρύπτειν
628 1353 690 1404 ού
712 1355 754 1386 ¹⁹
790 1351 989 1424 ῥᾴδιον.
1016 1352 1174 1420 Φήμη
1201 1351 1248 1382 ²⁰
1271 1350 1380 1419 γάρ
1414 1351 1499 1403 ἀεὶ
1542 1349 1822 1420 χειροῦται
1849 1349 1915 1401 τὰ

342 1444 662 1514 πράγματα,
706 1443 800 1496 καὶ
858 1440 929 1494 τὰ
981 1440 1244 1494 δοκοῦντά
1273 1459 1391 1504 πως
1437 1440 1608 1512 ἄδηλα
1650 1440 1920 1494 καθεστά-

342 1553 432 1589 ναι
487 1533 778 1605 προτίθησι
827 1535 950 1597 ταῖς
996 1533 1207 1599 ἀκοαῖς,
1237 1532 1426 1603 ὥσπερ
1477 1535 1562 1586 ἐπ’
1609 1535 1816 1602 ἀγορᾶς
1863 1534 1918 1584 ὲν

343 1629 562 1698 φανερῷ
601 1627 678 1698 τῷ
715 1627 1025 1697 βουλομένῳ
1084 1625 1350 1696 πρίασθαι
1407 1625 1564 1680 ὥνια.
1617 1623 1920 1694 Τοιγαροῦν

343 1721 439 1774 καὶ
477 1721 639 1791 ἡμεῖς
673 1716 1080 1786 ὲξεπιστάμεθα
1109 1716 1209 1786 τὴν
1241 1716 1529 1786 Ῥωμαίων
1555 1715 1733 1786 ἀρχὴν
1753 1713 1921 1791 ,πολέ-

346 1829 469 1882 μοις
528 1810 944 1880 ἀντερείδουσαν
983 1809 1295 1893 πλείστοις,
1344 1808 1439 1862 καὶ
1495 1807 1796 1878 πολλαχόσε
1822 1807 1918 1877 τῆς

341 1902 666 1973 οἰκουμένης
705 1901 842 1954 ὅπλα
890 1897 1165 1965 κινοῦσαν,
1203 1901 1298 1953 καὶ
1346 1902 1412 1970 τῇ
1468 1900 1695 1968 δυνάμει
1753 1915 1922 1970 μεμε-

346 1993 610 2063 ρισμένην
642 1991 830 2062 σχεδὸν
870 1990 952 2060 ἐφ’
979 1990 1194 2061 ἑκάστῳ
1219 1989 1479 2061 βαρϐάρῳ
1505 1989 1672 2058 γένει,
1700 1989 1794 2042 καὶ
1823 1990 1921 2057 τὴν

345 2086 638 2157 καθ’-ημᾶς
688 2083 962 2138 πολιτείαν
1010 2083 1110 2135 οὐκ
1151 2082 1260 2136 ἀπὸ
1291 2082 1494 2151 τρόπου
1548 2081 1811 2150 Ῥωμαῖοι
1839 2097 1922 2143 γι-

348 2180 618 2234 νώσκουσι
652 2178 840 2250 μηδενὶ
887 2176 997 2230 τῶν
1028 2176 1250 2231 πάντων
1281 2173 1584 2244 ἀνθρώπων
1629 2174 1724 2227 νῦν
1764 2173 1922 2226 πολε-

352 2273 616 2345 μοῦσανῆ
659 2271 953 2342 Ῥωμαίοις
982 2270 1184 2338 μόνοις.
1225 2269 1312 2332 Ὠς
1339 2264 1432 2322 οῦν
1465 2267 1618 2338 ὑμῶν
1664 2265 1761 2338 μὲν
1798 2266 1924 2320 πολ-

348 2365 459 2428 λοῖς
491 2363 667 2418 ἔθνεσι
705 2362 1047 2433 μαχομένων,
1089 2360 1247 2432 ἡμῶν
1275 2359 1332 2413 δὲ
1368 2359 1548 2430 μόνοις
1592 2359 1742 2430 ύμῖν,
1777 2357 1919 2411 οὕτω

353 2460 444 2513 καὶ
486 2459 584 2520 τὰς
633 2455 902 2528 ξυνθήκας
945 2455 1160 2524 ἀνάγκη
1207 2451 1522 2506 διατιθέναι.
1560 2451 1788 2504 Βέϐαιον
1815 2449 1925 2519 γὰρ

349 2551 416 2605 ἂν
444 2549 652 2620 γένοιτο
687 2547 980 2619 Ῥωμαίοις
1004 2565 1063 2600 τε
1088 2546 1149 2599 τὸ
1178 2547 1448 2617 περιεῖναι
1469 2544 1563 2597 καὶ
1593 2544 1728 2612 πρδς
1757 2541 1926 2594 πολλὰ

348 2640 822 2712 διαγωνιζομένοις
876 2639 1004 2709 ἔθνη
1051 2637 1146 2690 καὶ
1188 2636 1322 2706 πρὸς
1372 2634 1500 2705 μίαν
1540 2634 1647 2687 τῶν
1701 2631 1924 2701 Περσῶν

353 2732 655 2794 πολιτείαν,
687 2729 941 2800 καθάπερ
987 2727 1080 2780 καὶ
1126 2727 1255 2795 ἡμῖν
1308 2725 1365 2776 ὲν
1398 2723 1598 2794 βεϐαίῳ
1638 2722 1924 2793 γενήσεται

350 2829 412 2883 16
456 2828 680 2897 κρατεῖν
729 2825 864 2896 πρὸς
913 2822 1104 2876 οὐδένα
1153 2820 1261 2872 τῶν
1298 2819 1472 2874 ἀλλων
1519 2817 1552 2888 ἦ
1619 2814 1758 2885 πρὸς
1798 2815 1928 2867 Ῥω-

356 2919 550 2990 μαίους
585 2918 778 2987 μόνους
824 2913 1010 2984 ἔχουσι
1041 2913 1142 2982 τὴν
1186 2909 1471 2982 διαφορὰν,
1516 2905 1611 2960 καὶ
1666 2905 1744 2982 τῷ
1794 2905 1928 2975 πρὶς

353 3013 448 3066 ἕνα
477 3011 570 3064 καὶ
601 3009 692 3063 τὸν
719 3009 880 3060 αὑτὸν
912 3003 1361 3075 παρατάττεσθαι
1411 3001 1667 3070 πόλεμον.
1696 3018 1715 3052 ι
1741 2998 1930 3052 Ταῦτα

355 3104 478 3158 ἐπεὶ
502 3102 682 3166 ἔλεξεν
704 3102 732 3153 6
777 3097 1048 3166 ’Λνδίγαν,
1073 3093 1354 3165 ἀκηκοότα
1400 3091 1677 3162 Ζαχαρίαν
1708 3089 1928 3158 λέγεται
1961 3135 2005 3193 C

357 3195 742 3266 ύπομειδιᾶσαι
789 3190 886 3245 καὶ
928 3183 1029 3243 ὧδε
1069 3187 1280 3240 εἰπεῖν·
1322 3205 1338 3238 ι
1366 3180 1440 3238 Εὖ
1487 3201 1569 3237 σοι
1620 3184 1848 3251 γένοιτο,
1891 3181 1936 3235 ὦ

369 3286 644 3353 Ἀνδίγαν,
693 3282 790 3336 καλ⁸
843 3279 1030 3352 Πέρσῃ
1085 3276 1354 3347 πεφυκότι
1409 3274 1506 3328 καί
1569 3273 1936 3346 μαρτυροῦντι

363 3372 660 3443 Ῥωμαίοις
678 3369 778 3439 τῆς
809 3368 1059 3437 ἀνδρείας
1093 3366 1185 3420 καὶ
1220 3363 1642 3436 παρατρὼσαντι
1676 3363 1773 3433 τὴν
1804 3362 1937 3433 ἀλή-

361 3466 513 3520 θειαν
542 3462 816 3532 οὐδαμῶς.
849 3463 911 3514 Ei
951 3463 1059 3531 γὰρ
1112 3459 1210 3529 μὴ,
1270 3458 1344 3521 ὡς
1385 3458 1541 3527 ἔφης,
1575 3459 1607 3527 ή
1655 3456 1939 3526 Ῥωμαίων

362 3558 702 3629 περιεσπᾶτο
735 3554 984 3623 δύναμις,
1017 3551 1112 3604 καὶ
1153 3550 1250 3620 τὴν
1287 3548 1636 3620 πολυχειρίαν
1686 3547 1780 3600 τοῦ
1821 3546 1939 3600 κατ’

362 3650 534 3718 αὐτὴν
585 3645 814 3717 στρατοῦ
846 3644 987 3698 κατά
1044 3640 1216 3695 πολλὰ
1266 3641 1426 3710 τῆς¹¹
1480 3640 1815 3710 ούκουμένης
1854 3639 1942 3704 ὲξο

364 3743 570 3796 ἔτεινεν
615 3738 764 3808 ἔθνη,
816 3736 910 3789 καὶ
963 3735 1039 3796 ὡς
1091 3732 1406 3806 ἐγεφύρωσε
1445 3735 1510 3802 τῇ
1569 3731 1796 3800 δυνάμει
1842 3731 1942 3800 τὴν

362 3835 630 3888 θάλατταν
696 3831 790 3884 καὶ
837 3828 935 3891 τὰς
983 3825 1243 3898 ἠπείρους
1260 3827 1306 3857 ¹²
1340 3823 1522 3890 ἔζευξε
1561 3823 1638 3894 τῷ
1671 3820 1942 3896 πανταχοῦ

363 3924 617 3996 παρεῖναί
677 3939 738 3975 τε
798 3920 891 3973 καὶ
930 3920 1220 3989 περιεῖναι,
1256 3917 1307 3970 τί
1351 3915 1418 3974 ἂν
1471 3915 1576 3969 οἴει
1616 3915 1945 3969 πεπονθέναι

367 3994 583 4087 Πέρσας
636 4013 670 4082 ἢ
727 4010 820 4063 ἐπὶ
869 4010 1034 4062 πόσον
1075 4010 1347 4079 ἀντισχεῖν
1379 4005 1514 4076 τῷδε
1565 4005 1644 4076 τῷ
1688 3994 1942 4076 πολέμῳ;

368 4106 521 4180 οἶμαι
567 4107 666 4178 μὲν
692 4105 785 4159 οὖν
817 4105 991 4172 ἔγωγε
1038 4102 1204 4157 καύτό
1235 4119 1298 4169 γε
1331 4101 1502 4170 δήπου
1532 4098 1770 4168 τοῦνομα
1803 4115 1944 4166 συμ-

370 4202 644 4272 φθαρῆναι
678 4201 936 4269 Πέρσαις,
977 4197 1072 4250 καὶ
1105 4197 1250 4268 μόνῳ
1287 4196 1504 4264 νικῆσαι
1548 4191 1626 4261 τῷ
1677 4190 1946 4262 μηδέποτε

374 4294 633 4372 φέρεσθαι
672 4295 738 4364 τῇ
776 4292 986 4362 μνήμῃ.
1012 4308 1029 4340 ι
1065 4288 1283 4341 Τούτων
1337 4285 1584 4356 Ζαχαρίᾳ
1643 4283 1948 4353 εἰρημένων

374 4390 402 4438 6
443 4384 688 4452 ’Ᾱνδίγαν
740 4386 807 4454 τῇ
877 4383 1002 4452 σιγῇ
1055 4379 1289 4451 ἐδήλωσε
1339 4378 1402 4430 τὸ
1460 4376 1844 4447 νενικῆσθαι¹⁸
1875 4374 1951 4445 τῷ

374 4479 536 4546 λόγῳ.

447 4569 687 4624 Τοιαῦτα
721 4568 817 4638 μὲν
852 4565 943 4619 οὖν
985 4565 1154 4637 ἄμφω
1182 4562 1547 4633 διελεγέσθην.
1589 4561 1677 4616 Ἐν
1706 4561 1945 4632 τοσούτῳ

374 4667 432 4719 δὲ
461 4665 488 4716 6
510 4659 824 4731 Ταχοσδρὼ,
850 4657 1076 4728 Περσῶν
1107 4654 1431 4727 στρατηγὸς,
1473 4654 1588 4723 ἅμα
1617 4655 1682 4724 τῇ
1713 4654 1954 4724 Περσικῇ

381 4756 616 4827 στρατιᾷ
639 4756 696 4816 ἐς
721 4752 788 4805 τὰ
829 4751 1109 4819 ἱππάσιμα
1141 4749 1208 4800 τά
1233 4747 1362 4816 περὶ
1386 4746 1485 4815 τὴν
1515 4744 1730 4799 Νίσιϐιν
1758 4746 1955 4815 ἐστρα-

379 4846 696 4904 τοπεδεύετο
737 4842 878 4896 κατὰ
917 4841 1009 4893 τὸν
1037 4839 1338 4907 Μυγδόνιον
1355 4837 1401 4869 ’⁸
1435 4836 1698 4906 ποταμόν.
1735 4833 1953 4904 Haupt-

381 4959 498 5005 κιος
529 4940 586 4995 δὲ
621 4938 949 5010 χαρακώσας
1010 4934 1222 5005 ὑπῆρχε
1259 4931 1356 4994 τὰς
1408 4929 1545 4999 ἀμφ’
1578 4925 1742 4980 αὑτὸν
1796 4925 1956 4978 δυνά-

384 5053 505 5107 μεις
567 5035 624 5086 ὲν
654 5033 730 5103 τῷ
769 5031 835 5101 δὴ
864 5029 1142 5100 λεγομένῳ
1181 5025 1550 5093 Μονόκαρτον,
1581 5019 1640 5074 ἐν
1675 5015 1958 5088 ἀγχιθύρῳ

382 5127 801 5194 Κωνσταντίνης
830 5125 930 5194 τῆς
961 5121 1191 5182 πόλεως.
1225 5118 1381 5171 ’Ἐστι
1405 5113 1514 5184 γάρ
1543 5112 1714 5182 δήπου
1743 5109 1809 5162 τὰ
1834 5109 1961 5178 περὶ

380 5221 444 5270 τὸ
476 5217 828 5284 Μονόκαρτον
869 5212 1086 5266 ἅπαντα
1139 5207 1336 5277 ἕνυδρά
1385 5223 1445 5259 τε
1498 5203 1594 5258 καὶ
1626 5201 1897 5256 ἱππόϐοτα
1924 5199 1970 5230 ³⁵
2071 5196 2218 5249 circa

389 5311 488 5367 καὶ
515 5309 737 5380 στρατῷ
770 5301 1210 5376 ὲνσκηνήσασθαι
1255 5297 1457 5366 ἀγαθά.
1489 5294 1645 5348 Οὕτω
1681 5296 1779 5363 μὲν
1829 5284 1976 5344 οὗτοι
2074 5288 2256 5351 moda,

2019 524 2239 577 minime
2269 523 2549 589 honestas,
2590 523 2699 577 imo
2725 521 3094 576 Romanorum
3139 521 3297 574 rebus
3332 536 3397 574 ex
3445 523 3593 575 omni

2018 626 2168 686 parte
2193 617 2487 673 damnosas
2537 626 2590 671 et
2624 617 2844 671 inutiles
2892 615 3055 676 ferre,
3089 615 3394 683 suspicatus
3451 624 3589 678 erat,

2020 710 2103 764 his
2132 711 2312 765 verbis
2340 711 2582 765 invectus
2608 724 2729 764 esse
2765 707 2936 764 fertur
2968 725 2982 762 :
3017 707 3279 776 «Moenia,
3316 717 3368 758 et
3399 717 3590 772 portae,

2016 812 2070 853 et
2130 800 2297 865 alittd,
2332 817 2364 855 ο
2417 801 2542 866 viri,
2586 799 2983 854 munimentum
3018 800 3215 866 poterit
3266 797 3484 866 quidem
3541 805 3598 850 et

2020 897 2208 950 urbem
2247 905 2301 949 et
2333 897 2640 950 universam
2697 893 3088 962 rempublicam
3130 892 3266 946 tueri
3301 909 3312 944 :
3344 890 3436 944 sed
3490 905 3596 959 qua

2019 987 2329 1042 conditione
2382 987 2416 1040 ii
2445 1000 2503 1038 se
2534 987 2790 1050 habeant,
2829 985 2920 1054 qui
2976 983 3173 1038 inclusi
3227 982 3596 1044 centinentur,

2020 1095 2124 1134 non
2190 1079 2346 1133 facile
2386 1077 2643 1131 occultari
2680 1086 2875 1145 potest.
2926 1076 3092 1129 Fama
3119 1075 3262 1129 enim
3305 1073 3358 1126 in
3416 1071 3598 1124 muni-

2019 1169 2120 1222 bus
2171 1168 2331 1222 rebus
2365 1165 2693 1230 dominatur,
2751 1173 2806 1218 et
2843 1164 2924 1217 vel
2965 1179 3050 1228 ea,
3105 1179 3227 1232 qua:
3282 1160 3596 1215 abscondita

2020 1275 2141 1313 esse
2170 1259 2492 1313 videbantur
2526 1256 2809 1311 hominum
2845 1255 3090 1318 auribus,
3142 1254 3280 1306 sicut
3308 1266 3513 1305 merces
3542 1251 3596 1302 in

2022 1350 2137 1404 iuro
2166 1350 2523 1418 emptoribus,
2557 1346 2796 1417 CXpODil.
2857 1344 3220 1409 Quamobrem
3250 1353 3303 1396 et
3327 1357 3422 1396 nos
3447 1350 3598 1394 certo

2021 1444 2243 1508 scimus,
2296 1441 2599 1495 Romanum
2659 1437 2947 1507 imperium
2991 1451 3114 1490 cum
3148 1434 3331 1489 multis
3389 1432 3602 1501 populis

2021 1532 2164 1588 bello
2191 1531 2538 1588 contendere.
2571 1539 2624 1584 et
2668 1543 2764 1600 per
2791 1529 3076 1598 plerasque
3106 1535 3262 1584 terra:
3301 1539 3424 1578 oras
3452 1537 3599 1576 arma

2022 1622 2399 1679 circumferre.
2437 1621 2511 1676 Ex
2562 1636 2667 1692 quo
2696 1620 2776 1683 fit,
2805 1628 2860 1671 ιιι
2896 1617 3013 1690 ejus
3067 1616 3235 1686 cupias
3262 1615 3369 1670 late
3395 1614 3605 1681 disper-

2026 1735 2100 1774 sa:
2139 1721 2247 1773 sint
2304 1717 2568 1771 adversus
2619 1712 3043 1786 unumquodque
3083 1709 3195 1764 fere
3239 1704 3601 1760 Barbarorum

2029 1827 2217 1882 genus.
2254 1810 2323 1864 At
2349 1823 2474 1863 vero
2505 1805 2734 1865 Romani
2772 1806 2954 1861 sciunt
3006 1812 3252 1857 nostrum
3284 1798 3594 1868 imperium,

2030 1918 2134 1959 non
2168 1907 2283 1957 sine
2315 1901 2546 1966 ratione,
2579 1913 2702 1952 cum
2757 1896 2901 1950 nullo
2930 1893 3034 1948 alio
3062 1891 3342 1948 hominum
3386 1899 3604 1956 genere,

2028 2011 2188 2066 quam
2235 2007 2359 2048 cum
2397 1991 2674 2054 Romanis,
2735 1986 2934 2043 bellum
2963 1999 3173 2054 gerere.
3236 1981 3424 2047 Itaque
3473 1991 3608 2046 quo-

2031 2089 2176 2143 niam
2231 2101 2326 2140 vos
2376 2098 2500 2140 cum
2560 2080 2743 2135 multis
2795 2077 3048 2148 gentibus
3086 2073 3227 2129 bello
3272 2069 3605 2132 deeertatis,

2031 2178 2187 2235 nobis
2245 2187 2423 2232 autem
2457 2189 2578 2230 cum
2608 2170 2760 2228 vobis
2796 2169 2926 2224 solis
2963 2165 3163 2221 bellum
3203 2171 3310 2223 est.
3346 2161 3411 2213 ad
3467 2158 3610 2211 hunc

2032 2273 2250 2331 modum
2285 2269 2450 2326 etiam
2483 2265 2712 2321 induciae
2744 2259 3006 2316 facienda:
3034 2263 3180 2318 sunt.
3217 2250 3350 2305 Nam
3380 2244 3606 2311 Romani

2033 2383 2093 2425 se
2147 2365 2388 2420 victuros
2455 2374 2574 2415 esse
2627 2356 2902 2413 confidunt
2942 2393 2958 2417 ,
3019 2349 3182 2405 etiam
3241 2359 3362 2399 cum
3427 2338 3611 2394 multis

2033 2458 2386 2520 nationibus,
2433 2461 2486 2509 et
2547 2459 2733 2506 contra
2784 2460 2948 2500 unum
2989 2443 3280 2496 Persarum
3329 2430 3609 2500 imperium

2032 2552 2231 2610 bellum
2265 2555 2540 2620 gerentes,
2566 2542 2707 2598 sicut
2733 2538 2891 2593 nobis
2925 2545 3073 2591 certa
3098 2529 3481 2600 explorataque
3510 2521 3614 2573 erit

2035 2641 2288 2706 victoria,
2318 2635 2754 2708 quandoquidem
2783 2645 2904 2685 cum
2935 2625 3102 2681 nullis
3131 2621 3273 2684 aliis,
3301 2632 3459 2687 quam
3491 2627 3612 2666 cum

2036 2736 2167 2793 solis
2212 2731 2471 2787 Romanis
2501 2769 2515 2793 ,
2570 2725 2726 2780 nobis
2779 2720 2884 2775 erit
2929 2728 3204 2772 certamen
3243 2728 3256 2776 ;
3313 2717 3368 2762 et
3423 2715 3612 2759 contra

2037 2841 2205 2883 unum
2261 2821 2620 2886 eumdemque
2653 2817 2863 2870 hostem
2915 2823 3084 2864 unum
3127 2805 3375 2870 idemque
3415 2795 3613 2851 bellum

2038 2918 2390 2973 iustruemus.
2434 2929 2450 2959 ι
2491 2908 2620 2974 Quae
2653 2921 2774 2959 cum
2819 2902 3063 2970 Audigan
3100 2897 3366 2956 dicentem
3405 2887 3610 2942 Zacha-

2038 3008 2150 3072 rias
2211 3001 2487 3063 audiisset,
2539 2995 2740 3050 dicitur
2790 2989 3080 3045 subrisisse
3134 2995 3188 3038 et
3237 2983 3307 3036 ita
3357 2979 3612 3033 locutus:

2045 3070 2243 3150 .Bene
2301 3091 2395 3146 tibi
2425 3089 2517 3154 sit,
2573 3101 2606 3138 o
2649 3082 2920 3153 Audigan,
2983 3087 3037 3132 et
3094 3072 3297 3129 homini
3333 3073 3385 3124 in
3431 3066 3619 3122 Persia

2042 3199 2192 3250 nato,
2240 3186 2332 3256 qui
2381 3178 2718 3238 fortitudinis
2761 3183 2817 3230 et
2863 3170 3079 3226 virtutis
3105 3163 3476 3233 testimonium
3511 3159 3621 3212 Ro-

2043 3280 2218 3336 manis
2243 3276 2473 3347 praebes,
2511 3284 2685 3338 neque
2717 3282 2747 3320 a
2772 3264 3000 3321 veritate
3034 3261 3278 3314 aberras.
3306 3253 3420 3317 Nisi
3449 3251 3616 3314 enim,

2045 3379 2100 3423 ut
2150 3367 2305 3429 dicis,
2352 3361 2578 3423 Romani
2632 3365 2905 3428 ingentem
2937 3349 3342 3407 multitudinem
3398 3358 3617 3398 suorum

2042 3459 2378 3517 exercituum
2434 3456 2500 3508 ad
2567 3452 2673 3506 tam
2727 3447 2923 3503 multas
2979 3452 3168 3514 gentes
3209 3449 3367 3493 terrae
3430 3442 3620 3488 exten-

2046 3554 2272 3616 dissent,
2299 3557 2353 3604 et
2379 3546 2570 3616 copiis,
2595 3552 2852 3610 tanquam
2881 3546 3066 3608 ponte,
3107 3546 3256 3586 mare
3285 3527 3623 3599 iunxissent,

2046 3657 2102 3702 et
2151 3657 2338 3699 omnes
2375 3649 2548 3694 terras
2600 3632 2852 3705 przeseuti
2907 3626 3134 3697 imperio
3189 3620 3622 3679 continuissent:

2050 3737 2178 3807 quid
2232 3733 2512 3792 existimas
2561 3727 2760 3781 Persas
2794 3736 3070 3792 passuros,
3107 3725 3199 3771 aut
3238 3714 3470 3783 quandiu
3527 3710 3627 3770 hoc

2048 3801 2189 3884 bello
2239 3821 2517 3879 tolerando
2567 3830 2726 3888 pares
2771 3812 2980 3865 futuros
3033 3809 3197 3861 fuisse
3247 3805 3270 3855 ?
3323 3801 3441 3855 Iam
3487 3814 3630 3852 nunc

2052 3899 2224 3989 ipsum
2254 3928 2445 3968 nomen
2479 3907 2748 3962 Persicum
2768 3915 2888 3956 eum
2924 3896 3102 3951 Persis
3143 3892 3482 3946 interiturum
3509 3904 3630 3939 cos-

2053 3977 2159 4077 que
2190 4003 2334 4059 nulla
2389 3999 2492 4053 alia
2516 4012 2595 4062 re,
2620 4008 2781 4064 quam
2836 3998 3035 4044 aeterna
3069 3981 3360 4044 oblivione,
3398 3977 3634 4029 victuros

2055 4065 2242 4154 fuisse.
2273 4112 2292 4144 ι
2342 4091 2465 4145 llaec
2511 4087 2598 4141 ubi
2643 4084 2789 4138 dicta
2831 4088 2955 4134 sunt
2984 4094 3010 4128 a
3039 4069 3303 4128 Zacharia
3333 4109 3348 4135 ,
3390 4065 3632 4135 Andigau

2056 4191 2187 4246 satis
2217 4184 2431 4243 silentio
2459 4177 2736 4242 iudicavit,
2769 4189 2828 4230 se
2857 4169 3086 4226 dicendo
3125 4183 3156 4221 a
3183 4161 3444 4219 Zacltaria
3473 4175 3634 4227 Supe‘

2058 4293 2257 4339 ratum.

1987 4463 2035 4522 ι)

2139 4555 2276 4609 Dum
2299 4554 2478 4603 autem
2521 4541 2662 4596 inter
2694 4547 2753 4590 se
2781 4531 3240 4599 colloquerentur,
3268 4519 3640 4581 Tachosdrus,

2063 4646 2351 4704 Persarum
2382 4640 2513 4700 dux,
2555 4645 2677 4688 cum
2713 4622 2951 4682 exercitu
2994 4617 3210 4673 Persico
3247 4619 3421 4668 castra
3465 4610 3645 4663 liabe‘

2064 4700 2157 4794 bat
2185 4735 2250 4788 ad
2291 4727 2631 4800 Mygdonium
2682 4733 2916 4781 amnem,
2965 4710 3120 4781 173
3165 4710 3308 4763 circa
3338 4701 3562 4758 Nisibin:
3593 4700 3643 4751 in

2064 4826 2271 4894 campis
2304 4797 2542 4890 equestri
2576 4827 2767 4885 pugna:
2793 4819 2845 4865 et
2875 4807 3064 4860 alendo
3093 4797 3352 4869 equitatui
3386 4805 3641 4865 perquam

2066 4889 2405 4989 Opportunis.
2453 4903 2744 4961 Mauricius
2790 4913 2916 4954 vero
2961 4895 3103 4946 vallo
3162 4889 3467 4945 continebat
3521 4896 3648 4935 suos

2069 4985 2267 5067 milites
2304 5005 2357 5060 in
2407 5001 2547 5064 loco,
2592 5011 2750 5066 quem
2798 4999 2992 5046 vocant
3040 4985 3431 5043 Mouocartum,
3486 4988 3649 5042 pmpe

2073 5109 2257 5172 portas
2318 5094 2467 5149 urbis
2514 5085 2900 5144 Constantium.
2942 5079 3078 5133 Sunt
3122 5073 3264 5128 enim
3298 5066 3474 5124 omnia
3534 5064 3648 5118 loca

2257 5187 2625 5242 Monocartum
2652 5191 2853 5247 aquosa
2877 5185 2927 5228 et
2956 5182 3215 5239 equormn
3243 5159 3475 5232 pastioni
3503 5170 3651 5210 com.

1760 5448 1996 5507 VARIA‘J
2022 5441 2432 5504 LECTIO‘NES.

468 5617 506 5646 ¹¹¹
531 5613 809 5683 Ζαχαρίαν
842 5611 935 5665 Ν..
985 5607 1230 5683 Ζαχαρία⁵
1281 5605 1423 5673 vulg.
1505 5602 1629 5683 "__06
1650 5599 1788 5680 .add.
1848 5597 1913 5650 Ν.

393 5687 480 5741 ed.
509 5680 668 5750 Boni,
692 5680 916 5750 paulum
949 5680 1200 5750 mutilata
1225 5683 1458 5750 exstant:

397 5741 712 5820 νενικῆτθαί
746 5752 834 5817 ιι,
876 5750 952 5819 τῷ
976 5767 1081 5802 νεν.
1114 5747 1258 5817 vulg.
1339 5746 1380 5775 “
1414 5743 1714 5812 Μαγδόιιον
1737 5741 1876 5809 vulg.

1992 5595 2035 5626 20
2069 5591 2245 5646 Ver-ba
2291 5606 2303 5641 :
2346 5586 2503 5656 φήμη
2525 5610 2592 5656 :-_-
2618 5606 2688 5656 -—_-
2708 5573 2842 5656 ὅξνια
2881 5568 2946 5654 ,ἰιι
2978 5567 3137 5656 Haec.
3172 5561 3238 5656 tlte
3264 5566 3420 5656 sunt;
3441 5570 3473 5623 p

1538 5673 1579 5704 ¹¹
1615 5671 1712 5736 τῆς
1739 5684 1847 5722 om.
1902 5667 2048 5732 vulg.

1955 5727 2305 5787 "his-7.655112
2338 5727 2456 5779 l‘ar.

3481 5594 3494 5608 .
3524 5549 3648 5605 565.

2141 5619 2705 5728 ῗ²υὲέεᾷἓιῗέ⁸ιςευξε
2743 5643 2828 5705 u.,
2875 5631 3252 5708 ἦπειριέζευξε
3296 5619 3456 5697 vutg:
3517 5619 3654 5673 ητδ

2294 5292 2349 5337 et
2374 5275 2635 5336 exercitui
2679 5271 2778 5327 sub
2810 5267 3037 5340 pellibus
3091 5257 3338 5316 habendo
3377 5262 3520 5321 apta.
3569 5247 3648 5302 Ad
3747 5257 3769 5278 κ
