3954 6210
425 271 533 333 923

1324 270 1717 333 EXCERPTA
1744 263 1853 329 EX
1890 267 2318 333 MENANDRU
2351 265 2843 327 PROTECI‘ORE

3564 264 3699 325 92$

432 383 576 437 hunc
606 380 822 435 modum
860 380 937 435 illi
957 374 1193 436 se'fossa
1224 390 1279 436 et
1301 381 1441 434 vallo
1467 380 1801 436 munierant.
1834 380 2006 435 Caele.

2115 378 2569 447 ὲπεταφρεύοντο.
2619 377 2788 447 ’Δτὰρ
2837 377 2867 429 ό
2903 375 3150 443 ’Δνδίγαν
3202 374 3285 428 ἔτι
3333 372 3703 445 ξυνεστώσης

429 490 551 531 rum
589 473 859 542 Andigan.
886 472 1011 525 dum
1046 471 1221 527 adhuc
1242 471 1300 527 in
1329 470 1565 526 concilio
1585 478 1790 535 essent,
1821 483 2009 525 exter-

433 580 554 620 rere
582 563 902 618 Zachariam
929 570 984 616 et
1009 562 1264 617 deludere
1291 571 1374 616 est
1408 576 1697 631 aggressus
1730 577 1745 616 :
1776 576 1838 616 se
1864 561 2008 617 enim

431 654 605 709 solum
653 651 1037 721 impedimento
1093 651 1262 707 fuisse
1322 650 1674 719 praedicabat,
1722 649 2011 718 quominus

434 740 778 796 Tacliosdrus
800 754 991 794 omnes
1022 738 1396 797 Romanorum
1419 752 1581 809 agros
1615 737 1724 808 igni
1759 735 2011 806 ferroque

433 831 829 902 proscinderet.
856 829 992 883 Tum
1044 829 1183 884 forte
1216 831 1403 884 eodem
1450 837 1716 898 tempore,
1754 843 1862 899 quo
1885 844 2009 883 eum

433 926 524 978 illo
558 923 717 977 verba
753 922 1021 988 faciebat,
1049 937 1113 975 ex
1138 921 1440 991 composito
1472 920 1522 973 iu
1567 935 1755 974 eorum
1785 934 2011 989 conspee

431 1024 577 1069 ctum
615 1014 759 1067 venit
804 1028 938 1065 unus
978 1027 1043 1067 ex
1095 1011 1214 1075 his,
1245 1026 1472 1080 quorum
1521 1018 1648 1063 sunt
1682 1019 1862 1078 partes
1886 1009 2009 1064 citis

432 1107 587 1175 cquis
639 1104 977 1174 adequitare,
1030 1114 1085 1158 et
1138 1103 1353 1159 nuntios
1401 1117 1670 1172 equorqu
1724 1101 2012 1155 velocitate

434 1198 694 1266 perferre,
743 1197 833 1266 qui
881 1210 942 1251 se
972 1211 1002 1249 a
1039 1193 1356 1248 Tachosdro
1397 1194 1624 1251 missum
1671 1193 1927 1261 tingebat.
1960 1192 2009 1247 is

432 1286 677 1355 Andigan
717 1294 926 1338 secreto
966 1282 1207 1345 abducit,
1252 1290 1309 1336 et
1342 1281 1646 1351 epistolam,
1695 1290 1949 1350 tanquam
1977 1298 2009 1334 a

434 1374 744 1427 'l‘acltosdro
769 1373 1048 1437 scriptam,
1070 1372 1255 1424 tradit.
1279 1370 1392 1428 Hac
1418 1370 1823 1434 continebatur,
1853 1385 2009 1425 exer-

433 1462 600 1516 citum
638 1462 924 1517 Persarum
956 1462 1175 1517 minime
1214 1460 1481 1514 contineri
1520 1475 1701 1531 posse,
1735 1460 1862 1530 quin
1905 1458 2012 1516 Ro-

436 1567 719 1605 manorum
755 1563 926 1606 terras
957 1552 1173 1605 invadat
1203 1560 1256 1606 et
1295 1551 1347 1605 in
1393 1565 1489 1605 eas
1523 1552 1788 1621 impetum
1826 1551 2011 1607 faciat.

2109 469 2209 539 τῆς
2242 467 2543 539 ἐκκλησίας
2578 467 2780 537 ἐχρᾶτο
2811 466 2907 521 καὶ
2938 448 3153 528 ίπτοίαις
3182 463 3296 517 τισὶ
3337 464 3435 518 καὶ
3456 481 3708 532 ipsum-

2112 560 2288 628 σμοῖς,
2329 557 2579 628 Ζαχαρία
2615 555 2919 626 ύποδηλῶν,
2957 555 3032 617 ὡς
3093 554 3258 616 αὐτὸς
3318 556 3404 624 εἴη
3455 556 3635 623 μόνος
3672 556 3711 608 δ

2110 648 2432 706 διακωλύων
2450 648 2541 702 τὸν
2564 646 2862 718 Ταχοσδρὼ
2897 645 2996 717 τὴν
3036 647 3355 717 Ῥωμαϊκὴν
3388 647 3494 716 γῆν
3515 663 3709 701 κατα.-

2111 743 2291 795 σείσαι
2318 739 2560 793 ἃπασαν.
2595 738 2769 807 Τυχδν
2815 738 2945 810 γὰρ,
2978 738 3037 790 ἐν
3087 731 3131 804 ᾧ
3181 736 3569 806 διαλεγόμενος
3605 733 3711 807 ἦν,

2109 829 2429 901 ἀνεφαίνετό
2461 846 2544 893 τις
2572 827 2780 881 τούτων
2818 827 2883 899 δὴ
2917 827 3025 882 τῶν
3066 828 3129 891 ἐς
3176 827 3345 896 τάχος
3373 828 3711 896 ίππαζομέ-

2109 940 2215 977 νων
2245 939 2308 975 τε
2333 921 2552 983 καὶτὰς
2581 918 2842 988 ἀγγελίας
2872 918 2948 990 τῷ
2974 919 3133 989 τάχει
3184 918 3293 970 τῶν
3330 918 3519 970 ἵππων
3567 918 3709 971 Sua

2108 1012 2464 1082 κομιζόντων,
2496 1011 2865 1077 πλαττόμενος
2880 1011 2945 1061 ἐκ
2971 1006 3067 1060 τοῦ
3090 1006 3384 1078 Ταχοσδρὼ
3403 1006 3706 1065 ἐστάλθαι,

2111 1104 2219 1156 Καὶ
2245 1102 2309 1173 δὴ
2342 1101 2434 1156 τὸν
2469 1100 2717 1168 Ἀνδίγαν
2778 1099 2890 1169 ἰδίᾳ,
2935 1097 3227 1169 λαμϐάνων
3275 1095 3579 1169 ἐνεχείριζε
3651 1095 3709 1151 οἱ

2110 1192 2421 1263 ἐπιστολὴν,
2470 1194 2529 1246 ἐν
2585 1186 2621 1265 ᾗ
2678 1190 2987 1259 ἐνεφέρετο,
3049 1189 3125 1252 ὡς
3179 1187 3471 1260 Ταχοσδρὼ
3527 1187 3711 1256 δῆθεν.

2113 1283 2477 1352 γεγραφότος,
2529 1278 2619 1339 οἷα
2661 1280 2968 1354 ἀκαθόκτου
2993 1280 3039 1313 ²⁶
3089 1278 3257 1349 οὔσης
3301 1279 3401 1348 τῆς
3460 1278 3702 1348 Περσῶν

2111 1377 2393 1445 στρατιᾶς.
2431 1374 2581 1446 μάλα
2605 1390 2665 1426 τε
2700 1370 2960 1443 ὁρμώσης
2989 1370 3090 1441 μιν
3118 1371 3182 1441 δὴ
3214 1368 3472 1439 ἐμϐαλεῖν
3503 1371 3561 1431 ἐς
3596 1369 3707 1437 τὴν

2126 1465 2462 1535 Ῥωμαϊκήν.
2520 1460 2758 1517 Τοιαῦτα
2820 1460 3162 1533 ψευδομέὶῠις
3214 1458 3312 1529 τῆς
3371 1459 3709 1528 επιστολῆςσ

2114 1554 2469 1631 συνεψεύδετο
2495 1555 2608 1616 τοῖς
2644 1550 3055 1623 γεγραμμένοις
3098 1549 3195 1607 καὶ
3240 1551 3277 1605 ό
3307 1551 3614 1619 κονιορτὸς,
3638 1550 3701 1612 ὃς

434 1641 571 1698 lluic
615 1644 857 1698 mendaci
893 1642 1135 1711 epistolae
1170 1651 1226 1697 et
1278 1642 1382 1708 his,
1419 1658 1539 1712 qua:
1582 1644 1633 1696 in
1671 1644 1762 1698 illa
1809 1644 2009 1712 scripta

2115 1645 2190 1717 τῷ
2216 1642 2739 1715 ἁγγελιαφόρῳ,ἆ.τε
2775 1643 2899 1712 ἄρτι
2938 1641 3229 1711 ἀφιγμένῳ
3262 1642 3326 1694 ἐκ
3352 1641 3451 1710 τῆς
3478 1640 3708 1693 ὁδοιπος

434 1743 613 1799 erant,
632 1733 961 1803 congruebat
984 1733 1178 1803 pulvis,
1202 1735 1291 1804 qui
1312 1736 1528 1801 nuntio,
1548 1744 1801 1805 tanquam
1822 1748 2014 1791 recens

2116 1703 2785 1808 ρίαςίσυμπεπλασμὲνος
2814 1703 2901 1788 ’τε
2928 1703 3023 1789 καὶι
3051 1703 3314 1798 ἐνιζιίνων
3349 1703 3521 1797 πολὺς
3560 1736 3701 1802 περὶ

432 1826 498 1879 de
524 1827 606 1879 via
655 1826 989 1892 adventanti,
1015 1840 1081 1880 ex
1099 1824 1316 1882 fictione
1336 1826 1546 1895 capillis
1578 1827 1775 1884 multus
1815 1829 2010 1883 inerat.

432 1917 677 1986 Andigau
703 1933 921 1987 quoque
948 1932 1070 1972 enm
1100 1918 1287 1972 nuntio
1308 1917 1606 1982 disserens,
1632 1919 1838 1974 vultum
1860 1934 2014 1976 cum.

431 2007 684 2075 ponebat,
720 2017 775 2060 et
817 2007 961 2062 omni
1002 2009 1245 2077 corporis
1291 2017 1438 2061 motu
1477 2007 1792 2074 simulabat,
1823 2024 1882 2065 se
1913 2010 2017 2064 mi.

432 2097 578 2152 nime
614 2097 811 2152 bellum
851 2106 1128 2168 appetere.
1170 2097 1237 2151 Et
1260 2098 1420 2168 paulo
1470 2109 1587 2169 post
1633 2114 1758 2155 cum
1803 2101 1869 2155 ad
1896 2100 2010 2157 col-

431 2189 669 2260 loquium
701 2186 970 2257 retliisset,
994 2189 1271 2245 Zachariae
1307 2190 1461 2255 dixit,
1486 2192 1590 2249 sibi
1621 2193 1851 2249 molesta
1870 2209 2010 2261 esse,

430 2295 553 2345 quae
589 2297 620 2336 a
651 2281 969 2338 Tachosdro
998 2283 1414 2338 nuntiarentur:
1439 2286 1638 2340 etenim
1671 2301 1769 2355 per
1800 2285 2013 2343 litteras

429 2374 762 2444 signiﬁcare.
808 2376 1183 2432 incredibilem
1228 2391 1348 2431 esse
1388 2374 1593 2433 Persici
1635 2380 1906 2435 exercitus
1944 2381 2011 2435 ad

428 2464 781 2535 pugnandum
827 2464 1182 2530 alacritatem,
1221 2478 1340 2534 quae
1369 2465 1517 2521 nullo
1546 2467 1706 2521 modo
1728 2469 2015 2538 comprimi

429 2565 636 2623 posset.
672 2557 937 2613 Constare
968 2556 1262 2614 Persarum
1299 2560 1470 2613 aciem
1517 2558 1698 2614 multis
1732 2560 2011 2617 hominum

433 2649 692 2715 millibus,
747 2653 943 2721 quibus
985 2651 1117 2707 nihil
1159 2653 1312 2709 aliud
1354 2654 1425 2707 sit
1453 2653 1507 2707 iu
1533 2652 1740 2720 animo,
1769 2667 1929 2720 quam
1953 2653 2015 2726 in

430 2740 795 2795 Romanorum
828 2742 964 2797 ﬂues
998 2744 1255 2814 impetum
1289 2745 1492 2810 facere,
1519 2730 1721 2815 eosque
1751 2745 1861 2816 igni
1899 2745 2010 2802 fer-

430 2844 599 2900 roque
623 2839 876 2899 vastare;
909 2833 1030 2888 illos
1059 2834 1278 2904 quidem
1314 2836 1481 2891 armis
1511 2843 1938 2906 temperaturos,
1965 2840 2015 2895 si

428 2919 658 2975 Romani
689 2935 754 2977 ea
781 2922 1112 2993 conditione,
1143 2941 1250 2996 qua
1280 2926 1458 2983 Persae
1482 2927 1772 2996 voluerint,
1806 2928 2010 2986 foedera

2110 1831 2210 1901 τὴν
2240 1829 2416 1899 κόμην
2447 1828 2712 1898 ὑπῆρχεν.
2741 1826 2898 1899 ’Δμα
2919 1826 2977 1880 δὲ
3008 1827 3109 1880 καὶ
3134 1827 3163 1880 ὁ
3211 1825 3459 1893 Ἀνδίγαν
3511 1826 3707 1880 διαλε-

2111 1920 2343 1989 γόμενος
2368 1917 2445 1988 τῷ
2475 1917 2597 1988 seu
2632 1916 2981 1986 ὑπεκρίνετοἰ
3025 1915 3123 1969 καὶ
3169 1918 3236 1985 τῇ
3289 1915 3422 1987 ἄλλῃ
3472 1918 3698 1986 κινήσει

2111 2011 2205 2065 τοῦ
2239 2008 2489 2080 σώματος
2519 2008 2850 2076 ὑπεφαίνετο
2881 2001 2972 2061 οἷα
3009 2005 3084 2076 μὴ
3111 2004 3395 2076 ἐφιέμενος
3422 2006 3691 2075 πολέμου.

2113 2102 2188 2156 Τὸ
2228 2101 2367 2172 μετὰ
2393 2100 2568 2159 ταῦτα
2592 2097 2736 2153 κατὰ
2756 2098 2822 2171 δὴ
2866 2099 2958 2155 τὸν
2983 2096 3240 2165 ξύλλογον
3276 2098 3468 2150 ἑαυτὸν
3490 2098 3694 2168 ἀναμι-

2111 2193 2265 2266 γνὺς,
2292 2192 2391 2246 καὶ
2421 2191 2629 2260 ἔφασκε
2678 2188 2954 2260 Ζαχαρία,
3009 2188 3086 2252 ὡς
3134 2187 3399 2258 ἐνοχλοῖτο
3458 2188 3568 2241 ὑπὸ
3603 2188 3694 2241 τοῦ

2113 2282 2407 2354 Ταχοσδρὼ
2434 2284 2528 2336 καὶ
2564 2284 2640 2345 ὡς
2679 2281 2954 2353 ἐσήμηνεν
2996 2282 3070 2344 οί,
3100 2278 3201 2350 τὴν
3234 2281 3545 2351 προθυμίαν
3599 2281 3701 2334 τοῦ.

2115 2373 2347 2444 στρατοῦ
2374 2369 2516 2426 εἶναι
2538 2371 2834 2442 ἀφόρητον,
2865 2368 3283 2440 ἐγχαλινώσθαί
3315 2386 3375 2422 τε
3402 2369 3692 2432 ἀδύνατον,

2111 2464 2272 2518 τοῦτο
2297 2465 2396 2533 μὲν
2420 2465 2477 2517 ἐν
2500 2462 2728 2528 πολλαῖς
2754 2462 2983 2532 μυριάσι
3005 2461 3403 2531 ξυνισταμένης
3420 2464 3517 2531 τῆς
3552 2463 3699 2531 Περ-ι

2115 2556 2275 2623 σικῆς
2302 2555 2608 2623 δυνάμεως,
2645 2553 2806 2607 τοῦτο
2843 2553 2900 2606 δὲ
2949 2552 3040 2606 καὶ
3074 2553 3132 2614 ἐς
3161 2550 3228 2605 τὰ
3271 2551 3506 2621 μάλιστα
3535 2553 3703 2621 tege-

2114 2664 2213 2717 νης
2245 2648 2344 2717 τὴν
2388 2646 2678 2716 Ῥωμαίων
2718 2644 2941 2705 ἃπασαν
2993 2643 3086 2696 καὶ
3115 2643 3178 2713 δὴ
3209 2643 3522 2713 παραυτίκα
3554 2662 3699 2715 πυρ-

2112 2737 2407 2805 πολήσειψ
2445 2737 2540 2791 καὶ
2569 2736 2666 2802 ὡς,
2715 2737 2765 2789 εἰ
2819 2736 2918 2805 μὲν
2957 2736 3217 2807 Ῥωμαῖοι
3289 2736 3520 2799 ἕλοιντο,
3568 2737 3703 2791 καθ““

2112 2826 2171 2887 δν
2236 2826 2304 2880 ἂν
2344 2826 2620 2898 βούλοιντο
2666 2825 2867 2897 τρόπον
2930 2826 3157 2897 Πέρσαι,
3213 2825 3532 2895 ἐμπεδῶσαι
3597 2828 3695 2891 τὰς

2116 2918 2372 2983 σπονδὰς,
2415 2917 2715 2987 ἀφέξεσθαι
2776 2916 2885 2973 τῶν
2927 2918 3144 2972 ὃπλων·
3174 2919 3226 2971 εί
3270 2918 3327 2972 δέ
3374 2935 3439 2987 γε
3480 2920 3541 2974 οὐ
3574 2920 3701 2991 eos.

430 3010 677 3066 fecerint.
733 3013 831 3069 Sin
872 3017 1196 3083 recusariut,
1245 3034 1306 3074 se
1339 3018 1442 3074 illis
1490 3020 1903 3089 permissurum,
1954 3031 2013 3076 ut

2115 3008 2314 3074 λοιντο,
2343 3007 2717 3080 ξυγχωρήσειν
2745 3007 2895 3078 αὐτῷ
2926 3007 3190 3079 ἐμϐαλεῖν
3241 3010 3596 3080 παραχρῆμα
3640 3014 3693 3075 ἐς

427 3100 704 3159 Romanos
731 3104 798 3159 ad
832 3106 1097 3163 orientem
1130 3111 1572 3181 aggrederentur.
1610 3111 1764 3178 Quod
1795 3113 1839 3168 si
1865 3114 2016 3169 acci-

427 3196 538 3259 dat,
561 3192 836 3253 Bomanos
860 3213 927 3252 ne
942 3200 1127 3255 auditu
1141 3201 1356 3270 quidem
1379 3202 1495 3272 ipso
1515 3203 1802 3273 strepitqu
1822 3206 2006 3275 phare-

429 3295 634 3339 trarum
679 3282 908 3343 Persicae
954 3291 1312 3347 multitudinis
1360 3301 1703 3350 sustenturos
1754 3310 1905 3353 esse.
1946 3281 2010 3348 Ni

430 3376 649 3443 faciant,
687 3378 877 3432 timere
929 3393 995 3433 ne
1028 3381 1082 3433 in
1143 3395 1203 3436 se
1253 3381 1391 3435 iram
1438 3383 1580 3452 regis
1643 3385 1725 3438 sui
1767 3400 2013 3441 commo-

427 3481 593 3525 Vcaut
613 3510 628 3534 ,
662 3473 805 3541 quod
827 3482 977 3525 tanto
996 3482 1237 3541 tempore
1252 3475 1562 3529 distulerint
1576 3475 1778 3530 bellum
1799 3492 2008 3545 gerere.

497 3561 577 3613 Ad
610 3560 753 3614 hunc
810 3560 1027 3615 modum
1076 3563 1319 3632 Audigau
1345 3564 1533 3619 doloso
1575 3575 1631 3620 et
1662 3566 2006 3636 magniloquo

427 3650 716 3704 verborum
748 3649 888 3705 fastu
918 3661 1095 3717 utens,
1138 3655 1430 3710 simulabat
1459 3655 1681 3712 minime
1713 3672 1771 3712 se
1796 3658 2011 3714 volente

432 3744 630 3796 bellum
656 3741 793 3807 ﬁeri,
826 3744 967 3812 quod
992 3756 1183 3813 sponte
1211 3755 1524 3814 erupturum
1550 3757 1712 3803 esset.
1750 3747 1883 3804 Cum
1914 3766 2003 3804 au-

429 3841 535 3886 tent
566 3832 858 3886 Zacharias
908 3833 1043 3888 satis
1093 3834 1413 3906 intelligeret
1437 3837 1702 3904 lraudetn,
1735 3854 1855 3908 quae
1876 3842 2009 3895 sub-

428 3934 547 3978 erat
594 3924 697 3990 his,
730 3938 870 4005 .qute
898 3925 1143 3995 Audigau
1179 3926 1413 3992 dixerat,
1440 3937 1492 3982 et
1520 3930 1791 3998 exquisito
1813 3932 2007 3986 verbo-

429 4031 547 4069 rum
577 4024 769 4069 ornatu
801 4016 973 4086 quaeri
998 4019 1234 4072 colorem
1276 4028 1329 4074 et
1352 4030 1668 4090 praetextum
1703 4022 2004 4090 mendacio,

436 4126 454 4156 ι
501 4104 546 4160 Ο
577 4106 846 4177 Andigau,
882 4107 1073 4177 inquit,
1111 4109 1273 4181 174
1310 4125 1416 4165 non
1456 4110 1512 4167 in
1535 4112 1854 4184 decipienda
1881 4130 2008 4185 pru-

428 4196 612 4252 dentia
643 4198 969 4265 declaratur,
1001 4203 1235 4262 maxime
1267 4203 1313 4256 si
1350 4203 1417 4268 is,
1465 4203 1558 4273 qui
1604 4205 1890 4274 decipitur,
1929 4208 2002 4270 id,

427 4289 568 4355 quod
616 4289 816 4360 agitur,
873 4290 1158 4360 intelligat.
1214 4290 1350 4346 Nutu
1396 4294 1541 4349 enim
1585 4296 1868 4352 existimas
1918 4313 2006 4353 me

2119 3100 2217 3170 τὴν
2264 3098 2437 3171 Ἐῴαν
2475 3100 2760 3170 Ῥωμαίων
2782 3117 2796 3132 ·
2816 3100 2937 3155 οὐδέ
2956 3100 3064 3173 γὰρ
3096 3098 3336 3166 ἀνθέξειν
3364 3103 3562 3168 αὐτοὺς
3595 3105 3693 3158 κᾶν

2119 3191 2253 3261 γοῦν
2279 3191 2368 3245 τὸν
2406 3189 2615 3246 κτύπον
2637 3190 2749 3247 τῶν
2773 3191 3063 3263 φαρετρῶν
3093 3188 3188 3245 τοῦ
3235 3192 3509 3264 Περσικοῦ
3531 3193 3697 3247 ἀκού-ι

2120 3283 2310 3339 σεσθαι
2341 3282 2605 3355 πλήθους.
2642 3282 2851 3348 ’Δλλως
2888 3300 2948 3337 τε
2980 3282 3040 3336 δὲ
3066 3283 3296 3341 δεδιέναι
3318 3284 3416 3355 τὴν
3445 3284 3541 3349 τοῦ
3573 3286 3690 3338 κατ’

2118 3374 2319 3437 αὐτοὺς
2370 3373 2635 3445 βασιλέως
2674 3374 2846 3447 ὀργὴν
2877 3375 2935 3438 ἐς
2966 3375 3156 3446 χρόνον
3193 3375 3405 3429 τοσόνδε
3457 3376 3694 3429 ἀναϐαλς

2117 3463 2377 3535 λομένοος
2414 3466 2506 3518 τὸν
2556 3465 2823 3536 πόλεμον.

2188 3555 2346 3610 Οὖτω
2414 3557 2513 3626 μὲν
2557 3553 2652 3612 οὖν
2697 3560 2726 3611 ό
2787 3558 3037 3626 ’Δνδίγαν
3100 3557 3445 3630 δολερὼτατά
3487 3576 3547 3613 τε
3599 3562 3695 3615 καὶ

2116 3644 2557 3707 ἀλαζονικώτατα
2583 3648 2660 3717 τῷ
2682 3647 2876 3720 κόμπῳ
2900 3649 3249 3723 χρησάμενος
3271 3651 3380 3704 τῶν
3406 3652 3690 3722 ζημάτων.

2116 3737 2412 3791 ἐπλάττετο
2455 3738 2636 3792 ἑκοντὶ
2691 3739 2769 3811 μὴ
2827 3740 3150 3811 προσίεσθαι
3205 3740 3300 3795 τοῦ
3356 3741 3595 3813 πολέμου
3637 3745 3703 3797 τὰ

2116 3828 2486 3895 αὐτεξούσιον.
2535 3830 2727 3895 Συνεὶς
2761 3831 2819 3885 δὲ
2858 3832 2951 3885 καὶ
2989 3831 3265 3903 Ζαχαρίας
3305 3832 3366 3886 τὸ
3411 3834 3691 3905 ἀπατηλὸν

2112 3921 2222 3974 τῶν
2249 3923 2586 3996 εἰρημένων,
2621 3923 2714 3976 καὶ
2754 3924 2853 3992 τὴν
2874 3923 3246 3994 κομπολογίαν
3277 3926 3692 3997 παραπέτασμα

2114 4009 2255 4067 εἶναι
2310 4013 2404 4065 τοῦ
2434 4011 2692 4082 ψεύδουςι
2743 4033 2761 4065 ι
2797 4009 2868 4066 Ὢ
2906 4013 3179 4083 ’Δνδίγαν,
3218 4016 3346 4088 ἔφη,
3381 4017 3480 4071 οὐκ
3516 4018 3575 4070 ἐν
3618 4018 3701 4087 τῷ

2116 4105 2332 4179 ἀπατᾷν
2362 4107 2425 4157 τὸ
2454 4105 2684 4176 ἐχέφρον
2720 4103 2997 4174 δηλοῦται,
3056 4107 3291 4176 μάλιστα
3333 4107 3425 4165 τοῦ
3470 4110 3690 4162 ἀπατω-

2118 4197 2281 4267 μένου
2313 4196 2631 4261 ξυνειδότος.
2657 4192 2737 4251 Ἦ
2771 4196 2878 4270 γὰρ
2916 4198 3019 4254 οῐει
3053 4215 3120 4270 με
3158 4198 3234 4271 μὴ
3282 4199 3686 4266 ἐξεπίστασθαι,

2112 4289 2188 4352 ὡς
2222 4287 2522 4360 πλάσματὰ
2550 4290 2666 4342 ἐστι
2694 4287 2762 4341 τὰ
2800 4288 2906 4342 ὑπὸ
2952 4290 3177 4361 Περσῶν
3219 4294 3586 4364 πρασσόμενά
3632 4312 3687 4348 τε

428 4377 706 4447 ignorare,
740 4381 844 4434 ista
890 4382 1092 4446 omnia,
1121 4399 1240 4451 qnte
1273 4383 1452 4439 Persa:
1479 4384 1668 4440 dicunt
1695 4395 1751 4441 et
1780 4387 2005 4454 faciunt,

2117 4383 2211 4434 καὶ
2237 4381 2525 4452 λεγόμενα,
2569 4382 2663 4435 καὶ
2701 4382 2855 4435 οὐδὲν
2890 4382 3078 4453 ἕτερον
3106 4382 3139 4453 ἦ
3168 4383 3389 4454 δόκησις
3414 4385 3512 4438 καὶ
3556 4387 3690 4440 ἁπο-

428 4486 549 4526 esse
592 4487 679 4525 res
726 4472 906 4536 ﬁctas,
937 4487 1115 4541 neque
1159 4473 1329 4542 aliud,
1370 4490 1531 4544 quam
1561 4476 2004 4546 simultationein,

427 4572 483 4616 et
516 4574 663 4617 artes
703 4572 757 4616 et
797 4571 966 4617 tectas
996 4561 1233 4627 fraudes,
1277 4580 1411 4633 quas
1440 4574 1492 4619 tu
1529 4566 1644 4634 ipse
1671 4577 2011 4626 commentus

427 4668 509 4719 cs,
533 4661 589 4704 ut
612 4650 884 4706 Romanos
911 4652 1330 4718 peterrefacias?
1359 4652 1463 4709 Sed
1494 4672 1600 4711 non
1626 4656 1843 4725 faciam,
1875 4658 2010 4717 mihi

428 4742 610 4805 crede,
641 4742 782 4809 quod
814 4742 963 4797 voles
993 4750 1044 4797 et
1080 4742 1175 4798 tibi
1212 4742 1424 4799 libitum
1476 4747 1602 4810 erit.
1646 4746 1718 4802 At
1765 4754 1819 4803 tu
1848 4750 2008 4817 scito,

430 4832 589 4888 initio
621 4832 840 4902 quidem
888 4834 1047 4901 hujus
1082 4833 1206 4889 belli
1246 4834 1501 4892 Retnanis
1543 4854 1706 4909 grave
1733 4849 1787 4895 et
1812 4839 2005 4895 durutn

428 4924 596 4979 fuisse
624 4927 690 4978 ad
738 4940 889 4978 arma
932 4929 1187 4994 gestanda
1222 4928 1493 4983 devenire.
1526 4930 1736 4985 Etenim
1765 4946 1858 4986 vos
1909 4932 2007 4985 dc-

431 5017 631 5087 precati
655 5033 867 5081 sumus,
910 5033 979 5072 ne
999 5033 1064 5073 eo
1097 5034 1207 5075 rem
1240 5019 1608 5086 adduceretis,
1640 5030 1696 5079 ut
1727 5038 1825 5077 nos
1853 5037 2005 5078 arma

430 5122 625 5174 capere
667 5109 954 5179 cogerctis.
998 5108 1151 5164 Tunc
1184 5113 1325 5165 enim
1374 5112 1599 5167 Romani
1640 5114 1706 5168 ad
1739 5116 2005 5172 cessatio-

433 5213 555 5253 nem
591 5212 620 5252 a
644 5198 781 5253 bello
814 5208 922 5254 tam
958 5215 1222 5270 propense
1246 5200 1575 5270 ferebantur,
1612 5212 1670 5258 ut
1693 5205 2005 5276 Apameam,

434 5288 543 5344 imo
578 5298 634 5345 et
674 5291 1015 5346 Antiochiam
1051 5309 1227 5363 usque
1271 5293 1448 5349 Persa:
1490 5310 1610 5351 cum
1662 5310 1824 5351 manu
1858 5297 2004 5352 mili-

432 5377 535 5430 tari
566 5380 835 5449 progressi
882 5380 1013 5436 sint.
1053 5381 1186 5437 Cum
1222 5393 1401 5438 autem
1444 5383 1694 5455 Romani,
1719 5386 1870 5443 vobis
1903 5402 2008 5444 non

433 5468 774 5536 cedentibus,
829 5482 1022 5543 sponte
1069 5474 1367 5544 periculum
1422 5475 1685 5542 subirent,
1735 5478 1876 5534 seire
1913 5494 2009 5535 vos

507 5653 553 5686 ³⁸
584 5654 889 5712 ἀκαθὲκτον
951 5659 1042 5725 H.,
1092 5662 1360 5717 anéxzou
1420 5665 1561 5735 vulg.

2120 4474 2434 4544 σκιάσματα
2470 4475 2563 4529 καὶ
2599 4473 2956 4545 φενακισμοίς
2982 4474 3073 4527 καὶ
3096 4474 3172 4538 ὡς
3198 4475 3262 4528 σὺ
3294 4476 3456 4540 αὐτὸς
3475 4477 3691 4531 ἅπαντα

2115 4566 2287 4622 ταῦτα
2329 4566 2874 4639 ἐδραματούργησας,
2931 4565 3128 4620 ἐννοῶν
3178 4567 3503 4639 ἐκφοϐήσειν
3562 4568 3695 4623 Ῥωη

2121 4660 2346 4731 μαίους;
2372 4658 2447 4723 ὡς
2466 4658 2533 4715 ἂν
2561 4655 2654 4714 οὖν
2679 4658 2857 4731 βούλει
2880 4659 2971 4713 καὶ
2997 4658 3226 4730 ἀρεστόν
3253 4676 3334 4712 σοι
3363 4660 3473 4731 εἴη,
3492 4661 3691 4733 ἐφίημι

2120 4742 2317 4805 ποιεῖν.
2358 4748 2506 4822 Πλὴν
2529 4748 2590 4803 εὖ
2622 4749 2752 4813 ίσθι,
2794 4748 2871 4813 ὡς
2916 4750 2976 4802 ἐν
3003 4749 3203 4820 ἀρχαῖς
3233 4748 3386 4803 τοῦδε
3408 4749 3503 4804 τοῦ
3533 4752 3694 4806 πολέ-

2120 4859 2223 4915 pou
2257 4841 2552 4913 Ῥωμαίοις
2569 4858 2631 4894 τε
2659 4840 2991 4912 ὁπλοφορεῖν
3023 4840 3429 4912 φορτικώτατόν
3457 4860 3509 4895 τι
3532 4842 3693 4909 ἐφαί-

2115 4951 2268 4989 νετο·
2295 4933 2437 4988 ὥστε
2473 4933 2665 5004 ἀμέλει
2699 4936 2796 4989 καὶ
2837 4933 3097 4995 ἱκετείαις
3128 4932 3392 5004 χρώμεθα
3416 4932 3492 4998 ὡς
3522 4934 3690 5005 ὑμᾶς,

2117 5024 2196 5096 μὴ
2240 5023 2653 5093 ἀναγκασθῆναι
2702 5025 2845 5092 σφᾶς
2897 5023 3252 5078 ἐπιλαϐέσθαι
3302 5024 3502 5081 ὃπλων.
3533 5026 3693 5080 Κατὰ

2113 5114 2366 5170 τοσοῦτον
2394 5113 2503 5185 γὰρ
2540 5114 2600 5177 ἐς
2645 5113 2706 5167 τὸ
2749 5113 3025 5182 ἀπόλεμον
3053 5113 3499 5184 ἐπιρῤεπέστατα
3521 5110 3691 5186 εἶχον,

2116 5207 2192 5272 ὡς
2238 5209 2332 5262 καὶ
2369 5207 2527 5278 ἄχρις
2574 5207 2881 5280 Ἀπαμείας
2926 5206 3117 5263 ἐλάσαι
3161 5208 3399 5280 Πέρσας,
3448 5209 3544 5263 καὶ
3595 5209 3691 5279 μὲν

2113 5296 2208 5350 οὖν
2256 5297 2384 5368 ἄχρι
2430 5286 2600 5370 αὐτῆς
2666 5316 2731 5367 γε
2774 5299 2946 5369 δήπου
3006 5300 3357 5371 Ἀντιοχείας.
3404 5300 3593 5370 Ὑμῶν
3634 5317 3688 5354 τε

2114 5389 2251 5463 πρὸς
2293 5389 2467 5444 ταῦτα
2507 5391 2583 5462 μὴ
2629 5391 3112 5463 ὑποχαλασάντων.
3162 5392 3258 5461 ἀφ’
3282 5385 3345 5445 οὗ
3369 5393 3688 5462 ἠσπάσαντο

2124 5480 2384 5551 Ῥωμαῖοι
2404 5482 2465 5536 τὸ
2484 5482 2905 5549 ἐθελοκίνδυνον,
2928 5475 3084 5553 οἶμαι
3109 5484 3184 5555 μὴ
3202 5484 3423 5553 ἀγνοεῖν
3444 5483 3682 5554 Πέρσας,

1669 5593 1937 5671 vanu:
1978 5594 2379 5653 LECTIONl-LS.
