4012 6214
417 240 485 300 :25

1123 242 1219 300 DE
1258 244 1819 304 LEGATlONIBUS
1856 244 2347 308 ROMANORUM’
2378 250 2477 309 AD
2512 250 2821 310 GENTES.

3514 247 3620 311 926

378 354 454 416 ὼς
486 350 609 404 οὐδέ
643 352 839 421 μέχρις
867 352 1050 405 αὐτῶν
1088 353 1195 403 τῶν
1239 354 1507 423 μεθορίων
1555 355 1823 424 ἀναιμωτὶ
1848 349 1934 407 οἷοι

2050 358 2271 425 opinor,
2304 374 2397 412 vos
2435 375 2537 413 non
2569 361 2688 415 sine
2729 359 2988 427 sanguine
3027 373 3094 413 ne
3130 360 3201 414 ad
3241 360 3372 415 lienes
3403 363 3620 431 qnidem

381 443 632 512 ἐγένεσθε
661 441 980 511 ἀφικέσθαι.
1025 442 1141 497 Νῦν
1169 444 1299 512 γοῦν
1328 447 1774 516 πεπαιδευμένων
1798 448 1934 514 ἀκριι

2062 453 2341 517 perVenire
2371 454 2627 521 potuisse.
2652 452 2808 508 Nunc
2836 452 2978 506 enim
3010 462 3157 509 artes
3188 454 3407 509 bellicas
3428 469 3621 509 neces-

382 537 492 600 6ὦς
536 535 826 604 Ῥωμαίων
854 535 948 587 τὸν
976 536 1233 605 πόλεμον,
1262 537 1557 607 θαρραλέοι
1587 540 1648 591 τέ
1677 541 1839 607 ἐσμεν
1861 540 1953 590 καὶ

381 626 676 691 εὐέλπίδες,
731 624 828 689 ὡς,
876 628 993 693 εἴγε
1038 628 1251 695 κινήσοι
1284 629 1311 680 ό
1352 627 1951 697 Ταχοσδρὼ,ὑπαντιά-

382 734 498 770 σειν
519 718 561 747 ’⁷
595 717 644 768 οί
678 717 734 768 ἐν
773 717 960 779 αὐτοῖς
989 732 1052 784 γε
1080 716 1255 786 δήπου
1286 719 1401 779 τοῖς
1439 717 1611 787 ὁρίοις
1645 717 1775 787 δόρυ
1820 718 1953 770 Ῥω-

381 808 583 879 μαῖκὸν
602 803 662 861 εὖ
684 807 827 876 μάλα
842 806 1194 876 τεθηγμένον,
1220 809 1496 878 διατιτρᾷν
1514 808 1615 870 τὰς
1632 808 1677 839 ’⁸
1702 807 1951 878 λαπάρας

378 895 554 953 οἷόντε
601 898 661 952 ὃν
703 898 891 952 αὐτοῦ.
935 898 1028 960 Ὦς
1072 897 1166 950 οὖν
1222 894 1283 951 εὖ
1325 899 1765 967 ἐξεπισταμένων
1820 899 1955 952 Ῥω-ι

381 990 560 1059 μαίων
586 990 710 1051 τοὺς
741 987 965 1057 Περσῶν
995 986 1202 1050 δόλους,
1231 989 1438 1057 πρᾶττε
1490 986 1651 1041 οὕτω.
1677 1007 1699 1039 ›
1732 988 1950 1041 Τούτων

376 1077 470 1133 οὖν
498 1080 591 1133 καὶ
638 1080 843 1150 ἐτέρων
871 1078 1139 1130 πλείστων
1172 1080 1479 1149 εἰρημένων
1531 1081 1650 1149 μὲν,
1685 1080 1866 1149 μάτην
1890 1079 1948 1132 δὲ

375 1173 523 1239 ὅμως
570 1169 845 1240 (προῆλθε
880 1169 989 1239 γὰρ
1033 1171 1187 1222 οὐδὲν
1216 1172 1395 1224 ὁτιοῦν
1424 1172 1465 1236 ),
1505 1171 1626 1222 τότε
1658 1170 1948 1241 Μαυρικίῳ

374 1264 432 1315 ἐν
466 1263 761 1331 γράμμασι
818 1262 969 1328 δηλοῖ
1005 1262 1285 1331 Ζαχαρίας
1335 1262 1632 1330 ἀφικέσθαι
1662 1264 1720 1324 ἐς
1748 1261 1817 1314 τὰ
1842 1261 1947 1330 πρὸ

375 1355 799 1423 Κωνσταντίνης
846 1354 1027 1418 πεδία,
1068 1349 1157 1407 οἷα
1224 1354 1288 1425 δὴ
1343 1357 1522 1408 ἐκεῖσε
1574 1355 1667 1407 τὸν
1711 1353 1946 1423 πόλεμον

373 1446 819 1514 ξυγκροτήσοντι.
865 1443 1139 1508 Ὡσαύτως
1177 1443 1235 1496 δὲ
1283 1445 1377 1498 καὶ
1405 1447 1434 1498 ὁ
1464 1445 1754 1515 Ταχοσδρὼ
1788 1444 1944 1513 κινή-

374 1554 473 1598 σας
507 1538 573 1586 τα
607 1536 852 1603 Περσικὰ
879 1534 1273 1606 στρατεύματα
1314 1537 1655 1606 ἐπαγόμενος
1682 1535 1767 1605 ﬁet
1793 1536 1850 1597 ἐς
1878 1534 1943 1588 τὰ

374 1645 438 1679 πε
451 1628 501 1695 pl
528 1627 960 1696 Κωνσταντίνην.

2059 543 2203 597 sario
2215 544 2411 607 edocti,
2434 544 2752 599 audaciores
2774 544 2897 599 facti
2922 559 3128 608 sumus,
3151 555 3205 598 et
3234 560 3326 613 spe
3352 546 3619 610 ducimur,

2060 630 2184 685 sise
2203 633 2553 685 commoverit
2581 631 2942 699 Tachosdrus,
2958 634 3168 687 obviam
3197 632 3312 699 ejus
3340 634 3622 687 conatibus

2058 720 2111 772 in
2141 720 2268 787 ipsis
2296 722 2812 776 confinibuslturam
2859 723 3217 779 Romanorum
3250 734 3461 777 aeut-ant
3519 724 3619 776 ha-

2056 819 2217 875 stam,
2242 825 2362 879 qum
2390 812 2530 865 latus
2558 813 2677 882 ejus
2699 812 2853 865 facile
2879 814 3178 878 transfigat.
3202 813 3378 879 Quare
3394 815 3470 867 sic
3500 827 3618 881 age,

2058 911 2115 955 ut
2147 904 2477 965 memineris,
2507 904 2777 958 Romanos
2814 907 2976 973 probe
3013 920 3170 959 nosse
3204 905 3489 959 Persarum
3519 906 3617 957 do-

2056 993 2154 1052 los.
2203 1012 2224 1045 ›
2272 993 2380 1048 llos
2410 1004 2462 1046 el
2492 994 2675 1062 plures
2707 996 3009 1061 huiusmodi
3041 997 3183 1049 inter
3218 1010 3276 1050 se
3312 996 3617 1049 habuerunt

2054 1099 2353 1150 sermones,
2377 1085 2467 1138 sed
2498 1083 2717 1148 frustra,
2754 1086 2886 1137 nihil
2935 1084 3075 1137 enim
3106 1085 3225 1140 inde
3254 1094 3335 1139 est
3358 1100 3619 1139 consecuu

2056 1184 2187 1228 tum.
2220 1172 2352 1227 Tum
2376 1173 2663 1226 Zacharias
2691 1173 3001 1225 Manricinm
3032 1188 3125 1239 per
3156 1173 3363 1226 litteras
3387 1174 3612 1233 monuit,

2053 1275 2112 1318 nt
2143 1266 2193 1319 in
2229 1266 2533 1334 planitiem,
2558 1282 2675 1334 qua:
2705 1275 2787 1318 est
2822 1268 2887 1316 ad
2918 1263 3342 1323 Constantinam,
3386 1266 3612 1317 descen—

2052 1358 2224 1425 deret,
2263 1363 2317 1408 et
2350 1355 2596 1423 prtelium
2634 1355 3017 1408 committeret.
3065 1351 3326 1404 Similiter
3376 1352 3613 1405 'l‘achos-

2052 1448 2150 1500 dro
2180 1461 2402 1499 movens
2431 1461 2552 1499 cum
2583 1447 2832 1499 omnibus
2872 1443 3157 1498 Persarum
3191 1443 3382 1512 cepiis,
3417 1458 3510 1497 eas
3546 1442 3612 1495 ad

2048 1537 2454 1596 Constantinam
2480 1538 2719 1595 adduxit.

440 1716 546 1771 κα’.
578 1718 699 1770 Ὀτι
727 1718 820 1770 ἐπὶ
847 1719 997 1788 τρεῖς
1028 1719 1072 1751 ’⁸
1104 1718 1318 1788 ἡμέρας
1349 1717 1585 1789 πόλεμος
1639 1717 1934 1788 Ῥωμαίοις

2113 1719 2206 1776 Si.
2236 1719 2462 1775 Romani
2505 1728 2562 1775 et
2590 1719 2795 1773 At‘ares
2822 1732 2918 1787 per
2960 1727 3071 1772 tres
3090 1717 3206 1771 dies
3236 1718 3288 1770 in
3315 1724 3611 1784 exspecta-

367 1812 461 1862 καὶ
543 1810 793 1881 ’Δϐάροις
843 1811 1216 1881 συνεκροτήθη
1248 1848 1263 1872 ,
1323 1810 1594 1880 μηδεμιᾶς
1663 1810 1945 1879 δυνάμεως

376 1900 692 1971 Ῥωμαῖκῆς
741 1900 883 1955 κατὰ
911 1901 1009 1972 τὴν
1043 1901 1180 1971 πρὸς
1220 1901 1504 1972 Δαλματίᾳ
1536 1900 1782 1972 γέφυραν
1817 1904 1941 1954 ἐπι-

366 1993 650 2059 φανείσης,
708 1992 884 2045 καίτοι
939 1993 1245 2058 σαθρότατα
1278 1992 1508 2061 ἔχουσαν
1532 1993 1594 2045 ⁸⁰.
1645 1993 1806 2045 Ἀλλὰ
1829 1992 1940 2062 γὰρ

366 2083 462 2133 καὶ
514 2086 539 2135 ό
601 2083 761 2152 Ἀψὶχ
797 2082 888 2135 καὶ
930 2084 991 2135 τὸ
1053 2083 1171 2136 κατ’
1208 2084 1371 2135 αὑτὸν
1436 2082 1726 2152 Ἀὅαρικδν
1773 2082 1939 2136 αὐτοῦ

365 2174 745 2243 ἐφεδρεύοντες
825 2174 1093 2243 πρότερον
1168 2173 1438 2243 τοσαύτην
1530 2175 1941 2245 καταφρόνησιν

363 2262 707 2327 ἐπεδείξαντο
753 2264 892 2316 κατὰ
955 2263 1243 2335 Ῥωμαίων
1277 2304 1291 2327 ,
1347 2263 1488 2319 ὥστε
1545 2265 1937 2336 μετενεχθῆναι

363 2356 504 2421 σφᾶς
528 2355 667 2406 κατὰ
691 2355 755 2423 δὴ
780 2356 879 2425 τὴν
909 2356 1102 2426 ἑτέραν
1134 2355 1403 2425 γέφυραν,
1428 2354 1595 2424 ἄλλην
1623 2372 1681 2408 τε
1709 2355 1937 2424 δύναμιν

363 2444 723 2514 προστεθῆναι
761 2448 826 2516 τῇ
876 2447 1103 2517 δυνάμει
1130 2447 1389 2502 Βαῖανοῦ.
1435 2448 1786 2519 Πιεζομένων
1825 2466 1937 2501 τοι-

359 2538 562 2607 γαροῦν
586 2539 693 2590 τῶν
726 2537 774 2568 ³⁸
806 2539 862 2591 ἐν
907 2538 984 2606 τῷ
1035 2539 1247 2608 Σιρμίῳ
1293 2538 1437 2609 λιμῷ
1468 2540 1512 2571 ³¹
1544 2536 1808 2610 μεγίστῳ,
1833 2540 1932 2611 ἥδη

358 2645 418 2680 τε
448 2628 767 2697 ἁπτομένων
800 2629 1073 2699 ἀθεμίτων
1103 2630 1321 2700 τροφῶν
1351 2631 1431 2702 τῷ
1465 2630 1797 2702 ἐστερῆσθαι
1823 2632 1936 2684 τῶν

359 2719 671 2786 ἀναγκαίων
737 2722 836 2772 καὶ
884 2721 1303 2791 γεγεφυρῶσθαι
1369 2720 1469 2792 τὴν
1510 2721 1781 2797 ,διάϐασιν
1839 2720 1932 2773 τοῦ

357 2807 497 2859 Σαοῦ
516 2848 530 2870 ,
572 2809 670 2860 xui.
704 2809 1024 2878 Σολομῶνος
1061 2809 1364 2879 τηνικαῦτα
1395 2809 1442 2840 ³³
1469 2811 1811 2880 προεστῶτος
1839 2810 1931 2862 τοῦ

356 2900 583 2966 Σιρμίου
614 2899 994 2968 ἐκμελέστατὰ
1020 2917 1137 2961 πως
1180 2899 1583 2969 διαδηλοῦντος,
1618 2902 1714 2952 καὶ
1763 2901 1931 2970 μηδὲν

2046 1814 2193 1867 tione
2237 1813 2545 1867 decertandi
2598 1811 2834 1877 fuerunt,
2873 1809 2968 1865 sed
2996 1825 3118 1863 cum
3154 1808 3311 1863 nullae
3341 1807 3615 1861 Romano-

2046 1917 2167 1957 rum
2222 1902 2392 1971 copiae
2440 1909 2782 1971 apparerent,
2814 1917 2934 1971 quae
2974 1909 3211 1971 pontem,
3239 1915 3344 1968 qua
3399 1900 3505 1952 itur
3554 1898 3611 1951 in

2042 1992 2385 2057 Dalmatiam,
2413 1991 2626 2046 tametsi
2660 2006 2846 2059 parum
2879 1991 3115 2044 munitus
3139 2000 3303 2053 esset,
3331 2003 3610 2058 Oppugna-

2040 2093 2181 2147 renl,
2212 2083 2480 2152 Apsichus
2510 2090 2561 2134 et
2583 2083 2675 2151 qui
2705 2096 2828 2135 cum
2852 2095 2916 2135 eo
2951 2090 3105 2135 erant
3126 2083 3351 2146 Avares,
3382 2082 3471 2149 qui
3502 2080 3609 2133 illic

2039 2176 2184 2241 prius
2227 2176 2293 2228 ad
2326 2175 2502 2244 pontis
2542 2175 2839 2228 custodiam
2881 2172 3260 2237 consederant,
3307 2182 3413 2225 tam
3455 2172 3606 2240 parvi

2038 2262 2310 2319 Romanos
2343 2262 2635 2326 faciebant,
2669 2270 2731 2317 ut
2757 2262 2822 2315 ad
2856 2261 3019 2315 alium
3057 2270 3269 2329 pontem
3305 2276 3364 2315 se
3394 2260 3609 2315 confer-

2039 2361 2177 2417 rent,
2220 2362 2276 2407 et
2318 2367 2487 2407 novas
2525 2354 2710 2421 copias
2748 2350 2921 2419 copiis
2950 2351 3133 2419 Bajani
3172 2353 3487 2420 adiicerent.
3535 2353 3609 2404 At

2034 2445 2125 2513 qui
2152 2444 2208 2498 in
2239 2444 2437 2501 Sirmio
2460 2453 2618 2499 erant
2651 2444 2850 2513 ingenti
2882 2444 3022 2498 fame
3050 2445 3316 2513 oppressi,
3352 2443 3487 2498 cibis
3514 2459 3607 2497 ne-

2035 2535 2212 2591 fandis
2242 2552 2300 2591 se
2324 2534 2727 2601 sustentabant,
2778 2535 2902 2602 quia
2948 2549 3125 2588 rerum
3172 2535 3597 2589 necessariarum

2036 2624 2212 2694 inopia
2237 2625 2573 2687 laborabant,
2601 2633 2657 2678 et
2684 2622 2866 2677 hostes
2886 2633 3103 2691 pontem
3138 2624 3189 2675 in
3209 2622 3315 2677 Sao
3343 2622 3603 2677 fecerant.

2033 2718 2299 2772 Pratterea
2344 2715 2621 2779 Salomon,
2656 2715 2745 2783 qui
2779 2722 2906 2767 tunc
2948 2714 3204 2781 temporis
3238 2712 3435 2766 Sirmio
3468 2727 3607 2782 prae-

2032 2820 2170 2873 erat,
2204 2796 2394 2877 parum
2423 2806 2706 2876 diligenter
2749 2823 2835 2862 res
2868 2806 3302 2869 adminisuabat,
3332 2819 3506 2872 neque
3545 2821 3607 2858 se

2032 2902 2197 2955 ullum
2226 2900 2302 2953 rei
2336 2881 2583 2952 militaris
2628 2913 2782 2951 usum
2819 2898 3014 2953 habere
3050 2897 3385 2953 ostendebat.
3419 2895 3606 2965 Itaque

353 2987 535 3041 ὁτιοῦν
583 2989 919 3059 στρατηγίας
980 2990 1238 3058 ἐχόμενον
1296 2989 1765 3059 ἐπιδεικνυμένου·
1795 2991 1930 3060 πρός

2038 2992 2180 3046 cives
2224 3001 2278 3044 et
2316 2990 2464 3044 urbis
2494 2988 2684 3043 incola:
2720 2989 2822 3042 hac
2849 2990 3157 3043 calamitate
3190 2989 3396 3054 alllicti,
3437 2989 3609 3056 ejnla-
3704 3026 3707 3029 ι

355 3096 420 3145 γε
478 3084 573 3132 καὶ
627 3079 738 3132 τῶν
770 3081 869 3149 τῆς
921 3080 1126 3143 πόλεως
1175 3081 1556 3150 ἀπειρηκότων
1608 3085 1721 3143 τοῖς
1775 3082 1933 3149 χαλε·-

2038 3083 2257 3147 bantur,
2306 3089 2361 3134 et
2407 3095 2527 3134 cum
2567 3080 2631 3133 ad
2675 3090 2949 3134 extremas
2977 3096 3101 3147 spes
3147 3082 3349 3133 redacti
3397 3090 3604 3143 essent,

356 3172 495 3233 ποῖς,
525 3170 935 3240 ὀλοφυρομένων
970 3187 1029 3222 τε
1066 3171 1162 3225 καὶ
1195 3173 1253 3234 ἐς
1295 3171 1395 3235 τὰς
1440 3174 1675 3243 ἐσχάτας
1708 3173 1930 3235 ἐλπίδας

354 3262 826 3329 ὲξωλισθηκότων,
903 3263 1415 3332 καταμεμφομένων
1483 3280 1542 3316 τε
1617 3267 1726 3329 τοῖς
1792 3266 1929 3317 Ῥω-

357 3355 531 3424 μαίων
569 3354 844 3422 ἡγεμόσι·
895 3354 1179 3422 Θεόγνιδός
1237 3371 1295 3407 τε
1344 3354 1511 3407 αὑτοῦ
1559 3355 1926 3425 ὀλιγοχειρίαν

354 3444 656 3507 νοσοῦντος
683 3443 857 3497 ταῦτα
886 3444 1137 3514 Τιϐέριος
1170 3444 1218 3476 ³⁸
1249 3447 1277 3498 ό
1305 3443 1556 3513 βασιλεὺς
1591 3445 1926 3514 κατέμαθεν,

354 3535 712 3606 αἱρετώτερον
744 3537 1092 3607 ἡγησάμενος
1123 3536 1196 3606 μὴ
1228 3536 1833 3606 συναιχμαλωτισθῆναι
1860 3538 1926 3606 τῇ

354 3627 509 3679 πόλει
549 3630 655 3679 τῶν
690 3628 990 3697 οἰκητόρων
1028 3628 1119 3679 τὸν
1142 3626 1350 3696 ὅμιλον,
1399 3629 1457 3679 ὲν
1509 3628 1805 3697 γράμμασι
1836 3644 1928 3679 κε-

352 3720 497 3771 λεύει
521 3722 761 3786 Θεόγνιδι
793 3719 1096 3774 καταλῦσαι
1119 3720 1211 3771 τὸν
1242 3720 1482 3788 πόλεμον
1521 3721 1613 3771 ἐπὶ
1643 3720 1926 3782 σπονδαῖς,

349 3813 424 3873 ώς
462 3810 781 3874 ὑπεξελθεῖν
810 3809 1130 3880 παμπληθεῖ
1162 3810 1289 3871 τοὺς
1314 3809 1443 3879 τῇδε
1470 3807 1777 3871 οἰκοῦντας,
1819 3824 1927 3877 μη-

349 3903 437 3955 δὲν
488 3903 918 3972 ἐπιφερομένους
952 3901 1061 3954 τῶν
1091 3901 1311 3953 οἰκείων
1338 3900 1369 3969 ἦ
1407 3900 1570 3968 μόνον
1601 3900 1664 3952 τὸ
1705 3899 1805 3967 ζῇν
1834 3902 1928 3952 καὶ

352 3994 633 4063 παρασχὸν
664 3993 804 4044 οὕτω
859 3992 1211 4063 περιϐόλαιον
1243 3993 1322 4044 ἐν.
1374 3992 1482 4044 Καὶ
1520 3990 1583 4061 δὴ
1627 3992 1928 4061 συνέϐησαν

352 4085 443 4135 ἐπὶ
498 4087 619 4145 ταῖς
654 4084 885 4136 τοιαῖσδε
923 4083 1256 4151 ξυνθήκαις,
1302 4084 1395 4135 καὶ
1440 4083 1509 4135 τὰ
1559 4086 1654 4135 τοῦ
1687 4083 1927 4154 πολέμου

350 4173 632 4247 ἐλώφησεν
684 4175 752 4238 ³⁸,
798 4174 880 4242 ἐφ’
1034 4176 1433 4244 παραχωρῆσαι
1466 4174 1566 4245 μὲν
1606 4176 1915 4245 Ῥωμαίους

365 4264 619 4333 ’Λϐάροις
670 4264 770 4332 τῆς
808 4263 1036 4328 πόλεως,
1075 4264 1338 4333 Ἀὅάρους
1381 4264 1442 4317 δὲ
1508 4266 1797 4334 Ῥωμαίοις
1832 4266 1924 4319 τοῦ

2032 3175 2271 3225 omnium
2313 3172 2539 3225 istorum
2569 3170 2827 3223 malorum
2858 3187 3075 3225 causam
3118 3173 3169 3224 in
3206 3173 3370 3225 duces
3406 3172 3606 3225 Roma-

2033 3278 2132 3317 nos
2154 3263 2489 3331 rejieiebant.
2520 3264 2802 3317 Postremo
2840 3262 2998 3333 175
3036 3262 3312 3332 Theognis
3340 3264 3612 3331 paucitate

2032 3355 2262 3408 militum
2293 3355 2594 3410 laborabat.
2640 3354 2763 3410 Haec
2798 3357 2886 3409 ubi
2922 3355 3170 3410 Tiberius
3194 3354 3402 3418 didicit,
3431 3355 3611 3421 potius

2029 3459 2151 3499 esse
2173 3444 2347 3508 duxit,
2372 3443 2571 3499 civium
2618 3443 3012 3499 multitudinem
3046 3460 3148 3497 non
3178 3460 3296 3498 cum
3340 3444 3453 3511 ipsa
3478 3445 3611 3497 urbe

2030 3538 2083 3591 in
2108 3537 2431 3592 deditionem
2461 3538 2676 3591 venire:
2702 3537 2879 3607 itaque
2901 3553 2996 3604 per
3014 3537 3223 3590 litteras
3247 3535 3411 3605 jussit
3429 3536 3608 3588 Theo-
3672 3578 3681 3599 ,

2028 3628 2242 3696 gnidem
2279 3628 2475 3681 belhnn
2526 3629 2608 3680 his
2630 3629 3036 3682 conditionibus
3064 3627 3294 3691 solvere,
3328 3636 3384 3678 ut
3417 3626 3607 3679 liceret

2029 3720 2298 3783 omnibus,
2323 3720 2412 3786 qui
2443 3718 2495 3771 in
2521 3720 2653 3773 urbe
2681 3719 3015 3784 habitabant,
3042 3720 3204 3772 salvis
3235 3729 3292 3771 et
3328 3718 3612 3770 incolumi-

2029 3815 2129 3865 bus
2154 3809 2324 3875 exire,
2358 3824 2533 3877 neque
2568 3811 2859 3879 quidquam
2890 3825 3111 3864 suarum
3157 3826 3338 3865 rerum
3376 3811 3499 3863 inde
3525 3824 3613 3863 as-

2031 3909 2249 3969 portare
2276 3910 2473 3968 praster
2497 3901 2663 3953 vitam
2691 3909 2747 3955 et
2766 3915 2927 3953 unam
2962 3910 3185 3954 vestem.
3215 3900 3403 3969 Itaque
3428 3902 3481 3953 in
3514 3900 3613 3953 bas

2029 3993 2412 4048 conventiones
2442 4002 2854 4055 consenserunt,
2898 4002 2953 4046 et
2994 3991 3193 4046 bellum
3237 3991 3320 4046 his
3347 3992 3615 4046 conditio-

2031 4087 2187 4141 nibus
2222 4085 2402 4148 desiit,
2454 4096 2510 4137 ut
2552 4084 2781 4138 Romani
2809 4084 3077 4139 Avaribus
3110 4084 3299 4137 urbem
3329 4083 3609 4146 dederent,

2027 4188 2081 4232 et
2101 4180 2304 4233 Avares
2326 4178 2586 4233 Romanis
2611 4191 2850 4242 omnem,
2879 4191 2999 4245 qua:
3038 4177 3090 4230 in
3112 4191 3176 4231 ea
3205 4185 3343 4240 erat,
3377 4174 3612 4229 multitu-

2028 4270 2208 4323 dinem
2241 4270 2447 4339 absque
2480 4268 2584 4333 his,
2615 4282 2735 4337 quae
2760 4267 3134 4335 unusquisque
3159 4281 3347 4321 eorum
3374 4266 3427 4318 in
3452 4265 3610 4319 bonis

353 4354 413 4405 ἐν
440 4356 506 4422 τῇ
546 4354 695 4406 πόλει
734 4354 995 4424 πλήθους,
1026 4355 1157 4407 ἄνευ
1200 4355 1309 4408 τῶν
1337 4356 1437 4408 ὅσα
1478 4356 1696 4426 ἑκάστῳ
1734 4360 1791 4410 ἐν
1827 4375 1925 4410 πε-

2038 4362 2283 4424 habebat,
2312 4360 2691 4415 concederent.
2722 4347 2913 4427 Exe'git
2940 4359 3101 4412 etiam
3124 4358 3409 4427 Chaganus
3441 4358 3608 4410 trium

354 4446 571 4515 ριουσίᾳ
595 4447 858 4516 ύπῆρχεν.
900 4446 1186 4517 Ἐπεζήτει
1213 4447 1269 4499 δὲ
1296 4450 1325 4500 ὁ
1355 4448 1605 4516 Χαγάνος
1632 4451 1727 4502 καὶ
1754 4450 1924 4520 τριῶν

352 4536 487 4588 ἐτῶν
515 4538 931 4606 παρῳχημένων
952 4539 1193 4608 χρυσίον,
1225 4532 1299 4591 ὧν
1321 4539 1421 4591 οὐκ
1451 4541 1664 4611 εἰλήφει
1700 4559 1751 4593 τι
1785 4544 1926 4595 κατὰ

349 4629 412 4680 τὸ
448 4628 698 4698 σύνηθες,
730 4630 840 4682 τῶν
888 4630 1281 4701 παρεχομένων
1319 4630 1469 4701 αὐτῷ
1519 4632 1659 4703 ὑπὲρ
1709 4632 1805 4685 τοῦ
1849 4632 1924 4702 μὴ

350 4718 588 4788 χρῆσθαι
646 4719 848 4783 ὅπλοις.
901 4716 1084 4773 Ἦσαν
1140 4721 1197 4773 δὲ
1246 4721 1315 4774 τὰ
1357 4723 1611 4792 εἰρηναῖα
1666 4724 1925 4794 χρήματα

351 4813 569 4880 ἑκάστῳ
613 4811 721 4864 ἔτει
752 4814 894 4882 ἀμφὶ
926 4814 1170 4883 χιλιάδας
1202 4815 1532 4883 ὀγδοήκοντα
1576 4816 1802 4885 χρυσίου
1843 4832 1929 4868 v0-

352 4905 660 4974 μισμάτων.
698 4907 820 4960 Ἔτι
857 4924 920 4974 γε
954 4909 1061 4977 μὴν
1109 4908 1203 4960 καὶ
1240 4907 1334 4960 ἕνα
1370 4906 1493 4961 τινὰ
1523 4906 1632 4959 τῶν
1664 4908 1756 4959 ὑπ’
1779 4908 1928 4977 αὐτῷ

349 4997 717 5066 ταττομένων,
758 4998 821 5061 ὃς
860 4998 1256 5069 προσεχώρησε
1297 4999 1342 5030 ³⁸
1381 5002 1447 5070 τῇ
1495 4999 1782 5069 Ῥωμαίων
1826 5017 1927 5053 πο-

349 5088 541 5160 λιτείᾳ,
574 5090 720 5163 καθὰ
763 5090 1003 5158 λέγεται,
1054 5096 1120 5163 τῇ
1176 5093 1397 5159 γυναικὶ
1447 5092 1542 5144 τοῦ
1594 5093 1828 5146 Βαῖανοῦ
1869 5094 1927 5157 ἐς

348 5160 971 5252 ἀφροδίσιαὶσυνελθών.
1013 5160 1199 5255 Ταύτῃ
1227 5200 1312 5235 τοι
1349 5183 1651 5256 κατάδηλον
1699 5185 1925 5255 ἐποίησε

350 5270 593 5339 Θεόγνιδι
642 5272 928 5344 ὲκδοθῆναί
981 5277 1030 5327 oi
1081 5275 1173 5328 τὸν
1233 5275 1574 5345 αὐτόμολον·
1623 5272 1658 5345 ἦ
1718 5277 1825 5348 γὰρ
1860 5279 1926 5332 ἂν

2034 4453 2432 4526 ρτφιθτὶιοτιιιιι
2475 4466 2741 4505 annorum
2798 4465 3012 4516 aurum,
3072 4450 3213 4518 quod
3246 4465 3353 4503 non
3389 4464 3612 4516 accepe-

2035 4550 2139 4606 rat,
2169 4551 2222 4597 et
2263 4540 2338 4595 illi
2386 4540 2617 4596 Romani
2649 4540 2858 4596 solvere
2891 4539 3155 4605 solebant,
3201 4549 3260 4593 ut
3289 4541 3456 4595 armis
3482 4540 3612 4594 abs-

2033 4634 2252 4688 tineret.
2278 4631 2451 4685 Erant
2472 4646 2600 4687 vero
2636 4631 2901 4701 pecuniae,
2934 4646 3056 4701 quae
3077 4646 3175 4701 pro
3201 4647 3333 4701 pace
3363 4645 3606 4700 unoquo-

2032 4739 2139 4792 que
2168 4737 2310 4776 anno
2338 4723 2729 4790 pendebantur,
2755 4724 2819 4776 ad
2848 4724 3122 4793 octoginta
3162 4724 3329 4777 millia
3362 4738 3612 4777 nummo-

2032 4829 2149 4867 rum
2195 4827 2504 4867 aureorum.
2550 4811 2818 4866 Praeterea
2864 4828 3001 4866 unus
3042 4828 3109 4866 cx
3140 4813 3245 4875 his,
3281 4815 3373 4883 qui
3416 4815 3517 4868 sub
3544 4827 3611 4866 eo

2031 4905 2369 4969 militabant,
2411 4903 2467 4958 in
2517 4902 2883 4957 Romanorum
2936 4903 3181 4972 regiones
3212 4902 3444 4972 fugerat,
3482 4902 3609 4971 quia

2035 4996 2317 5051 dicebatur
2346 4995 2668 5050 adulterium
2694 5010 2813 5049 cum
2836 4994 3022 5064 Bajani
3053 5010 3219 5050 uxore
3244 4994 3605 5049 commisisse.

2034 5088 2146 5144 Hoc
2176 5087 2503 5159 signiﬁcavit
2528 5086 2849 5157 Theognidi,
2886 5098 2940 5141 et
2968 5088 3066 5142 sibi
3099 5088 3429 5157 transfugam
3457 5086 3606 5140 reddi

2033 5181 2344 5246 postulavit,
2377 5193 2547 5249 seque
2600 5193 2706 5233 non
2754 5179 2911 5233 aliter
2958 5178 3215 5232 hederum
3268 5179 3609 5233 conditiones

2035 5278 2178 5333 ferre
2203 5288 2361 5346 posse
2396 5272 2704 5327 afﬁrmavit.
2737 5272 3005 5341 Theognis
3050 5271 3348 5340 respondit,
3375 5270 3604 5326 Romani

1609 5389 1843 5447 VARUE
1899 5389 2305 5450 LECTIONES.

419 5507 465 5537 ’⁷
501 5509 823 5564 ὑπαντιάσει
860 5509 925 5565 Ν.

422 5595 447 5629 ε
498 5579 640 5629 vuln.
720 5581 760 5611 ³¹
803 5580 914 5629 τῶν

349 5595 447 5643 σις
498 5580 640 5648 Vulg.
720 5581 760 5611 "
803 5580 914 5633 τῶν
946 5582 1069 5636 add.
1123 5580 1186 5634 N.
1264 5580 1311 5617 ³³
1337 5580 1507 5650 λοιμῷ
1551 5600 1556 5610 ε

349 5646 390 5677 ³⁸
415 5647 804 5721 προσεχώρησε
833 5649 975 5716 Val.,
1010 5652 1385 5724 προσειώρησε
1415 5652 1556 5721 vulg.

1002 5513 1046 5544 ⁸⁸
1084 5512 1367 5617 διατιτρᾷν
1391 5508 1488 5573 τὰς
1519 5509 1585 5563 H.
1638 5510 1988 5581 διατιτράντα
2022 5512 2164 5580 vulg.

1002 5582 1046 5617 ta
1123 5580 1165 5617 N
1292 5580 1507 5617 ωηηοτ.
1551 5580 1677 5617 υ..ιη
1775 5584 1927 5617 nam:
1977 5600 2131 5617 ...ωην

2242 5510 2287 5540 ’τ’
2314 5509 2462 5576 τρεῖς
2504 5505 2783 5576 ἐνιαυτοὺς
2823 5503 2886 5558 N.
2959 5504 3011 5576 ff’
3074 5503 3302 5576 ἔχουσαν
3330 5500 3413 5560 Β..
3452 5499 3610 5576 ἐχού-

1337 5570 1507 5654 λοιμῷ
1551 5580 1693 5651 vulg.
1775 5570 1928 5635 ³³’τού
1977 5570 2152 5654 τηνιπῖ.
2193 5578 2255 5631 Ν.
2336 5570 2378 5609 ³³
2414 5574 2585 5631 ταῦτα
2616 5576 2736 5629 ἐπεὶ
2789 5575 2906 5628 Τιϐ.
2958 5574 3021 5627 Ν.
3104 5570 3153 5605 ³⁷⁸
3183 5572 3413 5643 ὲλόφησε
3454 5570 3597 5642 vulg.
