4012 6214
409 247 515 308 927
1225 243 1609 302 EXCERPTA
1646 241 1746 301 EX
1785 239 2376 302 THEOPHYI..\CTO
2411 237 2830 296 SIMOCAT'I‘A
3542 229 3657 290 928

412 361 756 429 imperatoris
786 360 1039 413 ditionem
1090 358 1242 424 longe
1272 357 1481 423 lateque
1521 367 1722 426 patere,
1764 357 1816 409 in
1851 373 1976 424 qua,

2102 351 2254 412 ἱλλως
2292 349 2366 419 μὴ
2398 347 2680 412 ἀνέξεσθαι
2721 345 2844 396 ίδεῖν
2881 347 2934 405 ἐς
2966 341 3195 402 σπονδάς
3217 356 3230 370 ⁸
3264 339 3293 389 δ
3326 339 3382 390 δέ
3432 355 3493 404 γε
3525 341 3664 390 ἀντ-

413 457 692 519 propterea
726 447 866 516 quod
897 445 1230 514 amplissima
1261 455 1314 499 et
1346 447 1649 500 vastissima
1691 456 1855 510 esset,
1889 462 1974 499 res

2102 445 2382 513 εσήμηνεν,
2407 441 2480 502 ὡς
2507 442 2540 510 ἡ
2567 440 2637 508 γῆ
2671 437 2764 489 τοῦ
2804 433 3089 504 Ῥωμαίων
3127 431 3389 502 βασιλέως
3419 431 3663 500 μεγίστη

415 539 647 593 difficilis
674 539 892 592 inventu
940 539 1078 590 foret
1125 535 1209 588 vir
1253 537 1406 590 exsul
1447 537 1497 589 in
1543 551 1605 591 ea
1642 553 1852 600 errans,
1884 537 1976 604 ψιί

2102 535 2139 587 τέ
2166 537 2281 585 ἐστι
2321 532 2415 585 καὶ
2447 529 2699 590 ἄπλετος,
2749 527 2845 580 καὶ
2884 526 2960 586 ὡς
3015 522 3343 592 δυσεύρετόν
3387 539 3440 574 τι
3478 523 3667 588 φυγὰς

418 628 642 680 fortasse
662 626 823 679 etiam
855 626 964 693 jam
1027 625 1207 693 periit.
1266 627 1346 681 Ad
1393 641 1454 680 ea
1506 625 1738 694 Bajanus
1793 627 1978 680 dixit:

2102 625 2221 693 ὶνὴρ
2261 624 2318 676 ἐν
2363 623 2500 690 αὐτῇ
2555 620 2868 689 ἀλώμενος,
2913 617 3078 684 τυχὸν
3100 615 3157 667 δὲ
3190 616 3271 667 ὅτι
3311 614 3412 667 καὶ
3448 613 3671 682 ὀλέθρῳ

423 739 440 766 ι
487 716 675 771 Jurent
700 717 860 786 igitur
886 714 1116 770 Romani
1141 717 1326 782 duces,
1357 701 1873 788 se‘perquisituros,
1927 729 1981 771 et

2102 715 2217 782 ᾓλω.
2261 712 2402 782 Πρὸς
2432 711 2606 763 ταῦτα
2640 708 2922 771 ἀντέλεξεν
2959 709 2986 759 6
3010 707 3235 767 Batavo;
3271 704 3503 774 ὀμνύναι
3537 704 3670 764 τοὺς

418 809 462 860 si
527 807 858 878 transfugam
913 808 1211 874 repererint
1241 846 1257 871 ,
1309 822 1414 862 non
1455 810 1835 869 occultaturos.
1886 811 1981 862 sed

2102 803 2388 871 Ῥωμαίων
2415 802 2709 872 ἡγεμόνας,
2747 800 2822 862 ὡς
2861 798 3340 869 ἀναμαστεύσωσι,
3387 798 3480 848 καὶ
3512 797 3572 848 εἰ
3618 812 3672 846 τι

417 901 636 953 omnino
658 915 778 954 eum
812 915 864 952 ill
910 913 1101 953 manus
1137 899 1370 954 Avarum
1412 899 1520 969 regi
1543 899 1868 963 tradituros;
1902 899 1982 954 sin

2102 896 2300 964 εὕροιεν
2349 893 2441 946 τὸν
2503 892 2741 961 φυγάδα,
2780 889 3185 960 ἀποκρύψοιντο
3231 887 3504 957 οὐδαμῶς,
3551 885 3673 937 ἀλλ’

423 999 601 1043 autem
651 989 761 1042 lato
807 989 1024 1045 functus
1063 990 1158 1056 sit,
1195 989 1314 1060 ejus
1368 989 1445 1046 rei
1480 990 1653 1058 ipsum
1699 991 1990 1049 certiorem

2102 988 2155 1039 ὲκ
2183 985 2382 1048 παντὸς
2406 985 2607 1054 τρόπου
2637 982 2937 1049 ἐγχειριεῖν
2975 980 3134 1032 αὑτὸν
3164 978 3240 1049 τῷ
3263 979 3374 1031 τῶν
3413 977 3674 1044 ’Λϐἀρων

419 1079 654 1134 facturos
680 1095 819 1136 esse.
869 1062 894 1132 ἱ

2102 1077 2370 1147 μονάρχῳ.
2398 1078 2460 1129 Εἰ
2486 1076 2542 1129 δέ
2575 1091 2637 1153 γε
2687 1070 3092 1150 τετελευτηκὼς
3121 1071 3229 1142 εἴη,
3258 1071 3352 1125 καὶ
3396 1070 3541 1122 οὕτω
3577 1086 3674 1137 ar,-

2096 1169 2281 1236 μῆναι.

776 1500 987 1610 ΕΚ
1039 1501 1337 1613 ΤΗΣ
1409 1500 2110 1616 ΙΣΤΟΡΙΑΣ
2171 1495 3106 1615 ΘΕΟΦΥΛΑΚΤ
3115 1500 3310 1616 ΟΥ

1471 1713 1940 1768 ΑΠΟΕΠΑΡΧΟΥ
1977 1714 2099 1768 ΚΑΙ
2137 1713 2629 1781 ΔΝΤΙΓΡΔΦΕΩΣ,

833 1881 1094 1968 ΠΕΡΙ
1145 1878 1717 1968 ΠΡΕΣΒΕΩΝ
1773 1875 2265 1966 ΡΩΜΑΙΩΝ
2344 1876 2634 1974 ΠΡΟΣ
2708 1876 3306 1974 ΕΘΝΙΚΟΥΣ.

1995 2086 2072 2106 —

984 2231 1174 2355 EX
1250 2231 1935 2349 HISTORIA
2023 2231 3148 2350 THEOPHYLACTI‘

1485 2447 1951 2506 EXPRIEFECTI
1992 2448 2085 2505 ET
2125 2446 2644 2519 SCRIPTURARII,

879 2621 1028 2713 DE
1101 2619 1596 2715 LEGATIS
1674 2620 2438 2720 ROMANOBUM
2509 2621 2660 2771 ᾼΙ)
2735 2618 3243 2715 GENTES..

518 2961 678 3032 1⁷6
709 2958 858 3026 Quod
894 2958 1191 3027 imperante
1216 2961 1471 3018 Mauricio
1501 2963 1703 3034 legatos
1737 2965 2000 3020 miserunt

2181 2961 2302 3014 ’Ότι
2330 2962 2438 3016 ἐπὶ
2453 2960 2760 3030 Μαυρικίου
2796 2958 3184 3029 πρεσϐεύονται
3231 2958 3492 3027 Ῥωμαῖοι
3534 2959 3673 3028 πρὸς

442 3049 670 3109 Romani
705 3049 770 3103 ad
801 3047 1136 3117 Cltaganutn,
1161 3057 1215 3104 et
1243 3049 1438 3104 bellum
1464 3052 1822 3119 deprecaturi,
1851 3053 1996 3121 Elpi-

2104 3051 2373 3117 Χαγάνον,
2405 3053 2502 3106 καὶ
2540 3051 2632 3105 τὸν
2682 3050 2914 3120 πόλεμον
2948 3048 3494 3119 ἀπεκηρυκεύσαντοο
3543 3050 3663 3102 ‘3).-

440 3144 588 3198 dium
613 3141 1012 3196 mittuntvirum
1033 3141 1358 3196 senatorium
1377 3142 1999 3213 Siciliaeqnefprmfectum

2108 3142 2280 3196 πίδιον
2302 3141 2686 3212 ἐκπέμψαντες
2712 3140 2880 3211 ἄνδρα
2909 3141 2968 3204 ἐς
2990 3141 3289 3210 συγκλήτου
3313 3139 3508 3210 βουλὴν
3539 3141 3671 3208 ἀγό-

437 3242 592 3298 tunc,
619 3242 673 3287 et
704 3232 950 3301 praetoris
981 3232 1219 3288 tribunal
1249 3233 1652 3297 ascendentem,
1674 3236 1815 3304 quod
1843 3235 1999 3289 oﬂicii

2109 3249 2287 3300 μενον,
2324 3234 2423 3302 τῆς
2445 3249 2505 3284 τε
2536 3230 2785 3294 Σικελίας
2812 3229 3275 3300 ἡγεμονεύσαντα,
3312 3231 3404 3282 καὶ
3436 3230 3547 3282 τῶν
3573 3230 3666 3283 τοῦ

440 3341 608 3398 genus
642 3327 780 3394 apud
813 3325 1087 3380 Romanos
1117 3342 1222 3379 non
1258 3325 1640 3381 inhonoratum
1671 3337 1773 3389 est,
1805 3335 1860 3381 et
1885 3327 2002 3382 Co-

441 3419 780 3480 tnentiolum,
816 3417 904 3485 qui
959 3417 1048 3470 illo
1081 3425 1192 3470 tum
1225 3431 1448 3470 munere
1481 3417 1822 3486 fungebatur,
1860 3420 2001 3488 quod

443 3507 591 3560 inter
619 3506 860 3574 corporis
895 3507 1164 3569 custodes,
1215 3521 1245 3560 a
1271 3504 1478 3560 Latinis
1504 3517 1842 3576 nuncupatur
1869 3509 2004 3564 scri-

439 3595 540 3650 bat.
569 3596 790 3650 lverunt
837 3596 1000 3666 igitur
1054 3597 1211 3651 ambo
1275 3599 1341 3652 ad
1370 3597 1685 3666 Cbaganum
1719 3599 1783 3652 ad
1813 3600 2001 3655 urbem

440 3682 785 3748 Anchialum,
833 3698 897 3736 ac
926 3684 994 3737 de
1028 3685 1256 3740 induciis
1304 3695 1697 3751 tractaverunt,
1739 3698 1798 3744 ut
1849 3701 2005 3746 crant

437 3771 598 3840 jussi.
625 3770 736 3826 Hoc
765 3787 894 3827 vero
926 3789 1027 3826 non
1049 3775 1392 3833 mediocriter
1409 3775 1546 3834 irato
1565 3788 1783 3846 propter
1803 3781 2009 3837 damna

441 3859 544 3914 sibi
569 3859 736 3926 illata,
791 3863 882 3915 sed
920 3862 1270 3918 insolentiora
1305 3879 1522 3934 quoque
1551 3867 1716 3922 multo
1751 3869 2005 3924 minitan-

444 3960 515 4012 te,
546 3965 728 4004 nturos
755 3950 989 4022 Longos,
1025 3953 1101 4008 sic
1148 3954 1341 4021 dictos,
1373 3954 1718 4024 disjecturum
1747 3976 1759 4010 :
1800 3958 2005 4027 Elpidio

443 4051 622 4095 autem
647 4043 939 4102 lenioribus
983 4054 1167 4099 uteute
1205 4047 1401 4110 verbis,
1432 4063 1594 4116 quam
1633 4058 1690 4102 ut
1725 4051 1794 4103 ita
1824 4059 2004 4104 retun-

443 4133 593 4187 deret
618 4133 857 4188 inflatum
879 4135 1120 4206 Chagani
1149 4136 1366 4202 fastum,
1393 4137 1764 4194 Comentiolus
1784 4142 2005 4196 cordate

441 4231 498 4276 et
537 4221 704 4279 libere
727 4223 922 4295 linguae
974 4226 1359 4293 ingenuitatem
1390 4229 1642 4292 ostendit,
1674 4240 1728 4283 et
1763 4230 1999 4284 Romana

441 4316 710 4383 libertate,
738 4319 789 4372 in
838 4320 1053 4374 modum
1083 4331 1244 4375 casta:
1277 4322 1500 4388 alicujus
1528 4323 1756 4378 dominre
1787 4325 2002 4379 intami-

444 4416 568 4462 nate
603 4418 838 4472 servata,
866 4425 963 4464 nec
1012 4411 1296 4466 adulteriis
1343 4413 1499 4482 1'77
1535 4424 1783 4483 corrupta
1817 4415 2002 4501 adula-

442 4497 702 4565 tionibus,
741 4515 922 4554 coram
967 4505 1249 4571 pracipuis
1277 4504 1658 4568 Barbarorum,
1698 4515 1855 4573 atque
1888 4497 2004 4575 ipso

443 4589 576 4642 adeo
610 4589 863 4658 Chagano
892 4593 1048 4647 dixit.
1081 4592 1344 4656 Quoniam
1378 4609 1504 4650 vero
1532 4610 1726 4663 ntagna
1753 4597 1864 4652 bzec
1890 4614 2004 4654 meo

443 4679 571 4732 dum
609 4680 661 4733 in
697 4681 870 4734 verbis
891 4683 1266 4750 egrediebatur
1288 4688 1654 4755 reprehensio,
1687 4703 1752 4743 ex
1781 4688 1993 4745 fervore

347 4768 352 4772 ’
439 4769 738 4838 sanguinis,
799 4769 1092 4842 impotente
1123 4775 1203 4829 sui
1249 4777 1448 4843 animo,
1476 4793 1574 4847 per
1605 4786 1774 4834 totam
1810 4777 2000 4834 faciem

442 4859 515 4912 ita
545 4874 654 4928 pra:
675 4860 754 4914 ira
777 4863 1009 4929 erubuit,
1037 4873 1114 4928 ut,
1141 4880 1259 4919 cum
1291 4868 1512 4922 omnino
1541 4868 1701 4926 facies
1728 4870 1846 4940 ejus
1861 4884 2008 4939 pra:-

441 4948 628 5015 ferret,
653 4967 751 5006 nec
777 4952 969 5022 legatis
1012 4957 1232 5024 quidem
1264 4971 1324 5012 se
1351 4974 1653 5026 parsurum,
1704 4962 1997 5016 maximum

441 5057 504 5094 es
540 5042 784 5097 oratione
816 5043 917 5097 ista
975 5045 1311 5101 Comentiolo
1347 5050 1650 5106 immineret
1679 5051 1997 5120 periculurn.

442 5136 648 5192 Violata
678 5138 820 5193 enim
842 5138 1117 5192 Barbarus
1135 5139 1426 5210 legatorum
1461 5141 1740 5210 religione,
1770 5142 2002 5199 Comen-

442 5225 627 5280 tiolum
660 5227 713 5280 in
739 5226 946 5281 vincula
981 5226 1236 5295 conjecit,
1301 5241 1532 5296 cumque
1581 5228 1912 5283 detineretur
1947 5229 1998 5282 in

443 5332 660 5373 carcere
693 5319 856 5386 pedes
905 5317 1022 5386 ejus
1058 5318 1112 5370 in
1147 5317 1307 5372 robur
1337 5319 1629 5386 cont-ludit,
1667 5322 2000 5375 tabernacu-

442 5405 660 5474 lninqne
689 5407 982 5478 legatorum
1013 5408 1300 5470 destruxit,
1329 5423 1393 5462 ac
1429 5409 1553 5463 inde
1579 5425 1677 5479 pro
1704 5426 1854 5466 more
1887 5413 2001 5468 istis

445 5498 746 5563 regionibus
773 5508 1030 5553 consueto
1064 5514 1162 5568 pro
1190 5514 1347 5568 pinna
1382 5508 1608 5554 mortem
1643 5511 1723 5555 cst
1746 5503 1998 5567 minatus,

447 5587 725 5649 posteriori
769 5599 945 5644 autent
993 5590 1080 5644 die
1131 5605 1250 5643 cum
1289 5590 1525 5646 sedatior
1554 5591 1661 5658 jam
1697 5601 1858 5656 esset,
1890 5593 2002 5649 ido-

2105 3323 2415 3392 πραίτωρος
2457 3321 2720 3378 ἐπιϐάντα
2772 3320 3050 3391 βημάτων·
3083 3320 3224 3390 ἀρχὴ
3278 3321 3336 3373 δέ
3390 3337 3472 3382 τις
3524 3321 3666 3388 αὕτη

2105 3412 2258 3482 παρὰ
2307 3413 2597 3481 Ῥωμαίοις
2669 3412 2769 3466 οὐκ
2827 3413 3107 3482 ἄκομψοςυ
3167 3412 3258 3465 καὶ
3310 3411 3673 3480 Κομεντίυλον

2105 3502 2273 3572 ἄνδρα
2308 3503 2414 3556 τῶν
2448 3503 2926 3572 σωματοφυλάκων
2948 3503 3039 3556 τοῦ
3066 3503 3328 3573 βασιλέως
3359 3503 3671 3570 ὑπερφερὸο

2108 3610 2288 3664 μενον,
2316 3593 2600 3662 Σκρίὸωνα
2637 3594 2780 3650 κατὰ
2823 3593 3102 3655 Λατίνους.
3139 3585 3310 3644 1Ἧκον
3345 3592 3474 3659 γοῦν
3502 3591 3674 3658 ἄμφω

2106 3686 2255 3756 παρὰ
2310 3686 2402 3739 τὸν
2458 3687 2709 3754 Χαγάνον
2761 3685 2855 3738 ἐπὶ
2898 3686 2998 3754 τὴν
3058 3683 3360 3752 ’Δγχίαλον.
3404 3682 3498 3734 καὶ
3544 3684 3674 3749 περὶ

2107 3777 2349 3830 σπονδῶν
2380 3775 2566 3845 ἠξίουν
2601 3777 2676 3840 ὡς
2719 3774 3190 3844 προσετάχθησαν.
3227 3771 3333 3826 Τοῦ
3367 3772 3424 3825 δὲ
3457 3773 3531 3842 μὴ
3563 3788 3662 3840 με·

2103 3868 2527 3940 τριοπαθοῦντος
2559 3869 2652 3920 ἐπὶ
2677 3871 2790 3929 τοῖς
2822 3866 3179 3936 ἀδικήμασιν,
3210 3865 3348 3918 ἀλλὰ
3379 3865 3474 3917 καὶ
3503 3880 3676 3934 προσ-

2103 3958 2448 4022 απειλοῦντος
2493 3959 2930 4029 αὐθαδικώτερον
2969 3957 3040 4010 τὰ
3083 3957 3351 4026 λεγόμενα
3381 3956 3546 4026 Τείχη
3574 3972 3673 4007 xa-

2105 4049 2388 4119 θαιρήσειν
2450 4050 2694 4120 Μακράο
2730 4050 2823 4102 καὶ
2874 4048 2968 4101 τοῦ
3017 4048 3114 4118 μὲν
3160 4046 3427 4100 Ἐλπιδίου
3471 4045 3674 4112 ὑποχα-

2105 4139 2300 4202 λῶντος
2329 4143 2441 4202 τοῖς
2467 4140 2668 4208 λόγοις,
2705 4141 2798 4192 καὶ
2831 4140 2903 4210 μὴ
2945 4139 3144 4192 οὑτωσὶ
3184 4137 3242 4190 δὲ
3277 4135 3669 4205 Θεραπευοντος

2106 4230 2472 4298 οίδαινόμενον
2521 4231 2806 4299 φρύαγμαο
2852 4229 3209 4299 Κομεντίολος
3258 4225 3672 4297 μεγαλοφρόνως

2103 4323 2200 4392 τὴν
2253 4323 2353 4393 τῆς
2399 4322 2644 4393 γλώττης
2697 4321 2976 4390 εὐγένειαν
3024 4319 3386 4374 ἐπεδείκνυτο.
3448 4318 3563 4386 Τήν
3613 4334 3672 4368 τε

2111 4413 2423 4484 Ῥωμαϊκὴν
2463 4412 2777 4482 ἐλευθερίαν
2801 4453 2816 4477 ,
2866 4412 3023 4481 δίκην
3068 4409 3344 4479 σώφρονος
3381 4408 3672 4472 δεσποίνης

2099 4505 2265 4568 τινὸς,
2305 4505 2574 4574 ἄχραντον
2611 4503 2936 4572 Θαλαμεύων
2969 4502 3062 4554 καὶ
3091 4502 3164 4570 μὴ
3189 4499 3516 4566 διαφθείρων
3556 4513 3672 4565 μοι·

2093 4597 2273 4664 χικαίς
2329 4594 2658 4657 κολακείαις,
2720 4593 2826 4645 τῶν
2883 4591 3316 4658 ἀξιολογοτέρων
3376 4587 3672 4657 βαρϐάρων

2096 4685 2214 4752 ἅμα
2241 4683 2318 4751 τῷ
2354 4683 2588 4754 Χαγάνῳ
2619 4683 2902 4753 παρόντων
2939 4677 3112 4734 εἶπεν·
3162 4681 3283 4732 ἐπεὶ
3339 4679 3385 4731 δ’
3427 4680 3456 4730 ὁ
3497 4679 3670 4744 μέγας

2095 4769 2250 4838 οὗτος
2291 4773 2674 4843 διεπερατοῦτο
2705 4775 2816 4834 τοῖς
2845 4773 3086 4844 ῥήμασιν
3129 4771 3344 4839 ἐλεγχος
3366 4809 3380 4833 ,
3416 4768 3672 4831 ἁνάζεσις

2098 4865 2328 4935 αἵματος
2361 4865 2532 4935 μέγαν
2551 4864 2627 4934 τῷ
2649 4865 2886 4934 Χαγάνῳ
2909 4863 3080 4932 Θυμὸν
3110 4860 3498 4929 ἐπεκύμαινεν,
3527 4861 3590 4911 τό
3611 4875 3667 4909 τε

2097 4958 2384 5028 πρόσωπον
2417 4957 2566 5017 ἅπαν
2613 4956 2715 5009 ὑπὸ
2755 4957 2852 5024 τῆς
2886 4955 3058 5024 ὀργῆς
3101 4953 3458 5023 ὲφοινίσσετοο
3491 4947 3682 5004 διόλου

2096 5065 2155 5101 τε
2204 5049 2296 5102 τοῦ
2342 5049 2619 5118 σχήματος
2667 5045 3097 5115 ὑποδηλοῦντος,
3137 5045 3220 5098 ὅτι
3274 5043 3349 5113 μὴ
3379 5043 3486 5096 τῶν
3530 5042 3663 5110 πρέ-

2101 5140 2275 5192 σϐεων
2305 5140 2570 5207 φείσεται,
2606 5137 2859 5207 μέγιστος
2891 5135 3188 5206 ἀπῃώρητο
3214 5135 3291 5202 τῷ
3324 5133 3670 5203 Κομεντιὸλῳ

2100 5231 2165 5284 ὲκ
2210 5233 2308 5300 τῆς
2339 5229 2626 5294 διαλέξεως
2658 5228 2916 5290 κίνδυνος.
2952 5227 3063 5296 Τὴν
3100 5227 3207 5296 γὰρ
3251 5227 3358 5279 τῶν
3389 5224 3668 5294 πρέσδεων

2099 5323 2127 5375 ὁ
2175 5321 2452 5392 Βᾶρὸαρος
2495 5320 2812 5390 διαςοϐείρας
2851 5318 3010 5381 αἰδὼ,
3055 5319 3272 5388 δεσμοῖς
3314 5319 3406 5370 τὸν
3457 5320 3665 5386 Κομεν-

2100 5412 2276 5464 τίολον
2303 5410 2597 5480 ἠτίμωσεν·
2626 5410 2684 5462 ἐν
2727 5409 2874 5478 ἔρσει
2903 5425 2962 5460 τε
2995 5407 3166 5472 ξύλων
3208 5407 3518 5476 ποδοκάκκη
3543 5406 3662 5465 τοὺς

2102 5503 2268 5567 πόδας
2319 5501 2597 5565 ὑπεολιϐε,
2643 5500 2765 5553 τότε
2801 5501 3168 5569 σκηνοπήγιον
3197 5499 3449 5570 διέρρηξε
3473 5499 3535 5550 τὸ
3569 5495 3659 5549 τοῦ

2105 5594 2404 5665 πρέσϐεως.
2447 5590 2752 5646 Κάειτεῦθεν
2805 5592 3081 5662 ἐπιχωρίῳ
3130 5591 3279 5661 νόμῳ
3321 5590 3441 5643 -τινὶ
3495 5584 3666 5658 ζημία
