4012 6214
314 275 422 338 929

1075 278 1170 336 DE
1211 277 1773 340 LEGATIONIBUS
1809 230 2297 340 ῘὶΟἈ-ΙΛΝΟΒΗΜ
2335 281 2434 338 AD
2467 280 2779 342 GENTES.

3449 291 3552 353 930

320 391 550 451 θάνατος
582 385 648 461 ἦν
681 390 1094 460 ἀπειλούμενος.
1145 391 1222 461 Τῇ
1275 391 1332 444 δὲ
1385 393 1646 463 ὑστεραίᾳ
1697 393 1765 448 τὰ
1800 394 1893 447 τού

2001 395 2114 448 neis
2153 394 2218 448 ad
2268 408 2390 448 eam
2424 409 2535 449 rem
2581 393 2920 450 sermonibus
2947 396 3214 451 adhortati
3247 399 3556 469 Chaganum

317 481 491 550 θυμοῦ
522 483 908 549 κατευνὰςετο,
931 484 1108 551 λόγοις
1128 500 1186 535 τε
1216 483 1460 548 πιθανοῖς
1481 487 1891 556 παρηγοροῦντο

315 577 362 626 οἱ
393 573 503 626 τῶν
533 573 836 644 Βαρϐάρων
886 574 1245 629 δυνατώτατοι
1271 577 1361 630 τὸν
1386 579 1637 644 Χαγάνον
1663 579 1891 640 ύποπεί-

317 665 524 728 θοντες,
575 666 723 729 ὅπως
759 665 836 736 μὴ
870 651 1197 735 δογματίσοι
1225 668 1366 723 κατὰ
1393 669 1756 737 Κομεντιόλου
1799 671 1890 722 τὸν

319 755 574 809 θάνατον.
619 756 729 807 Καὶ
770 754 1020 808 πείθουσι
1049 757 1210 828 μέχρι
1243 757 1351 813 τῶν
1397 757 1612 827 δεσμῶν
1643 761 1886 829 ἀποχρή-

321 862 435 897 σειν
465 846 765 899 ἀδικεῖσθαι
818 847 944 909 τοὺς
990 847 1265 917 πρέσϐεις.
1329 847 1653 912 Ἐπινεύσας
1713 849 1810 904 οὖν
1863 853 1890 904 ό

329 937 578 1004 Χαγάνος
602 938 982 1007 ὴτιμωμένους
1019 940 1075 1002 ές
1117 938 1360 1008 βασιλέα,
1397 941 1698 1011 ἐξέπεμπε,
1722 959 1890 1012 σωτηο

325 1029 449 1098 ρίαν
475 1029 534 1079 ού
574 1028 934 1099 προσδόκιμόν
963 1044 1148 1096 σφισιν
1188 1031 1370 1094 αὐτοῖς
1410 1031 1818 1100 δωρησάμενος.

399 1119 517 1170 Ὅτι
547 1117 642 1170 τοῦ
675 1118 921 1181 ὲπιόντος
954 1118 1106 1180 ἔτους
1159 1119 1320 1174 πάλιν
1347 1121 1375 1172 ὁ
1409 1120 1677 1183 Ἐλπίδιος
1705 1121 1798 1172 ἐπὶ
1823 1123 1890 1190 τῇ

325 1208 460 1276 αὐτῇ
507 1206 772 1276 πρεσϐείᾳ
804 1209 1206 1278 χειροτονηθεὶς
1235 1210 1648 1263 ἀποστέλλεται⁶
1689 1212 1784 1264 καὶ
1817 1211 1892 1274 ὡς

325 1298 416 1348 τὸν
467 1297 719 1364 Χαγάνον
773 1298 1098 1366 γενόμενος,
1147 1298 1330 1370 ἐζήτει
1384 1300 1723 1371 πρεσϐευτὴν
1777 1303 1894 1371 ἅμα

325 1389 473 1458 αὐτῷ
495 1391 551 1452 ἐς
583 1388 806 1458 βασιλέα
837 1389 1114 1458 γενέσθαι,
1148 1391 1296 1454 ὅπως
1316 1393 1765 1462 ἀναζωπυρήσειε
1793 1395 1893 1456 τὰς

327 1479 578 1542 σπονδάς.
612 1481 722 1532 Καὶ
771 1481 972 1533 εἴκοσιν
1010 1482 1211 1551 ἑτέρων
1243 1481 1496 1552 χιλιάδων
1528 1484 1745 1553 χρυσῶν
1775 1488 1894 1548 ταῖς

329 1569 628 1641 συνθήκαις
671 1570 861 1640 εἴησαν
902 1572 988 1625 ἐπ’
1030 1574 1365 1643 αύξήματος.
1421 1576 1482 1628 'O
1539 1577 1595 1628 δὲ
1643 1577 1894 1644 Χαγάνος

325 1657 451 1718 τοὺς
483 1653 673 1724 λόγους
728 1660 816 1712 έσε
830 1662 1088 1730 ποιήσατο
1119 1663 1354 1734 Ταργιόν
1382 1682 1440 1717 τε
1470 1666 1547 1736 τῷ
1570 1664 1676 1719 τῶν
1729 1667 1887 1720 Ἀόὰ·

1994 488 2355 544 Barbarorutn
2423 490 2785 558 potentissimi
2844 502 3247 557 persuaserunt,
3310 508 3375 546 ne
3428 494 3555 560 quid

1991 581 2093 634 sibi
2126 589 2453 648 proponeret
2514 582 2580 634 de
2635 591 2807 634 morte
2848 579 3189 647 Comeutioli,
3247 599 3382 638 neve
3415 585 3555 638 ultra

1991 669 2206 724 vincula
2255 671 2382 738 quid
2441 670 2674 742 amplius
2732 679 2920 724 contra
2975 671 3175 740 legatos
3238 683 3552 727 tentaretur.

1991 757 2348 813 Consentieus
2388 759 2464 813 ita
2490 760 2776 830 Chaganus
2835 761 3056 829 legatos,
3095 762 3324 831 largitus
3368 763 3554 817 iisdem

1994 863 2100 904 non
2132 861 2496 919 exspectatam
2525 851 2774 915 salutem,
2810 850 3038 907 violatos
3077 854 3142 906 ad
3177 855 3555 923 imperatorem

1998 941 2240 996 remittit.

2065 1115 2217 1183 Quod
2271 1113 2479 1186 relapso
2531 1132 2673 1173 anno
2706 1120 2896 1174 iterum
2951 1115 3188 1190 Elpidius
3218 1124 3286 1178 ad
3317 1125 3560 1179 eamdem

1995 1209 2314 1280 legationem
2365 1210 2606 1264 omnium
2661 1211 2936 1280 suffragiis
2981 1213 3203 1280 electus,
3233 1217 3430 1271 missus
3457 1226 3559 1271 est.

1997 1297 2045 1355 Is
2069 1315 2190 1354 cum
2231 1309 2371 1354 esset
2412 1299 2552 1369 apud
2609 1300 2924 1370 Chagauum
2983 1301 3212 1370 legatqu
3248 1306 3563 1372 postulavit,

1994 1391 2083 1460 qui
2117 1405 2221 1444 una
2255 1405 2438 1446 secum
2474 1391 2540 1446 ad
2579 1393 2959 1462 imperatorem
3011 1393 3472 1461 proficisceretur,
3506 1406 3564 1449 ut

1994 1483 2073 1536 sic
2119 1482 2347 1537 induciis
2403 1485 2738 1548 restauratis,
2765 1485 2955 1554 viginti
3008 1485 3126 1539 alia:
3154 1487 3268 1541 auri
3304 1487 3562 1541 cbiliades

1995 1574 2357 1642 adjicerentur
2383 1574 2523 1643 plus,
2553 1589 2712 1643 quam
2740 1583 2866 1627 ante
2893 1585 3109 1643 pactum
3155 1586 3294 1631 erat.
3349 1577 3562 1644 (inagn-

1999 1683 2100 1721 nus
2128 1676 2312 1721 autem
2337 1667 2588 1720 admissis
2609 1667 2783 1730 bisce,
2814 1660 3071 1734 Targinm
3103 1667 3368 1721 illustrem
3420 1672 3560 1737 apud

322 1765 437 1815 ρων
469 1747 620 1818 φύλῳ
656 1749 825 1820 ἄνδρα
853 1752 1237 1820 περίϐλεπτον,
1267 1755 1344 1818 ὡς
1378 1755 1468 1808 τὸν
1509 1757 1763 1826 Καίσαρα
1799 1760 1894 1811 σὺν

2001 1759 2252 1826 populum
2271 1756 2569 1811 Abarorum
2593 1757 2791 1819 virum,
2819 1755 2888 1811 ad
2913 1755 3178 1811 Caesarem
3210 1773 3330 1812 cum
3356 1758 3563 1827 Elpidio

339 1840 594 1910 ἠελπιδίῳ
627 1843 980 1913 παρέπεμπε.
1017 1845 1080 1898 Τί
1112 1846 1274 1900 πάλιν
1302 1849 1350 1900 ei
1386 1847 1614 1917 Ἀὅαροι
1641 1852 1738 1912 τὰς
1773 1869 1896 1903 συν-

325 1937 498 2006 θήκας
555 1936 673 2007 μετ’
716 1939 777 1990 οὗ
836 1939 968 1993 πολὺ
1027 1940 1272 2011 διέχεον,
1312 1945 1411 2014 τήν
1487 1962 1545 1998 τε
1595 1946 1899 2017 ὁμαιχμίαν

324 2029 401 2089 εἰς
458 2029 520 2080 τὸ
586 2029 819 2098 φανερὸν
895 2031 1374 2102 ἀνδραποδίζονται
1411 2075 1426 2099 ,
1466 2036 1604 2102 λέξω
1673 2039 1731 2092 δὲ
1800 2040 1898 2111 τὴν

327 2123 530 2184 αἰτίαν,
609 2123 719 2175 οὐδ’
775 2123 1084 2195 ἀναίνομαι.
1169 2127 1378 2199 Σκύθης
1459 2131 1598 2200 ἀνὴρ
1669 2132 1898 2187 Βολοκα-

330 2211 509 2280 λάϐρα
578 2215 678 2284 τὴν
717 2214 1027 2285 ἐπωνυμίαν
1065 2221 1460 2290 περιαγόμενος
1529 2215 1684 2286 οὗτος
1745 2241 1899 2292 τηνι-

332 2304 506 2356 καῦτα
562 2307 753 2374 καιροῦ
793 2307 1162 2376 φιλοκίνδυνον
1232 2310 1506 2382 τόλμημα·
1566 2314 1900 2384 παρευνάζε-

329 2413 418 2447 ται
469 2395 577 2464 γὰρ
621 2398 698 2448 ἑνὶ
759 2398 865 2450 τῶν
909 2402 1001 2452 τοῦ
1041 2401 1288 2468 Χαγάνου
1321 2405 1612 2471 γυναικῶν,
1645 2407 1804 2479 ἡδονῇ
1840 2426 1898 2461 τε

333 2489 564 2559 βραχείᾳ
620 2489 945 2556 δελεασθεὶς,
994 2495 1073 2556 είς
1130 2495 1370 2563 μεγάλας
1429 2497 1601 2567 ἄρκυς
1665 2499 1897 2554 Θανάτου

329 2579 674 2649 έμπέπηχεν.
717 2581 1097 2654 Ὑποτοπήσας
1119 2585 1175 2637 δὲ
1210 2588 1392 2656 μήπου
1415 2588 1476 2639 τὸ
1499 2589 1669 2643 κακὸν
1707 2609 1895 2662 φωρα-

331 2664 472 2733 θείη,
510 2665 603 2717 καὶ
639 2669 1000 2734 περίϐλεπτον
1049 2671 1228 2726 ὡδίνοι
1262 2675 1353 2727 τὸν
1395 2676 1636 2746 ἔλεγχον,
1675 2680 1898 2733 ύποπεί-

331 2773 429 2818 σας
479 2757 544 2808 ἐκ
585 2758 695 2812 τῶν
745 2760 1002 2832 ὑπηκόων
1037 2761 1234 2834 ἄνδρας
1261 2764 1328 2833 ζ’,
1367 2767 1468 2838 τὴν
1498 2770 1678 2840 φυγὴν
1716 2772 1810 2826 ἐπὶ
1836 2765 1900 2824 τὸ

325 2852 626 2920 ἀρχέγονον
676 2853 856 2908 ἐποίει
890 2855 954 2908 τὺ
996 2856 1182 2925 φῦλον.
1210 2858 1399 2914 Οὖννοι
1421 2861 1466 2914 δ’
1482 2855 1650 2928 οὗτοι,
1684 2883 1902 2936 προσοι-

331 2943 550 3008 κοῦντες
601 2943 701 3014 τὴν
740 2945 857 3000 Ἕω
881 2983 896 3009 ,
942 2947 1169 3017 Περσῶν
1205 2949 1609 3022 πλησιόχωροι,
1664 2952 1758 3016 οὒς
1807 2955 1902 3008 καὶ

331 3034 603 3104 Τούρκους
626 3037 924 3089 ἀποκαλεῖν
957 3039 1069 3101 τοῖς
1098 3039 1312 3104 πολλοῖς
1339 3043 1765 3113 γνωριμότερονι
1792 3045 1902 3097 Καὶ

330 3121 422 3178 οὖν
485 3126 901 3198 διαπορθμεύων
960 3129 1050 3184 τὸν
1104 3131 1334 3201 Ἵστρον,
1376 3133 1468 3186 ἐπὶ
1495 3133 1595 3204 τὴν
1637 3135 1902 3188 Λιὸίδινον

331 3217 484 3270 πόλιν
513 3220 844 3288 φερόμενος,
875 3220 1037 3283 ἁλοὺς
1088 3221 1191 3274 ὑπό
1228 3238 1369 3285 τινος
1421 3223 1528 3276 τῶν
1579 3223 1902 3293 Ῥωμαϊκῶν

329 3311 616 3376 ἡγεμόνων
676 3312 785 3364 τῶν
855 3312 914 3376 ές
977 3314 1223 3385 φρουρὰν
1279 3317 1735 3385 συντεταγμένων
1809 3315 1902 3368 τοῦ

334 3403 570 3470 Ἴστρου,
616 3403 674 3456 τό
715 3421 775 3457 τε
816 3405 974 3472 γένος
1033 3405 1249 3476 ἐδήλου,
1289 3407 1384 3460 καὶ
1432 3406 1528 3470 τὰς
1589 3407 1754 3461 πάλαι
1792 3408 1904 3461 δια-

328 3493 559 3562 τριϐὰς,
618 3497 710 3548 καὶ
765 3496 862 3566 τὴν
907 3497 1159 3552 ἐντεῦθεν
1231 3498 1634 3551 έπελαύνουσαν
1684 3499 1898 3569 ἡδονήν.

344 3585 497 3639 Ἐπεὶ
527 3586 582 3638 δὲ
614 3586 836 3648 πιθανὸς
874 3587 1050 3640 ἐδόκει
1096 3591 1162 3658 τῇ
1205 3589 1452 3659 διηγήσει
1487 3589 1579 3642 τοῦ
1611 3591 1902 3661 ἀτυχήμα-

328 3692 444 3738 τος,
484 3675 633 3745 παρὰ
675 3676 765 3728 τὸν
806 3677 1182 3748 αὐτοκράτορα
1227 3678 1332 3732 ὑπὸ
1364 3679 1458 3732 τοῦ
1501 3680 1764 3749 ἡγεμόνος
1793 3699 1902 3733 πα-

330 3767 700 3836 ραπέμπεται’
730 3769 1020 3822 κάντεῦθεν
1047 3771 1264 3824 ἐδόκουν
1297 3773 1350 3824 αἱ
1387 3773 1692 3843 Ῥωμαϊκαὶ
1738 3789 1902 3825 σπον-

326 3858 414 3908 δαὶ
447 3857 818 3928 διασχίζεσθαι
845 3876 858 3891 ·
890 3861 984 3914 καὶ
1039 3862 1494 3932 παραγυμνοῦται
1553 3867 1582 3916 ὁ
1640 3861 1900 3930 πόλεμος,

329 3949 409 4000 ἔτι
433 3951 676 4020 Ταργίτα
728 3951 818 4004 τοῦ
884 3952 1162 4021 βασιλικοῦ
1211 3953 1582 4015 έπιῦαίνοντος
1620 3953 1812 4016 ἄστεος
1844 3956 1902 4008 ὲν

331 4041 613 4108 πρέσϐεων
648 4047 813 4112 μοίρᾳ
844 4046 936 4096 καὶ
960 4044 1050 4097 τὸν
1107 4044 1397 4111 ἐγκύκλιον
1458 4044 1690 4097 πλοῦτον
1752 4045 1902 4115 παρὰ

339 4127 624 4198 Ῥωμαίων
648 4133 1082 4203 ὑποθερίζοντος,
1102 4133 1162 4187 ὃν
1189 4136 1244 4189 αἱ
1266 4135 1531 4205 συνθῆκαι
1557 4136 1634 4206 τῷ
1665 4136 1902 4208 Χαγάνῳ

326 4222 411 4274 ἀν’
438 4223 552 4286 ἔτος
583 4225 910 4278 έδλάστανον
954 4226 1203 4280 ἕκαστον.
1239 4226 1412 4280 Τοῦτό
1437 4245 1516 4281 τοι
1551 4228 1644 4281 καὶ
1678 4228 1902 4298 βασιλέα

327 4315 428 4366 οὐκ
474 4316 784 4385 ἀποτρόπου
811 4318 946 4386 πρὸς
983 4317 1152 4389 ὀργὴν
1199 4320 1543 4391 ύπερέθισεν,
1579 4321 1676 4392 οὐχ
1703 4322 1902 4392 ἥκιστα

2002 1847 2168 1901 misit.
2218 1847 2328 1900 Cur
2387 1847 2548 1916 igitur
2593 1845 2753 1900 Abari
2795 1847 3038 1903 inducias
3089 1858 3194 1903 non
3247 1849 3412 1904 multo
3442 1861 3564 1918 post

1999 1938 2364 2003 confuderint,
2397 1947 2451 1992 et
2482 1938 2676 1992 bellum
2705 1949 2890 2008 aperte
2914 1942 3322 2010 resumpserint,
3343 1957 3560 1996 causam

1999 2031 2244 2100 equidem
2275 2031 2470 2094 dicam,
2502 2045 2600 2083 nec
2631 2029 2890 2084 detrecto.
2927 2022 3018 2085 Vir
3038 2040 3153 2085 erat
3187 2031 3400 2086 natione
3428 2033 3562 2102 Sey-

2002 2121 2113 2186 tha,
2154 2121 2504 2177 Bolocalabra
2535 2123 2772 2188 nomine,
2803 2123 2890 2178 hic
2924 2131 3034 2176 tum
3066 2125 3320 2192 temporis
3345 2125 3560 2192 pericu-

2000 2212 2170 2266 losum
2206 2213 2528 2281 perpetravit
2563 2214 2772 2268 facinus
2818 2231 2832 2266 :
2868 2214 3133 2282 siquidem
3182 2229 3304 2268 cum
3347 2231 3449 2267 una
3497 2231 3560 2268 ex

1999 2305 2316 2359 concubinis
2346 2305 2585 2374 Chagaui
2626 2321 2736 2359 rem
2762 2306 2969 2370 habuit,
3016 2317 3067 2360 et
3097 2299 3244 2360 brevi
3296 2305 3564 2373 voluptate

2001 2396 2298 2462 inescatus,
2353 2397 2407 2450 in
2442 2413 2662 2465 magnus
2695 2397 2886 2450 mortis
2935 2407 3074 2450 retes
3103 2414 3157 2451 se
3187 2397 3436 2466 cenjeeit,
3471 2413 3563 2449 ve-

2000 2489 2138 2542 ritus
2171 2498 2349 2543 autem
2393 2503 2460 2542 ne
2487 2480 2776 2558 aliquando
2807 2487 3017 2543 facinus
3048 2489 3146 2542 boc
3171 2489 3562 2556 deprehensum

2001 2579 2244 2649 ingentes
2305 2593 2491 2648 pinnas
2545 2579 2861 2648 parturiret,
2911 2581 3184 2648 persuasis
3213 2596 3276 2633 ex
3335 2580 3567 2633 subditis

2002 2669 2308 2724 hominibus
2333 2678 2538 2738 septem
2579 2667 2815 2738 profugit
2839 2670 2904 2724 ad
2940 2670 3235 2739 antiquam,
3266 2684 3293 2721 a
3324 2684 3426 2737 qua
3463 2670 3566 2722 orti

1999 2771 2174 2825 erant,
2207 2771 2441 2830 gentem.
2473 2759 2651 2814 Hunni
2677 2775 2738 2815 ea
2764 2770 2910 2826 sunt,
2941 2759 3245 2824 habitantes
3262 2758 3562 2823 Orientem,

2002 2853 2089 2905 ubi
2127 2852 2333 2905 vicinus
2358 2860 2442 2906 est
2480 2842 2683 2916 Persis,
2738 2867 2873 2922 quos
2925 2851 3128 2907 Turcas
3170 2853 3332 2908 etiam
3395 2855 3566 2906 nomi—

2003 2944 2120 2996 nari
2177 2942 2416 3011 pluribus
2442 2942 2552 3010 jam
2594 2952 2824 2999 constat.
2862 2943 3048 3012 Itaque
3084 2945 3400 2998 transmisso
3431 2943 3566 2997 Istro

2003 3049 2124 3086 eum
2157 3034 2399 3088 tenderet
2446 3033 2513 3086 ad
2576 3032 2880 3087 Libidinum
2916 3035 3124 3098 urbem,
3179 3032 3507 3104 interceptus
3533 3051 3562 3086 a

2008 3128 2247 3180 Romano
2299 3125 2530 3194 quodam
2583 3126 2739 3189 duce,
2772 3140 2957 3178 eorum
2995 3126 3190 3193 quibus
3225 3135 3310 3182 est
3343 3129 3566 3180 deman-

2004 3219 2128 3270 data
2177 3214 2299 3269 lstri
2345 3217 2612 3282 custodia,
2657 3227 2709 3271 et
2733 3224 2944 3286 gentem
2974 3232 3124 3271 suam
3154 3217 3430 3286 professus
3460 3227 3564 3282 est,

2003 3316 2056 3361 et
2115 3307 2380 3376 quomodo
2441 3308 2683 3373 vixisset,
2739 3322 3008 3376 quamque
3070 3307 3192 3361 inde
3239 3307 3562 3375 voluptatem

2005 3399 2349 3466 percepisset,
2381 3399 2637 3467 quoniam
2665 3412 2791 3450 vero
2845 3398 3072 3453 idoneus
3094 3398 3244 3452 visus
3271 3409 3352 3452 est
3379 3398 3444 3452 ad
3467 3414 3564 3451 ex-

2006 3489 2282 3559 ponendos
2327 3505 2486 3545 casus
2520 3506 2646 3545 suos
2693 3491 2756 3544 ad
2798 3491 3174 3560 imperatorem
3228 3491 3478 3552 mittitur,
3514 3500 3567 3544 et

2007 3581 2107 3634 bac
2136 3581 2418 3634 occasione
2465 3582 2691 3635 induciae
2741 3581 2996 3637 Romamn
3021 3583 3270 3637 videntur
3289 3598 3408 3636 esse
3445 3584 3569 3635 dis—

2006 3682 2192 3727 tractae
2229 3689 2244 3726 :
2279 3683 2634 3741 exortumque
2699 3675 2892 3727 bellum
2921 3674 3032 3742 jam
3088 3684 3198 3728 tum
3227 3691 3346 3728 cum
3374 3665 3570 3744 Tergi-

2003 3775 2086 3820 tas
2116 3767 2289 3818 adhuc
2329 3766 2380 3818 in
2411 3765 2542 3819 urbe
2565 3766 2723 3834 legati
2757 3775 2897 3820 esset
2933 3767 3094 3834 178
3121 3767 3358 3827 nomine,
3389 3779 3442 3820 et
3471 3783 3567 3819 an-

2005 3856 2331 3911 niversarios
2382 3856 2612 3919 reditus,
2670 3871 2698 3906 a
2759 3855 3017 3909 Romanis
3067 3857 3404 3923 deposceret,
3435 3871 3570 3924 quos

2001 3947 2254 4015 Cliagano
2276 3948 2564 4013 quotannis
2594 3943 2834 3998 ferebant
2865 3944 3115 3998 inducite.
3138 3941 3287 4007 Unde
3317 3959 3419 3998 non
3452 3947 3570 4000 sine

2003 4051 2164 4091 eausa
2217 4035 2384 4089 iratus
2420 4035 2734 4104 imperator,
2771 4050 2892 4089 cum
2927 4049 3031 4089 non
3057 4035 3334 4089 miniumm
3363 4037 3571 4091 videret

2002 4144 2060 4183 se
2086 4129 2507 4182 circumventum
2539 4142 2567 4181 a
2609 4127 2882 4193 Barbaris,
2923 4127 3024 4182 boc
3051 4128 3296 4194 equidem
3323 4129 3572 4200 exigente

2002 4219 2218 4274 divitias
2253 4233 2482 4282 annuas,
2513 4227 2566 4272 et
2613 4217 2830 4286 pacales
2864 4219 3089 4285 reditus,
3125 4219 3224 4273 boe
3254 4227 3436 4274 autem
3465 4237 3568 4275 non

2002 4311 2334 4380 quiescente,
2359 4312 2454 4364 sed
2489 4310 2759 4378 Europam
2789 4309 3100 4374 infestante,
3163 4309 3432 4380 urbesque
3478 4326 3572 4365 va-

328 4407 755 4477 φενακιζόμενον
788 4409 892 4462 ὑπὸ
943 4409 1051 4464 τῶν
1090 4410 1337 4480 ΪΑσάρων
1375 4410 1775 4482 διανοούμενον,
1803 4412 1898 4465 τοῦ

2007 4413 2208 4470 stante,
2243 4401 2458 4472 ejicitur
2507 4402 2756 4472 Targitas
2799 4403 2854 4457 in
2915 4402 3141 4456 insulam
3191 4402 3569 4468 Chalcitidem,

331 4493 432 4562 μὲν
490 4495 824 4561 ἐξαιτοῦντος
879 4499 970 4552 τὸν
1021 4500 1306 4568 ἐγκύκλιον
1344 4501 1589 4568 πλοῦτον,
1651 4503 1746 4556 καὶ
1799 4503 1900 4567 τὰς

329 4588 613 4656 είρηναίας
654 4590 965 4659 προσόδους·
997 4590 1092 4644 τοῦ
1136 4591 1193 4646 δὲ
1231 4593 1305 4662 μὴ
1341 4592 1722 4663 ἀτρεμοῦντος,
1763 4592 1902 4646 ἀλλὰ

328 4678 430 4743 τὴν
466 4678 736 4748 Εὐρώπην
783 4681 1038 4754 δῃοῦντος
1093 4687 1188 4736 καὶ
1213 4685 1548 4748 ἀναστάτους
1579 4685 1904 4754 ποιουμένου

329 4767 428 4829 τὰς
457 4766 659 4830 πόλεις.
723 4769 1196 4842 Ἐξοστρακίζεται
1245 4771 1376 4841 γοῦν
1414 4775 1444 4826 ό
1492 4775 1766 4844 Ταργίτας
1807 4775 1900 4826 ἐπὶ

327 4857 429 4926 τὴν
456 4857 757 4912 Χαλκίτιδα
783 4861 964 4931 νῆσον,
1003 4862 1100 4916 ἐπὶ
1133 4865 1312 4933 μῆνας
1340 4864 1900 4936 σκληραγωγούμενος

289 4945 408 5014 ἐξ.
463 4946 574 4999 Καὶ
606 4948 769 5020 μέχρι
810 4951 1033 5015 τούτου,
1067 4954 1094 5004 ό
1152 4952 1246 5004 τοῦ
1280 4951 1544 5022 βασιλέως
1583 4951 1754 5021 Θυμὸς
1794 4953 1896 5004 ύπσ

327 5040 715 5110 ερλέγμαινεν,
748 5043 1026 5112 ὴπειλεῖτο
1055 5044 1164 5114 γὰρ
1196 5045 1290 5096 καὶ
1341 5043 1568 5107 θάνατος
1619 5044 1756 5098 κατὰ
1807 5045 1904 5098 τοῦ

328 5131 613 5200 πρέσϐεως
657 5133 1104 5204 δογματίζεσθαι.
1136 5137 1198 5190 Οἱ
1223 5135 1267 5188 δ’
1301 5135 1444 5206 ἀμφὶ
1489 5135 1580 5188 τὸν
1631 5135 1902 5204 Χαγάνον,

327 5224 436 5277 τῶν
465 5243 523 5278 τε
553 5226 776 5280 Σκυθῶν
800 5231 923 5291 τοὺς
955 5229 1267 5297 περιοίκους
1296 5228 1638 5299 ἐλυμήναντο
1671 5229 1900 5292 πάντας,

326 5312 472 5369 εἷλόν
485 5335 543 5370 τε
562 5319 747 5382 πόλεις
767 5321 988 5394 πολλὰς,
1003 5320 1144 5391 τὴνΤ
1148 5339 1170 5373 ε
1181 5338 1314 5390 ρατη
1323 5322 1592 5391 ρίδαν,καὶ
1607 5321 1904 5376 Βονώνειαν

327 5405 620 5470 καὶἊκυς,
639 5411 731 5461 καὶ
752 5410 1073 5479 Δορόστολον
1095 5412 1186 5464 καὶ
1223 5411 1496 5476 Σαλπάδα,
1524 5411 1616 5465 καὶ
1639 5412 1902 5479 τὰξῐιανα-

2004 4499 2318 4568 deportatus
2361 4497 2430 4553 ad
2481 4509 2695 4552 menses
2740 4509 2854 4559 sex,
2892 4494 3106 4548 interim
3152 4495 3297 4564 regis
3351 4495 3569 4562 animus

2004 4587 2293 4653 deferbuit,
2327 4587 2418 4657 qui
2459 4597 2632 4642 morte
2663 4600 2879 4656 quoque
2932 4585 2984 4638 in
3035 4584 3272 4652 legatqu
3305 4599 3363 4639 se
3394 4586 3572 4639 anim-

2004 4681 2354 4735 adversurum
2389 4678 2564 4734 fuerat
2619 4679 2875 4734 minatus.
2917 4677 3112 4733 Milites
3154 4692 3281 4733 vero
3330 4677 3571 4747 Cbagaui

2002 4781 2055 4827 et
2103 4756 2341 4842 Scythiae
2390 4771 2650 4826 finitimos
2692 4785 2882 4826 omnes
2905 4771 3275 4839 perdiderunt,
3311 4781 3574 4838 ceperunt

2002 4878 2108 4932 que
2140 4863 2402 4932 plurimas
2431 4861 2613 4925 urbes,
2640 4859 3035 4926 Terateridam,
3055 4862 3375 4925 Bononiam,
3405 4863 3568 4923 Aius,

2007 4952 2367 5014 Dorostolum,
2421 4949 2672 5020 Salpada,
2715 4950 2946 5016 Panasa,
3003 4949 3458 5020 Martianopolim,
3509 4969 3570 5005 ac

2008 5043 2316 5113 Tropaium,
2375 5043 2428 5096 in
2477 5042 2975 5112 quibus-omnibus
3018 5057 3120 5096 non
3171 5043 3410 5098 minimis
3437 5060 3570 5112 opus

2006 5137 2106 5191 fuit
2137 5137 2433 5201 laboribus,
2463 5150 2584 5198 nec,
2629 5135 2754 5189 licet
2791 5150 2978 5204 inagna
3025 5135 3258 5190 acervati
3289 5149 3572 5189 successus

2006 5219 2219 5284 fortuna
2242 5228 2550 5296 adjuvante,
2581 5228 2672 5297 qui
2702 5228 2995 5283 etianmum
3037 5225 3346 5282 inevitabile
3374 5227 3570 5280 malum

2006 5319 2163 5374 affert
2188 5319 2526 5384 lentioribus,
2549 5319 2751 5389 absque
2785 5319 2982 5375 sudore
3009 5328 3064 5374 et
3097 5318 3357 5373 molestiis
3387 5317 3452 5371 ad
3478 5318 3572 5373 de-

2007 5411 2264 5466 ditionem
2289 5410 2538 5480 compelli
2568 5422 2789 5481 potuere
2811 5413 2924 5466 haec
2952 5411 3162 5481 (lpida.

329 5503 417 5563 σὰ,
461 5503 555 5552 καὶ
597 5503 1065 5573 Μαρκιανόπολιν,
1119 5509 1212 5560 καὶ
1259 5508 1556 5578 Τρόπαιον.
1606 5506 1918 5577 Πράγματα
1957 5505 2013 5559 δέ
2058 5508 2106 5560 el
2159 5507 2330 5559 πολλὰ
2359 5507 2666 5578 παρέσχετο
2731 5509 2763 5577 ἡ
2809 5507 3144 5577 έγχείρησις.
3195 5504 3268 5558 Οὐ
3303 5505 3411 5576 γὰρ
3477 5507 3575 5559 ἁν-

331 5596 519 5666 ιδρωτὶ
587 5599 680 5651 καὶ
726 5601 1176 5673 ἀπεριμερίμνως
1231 5604 1356 5660 τάδε
1433 5607 1848 5676 παρεστήσαντο
1919 5605 1986 5657 τὰ
2061 5603 2396 5673 πολίσματα.
2459 5603 2648 5656 Καίτοι
2705 5603 2945 5672 μεγάλης
2999 5601 3398 5672 ὲπικουρούσης
3453 5601 3573 5653 έπι-

329 5688 521 5753 πνοιας
550 5690 696 5761 αὗτῷ
722 5693 819 5764 τῆς
846 5694 1047 5766 ἀθρόας
1077 5695 1479 5765 ἐπεφοιτήσεως
1509 5736 1524 5762 ,
1565 5697 1685 5767 ἣτις
1719 5696 1833 5750 ἐστὶ
1866 5697 2098 5767 μάλιστα
2138 5694 2612 5764 ἀνανταγώνιστον
2651 5695 2820 5749 κακὸν
2853 5697 2916 5766 τῇ
2977 5693 3219 5766 ῥᾳθυμίᾳ
3252 5695 3571 5767 παρέχεται.
