4012 6214
493 289 595 358 931

573 407 726 474 Quod
787 407 1036 461 Tiberius
1090 418 1185 473 per
1262 404 1507 454 nuntium
1577 415 1697 453 cum
1779 397 2141 455 llormisdaA

501 500 632 567 egit,
666 506 720 550 ut
755 497 1005 563 utrinque
1035 491 1230 545 bellum
1260 474 1797 558 componeretur.’At
1820 503 1949 541 vero
1978 486 2070 539 ille

505 588 789 657 superbior
848 586 948 637 hac
997 582 1263 651 legatione
1313 580 1488 634 factus
1527 580 1697 634 voluit
1742 588 1928 646 aperte
1967 578 2066 631 sibi

507 680 769 733 tributum
798 674 945 728 reddi
975 687 1003 726 a
1034 674 1311 734 Romanis,
1343 671 1631 725 Armenios
1660 678 1715 725 et
1740 670 1921 724 Iberos
1967 667 2067 722 sibi

502 769 717 837 subjici,
748 764 1211 821 consentientibus
1252 765 1304 817 in
1334 764 1434 817 hoc
1466 762 1748 826 Romanis,
1779 775 1911 815 neve
1952 774 2068 813 am-

505 862 641 930 plius
665 859 918 927 oppidum
951 856 1117 910 Daras
1140 871 1169 909 a
1191 854 1402 910 Ctesare
1445 862 1742 909 tentaretur
1765 891 1781 917 ,
1823 852 2071 920 quamvis

510 961 661 1021 pater
686 949 955 1004 Chosroes
983 949 1236 1014 utrinque
1262 945 1402 998 inter
1435 959 1495 997 se
1518 953 1569 997 et
1605 940 1876 995 Cursarem
1903 942 2074 993 indu-

507 1043 620 1094 cias
648 1055 770 1094 esse
796 1038 1048 1101 voluerit,
1082 1050 1254 1104 neque
1289 1034 1458 1087 Daras
1490 1033 1591 1087 sub
1644 1031 1924 1099 imperium
1953 1030 2072 1083 Cte-

507 1133 647 1187 saris
680 1132 903 1185 reddere
933 1127 1334 1182 detrectaVerit.
1368 1124 1559 1179 Postea
1588 1137 1715 1176 vero
1747 1138 1907 1191 quam
1938 1121 2074 1175 lior-

510 1223 696 1277 misdze
720 1222 912 1275 fastum
936 1219 1186 1273 Tiberius
1205 1217 1522 1278 audivisset,
1538 1214 1854 1269 adveniente
1866 1222 2074 1276 :estate,

510 1313 714 1365 coactis
755 1326 966 1364 rursum
998 1308 1166 1376 c0piis
1189 1306 1466 1360 Persidem
1521 1302 1822 1374 ingreditur
1878 1299 2076 1353 Mauri-

510 1403 649 1466 cius,
708 1403 821 1470 ipse
845 1400 1073 1470 trajecto
1106 1397 1346 1469 Tigride,
1373 1396 1593 1464 reliquis
1621 1403 1679 1449 ut
1728 1394 1791 1447 ad
1824 1393 2079 1446 interiora

509 1492 679 1557 magis
712 1488 943 1542 Persidis
977 1494 1372 1553 promoverent.
1406 1485 1604 1538 missis.

1269 285 1657 347 EXCERPTA
1698 285 1799 343 EX
1838 285 1882 342 Τ
1889 277 2429 341 HEOPIIYIACTO
2468 264 2891 337 SIMOCAT’I‘A

3642 265 3741 329 932

2242 395 2363 447 Ὅτι
2397 395 2425 445 ὁ
2457 392 2709 461 Τιϐέριος
2741 384 3224 457 ἀποκηρυκεύεται
3265 384 3399 455 πρὸς
3441 381 3739 452 Ὀρμίσδαν

2170 484 2262 537 τὸν
2299 484 2532 552 πόλεμον
2582 483 2681 552 τὴν
2732 481 2957 552 εἰρήνην
3012 480 3067 531 ὲν
3114 478 3204 548 ίσῃ
3260 478 3426 547 μοίρᾳ
3461 476 3747 546 ἑκατέροις

2170 574 2420 641 γενέσθαι
2462 571 2866 639 ἐξαιτούμενος.
2906 570 2967 623 '0
3000 569 3068 638 ⁸δὲ
3120 570 3212 621 ἐπὶ
3250 572 3315 639 τῇ
3347 569 3613 638 πρεσϐείᾳ
3657 587 3751 621 κα·

2170 664 2610 734 ταγαυρούμενος
2654 661 2808 733 ὴξίου
2845 659 3253 732 φορολογεωθαι
3301 662 3358 722 ἐς
3401 661 3463 712 τὸ
3514 661 3752 730 φανερὸν

2171 757 2297 818 τοὺς
2359 754 2670 824 Ῥωμαίους
2703 796 2718 819 ,
2764 752 3088 823 Ἀρμενίους
3142 767 3203 803 τε
3259 752 3353 804 καὶ
3417 752 3648 822 Ἴϐηρας
3696 753 3755 804 ὲν

2175 845 2438 913 ὑπηκόοις
2474 844 2673 908 τελεῖν,
2709 841 2998 912 Ῥωμαίων
3042 842 3200 895 τοῦτο
3232 843 3623 913 παρεχομένων
3650 843 3752 894 αὖ-

2173 936 2271 1005 τῷ,
2315 934 2375 987 τό
2410 952 2470 987 τε
2510 934 2690 1004 Δάρας
2739 934 2813 1003 μὴ
2869 932 3243 1004 ὲπιζητεῖσθαι
3267 932 3454 986 λοιπὸν
3493 933 3601 985 ὑπὸ
3654 932 3753 985 τοῦ

2176 1025 2453 1095 Καίσαρος
2485 1041 2499 1056 ο
2542 1024 2721 1079 καίτοι
2769 1024 3012 1093 Χοσρόου
3080 1023 3175 1077 τοῦ
3237 1024 3443 1093 πατρὸς
3487 1024 3582 1076 ἐπὶ
3638 1027 3755 1085 τοῖς

2172 1119 2313 1180 ἴσοις
2371 1117 2722 1186 βουληθέντος
2786 1117 2884 1180 τὰς
2958 1117 3253 1184 διαλλαγὰς
3310 1115 3617 1169 ἀντιδοῦναι
3675 1115 3755 1184 τῷ

2173 1209 2436 1280 Κτιίσαρι,
2467 1210 2529 1262 τό
2579 1226 2638 1262 τε
2665 1210 2845 1278 Δάρας
2885 1209 2985 1261 οὐκ
3014 1208 3427 1272 ἀπαξιώσαντος
3474 1208 3759 1260 ἀποκατα-

2179 1299 2376 1368 στῆσαι
2423 1302 2490 1370 τῇ
2541 1300 2651 1352 τῶν
2690 1300 2990 1369 Ῥωμαίων
3026 1300 3187 1370 ἀρχῇ.
3236 1299 3385 1351 Ἐπεὶ
3444 1298 3502 1351 δὲ
3554 1298 3622 1351 τὰ
3655 1296 3758 1365 τῆς

2176 1388 2497 1453 ἀλαζονείας
2569 1391 2859 1461 Ὀρμίσόου
2911 1391 3196 1459 καταφανῆ
3231 1388 3466 1458 Τιϐερίῳ
3516 1389 3757 1456 ἐγένετο,

2174 1481 2371 1553 θέρους
2400 1485 2808 1553 ἐπιγενομένου,
2841 1483 3001 1537 πάλιν
3027 1483 3332 1553 Μαυρίκιος
3360 1485 3461 1545 τὰς
3492 1482 3757 1551 δυνάμεις

510 1583 769 1655 ἁθροίσας
805 1581 1024 1649 ὲνδημεῖ
1054 1583 1120 1651 τῇ
1156 1579 1401 1650 Περσίδι,
1440 1581 1497 1639 ἐς
1545 1579 1607 1632 τὸ
1661 1577 1956 1649 ἀντιπέρας
1985 1575 2079 1629 τοῦ
2120 1576 2392 1649 Τίγριδος,
2429 1581 2524 1634 καὶ
2591 1580 2786 1644 ἄλλους
2848 1580 3139 1651 πέπομφεν
3170 1581 3227 1644 ἐς
3254 1579 3323 1632 τὰ
3357 1578 3626 1649 ὲνδόμοχα
3658 1578 3758 1645 τῆς

512 1675 771 1745 Περσίδος
799 1690 968 1727 κατατ
978 1673 1263 1743 ρέψοντας.

581 1771 730 1837 Quod
761 1784 883 1824 cum
916 1768 1151 1837 graviter
1179 1782 1423 1837 aegreque
1444 1767 1612 1821 ferret
1640 1766 1947 1835 Chaganus,
1970 1764 2079 1819 Ro-

2250 1761 2372 1815 Ὅτι
2403 1760 2757 1831 ἐχαλέπαινεν
2777 1763 2805 1813 ὁ
2825 1760 3077 1828 Χαγάνος
3105 1759 3198 1812 καὶ
3224 1759 3282 1810 ὲν
3315 1758 3496 1812 σκότει
3542 1758 3755 1811 εύδοκιυ

512 1877 794 1917 ηιιιιιοιιυιη
844 1861 1069 1914 militem
1111 1861 1275 1912 etiam
1337 1860 1388 1911 in
1441 1858 1682 1912 tenebris
1735 1858 2076 1920 inclaruisse,

2185 1850 2472 1921 μηθείσαις
2522 1852 2641 1912 ταῖς
2692 1850 2982 1919 Ῥωμαίων
3044 1850 3354 1919 δυνάμεσιν,
3394 1852 3441 1903 οί
3492 1850 3591 1919 μὲν
3649 1851 3756 1902 τῶν

515 1950 858 2007 selectissimi
886 1949 1084 2017 quique
1115 1948 1508 2000 admonuerunt
1533 1946 1830 2000 Barbarum
1852 1947 1917 2001 de
1942 1947 2079 2001 bello

2182 1944 2487 2016 Βαρϐάρων
2518 1943 2742 2011 λογάδες
2768 1942 2846 2013 τῷ
2876 1943 3113 2014 Χαγάνῳ
3144 1943 3424 2013 παρῄνουν
3453 1943 3756 2012 παραλύειν

512 2043 847 2111 deponendo.
911 2040 1171 2092 Dixerunt
1228 2038 1371 2090 enim
1409 2053 1515 2092 non
1549 2037 1753 2105 justam
1795 2037 1909 2104 ejus
1941 2040 2078 2092 iram

511 2142 631 2181 esse
661 2135 847 2179 contra
900 2123 1191 2178 Romanos.
1250 2122 1600 2179 Confidenter
1634 2126 1815 2195 itaque
1862 2126 2081 2181 Priscus

513 2216 742 2286 legatum
770 2216 913 2269 misit
936 2215 1000 2269 ad
1032 2214 1368 2284 Cbaganum,
1397 2217 1615 2272 nomine
1655 2215 2015 2282 Theodorum,
2050 2232 2078 2270 ιι

513 2318 705 2363 natura
746 2308 945 2363 factum
982 2309 1253 2363 hominem
1282 2309 1605 2379 elegantem,
1640 2318 1694 2363 et
1725 2310 2080 2378 prudentissi-

516 2414 658 2453 mum
693 2416 706 2451 :
737 2399 1075 2467 professione
1121 2400 1411 2463 medicum,
1448 2399 1627 2466 lingua
1655 2400 1822 2454 libera
1851 2410 1903 2453 et
1929 2399 2079 2467 inge-

514 2506 638 2545 nua.
686 2488 766 2543 Eo
824 2500 1000 2545 autem
1047 2491 1113 2545 ad
1161 2491 1471 2561 Chaganum
1498 2490 1756 2555 admisso,
1809 2489 2080 2543 Barbarus

486 2581 727 2655 quidem
754 2581 925 2637 elatus
953 2582 1132 2635 animo
1181 2591 1397 2650 pmpter
1442 2595 1545 2643 ea,
1611 2594 1732 2647 qua:
1787 2592 2081 2635 evenerant

510 2670 612 2724 sibi
633 2669 835 2735 felicia,
865 2672 1025 2725 nimis
1047 2685 1206 2738 quam
1236 2670 1499 2735 superbus
1532 2669 1706 2723 factus
1734 2681 1841 2733 est,
1881 2671 2081 2739 quippe

512 2761 602 2828 qui
634 2776 693 2815 se
718 2774 893 2828 regem
922 2774 1043 2815 esse
1069 2760 1273 2814 diceret
1297 2761 1539 2815 omnium
1564 2761 1824 2830 gentium,
1857 2776 1958 2816 nec
1984 2762 2083 2816 ali-

510 2865 665 2918 quem
709 2865 827 2905 csse
876 2864 1198 2920 quacunque
1247 2851 1326 2905 soi
1374 2850 1555 2917 videt,
1604 2852 1694 2922 qui
1722 2861 1813 2907 aut
1844 2854 2080 2923 prodire,

511 2949 601 2993 aut
632 2940 731 2994 sibi
789 2955 847 2994 se
875 2950 1050 3010 posset
1082 2943 1374 2996 obsistere.
1405 2942 1641 3011 Legatus
1670 2956 1821 3007 vero,
1883 2952 1941 2996 ut
1990 2943 2081 3011 qui

511 3030 859 3084 doctissimus
894 3040 1034 3085 esset
1061 3029 1429 3095 historiarum,
1459 3032 1795 3091 barbaricam
1822 3033 2083 3103 exemplis

511 3120 755 3174 contudit
780 3119 1060 3182 ferociam,
1089 3136 1153 3175 ac
1187 3132 1244 3175 ut
1276 3122 1560 3175 historiam
1597 3122 1940 3190 proferamus
1973 3138 2081 3176 non
2109 3160 2150 3215 ε

510 3210 614 3265 erit
648 3212 1061 3280 inconsequens.
1112 3212 1255 3267 Dixit
1286 3213 1451 3281 igitur
1482 3229 1495 3265 :
1551 3212 1711 3280 Audi,
1752 3212 2074 3282 179011³-

509 3317 667 3371 gaue,
692 3304 965 3372 antiquam
994 3305 1152 3359 nimis
1174 3314 1228 3358 et
1249 3305 1436 3359 utilem
1454 3305 1755 3359 historiam.
1781 3304 1933 3369 Quod
1955 3318 2077 3357 cum

507 3401 771 3445 attentum
804 3392 1021 3446 fecisset
1062 3394 1129 3445 ad
1188 3393 1513 3447 audiendum
1570 3393 1884 3463 Cliaganum
1928 3408 2077 3447 exor-

505 3480 679 3545 dium,
713 3490 928 3535 nonest
982 3483 1207 3549 prtecisa
1258 3482 1464 3551 reliqua
1520 3484 1756 3536 historia:
1811 3484 2074 3539 narratio.

508 3569 786 3622 Sesostrin
842 3569 992 3623 aiunt
1051 3570 1219 3624 fuisse
1248 3585 1425 3638 regem
1469 3571 1679 3626 felicem
1706 3586 1987 3641 perquam,
2024 3583 2079 3626 et

506 3661 745 3714 omnium
796 3661 1169 3733 Aﬂgyptiorum
1234 3678 1415 3732 regum
1449 3664 1893 3719 illustrissimum.
1926 3664 2077 3721 Hunc

505 3752 728 3821 gloriari
766 3753 986 3807 solitum
1015 3754 1081 3809 de
1115 3754 1320 3809 divitiis
1351 3756 1464 3811 suis
1493 3756 1748 3825 antiquus
1763 3765 1845 3811 est
1872 3771 2072 3821 sermo,

507 3843 744 3911 potentia
770 3856 896 3895 vero
927 3842 1237 3912 viribusque
1266 3841 1432 3897 fuisse
1461 3843 1647 3907 tantis,
1685 3853 1744 3898 ut
1781 3845 2074 3915 expugnari

507 3954 615 3991 non
644 3948 821 4005 posset
850 3954 863 3990 :
891 3951 1067 4007 eoque
1116 3938 1234 3993 ideo
1259 3938 1414 3992 luxus
1442 3940 1774 4008 pervenisse,
1800 3948 1861 3994 ut
1913 3956 2075 3993 curru

507 4028 774 4084 fabricato
819 4045 885 4084 ex
945 4043 1095 4095 auro,
1158 4032 1513 4101 pretiosisque
1546 4033 1775 4101 gemmis
1813 4042 2076 4087 exornato

509 4122 800 4177 veheretur
829 4141 842 4178 :
868 4139 931 4178 ac
958 4124 1112 4193 equis
1165 4124 1378 4192 quidem
1412 4124 1640 4190 relictis,
1673 4134 1725 4179 et
1754 4124 1933 4190 mulis,
1984 4125 2075 4179 de-

505 4214 771 4267 victorum
801 4214 936 4267 colla
965 4229 1149 4283 regum
1178 4216 1296 4284 ejus
1317 4215 1445 4284 iugo
1468 4216 1781 4283 subiiceret,
1812 4226 1972 4286 atque
2001 4219 2072 4269 ita

506 4305 558 4356 in
581 4303 758 4358 forum
782 4319 1000 4359 currum
1030 4307 1186 4375 hujus
1216 4305 1461 4361 infelices
1490 4321 1647 4377 reges
1674 4309 2071 4376 protraherent.

505 4394 605 4449 Hic
628 4397 791 4463 igitur
814 4394 1075 4450 Sesostris
1096 4412 1218 4450 cum
1242 4412 1345 4451 non
1374 4398 1543 4452 solum
1566 4413 1668 4452 non
1699 4398 2074 4452 moderaretur

2175 2039 2267 2089 τὸν
2296 2035 2548 2105 πόλεμον·
2582 2036 2819 2103 ἔφασκον
2866 2036 2974 2105 γὰρ
3018 2034 3090 2104 μὴ
3122 2036 3344 2097 ἐνδίκως
3372 2035 3539 2086 αὐτὸν
3591 2035 3755 2103 χαλε-

2178 2126 2392 2179 παίνειν
2435 2124 2760 2201 Ῥωμαίους.
2787 2124 3222 2193 Μεγαλοφρόνως
3244 2124 3425 2175 τοίνυν
3449 2126 3477 2175 ὁ
3508 2123 3749 2192 Πρίσκος

2177 2213 2405 2282 πρέσϐιν
2426 2212 2503 2274 ὡς
2532 2212 2626 2264 τὸν
2658 2213 2908 2279 Χαγάνον
2960 2212 3233 2281 ἐξέπεμψε
3262 2211 3560 2282 (Θεόδωρος
3590 2212 3755 2281 ὄνομα

2179 2303 2370 2373 αὐτῷ),
2404 2303 2503 2373 τὴν
2544 2303 2704 2371 φύσιν
2750 2303 2917 2374 ἄνδρα
2962 2301 3132 2367 δεξιόν
3162 2320 3220 2356 τε
3262 2304 3357 2356 καὶ
3402 2303 3754 2373 εὐεπήϐολον,

2180 2396 2280 2463 τὴν
2316 2393 2509 2462 τέχνην
2542 2393 2744 2462 ίατρὸν,
2798 2394 2897 2462 τὴν
2938 2394 3180 2461 γλῶτταν
3226 2393 3528 2459 ἐλεύθερον.
3590 2389 3755 2456 (lbra;

2177 2484 2234 2536 δὲ
2258 2482 2517 2552 κραταιὸς
2568 2483 2703 2552 πρὸς
2748 2482 2840 2536 τὸν
2883 2483 3132 2550 Χαγάνον
3162 2483 3397 2551 ἐγένετο.
3443 2484 3503 2536 '0
3537 2486 3639 2553 μὲν
3666 2483 3756 2537 οὖν

2181 2573 2466 2644 Βάρϐαρος
2500 2573 2966 2643 φρονηματισθεὶς
3005 2572 3097 2627 ἐπὶ
3148 2575 3257 2638 τοῖς
3290 2573 3440 2642 αὐτῷ
3476 2576 3758 2645 συγκυρή-

2182 2681 2327 2729 σασι,
2361 2664 2480 2716 λίαν
2524 2664 2927 2734 ὑψαυχενίζετο,
2959 2666 3053 2717 καὶ
3084 2665 3272 2735 κύριον
3331 2667 3524 2719 ἑαυτὸν
3562 2666 3760 2732 ἔθνους

2180 2756 2417 2825 ἔφασκεν
2459 2754 2718 2819 ἅπαντος.
2753 2756 2845 2828 Μὴ
2889 2756 3168 2825 προσιέναι
3224 2771 3283 2807 τε
3328 2756 3563 2827 ὅσονπερ
3605 2757 3757 2828 ἥλιος

2180 2848 2443 2901 ἀνατείνει
2473 2847 2533 2899 τὸ
2567 2846 2803 2917 βλέμμα,
2844 2847 2937 2901 τὸν
2960 2848 3347 2913 ἀντιτάξασθαι
3370 2848 3753 2918 δυνησόμενον.

2186 2939 2251 2991 '0
2285 2939 2342 2992 δὲ
2366 2938 2616 3008 πρέσϐις,
2654 2938 2897 3007 ίστορίας
2945 2939 3146 3008 πολλῆς
3176 2942 3466 3009 γενόμενος
3502 2940 3753 3009 κάτοχος,

2184 3028 2495 3099 βαρϐαρικὰ
2558 3030 3000 3100 παραδείγμασιν
3045 3031 3331 3084 έταπείνου
3376 3033 3745 3100 φρυάγματα.

2184 3121 2371 3173 Είπείν
2400 3120 2457 3173 δὲ
2494 3120 2637 3175 κατὰ
2683 3121 2782 3191 τῆς
2837 3121 3075 3190 ἱστορίας
3108 3122 3208 3174 οὐκ
3257 3121 3622 3176 ἀνακόλουθον
3652 3122 3758 3175 ὺπ-

2185 3212 2337 3282 έστη.
2372 3213 2580 3282 Ἔφησε
2611 3212 2738 3283 γάρ·
2778 3230 2796 3263 ι
2841 3214 3057 3273 Ἀκουε,
3081 3212 3320 3277 Χαγάνε,
3358 3211 3592 3266 παλαιοῦ
3617 3229 3759 3276 τινος

2186 3305 2280 3356 καὶ
2334 3304 2456 3356 λίαν
2509 3303 2673 3371 σοφοῦ
2715 3303 3074 3373 διηγήματος.
3119 3321 3138 3355 ι
3165 3303 3317 3356 Ἐπεὶ
3375 3303 3496 3374 δὲή
3543 3304 3758 3375 ἔναρξις

2187 3393 2431 3463 προσεχῆ
2478 3392 2613 3463 πρὸς
2646 3394 2911 3463 ἀκρόασιν
2957 3393 3133 3447 ἐποίει
3166 3396 3259 3447 τὸν
3319 3394 3627 3466 Βάρϐαρον.
3656 3397 3755 3447 οὐκ

2184 3484 2483 3551 ἐλάμϐανεν
2515 3483 2753 3552 ἐγκοπὴν
2791 3486 2822 3552 ὴ
2848 3484 2946 3553 τῆς
2977 3484 3217 3553 ἱστορίας
3238 3485 3533 3555 ἀφήγησις.
3573 3486 3752 3537 Σέσωο

2186 3574 2338 3643 στρίν
2376 3591 2507 3641 φασι
2541 3575 2872 3645 γεγενῆσθαί
2910 3592 3043 3630 ποτε
3093 3577 3259 3647 ἄνδρα
3288 3576 3405 3630 λίαν
3439 3576 3755 3646 εὐδαίμονα,

2185 3666 2280 3716 καὶ
2341 3663 2442 3732 τῆς
2506 3665 2882 3735 Αἰγυπτιακῆς
2959 3668 3234 3738 βασιλείας
3309 3670 3754 3737 ἐπιφανέστατον.

2185 3755 2386 3809 Τοῦτον
2416 3759 2591 3829 κομᾷν
2620 3758 2713 3811 ἐπὶ
2738 3758 2814 3827 τῷ
2845 3758 3060 3829 πλούτῳ
3097 3759 3251 3828 λόγος
3276 3760 3593 3830 πρεσϐύτης
3622 3763 3753 3830 ἐρει-

2184 3851 2304 3912 ταίς
2329 3849 2386 3902 δὲ
2416 3849 2676 3919 δυνάμεσι
2712 3851 3007 3919 πεφυκέναι
3047 3851 3166 3906 λίαν
3191 3853 3635 3922 άκαταμάχητον·
3670 3852 3757 3904 τὸν

2181 3940 2239 3992 δὲ
2273 3940 2365 3992 ἐπὶ
2390 3940 2641 3993 τοσοῦτον
2693 3941 3025 4012 κραιπαλᾷν,
3073 3941 3214 3994 ὥστε
3259 3942 3593 4013 ἁρμάμαξαν
3624 3960 3758 4011 συμ-

2183 4029 2456 4101 πήξασθαι
2508 4031 2937 4101 χρυσοκόλλητον
2961 4072 2976 4095 ,
3010 4031 3191 4096 λίθους
3232 4049 3291 4085 τε
3341 4034 3555 4102 τιμίους
3582 4036 3755 4103 ταύτῃ

2183 4121 2515 4193 περιϐαλεῖν,
2553 4121 2828 4191 ὲφιζάνειν
2861 4139 2917 4175 τε
2953 4123 3044 4176 ἐπὶ
3095 4123 3299 4195 ταύτης
3328 4124 3420 4176 τὸν
3451 4123 3753 4196 Βάρϐαριν·

2184 4214 2415 4277 καὶτοῖς
2468 4214 2568 4283 μὲν
2621 4214 2806 4276 ἵπποις
2844 4215 2936 4266 καὶ
2984 4216 3103 4276 ταῖς
3142 4216 3391 4285 ἡμιόνοις
3435 4216 3648 4285 χαίρειν
3673 4218 3754 4266 εί-

2183 4305 2327 4367 πείν,
2358 4303 2484 4365 τοὺς
2529 4303 2586 4355 δὲ
2617 4302 2722 4356 τῶν
2751 4304 3071 4374 ἡττημένων
3104 4304 3370 4375 βασιλέων
3423 4305 3502 4375 τῷ
3552 4304 3755 4373 ταύτης

2183 4394 2332 4463 ζυγῴ
2384 4396 2511 4457 τοὺς
2566 4396 2805 4465 αὐχένας
2851 4396 3185 4466 περιϐαλεῖν,
3225 4397 3407 4450 ἕλκειν
3429 4414 3489 4450 τε
3521 4398 3614 4450 ἐπὶ
3658 4398 3758 4464 τῆς

504 4486 735 4541 fortunis
766 4488 904 4551 suis,
939 4488 1031 4542 sed
1061 4489 1290 4557 superbe
1310 4503 1522 4557 quoque
1551 4504 1929 4557 saepenumero
1977 4505 2072 4544 ex-

2180 4486 2385 4555 ἀγορᾶς
2427 4487 2553 4548 τοὺς
2585 4488 2928 4558 ἠτυχηκότας
2977 4487 3086 4541 τῶν
3132 4489 3396 4559 βασιλέων
3449 4490 3508 4542 τὸ
3561 4488 3755 4541 τούτου

504 4577 786 4644 probraret
816 4578 1045 4633 devictis
1090 4578 1312 4646 regibus
1346 4579 1732 4642 calamitatem,
1774 4596 1939 4634 unum
1971 4582 2073 4635 ali-

502 4680 664 4732 quem
714 4666 901 4720 dicunt
964 4678 1031 4721 ex
1083 4668 1322 4736 regibus,
1350 4669 1442 4738 qui
1498 4670 1905 4738 SubjeCIicrant
1949 4674 2077 4746 jugo

503 4769 715 4818 currus,
748 4769 869 4808 cum
906 4771 1097 4824 magna
1131 4757 1270 4813 forte
1298 4769 1354 4813 et
1396 4757 1584 4814 festiva
1614 4762 1929 4818 celebritate
1959 4779 2075 4818 ma-

504 4860 642 4914 gnus
674 4844 953 4900 conﬂuxus
983 4860 1128 4904 esset
1160 4850 1357 4919 populi,
1422 4850 1619 4905 lentius
1668 4855 2072 4921 protrahentem

502 4941 746 5004 currunt,
783 4950 837 4994 et
902 4941 1094 4996 crebro
1150 4944 1622 5014 rctrosptcientem
1676 4947 1927 5000 intuitum
1957 4962 2075 5002 esse

508 5029 892 5084 volutationem
946 5043 1098 5086 ratae.
1151 5033 1397 5103 Cumque
1439 5036 1512 5089 ita
1562 5037 1858 5105 protractio
1883 5052 2077 5091 currus

497 5130 647 5175 esset
674 5122 881 5183 vitiata,
927 5127 1054 5191 quia
1092 5139 1195 5178 non
1228 5139 1415 5180 omnes
1450 5141 1557 5180 uno
1586 5141 1848 5195 alquoque
1873 5128 2074 5192 studio,

499 5212 592 5280 qui
620 5212 685 5265 ad
726 5227 837 5267 rem
872 5214 1011 5268 hanc
1040 5215 1298 5280 ordinati,
1330 5216 1661 5281 laborarent,
1696 5216 2071 5286 Egyptiorum

501 5315 599 5355 rex
630 5302 696 5355 ad
740 5317 860 5356 cum
895 5304 1091 5374 inquit,
1122 5307 1214 5375 qui
1250 5314 1360 5360 tam
1387 5321 1527 5377 saepe
1560 5308 1873 5375 respiceret.
1910 5309 2072 5376 Quid,

505 5392 688 5459 homo,
722 5402 829 5448 tam
877 5409 1016 5465 saepe
1048 5397 1401 5466 retrospicis?
1450 5400 1577 5467 quid
1615 5409 1761 5453 rotas
1815 5398 2086 5457 intueris?

502 5496 764 5547 quorsum
795 5485 1028 5541 transire
1063 5486 1267 5541 hiscis?
1291 5486 1442 5543 Hunc
1468 5498 1578 5541 tum
1608 5504 1728 5542 cum
1754 5491 1920 5544 multa
1945 5507 2073 5560 gra-

507 5572 670 5628 \‘itale
698 5575 935 5631 Sesostri
970 5580 1314 5649 respondisse
1344 5598 1358 5634 :
1394 5580 1654 5649 Rom-nm
1706 5584 1947 5637 admiror
1984 5602 2075 5639 vu-

510 5656 828 5720 tubilitatem
852 5676 965 5722 tam
990 5670 1172 5726 varios
1194 5669 1403 5728 edicere
1425 5643 1846 5741 motusfcasque
1871 5689 1932 5744 pa
1943 5687 2073 5743 rtcs,

2179 4576 2384 4645 ὄχημα.
2433 4576 2538 4629 Τοῦ
2577 4578 2757 4631 τοίνυν
2790 4578 3108 4649 Σεσώστρου
3142 4580 3217 4650 μὴ
3258 4580 3760 4650 μετριοπαθοῦντος

2181 4667 2274 4719 ἐπὶ
2299 4669 2418 4730 ταῖς
2449 4667 2795 4739 εὐπραγίαις,
2817 4670 2953 4724 ἀλλὰ
2984 4672 3295 4740 περιφανῶς
3326 4671 3585 4734 πολλάκις
3618 4688 3762 4724 κατ-

2181 4758 2531 4822 ονειδίζοντος
2581 4763 2694 4823 τοῖς
2770 4761 3098 4833 ἡττημένοις
3145 4761 3244 4831 τὴν
3299 4761 3607 4834 συμφορὰν,
3656 4762 3761 4814 ἕνα

2181 4850 2303 4903 τινὰ
2351 4851 2460 4904 τῶν
2509 4851 2769 4921 βασιλέων
2808 4853 2940 4919 φασὶ
2991 4854 3101 4908 τῶν
3160 4853 3618 4924 ὑποϐεϐλημένων
3675 4854 3765 4917 τῷ

2181 4944 2330 5014 ζυγῷ
2352 4946 2446 4999 τοῦ
2474 4947 2770 5017 ὀχήματος,
2817 4950 2874 5000 ὲν
2919 4948 3127 5019 μεγάλῃ
3172 4950 3278 5001 τινὶ
3324 4951 3419 5003 καὶ
3469 4952 3765 5019 περιφανεῖ

2181 5037 2340 5107 ἑορτῇ
2397 5038 2506 5091 τῶν
2560 5041 2874 5107 Αἰγυπτίων
2933 5042 3350 5112 συρρευσάντων
3403 5041 3619 5111 ὄχλων,
3679 5041 3765 5110 μὴ

2179 5127 2384 5181 ἐθέλειν
2434 5129 2613 5183 ἕλκειν
2659 5132 2719 5183 τὸ
2764 5131 2969 5201 ὃχημα,
3024 5133 3206 5185 πυκνά
3256 5149 3314 5186 τε
3365 5135 3448 5196 είς
3518 5132 3767 5184 τούπίσω

2184 5221 2558 5291 στρέφεσθαι,
2620 5224 2712 5276 καὶ
2743 5224 2841 5295 τὴν
2886 5226 2977 5277 ἐπὶ
3014 5225 3122 5277 τῶν
3151 5226 3360 5297 τροχῶν
3412 5226 3628 5296 κίνησιν
3669 5224 3766 5277 διο

2176 5312 2428 5381 ορᾶσθαι.
2475 5314 2834 5385 Ἀσυμφὼνου
2875 5316 3052 5369 τοίνυν
3098 5317 3193 5385 τῆς
3234 5317 3399 5386 ὁλκῆς
3442 5318 3764 5386 γινομένης,

2177 5405 2265 5457 διὰ
2286 5406 2348 5458 τὸ
2377 5407 2452 5476 μὴ
2489 5408 2618 5477 μίαν
2654 5409 2871 5463 σύνεσιν
2902 5410 3028 5473 τοὺς
3058 5410 3149 5463 ἐπὶ
3177 5410 3352 5482 τούτῳ
3383 5412 3768 5479 συντεταγμέ-

2180 5515 2304 5561 νους
2347 5500 2698 5571 ποιήσασθαι,
2723 5504 2751 5554 ὁ
2782 5502 2890 5555 τῶν
2936 5504 3253 5571 Αἰγυπτίων
3292 5504 3544 5574 βασιλεὺς
3580 5504 3771 5572 ἔφησε

2181 5587 2315 5656 πρὸς
2342 5590 2433 5642 τὸν
2488 5591 2615 5654 τοὺς
2664 5596 2872 5656 πυκνὰς
2910 5593 3234 5664 ποιούμενον
3260 5596 3591 5665 συστροφάς·
3623 5596 3769 5647 Ἂν-

2183 5678 2393 5749 θρωπε,
2425 5682 2477 5735 τί
2514 5684 2650 5753 πρὸς
2675 5685 2917 5741 τούπίσω
2962 5687 3025 5740 τὸ
3063 5686 3281 5756 βλέμμα
3315 5688 3513 5753 κινεῖς;
3543 5687 3597 5739 τί
3629 5688 3770 5749 τοὺς
