  <div class='ocr_page' id='page_1' title='image "/cluster/home/n/w/nwhite01/storage/ocr_20150623/113/hvd.32044073502270/470.png"; bbox 0 0 4012 6214; ppageno 0'>
   <div class='ocr_carea' id='block_1_1' title="bbox 276 404 1583 481">
    <p class='ocr_par' dir='ltr' id='par_1_1' title="bbox 276 404 1583 481">
     <span class='ocr_line' id='line_1_1' title="bbox 276 404 1583 481; baseline 0.001 -20"><span class='ocrx_word' id='word_1_1' title='bbox 276 404 509 481; x_wconf 79' lang='grc' dir='ltr'>τροχοὺς</span> <span class='ocrx_word' id='word_1_2' title='bbox 557 405 828 475; x_wconf 81' lang='grc' dir='ltr'>ίστορεῖς;</span> <span class='ocrx_word' id='word_1_3' title='bbox 886 405 977 457; x_wconf 78' lang='grc' dir='ltr'>ποτ</span> <span class='ocrx_word' id='word_1_4' title='bbox 1028 404 1282 471; x_wconf 80' lang='grc' dir='ltr'>διεξείναι</span> <span class='ocrx_word' id='word_1_5' title='bbox 1344 407 1583 478; x_wconf 80' lang='grc' dir='ltr'><strong>κέχηνας</strong></span> 
     </span>
    </p>
   </div>
   <div class='ocr_carea' id='block_1_2' title="bbox 280 495 1854 569">
    <p class='ocr_par' dir='ltr' id='par_1_2' title="bbox 280 495 1854 569">
     <span class='ocr_line' id='line_1_2' title="bbox 280 495 1854 569; baseline 0.001 -18"><span class='ocrx_word' id='word_1_6' title='bbox 280 501 454 569; x_wconf 77' lang='grc' dir='ltr'>φῆσαι</span> <span class='ocrx_word' id='word_1_7' title='bbox 499 497 641 566; x_wconf 72' lang='grc' dir='ltr'>μετὰ</span> <span class='ocrx_word' id='word_1_8' title='bbox 690 495 1011 564; x_wconf 78' lang='grc' dir='ltr'><strong>φιλοσοφίας</strong></span> <span class='ocrx_word' id='word_1_9' title='bbox 1064 498 1265 566; x_wconf 83' lang='grc' dir='ltr'>πολλῆς</span> <span class='ocrx_word' id='word_1_10' title='bbox 1322 501 1459 569; x_wconf 81' lang='grc' dir='ltr'>πρὸς</span> <span class='ocrx_word' id='word_1_11' title='bbox 1511 501 1854 569; x_wconf 83' lang='grc' dir='ltr'>Σέσωστριν’</span> 
     </span>
    </p>
   </div>
   <div class='ocr_carea' id='block_1_3' title="bbox 278 586 1858 661">
    <p class='ocr_par' dir='ltr' id='par_1_3' title="bbox 278 586 1858 661">
     <span class='ocr_line' id='line_1_3' title="bbox 278 586 1858 661; baseline -0.002 -14"><span class='ocrx_word' id='word_1_12' title='bbox 278 592 601 661; x_wconf 75' lang='grc' dir='ltr'><strong>τεθαύμακα</strong></span> <span class='ocrx_word' id='word_1_13' title='bbox 627 590 737 642; x_wconf 89' lang='grc' dir='ltr'><strong>τῶν</strong></span> <span class='ocrx_word' id='word_1_14' title='bbox 761 588 973 658; x_wconf 82' lang='grc' dir='ltr'>τροχῶν</span> <span class='ocrx_word' id='word_1_15' title='bbox 1000 586 1067 641; x_wconf 82' lang='grc' dir='ltr'>τὰ</span> <span class='ocrx_word' id='word_1_16' title='bbox 1089 589 1367 658; x_wconf 86' lang='grc' dir='ltr'>κινήματα</span> <span class='ocrx_word' id='word_1_17' title='bbox 1390 590 1679 660; x_wconf 84' lang='grc' dir='ltr'>ἀνώμαλον</span> <span class='ocrx_word' id='word_1_18' title='bbox 1710 592 1858 661; x_wconf 83' lang='grc' dir='ltr'>ἔχειν</span> 
     </span>
    </p>
   </div>
   <div class='ocr_carea' id='block_1_4' title="bbox 279 679 1857 753">
    <p class='ocr_par' dir='ltr' id='par_1_4' title="bbox 279 679 1857 753">
     <span class='ocr_line' id='line_1_4' title="bbox 279 679 1857 753; baseline -0.003 -15"><span class='ocrx_word' id='word_1_19' title='bbox 279 684 380 753; x_wconf 75' lang='grc' dir='ltr'><strong>τὴν</strong></span> <span class='ocrx_word' id='word_1_20' title='bbox 416 682 653 751; x_wconf 85' lang='grc' dir='ltr'>κίνησιν.</span> <span class='ocrx_word' id='word_1_21' title='bbox 678 679 762 733; x_wconf 80' lang='grc' dir='ltr'><strong>Τὰ</strong></span> <span class='ocrx_word' id='word_1_22' title='bbox 788 680 969 731; x_wconf 80' lang='grc' dir='ltr'>τοίνυν</span> <span class='ocrx_word' id='word_1_23' title='bbox 1003 680 1209 732; x_wconf 86' lang='grc' dir='ltr'>τούτων</span> <span class='ocrx_word' id='word_1_24' title='bbox 1247 680 1384 751; x_wconf 90' lang='grc' dir='ltr'>μέρη</span> <span class='ocrx_word' id='word_1_25' title='bbox 1415 682 1857 752; x_wconf 81' lang='grc' dir='ltr'>μετεωρούμενα,</span> 
     </span>
    </p>
   </div>
   <div class='ocr_carea' id='block_1_5' title="bbox 279 770 1860 843">
    <p class='ocr_par' dir='ltr' id='par_1_5' title="bbox 279 770 1860 843">
     <span class='ocr_line' id='line_1_5' title="bbox 279 770 1860 843; baseline -0.001 -17"><span class='ocrx_word' id='word_1_26' title='bbox 279 773 433 836; x_wconf 80' lang='grc' dir='ltr'>αὖθις</span> <span class='ocrx_word' id='word_1_27' title='bbox 457 770 791 841; x_wconf 87' lang='grc' dir='ltr'>καταχθόνια</span> <span class='ocrx_word' id='word_1_28' title='bbox 827 770 1057 839; x_wconf 88' lang='grc' dir='ltr'>γίνεται·</span> <span class='ocrx_word' id='word_1_29' title='bbox 1098 773 1193 824; x_wconf 74' lang='grc' dir='ltr'>καὶ</span> <span class='ocrx_word' id='word_1_30' title='bbox 1237 772 1475 839; x_wconf 79' lang='grc' dir='ltr'>ἔμπαλιν</span> <span class='ocrx_word' id='word_1_31' title='bbox 1513 772 1583 825; x_wconf 87' lang='grc' dir='ltr'>τὰ</span> <span class='ocrx_word' id='word_1_32' title='bbox 1630 773 1860 843; x_wconf 87' lang='grc' dir='ltr'>περιπέ-</span> 
     </span>
    </p>
   </div>
   <div class='ocr_carea' id='block_1_6' title="bbox 284 864 1860 939">
    <p class='ocr_par' dir='ltr' id='par_1_6' title="bbox 284 864 1860 939">
     <span class='ocr_line' id='line_1_6' title="bbox 284 864 1860 939; baseline 0.002 -19"><span class='ocrx_word' id='word_1_33' title='bbox 284 870 396 932; x_wconf 86' lang='grc' dir='ltr'>ζια,</span> <span class='ocrx_word' id='word_1_34' title='bbox 450 868 589 937; x_wconf 78' lang='grc' dir='ltr'>μετὰ</span> <span class='ocrx_word' id='word_1_35' title='bbox 628 864 788 919; x_wconf 83' lang='grc' dir='ltr'>τοῦτο</span> <span class='ocrx_word' id='word_1_36' title='bbox 844 865 1261 936; x_wconf 79' lang='grc' dir='ltr'>ἀπαιωρίζεται.</span> <span class='ocrx_word' id='word_1_37' title='bbox 1314 866 1534 921; x_wconf 80' lang='grc' dir='ltr'>Τούτων</span> <span class='ocrx_word' id='word_1_38' title='bbox 1568 868 1860 939; x_wconf 75' lang='grc' dir='ltr'>τοιγαροῦν</span> 
     </span>
    </p>
   </div>
   <div class='ocr_carea' id='block_1_7' title="bbox 284 955 1861 1030">
    <p class='ocr_par' dir='ltr' id='par_1_7' title="bbox 284 955 1861 1030">
     <span class='ocr_line' id='line_1_7' title="bbox 284 955 1861 1030; baseline 0.002 -21"><span class='ocrx_word' id='word_1_39' title='bbox 284 957 564 1026; x_wconf 75' lang='grc' dir='ltr'>ἀκηκοότα</span> <span class='ocrx_word' id='word_1_40' title='bbox 583 956 676 1008; x_wconf 73' lang='grc' dir='ltr'>τὸν</span> <span class='ocrx_word' id='word_1_41' title='bbox 705 955 1035 1021; x_wconf 78' lang='grc' dir='ltr'><strong>Σέσωστριν,</strong></span> <span class='ocrx_word' id='word_1_42' title='bbox 1064 956 1421 1027; x_wconf 81' lang='grc' dir='ltr'><strong>παιδευθῆναι</strong></span> <span class='ocrx_word' id='word_1_43' title='bbox 1454 958 1529 1029; x_wconf 83' lang='grc' dir='ltr'>μὴ</span> <span class='ocrx_word' id='word_1_44' title='bbox 1558 959 1701 1028; x_wconf 90' lang='grc' dir='ltr'>μέγα</span> <span class='ocrx_word' id='word_1_45' title='bbox 1730 977 1861 1030; x_wconf 86' lang='grc' dir='ltr'>φρο-</span> 
     </span>
    </p>
   </div>
   <div class='ocr_carea' id='block_1_8' title="bbox 285 1047 1861 1123">
    <p class='ocr_par' dir='ltr' id='par_1_8' title="bbox 285 1047 1861 1123">
     <span class='ocr_line' id='line_1_8' title="bbox 285 1047 1861 1123; baseline 0.003 -22"><span class='ocrx_word' id='word_1_46' title='bbox 285 1052 417 1114; x_wconf 85' lang='grc' dir='ltr'>νεῖν,</span> <span class='ocrx_word' id='word_1_47' title='bbox 470 1047 832 1119; x_wconf 77' lang='grc' dir='ltr'><strong>νομοθετῆσαι</strong></span> <span class='ocrx_word' id='word_1_48' title='bbox 880 1064 941 1099; x_wconf 92' lang='grc' dir='ltr'><strong>τε</strong></span> <span class='ocrx_word' id='word_1_49' title='bbox 991 1049 1119 1111; x_wconf 81' lang='grc' dir='ltr'>τοὺς</span> <span class='ocrx_word' id='word_1_50' title='bbox 1181 1048 1495 1118; x_wconf 82' lang='grc' dir='ltr'>βασιλικοὺς</span> <span class='ocrx_word' id='word_1_51' title='bbox 1524 1052 1755 1121; x_wconf 83' lang='grc' dir='ltr'><strong>αὐχένας</strong></span> <span class='ocrx_word' id='word_1_52' title='bbox 1782 1052 1861 1123; x_wconf 84' lang='grc' dir='ltr'>τῷ</span> 
     </span>
    </p>
   </div>
   <div class='ocr_carea' id='block_1_9' title="bbox 198 1135 1858 1223">
    <p class='ocr_par' dir='ltr' id='par_1_9' title="bbox 198 1135 1858 1223">
     <span class='ocr_line' id='line_1_9' title="bbox 198 1135 1858 1223; baseline 0.004 -30"><span class='ocrx_word' id='word_1_53' title='bbox 198 1210 207 1223; x_wconf 22' lang='grc' dir='ltr'><em>κ</em></span> <span class='ocrx_word' id='word_1_54' title='bbox 287 1143 438 1211; x_wconf 80' lang='grc' dir='ltr'>ζυγῷ</span> <span class='ocrx_word' id='word_1_55' title='bbox 461 1141 745 1211; x_wconf 71' lang='grc' dir='ltr'>ἁφεθῆναν</span> <span class='ocrx_word' id='word_1_56' title='bbox 777 1135 898 1193; x_wconf 79' lang='grc' dir='ltr'>εἶτα</span> <span class='ocrx_word' id='word_1_57' title='bbox 930 1140 1177 1211; x_wconf 81' lang='grc' dir='ltr'><strong>ἡμιόνοις</strong></span> <span class='ocrx_word' id='word_1_58' title='bbox 1205 1142 1305 1211; x_wconf 78' lang='grc' dir='ltr'><strong>τὴν</strong></span> <span class='ocrx_word' id='word_1_59' title='bbox 1338 1141 1504 1211; x_wconf 78' lang='grc' dir='ltr'>ὁλκὴν</span> <span class='ocrx_word' id='word_1_60' title='bbox 1544 1145 1858 1214; x_wconf 76' lang='grc' dir='ltr'>ἐπιτρέψαι.</span> 
     </span>
    </p>
   </div>
   <div class='ocr_carea' id='block_1_10' title="bbox 288 1233 1861 1308">
    <p class='ocr_par' dir='ltr' id='par_1_10' title="bbox 288 1233 1861 1308">
     <span class='ocr_line' id='line_1_10' title="bbox 288 1233 1861 1308; baseline 0.004 -23"><span class='ocrx_word' id='word_1_61' title='bbox 288 1233 471 1286; x_wconf 83' lang='grc' dir='ltr'>Ταῦτά</span> <span class='ocrx_word' id='word_1_62' title='bbox 528 1250 587 1285; x_wconf 92' lang='grc' dir='ltr'><strong>σε</strong></span> <span class='ocrx_word' id='word_1_63' title='bbox 640 1233 963 1297; x_wconf 84' lang='grc' dir='ltr'>παιδευέτω,</span> <span class='ocrx_word' id='word_1_64' title='bbox 1002 1234 1242 1301; x_wconf 85' lang='grc' dir='ltr'>Χαγάνε,</span> <span class='ocrx_word' id='word_1_65' title='bbox 1301 1235 1451 1287; x_wconf 82' lang='grc' dir='ltr'>οὐδὲν</span> <span class='ocrx_word' id='word_1_66' title='bbox 1509 1236 1861 1308; x_wconf 70' lang='grc' dir='ltr'>ἀπιστότερον</span> 
     </span>
    </p>
   </div>
   <div class='ocr_carea' id='block_1_11' title="bbox 287 1320 1862 1399">
    <p class='ocr_par' dir='ltr' id='par_1_11' title="bbox 287 1320 1862 1399">
     <span class='ocr_line' id='line_1_11' title="bbox 287 1320 1862 1399; baseline 0.002 -21"><span class='ocrx_word' id='word_1_67' title='bbox 287 1325 611 1397; x_wconf 69' lang='grc' dir='ltr'>εὐπραγίας·</span> <span class='ocrx_word' id='word_1_68' title='bbox 652 1326 680 1378; x_wconf 84' lang='grc' dir='ltr'><strong>ό</strong></span> <span class='ocrx_word' id='word_1_69' title='bbox 726 1325 825 1395; x_wconf 82' lang='grc' dir='ltr'>μὲν</span> <span class='ocrx_word' id='word_1_70' title='bbox 871 1320 967 1379; x_wconf 74' lang='grc' dir='ltr'>οὖν</span> <span class='ocrx_word' id='word_1_71' title='bbox 1016 1326 1292 1392; x_wconf 83' lang='grc' dir='ltr'>Χαγάνος,</span> <span class='ocrx_word' id='word_1_72' title='bbox 1320 1325 1730 1396; x_wconf 76' lang='grc' dir='ltr'>ἀποθαυμάσας</span> <span class='ocrx_word' id='word_1_73' title='bbox 1762 1330 1862 1399; x_wconf 83' lang='grc' dir='ltr'><strong>τὴν</strong></span> 
     </span>
    </p>
   </div>
   <div class='ocr_carea' id='block_1_12' title="bbox 287 1415 1863 1487">
    <p class='ocr_par' dir='ltr' id='par_1_12' title="bbox 287 1415 1863 1487">
     <span class='ocr_line' id='line_1_12' title="bbox 287 1415 1863 1487; baseline 0.003 -19"><span class='ocrx_word' id='word_1_74' title='bbox 287 1416 588 1470; x_wconf 82' lang='grc' dir='ltr'>ἐπιείκειαν</span> <span class='ocrx_word' id='word_1_75' title='bbox 610 1416 705 1471; x_wconf 76' lang='grc' dir='ltr'>τοῦ</span> <span class='ocrx_word' id='word_1_76' title='bbox 731 1416 943 1487; x_wconf 77' lang='grc' dir='ltr'>ἀνδρὸς,</span> <span class='ocrx_word' id='word_1_77' title='bbox 970 1415 1191 1480; x_wconf 77' lang='grc' dir='ltr'><strong>κολάζει</strong></span> <span class='ocrx_word' id='word_1_78' title='bbox 1217 1418 1310 1470; x_wconf 80' lang='grc' dir='ltr'>τὸν</span> <span class='ocrx_word' id='word_1_79' title='bbox 1334 1417 1524 1486; x_wconf 81' lang='grc' dir='ltr'>τύφον,</span> <span class='ocrx_word' id='word_1_80' title='bbox 1552 1420 1863 1474; x_wconf 80' lang='grc' dir='ltr'><strong>καταπαύει</strong></span> 
     </span>
    </p>
   </div>
   <div class='ocr_carea' id='block_1_13' title="bbox 286 1507 1864 1581">
    <p class='ocr_par' dir='ltr' id='par_1_13' title="bbox 286 1507 1864 1581">
     <span class='ocr_line' id='line_1_13' title="bbox 286 1507 1864 1581; baseline 0.005 -23"><span class='ocrx_word' id='word_1_81' title='bbox 286 1508 346 1559; x_wconf 76' lang='grc' dir='ltr'>τὸ</span> <span class='ocrx_word' id='word_1_82' title='bbox 379 1507 599 1577; x_wconf 90' lang='grc' dir='ltr'>θράσος,</span> <span class='ocrx_word' id='word_1_83' title='bbox 657 1508 983 1577; x_wconf 88' lang='grc' dir='ltr'>μεταϐάλλει</span> <span class='ocrx_word' id='word_1_84' title='bbox 1033 1509 1171 1578; x_wconf 73' lang='grc' dir='ltr'>πρὸς</span> <span class='ocrx_word' id='word_1_85' title='bbox 1222 1510 1505 1581; x_wconf 85' lang='grc' dir='ltr'>είρηναίαν</span> <span class='ocrx_word' id='word_1_86' title='bbox 1552 1513 1738 1581; x_wconf 83' lang='grc' dir='ltr'><strong>σχέσιν</strong></span> <span class='ocrx_word' id='word_1_87' title='bbox 1795 1515 1864 1566; x_wconf 76' lang='grc' dir='ltr'>τὰ</span> 
     </span>
    </p>
   </div>
   <div class='ocr_carea' id='block_1_14' title="bbox 286 1598 1857 1671">
    <p class='ocr_par' dir='ltr' id='par_1_14' title="bbox 286 1598 1857 1671">
     <span class='ocr_line' id='line_1_14' title="bbox 286 1598 1857 1671; baseline 0.003 -20"><span class='ocrx_word' id='word_1_88' title='bbox 286 1600 612 1669; x_wconf 88' lang='grc' dir='ltr'>πράγματα.</span> <span class='ocrx_word' id='word_1_89' title='bbox 644 1598 943 1669; x_wconf 80' lang='grc' dir='ltr'>Τοιγαροῦν</span> <span class='ocrx_word' id='word_1_90' title='bbox 990 1598 1139 1667; x_wconf 84' lang='grc' dir='ltr'>ὧρας</span> <span class='ocrx_word' id='word_1_91' title='bbox 1185 1600 1581 1671; x_wconf 85' lang='grc' dir='ltr'>ἀποσιωπήσας</span> <span class='ocrx_word' id='word_1_92' title='bbox 1634 1600 1857 1667; x_wconf 83' lang='grc' dir='ltr'>πολλὰς,</span> 
     </span>
    </p>
   </div>
   <div class='ocr_carea' id='block_1_15' title="bbox 283 1687 1859 1764">
    <p class='ocr_par' dir='ltr' id='par_1_15' title="bbox 283 1687 1859 1764">
     <span class='ocr_line' id='line_1_15' title="bbox 283 1687 1859 1764; baseline 0.003 -21"><span class='ocrx_word' id='word_1_93' title='bbox 283 1691 457 1762; x_wconf 76' lang='grc' dir='ltr'>ἔφησε</span> <span class='ocrx_word' id='word_1_94' title='bbox 506 1690 641 1762; x_wconf 77' lang='grc' dir='ltr'>πρὸς</span> <span class='ocrx_word' id='word_1_95' title='bbox 674 1691 992 1761; x_wconf 84' lang='grc' dir='ltr'>Θεόδωρον·</span> <span class='ocrx_word' id='word_1_96' title='bbox 1028 1687 1159 1745; x_wconf 80' lang='grc' dir='ltr'>Οἶδα</span> <span class='ocrx_word' id='word_1_97' title='bbox 1206 1693 1300 1745; x_wconf 76' lang='grc' dir='ltr'>καὶ</span> <span class='ocrx_word' id='word_1_98' title='bbox 1350 1697 1635 1764; x_wconf 78' lang='grc' dir='ltr'>τυραννεῖν</span> <span class='ocrx_word' id='word_1_99' title='bbox 1690 1694 1859 1764; x_wconf 83' lang='grc' dir='ltr'>θυμὸν</span> 
     </span>
    </p>
   </div>
   <div class='ocr_carea' id='block_1_16' title="bbox 284 1778 1857 1855">
    <p class='ocr_par' dir='ltr' id='par_1_16' title="bbox 284 1778 1857 1855">
     <span class='ocr_line' id='line_1_16' title="bbox 284 1778 1857 1855; baseline 0.001 -20"><span class='ocrx_word' id='word_1_100' title='bbox 284 1783 663 1848; x_wconf 80' lang='grc' dir='ltr'>ὲξοιδαίνοντα,</span> <span class='ocrx_word' id='word_1_101' title='bbox 709 1778 829 1837; x_wconf 79' lang='grc' dir='ltr'>οἶδα</span> <span class='ocrx_word' id='word_1_102' title='bbox 887 1784 980 1835; x_wconf 56' lang='grc' dir='ltr'><strong>καὶ⁵</strong></span> <span class='ocrx_word' id='word_1_103' title='bbox 1036 1783 1355 1853; x_wconf 83' lang='grc' dir='ltr'>στρατεύειν</span> <span class='ocrx_word' id='word_1_104' title='bbox 1405 1785 1597 1855; x_wconf 60' lang='grc' dir='ltr'>ὀργήν</span> <span class='ocrx_word' id='word_1_105' title='bbox 1628 1785 1743 1838; x_wconf 84' lang='grc' dir='ltr'>ἀλλ’</span> <span class='ocrx_word' id='word_1_106' title='bbox 1768 1785 1857 1837; x_wconf 81' lang='grc' dir='ltr'>ὅτε</span> 
     </span>
    </p>
   </div>
   <div class='ocr_carea' id='block_1_17' title="bbox 284 1872 1860 1944">
    <p class='ocr_par' dir='ltr' id='par_1_17' title="bbox 284 1872 1860 1944">
     <span class='ocr_line' id='line_1_17' title="bbox 284 1872 1860 1944; baseline 0.001 -20"><span class='ocrx_word' id='word_1_107' title='bbox 284 1872 476 1939; x_wconf 81' lang='grc' dir='ltr'>καιρὸς</span> <span class='ocrx_word' id='word_1_108' title='bbox 509 1872 896 1942; x_wconf 77' lang='grc' dir='ltr'><strong>χαλεπότητος,</strong></span> <span class='ocrx_word' id='word_1_109' title='bbox 947 1872 1265 1941; x_wconf 85' lang='grc' dir='ltr'><strong>διαλέλυμαι</strong></span> <span class='ocrx_word' id='word_1_110' title='bbox 1318 1872 1394 1942; x_wconf 82' lang='grc' dir='ltr'>τῷ</span> <span class='ocrx_word' id='word_1_111' title='bbox 1446 1873 1691 1944; x_wconf 83' lang='grc' dir='ltr'>Πρίσκῳ,</span> <span class='ocrx_word' id='word_1_112' title='bbox 1731 1873 1860 1926; x_wconf 83' lang='grc' dir='ltr'>Θεό-</span> 
     </span>
    </p>
   </div>
   <div class='ocr_carea' id='block_1_18' title="bbox 280 1963 1860 2035">
    <p class='ocr_par' dir='ltr' id='par_1_18' title="bbox 280 1963 1860 2035">
     <span class='ocr_line' id='line_1_18' title="bbox 280 1963 1860 2035; baseline 0 -17"><span class='ocrx_word' id='word_1_113' title='bbox 280 1967 443 2035; x_wconf 83' lang='grc' dir='ltr'>δωρε.</span> <span class='ocrx_word' id='word_1_114' title='bbox 480 1967 662 2017; x_wconf 79' lang='grc' dir='ltr'>Ἔστω</span> <span class='ocrx_word' id='word_1_115' title='bbox 703 1963 763 2016; x_wconf 70' lang='grc' dir='ltr'><strong>δέ</strong></span> <span class='ocrx_word' id='word_1_116' title='bbox 794 1980 886 2033; x_wconf 82' lang='grc' dir='ltr'><strong>μοι</strong></span> <span class='ocrx_word' id='word_1_117' title='bbox 915 1963 1009 2017; x_wconf 80' lang='grc' dir='ltr'>καὶ</span> <span class='ocrx_word' id='word_1_118' title='bbox 1041 1963 1204 2026; x_wconf 85' lang='grc' dir='ltr'>αὑτὸς</span> <span class='ocrx_word' id='word_1_119' title='bbox 1230 1964 1383 2033; x_wconf 87' lang='grc' dir='ltr'>φίλος</span> <span class='ocrx_word' id='word_1_120' title='bbox 1430 1965 1704 2032; x_wconf 77' lang='grc' dir='ltr'>ἐπιεικὴς,</span> <span class='ocrx_word' id='word_1_121' title='bbox 1729 1965 1860 2031; x_wconf 82' lang='grc' dir='ltr'>ἀγέ-</span> 
     </span>
    </p>
   </div>
   <div class='ocr_carea' id='block_1_19' title="bbox 284 2054 1858 2126">
    <p class='ocr_par' dir='ltr' id='par_1_19' title="bbox 284 2054 1858 2126">
     <span class='ocr_line' id='line_1_19' title="bbox 284 2054 1858 2126; baseline 0.013 0"><span class='ocrx_word' id='word_1_122' title='bbox 284 2074 486 2126; x_wconf 77' lang='grc' dir='ltr'>ραστος</span> <span class='ocrx_word' id='word_1_123' title='bbox 539 2057 638 2126; x_wconf 81' lang='grc' dir='ltr'><strong>τῆς</strong></span> <span class='ocrx_word' id='word_1_124' title='bbox 690 2054 841 2117; x_wconf 73' lang='grc' dir='ltr'>λείας</span> <span class='ocrx_word' id='word_1_125' title='bbox 896 2054 971 2125; x_wconf 67' lang='grc' dir='ltr'><strong>μὴ</strong></span> <span class='ocrx_word' id='word_1_126' title='bbox 1024 2056 1232 2123; x_wconf 74' lang='grc' dir='ltr'><strong>μενέτω</strong></span> <span class='ocrx_word' id='word_1_127' title='bbox 1279 2056 1549 2123; x_wconf 67' lang='grc' dir='ltr'><strong>Χαγάν⁰ς’</strong></span> <span class='ocrx_word' id='word_1_128' title='bbox 1591 2058 1717 2109; x_wconf 47' lang='grc' dir='ltr'><strong>Ἐπὶ</strong></span> <span class='ocrx_word' id='word_1_129' title='bbox 1756 2057 1858 2126; x_wconf 67' lang='grc' dir='ltr'><strong>τῆς</strong></span> 
     </span>
    </p>
   </div>
   <div class='ocr_carea' id='block_1_20' title="bbox 290 2147 1858 2219">
    <p class='ocr_par' dir='ltr' id='par_1_20' title="bbox 290 2147 1858 2219">
     <span class='ocr_line' id='line_1_20' title="bbox 290 2147 1858 2219; baseline 0.001 -19"><span class='ocrx_word' id='word_1_130' title='bbox 290 2150 426 2218; x_wconf 82' lang='grc' dir='ltr'><strong>ὲμῆς</strong></span> <span class='ocrx_word' id='word_1_131' title='bbox 467 2149 571 2219; x_wconf 78' lang='grc' dir='ltr'>γῆς</span> <span class='ocrx_word' id='word_1_132' title='bbox 625 2147 942 2217; x_wconf 68' lang='grc' dir='ltr'>ἐπιϐέϐηκε.</span> <span class='ocrx_word' id='word_1_133' title='bbox 1002 2148 1138 2218; x_wconf 78' lang='grc' dir='ltr'>Περὶ</span> <span class='ocrx_word' id='word_1_134' title='bbox 1183 2150 1308 2212; x_wconf 83' lang='grc' dir='ltr'>τοὺς</span> <span class='ocrx_word' id='word_1_135' title='bbox 1363 2150 1531 2219; x_wconf 84' lang='grc' dir='ltr'>ὲμοὺς</span> <span class='ocrx_word' id='word_1_136' title='bbox 1584 2150 1858 2219; x_wconf 81' lang='grc' dir='ltr'>ὑπηκόους</span> 
     </span>
    </p>
   </div>
   <div class='ocr_carea' id='block_1_21' title="bbox 290 2238 1858 2311">
    <p class='ocr_par' dir='ltr' id='par_1_21' title="bbox 290 2238 1858 2311">
     <span class='ocr_line' id='line_1_21' title="bbox 290 2238 1858 2311; baseline 0.001 -20"><span class='ocrx_word' id='word_1_137' title='bbox 290 2241 620 2311; x_wconf 76' lang='grc' dir='ltr'>ἐξήμαρτεν.</span> <span class='ocrx_word' id='word_1_138' title='bbox 657 2239 835 2292; x_wconf 81' lang='grc' dir='ltr'>Ἔστω</span> <span class='ocrx_word' id='word_1_139' title='bbox 877 2239 945 2291; x_wconf 74' lang='grc' dir='ltr'>τὰ</span> <span class='ocrx_word' id='word_1_140' title='bbox 1003 2238 1101 2307; x_wconf 81' lang='grc' dir='ltr'><strong>τῆς</strong></span> <span class='ocrx_word' id='word_1_141' title='bbox 1160 2239 1467 2309; x_wconf 80' lang='grc' dir='ltr'>εὐπραγίας</span> <span class='ocrx_word' id='word_1_142' title='bbox 1517 2241 1691 2294; x_wconf 86' lang='grc' dir='ltr'>κοινά.</span> <span class='ocrx_word' id='word_1_143' title='bbox 1737 2240 1858 2293; x_wconf 82' lang='grc' dir='ltr'>Ἐπὶ</span> 
     </span>
    </p>
   </div>
   <div class='ocr_carea' id='block_1_22' title="bbox 289 2330 1859 2402">
    <p class='ocr_par' dir='ltr' id='par_1_22' title="bbox 289 2330 1859 2402">
     <span class='ocr_line' id='line_1_22' title="bbox 289 2330 1859 2402; baseline 0 -18"><span class='ocrx_word' id='word_1_144' title='bbox 289 2332 502 2394; x_wconf 78' lang='grc' dir='ltr'>τούτοις</span> <span class='ocrx_word' id='word_1_145' title='bbox 540 2330 1096 2401; x_wconf 80' lang='grc' dir='ltr'>φιλοφρονησάμενος,</span> <span class='ocrx_word' id='word_1_146' title='bbox 1140 2331 1277 2402; x_wconf 72' lang='grc' dir='ltr'>πρὸς</span> <span class='ocrx_word' id='word_1_147' title='bbox 1310 2332 1552 2402; x_wconf 84' lang='grc' dir='ltr'>Πρίσκον</span> <span class='ocrx_word' id='word_1_148' title='bbox 1584 2334 1676 2385; x_wconf 82' lang='grc' dir='ltr'><strong>τὸν</strong></span> <span class='ocrx_word' id='word_1_149' title='bbox 1730 2332 1859 2385; x_wconf 90' lang='grc' dir='ltr'>Θεό-</span> 
     </span>
    </p>
   </div>
   <div class='ocr_carea' id='block_1_23' title="bbox 288 2420 1858 2491">
    <p class='ocr_par' dir='ltr' id='par_1_23' title="bbox 288 2420 1858 2491">
     <span class='ocr_line' id='line_1_23' title="bbox 288 2420 1858 2491; baseline 0.001 -18"><span class='ocrx_word' id='word_1_150' title='bbox 288 2421 460 2490; x_wconf 85' lang='grc' dir='ltr'>δωρον</span> <span class='ocrx_word' id='word_1_151' title='bbox 493 2421 759 2489; x_wconf 81' lang='grc' dir='ltr'>ἔπεμπεν.</span> <span class='ocrx_word' id='word_1_152' title='bbox 812 2421 871 2473; x_wconf 80' lang='grc'><strong>’0</strong></span> <span class='ocrx_word' id='word_1_153' title='bbox 924 2420 1197 2490; x_wconf 86' lang='grc' dir='ltr'>Θεόδωρος</span> <span class='ocrx_word' id='word_1_154' title='bbox 1247 2420 1471 2491; x_wconf 82' lang='grc' dir='ltr'>Πρίσκῳ</span> <span class='ocrx_word' id='word_1_155' title='bbox 1497 2423 1624 2485; x_wconf 82' lang='grc' dir='ltr'>τοὺς</span> <span class='ocrx_word' id='word_1_156' title='bbox 1662 2422 1858 2489; x_wconf 85' lang='grc' dir='ltr'>λόγους</span> 
     </span>
    </p>
   </div>
   <div class='ocr_carea' id='block_1_24' title="bbox 284 2513 1857 2586">
    <p class='ocr_par' dir='ltr' id='par_1_24' title="bbox 284 2513 1857 2586">
     <span class='ocr_line' id='line_1_24' title="bbox 284 2513 1857 2586; baseline 0 -20"><span class='ocrx_word' id='word_1_157' title='bbox 284 2515 380 2568; x_wconf 81' lang='grc' dir='ltr'><strong>τοῦ</strong></span> <span class='ocrx_word' id='word_1_158' title='bbox 411 2513 691 2584; x_wconf 84' lang='grc' dir='ltr'>Βαρϐάρου</span> <span class='ocrx_word' id='word_1_159' title='bbox 746 2513 1012 2584; x_wconf 77' lang='grc' dir='ltr'>διεξῆλθε·</span> <span class='ocrx_word' id='word_1_160' title='bbox 1047 2513 1144 2567; x_wconf 77' lang='grc' dir='ltr'>καὶ</span> <span class='ocrx_word' id='word_1_161' title='bbox 1173 2514 1202 2566; x_wconf 85' lang='grc' dir='ltr'><strong>ὁ</strong></span> <span class='ocrx_word' id='word_1_162' title='bbox 1237 2514 1473 2585; x_wconf 86' lang='grc' dir='ltr'>Πρίσκος</span> <span class='ocrx_word' id='word_1_163' title='bbox 1493 2517 1559 2585; x_wconf 77' lang='grc' dir='ltr'>τῇ</span> <span class='ocrx_word' id='word_1_164' title='bbox 1597 2515 1857 2586; x_wconf 75' lang='grc' dir='ltr'>ὑστεραίᾳ</span> 
     </span>
    </p>
   </div>
   <div class='ocr_carea' id='block_1_25' title="bbox 284 2604 1859 2676">
    <p class='ocr_par' dir='ltr' id='par_1_25' title="bbox 284 2604 1859 2676">
     <span class='ocr_line' id='line_1_25' title="bbox 284 2604 1859 2676; baseline 0.001 -21"><span class='ocrx_word' id='word_1_165' title='bbox 284 2604 579 2675; x_wconf 81' lang='grc' dir='ltr'>ἐκκλησίαν</span> <span class='ocrx_word' id='word_1_166' title='bbox 623 2604 866 2670; x_wconf 81' lang='grc' dir='ltr'>ἐκάθισε,</span> <span class='ocrx_word' id='word_1_167' title='bbox 913 2605 1149 2676; x_wconf 80' lang='grc' dir='ltr'>παρῄνει</span> <span class='ocrx_word' id='word_1_168' title='bbox 1219 2621 1279 2657; x_wconf 89' lang='grc' dir='ltr'><strong>τε</strong></span> <span class='ocrx_word' id='word_1_169' title='bbox 1320 2605 1634 2675; x_wconf 87' lang='grc' dir='ltr'>Ῥωμαίοις,</span> <span class='ocrx_word' id='word_1_170' title='bbox 1670 2623 1859 2659; x_wconf 89' lang='grc' dir='ltr'>κοινω-</span> 
     </span>
    </p>
   </div>
   <div class='ocr_carea' id='block_1_26' title="bbox 282 2694 1854 2768">
    <p class='ocr_par' dir='ltr' id='par_1_26' title="bbox 282 2694 1854 2768">
     <span class='ocr_line' id='line_1_26' title="bbox 282 2694 1854 2768; baseline 0 -20"><span class='ocrx_word' id='word_1_171' title='bbox 282 2694 375 2748; x_wconf 83' lang='grc' dir='ltr'>νὸν</span> <span class='ocrx_word' id='word_1_172' title='bbox 410 2695 520 2748; x_wconf 89' lang='grc' dir='ltr'><strong>τῶν</strong></span> <span class='ocrx_word' id='word_1_173' title='bbox 550 2696 815 2767; x_wconf 85' lang='grc' dir='ltr'>λαφύρων</span> <span class='ocrx_word' id='word_1_174' title='bbox 860 2695 1186 2765; x_wconf 81' lang='grc' dir='ltr'>ποιήσασθαι</span> <span class='ocrx_word' id='word_1_175' title='bbox 1212 2696 1309 2749; x_wconf 75' lang='grc' dir='ltr'>καὶ</span> <span class='ocrx_word' id='word_1_176' title='bbox 1331 2697 1423 2747; x_wconf 84' lang='grc' dir='ltr'>τὸν</span> <span class='ocrx_word' id='word_1_177' title='bbox 1446 2695 1748 2768; x_wconf 84' lang='grc' dir='ltr'>Βάρϐαρον.</span> <span class='ocrx_word' id='word_1_178' title='bbox 1791 2697 1854 2749; x_wconf 88' lang='grc' dir='ltr'>Οί</span> 
     </span>
    </p>
   </div>
   <div class='ocr_carea' id='block_1_27' title="bbox 278 2784 1857 2856">
    <p class='ocr_par' dir='ltr' id='par_1_27' title="bbox 278 2784 1857 2856">
     <span class='ocr_line' id='line_1_27' title="bbox 278 2784 1857 2856; baseline -0.001 -17"><span class='ocrx_word' id='word_1_179' title='bbox 278 2786 343 2839; x_wconf 83' lang='grc' dir='ltr'>δὲ</span> <span class='ocrx_word' id='word_1_180' title='bbox 385 2785 644 2855; x_wconf 86' lang='grc' dir='ltr'>Ῥωμαῖοι</span> <span class='ocrx_word' id='word_1_181' title='bbox 698 2786 837 2849; x_wconf 77' lang='grc' dir='ltr'>τέως</span> <span class='ocrx_word' id='word_1_182' title='bbox 899 2785 1035 2854; x_wconf 80' lang='grc' dir='ltr'>πρὸς</span> <span class='ocrx_word' id='word_1_183' title='bbox 1086 2786 1147 2837; x_wconf 86' lang='grc' dir='ltr'>τὺ</span> <span class='ocrx_word' id='word_1_184' title='bbox 1185 2784 1451 2838; x_wconf 90' lang='grc' dir='ltr'>συνοίσειν</span> <span class='ocrx_word' id='word_1_185' title='bbox 1508 2786 1581 2856; x_wconf 83' lang='grc' dir='ltr'><strong>μὴ</strong></span> <span class='ocrx_word' id='word_1_186' title='bbox 1624 2787 1857 2856; x_wconf 74' lang='grc' dir='ltr'>ὲνδημή-</span> 
     </span>
    </p>
   </div>
   <div class='ocr_carea' id='block_1_28' title="bbox 292 2875 1858 2945">
    <p class='ocr_par' dir='ltr' id='par_1_28' title="bbox 292 2875 1858 2945">
     <span class='ocr_line' id='line_1_28' title="bbox 292 2875 1858 2945; baseline 0 -17"><span class='ocrx_word' id='word_1_187' title='bbox 292 2892 505 2939; x_wconf 87' lang='grc' dir='ltr'>σαντες,</span> <span class='ocrx_word' id='word_1_188' title='bbox 538 2876 965 2941; x_wconf 73' lang='grc' dir='ltr'>κατεστασίαςον</span> <span class='ocrx_word' id='word_1_189' title='bbox 992 2875 1085 2928; x_wconf 79' lang='grc' dir='ltr'>τοῦ</span> <span class='ocrx_word' id='word_1_190' title='bbox 1115 2875 1441 2945; x_wconf 79' lang='grc' dir='ltr'>στρατηγοῦ.</span> <span class='ocrx_word' id='word_1_191' title='bbox 1490 2876 1547 2928; x_wconf 90' lang='lat'><strong>&#39;0</strong></span> <span class='ocrx_word' id='word_1_192' title='bbox 1577 2876 1633 2929; x_wconf 73' lang='grc' dir='ltr'>δὲ</span> <span class='ocrx_word' id='word_1_193' title='bbox 1660 2892 1858 2945; x_wconf 90' lang='grc' dir='ltr'>στρατ-</span> 
     </span>
    </p>
   </div>
   <div class='ocr_carea' id='block_1_29' title="bbox 283 2966 1855 3038">
    <p class='ocr_par' dir='ltr' id='par_1_29' title="bbox 283 2966 1855 3038">
     <span class='ocr_line' id='line_1_29' title="bbox 283 2966 1855 3038; baseline 0 -18"><span class='ocrx_word' id='word_1_194' title='bbox 283 2968 439 3038; x_wconf 79' lang='grc' dir='ltr'>ηγὸς,</span> <span class='ocrx_word' id='word_1_195' title='bbox 482 2969 693 3031; x_wconf 87' lang='grc' dir='ltr'>πολλοῖς</span> <span class='ocrx_word' id='word_1_196' title='bbox 748 2968 841 3020; x_wconf 76' lang='grc' dir='ltr'><strong>καὶ</strong></span> <span class='ocrx_word' id='word_1_197' title='bbox 902 2968 1202 3030; x_wconf 85' lang='grc' dir='ltr'>ποικίλοις,</span> <span class='ocrx_word' id='word_1_198' title='bbox 1265 2969 1357 3019; x_wconf 71' lang='grc' dir='ltr'>καὶ</span> <span class='ocrx_word' id='word_1_199' title='bbox 1446 2966 1567 3020; x_wconf 90' lang='grc' dir='ltr'>λίαν</span> <span class='ocrx_word' id='word_1_200' title='bbox 1618 2968 1855 3020; x_wconf 75' lang='grc' dir='ltr'>ἐντελέσι</span> 
     </span>
    </p>
   </div>
   <div class='ocr_carea' id='block_1_30' title="bbox 285 3058 1856 3130">
    <p class='ocr_par' dir='ltr' id='par_1_30' title="bbox 285 3058 1856 3130">
     <span class='ocr_line' id='line_1_30' title="bbox 285 3058 1856 3130; baseline 0.001 -21"><span class='ocrx_word' id='word_1_201' title='bbox 285 3058 465 3127; x_wconf 88' lang='grc' dir='ltr'>λόγοις</span> <span class='ocrx_word' id='word_1_202' title='bbox 488 3059 858 3130; x_wconf 79' lang='grc' dir='ltr'>χρησάμενος,</span> <span class='ocrx_word' id='word_1_203' title='bbox 888 3058 981 3121; x_wconf 87' lang='grc' dir='ltr'>τὰς</span> <span class='ocrx_word' id='word_1_204' title='bbox 1007 3059 1263 3128; x_wconf 85' lang='grc' dir='ltr'>δυνάμεις</span> <span class='ocrx_word' id='word_1_205' title='bbox 1299 3058 1561 3111; x_wconf 85' lang='grc' dir='ltr'>ὑπέπεισε</span> <span class='ocrx_word' id='word_1_206' title='bbox 1591 3058 1773 3111; x_wconf 78' lang='grc' dir='ltr'>δοῦναί</span> <span class='ocrx_word' id='word_1_207' title='bbox 1805 3075 1856 3111; x_wconf 90' lang='grc' dir='ltr'>τι</span> 
     </span>
    </p>
   </div>
   <div class='ocr_carea' id='block_1_31' title="bbox 1038 287 2754 364">
    <p class='ocr_par' dir='ltr' id='par_1_31' title="bbox 1038 287 2754 364">
     <span class='ocr_line' id='line_1_31' title="bbox 1038 287 2754 364; baseline 0.006 -11"><span class='ocrx_word' id='word_1_208' title='bbox 1038 290 1135 353; x_wconf 82' lang='lat' dir='ltr'><strong>DE</strong></span> <span class='ocrx_word' id='word_1_209' title='bbox 1175 287 1738 357; x_wconf 79' lang='lat' dir='ltr'><strong>LEGATIONIBUS</strong></span> <span class='ocrx_word' id='word_1_210' title='bbox 1778 290 2263 361; x_wconf 81' lang='lat' dir='ltr'><strong>ROMANORUM</strong></span> <span class='ocrx_word' id='word_1_211' title='bbox 2305 301 2403 359; x_wconf 82' lang='lat' dir='ltr'><strong>AD</strong></span> <span class='ocrx_word' id='word_1_212' title='bbox 2441 296 2754 364; x_wconf 80' lang='lat' dir='ltr'><strong>GENTES.</strong></span> 
     </span>
    </p>
   </div>
   <div class='ocr_carea' id='block_1_32' title="bbox 3423 312 3528 375">
    <p class='ocr_par' dir='ltr' id='par_1_32' title="bbox 3423 312 3528 375">
     <span class='ocr_line' id='line_1_32' title="bbox 3423 312 3528 375; baseline 0 -1"><span class='ocrx_word' id='word_1_213' title='bbox 3423 312 3528 375; x_wconf 75' lang='grc'><strong>934</strong></span> 
     </span>
    </p>
   </div>
   <div class='ocr_carea' id='block_1_33' title="bbox 1610 410 3534 489">
    <p class='ocr_par' dir='ltr' id='par_1_33' title="bbox 1610 410 3534 489">
     <span class='ocr_line' id='line_1_33' title="bbox 1610 410 3534 489; baseline 0.008 -28"><span class='ocrx_word' id='word_1_214' title='bbox 1610 425 1624 474; x_wconf 86' lang='grc'><strong>;</strong></span> <span class='ocrx_word' id='word_1_215' title='bbox 1671 410 1762 462; x_wconf 68' lang='grc' dir='ltr'><strong>τὸν</strong></span> <span class='ocrx_word' id='word_1_216' title='bbox 1803 410 1860 463; x_wconf 82' lang='grc' dir='ltr'>δὲ</span> <span class='ocrx_word' id='word_1_217' title='bbox 1890 418 1933 470; x_wconf 82' lang='grc' dir='ltr'>Α</span> <span class='ocrx_word' id='word_1_218' title='bbox 1964 427 2082 481; x_wconf 60' lang='lat' dir='ltr'><strong>qua!</strong></span> <span class='ocrx_word' id='word_1_219' title='bbox 2105 414 2157 466; x_wconf 94' lang='lat' dir='ltr'><strong>in</strong></span> <span class='ocrx_word' id='word_1_220' title='bbox 2192 414 2355 469; x_wconf 89' lang='lat' dir='ltr'><strong>altum</strong></span> <span class='ocrx_word' id='word_1_221' title='bbox 2391 425 2517 470; x_wconf 88' lang='lat' dir='ltr'><strong>sunt</strong></span> <span class='ocrx_word' id='word_1_222' title='bbox 2539 418 2714 481; x_wconf 73' lang='lat' dir='ltr'><strong>eiatm,</strong></span> <span class='ocrx_word' id='word_1_223' title='bbox 2767 418 2958 474; x_wconf 83' lang='lat' dir='ltr'><strong>deferri</strong></span> <span class='ocrx_word' id='word_1_224' title='bbox 2996 435 3186 477; x_wconf 83' lang='lat' dir='ltr'><strong>rursus</strong></span> <span class='ocrx_word' id='word_1_225' title='bbox 3216 424 3267 476; x_wconf 92' lang='lat' dir='ltr'><strong>iu</strong></span> <span class='ocrx_word' id='word_1_226' title='bbox 3299 428 3534 489; x_wconf 86' lang='lat' dir='ltr'><strong>terram;</strong></span> 
     </span>
    </p>
   </div>
   <div class='ocr_carea' id='block_1_34' title="bbox 1962 508 3533 585">
    <p class='ocr_par' dir='ltr' id='par_1_34' title="bbox 1962 508 3533 585">
     <span class='ocr_line' id='line_1_34' title="bbox 1962 508 3533 585; baseline 0.006 -23"><span class='ocrx_word' id='word_1_227' title='bbox 1962 514 2018 562; x_wconf 89' lang='lat' dir='ltr'><strong>et</strong></span> <span class='ocrx_word' id='word_1_228' title='bbox 2063 508 2304 563; x_wconf 78' lang='lat' dir='ltr'><strong>vicissim</strong></span> <span class='ocrx_word' id='word_1_229' title='bbox 2355 524 2469 574; x_wconf 86' lang='lat' dir='ltr'><strong>eas,</strong></span> <span class='ocrx_word' id='word_1_230' title='bbox 2505 525 2624 580; x_wconf 87' lang='lat' dir='ltr'><strong>quae</strong></span> <span class='ocrx_word' id='word_1_231' title='bbox 2671 519 2868 565; x_wconf 89' lang='lat' dir='ltr'><strong>terram</strong></span> <span class='ocrx_word' id='word_1_232' title='bbox 2899 514 3113 576; x_wconf 83' lang='lat' dir='ltr'><strong>radunt,</strong></span> <span class='ocrx_word' id='word_1_233' title='bbox 3150 526 3330 585; x_wconf 86' lang='lat' dir='ltr'><strong>postea</strong></span> <span class='ocrx_word' id='word_1_234' title='bbox 3356 517 3533 572; x_wconf 84' lang='lat' dir='ltr'><strong>evehi.</strong></span> 
     </span>
    </p>
   </div>
   <div class='ocr_carea' id='block_1_35' title="bbox 1962 597 3534 675">
    <p class='ocr_par' dir='ltr' id='par_1_35' title="bbox 1962 597 3534 675">
     <span class='ocr_line' id='line_1_35' title="bbox 1962 597 3534 675; baseline 0.006 -25"><span class='ocrx_word' id='word_1_235' title='bbox 1962 597 2092 663; x_wconf 59' lang='lat' dir='ltr'><strong>Quae</strong></span> <span class='ocrx_word' id='word_1_236' title='bbox 2143 613 2267 653; x_wconf 89' lang='lat' dir='ltr'><strong>cum</strong></span> <span class='ocrx_word' id='word_1_237' title='bbox 2320 601 2614 655; x_wconf 82' lang='lat' dir='ltr'><strong>audivisset</strong></span> <span class='ocrx_word' id='word_1_238' title='bbox 2665 600 2948 667; x_wconf 79' lang='lat' dir='ltr'><strong>Sesostris,</strong></span> <span class='ocrx_word' id='word_1_239' title='bbox 3000 605 3404 675; x_wconf 81' lang='lat' dir='ltr'><strong>didicissctque,</strong></span> <span class='ocrx_word' id='word_1_240' title='bbox 3468 622 3534 660; x_wconf 89' lang='lat' dir='ltr'><strong>ne</strong></span> 
     </span>
    </p>
   </div>
   <div class='ocr_carea' id='block_1_36' title="bbox 1964 687 3535 764">
    <p class='ocr_par' dir='ltr' id='par_1_36' title="bbox 1964 687 3535 764">
     <span class='ocr_line' id='line_1_36' title="bbox 1964 687 3535 764; baseline 0.008 -25"><span class='ocrx_word' id='word_1_241' title='bbox 1964 687 2127 742; x_wconf 89' lang='lat' dir='ltr'><strong>nimis</strong></span> <span class='ocrx_word' id='word_1_242' title='bbox 2160 689 2327 743; x_wconf 87' lang='lat' dir='ltr'><strong>altum</strong></span> <span class='ocrx_word' id='word_1_243' title='bbox 2356 701 2592 759; x_wconf 87' lang='lat' dir='ltr'><strong>saperet,</strong></span> <span class='ocrx_word' id='word_1_244' title='bbox 2626 692 2856 761; x_wconf 87' lang='lat' dir='ltr'><strong>jussisse</strong></span> <span class='ocrx_word' id='word_1_245' title='bbox 2884 697 3171 764; x_wconf 76' lang='lat' dir='ltr'><strong>resumptis</strong></span> <span class='ocrx_word' id='word_1_246' title='bbox 3192 713 3378 751; x_wconf 89' lang='lat' dir='ltr'><strong>eorum</strong></span> <span class='ocrx_word' id='word_1_247' title='bbox 3413 698 3535 753; x_wconf 92' lang='lat' dir='ltr'><strong>loco</strong></span> 
     </span>
    </p>
   </div>
   <div class='ocr_carea' id='block_1_37' title="bbox 1960 779 3532 856">
    <p class='ocr_par' dir='ltr' id='par_1_37' title="bbox 1960 779 3532 856">
     <span class='ocr_line' id='line_1_37' title="bbox 1960 779 3532 856; baseline 0.009 -26"><span class='ocrx_word' id='word_1_248' title='bbox 1960 779 2121 832; x_wconf 88' lang='lat' dir='ltr'><strong>mulis</strong></span> <span class='ocrx_word' id='word_1_249' title='bbox 2150 795 2177 832; x_wconf 93' lang='lat' dir='ltr'><strong>a</strong></span> <span class='ocrx_word' id='word_1_250' title='bbox 2209 780 2338 850; x_wconf 84' lang='lat' dir='ltr'><strong>jugo</strong></span> <span class='ocrx_word' id='word_1_251' title='bbox 2367 784 2503 837; x_wconf 90' lang='lat' dir='ltr'><strong>colla</strong></span> <span class='ocrx_word' id='word_1_252' title='bbox 2554 798 2741 853; x_wconf 83' lang='lat' dir='ltr'><strong>regum</strong></span> <span class='ocrx_word' id='word_1_253' title='bbox 2798 785 2953 839; x_wconf 85' lang='lat' dir='ltr'><strong>solvi.</strong></span> <span class='ocrx_word' id='word_1_254' title='bbox 3004 786 3130 842; x_wconf 65' lang='lat' dir='ltr'><strong>Haec</strong></span> <span class='ocrx_word' id='word_1_255' title='bbox 3186 798 3239 843; x_wconf 93' lang='lat' dir='ltr'><strong>te</strong></span> <span class='ocrx_word' id='word_1_256' title='bbox 3287 791 3532 856; x_wconf 97' lang='lat' dir='ltr'><strong>doceant,</strong></span> 
     </span>
    </p>
   </div>
   <div class='ocr_carea' id='block_1_38' title="bbox 1959 868 3535 949">
    <p class='ocr_par' dir='ltr' id='par_1_38' title="bbox 1959 868 3535 949">
     <span class='ocr_line' id='line_1_38' title="bbox 1959 868 3535 949; baseline 0.008 -27"><span class='ocrx_word' id='word_1_257' title='bbox 1959 868 2234 940; x_wconf 82' lang='lat' dir='ltr'><strong>Chagaue,</strong></span> <span class='ocrx_word' id='word_1_258' title='bbox 2291 871 2553 929; x_wconf 75' lang='lat' dir='ltr'><strong>felicitate</strong></span> <span class='ocrx_word' id='word_1_259' title='bbox 2585 876 2716 928; x_wconf 84' lang='lat' dir='ltr'><strong>nihil</strong></span> <span class='ocrx_word' id='word_1_260' title='bbox 2748 892 2869 931; x_wconf 84' lang='lat' dir='ltr'><strong>esse</strong></span> <span class='ocrx_word' id='word_1_261' title='bbox 2916 878 3243 932; x_wconf 87' lang='lat' dir='ltr'><strong>instabilius.</strong></span> <span class='ocrx_word' id='word_1_262' title='bbox 3291 880 3535 949; x_wconf 83' lang='lat' dir='ltr'><strong>Quapro-</strong></span> 
     </span>
    </p>
   </div>
   <div class='ocr_carea' id='block_1_39' title="bbox 1961 960 3534 1038">
    <p class='ocr_par' dir='ltr' id='par_1_39' title="bbox 1961 960 3534 1038">
     <span class='ocr_line' id='line_1_39' title="bbox 1961 960 3534 1038; baseline 0.007 -25"><span class='ocrx_word' id='word_1_263' title='bbox 1961 969 2083 1028; x_wconf 91' lang='lat' dir='ltr'><strong>pter</strong></span> <span class='ocrx_word' id='word_1_264' title='bbox 2116 960 2416 1016; x_wconf 90' lang='lat' dir='ltr'><strong>admiratus</strong></span> <span class='ocrx_word' id='word_1_265' title='bbox 2464 964 2807 1031; x_wconf 83' lang='lat' dir='ltr'><strong>prudentiam</strong></span> <span class='ocrx_word' id='word_1_266' title='bbox 2842 968 3075 1022; x_wconf 84' lang='lat' dir='ltr'><strong>hominis</strong></span> <span class='ocrx_word' id='word_1_267' title='bbox 3121 968 3405 1038; x_wconf 84' lang='lat' dir='ltr'><strong>Chaganns</strong></span> <span class='ocrx_word' id='word_1_268' title='bbox 3449 972 3534 1024; x_wconf 83' lang='lat' dir='ltr'><strong>fa-</strong></span> 
     </span>
    </p>
   </div>
   <div class='ocr_carea' id='block_1_40' title="bbox 1961 1053 3535 1129">
    <p class='ocr_par' dir='ltr' id='par_1_40' title="bbox 1961 1053 3535 1129">
     <span class='ocr_line' id='line_1_40' title="bbox 1961 1053 3535 1129; baseline 0.008 -25"><span class='ocrx_word' id='word_1_269' title='bbox 1961 1059 2103 1104; x_wconf 82' lang='lat' dir='ltr'><strong>stum</strong></span> <span class='ocrx_word' id='word_1_270' title='bbox 2144 1053 2474 1122; x_wconf 88' lang='lat' dir='ltr'><strong>comprimit,</strong></span> <span class='ocrx_word' id='word_1_271' title='bbox 2500 1056 2639 1108; x_wconf 86' lang='lat' dir='ltr'><strong>sistit</strong></span> <span class='ocrx_word' id='word_1_272' title='bbox 2686 1059 3085 1123; x_wconf 87' lang='lat' dir='ltr'><strong>conlidentiam,</strong></span> <span class='ocrx_word' id='word_1_273' title='bbox 3146 1076 3337 1129; x_wconf 86' lang='lat' dir='ltr'><strong>resque</strong></span> <span class='ocrx_word' id='word_1_274' title='bbox 3387 1077 3535 1115; x_wconf 83' lang='lat' dir='ltr'><strong>com-</strong></span> 
     </span>
    </p>
   </div>
   <div class='ocr_carea' id='block_1_41' title="bbox 1962 1142 3536 1225">
    <p class='ocr_par' dir='ltr' id='par_1_41' title="bbox 1962 1142 3536 1225">
     <span class='ocr_line' id='line_1_41' title="bbox 1962 1142 3536 1225; baseline 0.009 -31"><span class='ocrx_word' id='word_1_275' title='bbox 1962 1142 2119 1210; x_wconf 80' lang='lat' dir='ltr'><strong>ponit</strong></span> <span class='ocrx_word' id='word_1_276' title='bbox 2144 1144 2209 1197; x_wconf 85' lang='lat' dir='ltr'><strong>ad</strong></span> <span class='ocrx_word' id='word_1_277' title='bbox 2238 1152 2439 1198; x_wconf 87' lang='lat' dir='ltr'><strong>statum</strong></span> <span class='ocrx_word' id='word_1_278' title='bbox 2466 1146 2639 1213; x_wconf 82' lang='lat' dir='ltr'><strong>pacis,</strong></span> <span class='ocrx_word' id='word_1_279' title='bbox 2671 1161 2734 1201; x_wconf 89' lang='lat' dir='ltr'><strong>ac</strong></span> <span class='ocrx_word' id='word_1_280' title='bbox 2765 1150 2839 1201; x_wconf 86' lang='lat' dir='ltr'><strong>ita</strong></span> <span class='ocrx_word' id='word_1_281' title='bbox 2865 1166 2983 1203; x_wconf 89' lang='lat' dir='ltr'><strong>cum</strong></span> <span class='ocrx_word' id='word_1_282' title='bbox 3017 1168 3111 1220; x_wconf 80' lang='lat' dir='ltr'><strong>per</strong></span> <span class='ocrx_word' id='word_1_283' title='bbox 3140 1154 3299 1207; x_wconf 91' lang='lat' dir='ltr'><strong>horas</strong></span> <span class='ocrx_word' id='word_1_284' title='bbox 3328 1154 3536 1225; x_wconf 79' lang='lat' dir='ltr'><strong>aliquot</strong></span> 
     </span>
    </p>
   </div>
   <div class='ocr_carea' id='block_1_42' title="bbox 1962 1233 3531 1309">
    <p class='ocr_par' dir='ltr' id='par_1_42' title="bbox 1962 1233 3531 1309">
     <span class='ocr_line' id='line_1_42' title="bbox 1962 1233 3531 1309; baseline 0.007 -22"><span class='ocrx_word' id='word_1_285' title='bbox 1962 1233 2220 1300; x_wconf 77' lang='lat' dir='ltr'><strong>siluisset,</strong></span> <span class='ocrx_word' id='word_1_286' title='bbox 2267 1236 2334 1288; x_wconf 88' lang='lat' dir='ltr'><strong>ad</strong></span> <span class='ocrx_word' id='word_1_287' title='bbox 2376 1234 2739 1300; x_wconf 87' lang='lat' dir='ltr'><strong>Theodorum,</strong></span> <span class='ocrx_word' id='word_1_288' title='bbox 2772 1238 2928 1303; x_wconf 88' lang='lat' dir='ltr'><strong>Novi,</strong></span> <span class='ocrx_word' id='word_1_289' title='bbox 2958 1241 3153 1309; x_wconf 81' lang='lat' dir='ltr'><strong>inquit,</strong></span> <span class='ocrx_word' id='word_1_290' title='bbox 3200 1245 3381 1299; x_wconf 91' lang='lat' dir='ltr'><strong>animo</strong></span> <span class='ocrx_word' id='word_1_291' title='bbox 3408 1261 3531 1300; x_wconf 87' lang='lat' dir='ltr'><strong>meo</strong></span> 
     </span>
    </p>
   </div>
   <div class='ocr_carea' id='block_1_43' title="bbox 1961 1325 3535 1396">
    <p class='ocr_par' dir='ltr' id='par_1_43' title="bbox 1961 1325 3535 1396">
     <span class='ocr_line' id='line_1_43' title="bbox 1961 1325 3535 1396; baseline 0.008 -20"><span class='ocrx_word' id='word_1_292' title='bbox 1961 1325 2253 1390; x_wconf 87' lang='lat' dir='ltr'><strong>moderari,</strong></span> <span class='ocrx_word' id='word_1_293' title='bbox 2282 1326 2499 1396; x_wconf 86' lang='lat' dir='ltr'><strong>quando</strong></span> <span class='ocrx_word' id='word_1_294' title='bbox 2544 1328 2825 1393; x_wconf 75' lang='lat' dir='ltr'><strong>exuberat,</strong></span> <span class='ocrx_word' id='word_1_295' title='bbox 2880 1332 2999 1383; x_wconf 85' lang='lat' dir='ltr'><strong>novi</strong></span> <span class='ocrx_word' id='word_1_296' title='bbox 3041 1332 3202 1384; x_wconf 89' lang='lat' dir='ltr'><strong>etiam</strong></span> <span class='ocrx_word' id='word_1_297' title='bbox 3234 1334 3369 1386; x_wconf 90' lang='lat' dir='ltr'><strong>iram</strong></span> <span class='ocrx_word' id='word_1_298' title='bbox 3417 1337 3535 1388; x_wconf 87' lang='lat' dir='ltr'><strong>vin-</strong></span> 
     </span>
    </p>
   </div>
   <div class='ocr_carea' id='block_1_44' title="bbox 1960 1416 3535 1491">
    <p class='ocr_par' dir='ltr' id='par_1_44' title="bbox 1960 1416 3535 1491">
     <span class='ocr_line' id='line_1_44' title="bbox 1960 1416 3535 1491; baseline 0.008 -23"><span class='ocrx_word' id='word_1_299' title='bbox 1960 1429 2106 1480; x_wconf 90' lang='lat' dir='ltr'><strong>cere,</strong></span> <span class='ocrx_word' id='word_1_300' title='bbox 2139 1416 2231 1471; x_wconf 91' lang='lat' dir='ltr'><strong>sed</strong></span> <span class='ocrx_word' id='word_1_301' title='bbox 2263 1418 2445 1472; x_wconf 90' lang='lat' dir='ltr'><strong>habita</strong></span> <span class='ocrx_word' id='word_1_302' title='bbox 2477 1419 2687 1473; x_wconf 86' lang='lat' dir='ltr'><strong>ratione</strong></span> <span class='ocrx_word' id='word_1_303' title='bbox 2716 1421 2996 1489; x_wconf 89' lang='lat' dir='ltr'><strong>temporis.</strong></span> <span class='ocrx_word' id='word_1_304' title='bbox 3024 1418 3285 1476; x_wconf 83' lang='lat' dir='ltr'><strong>Abstineo</strong></span> <span class='ocrx_word' id='word_1_305' title='bbox 3307 1427 3535 1491; x_wconf 76' lang='lat' dir='ltr'><strong>amplius</strong></span> 
     </span>
    </p>
   </div>
   <div class='ocr_carea' id='block_1_45' title="bbox 1963 1508 3536 1585">
    <p class='ocr_par' dir='ltr' id='par_1_45' title="bbox 1963 1508 3536 1585">
     <span class='ocr_line' id='line_1_45' title="bbox 1963 1508 3536 1585; baseline 0.006 -24"><span class='ocrx_word' id='word_1_306' title='bbox 1963 1522 1993 1561; x_wconf 90' lang='lat' dir='ltr'><strong>a</strong></span> <span class='ocrx_word' id='word_1_307' title='bbox 2025 1508 2238 1575; x_wconf 90' lang='lat' dir='ltr'><strong>Prisco,</strong></span> <span class='ocrx_word' id='word_1_308' title='bbox 2262 1510 2566 1575; x_wconf 85' lang='lat' dir='ltr'><strong>Theodore,</strong></span> <span class='ocrx_word' id='word_1_309' title='bbox 2591 1512 2662 1567; x_wconf 85' lang='lat' dir='ltr'><strong>sit</strong></span> <span class='ocrx_word' id='word_1_310' title='bbox 2688 1522 2741 1566; x_wconf 89' lang='lat' dir='ltr'><strong>et</strong></span> <span class='ocrx_word' id='word_1_311' title='bbox 2770 1512 2858 1566; x_wconf 92' lang='lat' dir='ltr'><strong>ille</strong></span> <span class='ocrx_word' id='word_1_312' title='bbox 2891 1514 3020 1568; x_wconf 90' lang='lat' dir='ltr'><strong>mihi</strong></span> <span class='ocrx_word' id='word_1_313' title='bbox 3051 1529 3236 1582; x_wconf 80' lang='lat' dir='ltr'><strong>aequus</strong></span> <span class='ocrx_word' id='word_1_314' title='bbox 3262 1516 3536 1585; x_wconf 86' lang='lat' dir='ltr'><strong>bonusque</strong></span> 
     </span>
    </p>
   </div>
   <div class='ocr_carea' id='block_1_46' title="bbox 1964 1602 3533 1676">
    <p class='ocr_par' dir='ltr' id='par_1_46' title="bbox 1964 1602 3533 1676">
     <span class='ocr_line' id='line_1_46' title="bbox 1964 1602 3533 1676; baseline 0.006 -23"><span class='ocrx_word' id='word_1_315' title='bbox 1964 1602 2193 1665; x_wconf 82' lang='lat' dir='ltr'><strong>amicus,</strong></span> <span class='ocrx_word' id='word_1_316' title='bbox 2223 1617 2287 1655; x_wconf 81' lang='lat' dir='ltr'><strong>ex</strong></span> <span class='ocrx_word' id='word_1_317' title='bbox 2322 1613 2475 1671; x_wconf 87' lang='lat' dir='ltr'><strong>parte</strong></span> <span class='ocrx_word' id='word_1_318' title='bbox 2510 1605 2701 1672; x_wconf 42' lang='lat' dir='ltr'><strong>praeda:</strong></span> <span class='ocrx_word' id='word_1_319' title='bbox 2752 1619 2819 1658; x_wconf 93' lang='lat' dir='ltr'><strong>ne</strong></span> <span class='ocrx_word' id='word_1_320' title='bbox 2876 1606 3195 1659; x_wconf 78' lang='lat' dir='ltr'><strong>excludatur</strong></span> <span class='ocrx_word' id='word_1_321' title='bbox 3223 1607 3533 1676; x_wconf 81' lang='lat' dir='ltr'><strong>Chaganus,</strong></span> 
     </span>
    </p>
   </div>
   <div class='ocr_carea' id='block_1_47' title="bbox 1965 1690 3534 1755">
    <p class='ocr_par' dir='ltr' id='par_1_47' title="bbox 1965 1690 3534 1755">
     <span class='ocr_line' id='line_1_47' title="bbox 1965 1690 3534 1755; baseline 0.004 -11"><span class='ocrx_word' id='word_1_322' title='bbox 1965 1690 2018 1744; x_wconf 93' lang='lat' dir='ltr'><strong>in</strong></span> <span class='ocrx_word' id='word_1_323' title='bbox 2064 1705 2236 1744; x_wconf 89' lang='lat' dir='ltr'><strong>meam</strong></span> <span class='ocrx_word' id='word_1_324' title='bbox 2272 1700 2466 1744; x_wconf 92' lang='lat' dir='ltr'><strong>terram</strong></span> <span class='ocrx_word' id='word_1_325' title='bbox 2494 1690 2795 1755; x_wconf 88' lang='lat' dir='ltr'><strong>descendit,</strong></span> <span class='ocrx_word' id='word_1_326' title='bbox 2829 1692 2879 1745; x_wconf 92' lang='lat' dir='ltr'><strong>in</strong></span> <span class='ocrx_word' id='word_1_327' title='bbox 2936 1708 3084 1748; x_wconf 90' lang='lat' dir='ltr'><strong>meos</strong></span> <span class='ocrx_word' id='word_1_328' title='bbox 3133 1696 3379 1749; x_wconf 78' lang='lat' dir='ltr'><strong>subditos</strong></span> <span class='ocrx_word' id='word_1_329' title='bbox 3426 1699 3534 1750; x_wconf 90' lang='lat' dir='ltr'><strong>vim</strong></span> 
     </span>
    </p>
   </div>
   <div class='ocr_carea' id='block_1_48' title="bbox 1964 1781 3535 1853">
    <p class='ocr_par' dir='ltr' id='par_1_48' title="bbox 1964 1781 3535 1853">
     <span class='ocr_line' id='line_1_48' title="bbox 1964 1781 3535 1853; baseline 0.001 -16"><span class='ocrx_word' id='word_1_330' title='bbox 1964 1782 2227 1837; x_wconf 81' lang='lat' dir='ltr'><strong>exercuit.</strong></span> <span class='ocrx_word' id='word_1_331' title='bbox 2250 1781 2550 1837; x_wconf 89' lang='lat' dir='ltr'><strong>Commune</strong></span> <span class='ocrx_word' id='word_1_332' title='bbox 2596 1791 2736 1847; x_wconf 90' lang='lat' dir='ltr'><strong>esto,</strong></span> <span class='ocrx_word' id='word_1_333' title='bbox 2766 1785 2808 1839; x_wconf 87' lang='lat' dir='ltr'><strong>si</strong></span> <span class='ocrx_word' id='word_1_334' title='bbox 2842 1784 2971 1853; x_wconf 87' lang='lat' dir='ltr'><strong>quid</strong></span> <span class='ocrx_word' id='word_1_335' title='bbox 3006 1786 3131 1840; x_wconf 90' lang='lat' dir='ltr'><strong>inde</strong></span> <span class='ocrx_word' id='word_1_336' title='bbox 3163 1796 3245 1841; x_wconf 92' lang='lat' dir='ltr'><strong>est</strong></span> <span class='ocrx_word' id='word_1_337' title='bbox 3285 1786 3535 1841; x_wconf 80' lang='lat' dir='ltr'><strong>fortuna-</strong></span> 
     </span>
    </p>
   </div>
   <div class='ocr_carea' id='block_1_49' title="bbox 1964 1872 3531 1945">
    <p class='ocr_par' dir='ltr' id='par_1_49' title="bbox 1964 1872 3531 1945">
     <span class='ocr_line' id='line_1_49' title="bbox 1964 1872 3531 1945; baseline -0.001 -17"><span class='ocrx_word' id='word_1_338' title='bbox 1964 1889 2104 1928; x_wconf 90' lang='lat' dir='ltr'><strong>rum.</strong></span> <span class='ocrx_word' id='word_1_339' title='bbox 2134 1872 2246 1928; x_wconf 82' lang='lat' dir='ltr'><strong>Hae</strong></span> <span class='ocrx_word' id='word_1_340' title='bbox 2295 1875 2376 1929; x_wconf 91' lang='lat' dir='ltr'><strong>sic</strong></span> <span class='ocrx_word' id='word_1_341' title='bbox 2414 1876 2753 1929; x_wconf 86' lang='lat' dir='ltr'><strong>humanitate</strong></span> <span class='ocrx_word' id='word_1_342' title='bbox 2802 1888 3120 1945; x_wconf 87' lang='lat' dir='ltr'><strong>prosecutus</strong></span> <span class='ocrx_word' id='word_1_343' title='bbox 3166 1878 3531 1945; x_wconf 81' lang='lat' dir='ltr'><strong>Theodorum,</strong></span> 
     </span>
    </p>
   </div>
   <div class='ocr_carea' id='block_1_50' title="bbox 1963 1965 3530 2031">
    <p class='ocr_par' dir='ltr' id='par_1_50' title="bbox 1963 1965 3530 2031">
     <span class='ocr_line' id='line_1_50' title="bbox 1963 1965 3530 2031; baseline 0.004 -12"><span class='ocrx_word' id='word_1_344' title='bbox 1963 1967 2029 2020; x_wconf 91' lang='lat' dir='ltr'><strong>ad</strong></span> <span class='ocrx_word' id='word_1_345' title='bbox 2061 1965 2307 2021; x_wconf 84' lang='lat' dir='ltr'><strong>Priscum</strong></span> <span class='ocrx_word' id='word_1_346' title='bbox 2335 1967 2566 2031; x_wconf 87' lang='lat' dir='ltr'><strong>remisit,</strong></span> <span class='ocrx_word' id='word_1_347' title='bbox 2595 1983 2717 2021; x_wconf 90' lang='lat' dir='ltr'><strong>cum</strong></span> <span class='ocrx_word' id='word_1_348' title='bbox 2762 1982 2891 2022; x_wconf 85' lang='lat' dir='ltr'><strong>vero</strong></span> <span class='ocrx_word' id='word_1_349' title='bbox 2950 1969 3135 2023; x_wconf 83' lang='lat' dir='ltr'><strong>Prisco</strong></span> <span class='ocrx_word' id='word_1_350' title='bbox 3166 1971 3438 2025; x_wconf 79' lang='lat' dir='ltr'><strong>retulisset</strong></span> <span class='ocrx_word' id='word_1_351' title='bbox 3469 1986 3530 2025; x_wconf 91' lang='lat' dir='ltr'><strong>ea</strong></span> 
     </span>
    </p>
   </div>
   <div class='ocr_carea' id='block_1_51' title="bbox 1965 2058 3532 2129">
    <p class='ocr_par' dir='ltr' id='par_1_51' title="bbox 1965 2058 3532 2129">
     <span class='ocr_line' id='line_1_51' title="bbox 1965 2058 3532 2129; baseline 0.004 -18"><span class='ocrx_word' id='word_1_352' title='bbox 1965 2058 2300 2119; x_wconf 85' lang='lat' dir='ltr'><strong>Theodorus.</strong></span> <span class='ocrx_word' id='word_1_353' title='bbox 2328 2074 2447 2129; x_wconf 71' lang='lat' dir='ltr'><strong>qua:</strong></span> <span class='ocrx_word' id='word_1_354' title='bbox 2483 2059 2586 2113; x_wconf 86' lang='lat' dir='ltr'><strong>sibi</strong></span> <span class='ocrx_word' id='word_1_355' title='bbox 2622 2059 2896 2115; x_wconf 89' lang='lat' dir='ltr'><strong>Barbarus</strong></span> <span class='ocrx_word' id='word_1_356' title='bbox 2937 2059 3147 2116; x_wconf 85' lang='lat' dir='ltr'><strong>locutus</strong></span> <span class='ocrx_word' id='word_1_357' title='bbox 3176 2073 3310 2127; x_wconf 89' lang='lat' dir='ltr'><strong>erat,</strong></span> <span class='ocrx_word' id='word_1_358' title='bbox 3335 2065 3532 2117; x_wconf 78' lang='lat' dir='ltr'><strong>exhor-</strong></span> 
     </span>
    </p>
   </div>
   <div class='ocr_carea' id='block_1_52' title="bbox 1964 2150 3534 2224">
    <p class='ocr_par' dir='ltr' id='par_1_52' title="bbox 1964 2150 3534 2224">
     <span class='ocr_line' id='line_1_52' title="bbox 1964 2150 3534 2224; baseline 0.003 -22"><span class='ocrx_word' id='word_1_359' title='bbox 1964 2156 2109 2205; x_wconf 90' lang='lat' dir='ltr'><strong>tatus</strong></span> <span class='ocrx_word' id='word_1_360' title='bbox 2151 2160 2235 2204; x_wconf 89' lang='lat' dir='ltr'><strong>est</strong></span> <span class='ocrx_word' id='word_1_361' title='bbox 2270 2150 2546 2206; x_wconf 82' lang='lat' dir='ltr'><strong>Romanos</strong></span> <span class='ocrx_word' id='word_1_362' title='bbox 2596 2152 2835 2217; x_wconf 84' lang='lat' dir='ltr'><strong>Priscus,</strong></span> <span class='ocrx_word' id='word_1_363' title='bbox 2895 2163 2954 2208; x_wconf 89' lang='lat' dir='ltr'><strong>ut</strong></span> <span class='ocrx_word' id='word_1_364' title='bbox 3001 2155 3051 2207; x_wconf 92' lang='lat' dir='ltr'><strong>in</strong></span> <span class='ocrx_word' id='word_1_365' title='bbox 3085 2164 3291 2222; x_wconf 87' lang='lat' dir='ltr'><strong>partem</strong></span> <span class='ocrx_word' id='word_1_366' title='bbox 3322 2171 3534 2224; x_wconf 83' lang='lat' dir='ltr'><strong>quoque</strong></span> 
     </span>
    </p>
   </div>
   <div class='ocr_carea' id='block_1_53' title="bbox 1963 2239 3534 2307">
    <p class='ocr_par' dir='ltr' id='par_1_53' title="bbox 1963 2239 3534 2307">
     <span class='ocr_line' id='line_1_53' title="bbox 1963 2239 3534 2307; baseline 0.003 -14"><span class='ocrx_word' id='word_1_367' title='bbox 1963 2240 2266 2307; x_wconf 87' lang='lat' dir='ltr'><strong>spoliorum</strong></span> <span class='ocrx_word' id='word_1_368' title='bbox 2296 2240 2649 2294; x_wconf 80' lang='lat' dir='ltr'><strong>admitterent</strong></span> <span class='ocrx_word' id='word_1_369' title='bbox 2678 2239 2999 2296; x_wconf 88' lang='lat' dir='ltr'><strong>Barbarum.</strong></span> <span class='ocrx_word' id='word_1_370' title='bbox 3031 2241 3256 2297; x_wconf 81' lang='lat' dir='ltr'><strong>Romani</strong></span> <span class='ocrx_word' id='word_1_371' title='bbox 3282 2244 3406 2297; x_wconf 91' lang='lat' dir='ltr'><strong>licet</strong></span> <span class='ocrx_word' id='word_1_372' title='bbox 3439 2245 3534 2297; x_wconf 79' lang='lat' dir='ltr'><strong>ab~</strong></span> 
     </span>
    </p>
   </div>
   <div class='ocr_carea' id='block_1_54' title="bbox 1962 2330 3529 2401">
    <p class='ocr_par' dir='ltr' id='par_1_54' title="bbox 1962 2330 3529 2401">
     <span class='ocr_line' id='line_1_54' title="bbox 1962 2330 3529 2401; baseline 0.001 -18"><span class='ocrx_word' id='word_1_373' title='bbox 1962 2337 2222 2398; x_wconf 81' lang='lat' dir='ltr'><strong>negarent</strong></span> <span class='ocrx_word' id='word_1_374' title='bbox 2274 2330 2473 2398; x_wconf 89' lang='lat' dir='ltr'><strong>primo,</strong></span> <span class='ocrx_word' id='word_1_375' title='bbox 2530 2331 2762 2399; x_wconf 90' lang='lat' dir='ltr'><strong>ducique</strong></span> <span class='ocrx_word' id='word_1_376' title='bbox 2808 2333 2969 2401; x_wconf 76' lang='lat'><strong>180</strong></span> <span class='ocrx_word' id='word_1_377' title='bbox 3024 2334 3379 2399; x_wconf 84' lang='lat' dir='ltr'><strong>rebellareut,</strong></span> <span class='ocrx_word' id='word_1_378' title='bbox 3424 2335 3529 2386; x_wconf 73' lang='lat' dir='ltr'><strong>dux</strong></span> 
     </span>
    </p>
   </div>
   <div class='ocr_carea' id='block_1_55' title="bbox 1965 2421 3533 2492">
    <p class='ocr_par' dir='ltr' id='par_1_55' title="bbox 1965 2421 3533 2492">
     <span class='ocr_line' id='line_1_55' title="bbox 1965 2421 3533 2492; baseline 0.003 -20"><span class='ocrx_word' id='word_1_379' title='bbox 1965 2430 2147 2475; x_wconf 79' lang='lat' dir='ltr'><strong>tamen</strong></span> <span class='ocrx_word' id='word_1_380' title='bbox 2199 2421 2408 2488; x_wconf 90' lang='lat' dir='ltr'><strong>multis,</strong></span> <span class='ocrx_word' id='word_1_381' title='bbox 2439 2430 2494 2474; x_wconf 91' lang='lat' dir='ltr'><strong>et</strong></span> <span class='ocrx_word' id='word_1_382' title='bbox 2534 2422 2704 2476; x_wconf 77' lang='lat' dir='ltr'><strong>variis</strong></span> <span class='ocrx_word' id='word_1_383' title='bbox 2730 2437 2900 2491; x_wconf 86' lang='lat' dir='ltr'><strong>usque</strong></span> <span class='ocrx_word' id='word_1_384' title='bbox 2924 2424 3059 2477; x_wconf 91' lang='lat' dir='ltr'><strong>adeo</strong></span> <span class='ocrx_word' id='word_1_385' title='bbox 3078 2425 3533 2492; x_wconf 85' lang='lat' dir='ltr'><strong>prudentibusqne</strong></span> 
     </span>
    </p>
   </div>
   <div class='ocr_carea' id='block_1_56' title="bbox 1963 2510 3532 2580">
    <p class='ocr_par' dir='ltr' id='par_1_56' title="bbox 1963 2510 3532 2580">
     <span class='ocr_line' id='line_1_56' title="bbox 1963 2510 3532 2580; baseline 0.001 -18"><span class='ocrx_word' id='word_1_386' title='bbox 1963 2511 2143 2565; x_wconf 83' lang='lat' dir='ltr'><strong>verbis</strong></span> <span class='ocrx_word' id='word_1_387' title='bbox 2168 2510 2387 2575; x_wconf 65' lang='lat' dir='ltr'><strong>allatus,</strong></span> <span class='ocrx_word' id='word_1_388' title='bbox 2409 2510 2703 2565; x_wconf 79' lang='lat' dir='ltr'><strong>exercitum</strong></span> <span class='ocrx_word' id='word_1_389' title='bbox 2726 2512 3014 2579; x_wconf 85' lang='lat' dir='ltr'><strong>persuasit,</strong></span> <span class='ocrx_word' id='word_1_390' title='bbox 3052 2520 3108 2565; x_wconf 91' lang='lat' dir='ltr'><strong>ut</strong></span> <span class='ocrx_word' id='word_1_391' title='bbox 3134 2513 3367 2580; x_wconf 81' lang='lat' dir='ltr'><strong>praedam</strong></span> <span class='ocrx_word' id='word_1_392' title='bbox 3394 2528 3532 2580; x_wconf 84' lang='lat' dir='ltr'><strong>quo-</strong></span> 
     </span>
    </p>
   </div>
   <div class='ocr_carea' id='block_1_57' title="bbox 1964 2600 3534 2671">
    <p class='ocr_par' dir='ltr' id='par_1_57' title="bbox 1964 2600 3534 2671">
     <span class='ocr_line' id='line_1_57' title="bbox 1964 2600 3534 2671; baseline -0.001 -16"><span class='ocrx_word' id='word_1_393' title='bbox 1964 2617 2068 2671; x_wconf 88' lang='lat' dir='ltr'><strong>que</strong></span> <span class='ocrx_word' id='word_1_394' title='bbox 2126 2602 2600 2670; x_wconf 82' lang='lat' dir='ltr'><strong>diripereutinter</strong></span> <span class='ocrx_word' id='word_1_395' title='bbox 2658 2600 2983 2658; x_wconf 84' lang='lat' dir='ltr'><strong>Barbarum.</strong></span> <span class='ocrx_word' id='word_1_396' title='bbox 3047 2602 3294 2657; x_wconf 78' lang='lat' dir='ltr'><strong>Redditis</strong></span> <span class='ocrx_word' id='word_1_397' title='bbox 3351 2603 3534 2671; x_wconf 58' lang='lat' dir='ltr'><strong>itaque</strong></span> 
     </span>
    </p>
   </div>
   <div class='ocr_carea' id='block_1_58' title="bbox 1962 2690 3534 2761">
    <p class='ocr_par' dir='ltr' id='par_1_58' title="bbox 1962 2690 3534 2761">
     <span class='ocr_line' id='line_1_58' title="bbox 1962 2690 3534 2761; baseline 0.001 -16"><span class='ocrx_word' id='word_1_398' title='bbox 1962 2690 2191 2745; x_wconf 83' lang='lat' dir='ltr'><strong>Romani</strong></span> <span class='ocrx_word' id='word_1_399' title='bbox 2218 2691 2496 2761; x_wconf 89' lang='lat' dir='ltr'><strong>Chagano,</strong></span> <span class='ocrx_word' id='word_1_400' title='bbox 2526 2705 2670 2760; x_wconf 89' lang='lat' dir='ltr'><strong>quos</strong></span> <span class='ocrx_word' id='word_1_401' title='bbox 2704 2702 2969 2759; x_wconf 84' lang='lat' dir='ltr'><strong>ceperant</strong></span> <span class='ocrx_word' id='word_1_402' title='bbox 2998 2691 3274 2755; x_wconf 82' lang='lat' dir='ltr'><strong>Barbaris,</strong></span> <span class='ocrx_word' id='word_1_403' title='bbox 3328 2693 3534 2760; x_wconf 87' lang='lat' dir='ltr'><strong>reliqua</strong></span> 
     </span>
    </p>
   </div>
   <div class='ocr_carea' id='block_1_59' title="bbox 1962 2781 3535 2852">
    <p class='ocr_par' dir='ltr' id='par_1_59' title="bbox 1962 2781 3535 2852">
     <span class='ocr_line' id='line_1_59' title="bbox 1962 2781 3535 2852; baseline 0 -16"><span class='ocrx_word' id='word_1_404' title='bbox 1962 2781 2144 2852; x_wconf 62' lang='lat' dir='ltr'><strong>praeda</strong></span> <span class='ocrx_word' id='word_1_405' title='bbox 2174 2782 2277 2835; x_wconf 85' lang='lat' dir='ltr'><strong>sibi</strong></span> <span class='ocrx_word' id='word_1_406' title='bbox 2314 2791 2545 2846; x_wconf 88' lang='lat' dir='ltr'><strong>retenta,</strong></span> <span class='ocrx_word' id='word_1_407' title='bbox 2606 2782 2936 2837; x_wconf 87' lang='lat' dir='ltr'><strong>discordiam</strong></span> <span class='ocrx_word' id='word_1_408' title='bbox 2971 2798 3186 2837; x_wconf 89' lang='lat' dir='ltr'><strong>omnem</strong></span> <span class='ocrx_word' id='word_1_409' title='bbox 3214 2798 3535 2851; x_wconf 85' lang='lat' dir='ltr'><strong>composue-</strong></span> 
     </span>
    </p>
   </div>
   <div class='ocr_carea' id='block_1_60' title="bbox 1964 2872 3531 2942">
    <p class='ocr_par' dir='ltr' id='par_1_60' title="bbox 1964 2872 3531 2942">
     <span class='ocr_line' id='line_1_60' title="bbox 1964 2872 3531 2942; baseline -0.001 -15"><span class='ocrx_word' id='word_1_410' title='bbox 1964 2884 2109 2928; x_wconf 90' lang='lat' dir='ltr'><strong>runt.</strong></span> <span class='ocrx_word' id='word_1_411' title='bbox 2141 2872 2432 2941; x_wconf 84' lang='lat' dir='ltr'><strong>Cbaganus</strong></span> <span class='ocrx_word' id='word_1_412' title='bbox 2460 2887 2678 2942; x_wconf 87' lang='lat' dir='ltr'><strong>quoque</strong></span> <span class='ocrx_word' id='word_1_413' title='bbox 2702 2888 2826 2927; x_wconf 90' lang='lat' dir='ltr'><strong>cum</strong></span> <span class='ocrx_word' id='word_1_414' title='bbox 2852 2873 3046 2928; x_wconf 88' lang='lat' dir='ltr'><strong>lubens</strong></span> <span class='ocrx_word' id='word_1_415' title='bbox 3070 2874 3366 2942; x_wconf 88' lang='lat' dir='ltr'><strong>recepisset</strong></span> <span class='ocrx_word' id='word_1_416' title='bbox 3394 2872 3465 2926; x_wconf 82' lang='lat' dir='ltr'><strong>Ba</strong></span> <span class='ocrx_word' id='word_1_417' title='bbox 3477 2890 3531 2926; x_wconf 84' lang='lat' dir='ltr'><strong>r-</strong></span> 
     </span>
    </p>
   </div>
   <div class='ocr_carea' id='block_1_61' title="bbox 1963 2962 3536 3031">
    <p class='ocr_par' dir='ltr' id='par_1_61' title="bbox 1963 2962 3536 3031">
     <span class='ocr_line' id='line_1_61' title="bbox 1963 2962 3536 3031; baseline -0.001 -13"><span class='ocrx_word' id='word_1_418' title='bbox 1963 2964 2146 3030; x_wconf 86' lang='lat' dir='ltr'><strong>baros,</strong></span> <span class='ocrx_word' id='word_1_419' title='bbox 2176 2978 2273 3031; x_wconf 88' lang='lat' dir='ltr'><strong>per</strong></span> <span class='ocrx_word' id='word_1_420' title='bbox 2302 2962 2576 3031; x_wconf 75' lang='lat' dir='ltr'><strong>regionem</strong></span> <span class='ocrx_word' id='word_1_421' title='bbox 2624 2976 2777 3016; x_wconf 86' lang='lat' dir='ltr'><strong>suam</strong></span> <span class='ocrx_word' id='word_1_422' title='bbox 2807 2964 3076 3018; x_wconf 86' lang='lat' dir='ltr'><strong>concessit</strong></span> <span class='ocrx_word' id='word_1_423' title='bbox 3101 2966 3412 3019; x_wconf 88' lang='lat' dir='ltr'><strong>transitum.</strong></span> <span class='ocrx_word' id='word_1_424' title='bbox 3469 2962 3536 3017; x_wconf 82' lang='lat' dir='ltr'><strong>Et</strong></span> 
     </span>
    </p>
   </div>
   <div class='ocr_carea' id='block_1_62' title="bbox 1964 3053 3532 3124">
    <p class='ocr_par' dir='ltr' id='par_1_62' title="bbox 1964 3053 3532 3124">
     <span class='ocr_line' id='line_1_62' title="bbox 1964 3053 3532 3124; baseline 0.001 -16"><span class='ocrx_word' id='word_1_425' title='bbox 1964 3055 2037 3109; x_wconf 89' lang='lat' dir='ltr'><strong>ita</strong></span> <span class='ocrx_word' id='word_1_426' title='bbox 2067 3053 2285 3124; x_wconf 89' lang='lat' dir='ltr'><strong>quidem</strong></span> <span class='ocrx_word' id='word_1_427' title='bbox 2318 3054 2569 3118; x_wconf 79' lang='lat' dir='ltr'><strong>Romani,</strong></span> <span class='ocrx_word' id='word_1_428' title='bbox 2616 3054 2877 3123; x_wconf 71' lang='lat' dir='ltr'><strong>quinque”</strong></span> <span class='ocrx_word' id='word_1_429' title='bbox 2905 3055 3147 3109; x_wconf 86' lang='lat' dir='ltr'><strong>millibus</strong></span> <span class='ocrx_word' id='word_1_430' title='bbox 3171 3054 3532 3110; x_wconf 86' lang='lat' dir='ltr'><strong>Barbarorum</strong></span> 
     </span>
    </p>
   </div>
   <div class='ocr_carea' id='block_1_63' title="bbox 292 3144 1860 3216">
    <p class='ocr_par' dir='ltr' id='par_1_63' title="bbox 292 3144 1859 3216">
     <span class='ocr_line' id='line_1_63' title="bbox 292 3144 1859 3216; baseline 0.003 -21"><span class='ocrx_word' id='word_1_431' title='bbox 292 3144 559 3216; x_wconf 83' lang='grc' dir='ltr'>Βαρϐάρῳ</span> <span class='ocrx_word' id='word_1_432' title='bbox 592 3146 694 3215; x_wconf 78' lang='grc' dir='ltr'>τῆς</span> <span class='ocrx_word' id='word_1_433' title='bbox 716 3145 887 3208; x_wconf 85' lang='grc' dir='ltr'>λείας.</span> <span class='ocrx_word' id='word_1_434' title='bbox 920 3145 1203 3199; x_wconf 80' lang='grc' dir='ltr'>’Λπέδοντο</span> <span class='ocrx_word' id='word_1_435' title='bbox 1231 3146 1411 3199; x_wconf 86' lang='grc' dir='ltr'>τοίνυν</span> <span class='ocrx_word' id='word_1_436' title='bbox 1446 3147 1705 3216; x_wconf 83' lang='grc' dir='ltr'>Ῥωμαῖοι</span> <span class='ocrx_word' id='word_1_437' title='bbox 1732 3147 1859 3210; x_wconf 84' lang='grc' dir='ltr'>τοὺς</span> 
     </span>
    </p>
   </div>
   <div class='ocr_carea' id='block_1_64' title="bbox 1964 3144 3535 3216">
    <p class='ocr_par' dir='ltr' id='par_1_64' title="bbox 1964 3145 3535 3215">
     <span class='ocr_line' id='line_1_64' title="bbox 1964 3145 3535 3215; baseline -0.003 -15"><span class='ocrx_word' id='word_1_438' title='bbox 1964 3145 2221 3215; x_wconf 84' lang='lat' dir='ltr'><strong>Chagano</strong></span> <span class='ocrx_word' id='word_1_439' title='bbox 2260 3146 2419 3209; x_wconf 89' lang='lat' dir='ltr'><strong>datis,</strong></span> <span class='ocrx_word' id='word_1_440' title='bbox 2471 3145 2746 3214; x_wconf 84' lang='lat' dir='ltr'><strong>Drizipera</strong></span> <span class='ocrx_word' id='word_1_441' title='bbox 2796 3147 3019 3199; x_wconf 87' lang='lat' dir='ltr'><strong>veniunt</strong></span> <span class='ocrx_word' id='word_1_442' title='bbox 3052 3164 3066 3199; x_wconf 90' lang='lat'><strong>:</strong></span> <span class='ocrx_word' id='word_1_443' title='bbox 3100 3146 3204 3198; x_wconf 80' lang='lat' dir='ltr'><strong>dux</strong></span> <span class='ocrx_word' id='word_1_444' title='bbox 3236 3147 3535 3209; x_wconf 74' lang='lat' dir='ltr'><strong>exercitus,</strong></span> 
     </span>
    </p>
   </div>
   <div class='ocr_carea' id='block_1_65' title="bbox 287 3235 1860 3307">
    <p class='ocr_par' dir='ltr' id='par_1_65' title="bbox 287 3235 1860 3305">
     <span class='ocr_line' id='line_1_65' title="bbox 287 3235 1860 3305; baseline 0.001 -17"><span class='ocrx_word' id='word_1_445' title='bbox 287 3236 600 3299; x_wconf 78' lang='grc' dir='ltr'>ἑαλωκότας</span> <span class='ocrx_word' id='word_1_446' title='bbox 630 3236 715 3305; x_wconf 81' lang='grc' dir='ltr'><strong>τῷ</strong></span> <span class='ocrx_word' id='word_1_447' title='bbox 780 3235 1019 3305; x_wconf 82' lang='grc' dir='ltr'>Χαγάνῳ</span> <span class='ocrx_word' id='word_1_448' title='bbox 1048 3235 1387 3305; x_wconf 87' lang='grc' dir='ltr'>Βαρϐάρους.</span> <span class='ocrx_word' id='word_1_449' title='bbox 1418 3236 1539 3287; x_wconf 86' lang='grc' dir='ltr'>Τῶν</span> <span class='ocrx_word' id='word_1_450' title='bbox 1570 3235 1625 3288; x_wconf 78' lang='grc' dir='ltr'>δὲ</span> <span class='ocrx_word' id='word_1_451' title='bbox 1656 3236 1860 3289; x_wconf 83' lang='grc' dir='ltr'>λοιπῶν</span> 
     </span>
    </p>
   </div>
   <div class='ocr_carea' id='block_1_66' title="bbox 1964 3235 3537 3307">
    <p class='ocr_par' dir='ltr' id='par_1_66' title="bbox 1964 3236 3537 3307">
     <span class='ocr_line' id='line_1_66' title="bbox 1964 3236 3537 3307; baseline 0 -17"><span class='ocrx_word' id='word_1_452' title='bbox 1964 3237 2304 3307; x_wconf 83' lang='lat' dir='ltr'><strong>Byzantium.</strong></span> <span class='ocrx_word' id='word_1_453' title='bbox 2359 3236 2653 3292; x_wconf 84' lang='lat' dir='ltr'><strong>Mauricius</strong></span> <span class='ocrx_word' id='word_1_454' title='bbox 2715 3246 2896 3291; x_wconf 90' lang='lat' dir='ltr'><strong>autem</strong></span> <span class='ocrx_word' id='word_1_455' title='bbox 2964 3251 3113 3301; x_wconf 91' lang='lat' dir='ltr'><strong>eum,</strong></span> <span class='ocrx_word' id='word_1_456' title='bbox 3182 3236 3406 3305; x_wconf 85' lang='lat' dir='ltr'><strong>ejusque</strong></span> <span class='ocrx_word' id='word_1_457' title='bbox 3458 3237 3537 3290; x_wconf 90' lang='lat' dir='ltr'><strong>le-</strong></span> 
     </span>
    </p>
   </div>
   <div class='ocr_carea' id='block_1_67' title="bbox 283 3326 1860 3398">
    <p class='ocr_par' dir='ltr' id='par_1_67' title="bbox 283 3326 1860 3398">
     <span class='ocr_line' id='line_1_67' title="bbox 283 3326 1860 3398; baseline -0.001 -19"><span class='ocrx_word' id='word_1_458' title='bbox 283 3327 544 3396; x_wconf 85' lang='grc' dir='ltr'>λαφύρων</span> <span class='ocrx_word' id='word_1_459' title='bbox 576 3329 848 3398; x_wconf 85' lang='grc' dir='ltr'>ἀμέτοχον</span> <span class='ocrx_word' id='word_1_460' title='bbox 892 3327 1059 3384; x_wconf 79' lang='grc' dir='ltr'>αὑτὸν</span> <span class='ocrx_word' id='word_1_461' title='bbox 1099 3328 1462 3396; x_wconf 84' lang='grc' dir='ltr'>ποιησάμενοι</span> <span class='ocrx_word' id='word_1_462' title='bbox 1494 3326 1773 3380; x_wconf 87' lang='grc' dir='ltr'>διαλύουσι</span> <span class='ocrx_word' id='word_1_463' title='bbox 1799 3326 1860 3379; x_wconf 86' lang='grc' dir='ltr'><strong>τδ</strong></span> 
     </span>
    </p>
   </div>
   <div class='ocr_carea' id='block_1_68' title="bbox 1964 3326 3537 3398">
    <p class='ocr_par' dir='ltr' id='par_1_68' title="bbox 1967 3326 3537 3397">
     <span class='ocr_line' id='line_1_68' title="bbox 1967 3326 3537 3397; baseline 0 -17"><span class='ocrx_word' id='word_1_464' title='bbox 1967 3327 2305 3397; x_wconf 86' lang='lat' dir='ltr'><strong>nitatemqni</strong></span> <span class='ocrx_word' id='word_1_465' title='bbox 2332 3337 2439 3381; x_wconf 87' lang='lat' dir='ltr'><strong>tam</strong></span> <span class='ocrx_word' id='word_1_466' title='bbox 2478 3328 2642 3383; x_wconf 88' lang='lat' dir='ltr'><strong>stulte</strong></span> <span class='ocrx_word' id='word_1_467' title='bbox 2673 3326 2913 3383; x_wconf 85' lang='lat' dir='ltr'><strong>Barbaro</strong></span> <span class='ocrx_word' id='word_1_468' title='bbox 2953 3329 3019 3383; x_wconf 90' lang='lat' dir='ltr'><strong>de</strong></span> <span class='ocrx_word' id='word_1_469' title='bbox 3062 3328 3248 3397; x_wconf 88' lang='lat' dir='ltr'><strong>spoliis</strong></span> <span class='ocrx_word' id='word_1_470' title='bbox 3287 3328 3537 3392; x_wconf 84' lang='lat' dir='ltr'><strong>cesserit,</strong></span> 
     </span>
    </p>
   </div>
   <div class='ocr_carea' id='block_1_69' title="bbox 284 3417 1860 3489">
    <p class='ocr_par' dir='ltr' id='par_1_69' title="bbox 284 3418 1859 3489">
     <span class='ocr_line' id='line_1_69' title="bbox 284 3418 1859 3489; baseline 0 -18"><span class='ocrx_word' id='word_1_471' title='bbox 284 3419 612 3487; x_wconf 83' lang='grc' dir='ltr'>ἀμφίϐολον.</span> <span class='ocrx_word' id='word_1_472' title='bbox 675 3421 998 3489; x_wconf 80' lang='grc' dir='ltr'>Ἀσμενίσας</span> <span class='ocrx_word' id='word_1_473' title='bbox 1056 3420 1235 3473; x_wconf 85' lang='grc' dir='ltr'>τοίνυν</span> <span class='ocrx_word' id='word_1_474' title='bbox 1271 3420 1299 3470; x_wconf 90' lang='grc' dir='ltr'>ὁ</span> <span class='ocrx_word' id='word_1_475' title='bbox 1328 3419 1578 3485; x_wconf 86' lang='grc' dir='ltr'>Χαγάνος</span> <span class='ocrx_word' id='word_1_476' title='bbox 1607 3420 1706 3488; x_wconf 79' lang='grc' dir='ltr'>τὴν</span> <span class='ocrx_word' id='word_1_477' title='bbox 1752 3418 1859 3472; x_wconf 87' lang='grc' dir='ltr'><strong>τῶν</strong></span> 
     </span>
    </p>
   </div>
   <div class='ocr_carea' id='block_1_70' title="bbox 1964 3417 3393 3489">
    <p class='ocr_par' dir='ltr' id='par_1_70' title="bbox 1966 3417 3393 3485">
     <span class='ocr_line' id='line_1_70' title="bbox 1966 3417 3393 3485; baseline -0.003 -11"><span class='ocrx_word' id='word_1_478' title='bbox 1966 3420 2337 3485; x_wconf 82' lang='lat' dir='ltr'><strong>reprehendit,</strong></span> <span class='ocrx_word' id='word_1_479' title='bbox 2367 3426 2422 3473; x_wconf 92' lang='lat' dir='ltr'><strong>et</strong></span> <span class='ocrx_word' id='word_1_480' title='bbox 2451 3418 2518 3473; x_wconf 90' lang='lat' dir='ltr'><strong>ab</strong></span> <span class='ocrx_word' id='word_1_481' title='bbox 2557 3417 2735 3472; x_wconf 85' lang='lat' dir='ltr'><strong>otlicio</strong></span> <span class='ocrx_word' id='word_1_482' title='bbox 2774 3430 3014 3473; x_wconf 84' lang='lat' dir='ltr'><strong>remouts</strong></span> <span class='ocrx_word' id='word_1_483' title='bbox 3041 3428 3124 3472; x_wconf 90' lang='lat' dir='ltr'><strong>est</strong></span> <span class='ocrx_word' id='word_1_484' title='bbox 3157 3418 3393 3472; x_wconf 86' lang='lat' dir='ltr'><strong>Priscus.</strong></span> 
     </span>
    </p>
   </div>
   <div class='ocr_carea' id='block_1_71' title="bbox 284 3508 3525 3579">
    <p class='ocr_par' dir='ltr' id='par_1_71' title="bbox 284 3508 3525 3579">
     <span class='ocr_line' id='line_1_71' title="bbox 284 3508 3525 3579; baseline 0 -20"><span class='ocrx_word' id='word_1_485' title='bbox 284 3510 583 3579; x_wconf 78' lang='grc' dir='ltr'>Βαρϐάρων</span> <span class='ocrx_word' id='word_1_486' title='bbox 607 3510 879 3573; x_wconf 65' lang='grc' dir='ltr'>ἀπόδοσιν,</span> <span class='ocrx_word' id='word_1_487' title='bbox 915 3509 1099 3579; x_wconf 84' lang='grc' dir='ltr'>χώραν</span> <span class='ocrx_word' id='word_1_488' title='bbox 1132 3509 1301 3563; x_wconf 75' lang='grc' dir='ltr'>ἐδίδου</span> <span class='ocrx_word' id='word_1_489' title='bbox 1347 3511 1467 3572; x_wconf 82' lang='grc' dir='ltr'>ταῖς</span> <span class='ocrx_word' id='word_1_490' title='bbox 1496 3508 1830 3563; x_wconf 85' lang='grc' dir='ltr'>διαϐάσεσιν.</span> <span class='ocrx_word' id='word_1_491' title='bbox 1873 3508 2031 3563; x_wconf 78' lang='grc' dir='ltr'>Οὕτω</span> <span class='ocrx_word' id='word_1_492' title='bbox 2071 3509 2171 3579; x_wconf 83' lang='grc' dir='ltr'>μὲν</span> <span class='ocrx_word' id='word_1_493' title='bbox 2234 3508 2325 3563; x_wconf 80' lang='grc' dir='ltr'>οὖν</span> <span class='ocrx_word' id='word_1_494' title='bbox 2357 3509 2404 3561; x_wconf 71' lang='lat' dir='ltr'><strong>oi</strong></span> <span class='ocrx_word' id='word_1_495' title='bbox 2449 3508 2713 3578; x_wconf 77' lang='grc' dir='ltr'>Ῥωμαῖοι</span> <span class='ocrx_word' id='word_1_496' title='bbox 2778 3516 2817 3561; x_wconf 88' lang='grc' dir='ltr'>ε’</span> <span class='ocrx_word' id='word_1_497' title='bbox 2845 3508 3086 3579; x_wconf 82' lang='grc' dir='ltr'>χιλιάδας</span> <span class='ocrx_word' id='word_1_498' title='bbox 3112 3509 3411 3579; x_wconf 74' lang='grc' dir='ltr'>Βαρϐάρων</span> <span class='ocrx_word' id='word_1_499' title='bbox 3440 3508 3525 3579; x_wconf 84' lang='grc' dir='ltr'>τῷ</span> 
     </span>
    </p>
   </div>
   <div class='ocr_carea' id='block_1_72' title="bbox 286 3600 3535 3673">
    <p class='ocr_par' dir='ltr' id='par_1_72' title="bbox 286 3600 3535 3673">
     <span class='ocr_line' id='line_1_72' title="bbox 286 3600 3535 3673; baseline 0 -19"><span class='ocrx_word' id='word_1_500' title='bbox 286 3600 524 3671; x_wconf 80' lang='grc' dir='ltr'><strong>Χαγάνῳ</strong></span> <span class='ocrx_word' id='word_1_501' title='bbox 581 3605 783 3673; x_wconf 56' lang='grc' dir='ltr'>προῖκα</span> <span class='ocrx_word' id='word_1_502' title='bbox 838 3601 1293 3671; x_wconf 87' lang='grc' dir='ltr'>καταϐαλόμενοι,</span> <span class='ocrx_word' id='word_1_503' title='bbox 1337 3602 1430 3655; x_wconf 75' lang='grc' dir='ltr'><strong>ἐπὶ</strong></span> <span class='ocrx_word' id='word_1_504' title='bbox 1471 3602 1540 3654; x_wconf 81' lang='grc' dir='ltr'><strong>τὰ</strong></span> <span class='ocrx_word' id='word_1_505' title='bbox 1617 3601 1892 3673; x_wconf 78' lang='grc' dir='ltr'>Δριζίπρα</span> <span class='ocrx_word' id='word_1_506' title='bbox 1929 3603 2190 3671; x_wconf 81' lang='grc' dir='ltr'>γίνονται’</span> <span class='ocrx_word' id='word_1_507' title='bbox 2232 3606 2261 3657; x_wconf 85' lang='grc' dir='ltr'><strong>ό</strong></span> <span class='ocrx_word' id='word_1_508' title='bbox 2319 3603 2375 3656; x_wconf 74' lang='grc' dir='ltr'>δὲ</span> <span class='ocrx_word' id='word_1_509' title='bbox 2417 3603 2721 3673; x_wconf 76' lang='grc' dir='ltr'>στρατηγὸς</span> <span class='ocrx_word' id='word_1_510' title='bbox 2753 3604 2811 3665; x_wconf 79' lang='grc' dir='ltr'>ἐς</span> <span class='ocrx_word' id='word_1_511' title='bbox 2853 3601 3165 3667; x_wconf 76' lang='grc' dir='ltr'>Βυζάντιον,</span> <span class='ocrx_word' id='word_1_512' title='bbox 3213 3604 3241 3655; x_wconf 90' lang='grc' dir='ltr'><strong>ὁ</strong></span> <span class='ocrx_word' id='word_1_513' title='bbox 3278 3602 3335 3655; x_wconf 74' lang='grc' dir='ltr'>δὲ</span> <span class='ocrx_word' id='word_1_514' title='bbox 3376 3604 3535 3656; x_wconf 77' lang='lat' dir='ltr'><strong>Mau-</strong></span> 
     </span>
    </p>
   </div>
   <div class='ocr_carea' id='block_1_73' title="bbox 286 3690 3539 3764">
    <p class='ocr_par' dir='ltr' id='par_1_73' title="bbox 286 3690 3539 3764">
     <span class='ocr_line' id='line_1_73' title="bbox 286 3690 3539 3764; baseline 0.002 -23"><span class='ocrx_word' id='word_1_515' title='bbox 286 3692 463 3761; x_wconf 87' lang='grc' dir='ltr'>ρίκιος</span> <span class='ocrx_word' id='word_1_516' title='bbox 489 3690 662 3762; x_wconf 82' lang='grc' dir='ltr'>τούτῳ</span> <span class='ocrx_word' id='word_1_517' title='bbox 690 3693 986 3761; x_wconf 76' lang='grc' dir='ltr'>ἐμέμφετο,</span> <span class='ocrx_word' id='word_1_518' title='bbox 1025 3691 1308 3760; x_wconf 75' lang='grc' dir='ltr'>σφάλμασι</span> <span class='ocrx_word' id='word_1_519' title='bbox 1330 3708 1387 3743; x_wconf 91' lang='grc' dir='ltr'><strong>τε</strong></span> <span class='ocrx_word' id='word_1_520' title='bbox 1419 3690 1675 3759; x_wconf 82' lang='grc' dir='ltr'>εὐηθείας</span> <span class='ocrx_word' id='word_1_521' title='bbox 1698 3692 1861 3744; x_wconf 81' lang='grc' dir='ltr'>αὑτὸν</span> <span class='ocrx_word' id='word_1_522' title='bbox 1899 3693 2245 3763; x_wconf 87' lang='grc' dir='ltr'>περιέϐαλεν,</span> <span class='ocrx_word' id='word_1_523' title='bbox 2300 3693 2573 3755; x_wconf 73' lang='grc' dir='ltr'>ἀσυνέτως</span> <span class='ocrx_word' id='word_1_524' title='bbox 2601 3692 2981 3746; x_wconf 77' lang='grc' dir='ltr'>ἀποδεδωκότα</span> <span class='ocrx_word' id='word_1_525' title='bbox 3035 3693 3114 3762; x_wconf 83' lang='grc' dir='ltr'>τῷ</span> <span class='ocrx_word' id='word_1_526' title='bbox 3136 3693 3404 3762; x_wconf 83' lang='grc' dir='ltr'>Βαρϐἀρῳ</span> <span class='ocrx_word' id='word_1_527' title='bbox 3435 3694 3539 3764; x_wconf 73' lang='grc' dir='ltr'>τὴν</span> 
     </span>
    </p>
   </div>
   <div class='ocr_carea' id='block_1_74' title="bbox 282 3782 1463 3854">
    <p class='ocr_par' dir='ltr' id='par_1_74' title="bbox 282 3782 1463 3854">
     <span class='ocr_line' id='line_1_74' title="bbox 282 3782 1463 3854; baseline -0.001 -17"><span class='ocrx_word' id='word_1_528' title='bbox 282 3785 460 3847; x_wconf 86' lang='grc' dir='ltr'>λείαν,</span> <span class='ocrx_word' id='word_1_529' title='bbox 490 3784 581 3836; x_wconf 77' lang='grc' dir='ltr'>καὶ</span> <span class='ocrx_word' id='word_1_530' title='bbox 610 3786 1111 3853; x_wconf 83' lang='grc' dir='ltr'>ἀποχειροτονεῖται</span> <span class='ocrx_word' id='word_1_531' title='bbox 1144 3785 1172 3835; x_wconf 92' lang='grc' dir='ltr'>ὁ</span> <span class='ocrx_word' id='word_1_532' title='bbox 1204 3782 1463 3854; x_wconf 85' lang='grc' dir='ltr'>Πρίσκος.</span> 
     </span>
    </p>
   </div>
   <div class='ocr_carea' id='block_1_75' title="bbox 357 3872 1860 3950">
    <p class='ocr_par' dir='ltr' id='par_1_75' title="bbox 357 3878 1860 3950">
     <span class='ocr_line' id='line_1_75' title="bbox 357 3878 1860 3950; baseline -0.001 -17"><span class='ocrx_word' id='word_1_533' title='bbox 357 3883 481 3934; x_wconf 75' lang='grc' dir='ltr'>Ὀτι</span> <span class='ocrx_word' id='word_1_534' title='bbox 521 3879 633 3935; x_wconf 90' lang='grc' dir='ltr'><strong>τῶν</strong></span> <span class='ocrx_word' id='word_1_535' title='bbox 674 3880 920 3947; x_wconf 77' lang='grc' dir='ltr'>’Λϐάρων</span> <span class='ocrx_word' id='word_1_536' title='bbox 952 3879 1348 3949; x_wconf 81' lang='grc' dir='ltr'>ὲπιτρεχόντων</span> <span class='ocrx_word' id='word_1_537' title='bbox 1389 3879 1457 3932; x_wconf 74' lang='grc' dir='ltr'><strong>τὰ</strong></span> <span class='ocrx_word' id='word_1_538' title='bbox 1487 3881 1588 3950; x_wconf 82' lang='grc' dir='ltr'>τῆς</span> <span class='ocrx_word' id='word_1_539' title='bbox 1616 3878 1860 3950; x_wconf 76' lang='grc' dir='ltr'>Θρᾴκης,</span> 
     </span>
    </p>
   </div>
   <div class='ocr_carea' id='block_1_76' title="bbox 1964 3872 3537 3950">
    <p class='ocr_par' dir='ltr' id='par_1_76' title="bbox 2039 3872 3537 3943">
     <span class='ocr_line' id='line_1_76' title="bbox 2039 3872 3537 3943; baseline -0.002 -13"><span class='ocrx_word' id='word_1_540' title='bbox 2039 3873 2191 3943; x_wconf 89' lang='lat' dir='ltr'><strong>Quod</strong></span> <span class='ocrx_word' id='word_1_541' title='bbox 2222 3888 2347 3929; x_wconf 89' lang='lat' dir='ltr'><strong>cum</strong></span> <span class='ocrx_word' id='word_1_542' title='bbox 2372 3872 2540 3927; x_wconf 81' lang='lat' dir='ltr'><strong>Abari</strong></span> <span class='ocrx_word' id='word_1_543' title='bbox 2579 3874 2632 3927; x_wconf 91' lang='lat' dir='ltr'><strong>in</strong></span> <span class='ocrx_word' id='word_1_544' title='bbox 2667 3873 2953 3927; x_wconf 85' lang='lat' dir='ltr'><strong>Thraciam</strong></span> <span class='ocrx_word' id='word_1_545' title='bbox 3004 3873 3244 3927; x_wconf 82' lang='lat' dir='ltr'><strong>facerent</strong></span> <span class='ocrx_word' id='word_1_546' title='bbox 3269 3874 3537 3927; x_wconf 83' lang='lat' dir='ltr'><strong>incursio-</strong></span> 
     </span>
    </p>
   </div>
   <div class='ocr_carea' id='block_1_77' title="bbox 284 3962 1860 4044">
    <p class='ocr_par' dir='ltr' id='par_1_77' title="bbox 284 3970 1860 4044">
     <span class='ocr_line' id='line_1_77' title="bbox 284 3970 1860 4044; baseline -0.002 -19"><span class='ocrx_word' id='word_1_547' title='bbox 284 3975 319 4044; x_wconf 87' lang='grc' dir='ltr'><strong>ή</strong></span> <span class='ocrx_word' id='word_1_548' title='bbox 344 3972 647 4039; x_wconf 85' lang='grc' dir='ltr'>σύγκλητος</span> <span class='ocrx_word' id='word_1_549' title='bbox 693 3970 927 4041; x_wconf 73' lang='grc' dir='ltr'>παρῄνει</span> <span class='ocrx_word' id='word_1_550' title='bbox 966 3970 1045 4039; x_wconf 85' lang='grc' dir='ltr'>τῷ</span> <span class='ocrx_word' id='word_1_551' title='bbox 1097 3970 1387 4040; x_wconf 87' lang='grc' dir='ltr'>Μαυρικίῳ</span> <span class='ocrx_word' id='word_1_552' title='bbox 1446 3970 1583 4039; x_wconf 76' lang='grc' dir='ltr'>πρὸς</span> <span class='ocrx_word' id='word_1_553' title='bbox 1623 3970 1715 4021; x_wconf 81' lang='grc' dir='ltr'>τὸν</span> <span class='ocrx_word' id='word_1_554' title='bbox 1750 3970 1860 4022; x_wconf 82' lang='grc' dir='ltr'><strong>Χα-</strong></span> 
     </span>
    </p>
   </div>
   <div class='ocr_carea' id='block_1_78' title="bbox 1964 3962 3538 4044">
    <p class='ocr_par' dir='ltr' id='par_1_78' title="bbox 1968 3962 3538 4031">
     <span class='ocr_line' id='line_1_78' title="bbox 1968 3962 3538 4031; baseline -0.003 -8"><span class='ocrx_word' id='word_1_555' title='bbox 1968 3983 2087 4031; x_wconf 91' lang='lat' dir='ltr'><strong>nes,</strong></span> <span class='ocrx_word' id='word_1_556' title='bbox 2130 3973 2352 4020; x_wconf 85' lang='lat' dir='ltr'><strong>senatus</strong></span> <span class='ocrx_word' id='word_1_557' title='bbox 2388 3964 2597 4018; x_wconf 89' lang='lat' dir='ltr'><strong>monuit</strong></span> <span class='ocrx_word' id='word_1_558' title='bbox 2648 3963 2965 4017; x_wconf 82' lang='lat' dir='ltr'><strong>Mauricium</strong></span> <span class='ocrx_word' id='word_1_559' title='bbox 3000 3964 3065 4017; x_wconf 85' lang='lat' dir='ltr'><strong>de</strong></span> <span class='ocrx_word' id='word_1_560' title='bbox 3105 3962 3368 4030; x_wconf 77' lang='lat' dir='ltr'><strong>legatione</strong></span> <span class='ocrx_word' id='word_1_561' title='bbox 3409 3968 3538 4018; x_wconf 88' lang='lat' dir='ltr'><strong>mit-</strong></span> 
     </span>
    </p>
   </div>
   <div class='ocr_carea' id='block_1_79' title="bbox 285 4048 1860 4136">
    <p class='ocr_par' dir='ltr' id='par_1_79' title="bbox 285 4048 1860 4136">
     <span class='ocr_line' id='line_1_79' title="bbox 285 4048 1860 4136; baseline -0.001 -17"><span class='ocrx_word' id='word_1_562' title='bbox 285 4069 451 4134; x_wconf 83' lang='grc' dir='ltr'>γάνον</span> <span class='ocrx_word' id='word_1_563' title='bbox 477 4065 780 4136; x_wconf 85' lang='grc' dir='ltr'>πρεσϐείαν</span> <span class='ocrx_word' id='word_1_564' title='bbox 818 4064 1229 4135; x_wconf 78' lang='grc' dir='ltr'>ἐκπέμψασθαι.</span> <span class='ocrx_word' id='word_1_565' title='bbox 1261 4063 1319 4116; x_wconf 84' lang='grc'><strong>’0</strong></span> <span class='ocrx_word' id='word_1_566' title='bbox 1342 4064 1396 4117; x_wconf 82' lang='grc' dir='ltr'>δὲ</span> <span class='ocrx_word' id='word_1_567' title='bbox 1419 4048 1671 4134; x_wconf 82' lang='grc' dir='ltr'>βασιλεὺς</span> <span class='ocrx_word' id='word_1_568' title='bbox 1693 4081 1860 4132; x_wconf 87' lang='grc' dir='ltr'>προσ-</span> 
     </span>
    </p>
   </div>
   <div class='ocr_carea' id='block_1_80' title="bbox 1964 4048 3537 4136">
    <p class='ocr_par' dir='ltr' id='par_1_80' title="bbox 1966 4055 3537 4126">
     <span class='ocr_line' id='line_1_80' title="bbox 1966 4055 3537 4126; baseline -0.004 -12"><span class='ocrx_word' id='word_1_569' title='bbox 1966 4060 2127 4114; x_wconf 89' lang='lat' dir='ltr'><strong>tenda</strong></span> <span class='ocrx_word' id='word_1_570' title='bbox 2160 4059 2227 4112; x_wconf 93' lang='lat' dir='ltr'><strong>ad</strong></span> <span class='ocrx_word' id='word_1_571' title='bbox 2280 4056 2597 4126; x_wconf 82' lang='lat' dir='ltr'><strong>Chaganum</strong></span> <span class='ocrx_word' id='word_1_572' title='bbox 2651 4074 2664 4109; x_wconf 91' lang='lat'><strong>:</strong></span> <span class='ocrx_word' id='word_1_573' title='bbox 2710 4070 2879 4124; x_wconf 83' lang='lat' dir='ltr'><strong>quare</strong></span> <span class='ocrx_word' id='word_1_574' title='bbox 2933 4064 3181 4110; x_wconf 89' lang='lat' dir='ltr'><strong>vocatum</strong></span> <span class='ocrx_word' id='word_1_575' title='bbox 3227 4055 3293 4107; x_wconf 89' lang='lat' dir='ltr'><strong>ad</strong></span> <span class='ocrx_word' id='word_1_576' title='bbox 3335 4070 3393 4109; x_wconf 90' lang='lat' dir='ltr'><strong>se</strong></span> <span class='ocrx_word' id='word_1_577' title='bbox 3443 4071 3537 4109; x_wconf 80' lang='lat' dir='ltr'><strong>rex</strong></span> 
     </span>
    </p>
   </div>
   <div class='ocr_carea' id='block_1_81' title="bbox 284 4146 1860 4225">
    <p class='ocr_par' dir='ltr' id='par_1_81' title="bbox 284 4151 1860 4225">
     <span class='ocr_line' id='line_1_81' title="bbox 284 4151 1860 4225; baseline -0.004 -16"><span class='ocrx_word' id='word_1_578' title='bbox 284 4156 655 4225; x_wconf 83' lang='grc' dir='ltr'>καλεσάμενος</span> <span class='ocrx_word' id='word_1_579' title='bbox 680 4152 771 4205; x_wconf 85' lang='grc' dir='ltr'>τὸν</span> <span class='ocrx_word' id='word_1_580' title='bbox 810 4151 1137 4223; x_wconf 83' lang='grc' dir='ltr'>’Δρμάτωνα</span> <span class='ocrx_word' id='word_1_581' title='bbox 1171 4152 1399 4222; x_wconf 87' lang='grc' dir='ltr'>πρέσϐιν</span> <span class='ocrx_word' id='word_1_582' title='bbox 1421 4153 1737 4223; x_wconf 85' lang='grc' dir='ltr'>χειροτονεῖ,</span> <span class='ocrx_word' id='word_1_583' title='bbox 1764 4152 1860 4205; x_wconf 75' lang='grc' dir='ltr'><strong>καὶ</strong></span> 
     </span>
    </p>
   </div>
   <div class='ocr_carea' id='block_1_82' title="bbox 1964 4146 3534 4225">
    <p class='ocr_par' dir='ltr' id='par_1_82' title="bbox 1964 4146 3534 4217">
     <span class='ocr_line' id='line_1_82' title="bbox 1964 4146 3534 4217; baseline -0.004 -12"><span class='ocrx_word' id='word_1_584' title='bbox 1964 4151 2351 4206; x_wconf 84' lang='lat' dir='ltr'><strong>Harmatonem</strong></span> <span class='ocrx_word' id='word_1_585' title='bbox 2384 4147 2616 4217; x_wconf 85' lang='lat' dir='ltr'><strong>legatum</strong></span> <span class='ocrx_word' id='word_1_586' title='bbox 2638 4155 2809 4212; x_wconf 87' lang='lat' dir='ltr'><strong>creat,</strong></span> <span class='ocrx_word' id='word_1_587' title='bbox 2837 4155 2891 4200; x_wconf 91' lang='lat' dir='ltr'><strong>et</strong></span> <span class='ocrx_word' id='word_1_588' title='bbox 2911 4146 2978 4199; x_wconf 90' lang='lat' dir='ltr'><strong>ad</strong></span> <span class='ocrx_word' id='word_1_589' title='bbox 3002 4146 3313 4215; x_wconf 86' lang='lat' dir='ltr'><strong>Chaganum</strong></span> <span class='ocrx_word' id='word_1_590' title='bbox 3351 4146 3534 4200; x_wconf 87' lang='lat' dir='ltr'><strong>mittit.</strong></span> 
     </span>
    </p>
   </div>
   <div class='ocr_carea' id='block_1_83' title="bbox 282 4235 1860 4315">
    <p class='ocr_par' dir='ltr' id='par_1_83' title="bbox 282 4242 1858 4315">
     <span class='ocr_line' id='line_1_83' title="bbox 282 4242 1858 4315; baseline -0.002 -14"><span class='ocrx_word' id='word_1_591' title='bbox 282 4249 361 4313; x_wconf 82' lang='grc' dir='ltr'><strong>ὡς</strong></span> <span class='ocrx_word' id='word_1_592' title='bbox 392 4248 553 4300; x_wconf 74' lang='grc' dir='ltr'>αὑτὸν</span> <span class='ocrx_word' id='word_1_593' title='bbox 577 4245 829 4315; x_wconf 83' lang='grc' dir='ltr'>Χαγάνον</span> <span class='ocrx_word' id='word_1_594' title='bbox 860 4246 1185 4315; x_wconf 72' lang='grc' dir='ltr'>ἐξέπεμψεν.</span> <span class='ocrx_word' id='word_1_595' title='bbox 1229 4245 1288 4297; x_wconf 83' lang='lat'><strong>&#39;0</strong></span> <span class='ocrx_word' id='word_1_596' title='bbox 1314 4245 1414 4315; x_wconf 76' lang='grc' dir='ltr'>μὲν</span> <span class='ocrx_word' id='word_1_597' title='bbox 1442 4242 1535 4299; x_wconf 79' lang='grc' dir='ltr'>οὖν</span> <span class='ocrx_word' id='word_1_598' title='bbox 1572 4245 1858 4315; x_wconf 81' lang='grc' dir='ltr'>Ἀρμάτων</span> 
     </span>
    </p>
   </div>
   <div class='ocr_carea' id='block_1_84' title="bbox 1964 4235 3536 4315">
    <p class='ocr_par' dir='ltr' id='par_1_84' title="bbox 1964 4235 3536 4311">
     <span class='ocr_line' id='line_1_84' title="bbox 1964 4235 3536 4311; baseline -0.005 -15"><span class='ocrx_word' id='word_1_599' title='bbox 1964 4241 2149 4311; x_wconf 86' lang='lat' dir='ltr'><strong>Itaque</strong></span> <span class='ocrx_word' id='word_1_600' title='bbox 2202 4237 2496 4291; x_wconf 83' lang='lat' dir='ltr'><strong>Ilarmaton</strong></span> <span class='ocrx_word' id='word_1_601' title='bbox 2558 4235 2836 4301; x_wconf 83' lang='lat' dir='ltr'><strong>Drizipera</strong></span> <span class='ocrx_word' id='word_1_602' title='bbox 2875 4235 3043 4299; x_wconf 84' lang='lat' dir='ltr'><strong>venit,</strong></span> <span class='ocrx_word' id='word_1_603' title='bbox 3100 4249 3324 4289; x_wconf 89' lang='lat' dir='ltr'><strong>munera</strong></span> <span class='ocrx_word' id='word_1_604' title='bbox 3366 4235 3536 4289; x_wconf 77' lang='lat' dir='ltr'><strong>multa</strong></span> 
     </span>
    </p>
   </div>
   <div class='ocr_carea' id='block_1_85' title="bbox 283 4326 1860 4407">
    <p class='ocr_par' dir='ltr' id='par_1_85' title="bbox 283 4334 1859 4407">
     <span class='ocr_line' id='line_1_85' title="bbox 283 4334 1859 4407; baseline -0.001 -17"><span class='ocrx_word' id='word_1_605' title='bbox 283 4338 343 4400; x_wconf 75' lang='grc' dir='ltr'>ἐς</span> <span class='ocrx_word' id='word_1_606' title='bbox 392 4337 459 4389; x_wconf 82' lang='grc' dir='ltr'>τὰ</span> <span class='ocrx_word' id='word_1_607' title='bbox 492 4336 765 4405; x_wconf 82' lang='grc' dir='ltr'>Δριζίπρα</span> <span class='ocrx_word' id='word_1_608' title='bbox 803 4335 1033 4402; x_wconf 86' lang='grc' dir='ltr'>γίνεται,</span> <span class='ocrx_word' id='word_1_609' title='bbox 1088 4334 1266 4405; x_wconf 83' lang='grc' dir='ltr'>πλήθη</span> <span class='ocrx_word' id='word_1_610' title='bbox 1303 4334 1493 4406; x_wconf 84' lang='grc' dir='ltr'>δώρων</span> <span class='ocrx_word' id='word_1_611' title='bbox 1522 4336 1859 4407; x_wconf 76' lang='grc' dir='ltr'>ἐπιφερόμε-</span> 
     </span>
    </p>
   </div>
   <div class='ocr_carea' id='block_1_86' title="bbox 1964 4326 3535 4407">
    <p class='ocr_par' dir='ltr' id='par_1_86' title="bbox 1964 4326 3535 4396">
     <span class='ocr_line' id='line_1_86' title="bbox 1964 4326 3535 4396; baseline -0.006 -9"><span class='ocrx_word' id='word_1_612' title='bbox 1964 4346 2146 4387; x_wconf 88' lang='lat' dir='ltr'><strong>secum</strong></span> <span class='ocrx_word' id='word_1_613' title='bbox 2201 4329 2403 4393; x_wconf 78' lang='lat' dir='ltr'><strong>ferens,</strong></span> <span class='ocrx_word' id='word_1_614' title='bbox 2444 4327 2533 4381; x_wconf 88' lang='lat' dir='ltr'><strong>ubi</strong></span> <span class='ocrx_word' id='word_1_615' title='bbox 2572 4343 2695 4382; x_wconf 89' lang='lat' dir='ltr'><strong>cum</strong></span> <span class='ocrx_word' id='word_1_616' title='bbox 2746 4326 3036 4396; x_wconf 79' lang='lat' dir='ltr'><strong>Chaganus</strong></span> <span class='ocrx_word' id='word_1_617' title='bbox 3082 4334 3374 4396; x_wconf 71' lang='lat' dir='ltr'><strong>praesentes</strong></span> <span class='ocrx_word' id='word_1_618' title='bbox 3423 4335 3535 4379; x_wconf 92' lang='lat' dir='ltr'><strong>tum</strong></span> 
     </span>
    </p>
   </div>
   <div class='ocr_carea' id='block_1_87' title="bbox 284 4418 1860 4499">
    <p class='ocr_par' dir='ltr' id='par_1_87' title="bbox 284 4427 1860 4499">
     <span class='ocr_line' id='line_1_87' title="bbox 284 4427 1860 4499; baseline 0 -18"><span class='ocrx_word' id='word_1_619' title='bbox 284 4445 398 4491; x_wconf 77' lang='grc' dir='ltr'>νος.</span> <span class='ocrx_word' id='word_1_620' title='bbox 435 4427 493 4480; x_wconf 86' lang='lat'><strong>&#39;0</strong></span> <span class='ocrx_word' id='word_1_621' title='bbox 526 4427 581 4479; x_wconf 78' lang='grc' dir='ltr'><strong>δὲ</strong></span> <span class='ocrx_word' id='word_1_622' title='bbox 610 4428 861 4495; x_wconf 85' lang='grc' dir='ltr'>Χαγάνος</span> <span class='ocrx_word' id='word_1_623' title='bbox 895 4427 992 4491; x_wconf 82' lang='grc' dir='ltr'>τὰς</span> <span class='ocrx_word' id='word_1_624' title='bbox 1032 4427 1315 4498; x_wconf 85' lang='grc' dir='ltr'>παρούσας</span> <span class='ocrx_word' id='word_1_625' title='bbox 1372 4428 1543 4498; x_wconf 85' lang='grc' dir='ltr'>τύχας</span> <span class='ocrx_word' id='word_1_626' title='bbox 1594 4427 1860 4499; x_wconf 84' lang='grc' dir='ltr'>ἀποδυρό-</span> 
     </span>
    </p>
   </div>
   <div class='ocr_carea' id='block_1_88' title="bbox 1964 4418 3537 4499">
    <p class='ocr_par' dir='ltr' id='par_1_88' title="bbox 1965 4418 3537 4493">
     <span class='ocr_line' id='line_1_88' title="bbox 1965 4418 3537 4493; baseline -0.006 -12"><span class='ocrx_word' id='word_1_627' title='bbox 1965 4427 2209 4482; x_wconf 80' lang='lat' dir='ltr'><strong>fortunas</strong></span> <span class='ocrx_word' id='word_1_628' title='bbox 2240 4425 2450 4493; x_wconf 78' lang='lat' dir='ltr'><strong>lugens,</strong></span> <span class='ocrx_word' id='word_1_629' title='bbox 2481 4420 2705 4475; x_wconf 77' lang='lat' dir='ltr'><strong>deﬁeret</strong></span> <span class='ocrx_word' id='word_1_630' title='bbox 2727 4420 2866 4473; x_wconf 81' lang='lat' dir='ltr'><strong>ultra</strong></span> <span class='ocrx_word' id='word_1_631' title='bbox 2896 4420 3114 4474; x_wconf 84' lang='lat' dir='ltr'><strong>modum</strong></span> <span class='ocrx_word' id='word_1_632' title='bbox 3143 4427 3370 4474; x_wconf 91' lang='lat' dir='ltr'><strong>mortem</strong></span> <span class='ocrx_word' id='word_1_633' title='bbox 3399 4418 3537 4472; x_wconf 83' lang='lat' dir='ltr'><strong>ﬁlio-</strong></span> 
     </span>
    </p>
   </div>
   <div class='ocr_carea' id='block_1_89' title="bbox 288 4518 1859 4590">
    <p class='ocr_par' dir='ltr' id='par_1_89' title="bbox 288 4518 1859 4590">
     <span class='ocr_line' id='line_1_89' title="bbox 288 4518 1859 4590; baseline 0.001 -20"><span class='ocrx_word' id='word_1_634' title='bbox 288 4535 470 4587; x_wconf 89' lang='grc' dir='ltr'>μενος,</span> <span class='ocrx_word' id='word_1_635' title='bbox 513 4518 730 4589; x_wconf 77' lang='grc' dir='ltr'>ἐθρήνει</span> <span class='ocrx_word' id='word_1_636' title='bbox 769 4518 1017 4588; x_wconf 82' lang='grc' dir='ltr'>ἀσχέτως</span> <span class='ocrx_word' id='word_1_637' title='bbox 1072 4518 1170 4589; x_wconf 83' lang='grc' dir='ltr'><strong>τὴν</strong></span> <span class='ocrx_word' id='word_1_638' title='bbox 1224 4519 1498 4590; x_wconf 75' lang='grc' dir='ltr'>ἀποϐολὴν</span> <span class='ocrx_word' id='word_1_639' title='bbox 1558 4518 1667 4575; x_wconf 80' lang='grc' dir='ltr'><strong>τῶν</strong></span> <span class='ocrx_word' id='word_1_640' title='bbox 1704 4519 1859 4584; x_wconf 83' lang='grc' dir='ltr'>υἱῶν,</span> 
     </span>
    </p>
   </div>
   <div class='ocr_carea' id='block_1_90' title="bbox 283 4609 1866 4680">
    <p class='ocr_par' dir='ltr' id='par_1_90' title="bbox 283 4609 1866 4680">
     <span class='ocr_line' id='line_1_90' title="bbox 283 4609 1866 4680; baseline 0.002 -19"><span class='ocrx_word' id='word_1_641' title='bbox 283 4611 386 4679; x_wconf 88' lang='grc' dir='ltr'><strong>τήν</strong></span> <span class='ocrx_word' id='word_1_642' title='bbox 418 4626 475 4661; x_wconf 91' lang='grc' dir='ltr'><strong>τε</strong></span> <span class='ocrx_word' id='word_1_643' title='bbox 503 4610 610 4661; x_wconf 89' lang='grc' dir='ltr'><strong>τῶν</strong></span> <span class='ocrx_word' id='word_1_644' title='bbox 643 4610 927 4679; x_wconf 83' lang='grc' dir='ltr'>δυνάμεων</span> <span class='ocrx_word' id='word_1_645' title='bbox 949 4609 1151 4680; x_wconf 85' lang='grc' dir='ltr'>λύμην.</span> <span class='ocrx_word' id='word_1_646' title='bbox 1180 4610 1325 4663; x_wconf 80' lang='grc' dir='ltr'>Δέκα</span> <span class='ocrx_word' id='word_1_647' title='bbox 1350 4610 1406 4663; x_wconf 82' lang='grc' dir='ltr'>δὲ</span> <span class='ocrx_word' id='word_1_648' title='bbox 1440 4610 1650 4680; x_wconf 86' lang='grc' dir='ltr'>ἡμέρας</span> <span class='ocrx_word' id='word_1_649' title='bbox 1687 4610 1866 4664; x_wconf 71' lang='grc' dir='ltr'>ἐνδια-</span> 
     </span>
    </p>
   </div>
   <div class='ocr_carea' id='block_1_91' title="bbox 285 4699 1867 4771">
    <p class='ocr_par' dir='ltr' id='par_1_91' title="bbox 285 4699 1867 4771">
     <span class='ocr_line' id='line_1_91' title="bbox 285 4699 1867 4771; baseline 0.001 -19"><span class='ocrx_word' id='word_1_650' title='bbox 285 4701 480 4770; x_wconf 78' lang='grc' dir='ltr'>τρίψας</span> <span class='ocrx_word' id='word_1_651' title='bbox 516 4702 544 4751; x_wconf 88' lang='grc' dir='ltr'><strong>ό</strong></span> <span class='ocrx_word' id='word_1_652' title='bbox 576 4700 803 4769; x_wconf 85' lang='grc' dir='ltr'>πρέσϐις</span> <span class='ocrx_word' id='word_1_653' title='bbox 844 4700 918 4770; x_wconf 84' lang='grc' dir='ltr'>τῷ</span> <span class='ocrx_word' id='word_1_654' title='bbox 963 4700 1223 4769; x_wconf 82' lang='grc' dir='ltr'>Χαγάνῳ,</span> <span class='ocrx_word' id='word_1_655' title='bbox 1279 4699 1417 4771; x_wconf 80' lang='grc' dir='ltr'>πρὸς</span> <span class='ocrx_word' id='word_1_656' title='bbox 1449 4700 1640 4769; x_wconf 87' lang='grc' dir='ltr'>λόγους</span> <span class='ocrx_word' id='word_1_657' title='bbox 1676 4701 1737 4754; x_wconf 91' lang='grc' dir='ltr'><strong>οὑ</strong></span> <span class='ocrx_word' id='word_1_658' title='bbox 1782 4701 1867 4769; x_wconf 83' lang='grc' dir='ltr'>γί-</span> 
     </span>
    </p>
   </div>
   <div class='ocr_carea' id='block_1_92' title="bbox 286 4785 1867 4862">
    <p class='ocr_par' dir='ltr' id='par_1_92' title="bbox 286 4785 1867 4862">
     <span class='ocr_line' id='line_1_92' title="bbox 286 4785 1867 4862; baseline 0 -19"><span class='ocrx_word' id='word_1_659' title='bbox 286 4808 457 4844; x_wconf 79' lang='grc' dir='ltr'>νεται.</span> <span class='ocrx_word' id='word_1_660' title='bbox 512 4785 621 4841; x_wconf 86' lang='grc' dir='ltr'><strong>Ἶιν</strong></span> <span class='ocrx_word' id='word_1_661' title='bbox 664 4794 771 4860; x_wconf 76' lang='grc' dir='ltr'><strong>γὰρ</strong></span> <span class='ocrx_word' id='word_1_662' title='bbox 818 4791 878 4843; x_wconf 86' lang='grc' dir='ltr'>τὸ</span> <span class='ocrx_word' id='word_1_663' title='bbox 911 4790 1102 4853; x_wconf 79' lang='grc' dir='ltr'>πένθος</span> <span class='ocrx_word' id='word_1_664' title='bbox 1131 4791 1320 4862; x_wconf 81' lang='grc' dir='ltr'>δριμὺ,</span> <span class='ocrx_word' id='word_1_665' title='bbox 1355 4792 1448 4843; x_wconf 80' lang='grc' dir='ltr'><strong>καὶ</strong></span> <span class='ocrx_word' id='word_1_666' title='bbox 1490 4793 1559 4844; x_wconf 81' lang='grc' dir='ltr'>τὰ</span> <span class='ocrx_word' id='word_1_667' title='bbox 1600 4792 1701 4861; x_wconf 78' lang='grc' dir='ltr'>τῆς</span> <span class='ocrx_word' id='word_1_668' title='bbox 1728 4808 1867 4861; x_wconf 91' lang='grc' dir='ltr'>συμ-</span> 
     </span>
    </p>
   </div>
   <div class='ocr_carea' id='block_1_93' title="bbox 286 4886 1865 4958">
    <p class='ocr_par' dir='ltr' id='par_1_93' title="bbox 286 4886 1865 4958">
     <span class='ocr_line' id='line_1_93' title="bbox 286 4886 1865 4958; baseline 0 -19"><span class='ocrx_word' id='word_1_669' title='bbox 286 4888 460 4956; x_wconf 76' lang='grc' dir='ltr'>φορᾶς</span> <span class='ocrx_word' id='word_1_670' title='bbox 492 4886 852 4957; x_wconf 79' lang='grc' dir='ltr'>ἁμεθόδευτα.</span> <span class='ocrx_word' id='word_1_671' title='bbox 875 4888 1167 4958; x_wconf 79' lang='grc' dir='ltr'>Δωδεκάτῃ</span> <span class='ocrx_word' id='word_1_672' title='bbox 1197 4887 1253 4940; x_wconf 80' lang='grc' dir='ltr'>δὲ</span> <span class='ocrx_word' id='word_1_673' title='bbox 1315 4887 1500 4957; x_wconf 76' lang='grc' dir='ltr'>ήμέρα</span> <span class='ocrx_word' id='word_1_674' title='bbox 1530 4887 1807 4954; x_wconf 80' lang='grc' dir='ltr'>εἰσάγεται</span> <span class='ocrx_word' id='word_1_675' title='bbox 1836 4886 1865 4937; x_wconf 82' lang='grc' dir='ltr'><strong>ὁ</strong></span> 
     </span>
    </p>
   </div>
   <div class='ocr_carea' id='block_1_94' title="bbox 286 4974 1865 5050">
    <p class='ocr_par' dir='ltr' id='par_1_94' title="bbox 286 4974 1865 5050">
     <span class='ocr_line' id='line_1_94' title="bbox 286 4974 1865 5050; baseline 0 -19"><span class='ocrx_word' id='word_1_676' title='bbox 286 4980 517 5050; x_wconf 82' lang='grc' dir='ltr'>πρέσϐις</span> <span class='ocrx_word' id='word_1_677' title='bbox 558 4980 638 5042; x_wconf 86' lang='grc' dir='ltr'><strong>είς</strong></span> <span class='ocrx_word' id='word_1_678' title='bbox 671 4980 770 5049; x_wconf 80' lang='grc' dir='ltr'>τὴν</span> <span class='ocrx_word' id='word_1_679' title='bbox 806 4981 902 5033; x_wconf 85' lang='grc' dir='ltr'>τοῦ</span> <span class='ocrx_word' id='word_1_680' title='bbox 948 4978 1235 5049; x_wconf 79' lang='grc' dir='ltr'>Βαρϐάρου</span> <span class='ocrx_word' id='word_1_681' title='bbox 1292 4980 1519 5048; x_wconf 88' lang='grc' dir='ltr'>σκηνήν.</span> <span class='ocrx_word' id='word_1_682' title='bbox 1559 4978 1616 5031; x_wconf 85' lang='grc' dir='ltr'>Ὀ</span> <span class='ocrx_word' id='word_1_683' title='bbox 1645 4978 1742 5047; x_wconf 81' lang='grc' dir='ltr'><strong>μὲν</strong></span> <span class='ocrx_word' id='word_1_684' title='bbox 1771 4974 1865 5031; x_wconf 79' lang='grc' dir='ltr'>οὗν</span> 
     </span>
    </p>
   </div>
   <div class='ocr_carea' id='block_1_95' title="bbox 283 5068 1862 5140">
    <p class='ocr_par' dir='ltr' id='par_1_95' title="bbox 283 5068 1862 5140">
     <span class='ocr_line' id='line_1_95' title="bbox 283 5068 1862 5140; baseline -0.003 -16"><span class='ocrx_word' id='word_1_685' title='bbox 283 5072 552 5140; x_wconf 84' lang='grc' dir='ltr'>πρέσϐις,</span> <span class='ocrx_word' id='word_1_686' title='bbox 589 5069 769 5137; x_wconf 86' lang='grc' dir='ltr'>λόγοις</span> <span class='ocrx_word' id='word_1_687' title='bbox 806 5070 990 5140; x_wconf 79' lang='grc' dir='ltr'>ήπίοις</span> <span class='ocrx_word' id='word_1_688' title='bbox 1061 5069 1349 5124; x_wconf 84' lang='grc' dir='ltr'>κολακεύει</span> <span class='ocrx_word' id='word_1_689' title='bbox 1411 5068 1503 5122; x_wconf 75' lang='grc' dir='ltr'>τὸν</span> <span class='ocrx_word' id='word_1_690' title='bbox 1558 5068 1862 5138; x_wconf 83' lang='grc' dir='ltr'>Βάρϐαρον.</span> 
     </span>
    </p>
   </div>
   <div class='ocr_carea' id='block_1_96' title="bbox 293 5159 1863 5232">
    <p class='ocr_par' dir='ltr' id='par_1_96' title="bbox 293 5159 1863 5232">
     <span class='ocr_line' id='line_1_96' title="bbox 293 5159 1863 5232; baseline -0.002 -18"><span class='ocrx_word' id='word_1_691' title='bbox 293 5162 355 5214; x_wconf 85' lang='grc' dir='ltr'>Ὀ</span> <span class='ocrx_word' id='word_1_692' title='bbox 382 5162 457 5227; x_wconf 77' lang='grc' dir='ltr'>δὲ,</span> <span class='ocrx_word' id='word_1_693' title='bbox 487 5163 905 5232; x_wconf 80' lang='grc' dir='ltr'>δυσανασχέτως</span> <span class='ocrx_word' id='word_1_694' title='bbox 927 5159 1040 5232; x_wconf 77' lang='grc' dir='ltr'>εἶχε</span> <span class='ocrx_word' id='word_1_695' title='bbox 1061 5163 1127 5214; x_wconf 76' lang='grc' dir='ltr'>τὰ</span> <span class='ocrx_word' id='word_1_696' title='bbox 1170 5160 1433 5231; x_wconf 82' lang='grc' dir='ltr'>βασιλικὰ</span> <span class='ocrx_word' id='word_1_697' title='bbox 1468 5159 1863 5223; x_wconf 81' lang='grc' dir='ltr'>καταδέξασθαι</span> 
     </span>
    </p>
   </div>
   <div class='ocr_carea' id='block_1_97' title="bbox 281 5250 1862 5321">
    <p class='ocr_par' dir='ltr' id='par_1_97' title="bbox 281 5250 1862 5321">
     <span class='ocr_line' id='line_1_97' title="bbox 281 5250 1862 5321; baseline -0.001 -18"><span class='ocrx_word' id='word_1_698' title='bbox 281 5251 447 5319; x_wconf 85' lang='grc' dir='ltr'>δῶρα,</span> <span class='ocrx_word' id='word_1_699' title='bbox 482 5254 768 5321; x_wconf 78' lang='grc' dir='ltr'>μονονουχὶ</span> <span class='ocrx_word' id='word_1_700' title='bbox 821 5253 882 5303; x_wconf 85' lang='grc' dir='ltr'><strong>τὸ</strong></span> <span class='ocrx_word' id='word_1_701' title='bbox 935 5253 1034 5320; x_wconf 82' lang='grc' dir='ltr'>τῆς</span> <span class='ocrx_word' id='word_1_702' title='bbox 1084 5250 1397 5321; x_wconf 79' lang='grc' dir='ltr'>τραγῳδίας</span> <span class='ocrx_word' id='word_1_703' title='bbox 1442 5251 1862 5320; x_wconf 79' lang='grc' dir='ltr'>ἐπιφερόμενος.</span> 
     </span>
    </p>
   </div>
   <div class='ocr_carea' id='block_1_98' title="bbox 282 5340 1864 5411">
    <p class='ocr_par' dir='ltr' id='par_1_98' title="bbox 282 5340 1864 5411">
     <span class='ocr_line' id='line_1_98' title="bbox 282 5340 1864 5411; baseline 0.001 -21"><span class='ocrx_word' id='word_1_704' title='bbox 282 5340 492 5409; x_wconf 79' lang='grc' dir='ltr'>ἐχθρῶν</span> <span class='ocrx_word' id='word_1_705' title='bbox 522 5342 705 5410; x_wconf 80' lang='grc' dir='ltr'>ἄδωρα</span> <span class='ocrx_word' id='word_1_706' title='bbox 736 5341 907 5411; x_wconf 82' lang='grc' dir='ltr'>δῶρα.</span> <span class='ocrx_word' id='word_1_707' title='bbox 940 5344 1051 5395; x_wconf 73' lang='grc' dir='ltr'><strong>Καὶ</strong></span> <span class='ocrx_word' id='word_1_708' title='bbox 1081 5341 1211 5409; x_wconf 77' lang='grc' dir='ltr'>γοῦν</span> <span class='ocrx_word' id='word_1_709' title='bbox 1243 5342 1270 5393; x_wconf 85' lang='grc' dir='ltr'>ὁ</span> <span class='ocrx_word' id='word_1_710' title='bbox 1305 5341 1560 5411; x_wconf 87' lang='grc' dir='ltr'>πρέσϐις,</span> <span class='ocrx_word' id='word_1_711' title='bbox 1594 5340 1864 5403; x_wconf 82' lang='grc' dir='ltr'>πλείστοις</span> 
     </span>
    </p>
   </div>
   <div class='ocr_carea' id='block_1_99' title="bbox 281 5428 1863 5501">
    <p class='ocr_par' dir='ltr' id='par_1_99' title="bbox 281 5428 1863 5501">
     <span class='ocr_line' id='line_1_99' title="bbox 281 5428 1863 5501; baseline 0.002 -22"><span class='ocrx_word' id='word_1_712' title='bbox 281 5428 458 5495; x_wconf 88' lang='grc' dir='ltr'>λόγοις</span> <span class='ocrx_word' id='word_1_713' title='bbox 493 5431 865 5499; x_wconf 70' lang='grc' dir='ltr'>χρησάμενος,</span> <span class='ocrx_word' id='word_1_714' title='bbox 930 5430 1105 5482; x_wconf 85' lang='grc' dir='ltr'>πείθει</span> <span class='ocrx_word' id='word_1_715' title='bbox 1161 5432 1460 5501; x_wconf 63' lang='grc' dir='ltr'>τιμηθῆναι</span> <span class='ocrx_word' id='word_1_716' title='bbox 1512 5433 1625 5492; x_wconf 81' lang='grc' dir='ltr'>τοῖς</span> <span class='ocrx_word' id='word_1_717' title='bbox 1668 5428 1863 5500; x_wconf 85' lang='grc' dir='ltr'>δώροις</span> 
     </span>
    </p>
   </div>
   <div class='ocr_carea' id='block_1_100' title="bbox 281 5522 1863 5595">
    <p class='ocr_par' dir='ltr' id='par_1_100' title="bbox 281 5522 1863 5595">
     <span class='ocr_line' id='line_1_100' title="bbox 281 5522 1863 5595; baseline 0.002 -22"><span class='ocrx_word' id='word_1_718' title='bbox 281 5522 375 5574; x_wconf 71' lang='grc' dir='ltr'><strong>τὸν</strong></span> <span class='ocrx_word' id='word_1_719' title='bbox 414 5523 718 5594; x_wconf 78' lang='grc' dir='ltr'>Βάρϐαρον.</span> <span class='ocrx_word' id='word_1_720' title='bbox 754 5525 832 5594; x_wconf 82' lang='grc' dir='ltr'><strong>Τῇ</strong></span> <span class='ocrx_word' id='word_1_721' title='bbox 872 5524 918 5576; x_wconf 82' lang='grc' dir='ltr'>δ’</span> <span class='ocrx_word' id='word_1_722' title='bbox 958 5523 1219 5594; x_wconf 80' lang='grc' dir='ltr'>ὑστεραίᾳ</span> <span class='ocrx_word' id='word_1_723' title='bbox 1263 5523 1361 5593; x_wconf 82' lang='grc' dir='ltr'>τὴν</span> <span class='ocrx_word' id='word_1_724' title='bbox 1395 5524 1620 5595; x_wconf 82' lang='grc' dir='ltr'>εἰρήνην</span> <span class='ocrx_word' id='word_1_725' title='bbox 1650 5522 1677 5574; x_wconf 86' lang='grc' dir='ltr'>ὁ</span> <span class='ocrx_word' id='word_1_726' title='bbox 1718 5523 1863 5593; x_wconf 82' lang='grc' dir='ltr'>Βάρ-</span> 
     </span>
    </p>
   </div>
   <div class='ocr_carea' id='block_1_101' title="bbox 284 5614 1861 5687">
    <p class='ocr_par' dir='ltr' id='par_1_101' title="bbox 284 5614 1861 5687">
     <span class='ocr_line' id='line_1_101' title="bbox 284 5614 1861 5687; baseline 0.001 -22"><span class='ocrx_word' id='word_1_727' title='bbox 284 5614 453 5683; x_wconf 73' lang='grc' dir='ltr'>ϐαρος</span> <span class='ocrx_word' id='word_1_728' title='bbox 486 5619 918 5685; x_wconf 69' lang='grc' dir='ltr'>συστησάμενος,</span> <span class='ocrx_word' id='word_1_729' title='bbox 969 5616 1103 5687; x_wconf 68' lang='grc' dir='ltr'>πρὸς</span> <span class='ocrx_word' id='word_1_730' title='bbox 1156 5616 1252 5683; x_wconf 78' lang='grc' dir='ltr'>τὴν</span> <span class='ocrx_word' id='word_1_731' title='bbox 1285 5616 1577 5680; x_wconf 77' lang='grc' dir='ltr'>ἀνάζευξιν</span> <span class='ocrx_word' id='word_1_732' title='bbox 1614 5614 1861 5667; x_wconf 75' lang='grc' dir='ltr'>ἔϐλεπεν.</span> 
     </span>
    </p>
   </div>
   <div class='ocr_carea' id='block_1_102' title="bbox 288 5703 1863 5777">
    <p class='ocr_par' dir='ltr' id='par_1_102' title="bbox 288 5703 1863 5777">
     <span class='ocr_line' id='line_1_102' title="bbox 288 5703 1863 5777; baseline 0.001 -21"><span class='ocrx_word' id='word_1_733' title='bbox 288 5703 534 5772; x_wconf 73' lang='grc' dir='ltr'>Ἔφασκε</span> <span class='ocrx_word' id='word_1_734' title='bbox 588 5704 645 5760; x_wconf 77' lang='grc' dir='ltr'><strong>δὲ</strong></span> <span class='ocrx_word' id='word_1_735' title='bbox 696 5707 724 5758; x_wconf 84' lang='grc' dir='ltr'><strong>ό</strong></span> <span class='ocrx_word' id='word_1_736' title='bbox 771 5706 1022 5773; x_wconf 73' lang='grc' dir='ltr'>Χαγάνος</span> <span class='ocrx_word' id='word_1_737' title='bbox 1069 5707 1362 5772; x_wconf 75' lang='grc' dir='ltr'>ἐπιλέξεως</span> <span class='ocrx_word' id='word_1_738' title='bbox 1428 5706 1571 5777; x_wconf 73' lang='grc' dir='ltr'>[ἐπὶ</span> <span class='ocrx_word' id='word_1_739' title='bbox 1617 5704 1863 5776; x_wconf 80' lang='grc' dir='ltr'>λέξεως]</span> 
     </span>
    </p>
   </div>
   <div class='ocr_carea' id='block_1_103' title="bbox 1966 4508 3537 4581">
    <p class='ocr_par' dir='ltr' id='par_1_103' title="bbox 1966 4508 3537 4581">
     <span class='ocr_line' id='line_1_103' title="bbox 1966 4508 3537 4581; baseline -0.008 -10"><span class='ocrx_word' id='word_1_740' title='bbox 1966 4532 2109 4581; x_wconf 87' lang='lat' dir='ltr'><strong>rum,</strong></span> <span class='ocrx_word' id='word_1_741' title='bbox 2129 4525 2182 4570; x_wconf 88' lang='lat' dir='ltr'><strong>et</strong></span> <span class='ocrx_word' id='word_1_742' title='bbox 2212 4514 2263 4568; x_wconf 92' lang='lat' dir='ltr'><strong>in</strong></span> <span class='ocrx_word' id='word_1_743' title='bbox 2294 4512 2534 4568; x_wconf 78' lang='lat' dir='ltr'><strong>exercitu</strong></span> <span class='ocrx_word' id='word_1_744' title='bbox 2587 4524 2685 4565; x_wconf 88' lang='lat' dir='ltr'><strong>suo</strong></span> <span class='ocrx_word' id='word_1_745' title='bbox 2713 4518 3050 4579; x_wconf 79' lang='lat' dir='ltr'><strong>grassantem</strong></span> <span class='ocrx_word' id='word_1_746' title='bbox 3085 4518 3312 4577; x_wconf 87' lang='lat' dir='ltr'><strong>pestem,</strong></span> <span class='ocrx_word' id='word_1_747' title='bbox 3348 4508 3537 4562; x_wconf 76' lang='lat' dir='ltr'><strong>decem</strong></span> 
     </span>
    </p>
   </div>
   <div class='ocr_carea' id='block_1_104' title="bbox 1966 4600 3538 4679">
    <p class='ocr_par' dir='ltr' id='par_1_104' title="bbox 1966 4600 3538 4679">
     <span class='ocr_line' id='line_1_104' title="bbox 1966 4600 3538 4679; baseline -0.007 -15"><span class='ocrx_word' id='word_1_748' title='bbox 1966 4609 2116 4679; x_wconf 90' lang='lat' dir='ltr'><strong>prius</strong></span> <span class='ocrx_word' id='word_1_749' title='bbox 2137 4614 2503 4661; x_wconf 88' lang='lat' dir='ltr'><strong>commoratus</strong></span> <span class='ocrx_word' id='word_1_750' title='bbox 2525 4613 2607 4658; x_wconf 88' lang='lat' dir='ltr'><strong>cst</strong></span> <span class='ocrx_word' id='word_1_751' title='bbox 2635 4604 2772 4668; x_wconf 88' lang='lat' dir='ltr'><strong>dies,</strong></span> <span class='ocrx_word' id='word_1_752' title='bbox 2804 4616 2965 4672; x_wconf 87' lang='lat' dir='ltr'><strong>quam</strong></span> <span class='ocrx_word' id='word_1_753' title='bbox 2992 4601 3060 4655; x_wconf 86' lang='lat' dir='ltr'><strong>ad</strong></span> <span class='ocrx_word' id='word_1_754' title='bbox 3107 4601 3417 4668; x_wconf 88' lang='lat' dir='ltr'><strong>Chaganum</strong></span> <span class='ocrx_word' id='word_1_755' title='bbox 3441 4600 3538 4653; x_wconf 90' lang='lat' dir='ltr'><strong>ad-</strong></span> 
     </span>
    </p>
   </div>
   <div class='ocr_carea' id='block_1_105' title="bbox 1967 4693 3541 4767">
    <p class='ocr_par' dir='ltr' id='par_1_105' title="bbox 1967 4693 3541 4767">
     <span class='ocr_line' id='line_1_105' title="bbox 1967 4693 3541 4767; baseline -0.007 -13"><span class='ocrx_word' id='word_1_756' title='bbox 1967 4701 2295 4763; x_wconf 88' lang='lat' dir='ltr'><strong>mitteretur,</strong></span> <span class='ocrx_word' id='word_1_757' title='bbox 2336 4696 2463 4767; x_wconf 86' lang='lat' dir='ltr'><strong>quia</strong></span> <span class='ocrx_word' id='word_1_758' title='bbox 2509 4693 2666 4750; x_wconf 80' lang='lat' dir='ltr'><strong>ﬂetus</strong></span> <span class='ocrx_word' id='word_1_759' title='bbox 2709 4694 2940 4749; x_wconf 86' lang='lat' dir='ltr'><strong>acerbus</strong></span> <span class='ocrx_word' id='word_1_760' title='bbox 2990 4702 3126 4757; x_wconf 82' lang='lat' dir='ltr'><strong>erat,</strong></span> <span class='ocrx_word' id='word_1_761' title='bbox 3175 4702 3227 4747; x_wconf 89' lang='lat' dir='ltr'><strong>et</strong></span> <span class='ocrx_word' id='word_1_762' title='bbox 3256 4694 3541 4747; x_wconf 82' lang='lat' dir='ltr'><strong>calamitas</strong></span> 
     </span>
    </p>
   </div>
   <div class='ocr_carea' id='block_1_106' title="bbox 1965 4783 3544 4851">
    <p class='ocr_par' dir='ltr' id='par_1_106' title="bbox 1965 4783 3544 4851">
     <span class='ocr_line' id='line_1_106' title="bbox 1965 4783 3544 4851; baseline -0.005 -7"><span class='ocrx_word' id='word_1_763' title='bbox 1965 4790 2137 4851; x_wconf 88' lang='lat' dir='ltr'><strong>varia.</strong></span> <span class='ocrx_word' id='word_1_764' title='bbox 2167 4790 2291 4842; x_wconf 89' lang='lat' dir='ltr'><strong>hinc</strong></span> <span class='ocrx_word' id='word_1_765' title='bbox 2330 4788 2415 4841; x_wconf 90' lang='lat' dir='ltr'><strong>die</strong></span> <span class='ocrx_word' id='word_1_766' title='bbox 2439 4785 2758 4841; x_wconf 88' lang='lat' dir='ltr'><strong>duodecima</strong></span> <span class='ocrx_word' id='word_1_767' title='bbox 2790 4783 3168 4839; x_wconf 90' lang='lat' dir='ltr'><strong>intromittitur</strong></span> <span class='ocrx_word' id='word_1_768' title='bbox 3207 4784 3257 4837; x_wconf 92' lang='lat' dir='ltr'><strong>in</strong></span> <span class='ocrx_word' id='word_1_769' title='bbox 3284 4784 3544 4837; x_wconf 87' lang='lat' dir='ltr'><strong>taberna-</strong></span> 
     </span>
    </p>
   </div>
   <div class='ocr_carea' id='block_1_107' title="bbox 1967 4874 3543 4944">
    <p class='ocr_par' dir='ltr' id='par_1_107' title="bbox 1967 4874 3543 4944">
     <span class='ocr_line' id='line_1_107' title="bbox 1967 4874 3543 4944; baseline -0.006 -9"><span class='ocrx_word' id='word_1_770' title='bbox 1967 4882 2149 4935; x_wconf 92' lang='lat' dir='ltr'><strong>culum</strong></span> <span class='ocrx_word' id='word_1_771' title='bbox 2206 4877 2429 4931; x_wconf 83' lang='lat' dir='ltr'><strong>Barbari</strong></span> <span class='ocrx_word' id='word_1_772' title='bbox 2473 4877 2700 4944; x_wconf 88' lang='lat' dir='ltr'><strong>legatus,</strong></span> <span class='ocrx_word' id='word_1_773' title='bbox 2740 4876 2830 4944; x_wconf 89' lang='lat' dir='ltr'><strong>qui</strong></span> <span class='ocrx_word' id='word_1_774' title='bbox 2868 4874 3078 4929; x_wconf 87' lang='lat' dir='ltr'><strong>blandis</strong></span> <span class='ocrx_word' id='word_1_775' title='bbox 3100 4876 3273 4929; x_wconf 88' lang='lat' dir='ltr'><strong>verbis</strong></span> <span class='ocrx_word' id='word_1_776' title='bbox 3294 4876 3543 4929; x_wconf 85' lang='lat' dir='ltr'><strong>adulatus</strong></span> 
     </span>
    </p>
   </div>
   <div class='ocr_carea' id='block_1_108' title="bbox 1967 4967 3538 5039">
    <p class='ocr_par' dir='ltr' id='par_1_108' title="bbox 1967 4967 3538 5039">
     <span class='ocr_line' id='line_1_108' title="bbox 1967 4967 3538 5039; baseline -0.006 -12"><span class='ocrx_word' id='word_1_777' title='bbox 1967 4970 2499 5038; x_wconf 88' lang='lat' dir='ltr'><strong>Barbaro,quoniam</strong></span> <span class='ocrx_word' id='word_1_778' title='bbox 2519 4969 2838 5039; x_wconf 89' lang='lat' dir='ltr'><strong>gravabatur</strong></span> <span class='ocrx_word' id='word_1_779' title='bbox 2852 4969 3098 5031; x_wconf 90' lang='lat' dir='ltr'><strong>nimium,</strong></span> <span class='ocrx_word' id='word_1_780' title='bbox 3124 4968 3372 5035; x_wconf 72' lang='lat' dir='ltr'><strong>actiperc</strong></span> <span class='ocrx_word' id='word_1_781' title='bbox 3396 4967 3538 5019; x_wconf 82' lang='lat' dir='ltr'><strong>dona</strong></span> 
     </span>
    </p>
   </div>
   <div class='ocr_carea' id='block_1_109' title="bbox 1968 5059 3536 5134">
    <p class='ocr_par' dir='ltr' id='par_1_109' title="bbox 1968 5059 3536 5134">
     <span class='ocr_line' id='line_1_109' title="bbox 1968 5059 3536 5134; baseline -0.006 -15"><span class='ocrx_word' id='word_1_782' title='bbox 1968 5066 2114 5134; x_wconf 85' lang='lat' dir='ltr'><strong>regia</strong></span> <span class='ocrx_word' id='word_1_783' title='bbox 2153 5074 2358 5117; x_wconf 86' lang='lat' dir='ltr'><strong>tantum</strong></span> <span class='ocrx_word' id='word_1_784' title='bbox 2405 5076 2511 5126; x_wconf 83' lang='lat' dir='ltr'><strong>non</strong></span> <span class='ocrx_word' id='word_1_785' title='bbox 2558 5061 2905 5115; x_wconf 90' lang='lat' dir='ltr'><strong>consentiens</strong></span> <span class='ocrx_word' id='word_1_786' title='bbox 2957 5059 3009 5113; x_wconf 92' lang='lat' dir='ltr'><strong>in</strong></span> <span class='ocrx_word' id='word_1_787' title='bbox 3068 5059 3209 5112; x_wconf 92' lang='lat' dir='ltr'><strong>istud</strong></span> <span class='ocrx_word' id='word_1_788' title='bbox 3252 5059 3536 5127; x_wconf 81' lang='lat' dir='ltr'><strong>tragicum,</strong></span> 
     </span>
    </p>
   </div>
   <div class='ocr_carea' id='block_1_110' title="bbox 1966 5151 3540 5219">
    <p class='ocr_par' dir='ltr' id='par_1_110' title="bbox 1966 5151 3540 5219">
     <span class='ocr_line' id='line_1_110' title="bbox 1966 5151 3540 5219; baseline -0.005 -10"><span class='ocrx_word' id='word_1_789' title='bbox 1966 5156 2201 5210; x_wconf 86' lang='lat' dir='ltr'><strong>hostium</strong></span> <span class='ocrx_word' id='word_1_790' title='bbox 2238 5157 2379 5206; x_wconf 85' lang='lat' dir='ltr'><strong>dona</strong></span> <span class='ocrx_word' id='word_1_791' title='bbox 2408 5168 2513 5207; x_wconf 90' lang='lat' dir='ltr'><strong>non</strong></span> <span class='ocrx_word' id='word_1_792' title='bbox 2541 5152 2705 5207; x_wconf 90' lang='lat' dir='ltr'><strong>dona.</strong></span> <span class='ocrx_word' id='word_1_793' title='bbox 2737 5151 3099 5219; x_wconf 86' lang='lat' dir='ltr'><strong>Plurimisque</strong></span> <span class='ocrx_word' id='word_1_794' title='bbox 3120 5165 3248 5203; x_wconf 92' lang='lat' dir='ltr'><strong>usus</strong></span> <span class='ocrx_word' id='word_1_795' title='bbox 3279 5164 3540 5203; x_wconf 67' lang='lat' dir='ltr'><strong>caeremo-</strong></span> 
     </span>
    </p>
   </div>
   <div class='ocr_carea' id='block_1_111' title="bbox 1965 5243 3539 5317">
    <p class='ocr_par' dir='ltr' id='par_1_111' title="bbox 1965 5243 3539 5317">
     <span class='ocr_line' id='line_1_111' title="bbox 1965 5243 3539 5317; baseline -0.006 -14"><span class='ocrx_word' id='word_1_796' title='bbox 1965 5250 2096 5315; x_wconf 89' lang='lat' dir='ltr'><strong>niis,</strong></span> <span class='ocrx_word' id='word_1_797' title='bbox 2133 5249 2439 5317; x_wconf 87' lang='lat' dir='ltr'><strong>pcrsuadet,</strong></span> <span class='ocrx_word' id='word_1_798' title='bbox 2473 5256 2531 5299; x_wconf 91' lang='lat' dir='ltr'><strong>ut</strong></span> <span class='ocrx_word' id='word_1_799' title='bbox 2572 5245 2887 5299; x_wconf 89' lang='lat' dir='ltr'><strong>muneribus</strong></span> <span class='ocrx_word' id='word_1_800' title='bbox 2921 5244 3042 5298; x_wconf 89' lang='lat' dir='ltr'><strong>istis</strong></span> <span class='ocrx_word' id='word_1_801' title='bbox 3078 5243 3331 5297; x_wconf 83' lang='lat' dir='ltr'><strong>honorari</strong></span> <span class='ocrx_word' id='word_1_802' title='bbox 3358 5256 3417 5294; x_wconf 90' lang='lat' dir='ltr'><strong>se</strong></span> <span class='ocrx_word' id='word_1_803' title='bbox 3442 5256 3539 5310; x_wconf 83' lang='lat' dir='ltr'><strong>pa-</strong></span> 
     </span>
    </p>
   </div>
   <div class='ocr_carea' id='block_1_112' title="bbox 1969 5333 3543 5401">
    <p class='ocr_par' dir='ltr' id='par_1_112' title="bbox 1969 5333 3543 5401">
     <span class='ocr_line' id='line_1_112' title="bbox 1969 5333 3543 5401; baseline -0.004 -8"><span class='ocrx_word' id='word_1_804' title='bbox 1969 5348 2176 5393; x_wconf 88' lang='lat' dir='ltr'><strong>teretur</strong></span> <span class='ocrx_word' id='word_1_805' title='bbox 2208 5337 2499 5391; x_wconf 90' lang='lat' dir='ltr'><strong>Barbarus.</strong></span> <span class='ocrx_word' id='word_1_806' title='bbox 2548 5337 2771 5391; x_wconf 88' lang='lat' dir='ltr'><strong>Postera</strong></span> <span class='ocrx_word' id='word_1_807' title='bbox 2803 5350 2930 5389; x_wconf 87' lang='lat' dir='ltr'><strong>vero</strong></span> <span class='ocrx_word' id='word_1_808' title='bbox 2980 5335 3088 5400; x_wconf 89' lang='lat' dir='ltr'><strong>die,</strong></span> <span class='ocrx_word' id='word_1_809' title='bbox 3119 5350 3241 5388; x_wconf 92' lang='lat' dir='ltr'><strong>cum</strong></span> <span class='ocrx_word' id='word_1_810' title='bbox 3294 5333 3358 5386; x_wconf 85' lang='lat' dir='ltr'><strong>de</strong></span> <span class='ocrx_word' id='word_1_811' title='bbox 3410 5347 3543 5401; x_wconf 86' lang='lat' dir='ltr'><strong>pace</strong></span> 
     </span>
    </p>
   </div>
   <div class='ocr_carea' id='block_1_113' title="bbox 1968 5425 3545 5493">
    <p class='ocr_par' dir='ltr' id='par_1_113' title="bbox 1968 5425 3545 5493">
     <span class='ocr_line' id='line_1_113' title="bbox 1968 5425 3545 5493; baseline -0.004 -9"><span class='ocrx_word' id='word_1_812' title='bbox 1968 5431 2315 5484; x_wconf 86' lang='lat' dir='ltr'><strong>convenisset</strong></span> <span class='ocrx_word' id='word_1_813' title='bbox 2346 5430 2487 5483; x_wconf 90' lang='lat' dir='ltr'><strong>inter</strong></span> <span class='ocrx_word' id='word_1_814' title='bbox 2518 5428 2842 5491; x_wconf 88' lang='lat' dir='ltr'><strong>Barbarum,</strong></span> <span class='ocrx_word' id='word_1_815' title='bbox 2872 5427 3090 5481; x_wconf 89' lang='lat' dir='ltr'><strong>domum</strong></span> <span class='ocrx_word' id='word_1_816' title='bbox 3134 5425 3313 5479; x_wconf 86' lang='lat' dir='ltr'><strong>redire</strong></span> <span class='ocrx_word' id='word_1_817' title='bbox 3336 5425 3545 5493; x_wconf 78' lang='lat' dir='ltr'><strong>eugita-</strong></span> 
     </span>
    </p>
   </div>
   <div class='ocr_carea' id='block_1_114' title="bbox 1969 5515 3539 5588">
    <p class='ocr_par' dir='ltr' id='par_1_114' title="bbox 1969 5515 3539 5588">
     <span class='ocr_line' id='line_1_114' title="bbox 1969 5515 3539 5588; baseline -0.003 -15"><span class='ocrx_word' id='word_1_818' title='bbox 1969 5525 2091 5577; x_wconf 85' lang='lat' dir='ltr'><strong>vit:</strong></span> <span class='ocrx_word' id='word_1_819' title='bbox 2140 5524 2252 5577; x_wconf 73' lang='lat' dir='ltr'><strong>hznc</strong></span> <span class='ocrx_word' id='word_1_820' title='bbox 2282 5533 2464 5576; x_wconf 85' lang='lat' dir='ltr'><strong>autem</strong></span> <span class='ocrx_word' id='word_1_821' title='bbox 2506 5524 2669 5575; x_wconf 80' lang='lat' dir='ltr'><strong>verba</strong></span> <span class='ocrx_word' id='word_1_822' title='bbox 2714 5520 2920 5574; x_wconf 88' lang='lat' dir='ltr'><strong>addidit</strong></span> <span class='ocrx_word' id='word_1_823' title='bbox 2946 5518 3278 5588; x_wconf 82' lang='lat' dir='ltr'><strong>Chaganus:</strong></span> <span class='ocrx_word' id='word_1_824' title='bbox 3324 5515 3539 5580; x_wconf 77' lang='lat' dir='ltr'><strong>Judica,</strong></span> 
     </span>
    </p>
   </div>
   <div class='ocr_carea' id='block_1_115' title="bbox 1972 5609 3541 5681">
    <p class='ocr_par' dir='ltr' id='par_1_115' title="bbox 1972 5609 3541 5681">
     <span class='ocr_line' id='line_1_115' title="bbox 1972 5609 3541 5681; baseline -0.004 -12"><span class='ocrx_word' id='word_1_825' title='bbox 1972 5617 2132 5681; x_wconf 86' lang='lat' dir='ltr'><strong>Deus,</strong></span> <span class='ocrx_word' id='word_1_826' title='bbox 2170 5615 2310 5669; x_wconf 88' lang='lat' dir='ltr'><strong>inter</strong></span> <span class='ocrx_word' id='word_1_827' title='bbox 2333 5615 2656 5669; x_wconf 80' lang='lat' dir='ltr'><strong>Mauricium</strong></span> <span class='ocrx_word' id='word_1_828' title='bbox 2684 5622 2739 5668; x_wconf 89' lang='lat' dir='ltr'><strong>et</strong></span> <span class='ocrx_word' id='word_1_829' title='bbox 2787 5612 3122 5681; x_wconf 83' lang='lat' dir='ltr'><strong>Chaganunt,</strong></span> <span class='ocrx_word' id='word_1_830' title='bbox 3158 5611 3300 5665; x_wconf 90' lang='lat' dir='ltr'><strong>inter</strong></span> <span class='ocrx_word' id='word_1_831' title='bbox 3332 5609 3541 5663; x_wconf 76' lang='lat' dir='ltr'><strong>Abatos</strong></span> 
     </span>
    </p>
   </div>
   <div class='ocr_carea' id='block_1_116' title="bbox 1966 5698 3540 5770">
    <p class='ocr_par' dir='ltr' id='par_1_116' title="bbox 1966 5698 3540 5770">
     <span class='ocr_line' id='line_1_116' title="bbox 1966 5698 3540 5770; baseline -0.004 -10"><span class='ocrx_word' id='word_1_832' title='bbox 1966 5714 2019 5760; x_wconf 90' lang='lat' dir='ltr'><strong>et</strong></span> <span class='ocrx_word' id='word_1_833' title='bbox 2063 5706 2202 5757; x_wconf 88' lang='lat' dir='ltr'><strong>inter</strong></span> <span class='ocrx_word' id='word_1_834' title='bbox 2254 5705 2545 5759; x_wconf 75' lang='lat' dir='ltr'><strong>Romanos.</strong></span> <span class='ocrx_word' id='word_1_835' title='bbox 2597 5700 2933 5759; x_wconf 81' lang='lat' dir='ltr'><strong>lusimulavit</strong></span> <span class='ocrx_word' id='word_1_836' title='bbox 2987 5701 3133 5756; x_wconf 90' lang='lat' dir='ltr'><strong>enim</strong></span> <span class='ocrx_word' id='word_1_837' title='bbox 3191 5708 3358 5769; x_wconf 79' lang='lat' dir='ltr'><strong>rupta:</strong></span> <span class='ocrx_word' id='word_1_838' title='bbox 3387 5698 3540 5770; x_wconf 80' lang='lat' dir='ltr'><strong>pacis</strong></span> 
     </span>
    </p>
   </div>
  </div>
