3954 6210
179 194 281 259 931

708 383 1029 391 7—.”

1036 386 1372 394 Wﬁ—

973 196 1070 257 DE
1107 196 1673 260 LEGATIONIBUS
1716 199 2068 263 GENTIUM
2111 202 2210 263 AD
2248 200 2625 264 ROMANOS.

3318 182 3421 273 938

2082 389 2215 397 .—

2224 388 2670 396 Μ

2696 388 2836 394 _._._—
2846 388 3055 395 “mc-.—

3062 386 3401 400 ._...._____..

1314 528 1467 612 ΕΚ
1541 530 1757 616 ΤΗΣ
1831 531 2326 618 ΙΣΤΟΡΙΑΣ.

754 717 1056 839 ΤΟΥ
1136 717 1630 840 ΑΥΤΟΥ
1688 720 2832 841 ΘΕΟΦΥΛΑΚΤΟΥ

1215 932 1356 987 ΑΠΟ
1397 932 1727 988 ΕΠΑΡΧΟΥ
1759 933 1878 987 ΚΑΙ
1917 935 2399 988 ΔΝἸΊΓΡΑΦΕΩΣ

594 1104 859 1199 ΠΕΡΙ
936 1103 1516 1191 ΠΡΕΣΒΕΩΝ
1590 1105 1977 1196 ΕΘΝΩΝ
2052 1108 2343 1193 ΠΡΟΣ
2418 1099 3007 1195 ΡΩΜΑΙΟΥΣ.

1533 1387 1647 1447 EX
1691 1385 2079 1447 HISTORIA

900 1569 1535 1687 EJUSDEM
1615 1568 2756 1685 THEOPHYLACTI

1234 1787 1699 1845 EXPBIEFEC’II
1730 1787 1821 1844 ET
1862 1786 2379 1855 SCRIPTURARlI,

692 1966 840 2057 DE
918 1963 1415 2056 LEGATIS
1486 1964 2037 2054 GENTIUM
2113 1962 2260 2053 AD
2344 1962 2950 2058 ROMANOS.

266 2261 388 2314 Ὀτι
414 2254 747 2311 Φιλιππικοῦ
782 2253 878 2309 τοῦ
909 2253 1164 2325 γαμϐροῦ
1209 2254 1519 2326 Μαυρικίου
1564 2270 1765 2326 στρατ-

1943 2254 2103 2326 132
2129 2254 2282 2322 Quod
2320 2230 2603 2325 Pbilippici
2647 2257 2830 2328 generi
2891 2256 3132 2314 Mauricii
3178 2259 3339 2316 ductu
3371 2276 3439 2318 ex

190 2352 476 2423 ηγοῦντος,
506 2349 600 2402 ἐπὶ
631 2348 729 2415 τῆς
762 2345 1029 2415 βασιλίδος
1055 2345 1354 2416 ἐξεδήμησέ
1401 2344 1628 2411 πόλεως,
1665 2345 1761 2399 καὶ

185 2445 283 2514 τῆς
319 2440 541 2511 Ἀμίδης
600 2439 796 2508 ἐπέϐη.
851 2437 1219 2509 Πρεσϐεύουσι
1274 2438 1480 2509 Πέρσαι
1535 2438 1761 2505 ἐνδόξως

188 2554 309 2599 πως
368 2532 701 2588 καταθέσθαι
754 2531 848 2584 τὸν
907 2530 1168 2601 πόλεμον.
1222 2530 1603 2603 Προσέταττον
1650 2530 1760 2601 γάρ

195 2628 510 2699 Ῥωμαίοις,
570 2628 818 2699 χρήμασι
873 2625 973 2689 τὰς
1022 2624 1257 2689 σπονδὰς
1312 2624 1758 2695 σφετερίσασθαι,

184 2720 454 2790 Μεϐὡδην
486 2718 579 2772 τὸν
606 2718 895 2789 σατράπην
918 2716 994 2781 ὡς
1018 2717 1110 2770 τδν
1140 2716 1449 2787 στρατηγὸν
1503 2717 1761 2770 ἀποστεί-

184 2814 400 2877 λαντες.
429 2810 540 2866 Καὶ
573 2810 665 2864 οὖν
697 2804 799 2882 ἦκε
829 2809 1093 2879 Μεϐὡδης
1120 2810 1148 2862 6
1192 2809 1412 2880 Πέρσης
1438 2809 1591 2881 παρά
1634 2811 1762 2873 τοὺς

197 2903 532 2975 Ῥωμαίους,
586 2902 683 2955 καὶ
718 2904 745 2954 6
791 2901 1094 2973 στρατηγὸς
1147 2900 1446 2972 ἐκκλησίαν
1485 2900 1759 2966 ἐκάθισεν,

184 2997 265 3059 ὡς
299 2994 490 3048 ἐαυτὸν
531 2992 1036 3064 συγκαλεσάμενος,
1070 2993 1196 3055 τοὺς
1245 2992 1645 3063 ταγματάρχας
1670 2994 1764 3046 καὶ

185 3085 456 3155 λοχαγοὺς
490 3082 859 3146 ὑπασπιστὰς,
893 3082 990 3136 καὶ
1046 3082 1149 3152 τῆς
1183 3082 1425 3153 μαχίμου
1478 3082 1766 3151 δυνάμεως

185 3178 252 3230 τὸ
268 3175 697 3247 ἐμφανέστερονο
729 3173 967 3245 ὁπηνίκα
987 3173 1032 3229 δ’
1054 3175 1082 3228 6
1107 3173 1364 3240 σύλλογος
1381 3172 1762 3242 ἐπεπλήρωτο,

189 3270 223 3323 6
248 3270 467 3338 Πέρσης
495 3267 663 3322 τῶνδε
695 3266 805 3321 τῶν
828 3266 1004 3334 λόγων
1041 3264 1346 3336 ἀπήρξατο.

761 3380 1180 3434 ΔΗΜΗΓΟΡΙΑ.

269 3492 492 3563 Ἄνδρες
521 3491 792 3563 πολέμιοι,
839 3492 914 3563 μὴ
944 3490 1258 3561 ταραττέτω
1280 3491 1335 3545 δέ
1371 3491 1500 3556 τοὺς
1536 3491 1763 3545 ἁκούονο

1867 2349 2014 2419 regia
2060 2349 2192 2404 urbe
2244 2347 2522 2417 profectus
2571 2348 2819 2403 Amidam
2870 2351 3037 2405 venit.
3088 2350 3438 2423 Legationem

1864 2442 2087 2495 mittunt
2123 2440 2320 2505 Persae,
2347 2449 2405 2495 ut
2433 2439 2601 2495 certis
2629 2440 2827 2511 quippe
2855 2443 3253 2499 conditionibus
3274 2445 3441 2513 depo-

1866 2539 2087 2586 neretur
2117 2531 2314 2586 bellum
2352 2547 2367 2585 :
2397 2537 2672 2601 petierunt
2713 2547 2947 2605 namque
2987 2549 3017 2588 a
3053 2532 3348 2601 Romanis,
3382 2545 3443 2590 ut

1862 2624 2087 2691 pecunia
2118 2638 2305 2692 pacem
2328 2633 2592 2691 emerent,
2627 2624 2854 2680 Mebode
2884 2633 3102 2696 satrapa
3141 2626 3207 2681 ad
3247 2625 3440 2679 ducem

1864 2712 2130 2782 ablegato.
2170 2712 2332 2769 Venit
2359 2728 2489 2783 ergo
2538 2713 2609 2769 ad
2651 2713 2927 2769 Romanos
2968 2712 3222 2769 Mebodes
3252 2712 3440 2773 Persa,

1864 2817 1930 2858 ac
1964 2804 2261 2873 imperator
2307 2804 2582 2859 exercitus
2612 2804 2874 2859 concione
2905 2811 3093 2859 coacta
3113 2839 3131 2869 ,
3163 2802 3232 2858 ad
3263 2802 3441 2874 ipsum

1867 2896 2214 2962 audiendum,
2245 2896 2494 2951 ordinum
2526 2897 2796 2960 ductores,
2827 2910 2893 2951 ac
2926 2896 3171 2952 tribunos
3195 2905 3253 2952 et
3293 2895 3447 2951 auxi-

1866 2988 2071 3053 liares,
2119 2987 2466 3058 reliquosque
2513 2987 2654 3043 inter
2695 2987 2896 3044 milites
2937 2988 3263 3044 illustriores
3308 3003 3442 3043 con-

1866 3087 2044 3143 vocat,
2087 3094 2196 3149 qua
2235 3079 2461 3135 collecta
2494 3077 2780 3146 concione,
2820 3077 2987 3136 Persa
3028 3083 3083 3135 in
3122 3081 3238 3135 haec
3274 3079 3446 3136 verba

1867 3183 2025 3225 OI'SUS
2053 3180 2157 3226 εει.

2522 3370 2792 3428 CONCIO.

1941 3482 2052 3537 Viri
2084 3483 2348 3549 bellicosi,
2374 3497 2441 3539 ne
2470 3498 2599 3541 vero
2624 3498 2720 3539 vos
2740 3484 3011 3554 percutiat
3037 3484 3320 3542 audientes
3342 3487 3446 3542 hoc

193 3600 291 3646 τας
340 3582 436 3634 τοῦ
464 3581 803 3654 πρεσϐευτοῦ
826 3582 888 3635 τὸ
909 3581 1218 3653 προοίμιον.
1255 3582 1317 3636 Et
1346 3582 1455 3654 γάρ
1487 3581 1587 3645 τὰς
1618 3579 1763 3651 γνώ-

1873 3574 2027 3646 lcgati
2059 3576 2405 3645 prommium.
2453 3576 2510 3632 Si
2552 3578 2694 3632 enim
2740 3577 3040 3634 sententias
3081 3578 3447 3645 mutaveritis,

198 3690 305 3742 μας
335 3671 627 3743 ἀμείψητε,
680 3672 997 3743 μεταλλάξω
1031 3672 1185 3740 κάγὼ
1228 3673 1328 3744 τὴν
1377 3671 1762 3743 προφὼνησιν,

194 3764 455 3818 ὁπλίσατε
500 3764 601 3835 τὴν
630 3765 858 3834 εἰρήνην
907 3764 1450 3836 ἀποχειροτονοῦντες
1479 3765 1571 3817 τὸν
1600 3765 1765 3819 πόλε-

200 3870 333 3924 μον’
362 3853 490 3924 δόρυ
538 3855 634 3906 καὶ
664 3851 839 3923 ξίφος,
874 3852 949 3916 ὡς
1004 3853 1355 3923 γεγηρακότα
1400 3853 1764 3925 χαιρέτωσαν.

199 3947 312 4001 Καὶ
342 3944 712 4017 στρατεύσατε
742 3944 978 4015 σύριγγα
1014 3946 1187 4015 πρᾷον
1217 3944 1352 4015 ὁμοῦ
1384 3946 1481 3999 καὶ
1518 3961 1768 4015 ποιμενι-

197 4037 295 4092 κὸν
329 4036 726 4109 περιλαλοῦσαν
781 4038 1101 4108 τερέτισμα.
1140 4035 1200 4090 Ὀ
1233 4036 1458 4108 Περσῶν
1514 4037 1769 4108 βασιλεὺς

194 4130 299 4213 τῇς
322 4131 545 4201 εἰρήνης
562 4131 709 4183 ἐστὶν
737 4131 975 4200 ἐραστὴς
994 4169 1011 4195 ,
1040 4129 1134 4182 καὶ
1157 4128 1479 4202 σεμνύνεται
1499 4128 1768 4184 ἀπεκδυό-

202 4237 364 4289 μενος
400 4221 535 4290 πρὸς
561 4220 652 4273 τδν
671 4219 929 4287 πόλεμον.
960 4216 1247 4274 Βασιλικὸν
1275 4220 1387 4289 γάρ
1426 4219 1460 4289 ἡ
1484 4220 1582 4290 τῆς
1613 4221 1770 4290 είρὴ-

198 4328 295 4381 νης
321 4311 606 4382 ἀρέσκεια,
638 4310 713 4373 ὡς
742 4311 834 4363 κα)⁵
869 4309 1149 4380 τυράννων
1178 4308 1307 4362 ίδιον
1340 4308 1400 4361 τὸ
1443 4309 1766 4376 φιλόνεικον.

204 4403 435 4474 Ἀνδρες
495 4403 605 4456 τῶν
657 4402 837 4456 αὐτῶν
904 4401 1245 4472 παθημάτων
1292 4404 1428 4472 ἡμῖν
1490 4399 1764 4456 κοινωνοί’

206 4493 443 4564 μεινάτω
488 4494 597 4547 τῶν
648 4496 866 4548 πάντων
904 4494 933 4546 6
965 4494 1203 4562 πόλεμος
1259 4493 1419 4562 μόνος
1446 4492 1765 4563 ἀκόρεστος.

198 4587 405 4656 Δῖματι
430 4586 529 4657 τὴν
568 4586 671 4656 γῆν
704 4587 1011 4657 ἐμιάναμεν
1034 4602 1049 4617 ·
1087 4584 1346 4649 πολλάκις
1403 4585 1493 4639 τὸν
1543 4586 1770 4639 θάνατον

199 4679 590 4751 ἱστορήσαμεν.
614 4679 911 4750 Ζωγράφος
942 4678 1050 4748 γὰρ
1080 4675 1177 4730 τοῦ
1198 4677 1427 4730 θανάτου
1454 4679 1483 4730 6
1504 4676 1736 4745 πόλεμος
1755 4691 1769 4706 ⁶

196 4767 311 4837 ἐγὼ
344 4770 401 4823 δέ
433 4787 577 4840 φημι
619 4771 714 4824 καὶ
760 4770 1066 4841 ἀρχέτυπον
1109 4770 1202 4824 καὶ
1255 4770 1364 4823 τῶν
1415 4769 1773 4840 ἀνθρωπίνων

196 4862 389 4914 κακῶν
449 4861 763 4933 ἀρχηγέτης
834 4862 927 4913 καὶ
983 4859 1303 4923 διδάσκαλος
1367 4859 1770 4924 αὐτοδίδακτος.

1868 3669 2087 3723 mutabo
2117 3677 2172 3722 et
2196 3684 2296 3738 ego
2332 3669 2821 3726 denuntiationem.
2864 3670 3105 3727 Excolite
3128 3687 3317 3742 pacem
3353 3672 3448 3727 de-

1869 3759 2046 3828 posito
2078 3759 2239 3824 bello,
2272 3760 2551 3829 hastaeque
2589 3769 2644 3815 et
2689 3761 2900 3832 gladius
2926 3770 2986 3815 ut
3022 3762 3305 3831 antiquata
3351 3778 3449 3817 va-

1867 3851 2033 3918 leant,
2080 3860 2134 3907 et
2170 3866 2269 3922 pro
2310 3852 2503 3906 militia
2537 3854 2714 3923 capite
2759 3853 2993 3908 ﬁstulam
3039 3852 3160 3909 lene
3206 3853 3366 3909 simul
3395 3864 3452 3909 et

1867 3944 2138 4016 pastorale
2185 3953 2469 4001 canentem
2519 3945 2709 3999 melos.
2766 3943 3054 4000 Persarum
3112 3960 3209 4000 rex
3258 3960 3452 4002 amans

1868 4037 2019 4107 pacis
2050 4045 2154 4099 est,
2190 4037 2341 4092 cultu
2380 4045 2607 4093 ornatur
2650 4036 2898 4107 aptiore,
2954 4051 3060 4092 non
3110 4039 3451 4095 ornamentis

1867 4126 2096 4183 bellicis.
2121 4126 2287 4198 Regia
2318 4127 2464 4183 enim
2501 4136 2587 4183 est
2622 4126 2773 4197 pacis
2799 4126 3121 4196 placiditas.
3166 4127 3324 4183 sicuti
3361 4135 3451 4200 ty-

1869 4234 2166 4275 rannorum
2215 4218 2434 4290 propria
2470 4218 2763 4274 discordia.
2802 4215 2918 4273 Viri
2961 4218 3053 4289 qui
3084 4218 3219 4274 estis
3258 4220 3449 4274 eodem

1870 4311 2031 4367 modo
2083 4311 2362 4367 nobiscum
2411 4309 2611 4375 all'ecti,
2655 4309 2992 4379 relinquatur
3028 4309 3226 4365 bellum
3275 4311 3451 4366 solum

1869 4404 2120 4461 omnibus
2144 4403 2308 4459 rebus
2339 4403 2681 4473 inexplebile.
2715 4402 2991 4471 Sanguine
3017 4410 3214 4456 terram
3256 4402 3451 4472 pollui-

1870 4512 2011 4562 mus,
2040 4511 2182 4566 ξιξερο
2226 4504 2454 4551 mortem
2484 4495 2725 4550 vidimus
2753 4533 2768 4559 ,
2814 4501 3043 4549 mortem
3076 4492 3230 4562 cuius
3278 4495 3453 4563 pictor

1869 4599 1953 4646 est
1979 4588 2201 4655 bellum,
2236 4603 2337 4659 ego
2358 4602 2488 4643 vero
2516 4586 2640 4643 dico
2664 4586 2827 4643 etiam
2857 4585 3210 4658 archetypum
3231 4628 3247 4653 ,
3277 4596 3330 4641 et
3355 4587 3455 4641 hu-

1871 4694 2153 4735 manorum
2198 4678 2461 4735 malorum
2501 4689 2696 4734 auctor
2745 4688 2801 4735 et
2858 4678 3117 4748 magister
3153 4692 3249 4749 per
3297 4692 3354 4733 se
3401 4689 3457 4732 ct

1872 4778 2066 4823 natura
2099 4783 2218 4824 sua.
2245 4767 2537 4824 Pecuniam
2581 4775 2729 4823 amat
2772 4767 2996 4839 aliquis,
3029 4769 3122 4823 sed
3165 4770 3359 4839 opibus
3400 4778 3458 4823 ct

1873 4871 2193 4933 paupertate
2234 4862 2493 4928 ludimur,
2536 4864 2828 4934 aliquando
2858 4863 3008 4927 victi,
3044 4865 3322 4917 vincentes
3357 4861 3458 4915 ali-

195 4954 513 5023 Χρημάτων
547 4954 650 5025 ἐρᾷ
671 4953 776 5025 [τις
801 4952 843 5024 'j
870 4951 1004 5006 ἀλλά
1034 4952 1252 5023 πλούτῳ
1300 4953 1395 5007 καὶ
1425 4952 1586 5022 πενίᾳ
1613 4951 1767 5020 γεγόι

1877 4955 2115 5022 quando,
2147 4963 2203 5009 et
2226 4954 2416 5023 jactati
2451 4951 2616 5008 simul
2646 4966 2768 5008 cum
2800 4952 2926 5009 belli
2957 4951 3177 5007 fortuna
3208 4951 3453 5020 ancipiti,

197 5064 373 5117 ναμεν
392 5048 665 5116 παίγνιον,
686 5046 812 5100 ποτέ
838 5048 935 5117 μὲν
952 5046 1301 5116 κρατοῦντες,
1320 5047 1450 5101 ποτὲ
1466 5046 1524 5101 δὲ
1542 5044 1778 5118 κρατού-

198 5157 354 5211 μενοι
381 5140 476 5192 καὶ
502 5136 1073 5209 συμμεταϐαλλόμενοι
1105 5139 1225 5201 ταῖς
1253 5137 1346 5192 τοῦ
1385 5138 1624 5208 πολέμου
1650 5154 1775 5206 τρο-

197 5236 353 5297 παῖς,
406 5232 576 5286 ἀΐδιον
614 5231 806 5302 ὥσπερ
846 5231 946 5302 τὴν
1009 5232 1315 5301 μεταϐολὴν
1357 5230 1773 5301 ἐκαρπούμεθα.

207 5326 422 5396 Ἕκόμα
444 5342 528 5388 τις
565 5324 674 5378 τῶν
698 5325 966 5396 ἀριστέων
995 5323 1181 5395 χρυσῷ
1203 5339 1216 5354 ·
1271 5324 1409 5395 μετά
1445 5326 1542 5394 τῆς
1584 5323 1777 5394 ἡδονῆς

198 5417 301 5487 τὴν
328 5416 583 5471 ἀπιστίαν
632 5416 926 5484 ἐκέκτητοσ
965 5415 1019 5468 τί
1062 5415 1169 5485 γάρ
1200 5415 1556 5485 ἀπιστότερον
1586 5416 1643 5467 ἐν
1678 5430 1776 5466 πο-

200 5508 356 5577 λέμῳ
402 5507 721 5578 χρημάτων,
766 5505 1001 5577 ,ἀμέσως
1034 5504 1478 5575 μετατιθεμένων
1505 5506 1563 5567 ἐς
1590 5502 1771 5567 ἄλλον,

203 5599 299 5654 καὶ
323 5600 487 5655 πάλιν
511 5598 572 5664 ἐξ
594 5599 805 5651 ἐκείνου
825 5598 904 5660 είς
926 5597 1113 5667 ἕτερον
1131 5613 1145 5627 ·
1179 5597 1253 5660 ὡς
1279 5596 1619 5669 ἐγρηγορότα
1656 5596 1779 5667 βλέ-

519 5696 794 5757 ΡΑτιιοι..
827 5694 945 5757 Gn.
979 5693 1205 5758 CXIII.

1884 5056 2199 5117 perpetuam
2236 5044 2393 5119 183
2423 5049 2579 5119 quasi
2608 5046 2995 5103 volutationem
3042 5045 3302 5116 patimur.
3354 5044 3459 5099 Su-

1883 5138 2062 5209 perbit
2089 5141 2227 5194 alius
2254 5154 2387 5195 auro
2433 5140 2765 5212 principum,
2811 5155 2933 5194 cum
2962 5137 3238 5206 voluptate
3285 5137 3461 5205 possi-

1884 5234 1973 5288 det
1998 5232 2303 5301 pertidiam,
2332 5230 2460 5302 quid
2500 5230 2643 5286 enim
2677 5230 2732 5284 in
2763 5228 2907 5285 bello
2946 5228 3120 5299 magis
3172 5234 3255 5281 est
3297 5225 3461 5295 perfi-

1884 5325 2009 5378 dum
2039 5323 2307 5394 pecunia?
2352 5323 2553 5393 absque
2579 5321 2891 5377 discrimine
2920 5319 3161 5376 defertur
3190 5317 3259 5372 ab
3284 5316 3461 5371 ilload

1882 5416 2067 5482 alium,
2094 5425 2150 5471 et
2177 5415 2245 5469 ab
2267 5415 2372 5471 alio
2398 5429 2590 5471 rursus
2620 5413 2686 5469 ad
2714 5413 2902 5477 alium,
2936 5411 3090 5483 quasi
3121 5411 3168 5466 si
3195 5408 3458 5481 evigilans

1884 5504 2157 5559 somnium
2182 5542 2196 5568 ,
2230 5504 2372 5573 quod
2414 5502 2803 5567 somniaveris,
2832 5502 3048 5569 videas,
3082 5509 3176 5556 aut
3204 5498 3289 5555 die
3335 5512 3459 5553 cras

1892 5599 2002 5653 tino
2031 5598 2263 5662 crapula:
2307 5596 2621 5654 memineris
2656 5596 2941 5651 hesternae.
2972 5592 3083 5651 Vos
3106 5593 3260 5661 olim,
3287 5606 3323 5652 ο
3352 5590 3462 5648 Ro-

3037 5691 3116 5754 30
