4012 6214
334 187 432 255 941

1106 186 1204 250 DE
1244 187 1812 251 LEGATIONIBUS
1845 188 2198 257 GENTIUM
2238 193 2336 253 AD
2372 193 2754 257 ROMANOS.

3474 205 3582 269 9l2

399 309 523 361 Ὅτι
574 305 823 374 Χοσρόης
866 306 892 358 ὁ
941 306 1167 376 Περσῶν
1212 310 1469 379 βασιλεὺς
1499 311 1779 381 ἡττηθεὶς,
1807 315 1903 367 καὶ

2084 315 2239 382 Quod
2286 314 2531 370 Choroes
2581 312 2828 369 devictus
2873 321 2926 366 et
2984 313 3195 384 fugatus
3252 332 3279 370 a
3334 316 3582 383 Baramo.

320 396 679 467 ἁποδιωχθεὶς
714 396 868 467 παρὰ
924 397 1144 469 Βαράμ.
1201 403 1292 454 καὶ
1342 405 1443 471 τῆς
1477 403 1756 472 βασιλείας
1806 406 1899 461 ὲκ-

320 488 522 555 πεσὼν,
555 488 649 541 καὶ
681 487 813 542 δέκα
843 490 1095 558 σημείοις
1151 492 1389 562 ἐχόμενα
1437 494 1531 547 τοῦ
1561 496 1897 567 Κιρκηνσίου

320 582 418 646 τῆς
449 580 659 643 πόλεως
693 579 1181 650 ἀγραυλιζόμενος,
1219 584 1577 650 ἀπεκπέμπει
1606 587 1895 655 ἀγγέλους,

319 668 652 740 παραδηλῶν
681 670 782 738 τὴν
807 667 1015 737 ἄφιξιν,
1049 671 1145 723 καὶ
1179 671 1279 742 τὴν
1306 673 1363 735 ἐς
1395 673 1487 725 τὸν
1517 676 1774 747 Καίσαρα
1800 694 1897 731 κα-

318 761 590 831 ταφυγὴν,
621 760 721 829 τήν
764 776 825 812 τε
852 762 909 823 ἐς
934 760 1004 813 τὰ
1062 763 1200 815 οἴκοι
1242 763 1466 817 κάθοδον
1490 763 1892 837 ἐξαιτούμενος,

317 854 474 923 ἠξίου
509 852 859 925 συμμαχικὸν
892 852 1003 906 ἀπὸ
1032 853 1321 923 Ῥωμαίων
1350 855 1695 910 ἀποίσεσθαι.
1721 858 1895 931 Τρίτῃ

320 947 453 1016 γοῦν
487 948 702 1017 φυλακῇ
726 946 826 1017 τῆς
862 945 1060 1008 νυκτὸς
1089 946 1186 1000 καὶ
1213 948 1434 1016 ἄγγελοι
1457 948 1595 1016 πρὸς
1620 951 1740 1013 ταῖς
1794 950 1896 1003 πύ-

318 1038 439 1099 λαις
461 1036 769 1108 ἐχώρησαν.
799 1036 1019 1106 Ἐπειδὴ
1057 1039 1169 1103 τοῖς
1198 1037 1510 1109 πυλωροῦσι
1549 1038 1619 1093 τὰ
1649 1038 1742 1093 τοῦ
1773 1040 1892 1110 χίου

318 1128 727 1196 διεξοδευόμενα
766 1125 871 1179 ὑπὸ
898 1126 1179 1197 πρέσὸεων
1215 1126 1612 1199 διεγνωρίζετο,
1646 1127 1750 1181 ὑπὸ
1799 1128 1893 1183 τὸν

316 1220 561 1289 ἡγεμόνα
599 1219 794 1272 θᾶττον
847 1218 947 1288 τῆς
1002 1218 1209 1281 πόλεως
1252 1220 1302 1274 οἱ
1344 1220 1445 1291 τὴν
1493 1221 1744 1291 φρουρὰν
1783 1221 1892 1276 τῶν

318 1311 504 1365 πυλῶν
533 1310 986 1381 ἐγχειρισθέντες,
1015 1313 1296 1382 προῖεσαν,
1320 1314 1398 1382 τῷ
1430 1330 1486 1366 τε
1514 1314 1741 1382 ἡγεμόνι
1771 1330 1894 1369 συν-

314 1403 471 1455 τόνου
502 1402 741 1473 σπουδῆς
771 1402 869 1473 τὴν
896 1402 1250 1472 περιπέτειαν
1296 1404 1638 1459 ἀνετίθεσαν.
1699 1405 1790 1473 Τῷ
1834 1404 1891 1457 δὲ

316 1493 639 1564 φρουράρχῃ
671 1490 737 1563 ἦν
766 1494 873 1564 ἄρα
903 1492 1110 1563 Πρόϐος
1163 1494 1355 1564 ὄνομα.
1396 1496 1453 1548 '0
1487 1496 1585 1565 μὲν
1628 1496 1722 1551 οὖν
1754 1497 1892 1568 Πρό-

314 1586 409 1647 60;
455 1585 515 1648 ἐξ
544 1584 767 1638 ἑωθινοῦ
798 1585 889 1637 τὸν
916 1585 1166 1657 Χοσρόην
1200 1586 1336 1656 πρὸς
1362 1586 1422 1641 τὸ
1452 1587 1607 1641 ’ἄστυ
1638 1589 1850 1657 εἰσάγει
1872 1604 1887 1618 ⁸

2005 421 2281 476 regnoque
2327 405 2537 475 cjeclns
2568 442 2586 470 ,
2636 414 2690 459 et
2736 402 2877 459 infra
2939 406 3207 467 decimum
3269 409 3500 477 lapidem
3555 429 3587 468 a

2003 496 2286 553 Circensio
2324 497 2424 551 sub
2465 496 2555 551 die
2607 496 2659 549 in
2706 509 2837 564 agro
2866 504 3100 551 metatus
3126 498 3371 553 nuntium
3399 515 3586 555 aman-

2001 588 2181 655 davit,
2231 589 2522 647 adventum
2568 586 2919 655 significans,
2988 586 3342 655 fortunasque
3393 606 3584 645 recen-

2005 690 2116 742 tes,
2166 688 2219 734 et
2263 678 2531 751 refugium
2578 678 2645 734 ad
2689 677 2977 743 Caesarem,
3023 691 3438 750 commeatuque
3484 682 3585 737 do-

2003 786 2147 825 mum
2179 769 2470 838 postulato,
2509 768 2710 825 auxilia
2744 784 2772 823 a
2818 769 3076 824 Romanis
3120 770 3345 839 expetit.
3398 771 3582 826 Tertia

2000 876 2129 918 vero
2157 860 2334 931 vigilia
2371 863 2545 915 noctis
2576 862 2747 916 nuntii
2782 861 2850 915 ad
2884 868 3069 930 portas
3096 862 3455 925 advenerunt,
3488 863 3582 932 qui

1998 968 2121 1008 cum
2152 953 2221 1007 de
2261 952 2457 1020 quibus
2489 954 2670 1008 causis
2700 955 2968 1019 venirent,
3018 955 3195 1009 edocti
3228 964 3414 1011 essent
3453 972 3583 1021 por-

2011 1054 2079 1100 ta:
2110 1043 2395 1106 custodes,
2430 1043 2495 1095 ad
2528 1043 2838 1110 praefectum
2869 1044 3122 1099 celeriter
3154 1044 3307 1101 urbis
3336 1045 3581 1106 mittunt,

1994 1136 2033 1190 ii
2088 1149 2318 1203 quorum
2374 1142 2652 1203 portarum
2702 1144 2819 1187 erat
2877 1137 3157 1202 custodia,
3213 1134 3582 1205 praefeCtoque

1993 1235 2108 1282 iam
2142 1227 2434 1289 insperatae
2463 1222 2830 1277 festinationis
2856 1238 3073 1279 causam
3109 1237 3407 1295 exponunt.
3436 1226 3583 1280 Prae-

1994 1314 2232 1370 sidiariae
2270 1324 2381 1367 tum
2414 1312 2653 1368 cohortis
2686 1311 2941 1381 praefecto
2978 1327 3171 1367 nomen
3220 1324 3339 1369 crat
3378 1315 3578 1371 Probo.

1992 1420 2164 1477 quare
2188 1404 2398 1461 Probus
2430 1404 2495 1459 de
2516 1419 2677 1459 niane
2703 1404 3076 1460 intromissum
3105 1406 3158 1459 in
3188 1406 3375 1461 urbem
3403 1406 3578 1460 Chos-

1996 1512 2150 1561 roen,
2186 1496 2496 1552 humaniter
2523 1506 2579 1551 et
2610 1496 2871 1551 benevole
2907 1500 3145 1568 excepit,
3178 1498 3231 1553 in
3264 1500 3580 1555 mulieribus

1996 1588 2123 1643 item
2184 1587 2339 1655 ejus,
2393 1588 2680 1647 subrumos
2726 1589 2978 1657 puerulos
3027 1591 3365 1659 gestantibus
3416 1592 3580 1646 nimis

310 1675 579 1748 δεξιότητι
602 1677 659 1730 δὲ
714 1678 807 1730 καὶ
836 1677 1205 1748 φιλοφροσύνῃ
1235 1679 1424 1733 τοῦτον
1454 1680 1679 1746 ἐξένιζε.
1718 1656 1797 1735 Τά
1824 1680 1881 1733 δὲ

1990 1695 2150 1751 quam
2180 1681 2411 1735 maxima
2437 1656 2948 1745 humanitate‘usus,
2974 1656 3351 1737 defensoribus
3363 1698 3579 1754 quoque

310 1770 502 1821 τούτου
558 1767 757 1837 γύναια
814 1769 1009 1832 παῖδας
1064 1770 1402 1839 ὑπομαζίους
1462 1772 1877 1843 περιαγόμενα,

310 1859 431 1913 λίαν
464 1864 543 1925 είς
575 1862 645 1916 τὰ
697 1862 933 1933 μάλιστα
995 1863 1410 1933 φιλανθρωπίας
1442 1863 1624 1934 ἠξίου’
1659 1862 1785 1927 τούς
1824 1881 1881 1917 τε

311 1954 664 2019 ὑπασπιστάς
709 1955 807 2008 καὶ
856 1955 1187 2028 περιπόλους
1243 1955 1609 2026 τριάκοντα...
1672 1957 1764 2027 ρία
1803 1955 1884 2023 τῷ

311 2046 530 2120 Χοσρόῃ
555 2046 823 2118 ὑπῆρχον.
858 2042 931 2101 Εὖ
965 2048 1138 2101 ἐποίει
1189 2047 1369 2119 κάρτα
1425 2048 1704 2112 ἐπιεικῶς.
1756 2050 1885 2102 Δευ-

311 2136 454 2207 τέρᾳ¹
484 2137 541 2190 δὲ
564 2137 747 2209 ἡμέρᾳ
779 2138 873 2192 καὶ
899 2138 1149 2209 Χοσρόης
1180 2139 1364 2210 ἐζήτει
1392 2138 1483 2192 τὸν
1539 2138 1749 2209 Πρόδον
1793 2138 1884 2192 διὰ

315 2230 645 2299 γράμματος
689 2229 975 2300 πρέσϐεων
1027 2232 1176 2303 παρά
1204 2231 1296 2285 τὸν
1327 2230 1602 2302 Καίσαρα.
1637 2231 1746 2285 Καὶ
1794 2231 1885 2299 έγ-

314 2318 563 2389 χαράξας
590 2319 891 2389 βασιλείους
926 2320 1157 2390 κεραίας
1201 2319 1292 2374 διὰ
1346 2320 1560 2391 Πρόϐου
1591 2319 1668 2390 τῷ
1726 2321 1885 2374 αὐτο-

313 2412 543 2481 κράτορι
595 2411 832 2465 ἔστελλε.
886 2413 965 2483 Τῇ
997 2412 1056 2465 δὲ
1099 2411 1365 2483 ὑστεραίᾳ
1400 2413 1753 2482 Κομεντιόλῳ
1808 2410 1886 2481 τῷ

315 2502 612 2574 στρατηγῷ
639 2502 779 2556 κατά
814 2502 913 2574 τὴν
942 2504 1095 2573 ἱεράν
1122 2503 1277 2558 πόλιν
1302 2501 1693 2573 ὲνδιατρίὸοντι
1717 2504 1886 2561 κατά-

309 2594 470 2664 δηλον
486 2594 585 2665 τὴν
610 2595 702 2648 τοῦ
721 2596 959 2664 Χοσρόου
988 2595 1109 2666 ὲνδη
1121 2595 1250 2665 μίαν
1282 2597 1311 2648 ὁ
1329 2593 1538 2664 Πρόΰος
1566 2595 1883 2665 πεποίηται,

312 2687 536 2758 πέμψας
598 2689 655 2751 ές
700 2688 867 2742 αὑτὸν
898 2688 993 2742 καὶ⁸
1032 2692 1105 2744 τὰ
1136 2688 1288 2757 παρὰ
1339 2689 1581 2760 Χοσρόου
1626 2690 1685 2742 ὲν
1733 2688 1891 2756 ἀξιῶ·

313 2795 397 2832 σει
421 2780 786 2851 γεγραμμένα
812 2780 890 2851 τῷ
913 2780 1176 2851 Καίσαρι.
1214 2782 1271 2834 '0
1301 2780 1359 2833 δὲ
1390 2780 1748 2850 Κομεντίολος
1776 2782 1885 2835 τῶν

312 2873 416 2926 ὑπὸ
437 2871 531 2926 τοῦ
562 2872 778 2943 Πρόὸου
806 2872 1252 2942 διαγνωσθέντων
1274 2872 1421 2943 αὐτῷ
1447 2873 1587 2926 κατὰ
1614 2873 1713 2945 τὴν
1732 2872 1884 2944 ίεράν

1986 1783 2040 1829 et
2062 1772 2435 1842 stipatoribus,
2459 1786 2686 1841 quorum
2726 1772 2943 1843 triginta
2978 1772 3117 1829 forte
3139 1784 3295 1828 erant
3318 1774 3572 1835 Chosroi.

1986 1866 2124 1921 bona
2156 1864 2327 1919 multa
2380 1862 2510 1920 fecit
2544 1863 2698 1919 valde
2731 1864 2923 1921 amice.
2970 1863 3156 1919 Altera
3201 1865 3287 1921 die
3337 1863 3572 1921 Probum

1985 1952 2237 2025 quaesivit
2259 1952 2531 2009 Chosroes
2558 1966 2656 2021 per
2682 1952 2898 2010 litteras
2922 1953 3141 2011 mittens
3175 1953 3241 2009 ad
3272 1952 3568 2020 Caesarem,

1985 2054 2194 2101 etcum
2251 2050 2533 2099 curasset
2578 2041 2812 2113 sigillum
2852 2043 3061 2113 regium
3095 2058 3192 2114 per
3223 2043 3453 2100 Probum
3503 2043 3573 2101 ad

1986 2137 2365 2205 imperatorem
2411 2133 2579 2190 dedit.
2629 2132 2921 2191 Postcriori
2970 2148 3100 2190 vero
3144 2135 3231 2191 die
3263 2134 3572 2189 Comentio-

1986 2230 2095 2285 lum
2155 2231 2345 2285 ducem
2404 2226 2675 2297 Hierapoli
2740 2236 3205 2303 commorantem,
3279 2227 3569 2283 certiorem

1988 2322 2114 2375 fecit
2144 2321 2209 2375 de
2255 2319 2539 2388 praesentia
2586 2317 2862 2382 Chosrois,
2898 2317 3081 2372 missis
3111 2319 3177 2372 ad
3220 2331 3343 2373 eum
3386 2317 3567 2372 simul.

1987 2428 2107 2484 qua:
2131 2410 2402 2466 Chosroes
2423 2425 2545 2466 cum
2579 2410 2782 2464 honore
2812 2408 3183 2483 dignitateque
3206 2408 3275 2462 ad
3299 2406 3569 2463 Caesarem

1987 2504 2404 2576 perscripserat.
2458 2500 2876 2568 Comentiolus,
2935 2515 3056 2571 quae
3105 2499 3208 2555 sibi
3263 2497 3567 2568 signiﬁcata

1987 2605 2143 2653 erant
2170 2594 2442 2665 Hierapoli
2472 2608 2500 2648 a
2547 2593 2758 2660 Probo,
2811 2608 2908 2663 per
2951 2593 3157 2648 celeres
3187 2606 3463 2647 cursorum
3501 2588 3567 2642 ad

1988 2689 2258 2746 (ἔπεσι-ειη
2326 2687 2541 2742 curavit
2586 2685 2948 2755 perferenda,
3016 2684 3213 2755 quibus
3272 2683 3568 2753 imperattr

1988 2780 2282 2837 Mauricius
2316 2779 2536 2844 auditis,
2563 2777 2822 2842 subrisit,
2868 2785 2920 2831 et
2957 2775 3023 2830 de
3069 2774 3278 2830 meliori
3325 2773 3428 2828 sibi
3472 2784 3569 2841 spe

1990 2873 2312 2943 gratulatus,
2358 2869 2728 2940 detractisque
2780 2868 2947 2938 signis
2993 2866 3227 2922 Persicis
3276 2879 3339 2920 ea
3375 2864 3562 2928 etiam,

313 2966 466 3020 πόλιν
492 2969 604 3029 τοῖς
635 2963 1072 3035 ταχυδρομοῦσιν
1097 2964 1329 3033 ἄγγελον
1359 2964 1647 3034 παρεδίδου
1685 2962 1884 3034 ἥξοντα

1991 2981 2109 3035 (ποτε
2140 2965 2290 3020 intus
2316 2971 2535 3018 exarata
2566 2970 2744 3027 erant,
2794 2960 2971 3031 legere
2994 2960 3190 3031 sategit
3230 2967 3285 3013 et
3338 2972 3567 3029 cognos«

313 3060 392 3123 είς
442 3057 688 3128 βασιλέα.
734 3057 794 3111 '0
824 3057 868 3109 δ’
918 3055 1274 3125 αὐτοκράτωρ
1321 3055 1649 3126 Μαυρίκιος,
1680 3053 1885 3107 τούτων

1990 3072 2133 3112 cere.
2167 3054 2411 3123 Dignilas
2443 3068 2570 3109 vero
2597 3051 2770 3119 Perse,
2802 3067 2908 3122 qua
2942 3065 3124 3120 regem
3152 3049 3478 3120 appellabat,
3512 3049 3564 3103 in

314 3150 587 3220 ἀκηκοὼς,
619 3149 1042 3220 περιγάννυται,
1080 3147 1174 3201 καὶ
1207 3150 1328 3212 ταῖς
1356 3148 1665 3218 κρείττοσιν
1702 3146 1885 3201 ἐλπίσι

312 3245 625 3314 κατάκομος
653 3237 745 3314 ἦν.
775 3239 858 3294 Τά
888 3257 947 3293 τε
993 3241 1284 3313 σήμαντρα
1336 3239 1409 3293 τὰ
1444 3239 1687 3307 Περσικὰ
1732 3255 1886 3308 περι-

311 3336 569 3404 ελόμενος
598 3336 627 3388 ὃ
654 3350 707 3387 τι
748 3333 813 3387 ἂν
842 3332 938 3386 καὶ
962 3335 1082 3394 ταῖς
1114 3330 1322 3392 δέλτοις
1352 3331 1773 3401 ἑνεκεχάρακτο,
1797 3330 1880 3384 δι-

1976 3148 2078 3203 .his
2109 3156 2225 3203 erat
2267 3147 2519 3215 maxime.
2562 3144 2796 3213 Alloquii
2836 3145 2982 3198 enim
3015 3156 3282 3213 opponam
3335 3141 3567 3210 legatlo~

1987 3252 2111 3293 nem
2142 3251 2246 3292 non
2281 3235 2511 3288 fucatam
2540 3234 2742 3297 verbis,
2773 3242 2830 3287 ut
2859 3233 3096 3288 ruditate
3123 3231 3388 3286 orationis
3412 3245 3563 3285 men~

1989 3336 2093 3381 tem
2124 3326 2399 3395 dignitatis
2423 3323 2675 3379 exhibita:
2706 3338 2813 3377 non
2853 3322 3033 3377 ﬁctam
3064 3322 3436 3391 inspiciamus.

316 3428 581 3496 ερευνᾶτο
607 3425 894 3482 ἀνελέσθαι
915 3442 976 3479 τε
1011 3424 1109 3479 καὶ
1133 3424 1462 3491 διαγνῶναι·
1494 3423 1603 3494 ἡδὲ
1632 3424 1731 3493 τῆς
1758 3421 2034 3487 ἀξιώσεως
2099 3418 2194 3472 τοῦ
2233 3418 2342 3472 τῶν
2394 3418 2617 3487 Περσῶν
2657 3416 2920 3486 βασιλέως
2949 3416 3008 3471 έν
3037 3415 3247 3479 τούτοις
3306 3432 3409 3473 που
3466 3431 3561 3468 συ-

315 3518 771 3572 νετέτακτο.Ἐπὶ
799 3518 998 3583 λέξεως
1018 3518 1128 3588 γὰρ
1151 3516 1446 3586 προσθήσω
1467 3516 1566 3588 τὴν
1622 3516 1955 3588 πρέσϐευσιν
1993 3513 2405 3569 ἀκαλλώπιστον
2431 3512 2703 3584 φράσεως,
2748 3512 2896 3575 ὅπως
2934 3514 3000 3583 τῇ
3052 3509 3295 3583 άμαθείᾳ
3335 3511 3433 3580 τῆς
3469 3509 3559 3565 λέ·-

314 3612 452 3677 ξεως
476 3610 573 3663 τὸν
601 3609 727 3665 νοῦν
750 3607 852 3676 τῆς
872 3606 1148 3672 ἀξιώσεως
1179 3607 1275 3661 ἀνε
1291 3607 1592 3661 πίπλαστον
1615 3606 2088 3677 ὲνοπτρισώμεθα.

386 3702 631 3771 Χοσρόης
666 3700 891 3771 Περσῶν
918 3699 1168 3769 βασιλεὺς
1193 3699 1272 3770 τῷ
1299 3699 1694 3770 ὲμφανεστάτῳ
1725 3699 1879 3769 βασι‹

248 3830 251 3831 ν
312 3794 399 3847 λεῖ
427 3792 537 3845 τών
588 3790 876 3860 Ῥωμαίων
922 3788 1255 3860 ἀγαθοποιῷ,
1289 3786 1575 3860 είρηνικῷ,
1621 3788 1880 3859 δυνάστῃ,

313 3884 626 3955 φιλευγενεῖ
653 3881 748 3935 καὶ
773 3880 1165 3952 μισοτυράννῳ,
1198 3882 1453 3945 ἐπιεικεῖ,
1475 3880 1880 3949 δικαιοπραγεῖ,

308 3979 424 4040 τοῖς
461 3972 840 4042 ἀδικουμένοις
872 3971 1098 4043 σωτῆρι,
1119 3971 1474 4044 εὐεργετικῷ,
1495 3972 1879 4043 ἀμνησικάκῳ,

312 4067 543 4138 χαίρειν.

382 4157 486 4211 Δύο
510 4156 653 4211 τισὶν
681 4154 985 4226 ὀφθαλμοῖς
1035 4153 1129 4208 τὸν
1168 4153 1377 4225 κόσμον
1419 4153 1880 4224 καταλάμπεσθαι

312 4252 493 4306 πάντα
518 4248 726 4303 ἀνωθεν
758 4247 855 4301 καὶ
897 4245 957 4310 ἐξ
987 4245 1163 4319 ἀρχῆς
1210 4247 1273 4301 τὸ
1302 4246 1456 4301 Θείον
1489 4244 1880 4318 ἐπραγματεύ-

2062 3697 2221 3769 185
2261 3696 2529 3751 Chosroes
2556 3694 2846 3750 Persarum
2879 3710 3005 3762 rex,
3042 3695 3153 3763 regi
3188 3695 3557 3755 Romanorum

1984 3790 2352 3853 illustrissimo
2388 3825 2405 3853 ,
2456 3787 2626 3852 felici,
2682 3785 2935 3854 paciﬁca,
2996 3791 3225 3857 potenti,
3288 3791 3561 3845 libertatis

1985 3882 2205 3946 vindici,
2236 3878 2539 3950 tyrannidis
2571 3878 2737 3941 osori,
2772 3877 3085 3943 moderato,
3123 3878 3292 3947 justo,
3329 3878 3560 3947 injuria-

1985 3984 2157 4027 torum
2194 3968 2505 4041 protectori,
2553 3967 2821 4033 beneﬁce,
2870 3966 3137 4023 illatornm
3173 3982 3278 4024 non
3302 3971 3555 4039 memori,

1984 4064 2233 4120 mmmm.

2057 4158 2277 4215 Duobus
2329 4155 2483 4227 quasi
2528 4155 2702 4213 oculis
2749 4154 3012 4210 mundum
3071 4152 3331 4211 illustrari
3383 4162 3555 4211 totum

1984 4250 2113 4308 olim
2138 4248 2249 4320 jam
2272 4258 2327 4306 et
2349 4265 2379 4304 a
2409 4248 2674 4320 principio
2702 4248 2912 4305 curavit
2942 4245 3104 4313 Deus,
3129 4246 3231 4303 hoc
3257 4255 3341 4304 est
3365 4257 3554 4318 poten-

316 4359 469 4408 σατο,
502 4343 779 4397 τουτέστιν
796 4343 866 4413 τῇ
889 4340 1242 4411 δυνατωτάτη
1269 4339 1375 4395 τῶν
1411 4339 1697 4410 Ῥωμαίων
1726 4338 1881 4409 βασι-

1990 4344 2197 4400 tissimo
2221 4341 2582 4399 Romanorum
2607 4338 2861 4409 imperio,
2882 4353 2947 4394 ac
2975 4338 3395 4408 prudentissime
3422 4353 3555 4395 con-

312 4436 456 4507 λείᾳ,
484 4436 581 4489 καὶ
602 4439 714 4499 τοῖς
734 4435 1193 4507 ἑμφρονεστάτοις
1210 4436 1510 4506 σκήπτροις
1535 4434 1629 4505 τῆς
1655 4433 1883 4505 Περσῶν

312 4526 612 4590 πολιτείας.
643 4509 888 4589 Ταύταις
941 4526 1053 4596 γὰρ
1079 4527 1201 4585 ταῖς
1233 4523 1521 4595 μεγίσταις
1570 4523 1786 4594 ἀρχαῖς,
1814 4522 1884 4579 τὰ

310 4618 514 4690 ἀπειθῆ
544 4618 641 4672 καὶ
670 4617 1013 4688 φιλοπόλεμα
1039 4617 1166 4689 ἔθνη
1201 4616 1535 4688 λικμίζεται,
1585 4616 1680 4671 καὶ
1705 4618 1739 4687 ἡ
1773 4616 1884 4670 τῶν

309 4694 619 4781 ἀνθρώπων
649 4709 892 4779 διαγωγὴ
925 4711 1358 4778 κατακοσμεῖται
1401 4712 1496 4763 καὶ
1549 4708 1882 4779 κυδερνᾶται

309 4804 401 4857 διὰ
440 4802 682 4866 παντός’
727 4803 823 4856 καὶ
853 4802 971 4856 ἐστι
999 4802 1187 4856 λαϐεῖν
1237 4802 1337 4871 τὴν
1382 4803 1493 4855 τῶν
1542 4801 1884 4872 πραγμάτων

306 4895 637 4949 ἀκολουθίαν
669 4897 784 4959 τοῖς
819 4895 1114 4966 ἡμετέροις
1174 4896 1416 4967 ῥήμασιν
1461 4894 1880 4963 συμφωνοῦσαν.

319 4988 474 5041 Ἐπεὶ
502 4987 685 5039 τοίνυν
717 4987 815 5041 καὶ
839 4987 1038 5049 οἵτινες
1075 4986 1174 5039 καὶ
1206 4986 1433 5056 πονηροὶ
1490 4987 1549 5039 ὲν
1582 4984 1660 5057 τῷ
1693 4985 1884 5056 κόσμῳ

306 5078 736 5143 ἐπιπολάζοντες
768 5079 1023 5148 δαίμονες
1049 5078 1226 5134 πάντα
1259 5078 1328 5131 τὰ
1350 5077 1455 5132 ὑπὸ
1494 5078 1589 5132 τοῦ
1619 5078 1754 5132 Θεοῦ
1780 5094 1882 5132 κα-

304 5169 412 5228 λῶς
445 5168 759 5237 τεταγμένα
808 5170 1030 5238 συγχεῖν
1065 5169 1166 5239 μὲν
1198 5167 1531 5237 ἐπείγονται,
1576 5170 1623 5220 εί
1680 5168 1775 5221 καὶ
1808 5166 1885 5237 μὴ

306 5256 531 5311 ἔκϐασιν
556 5258 590 5327 ἡ
628 5256 839 5312 τούτων
868 5256 1141 5328 λαμϐάνει
1162 5257 1497 5328 ὲγχείρησιςο
1533 5256 1736 5329 πρέπει
1756 5258 1885 5319 τοὺς

308 5345 576 5415 θεοφιλεῖς
604 5346 700 5401 καὶ
726 5345 1149 5410 εὐσεϐεστάτους
1187 5347 1509 5418 ἀνθρώπους
1539 5346 1749 5410 τούτοις
1787 5348 1883 5401 ἀν·-

305 5437 781 5507 τιστρατεύεσθαι,
799 5437 1024 5509 ἔχοντας
1052 5440 1162 5496 ἀπὸ
1187 5440 1282 5494 τοῦ
1309 5439 1445 5493 Θεοῦ
1468 5441 1660 5507 σοφίας
1681 5439 1885 5509 θησαυ-

308 5531 421 5599 ρδν.
449 5528 550 5583 καὶ
571 5528 918 5605 δικαιοσύνης
945 5532 1327 5604 βραχίονακαὶ
1342 5532 1679 5603 ὅπλα.ξΚατ5ι
1704 5530 1885 5588 τοίνυν

306 5620 514 5687 ταύτας
549 5622 650 5687 τὰς
675 5624 892 5696 ἡμέρας
919 5627 970 5681 οί
1002 5625 1443 5697 βλαπτικώτατοι
1472 5624 1728 5696 δαίμονες
1744 5625 1886 5679 κατά

1985 4436 2192 4493 stitutis
2222 4434 2452 4507 sceptris
2475 4432 2709 4489 Persicae
2732 4430 3060 4500 reipublicae.
3087 4429 3183 4487 His
3209 4431 3350 4486 enim
3381 4433 3555 4489 maxi-

1988 4529 2089 4584 mis
2119 4528 2363 4598 impcriis
2388 4525 2567 4581 effera:
2589 4530 2646 4579 et
2673 4522 2939 4578 bellicosa:
2970 4528 3160 4591 gentes
3182 4521 3557 4591 comprimun—

1987 4633 2096 4688 tur,
2148 4619 2450 4690 reliquique
2492 4616 2754 4673 homines
2802 4620 3157 4679 exornantur,
3221 4620 3280 4667 et
3326 4627 3557 4682 prorsus

1984 4714 2351 4783 gubernantur
2385 4726 2401 4762 :
2438 4724 2666 4779 quarum
2693 4722 2876 4764 rerum
2909 4721 3033 4763 cum
3068 4705 3226 4763 dictis
3254 4706 3454 4763 nostris
3471 4711 3557 4759 est

1985 4802 2168 4857 videre
2191 4802 2601 4857 convenientem
2630 4798 3095 4868 consequentiam.
3113 4796 3379 4864 Quoniam
3403 4811 3552 4861 vere,

1986 4901 2041 4947 et
2082 4891 2248 4961 aliqui
2291 4891 2418 4944 mali
2466 4890 2518 4943 in
2574 4888 2775 4945 mundo
2822 4888 3223 4947 circumeuntes
3254 4888 3554 4949 daemones.

1986 4979 2168 5037 omnia
2188 4992 2307 5049 qua:
2332 4993 2365 5034 a
2392 4977 2503 5033 Deo
2519 4976 2887 5047 pulcherrime
2934 4976 3187 5033 ordinata
3212 4986 3369 5041 sunt,
3394 4986 3559 5035 avent

1984 5071 2203 5141 quidem
2229 5068 2581 5134 confundere,
2628 5081 2697 5125 ne
2743 5068 3037 5129 succedant
3085 5076 3553 5139 eorumconatus,

1986 5164 2143 5221 decet
2174 5168 2384 5219 amatos
2426 5160 2535 5217 Deo
2567 5171 2621 5218 et
2668 5160 2942 5230 piissimos
2982 5159 3141 5219 viros.
3177 5159 3460 5226 resistere,
3498 5170 3560 5212 ut

1988 5255 2081 5325 qui
2117 5254 2351 5309 habeant
2375 5268 2405 5308 a
2431 5253 2540 5309 Deo
2573 5252 2852 5322 sapientiae
2881 5252 3217 5323 thesaurum,
3250 5259 3305 5311 et
3325 5249 3555 5319 iustitiae

1987 5346 2269 5403 brachium
2300 5354 2353 5401 et
2384 5359 2555 5401 arma.
2601 5343 2697 5400 His
2741 5343 2904 5414 igitur
2946 5344 3170 5400 circiter
3221 5342 3555 5413 temporibus

1988 5437 2353 5493 nocentissimi
2406 5436 2681 5493 daemones
2730 5443 2915 5491 contra
2976 5434 3265 5492 Persarum
3315 5435 3553 5491 surrecti

1988 5530 2375 5599 rempublicam
2401 5568 2417 5594 ,
2451 5530 2701 5599 pessimis
2750 5527 3054 5597 quibusque
3101 5527 3467 5599 perpetratis,
3496 5537 3555 5585 et

1994 5637 2178 5679 servos
2225 5629 2413 5678 contra
2464 5622 2714 5678 dominos
2757 5629 3055 5687 armarunt,
3090 5631 3279 5678 contra
3326 5636 3550 5693 regnum
