4012 6214
422 195 542 262 ’943

1222 125 1621 246 ἐΧΕΕΒΡΤΑ
1662 175 1765 238 EX
1802 164 2403 237 THEOPHYLACTO
2459 156 2885 225 SIMOCATTA

3598 153 3705 216 9H

434 308 688 372 famulos,
735 309 926 360 contra
977 297 1220 356 ordinem
1274 291 1768 353 disturbationem,
1824 291 2013 342 contra
2039 299 2058 346 Α

2149 279 2215 349 ἧς
2237 275 2466 350 Περσῶν
2491 272 2951 343 ὲπιφοιτήσαντες
2979 265 3280 331 πολιτείας,
3310 264 3455 320 δεινὰ
3486 282 3713 338 κατειρ-

432 404 690 457 decorum
721 396 1063 457 indecorum,
1102 397 1156 444 et
1201 387 1382 441 omnia
1422 398 1542 454 quae
1579 380 1856 437 contraria
1884 384 2011 434 sunt

437 494 617 556 bonis,
650 488 1044 560 produxerunt.
1072 481 1335 535 Baramus
1368 477 1512 531 enim
1543 473 1895 529 detestandus
1926 467 2015 523 ille

435 596 647 644 servus,
709 594 738 631 a
787 573 996 631 nostris
1047 568 1345 640 majoribus
1391 573 1720 638 provectus,
1771 562 1826 616 in
1875 560 2019 615 hanc

441 671 663 728 honoris
694 669 868 722 lucem
898 663 1092 727 elatus,
1137 676 1236 716 nec
1260 669 1454 730 potens
1490 666 1649 711 tantae
1674 653 1859 727 glorias
1896 666 2016 706 ma-

438 758 759 832 gnitudinis,
804 756 872 811 ad
907 754 1202 825 perniciem
1244 752 1496 819 delapsus
1535 758 1642 814 est,
1688 754 1743 802 et
1793 759 2017 815 regnum

422 836 540 910 lsibi
582 851 908 922 promittens
946 862 1162 904 omnem
1207 843 1438 900 turbavit
1482 842 1769 898 Persarum
1804 853 2019 907 rempu-

440 947 659 1009 blicam,
714 952 771 997 et
816 940 999 996 omnia
1047 938 1177 993 facit
1227 946 1281 991 et
1331 934 1612 997 allahorat,
1650 941 1712 986 ut
1762 929 2016 1001 magnoin

440 1038 748 1107 castinguat
794 1033 1013 1089 oculum
1046 1030 1357 1102 potestatis,
1392 1027 1535 1081 unde
1586 1025 1803 1094 capiant
1834 1031 2022 1093 gentes

446 1133 571 1183 fera:
599 1139 654 1183 et
698 1127 897 1195 iniquae
950 1123 1253 1177 libertatem
1305 1128 1361 1174 et
1405 1118 1703 1188 potentiam
1740 1112 2021 1185 grassandi

446 1223 706 1275 adversus
771 1215 1273 1271 mansuetissimum
1333 1209 1625 1266 Persarum
1686 1206 2016 1276 imperium:

448 1331 548 1369 nec
586 1314 688 1367 hoc
721 1310 918 1374 solum,
958 1307 1052 1363 sed
1085 1306 1250 1361 e‘tiam
1288 1303 1613 1373 procedente
1639 1299 1863 1370 posthac
1891 1307 2024 1349 tem-

447 1421 578 1476 pore
628 1413 817 1459 contra
849 1400 1002 1455 vobis
1047 1397 1363 1453 tributarias
1404 1396 1570 1458 vires,
1626 1407 1747 1462 quae
1779 1388 2023 1445 coerceri

449 1512 555 1551 non
599 1502 874 1564 poterunt,
908 1501 975 1551 ,et
1004 1488 1241 1544 maxime
1283 1484 1640 1555 perniciosas.
1675 1481 1837 1535 Decet
1864 1478 2025 1546 igitur

451 1584 736 1656 pacificum
768 1598 864 1653 pro
909 1590 1093 1638 vestra
1138 1575 1504 1649 providentia,
1557 1572 1811 1628 infestato
1858 1582 2024 1641 regno

449 1687 562 1733 cta
594 1676 833 1748 tyrannis
873 1674 1073 1729 violato
1125 1671 1385 1725 adhibere
1435 1681 1654 1722 manum
1703 1663 2022 1728 salutarem,

450 1779 504 1824 et
549 1768 603 1823 in
640 1768 742 1822 hoc
789 1765 1039 1820 conferre
1073 1771 1314 1817 vestram
1360 1773 1605 1829 operam,
1636 1765 1694 1810 ut
1740 1752 2026 1822 imperium

453 1861 716 1930 incipiens
744 1860 1077 1917 destruatur,
1107 1842 1163 1909 et
1189 1854 1381 1908 salutis
1410 1848 1715 1907 communis
1739 1846 1894 1916 quasi
1920 1856 2027 1899 tro-

455 1963 568 2019 paea
614 1947 887 2017 generalia
939 1946 990 1999 in
1037 1943 1406 1998 Romanorum
1441 1937 1719 2008 republica
1766 1936 1949 2006 ﬁgere,
1978 1942 2033 1989 et

456 2055 552 2096 vos
575 2040 916 2111 proclamare
946 2035 1256 2092 conditores
1282 2074 1296 2099 ,
1325 2042 1381 2088 et
1408 2040 1738 2095 servatores,
1773 2039 1827 2082 et
1856 2027 2029 2081 medi-

459 2146 554 2185 cos
606 2128 821 2185 afﬂictae
876 2128 1164 2183 Persarum
1232 2122 1542 2194 reipublicae
1597 2121 1781 2176 liceat.
1836 2117 2034 2175 Omnia

458 2223 604 2279 enim
633 2236 751 2290 qua:
770 2221 916 2292 justa
949 2228 1095 2287 sunt,
1126 2234 1156 2272 a
1191 2215 1583 2287 potentissimis
1611 2213 1833 2285 regibus
1864 2224 2034 2280 expe-

460 2319 561 2375 diri
610 2319 831 2374 omnino
863 2315 1134 2380 convenit,
1165 2323 1221 2369 et
1248 2314 1372 2368 inde
1419 2310 1523 2367 sibi
1570 2307 1908 2364 fortitudinis
1941 2321 2038 2360 en-

458 2411 660 2475 contia,
685 2420 739 2464 et
760 2408 990 2481 gloriam
1017 2416 1138 2478 post
1158 2413 1388 2460 mortem
1413 2418 1517 2458 non
1544 2400 1862 2456 abolendam
1887 2410 2039 2451 com-

463 2516 677 2573 parare,
735 2517 799 2556 ac
852 2502 924 2556 ita
977 2498 1226 2569 exemplo
1274 2510 1417 2562 esse,
1466 2493 1609 2563 quod
1661 2506 1767 2546 non
1806 2490 2043 2545 debeant

465 2611 614 2649 arma
643 2596 783 2650 ferre
812 2593 953 2650 servi
993 2601 1183 2651 contra
1217 2588 1487 2645 dominos.
1517 2583 1845 2639 Varietatem
1876 2582 2042 2650 igitur

463 2686 678 2741 Persica
689 2701 806 2738 rum
824 2683 1081 2754 in'politia
1104 2696 1285 2736 rerum
1303 2693 1368 2733 ex
1386 2676 1766 2744 otIiciovestt-o
1783 2673 1945 2744 186
1963 2679 2045 2727 est

465 2774 789 2843 gubernare.
824 2770 1173 2841 Splendidius
1203 2764 1346 2822 enim
1395 2766 1521 2821 inde
1562 2779 1777 2835 quoque
1808 2778 1904 2833 per
1946 2775 2045 2817 nos

467 2863 834 2917 ltornanorum
868 2862 959 2917 fiet
988 2873 1206 2916 nomen.
1249 2857 1376 2914 Haec
1410 2872 1511 2930 ego
1542 2855 1835 2922 Cltosroes,
1864 2865 1926 2909 ut
1953 2852 2046 2924 qui

2124 372 2383 441 γάσαντο,
2423 365 2520 421 καὶ
2550 364 2771 426 δούλους
2805 360 2950 415 κατά
3006 358 3287 414 δεσποτῶν
3331 359 3718 429 ἐπεστράτευ-

2121 482 2242 530 σαν,
2282 460 2426 516 κατὰ
2455 458 2738 531 βασιλείας
2770 458 3012 519 οἰκέτας,
3044 453 3188 508 κατᾶ
3211 453 3315 523 τῆς
3362 452 3576 518 τάξεως
3608 450 3721 521 τὴν

2117 555 2365 620 ἀταξίαν,
2406 553 2554 607 κατά
2616 549 2711 604 τοῦ
2754 548 3093 619 καθήκοντος
3142 545 3206 598 τὸ
3239 543 3316 615 μὴ
3354 543 3591 614 πρέπον,
3622 538 3725 592 καὶ

2118 649 2256 702 πᾶσι
2286 650 2402 709 τοῖς
2433 643 2699 705 ἐναντίοις
2726 640 2838 694 τῶν
2886 637 3112 708 ἀγαθῶν
3145 637 3500 707 ἐχορήγησαν
3549 634 3719 687 ὅπλα.

2118 737 2318 809 Βαράμ
2335 736 2444 807 γὰρ
2463 737 2493 789 ὁ
2516 734 2898 793 κατάπτυστος
2920 728 3131 793 δοῦλος,
3153 727 3259 780 ὑπὸ
3286 725 3398 778 τῶν
3432 724 3727 795 ἡμετέρων

2132 829 2420 900 προγόνων
2449 824 2729 897 αὐξηθεὶς,
2762 823 2858 876 καὶ
2877 819 3210 890 διαλάμψας,
3240 817 3335 872 καὶ
3357 817 3432 888 μὴ
3455 817 3722 886 χωρήσας

2119 924 2218 993 τῆς
2248 921 2406 990 δόξης
2445 919 2510 973 τὸ
2561 917 2820 989 μέγεθος,
2850 915 2990 987 πρὸς
3046 913 3270 984 ὄλεθρον
3307 912 3714 979 ἀπεσκίρτησε,

2121 1015 2215 1067 καὶ
2235 1013 2515 1084 βασιλείαν
2537 1010 2718 1080 ἐαυτῷ
2747 1006 3206 1080 μνηστευόμενος,
3228 1006 3410 1058 πᾶσαν
3427 1001 3721 1072 διετάραξε

2120 1107 2221 1178 τὴν
2251 1105 2480 1176 Περσῶν
2515 1102 2820 1175 βασιλείαν,
2864 1100 2961 1155 καὶ
2998 1098 3179 1152 πάντα
3213 1096 3310 1150 καὶ
3342 1095 3579 1165 πράττει
3630 1094 3726 1143 καὶ

2121 1199 2433 1270 διεγχειρεῖ,
2466 1198 2552 1251 ἵνα
2579 1196 2755 1266 μέγαν
2787 1192 3071 1263 ὀφθαλμὸν
3102 1188 3385 1259 ἀποσϐέσῃ
3411 1186 3726 1254 δυνάμεως,

2122 1291 2217 1343 καὶ
2243 1287 2480 1342 λάϐωσιν
2513 1283 2770 1339 ἐντεῦθεν
2816 1282 2946 1351 ἔθνη
2993 1280 3249 1348 ἀνήμερα
3300 1277 3397 1330 καὶ
3428 1290 3728 1343 κακοπρα-

2125 1381 2363 1451 γέστατα
2386 1376 2704 1449 παρρησίαν
2737 1376 2833 1428 καὶ
2863 1373 3095 1441 δύναμιν
3127 1369 3269 1424 κατὰ
3296 1368 3398 1437 τῆς
3427 1366 3731 1436 ἡμερωτά-

2126 1489 2228 1543 της
2261 1470 2371 1523 τῶν
2402 1468 2627 1539 Περσῶν
2650 1464 2955 1537 βασιλείας⁵
2985 1458 3104 1514 εἶτα
3144 1459 3330 1512 λοιπὸν
3356 1456 3614 1511 ἐντεῦθεν
3651 1456 3731 1525 τῷ

2131 1565 2330 1635 χρόνῳ,
2376 1562 2472 1614 καὶ
2512 1559 2656 1614 κατὰ
2706 1556 2817 1610 τῶν
2875 1554 3008 1625 παρ’
3059 1553 3186 1623 ὑμῖν
3240 1548 3733 1621 φορολογουμένων

2146 1654 2319 1709 ἐθνῶν
2351 1654 2552 1725 κράτος
2580 1651 2812 1720 ἄσχετον
2848 1648 2941 1700 καὶ
2992 1644 3196 1715 πολλῆς
3226 1643 3403 1712 λύμης
3435 1642 3541 1693 οὐκ
3563 1641 3734 1709 ἄμοι-

2138 1763 2251 1819 ρον.
2285 1746 2496 1817 Πρέπει
2526 1743 2714 1797 τοίνυν
2735 1740 2815 1809 τῷ
2841 1737 3103 1809 εἰρηνικῷ
3128 1737 3227 1798 τὰς
3261 1734 3524 1805 προνοίας
3546 1732 3731 1802 ὑμῶν,

2131 1837 2505 1910 λῃστευομένῃ
2539 1834 2791 1906 βασιλείᾳ
2826 1832 2922 1885 καὶ
2952 1831 3059 1883 ὑπὸ
3095 1828 3377 1897 τυράννων
3410 1825 3726 1896 βιαζομένῃ

2140 1931 2448 2001 παρασχεῖν
2475 1929 2634 1998 χεῖρα
2656 1918 3358 1996 σωτήριον,.συστήσασθαί
3386 1935 3448 1972 τε
3498 1917 3734 1988 μέλλου-

2135 2039 2237 2078 σαν
2284 2019 2458 2093 ἀρχὴν
2490 2017 2878 2081 καταλύεσθαι,
2900 2014 3008 2068 ’καὶ
3052 2013 3151 2083 τῆς
3187 2011 3460 2083 σωτηρίας
3496 2012 3601 2073 τὰς
3643 2012 3735 2064 αἱ·

2134 2113 2259 2175 τίας
2314 2110 2507 2181 ῶσπερ
2553 2109 2793 2181 τρόπαια
2836 2104 3194 2178 οίκουμενικά
3228 2105 3285 2156 ἐν
3326 2106 3393 2173 τῇ
3430 2102 3734 2172 Ῥωμαίων

2137 2203 2386 2274 πολιτείᾳ.
2407 2200 2757 2273 ἱδρύσασθαι,
2789 2198 3300 2269 άναγορευθῆναίτε
3330 2196 3476 2266 ὑμᾶς
3498 2194 3732 2257 κτίστας

2138 2297 2235 2351 καὶ
2287 2296 2543 2367 σωτῆρας
2576 2292 2674 2348 καὶ
2732 2293 2955 2363 ἰατροὺς
3010 2293 3109 2363 τῆς
3154 2289 3383 2361 Περσῶν
3418 2287 3729 2347 πολιτείας.

2140 2388 2326 2444 Πάντα
2354 2390 2464 2458 γάρ
2482 2386 2552 2441 τὰ
2572 2387 2652 2455 τῷ
2690 2385 2885 2457 δικαίῳ
2929 2383 3323 2455 συμϐαίνοντα,
3362 2381 3570 2452 πρέπει
3612 2384 3733 2444 toi;

2140 2480 2545 2544 δυνατωτάτοις
2578 2478 2867 2551 βασιλεῦσι
2897 2478 2987 2532 διὰ
3037 2476 3243 2540 παντὸς
3286 2473 3729 2547 ἀπεργάζεσθαι,

2144 2573 2237 2628 καὶ
2264 2572 2513 2629 ἐντεῦθεν
2545 2571 2647 2640 τῆς
2680 2571 3039 2643 μεγαλονοίας
3076 2570 3145 2623 τά
3176 2567 3449 2639 ἐγκώμια,
3481 2567 3579 2619 καὶ
3627 2566 3731 2618 τοῦ

2142 2667 2271 2738 τῇδε
2300 2667 2506 2737 κόσμου
2535 2663 3033 2735 μεταναστεύουσιν
3072 2663 3218 2734 ἔχειν
3238 2662 3325 2716 διά
3342 2660 3548 2722 παντὸς
3571 2659 3737 2713 ἀδιά-

2145 2758 2362 2828 φθαρτα
2377 2776 2392 2790 ·
2422 2757 2772 2830 παράδειγμά
2792 2775 2853 2811 τε
2883 2754 3274 2826 συστήσασθαι,
3296 2754 3371 2818 ὡς
3392 2753 3454 2806 οὗ
3477 2753 3561 2806 δεῖ
3587 2752 3737 2805 κατὰ

2144 2848 2422 2905 δεσποτῶν
2450 2848 2727 2919 δραπέτας
2750 2848 3091 2912 ὁπλίζεσθαι.
3123 2847 3199 2900 Τὸ
3226 2846 3407 2900 τοίνυν
3436 2844 3737 2915 ἀνώμαλον

468 2969 711 3024 praesens
740 2953 953 3019 adsim,
988 2968 1083 3023 per
1127 2952 1412 3023 epistolam
1463 2950 1733 3021 alloquor.
1774 2949 2046 3009 Chosroes

2148 2942 2246 2998 νῦν
2266 2942 2375 2997 τῶν
2408 2943 2752 3013 πραγμάτων
2781 2942 2880 3011 τῆς
2903 2938 3184 3011 Περσικῆς
3218 2937 3513 3003 πολιτείας,
3551 2952 3731 3007 προσ-

470 3055 593 3101 tuus
624 3045 768 3100 filius
797 3053 852 3100 et
879 3044 1141 3100 famulus.
1188 3042 1305 3099 Non
1336 3044 1484 3099 enim
1515 3051 1739 3114 propter
1772 3041 2044 3096 fortunam

467 3152 652 3192 eorum
680 3151 799 3207 qua:
823 3145 1144 3203 evenerunt,
1172 3134 1552 3206 aspernaberis
1583 3146 1767 3206 aptum
1794 3132 1896 3190 hoc
1915 3149 2047 3191 cou-

470 3229 662 3284 ditioni
693 3229 980 3299 utriusque
1014 3237 1259 3284 nostrum
1290 3240 1509 3282 nomen.
1534 3226 1759 3282 Datores
1782 3226 2046 3282 honorum

469 3317 641 3389 angeli
670 3318 760 3373 Dei
791 3331 1014 3388 regnum
1044 3327 1287 3373 vestrum
1315 3316 1581 3386 sospitent
1608 3324 1661 3371 et
1701 3325 2045 3382 conservent,

469 3424 538 3464 ne
574 3418 628 3463 et
680 3410 731 3463 ei
781 3406 1073 3476 aliquando
1112 3415 1209 3461 aut
1253 3405 1626 3475 opprobrium,
1662 3412 1755 3459 aut
1803 3405 2051 3476 tyrannis

474 3502 702 3556 illudere
726 3500 900 3569 possit

472 3592 581 3647 τῶν
652 3589 875 3658 ἀγαθῶν
938 3588 1164 3661 άγγελοι
1222 3587 1319 3643 τοῦ
1389 3586 1526 3642 Θεοῦ
1588 3588 2054 3646 ἀνεπονείδειστον

476 3703 561 3740 σιν

550 3777 1009 3847 Quod-Chosroes
1058 3777 1346 3847 impetrata
1390 3775 1651 3847 petitione
1687 3790 1784 3847 per
1846 3777 2055 3849 legatos

478 3872 545 3926 ad
576 3869 893 3925 Mauricium
925 3869 1139 3933 missos,
1180 3868 1247 3923 ad
1274 3869 1463 3923 urbem
1499 3866 1825 3938 Hierapolim
1852 3871 2054 3925 dictam

476 3964 625 4019 venit
661 3979 673 4016 :
706 3977 808 4019 nec
850 3976 985 4018 sane
1019 3961 1126 4017 dux
1159 3958 1531 4016 Comentiolus
1560 3968 1910 4016 nonestnon
1950 3963 2057 4016 ho-

480 4051 714 4109 norariis
749 4049 1065 4107 muneribus
1093 4058 1413 4120 prosecutus
1456 4062 1601 4112 eum,
1639 4047 1729 4116 qui
1755 4057 1873 4101 tum
1906 4058 2062 4101 care-

479 4149 572 4204 bat
604 4160 792 4216 regno.
819 4143 912 4200 Sic
939 4143 1084 4200 enim
1114 4141 1285 4197 visum
1314 4149 1398 4195 est
1420 4137 1702 4203 Mauricio,
1726 4146 1779 4193 et
1802 4147 1860 4191 ut
1885 4136 2058 4191 visum

479 4246 585 4304 est,
629 4237 704 4291 ita
735 4250 949 4306 quoque
987 4241 1335 4304 procuratum
1383 4240 1486 4286 est.
1534 4229 1591 4284 In
1625 4229 1844 4299 regione
1877 4228 2059 4297 itaque

2149 3037 2273 3107 ήκει
2325 3034 2458 3105 παρ’
2514 3033 2669 3104 ὑμῶν
2736 3031 3139 3103 κυϐερνᾶσθαυ
3182 3028 3574 3101 λαμπροτέραν
3624 3028 3741 3098 γὰρ

2154 3125 2408 3180 ἐντεῦθεν
2436 3126 2485 3179 οἱ
2525 3124 2789 3195 Ῥωμαῖοι
2808 3122 2906 3195 τήν
2947 3122 3202 3178 εὔκλειαν
3230 3121 3298 3175 δι’
3324 3120 3479 3191 ὐμῶν
3500 3116 3736 3189 ’ἀπολή-

2152 3219 2369 3290 ψονται.
2393 3216 2577 3272 Ταῦτα
2592 3217 2839 3289 Χοσρόης
2866 3214 2976 3286 ἐγὼ
2992 3215 3068 3280 ὡς
3092 3214 3287 3287 παρὼν
3305 3214 3538 3286 γράφων
3560 3229 3739 3283 προαο

2155 3311 2492 3382 φθέγγομαι,
2524 3308 2774 3379 Χοσρόης
2805 3309 2833 3361 ό
2865 3306 2959 3371 σὸς
2988 3307 3106 3369 υίὸς
3160 3306 3257 3361 καὶ
3288 3307 3495 3376 ἱκέτης.
3522 3305 3601 3358 Οὐ
3621 3306 3738 3375 γὰρ

2153 3404 2244 3458 διὰ
2275 3402 2376 3474 τὴν
2441 3400 2615 3472 τύχην
2662 3398 2770 3453 τῶν
2809 3396 3264 3469 συμϐεσηκότων,
3299 3395 3589 3467 ἀθετήσεις
3634 3396 3740 3463 τῆς

2154 3496 2311 3561 ἀξίας
2340 3495 2375 3566 ἢ
2407 3493 2504 3564 τῆς
2535 3491 2913 3562 προσηγορίας
2944 3490 3007 3543 τὸ
3040 3489 3373 3561 πρόσφορον.
3408 3489 3472 3541 Οί
3503 3488 3740 3557 δοτῆρες

2124 3590 2220 3647 καὶ
2258 3586 2631 3658 άτυράννητον
2695 3584 2825 3655 ὑμῖν
2899 3583 3000 3654 τὴν
3051 3582 3325 3655 βασιλείαν
3380 3580 3744 3651 διαφυλάξου-

2228 3774 2350 3827 Ὅτι
2381 3774 2411 3827 ό
2442 3768 2691 3843 Χοσρόης
2738 3767 2876 3840 μετὰ
2897 3767 2997 3840 τὴν
3047 3765 3263 3837 αἴτησιν
3303 3763 3405 3834 τῆς
3438 3760 3744 3833 πρεσϐείας

2158 3865 2258 3935 τῆς
2280 3863 2415 3935 πρὸς
2449 3861 2757 3931 Μαυρίκιον
2786 3857 3098 3921 σταλεῐσαν,
3146 3854 3242 3909 ἐπὶ
3286 3853 3387 3923 τὴν
3437 3852 3745 3922 λεγομένην

2161 3956 2312 4026 ἱεράν
2341 3952 2495 4007 πόλιν
2514 3952 2763 4021 ἀφίκετο.
2791 3948 2927 4002 Οὐδὲ
2950 3946 3056 4019 μὴν
3086 3944 3451 4019 Κομεντίολος
3478 3948 3508 4000 ό
3539 3961 3749 4016 στρατ-

2162 4046 2317 4117 ηγὸς,
2340 4044 2644 4116 ἀγέραστον
2692 4041 3053 4097 καταλέλοιπε
3073 4038 3167 4092 τὸν
3188 4039 3329 4103 τέως
3345 4038 3446 4109 τῆς
3466 4036 3749 4107 βασιλείας

2164 4138 2493 4210 χηρεύοντα.
2525 4135 2681 4191 Οὕτω
2709 4135 2821 4204 γὰρ
2843 4130 2990 4198 εδοξε
3023 4130 3339 4204 Μαυρικίῳ,
3359 4131 3455 4184 καὶ
3482 4130 3540 4183 τὸ
3558 4129 3745 4198 δόγμα

2170 4226 2470 4300 μετεχώρει
2521 4227 2661 4297 πρὸς
2725 4223 2948 4296 πρᾶξιν.
2989 4222 3204 4278 Οὐκοῦν
3262 4222 3359 4275 ἐπὶ
3390 4222 3451 4275 τὸ
3490 4220 3743 4292 Βεδαμᾶς

484 4330 566 4383 sic
608 4329 755 4383 dicta
790 4324 1077 4391 Bedamas,
1111 4323 1326 4380 obviam
1361 4321 1535 4377 factus
1567 4319 1795 4375 Cliosroi
1827 4319 2058 4385 Comen-

2166 4317 2313 4373 οὕτω
2341 4316 2544 4389 χωρίον
2570 4316 2892 4387 λεγόμενον,
2937 4316 2994 4379 ἐς
3023 4314 3352 4385 συνάντησιν
3385 4314 3600 4382 γίνεται
3637 4314 3746 4366 Ko-

485 4419 646 4475 tiolus
698 4417 849 4488 regio
900 4415 1051 4471 illum
1108 4415 1363 4470 donatum
1413 4420 1714 4482 apparatu,
1777 4407 2063 4479 magnifico

484 4524 710 4581 prorsus
735 4507 995 4565 satellitio
1028 4506 1400 4573 comitataque
1446 4501 1717 4570 produxit.
1759 4500 1906 4555 Nona
1938 4515 2065 4556 vero

484 4602 647 4658 etiam
670 4600 764 4655 die
787 4598 1034 4654 nuntium
1057 4596 1125 4651 ad
1151 4595 1402 4665 praesidia
1428 4592 1644 4647 Persica
1664 4591 2065 4662 Martyropolim

484 4690 632 4747 misit
654 4690 925 4746 Cbosroes
946 4688 1221 4743 hominem
1241 4686 1504 4756 dignitate
1521 4693 1818 4754 satrapam,
1847 4684 2067 4739 nomine

488 4781 810 4851 Miragdum,
833 4779 1149 4851 significans
1170 4778 1334 4835 simul
1356 4787 1410 4833 et
1433 4787 1702 4833 recentem
1726 4775 2067 4833 fortunarum

490 4885 720 4940 statum,
756 4882 814 4929 et
842 4873 1188 4945 imperatoris
1212 4885 1332 4928 eam
1358 4869 1877 4941 magnanimitatem,
1906 4883 2066 4939 quam

491 4978 603 5024 tota
648 4966 778 5023 urbs
829 4966 1047 5022 etiamsi
1089 4964 1443 5020 refertissima
1476 4978 1583 5018 non
1631 4962 1806 5032 possit
1849 4975 2068 5031 capere,

490 5058 689 5128 quippe
721 5072 828 5128 qua
860 5057 1129 5113 immunes
1160 5055 1308 5120 belli,
1344 5056 1398 5111 in
1424 5055 1721 5110 amicitiam
1750 5054 1953 5122 recepti
1978 5067 2068 5107 es-

490 5159 613 5204 sent
639 5145 839 5204 Persaa.
872 5146 1181 5203 Bestamum
1219 5147 1384 5203 etiam
1416 5146 1681 5202 illustrem
1708 5146 1845 5217 apud
1878 5146 2072 5204 Persas

396 5234 399 5239 ⁴
492 5240 669 5295 virum
696 5239 1100 5311 Adrahiganum
1131 5240 1183 5294 in
1213 5236 1526 5293 Armeniam
1558 5237 1889 5305 amandavit,
1926 5246 1984 5292 ut
2017 5248 2072 5294 et

491 5332 706 5396 urbem,
732 5340 784 5385 et
808 5333 899 5402 qui
925 5331 1121 5385 ibidem
1142 5338 1609 5385 commorat-eatur
1629 5328 1823 5383 Persas
1845 5330 2073 5398 imperio

495 5420 727 5476 Caesaris
743 5420 1037 5489 subjicere!
1050 5461 1063 5484 ,
1082 5422 1262 5475 ethaac
1280 5419 1495 5489 quidem
1517 5417 1824 5473 manifesto.
1854 5418 1927 5474 Ut
1943 5433 2073 5475 vero

500 5510 652 5566 vafer
683 5510 878 5576 factus,
902 5522 957 5566 et
987 5510 1120 5565 nihil
1149 5526 1256 5566 non
1290 5510 1429 5566 dolis
1452 5520 1507 5564 et
1537 5507 1822 5563 fraudibus
1852 5517 2073 5579 postpo—

494 5603 626 5666 suit,
671 5602 1061 5672 hospitalitatis
1088 5600 1212 5670 jure
1248 5602 1467 5668 violato,
1505 5614 1567 5656 ac
1598 5598 1808 5655 inﬁnita
1844 5600 1945 5656 ista
1979 5602 2073 5656 be-

2169 4412 2447 4485 μεντίολος
2507 4410 2747 4481 Χοσρόῃ,
2800 4409 2903 4480 τήν
2966 4425 3025 4461 τε
3066 4404 3422 4483 παρασκευήν
3478 4406 3753 4475 βασίλειον

2166 4501 2315 4573 αὐτῷ
2347 4501 2783 4571 συστησάμενος,
2813 4499 3130 4571 ἐδορυφόρει
3174 4500 3590 4570 μεγαλουργῶς.
3630 4502 3755 4553 Ἐν-

2169 4595 2302 4666 νάτῃ
2334 4593 2377 4647 δ’
2418 4592 2602 4665 ήμέρξ.
2628 4593 2862 4655 καὶτοῖς
2895 4593 2952 4645 ἐν
2978 4590 3398 4663 Μαρτυροπόλει
3446 4590 3759 4661 φρουροῦσι

2168 4685 2406 4757 Πέρσαις
2423 4683 2653 4753 ἄγγελον
2680 4685 2707 4738 ό
2730 4682 2979 4754 Χοορόης
3006 4682 3319 4751 ἐξέπεμψεν
3342 4681 3515 4752 ἄνδρα
3547 4686 3759 4754 σατρὰ-

2171 4793 2279 4846 πην
2324 4774 2641 4847 Μιραγδοῦν
2677 4772 2823 4827 οὕτω
2871 4772 3185 4843 λεγόμενον,
3235 4773 3337 4836 τάς
3386 4789 3443 4825 τε
3475 4776 3761 4843 νεωτέρας

2169 4866 2338 4937 τύχας
2369 4865 2709 4937 καταδηλῶν,
2746 4864 2844 4919 καὶ
2876 4864 2953 4928 ὡς
3000 4865 3062 4918 οὑ
3096 4864 3293 4934 μεστὸν
3321 4863 3495 4934 αὐτῆς
3525 4864 3630 4935 τῆς
3660 4867 3762 4917 πέ-

2172 4959 2307 5024 λεως
2356 4958 2574 5031 ἔχεσθαι
2626 4960 2724 5029 τῆς
2762 4957 2859 5011 τοῦ
2905 4957 3313 5029 αὐτοκράτορος
3368 4956 3761 5028 μεγαλονοξας,

2174 5052 2497 5123 ἀπομάχους
2548 5054 2643 5104 καὶ
2697 5050 2889 5121 φίλους
2948 5050 3168 5121 Πέρσας
3238 5049 3763 5121 μεταπλαττούσης.

2174 5141 2395 5209 Βεστάμ
2439 5139 2497 5193 δέ
2526 5138 2635 5194 τῶν
2685 5138 2837 5209 παρά
2887 5139 3135 5209 Πέρσαις
3160 5139 3442 5209 διαφανῶν
3477 5142 3623 5191 κατὰ
3656 5141 3765 5207 τὴν

2186 5232 2481 5304 Ἀρμενίαν
2527 5230 2858 5286 ἀπέστελλεν
2902 5232 2960 5295 ἐς
3021 5232 3083 5285 τὸ
3145 5231 3535 5302 ’Δδραϐίγανον
3595 5232 3769 5298 ἐγκε-

2175 5322 2465 5392 λευόμενος
2485 5321 2767 5390 γενέσθαι,
2804 5322 2899 5375 καὶ
2921 5322 3049 5384 τοὺς
3082 5321 3271 5375 αὐτόθι
3317 5320 3769 5392 ἐνδιατρίϐοντας

2178 5417 2395 5487 Πέρσας
2431 5415 2709 5485 ὑπηκόους
2731 5414 2882 5485 αὺτῷ
2904 5414 3381 5485 καταστήσασθαι.
3410 5416 3523 5467 Καὶ
3581 5414 3773 5466 ταῦτα

2180 5509 2280 5579 μὲν
2311 5508 2483 5571 οὕτως
2530 5503 2677 5570 ὲςτὺ
2730 5507 2966 5577 φανερὸν
3008 5507 3399 5580 διεπράττετοο
3424 5501 3512 5559 οἷα
3545 5505 3600 5559 δὲ
3624 5507 3774 5575 κέρ-

2180 5599 2302 5668 κωψ
2327 5598 2586 5668 πεφυκὼς
2638 5600 2735 5671 τὴν
2758 5599 3022 5667 διάνοιαν,
3078 5601 3172 5655 καὶ
3218 5599 3395 5666 πάντα
3448 5596 3541 5651 τοῦ
3599 5598 3773 5652 δόλου
