4012 6214
279 378 391 445 945

1098 376 1195 437 DE
1234 373 1803 439 LEGATIONIBUS
1838 377 2193 443 GENTIUM
2229 380 2329 442 AD
2366 381 2746 444 ROMANOS.
3461 365 3496 444 9'

3461 384 3571 451 916

278 495 564 562 τιθέμενος
617 488 886 559 δεύτερα,
934 487 1025 543 τὸν
1077 489 1176 559 τῆς
1228 489 1536 559 φιλοξενίας
1590 489 1896 560 ἀθετήσας⁴

2005 492 2273 547 evolentia
2327 495 2556 562 pedibus
2596 495 2826 561 calcata,
2882 494 3130 565 quintum
3187 496 3434 552 nuntium
3467 501 3571 555 ab-

281 582 508 654 θεσμδν,
558 580 651 634 καὶ
693 579 821 641 τοὺς
871 576 1006 640 ἃλας
1036 576 1136 648 τῆς
1191 577 1593 649 φιλοφροσύνης
1638 577 1743 630 ὑπὸ
1773 575 1874 639 τὰς

282 676 524 746 πτέρνας
551 670 1031 740 καταϐαλλόμενος
1054 710 1069 737 ,
1099 672 1415 741 πεμπταῖον
1466 670 1702 738 ἄγγελον
1743 688 1874 724 κατ-

284 767 312 821 έ
325 785 505 837 πεμπε
523 767 637 829 τοῖς
650 764 750 833 τὴν
771 764 969 835 Μαρτυ
979 762 1195 834 ρόπολιν
1212 761 1531 816 κατοικοῦσι
1558 763 1871 829 Χαλδαίοις,

287 858 740 927 ἐγκελευόμενος,
774 854 995 926 ἔχεσθαι
1023 854 1125 925 τῆς
1164 856 1408 926 φρουρᾶς
1442 855 1623 924 κάρτα
1654 855 1875 926 κομιδῇ,

288 952 386 1004 καὶ
426 952 537 1012 τοῖς
569 950 626 1012 ἐς
655 948 715 1000 τὸ
749 946 989 1018 φανερὸν
1038 946 1539 1019 προσταττομένοις
1592 947 1741 1017 αὑτῷ
1801 948 1877 1018 μὴ

290 1041 580 1111 προσέχειν
606 1040 697 1092 τὸν
718 1038 864 1094 νοῦν.
905 1037 1203 1108 ’Δναϐολῆς
1236 1039 1417 1093 τοίνυν
1465 1041 1569 1109 τῆς
1616 1038 1746 1110 περὶ
1774 1038 1878 1110 τὴν

294 1133 575 1203 βασιλείαν
611 1131 848 1186 καθόδου
869 1131 1009 1195 τέως
1038 1132 1406 1203 ἐγγινομένης
1434 1131 1584 1203 αὐτῷ
1611 1132 1878 1203 ἐνεχείρει

291 1226 367 1288 ὡς
408 1223 632 1294 βασιλέα
658 1222 916 1291 γενέσθαι
958 1221 1270 1292 Ῥωμαίων.
1314 1224 1371 1277 '0
1406 1222 1506 1294 μὲν
1566 1222 1667 1277 οῦν
1720 1224 1880 1278 Μαυ-

298 1316 473 1387 ρίκιος
502 1313 602 1385 τὴν
625 1313 820 1369 τούτου
851 1314 1037 1383 ἔφεσιν
1081 1312 1357 1382 διαγνοὺς,
1390 1314 1681 1386 γράμμασι
1722 1314 1882 1382 βασι-

295 1409 464 1472 λείοις
487 1406 586 1478 τὴν
612 1407 688 1471 ὡς
720 1405 883 1461 αὑτὸν
906 1404 1167 1476 ἐνδημίαν
1198 1406 1479 1469 ἐνέκοπτε,
1510 1406 1671 1476 δόξης
1704 1407 1878 1476 ὑπερ·

292 1501 473 1573 ορῶν,
531 1503 632 1573 τήν
686 1518 746 1554 τε
802 1499 898 1553 τοῦ
953 1499 1298 1563 συνοίσοντος
1369 1499 1612 1553 ἐπίδοσιν
1660 1499 1881 1573 Χοσρόῃ

301 1591 856 1663 πραγματευόμενος.
886 1591 1122 1644 Διενοῖτο
1144 1589 1253 1660 γὰρ
1276 1592 1351 1653 ὡς
1381 1591 1439 1643 ού
1467 1590 1549 1643 δεῖ
1577 1589 1767 1661 ττόρρω
1785 1592 1883 1661 τῆς

295 1681 529 1752 Περσῶν
560 1680 838 1743 πολιτείας
865 1680 1258 1750 μεταχωρῆσαι
1310 1678 1525 1746 τοῦτον,
1553 1678 1641 1733 ἴνα
1678 1679 1755 1749 μὴ
1804 1678 1883 1750 τῷ

296 1772 493 1841 Βαρὰμ
528 1772 725 1839 πάγιον
755 1768 1004 1824 ἐντεῦθεν
1025 1770 1086 1824 τδ
1117 1770 1214 1841 τῆς
1247 1769 1561 1840 τυραννίδος
1594 1768 1885 1840 καθιδρυν-

1982 584 2188 656 lcgavit
2220 586 2287 641 ad
2318 585 2602 642 Chaldaeos
2652 587 2961 643 habitantes
3008 586 3382 659 Martyropoli,
3435 606 3572 645 neve

1986 676 2114 744 quid
2146 675 2410 746 praesidiis
2430 676 2667 743 deesset,
2697 692 2835 732 neve
2884 678 2973 744 iis,
2996 693 3117 748 quae
3144 680 3321 751 palam
3342 681 3564 751 egisset,

1992 777 2332 835 apponerent
2379 768 2644 824 animum.
2675 768 2981 826 Occasione
3018 771 3183 840 igitur
3217 772 3423 827 reditus
3465 773 3570 828 sibi

1986 856 2133 913 facta
2168 857 2221 912 in
2250 874 2499 928 regnum,
2544 862 2611 915 ad
2662 862 3049 932 imperatorem
3081 864 3442 919 Romanorum
3474 878 3569 919 ve-

1986 949 2107 1004 nire
2130 948 2385 1003 instituit.
2412 948 2593 1016 Quare
2613 951 2907 1009 Mauricius
2923 968 3043 1008 cum
3060 954 3379 1010 rescisceret
3408 955 3570 1026 hujus

1986 1038 2340 1103 desiderium,
2375 1039 2572 1096 litteris
2600 1043 2765 1113 regiis
2790 1057 2859 1099 ne
2887 1058 2947 1100 se
2977 1044 3153 1101 adiret
3186 1046 3393 1112 vetuit,
3444 1061 3574 1101 cou-

1986 1136 2244 1184 temnens
2284 1129 2584 1200 imperator
2632 1131 2882 1200 gloriam,
2935 1144 2990 1189 et
3024 1135 3077 1190 in
3108 1135 3369 1191 Chosrois
3412 1136 3575 1192 simul

1992 1219 2229 1275 utilitate
2252 1228 2307 1276 et
2349 1220 2640 1276 commodo
2683 1221 3013 1278 allaborans.
3043 1224 3257 1280 Putavit
3283 1227 3430 1282 enim
3470 1243 3574 1282 nou

1995 1311 2233 1379 amplius
2260 1311 2336 1367 illi
2365 1313 2763 1382 procedendum
2794 1328 2915 1369 esse
2947 1314 3013 1368 ad
3040 1314 3330 1371 Persarum
3357 1334 3577 1387 rempu-

1990 1404 2208 1469 blicam,
2258 1419 2326 1461 ne
2357 1406 2431 1460 ita
2460 1421 2491 1461 a
2524 1405 2756 1461 Baramo
2785 1413 3065 1477 occupatae
3111 1410 3384 1479 tyrannidi
3418 1410 3569 1465 iuva-
3612 1458 3615 1461 .

1992 1494 2227 1551 [escendi
2264 1496 2771 1554 subministraretur
2814 1508 3218 1569 argumentum.
3258 1499 3447 1556 Primo
3479 1515 3579 1555 au-
3616 1543 3621 1553 .

1996 1602 2101 1648 tem
2131 1608 2259 1649 vere
2306 1594 2577 1651 Chosroes
2621 1595 2687 1650 ad
2722 1610 2908 1664 regem
2950 1596 3136 1662 mittit,
3187 1595 3456 1664 tertiaque
3493 1595 3581 1650 die
3614 1644 3617 1651 ,

1996 1694 2293 1741 convocata
2327 1686 2394 1740 ab
2433 1686 2764 1755 imperatore
2789 1687 3075 1753 concione,
3104 1701 3226 1742 cum
3258 1687 3464 1741 honore
3492 1687 3578 1740 in-

1992 1774 2138 1844 genti
2168 1775 2427 1831 adoratur
2467 1792 2496 1830 a
2529 1776 2745 1846 legatis.
2788 1776 2977 1847 ltaque
2999 1778 3220 1833 silentio
3251 1778 3457 1833 indicto
3488 1792 3577 1833 se-

296 1867 420 1936 θείη
472 1866 808 1937 ἐγχείρημα.
848 1863 1026 1937 *Ηρος
1084 1864 1129 1918 δ’
1181 1864 1491 1937 ἀρχομένου
1551 1864 1581 1917 ὁ
1635 1864 1887 1935 Χοσρόης

2002 1866 2165 1932 natui,
2198 1881 2262 1920 ac
2310 1865 2559 1923 libertate
2603 1866 2786 1923 Persis
2820 1869 2888 1924 ab
2920 1868 3247 1936 imperatore
3300 1868 3465 1933 facta,
3516 1884 3579 1924 ea
3616 1932 3619 1935 ν

294 1958 557 2027 πρέσϐεις
599 1960 655 2021 ἐς
683 1956 911 2029 βασιλέα
971 1954 1304 2027 ἐξέπεμψεν.
1351 1955 1411 2008 '0
1469 1955 1569 2027 μέν
1599 1954 1693 2009 οῦν
1725 1955 1883 2009 αὑτο-

297 2050 520 2121 κρὰτωρ
552 2048 852 2120 βασιλικῶς
898 2046 1227 2116 Ἐκκλησίαν
1279 2045 1441 2118 τρίτῃ
1495 2048 1885 2118 συγκροτήσας

298 2141 506 2211 ἡμέρᾳ,
548 2140 828 2211 ἐπιφανῶς
872 2139 1260 2209 προσκυνεῖται
1286 2137 1391 2192 ὑπὸ
1418 2137 1528 2190 τῶν
1576 2137 1884 2208 πρέσϐεων.

1989 1970 2110 2024 quae
2164 1955 2431 2010 baberent
2484 1956 2817 2025 exponendi,
2879 1959 3041 2029 187
3092 1958 3389 2029 primarius
3437 1959 3581 2012 inter

1994 2046 2197 2118 legatos
2214 2048 2454 2118 profusis
2477 2048 2755 2121 lacrymis,
2771 2065 2834 2104 ac
2859 2050 2986 2105 inde
3005 2061 3220 2121 captata
3239 2049 3581 2121 imperatoris
3612 2112 3616 2117 _

1999 2137 2369 2202 miseratione,
2412 2139 2463 2192 in
2500 2138 2765 2207 ejusmodi
2803 2140 2967 2195 verba
2993 2140 3152 2195 dixit.

306 2231 527 2303 Σιωπῆς
562 2232 742 2285 τοίνυν
767 2229 1203 2301 δαψιλευομένης
1229 2228 1307 2299 τῷ
1341 2226 1624 2299 συνεδρίῳ,
1672 2229 1766 2282 καὶ⁸
1825 2226 1920 2282 τοῦ
1960 2227 2232 2299 βασιλέως
2291 2229 2475 2285 ἄδειαν
2506 2231 2681 2300 λόγων
2713 2232 2986 2296 ἐκθέσεως
3020 2232 3428 2295 ἀποδεδωκότος
3467 2234 3580 2296 τοῖς

302 2322 567 2392 Πέρσαις,
600 2325 629 2377 ό
678 2322 1106 2395 τῶνιπρέσϐεων
1146 2320 1579 2391 ἐπιφανέστερος
1624 2320 1972 2391 προ-πιαίνων
2033 2320 2113 2393 τῷ
2147 2321 2368 2394 δακρύῳ
2438 2323 2531 2378 τὸν
2587 2323 2745 2393 λόγον
2774 2364 2790 2392 ,
2838 2321 3137 2380 κάντεῦθεν
3186 2324 3314 2388 τοὺς
3369 2323 3581 2395 βασιλι-

301 2418 432 2479 κοὺς
462 2416 783 2486 οίκτιρμοὺς
822 2414 1274 2487 ἀποθηρώμενος,
1308 2413 1476 2467 τῶνδε
1510 2411 1620 2466 τῶν
1664 2414 1844 2482 λόγων
1884 2412 2195 2484 ἀπήρξατο.

373 2508 451 2581 (ί)
510 2507 828 2578 Λεχθέντων
860 2507 918 2561 δὲ
972 2505 1181 2577 μεταξὺ
1240 2505 1454 2559 πολλῶν
1519 2505 1618 2561 καὶ
1680 2505 1890 2560 τούτων

299 2599 447 2654 οὓτω
493 2600 927 2670 διαλαληθέντων
983 2600 1088 2654 ὑπὸ
1135 2597 1243 2653 τῶν
1289 2596 1600 2669 πρέσϐεων,
1652 2598 1748 2652 καὶ
1791 2597 1892 2668 τῆς

302 2692 585 2760 ἀξιώσεως
610 2691 669 2745 τὸ
695 2692 920 2746 πιθανὸν
957 2692 1053 2745 καὶ
1079 2691 1343 2762 ἐπίχαρες
1364 2690 1802 2761 κληρωσαμένης
1823 2690 1891 2761 τῇ

302 2784 495 2856 εὐροίᾳ
519 2784 612 2838 τοῦ
639 2784 823 2854 λόγου,
842 2785 947 2838 ὑπό
962 2801 1021 2838 τε
1047 2784 1145 2854 τῆς
1170 2783 1366 2854 βουλῆς
1389 2786 1486 2839 καὶ
1505 2783 1599 2837 τοῦ
1624 2782 1893 2854 αὐτοκρά-

304 2895 463 2949 τορος
504 2877 891 2948 δογματίζεται
938 2876 1325 2947 ἐπικουρήσειν
1352 2876 1430 2947 τῷ
1482 2877 1699 2949 Χοσρόῃ
1758 2875 1893 2929 Ῥω-

206 3001 210 3004 “
307 2971 522 3041 μαίους,
545 2969 699 3040 τῷ,δέ
726 2967 923 3038 Βαράμ
940 2968 1118 3038 κάρτα
1144 2968 1340 3039 κομιδῇ
1373 2968 1893 3040 παρασκευάζεσθαι

307 3059 572 3129 πόλεμον
641 3056 862 3121 ἀνάξιον
921 3056 1204 3120 Λατινίδος
1238 3057 1415 3127 ἀρχῆς
1462 3056 1555 3111 τοῦ
1617 3056 1886 3127 βασιλέως

310 3150 618 3220 κρίναντος,
690 3149 833 3203 ὅπλα
892 3150 1009 3211 τοῖς
1059 3148 1308 3203 ἀδικοῦσι
1360 3148 1735 3220 παρέχεσθαιο
1795 3151 1891 3205 καὶ
1918 3132 1965 3195 c

311 3240 754 3309 προκινδυνεύειν
780 3239 874 3293 τοῦ
908 3239 983 3312 μὴ
1012 3239 1180 3295 καλοῦ
1212 3240 1302 3295 διὰ
1329 3239 1421 3294 τδν
1447 3240 1613 3308 ὄγκον
1644 3240 1743 3311 τῆς
1760 3241 1893 3296 ὐπο-

311 3331 576 3401 σχέσεως,
636 3333 733 3385 καὶ
790 3331 1102 3400 Ῥωμαίους
1129 3331 1418 3402 αἰσχίστην
1467 3331 1894 3404 ἀναδεξαμένους

312 3422 593 3488 ὑπόθεσιν,
629 3422 915 3487 ἀθανάτοις
952 3422 1181 3477 ὀνείδεσι
1210 3420 1297 3476 διᾶ
1346 3423 1549 3487 παντὸς
1583 3422 1895 3495 στηλιτεύε-

316 3514 467 3570 σθαι.
496 3515 578 3569 Τὰ
605 3516 702 3586 μὲν
733 3511 826 3569 οῦν
878 3515 1008 3586 περλ⁵
1032 3514 1126 3568 τοῦ
1157 3515 1432 3585 δόγματος
1465 3515 1523 3578 ἐς
1553 3514 1773 3585 ἐκείνην
1796 3514 1894 3586 τὴν

317 3606 535 3676 ἡμέραν
556 3606 684 3675 περὶ
703 3607 765 3659 τὸ
805 3606 1070 3676 βασίλειον
1106 3607 1239 3662 ἄστυ
1280 3606 1461 3677 ἐξήχει
1492 3607 1615 3660 τότε
1643 3607 1738 3661 καὶ
1798 3607 1897 3661 ἐπ-

316 3694 579 3759 επόλαζε.
638 3697 945 3767 Πεμπταῖοι
997 3697 1044 3750 δ’
1111 3698 1161 3750 οί
1197 3696 1455 3767 πρέσϐεις
1497 3696 1895 3767 είσφρήσαντες

319 3785 459 3856 πρὸς
491 3786 583 3843 τὸν
616 3786 893 3857 Καίσαρα,
950 3786 1143 3858 δώροις
1187 3786 1652 3856 διακοσμηθέντες
1688 3785 1899 3856 βασιλι-

318 3880 459 3943 κοῖς,
489 3879 547 3931 ἐν
569 3878 862 3948 γράμμασι
893 3878 953 3932 τὸ
984 3878 1134 3949 παρὰ
1159 3879 1266 3932 τῶν
1298 3878 1562 3949 βασιλέων
1593 3877 1900 3948 ἀποφέρον-

316 3988 407 4024 ται
435 3971 717 4039 ψήφισμα.
737 3970 912 4023 Τόντε
937 3970 1009 4022 Σα
1036 3968 1423 4041 [Scaptium]...
1452 3970 1554 4037 μὲν
1584 3968 1680 4023 καὶ
1701 3971 1903 4040 Χοσρο-

319 4063 582 4131 περόζην,
610 4062 734 4126 τούς
752 4079 811 4114 τε
841 4062 1034 4125 ἄλλους
1066 4063 1191 4126 τοὺς
1215 4064 1315 4134 ἢδη
1347 4063 1613 4132 πρότερον
1643 4061 1784 4115 κατὰ
1808 4060 1900 4115 τὸν

320 4154 413 4208 τοῦ
462 4154 702 4225 πολέμου
763 4155 1184 4227 καιρδνδῄρήκει
1217 4155 1278 4206 τὸ
1312 4153 1646 4224 Ῥωμαϊκὸν,
1680 4153 1708 4205 ὁ
1740 4152 1931 4229 αὐτο-ν

323 4248 546 4317 κράτωρ
579 4250 634 4308 ἐς
660 4248 908 4317 Χοσρὸην
938 4247 1053 4316 ἃμα
1091 4249 1205 4309 τοῖς
1233 4245 1528 4316 πρέσϐεσιν
1585 4245 1904 4310 ἐξαπέστει-

323 4335 441 4389 λεν.
474 4335 531 4388 '0
561 4335 618 4388 δέ
652 4337 899 4406 Χοσρόης
946 4336 1016 4389 τὰ
1052 4338 1108 4388 ἐν
1135 4335 1212 4407 τῷ
1245 4335 1436 4406 βιϐλίῳ
1490 4334 1583 4388 τοῦ
1636 4334 1905 4405 βασιλέως

323 4427 596 4495 διαγνοὺς,
646 4428 745 4497 τήν
800 4444 861 4480 τε
886 4426 996 4482 τῶν
1029 4428 1320 4498 Ῥωμαίων
1365 4425 1627 4494 ἀγασθεὶς
1675 4424 1896 4495 ἀρετὴν,

322 4515 422 4585 τὴν
476 4516 627 4587 ίερᾶιν
682 4518 834 4571 πόλιν
892 4519 1233 4583 καταλιπὼν,
1278 4518 1396 4589 ἅμα
1447 4516 1801 4588 Κομεντιόλῳ
1847 4518 1904 4580 ἐς

325 4608 742 4662 Κωνσταντίναν
786 4609 847 4661 τὺ
877 4609 1012 4663 ἄστυ
1039 4610 1268 4680 ἀφίκετο
1289 4626 1302 4640 ·
1341 4609 1541 4682 μικροῦ
1576 4628 1636 4664 τε
1669 4610 1899 4681 ὕστερον

327 4699 424 4752 καὶ
457 4700 485 4750 ὁ
521 4699 618 4768 τῆς
658 4699 951 4772 Μελιτινῆς
996 4700 1279 4771 προεστὼς
1309 4704 1326 4761 (
1346 4704 1672 4771 Δομετιανὸς
1726 4700 1770 4753 δ’
1801 4701 1910 4771 ἄρα

327 4783 535 4859 οὗτος),
564 4790 871 4861 βασιλικαῖς
899 4794 1203 4864 ὑποθήκαις
1232 4794 1446 4863 γίνεται
1472 4792 1612 4864 πρὸς
1632 4793 1907 4864 Χοσρόην*

325 4880 385 4945 ὃς
406 4881 539 4953 πρὸς
565 4881 719 4952 γένος
742 4884 1105 4955 συνῆπταιτῷ
1129 4883 1359 4954 βασιλεῖ,
1375 4883 1473 4955 τὴν
1497 4884 1665 4954 τιμὴν
1699 4884 1905 4955 ἱερεὺς,

334 4971 435 5043 τὴν
485 4972 541 5026 δέ
579 4974 709 5046 περὶ
761 4975 854 5028 τδν
916 4974 1029 5045 βίον
1059 4974 1409 5046 κατασκευὴν
1448 4974 1761 5047 ἱερώτερος,
1820 4973 1913 5026 τὸν

330 5061 491 5133 λόγον
520 5064 669 5133 ἡδὺς,
695 5064 795 5134 τὴν
816 5066 1017 5136 πρᾶξιν
1050 5068 1245 5137 ταχὺς,
1300 5065 1401 5137 τὴν
1446 5065 1759 5135 συμϐουλὴν
1811 5066 1911 5135 έμ-

328 5152 713 5223 φρονέστατος.
758 5154 1059 5210 Συνείπετο
1110 5157 1167 5210 δέ
1214 5155 1362 5226 αὐτῷ
1396 5157 1484 5209 ὅτε
1533 5154 1836 5225 Γρηγόριος
1889 5155 1918 5207 6

326 5244 427 5313 τῆς
464 5244 789 5314 Ἀντιοχέων
819 5246 912 5299 τοῦ
964 5247 1247 5320 ἱερατικοῦ
1309 5246 1700 5319 ἐξηγούμενος.
1729 5245 1916 5310 Ἔδοξε

327 5335 439 5406 γὰρ
466 5337 560 5389 καὶ
591 5336 752 5391 τοῦτο
774 5338 853 5409 τῷ
885 5339 1125 5411 βασιλεῖ⁹
1160 5340 1259 5395 καὶ
1313 5340 1612 5411 μετεφοίτα
1652 5340 1791 5412 πρὸς
1815 5340 1918 5410 τὴν

332 5424 535 5494 πρᾶξιν
561 5426 590 5479 ὁ
634 5427 813 5498 λόγος.
860 5431 1347 5502 Παραγενηθέντες
1395 5431 1531 5500 γοῦν
1584 5432 1634 5484 οἱ
1669 5431 1837 5501 ίερεῖς
1860 5430 1919 5492 ἐς

333 5517 778 5588 Κωνσταντίναν,
820 5521 1004 5591 λόγοις
1028 5525 1121 5577 καῖ
1156 5524 1351 5594 δώροις
1396 5522 1753 5595 παρηγοροῦν
1776 5523 1919 5575 X03-

336 5607 491 5680 ρόην,
525 5611 831 5677 ἐπιτεύξεις
863 5614 1098 5668 ἐλπίδων
1127 5615 1499 5686 ἁθυμουμένῳ
1526 5614 1912 5684 διατιθέμενοι.

407 5766 488 5837 (l)
522 5766 687 5841 Marg.
722 5771 883 5842 Ζήτει
919 5774 978 5827 ἐν
1017 5772 1099 5843 τῷ
1127 5773 1264 5841 Περὶ
1292 5773 1681 5843 δημηγορίας.

1936 4476 1983 4535 D

2070 2507 2298 2564 Collatis
2327 2510 2583 2581 utrinque
2619 2524 2749 2567 vero
2794 2509 2999 2578 multis,
3026 2521 3081 2566 et
3112 2510 3199 2566 his
3227 2510 3302 2565 ita
3325 2525 3357 2566 a
3389 2509 3582 2581 legatis

1999 2599 2186 2665 dictis,
2220 2615 2283 2657 ac
2310 2602 2578 2670 petitione
2609 2601 2861 2658 facundia
2892 2603 3161 2659 sermonis
3192 2609 3576 2672 extorquente,

2002 2699 2062 2746 ut
2099 2706 2222 2763 qua:
2274 2702 2624 2764 proponeret,
2665 2694 3028 2762 probarentur
3082 2709 3147 2749 ac
3198 2693 3499 2764 placerent,
3552 2709 3589 2749 α

1999 2793 2190 2838 senatu
2238 2784 2401 2839 simul
2445 2794 2499 2841 et
2547 2787 2617 2841 ab
2670 2785 3001 2855 imperatore
3046 2785 3325 2842 decretum
3364 2793 3469 2848 est,
3524 2794 3584 2837 ut

1998 2873 2226 2930 Chosroi
2259 2874 2492 2930 Romani
2537 2875 2969 2946 opitularentur,
3016 2876 3353 2947 Baramoquc
3380 2877 3592 2931 adnixo.

2000 2964 2186 3021 studio
2216 2964 2416 3021 bellum
2444 2968 2708 3034 tacerent,
2742 2969 2941 3038 quippe
2982 2982 3106 3023 cum
3148 2968 3428 3039 indignum
3479 2968 3582 3023 La-

2003 3056 2115 3113 tino
2140 3056 2416 3127 judicaret
2457 3057 2753 3125 imperator
2796 3058 3061 3129 imperio,
3094 3060 3139 3114 si
3181 3075 3285 3116 non
3322 3062 3582 3132 praevari-

1995 3158 2119 3205 cato
2161 3164 2250 3205 res
2284 3159 2476 3204 contra
2528 3163 2683 3229 arma
2739 3158 3013 3219 sumeret,
3069 3152 3580 3223 periclitareturque

1993 3248 2175 3319 potius
2201 3249 2277 3303 rei
2309 3264 2412 3303 non
2444 3249 2685 3303 honestae
2713 3250 2887 3318 gratia
2922 3259 3142 3321 propter
3167 3252 3416 3321 promissi
3455 3268 3570 3305 ma-

1996 3334 2354 3405 gnitudinem,
2406 3349 2470 3389 ac
2520 3333 2751 3390 Rutuani
2800 3346 3083 3393 contracta
3128 3340 3420 3415 ignominia
3472 3356 3581 3394 non

1997 3418 2385 3475 obliviscendis
2416 3421 2467 3474 in
2518 3430 2785 3477 aeternum
2831 3425 3138 3494 opprobriis
3175 3428 3379 3497 passim
3428 3428 3584 3484 ditia-

1999 3519 2300 3565 marentur.
2346 3509 2561 3567 Decreti
2614 3514 2779 3586 igitur
2824 3513 2990 3585 hujus
3040 3517 3219 3572 adhuc
3269 3519 3458 3573 eadem
3494 3521 3586 3573 die

1997 3618 2097 3674 per
2134 3604 2323 3659 urbem
2356 3606 2561 3677 regiam
2612 3608 2884 3664 sententia
2924 3611 3317 3679 pronuntiatur
3348 3621 3402 3667 et
3450 3627 3581 3683 pro-

2003 3696 2292 3767 mulgatur.
2326 3697 2508 3763 Quinti
2544 3715 2676 3754 vero
2708 3701 2760 3755 hi
2808 3701 2970 3772 legati
3016 3702 3237 3758 admissi
3287 3705 3349 3757 ad
3403 3704 3584 3759 Caesa-

2002 3800 2139 3848 rem,
2165 3784 2427 3854 donisque
2449 3788 2627 3840 ornati
2653 3786 2837 3854 regiis,
2868 3788 3065 3842 litteris
3093 3788 3410 3855 inscriptam
3441 3790 3601 3861 regis.

2002 3874 2328 3930 sententiam
2392 3889 2575 3929 secum
2624 3873 2826 3930 ferunt.
2882 3874 3153 3930 Praeterea
3216 3875 3482 3932 Saramen
3530 3887 3589 3932 ct

2003 3964 2472 4034 Chosroperozen,
2506 3964 2754 4034 aliosque
2780 3964 2892 4032 jam
2930 3973 3057 4020 ante
3089 3965 3217 4022 belli
3247 3976 3489 4038 tempore
3519 3970 3593 4023 ab

2003 4055 2267 4111 Romanis
2308 4066 2497 4124 captos
2526 4057 2592 4111 ad
2639 4055 2948 4112 Chrosroen
2981 4057 3280 4126 Imperator
3312 4074 3419 4113 una
3463 4073 3605 4120 cum~

2006 4147 2197 4219 legatis
2233 4147 2463 4202 remisit.
2515 4148 2585 4203 At
2628 4146 2903 4204 Chosroes
2952 4149 3114 4220 regiis
3158 4149 3315 4205 lectis
3362 4149 3584 4213 litteris,

2007 4239 2236 4293 miratus
2268 4238 2424 4293 istam
2453 4237 2818 4295 Romanorum
2849 4238 3129 4305 virtutem,
3162 4241 3351 4296 relicta
3394 4241 3588 4301 Hiera.-

2007 4328 2136 4398 poli,
2160 4327 2319 4382 simul
2346 4342 2469 4383 cum
2500 4327 2842 4385 Comentiolo
2875 4329 2943 4384 ad
2978 4330 3165 4386 urbem
3200 4332 3416 4387 devenit
3440 4330 3587 4385 Con-

2010 4419 2302 4475 stantinam
2329 4437 2341 4475 :
2378 4433 2478 4474 nec
2511 4419 2677 4474 multo
2704 4428 2825 4490 post
2857 4422 3083 4477 antistes
3114 4421 3366 4477 Melitiua:
3401 4422 3587 4481 Domi-

2012 4513 2211 4581 tianus,
2250 4512 2404 4583 jussu
2436 4514 2579 4584 regis
2618 4513 2683 4568 ad
2734 4512 3014 4575 Chosroeu
3065 4516 3233 4580 venit,
3262 4518 3350 4590 qui
3410 4515 3591 4572 Domi-

2012 4606 2193 4660 tianus
2264 4612 2527 4675 cognatus
2587 4614 2706 4662 erat
2783 4606 3170 4677 imperatoris,
3252 4607 3591 4678 professione

2011 4699 2292 4765 sacerdos,
2328 4700 2610 4767 praestanti
2644 4701 2767 4754 vitae
2797 4702 3182 4765 sanctimonia,
3210 4704 3455 4756 oratione
3478 4701 3592 4771 pla-

2011 4790 2186 4855 cidus,
2235 4792 2301 4851 ad
2351 4793 2565 4860 negotia
2627 4792 2960 4848 conﬁcienda
2993 4794 3187 4859 solers,
3221 4796 3449 4852 consilio
3500 4812 3591 4849 sa-

2012 4881 2377 4952 pientissimo.
2430 4882 2736 4953 Adjunctus
2787 4884 2863 4938 illi
2898 4885 3010 4939 ibat
3057 4884 3352 4955 Gregorius
3399 4888 3593 4942 Antio-

2013 4974 2201 5027 chense
2250 4986 2454 5042 praeses
2492 4970 2767 5028 Ecclesiae.
2824 4961 2957 5027 Nam
2996 4982 3052 5028 et
3094 4975 3196 5029 hoc
3212 4975 3437 5029 -volebat
3476 4991 3592 5037 rex.

2015 5074 2071 5118 et
2108 5063 2561 5133 quemadmodum
2595 5064 2786 5131 voluit,
2821 5065 2897 5120 ita
2930 5065 3133 5121 factum
3164 5076 3270 5121 est.
3306 5066 3438 5122 Cum
3465 5084 3591 5137 ergo

2016 5154 2269 5237 sacerdos
2314 5162 2544 5225 uterque
2592 5154 2965 5212 Constantina:
3013 5166 3193 5224 esset,
3253 5160 3596 5213 sermonibus

2017 5258 2081 5299 ac
2132 5245 2447 5301 muneribus
2495 5244 2853 5311 delinientes,
2903 5247 3146 5304 melioris
3190 5249 3303 5317 spei
3356 5250 3595 5304 desolato

2017 5350 2168 5406 spem
2198 5335 2465 5392 fecerunt.
2509 5337 2688 5403 Quare
2729 5338 2998 5395 Chosroes
3047 5355 3143 5409 per
3170 5338 3379 5395 Nisibin
3411 5343 3593 5397 missis

2021 5428 2251 5500 legatis,
2301 5428 2482 5486 Persis
2529 5431 2583 5484 in
2636 5432 2952 5487 memoriam
3003 5441 3162 5488 vocat
3209 5433 3592 5488 beneﬁciorum

2022 5522 2075 5576 in
2113 5522 2337 5589 stirpem
2384 5522 2608 5592 regiam,
2655 5521 2949 5576 admonitis
2996 5536 3101 5576 una
3156 5522 3435 5577 concionls
3487 5538 3598 5577 suae

2023 5613 2383 5679 auditoribus,
2432 5613 2577 5693 quod
2621 5623 2854 5671 tvranno
2894 5629 2994 5671 nec
3035 5613 3323 5673 favendum
3357 5617 3448 5684 sit,
3497 5632 3597 5671 nec
