3954 6210
403 376 510 444 9ι7
1240 381 1640 449 EXCERPTA
1676 383 1783 446 EX
1819 382 2423 451 THEOPHYLACTO
2460 388 2887 451 SIMOCATTA
3610 390 3732 455 948

406 490 817 564 ιεοηΐιίηεεηὰω
872 493 1016 564 leges
1075 502 1309 559 veteres,
1372 513 1433 553 ac
1486 499 1694 569 patriar,
1744 515 1865 571 quae
1916 511 1995 557 tot

2112 502 2171 557 '0
2200 505 2299 575 μέν
2326 504 2419 558 οὐν
2459 505 2711 576 Χοσρόης
2743 505 2846 558 ἀνά
2872 505 2975 576 τὴν
3022 504 3242 559 Νίσιϐιν
3275 505 3565 577 πρέσϐεις
3610 506 3731 559 ὰπ-

404 585 532 639 iude
560 583 673 654 jam
710 584 870 638 annis
906 584 960 637 in
1004 584 1296 641 Persarum
1335 589 1445 644 sint
1485 592 1790 647 observata:
1834 608 1994 663 repu-

2100 594 2367 661 έστελλεν,
2397 597 2836 667 ἀναμιμνήσκων
2859 596 3078 667 Πέρσας
3109 596 3214 668 τῆς
3239 597 3459 661 εὐνοίας
3487 596 3624 668 τῆς
3665 601 3731 663 ἐς

405 678 577 741 Ιιιὶεσ,
609 677 860 747 quodque
885 692 1229 749 nequaquam
1256 695 1286 736 a
1322 697 1502 737 rerum
1534 699 1799 741 novarum
1834 688 1992 743 moli-

2100 688 2150 741 τὸ
2178 687 2449 759 βασίλειον
2480 690 2660 759 γένος,
2688 690 3027 761 παρακαλῶν
3053 689 3130 761 τῷ
3164 692 3337 762 ἱππίῳ
3359 692 3458 763 τῆς
3484 707 3734 762 παραι-

408 771 647 825 tiunibus
679 770 964 840 turpitudo
990 773 1155 841 absit,
1193 783 1247 830 et
1280 775 1596 846 ignominia.

2100 781 2312 844 Ιθέσεως,
2343 783 2419 846 ὡς
2448 782 2510 835 οὐ
2541 782 2622 836 δεῖ
2641 783 2923 854 τυράννων
2961 783 3215 851 ἐξουσίας
3236 783 3580 855 ἀνέχεσθαι,
3627 783 3730 857 καὶ

401 862 758 935 καθυϐρίζειν
791 866 959 937 νόμον
986 868 1215 939 ἀρχαῖον
1238 871 1331 924 καὶ
1373 870 1602 943 πάτριον
1631 875 1984 946 γεγηρακότα
2008 877 2077 946 τῇ
2108 876 2331 948 Περσῶν
2386 878 2657 952 βασιλείᾳ,
2684 881 2781 934 καὶ
2824 880 3095 951 μηδέποτε
3133 879 3213 951 τῷ
3254 879 3526 951 νεωτέρῳ
3612 879 3731 947 τῆς

398 958 779 1027 καθαιρέσεως
802 960 1245 1031 ἀπενεγκόμενον
1274 964 1336 1017 τὸ
1370 964 1649 1037 ἀδόκιμον.

478 1051 630 1116 Quod
655 1049 744 1105 ubi
771 1049 1002 1107 Baramo
1028 1053 1260 1122 primum
1292 1056 1547 1122 innotuit,
1578 1059 1645 1114 de
1666 1070 1991 1118 conservato

403 1141 666 1204 (Ihosroe,
702 1142 1123 1212 bumauiterque
1154 1160 1185 1199 a
1219 1143 1478 1202 Romanis
1501 1159 1749 1219 excepto,
1780 1152 1990 1224 legatos

402 1234 584 1300 misit,
634 1248 835 1291 cavens
874 1236 1215 1307 imperatori,
1268 1253 1337 1295 ne
1389 1239 1658 1299 Chosroes
1716 1259 1988 1316 quaquam

403 1326 642 1383 fortunis
692 1328 1026 1395 subveniret,
1072 1339 1264 1400 pactus
1294 1332 1415 1389 ideo
1444 1344 1498 1389 et
1540 1336 1729 1393 urbem
1778 1336 1987 1395 Nisibin

401 1418 672 1475 Romanis
703 1433 764 1477 se
789 1423 1067 1490 daturum,
1096 1433 1149 1479 et
1196 1425 1311 1481 loca
1346 1441 1519 1497 usque
1550 1428 1774 1485 ﬂuvium
1811 1430 1990 1500 Tigri-

406 1510 553 1565 dem.
583 1509 690 1567 Sed
716 1512 973 1583 quoniam
1002 1530 1110 1570 non
1142 1514 1466 1573 ille.Baram
1493 1530 1634 1587 erat,
1665 1520 1756 1590 qui
1788 1535 1986 1577 nomen

404 1602 617 1673 regium
652 1605 1014 1675 extingueret,
1052 1608 1371 1665 frustratum
1408 1612 1529 1667 fuit.

2171 1058 2402 1129 Ὅτιτῷ
2433 1058 2631 1130 Βαράμ
2689 1059 2811 1113 ἐπεὶ
2862 1058 3167 1129 κατάδηλον
3220 1059 3447 1129 γέγονεν
3481 1060 3582 1124 ὡς
3635 1061 3728 1115 δι-

2096 1152 2276 1223 εσώθη
2328 1154 2357 1205 ὁ
2388 1152 2675 1223 Χοσρόης·
2740 1154 2889 1217 ὅπως
2943 1170 3004 1208 τε
3047 1151 3305 1223 Ῥωμαῖοι
3342 1153 3730 1224 φιλοφρόνως

2098 1246 2260 1302 αὐτὸν
2298 1245 2642 1312 ἀνεδέξαντο,
2686 1246 2949 1315 πρέσϐεις
2985 1245 3317 1317 ἐξέπεμψεν,
3360 1246 3547 1314 ἀξιῶν
3619 1249 3721 1301 τὸν

2096 1339 2479 1410 αὐτοκράτορα
2517 1338 2784 1409 μηδαμῶς
2804 1340 2926 1402 ταῖς
2947 1338 3191 1410 Χοσρόου
3227 1338 3423 1410 τύχαις
3462 1343 3725 1394 ἐπικουο

2098 1436 2234 1503 ρεῖν,
2278 1432 2750 1503 διισχυριζόμενος
2780 1432 3002 1486 Νίσιϐίν
3029 1448 3088 1485 τε
3120 1432 3275 1486 πόλιν
3325 1434 3718 1500 παραδιδόναι

2108 1526 2423 1597 Ῥωμαίοις,
2460 1526 2557 1579 κα)⁸
2607 1525 2675 1579 τά
2702 1526 2830 1596 ἄχρι
2883 1525 3137 1597 Τίγριδος
3184 1527 3458 1596 ποταμοῦ.
3498 1528 3571 1579 Ὀ
3608 1529 3721 1597 μὲν

2097 1612 2190 1674 οὖν
2219 1619 2417 1689 Βαράμ
2464 1616 2744 1688 τηνάλλως
2776 1617 3047 1672 ἐπλανᾶτο
3068 1634 3081 1648 ·
3119 1618 3178 1672 οὐ
3220 1620 3332 1690 γάρ
3363 1614 3480 1684 οἷός
3510 1637 3586 1673 τε
3644 1616 3720 1691 ἦν

2096 1710 2429 1783 διαφθείρειν
2448 1708 2547 1780 τὴν
2577 1709 2669 1762 τοῦ
2711 1710 2978 1781 βασιλέως
3019 1711 3282 1781 ἰδιότητα.

481 1795 645 1866 188
690 1796 844 1864 Quod
874 1810 934 1852 re
954 1806 1144 1853 contra
1174 1801 1311 1856 Bara
1324 1818 1466 1857 mum
1490 1803 1627 1860 bene
1655 1805 1995 1876 feliciterque

2170 1804 2293 1856 Ὀτι
2328 1803 2467 1873 μετά
2495 1802 2604 1857 τῶν
2650 1803 3161 1874 ἀνδραγαθημάτων
3219 1805 3319 1876 τὴν
3349 1805 3658 1870 ἐπίτευξιν
3685 1808 3714 1860 ὁ

406 1896 579 1958 gesta,
601 1888 872 1946 Chosroes
890 1893 956 1945 ad
979 1892 1297 1949 Mauricium
1323 1896 1596 1967 principes
1619 1898 1825 1968 aliquot
1847 1915 1877 1955 e
1900 1914 1995 1954 co-

2100 1898 2343 1969 Χοσρόης
2378 1897 2433 1960 ἐς
2473 1895 2566 1949 τὸν
2586 1896 2897 1966 Μαυρίκιον
2924 1897 3034 1951 τῶν
3059 1897 3345 1968 ἑπομένων
3395 1899 3712 1968 ἀρχόντων

405 1979 601 2032 niitatu
625 1994 726 2035 suo
756 1980 923 2046 misit,
959 1989 1013 2037 et
1051 1997 1241 2037 eorum
1270 1999 1391 2053 quae
1420 1996 1715 2041 evenerant
1746 1990 1996 2058 exposita

406 2068 649 2136 fortuna,
682 2072 915 2141 petiitut
947 2074 1151 2129 auxilio
1176 2075 1343 2132 misso
1366 2089 1569 2134 metum
1594 2081 1697 2135 sibi
1732 2083 1996 2151 demeret,

406 2163 878 2236 upitulareturque
893 2181 1056 2236 quam
1075 2168 1353 2224 citissime.
1374 2170 1725 2230 Allirmabant
1740 2178 1901 2231 etiam
1922 2177 1997 2234 le-

407 2255 520 2326 gati
549 2256 593 2312 si
636 2260 880 2328 pecuniae
923 2261 1132 2329 copiam
1171 2262 1466 2331 imperator
1506 2264 1712 2322 faceret
1747 2268 1998 2336 Cliosroi,

409 2344 725 2405 refusurum
753 2364 871 2406 eam
899 2350 1160 2409 Romanis
1182 2367 1352 2423 quam
1383 2357 1619 2426 primum
1652 2364 1806 2415 suum
1835 2377 1993 2417 recu-

405 2452 625 2512 peraret
673 2458 920 2514 regnum.
970 2445 1345 2501 Romanorum
1377 2457 1558 2503 autem
1599 2464 1712 2515 rex,
1766 2460 1993 2520 printer-

407 2536 573 2603 quam
604 2535 746 2604 quod
792 2537 960 2592 armis
995 2536 1303 2605 coniunctis
1352 2536 1564 2593 ferebat
1607 2554 1785 2608 opem,
1820 2544 1992 2596 maxi-

406 2643 558 2684 mam
596 2644 814 2700 quoque
843 2631 892 2685 ei
927 2633 1177 2701 pecuniae
1206 2646 1474 2686 summam
1513 2641 1597 2687 est
1623 2632 1846 2701 largitus
1879 2654 1890 2690 :
1928 2652 1992 2691 ac

406 2720 485 2775 ita
505 2721 779 2778 Cliosroes
803 2724 990 2779 relicta
1020 2724 1338 2793 imperatori
1367 2726 1695 2795 syngrapha,
1723 2727 1988 2796 ingentem

403 2814 766 2884 pecuniarum
796 2816 903 2869 vim
938 2816 1255 2886 reportavit,
1292 2832 1455 2885 quam
1487 2817 1680 2872 deinde
1713 2819 1985 2875 diribitam

402 2906 650 2962 Persicis
684 2906 799 2963 suis
827 2908 996 2976 copiis
1032 2907 1324 2964 distribuit.

408 3000 712 3073 χρημάτων
771 3001 1061 3073 ἐκομίζετο
1127 3002 1389 3058 πλοῦτον·
1450 3003 1544 3058 καὶ
1605 3004 1766 3059 τοῦτο
1813 3014 2324 3083 κατακερματίσας,
2366 3016 2484 3079 ταῖς
2540 3013 2670 3084 περὶ
2718 3014 2882 3067 αὐτὸν

409 3095 733 3166 δυνάμεσιν.

483 3190 638 3258 Quod
675 3208 781 3247 non
822 3192 984 3265 longe
1013 3202 1135 3263 post
1166 3194 1431 3255 Saramen
1460 3200 1526 3254 ad
1570 3214 1751 3271 regem
1800 3214 1988 3254 aman-
2019 3205 2064 3265 (ζ

410 3282 558 3339 davlt
582 3282 877 3349 Cbosroes,
903 3300 1069 3342 orans
1098 3288 1393 3358 Czesarem,
1425 3298 1486 3346 ut
1533 3291 1730 3347 ducatu
1758 3290 1996 3347 Comen-

411 3376 601 3431 tiolum
620 3376 935 3448 deponeret,
965 3387 1022 3432 ut
1055 3378 1145 3447 qui
1168 3381 1597 3437 contumeliosus
1624 3396 1787 3445 esset.
1821 3392 1875 3437 et
1896 3382 1997 3438 sub

408 3474 679 3536 praetextu
738 3467 929 3521 auxilii
991 3467 1210 3523 afferret
1267 3470 1697 3535 detrimentum,
1764 3488 1996 3538 cumque

412 3559 675 3612 Sarames
717 3557 1015 3612 secundum
1066 3562 1208 3629 quod
1231 3560 1412 3629 justus
1444 3571 1559 3617 erat
1608 3564 1866 3632 appulsus
1896 3563 2001 3637 llys

414 3651 696 3718 zantimu,
749 3649 1075 3721 legationem
1128 3637 1441 3723 imperatori
1494 3659 1853 3726 exposuisset,
1894 3658 1999 3715 Co-

416 3740 675 3796 mentiolo
717 3741 786 3797 ab
806 3741 983 3798 ofﬁcio
1014 3743 1167 3799 ducis
1198 3745 1444 3815 deposito
1472 3744 1675 3801 aditum
1714 3747 1767 3801 in
1812 3747 1997 3803 Persi-

410 3833 538 3890 dem
593 3834 797 3890 ademit
850 3836 1167 3906 imperator,
1215 3836 1505 3904 Narsique,
1556 3840 1647 3910 qui
1695 3839 1850 3896 ducis
1879 3852 1999 3898 erat

415 3927 675 3998 armiger,
708 3927 963 3983 ducatum
997 3929 1165 3986 dedit.
1210 3928 1373 3985 Sexta
1416 3947 1548 3989 vero
1591 3933 1677 3989 die
1704 3930 1999 3990 Mauricius

412 4021 690 4092 cingulum
732 4020 1073 4090 variegatam
1112 4024 1367 4093 gemmis,
1422 4034 1477 4079 et
1532 4024 1729 4081 tiaram
1766 4028 1995 4095 regiam,

414 4113 774 4183 lectulosque,
805 4122 860 4169 et
888 4128 1106 4169 mensas
1136 4130 1330 4170 aureas
1353 4115 1524 4173 Daras
1556 4117 1704 4172 misit
1735 4117 1802 4173 ad
1829 4116 1999 4173 Cltos-

413 4221 575 4274 roen,
627 4206 891 4261 instructa
946 4205 998 4259 in
1048 4205 1217 4275 ipsius
1246 4208 1477 4279 gratiam
1512 4210 1658 4279 regia
1708 4224 1900 4280 pompa
1929 4226 1998 4266 ex

414 4299 529 4354 suis
576 4298 923 4369 doryphoris,
954 4299 1239 4369 magniﬁce
1286 4300 1530 4369 donavit,
1568 4311 1625 4356 ut
1658 4316 1727 4356 ne
1762 4302 1996 4358 destitu-

413 4402 528 4445 tum
564 4398 826 4459 apparatu
871 4389 1022 4460 regio
1056 4386 1287 4445 Romani
1316 4388 1607 4459 Persaeque
1640 4403 1997 4459 aspernaren-

414 4490 523 4536 tur.
559 4479 790 4537 Cinctus
822 4488 905 4535 est
941 4479 1105 4551 igitur
1134 4478 1406 4536 Chosroes
1452 4478 1692 4548 undique
1735 4476 1995 4534 satellitio

412 4575 588 4644 regio,
625 4580 831 4643 quanto
859 4573 999 4642 apud
1018 4555 1292 4627 Romanos
1310 4577 1522 4640 sceptra
1550 4570 1695 4643 regia
1716 4568 1993 4627 observari

410 4667 622 4726 obtinet
655 4646 773 4720 :ac.
800 4665 877 4720 ita
925 4662 1171 4720 videntes
1214 4662 1353 4718 Medi
1406 4663 1605 4733 quibus
1658 4662 1863 4718 viribus
1925 4662 1993 4717 ab

412 4762 748 4831 imperatore
784 4754 1158 4811 circumdatus
1217 4758 1291 4811 sit
1336 4752 1630 4821 Cbosroes,
1679 4754 1868 4811 relicta
1907 4763 1993 4828 ty-

413 4850 643 4908 rannide
673 4849 1044 4905 transiverunt.
1072 4850 1139 4904 ad
1170 4857 1351 4920 partes
1382 4847 1665 4915 Cbosrois,
1696 4859 1751 4903 et
1777 4846 1994 4904 Barami

414 4944 635 5015 quidem
677 4958 767 4999 res
800 4943 854 5027 in
886 4942 1005 4999 dies
1038 4940 1335 4998 debilitata:
1387 4949 1514 4997 sunt
1551 4957 1565 4993 :
1602 4940 1833 4998 Cbosroi
1864 4955 1995 4997 vero

413 5038 711 5094 secundum
731 5037 896 5091 animi
923 5036 1271 5104 sententiam,
1291 5034 1725 5091 accrescentibus
1743 5049 1805 5089 eo
1831 5034 1994 5089 modo

409 5131 648 5194 viribus,
684 5142 1023 5185 successere.
1057 5126 1401 5198 Quapropter
1430 5127 1595 5182 etiam
1621 5127 1859 5183 decrevit
1891 5125 1995 5180 ali-

411 5223 556 5295 quod
599 5220 868 5277 Cltosroes
918 5217 1175 5274 Mauricio
1205 5217 1529 5273 beneficium
1572 5218 1799 5280 referre,
1846 5216 1995 5272 litte-

412 5318 603 5388 risque
651 5314 816 5385 regiis
849 5311 1097 5368 Mauricii
1127 5311 1359 5382 imperio
1387 5326 1484 5381 pro
1534 5325 1760 5367 munere
1788 5310 1995 5380 obligat

412 5408 603 5463 urbem
647 5405 839 5472 Daras,
891 5400 1182 5459 Delauzam
1215 5416 1432 5472 quoque
1478 5409 1773 5471 satrapam,
1816 5402 1991 5457 virum

412 5504 744 5566 spectatum,
783 5493 1107 5565 Byzantium
1143 5492 1331 5559 mittit,
1357 5493 1446 5561 qui
1476 5490 1643 5547 ferret
1669 5492 1849 5549 claves
1894 5508 1991 5563 op~

415 5585 552 5657 pidi,
584 5602 707 5641 cum
742 5585 989 5641 clavibus
1038 5585 1183 5656 quod
1225 5583 1422 5640 litteris
1460 5584 1847 5640 continebatur
1873 5602 1994 5641 mu-

411 5692 536 5733 nus.
566 5672 811 5732 Tradidit
844 5677 1027 5747 itaque
1044 5692 1165 5732 eum
1186 5688 1332 5733 esset
1362 5678 1417 5732 in
1443 5676 1575 5731 urbe
1606 5676 1767 5746 regia,
1786 5678 1994 5749 legatus

415 5766 679 5823 Romanis
704 5768 915 5833 urbem,
947 5776 1002 5821 et
1035 5767 1102 5821 ad
1147 5767 1476 5838 colloquium
1510 5767 1858 5837 imperatoris
1894 5773 1993 5824 ad-

336 5894 343 5899 -
415 5858 619 5918 missus
648 5864 752 5918 eat.
784 5854 1080 5915 Mauricius
1111 5868 1315 5927 autem,
1364 5875 1487 5918 cum
1517 5861 1773 5920 donasset
1812 5862 1991 5920 homi-

2092 1992 2245 2056 τινάς
2282 1988 2690 2061 μετεπέμπετο,
2720 1994 2813 2045 καὶ⁴
2841 1990 2942 2062 τὴν
2977 1990 3085 2044 τῶν
3110 1991 3708 2063 παρηκολουθηκότων

2092 2090 2455 2161 περιπέτειαν
2475 2092 2867 2161 ἐνσημαίνεται
2885 2102 2897 2116 ·
2941 2086 3094 2156 ἠξίου
3122 2103 3181 2140 τε
3210 2085 3499 2155 μελήσεως
3524 2087 3709 2154 ἐγκο-

2094 2185 2203 2252 πὴν
2225 2186 2345 2248 ταῖς
2377 2185 2755 2255 συμμαχικαῖς
2779 2180 2943 2236 αὐτὸν
2961 2180 3229 2234 ἐπιθεῖναι
3250 2179 3525 2249 δυνάμεσι
3546 2195 3562 2209 ·
3602 2180 3707 2232 καὶ

2095 2277 2172 2341 ώς
2203 2278 2438 2347 τάχιστα
2476 2277 2725 2349 βοηθεῖν’
2778 2275 2878 2347 τήν
2913 2292 2973 2327 τε
3018 2273 3128 2327 τῶν
3179 2272 3485 2344 χρημάτων
3537 2270 3706 2341 αὐτῷ

2098 2370 2249 2441 παρὰ
2270 2370 2363 2423 τοῦ
2404 2369 2669 2441 βασιλέως
2711 2366 2861 2437 αὐτῷ
2885 2366 3141 2437 γενέσθαι
3172 2364 3496 2436 περιϐολὴν,
3539 2365 3705 2433 ίσχυ-

2098 2462 2376 2534 ριζόμενοι
2428 2462 2528 2531 τὴν
2568 2461 2776 2515 οίκείαν
2834 2459 3183 2514 ἀπολάϐοντα
3218 2457 3414 2529 ἀρχὴν,
3449 2458 3703 2511 ἀντικα-

2094 2552 2388 2609 ταϐἀλλειν
2428 2553 2724 2625 Ῥωμαίοις
2747 2553 2807 2606 τὸ
2849 2551 3082 2606 δάνειον.
3124 2550 3181 2604 '0
3216 2550 3274 2603 δέ
3305 2548 3399 2603 τοῦ
3438 2548 3701 2618 Ῥωμαῖ-

2094 2644 2193 2699 κοῦ
2219 2644 2497 2715 βασιλεὺς,
2528 2645 2668 2716 μετά
2697 2646 2799 2715 τῆς
2847 2645 3171 2716 συμμαχίας
3201 2642 3311 2696 τῶν
3338 2641 3552 2702 ὅπλων,
3592 2642 3701 2694 καὶ

2092 2736 2193 2805 τὴν
2226 2734 2335 2789 τῶν
2359 2737 2660 2808 χρημάτων
2690 2736 2840 2807 αὐτῷ
2879 2735 3146 2807 μεγίστην
3170 2733 3342 2805 ῥοπὴν
3367 2729 3695 2803 ἐχαρίζετο.

2107 2828 2169 2881 '0
2198 2828 2377 2883 τοίνυν
2401 2828 2648 2898 Χοσρόης
2681 2828 3127 2900 χειρογραφήσας
3155 2824 3216 2878 τὸ
3257 2823 3555 2893 δάνεισμα,
3593 2823 3697 2876 καὶ

2101 2919 2157 2981 ἐς
2177 2919 2486 2990 Μαυρίκιον
2513 2919 3003 2989 ἀποστειλάμενος,
3029 2919 3122 2971 τδν
3148 2917 3555 2972 πολυτάλαντον
3576 2914 3694 2967 τῶν

2969 3013 3265 3083 Περσικαῖς
3316 3012 3601 3067 κατασπεί
3608 3028 3697 3085 ρει

2169 3199 2293 3253 Ὅτι
2352 3197 2470 3269 μετ’
2511 3198 2570 3251 οὐ
2623 3194 2758 3250 πολύ
2802 3194 2881 3267 τῷ
2915 3196 3147 3268 Σαράμῃ
3204 3194 3262 3259 ἐς
3311 3193 3543 3265 βασιλέα
3596 3212 3695 3263 γε·

2099 3289 2286 3345 νέσθαι
2328 3289 2578 3362 Χοσρόης
2608 3288 2964 3359 προσέταττε,
3014 3287 3389 3342 καθικετεύων
3422 3288 3519 3340 τὸν
3550 3290 3691 3342 Καί-

2100 3401 2263 3454 σαρα,
2322 3380 2689 3453 Κομεντίολον
2737 3381 2847 3449 σῆς
2906 3380 3281 3451 στρατηγικῆς
3337 3381 3688 3443 ἀποστασεις

2097 3472 2395 3526 ἀποϐαλεῖν
2416 3488 2430 3503 ’
2462 3471 2539 3535 ob;
2563 3466 2650 3525 οἷα
2680 3471 2745 3541 δὴ
2785 3470 2892 3523 ὐπδ
2921 3470 3289 3541 Κομεντιόλου
3336 3472 3686 3543 προπηλακι-

2099 3563 2351 3635 ζομένου,
2374 3564 2467 3616 καὶ
2493 3564 2615 3625 ταῖς
2637 3561 2926 3625 ἀναϐολαῖς
2945 3561 3044 3632 τῆς
3066 3561 3389 3633 ἐπικουρίας
3419 3562 3691 3630 ύποφθεῐ-

2103 3670 2309 3725 ροντος.
2345 3652 2403 3707 '0
2435 3652 2618 3707 τοίνυν
2644 3653 2911 3724 Σαράμης
2934 3650 3081 3707 κατά
3102 3650 3165 3705 τὸ
3198 3652 3692 3724 προστεταγμένον

2099 3743 2249 3814 αὐτῷ
2282 3745 2337 3809 ἐς
2375 3744 2671 3810 Βυζάντιον
2723 3744 3061 3813 ἀφικνεῖται,
3107 3744 3211 3815 τήν
3268 3760 3328 3797 τε
3377 3744 3690 3813 πρεσϐείαν

2096 3836 2344 3908 διεξῆλθε
2382 3836 2460 3909 τῷ
2486 3836 2875 3909 αὐτοκράτορι.
2911 3835 3023 3891 Καὶ
3047 3836 3142 3891 οὐν
3184 3837 3213 3889 ό
3244 3835 3501 3907 βασιλεὺς
3548 3838 3690 3890 ἀπο-

2101 3931 2405 4004 στράτηγον
2451 3931 2551 4002 τῆς
2575 3933 2670 3984 ἐπὶ
2728 3929 2968 4001 Περσίδα
3029 3928 3259 3984 καθόδου
3314 3928 3692 3999 Κομεντίολον

2100 4022 2494 4094 ποιησάμενος,
2525 4023 2741 4094 Ναρσῇ,
2776 4022 2836 4085 ὃς
2868 4020 2962 4075 τοῦ
2989 4021 3295 4094 στρατηγοῦ
3329 4022 3689 4092 ὑπασπιστὴς

2098 4114 2400 4185 ἐτύγχανεν
2454 4113 2554 4181 ὢν,
2586 4114 2686 4185 τὴν
2738 4114 3041 4185 ἡγεμονίαν
3086 4114 3378 4185 ἐντίθησιν.
3417 4114 3591 4185 "Ex-cn
3637 4112 3687 4165 δ’

2097 4207 2308 4278 ἡμέρα,
2350 4206 2444 4260 καὶ
2470 4206 2498 4260 δ
2552 4205 2858 4275 Μαυρίκιος
2900 4204 3279 4276 λιθοκόλλητον
3328 4203 3531 4273 ζώνην,
3584 4205 3685 4258 καὶ

2097 4296 2294 4367 τιάραν
2325 4293 2634 4366 βασιλικὴν,
2685 4293 2876 4358 κλίνας
2922 4312 2983 4348 τε
3017 4295 3113 4348 καὶ
3151 4278 3434 4363 τραπέζας
3465 4295 3682 4364 χρυσᾶς

2098 4390 2158 4454 ἐς
2179 4392 2239 4445 τὸ
2266 4390 2449 4462 Δάρας
2476 4390 2555 4463 τῷ
2584 4388 2805 4463 Χοσρόῃ
2831 4389 3165 4446 ἀπέστελλεν
3187 4404 3203 4421 ·
3237 4392 3461 4462 πομπήν
3488 4407 3550 4443 τε
3587 4388 3683 4460 βα-

2102 4481 2303 4534 σίλειον
2343 4479 2493 4551 αὐτῷ
2549 4479 2871 4551 συγκροτῶν
2906 4481 2971 4535 ἐκ
3018 4479 3128 4535 τῶν
3156 4482 3289 4552 παρ’
3339 4478 3487 4551 αὐτῷ
3525 4481 3685 4551 δορυ-

2028 4551 2072 4609 D
2102 4573 2305 4643 φόρων,
2332 4571 2771 4643 μεγαλοπρεπῶς
2799 4572 3095 4644 μετεδίδου,
3117 4551 3269 4636 ὅπως
3293 4572 3368 4644 μὴ
3392 4570 3685 4643 βασιλικῆς

2097 4664 2350 4738 χηρεύων
2377 4664 2705 4732 συντάξεως,
2740 4666 3218 4738 εὐκαταφρόνητος
3258 4667 3344 4736 εἴη
3382 4666 3684 4737 Ῥωμαίοις

2096 4772 2156 4809 τε
2180 4757 2274 4810 καὶ
2298 4753 2559 4827 Πέρσαις.
2581 4756 3052 4827 Περιεστοιχίζετο
3068 4755 3199 4826 γοῦν
3228 4754 3493 4809 πάντοθεν
3524 4756 3683 4825 βασι-

2096 4849 2221 4921 λικῇ
2285 4848 2584 4922 δορυφορίᾳ
2632 4848 2905 4921 Χοσρόης,
2950 4849 3128 4921 ὁπόση
3180 4849 3347 4919 νόμος
3381 4850 3683 4919 Ῥωμαίοις

2095 4942 2536 5013 αὐτοκρατορικά
2568 4944 2828 5013 σκῆπτρα
2852 4960 2915 5011 γε
2925 4941 3235 5013 ραίρεσθαι.
3255 4942 3521 5011 Ὀρῶντες
3548 4942 3680 5009 γοῦν

2095 5035 2145 5087 οἱ
2178 5034 2350 5105 Μῆδοι
2396 5034 2570 5106 ὁπόση
2624 5034 2702 5105 τῷ
2734 5035 2952 5106 Χοσρόῃ
2986 5035 3093 5088 ὑπὸ
3141 5032 3237 5088 τοῦ
3274 5035 3682 5105 αὐτοκράτορος

2108 5124 2329 5198 Ῥώμης
2349 5125 2726 5196 περιεκέχυτο,
2744 5125 2841 5198 τὴν
2866 5124 3094 5196 γνώμην
3113 5126 3682 5196 μεταναστησάμενοι,

2096 5216 2310 5288 χαίρειν
2332 5217 2722 5288 φράσαντεςτῇ
2759 5216 3065 5288 τυραννίδι,
3094 5215 3485 5289 προσεχώρουν
3533 5216 3680 5271 Χοσ-

2100 5308 2221 5384 ρὸῃ.
2253 5310 2365 5365 Καὶ
2409 5309 2503 5363 τοῦ
2543 5309 2643 5380 μὲν
2692 5309 2889 5381 Βαρὰμ
2920 5309 3195 5381 ὁσημέραι
3234 5309 3297 5362 τὸ
3328 5310 3681 5382 συμμαχικὸν

2096 5399 2461 5471 κατησθένει’
2520 5400 2597 5470 τῷ
2646 5398 2703 5452 δὲ
2751 5400 2967 5471 Χοσρόῃ
3014 5400 3159 5454 κατά
3208 5398 3333 5453 νοῦν
3380 5398 3581 5472 ἐχώρει
3610 5400 3683 5453 τά

2096 5492 2427 5563 πράγματα,
2460 5492 2997 5566 καταλιπαινομένης
3059 5491 3213 5564 αὐτῷ
3235 5492 3333 5563 τῆς
3368 5492 3676 5569 δυνάμεως

2097 5589 2401 5640 Διανοεῖται
2462 5586 2592 5655 γοῦν
2644 5585 2959 5658 παραυτίκα
2994 5586 3247 5657 Χοσρόης
3273 5584 3353 5655 τῷ
3378 5585 3679 5656 Μαυρικίῳ

2104 5677 2475 5748 εὐνουστάτην
2506 5675 2707 5747 πρᾶξιν
2736 5677 3100 5741 ἐνδείξασθαι.
3134 5676 3213 5729 Δι’
3243 5675 3272 5729 δ
3330 5677 3387 5729 ἐν
3420 5675 3677 5745 βασιλικῇ

2096 5750 2329 5840 διφθέρᾳ
2347 5770 2447 5841 τὴν
2475 5770 2630 5829 πάλιν
2651 5770 2830 5839 Δάρας
2844 5770 3087 5840 ὑπήκοον
3107 5768 3449 5840 ἐγγράφεται
3476 5767 3680 5835 προῖκα

2097 5862 2412 5934 Μαυρικίῳ,
2450 5864 2541 5918 τόν
2594 5881 2653 5919 τε
2692 5862 2975 5935 Δηλαύζαν
3021 5860 3113 5916 τδν
3150 5860 3457 5932 σατράπην,
3502 5857 3677 5930 ἄνδρα
