3954 6210
246 316 380 381 949
1078 317 1176 379 DE
1216 317 1781 384 LEGATIONIBUS
1818 321 2168 385 GENTIUM
2205 325 2302 384 AD
2343 325 2715 389 ROMANOS.
3436 329 3543 390 950

254 427 642 493 ἁπόϐλεπτον,
669 426 725 489 ἐς
759 425 1054 491 Βυζάντιον
1085 426 1319 492 στέλλει,
1385 428 1485 491 τὰς
1521 428 1670 492 κλεῖς
1722 430 1862 483 οίσὸ‹

1991 446 2089 485 lem
2128 432 2398 503 regalibus
2430 436 2764 503 muneribus,
2804 450 2987 490 eorum
3021 449 3232 506 quoque
3262 452 3381 505 qua:
3416 449 3543 490 ante

260 531 439 584 μενον
472 513 565 568 τοῦ
599 514 954 584 πολίσματος,
993 515 1092 584 τήν
1121 532 1179 568 τε
1210 516 1267 568 ἐν
1297 516 1596 587 γράμμασι
1622 518 1853 590 δωρεάν.

1991 525 2242 593 μερίςοτειι
2277 524 2515 579 firmavit
2557 525 2737 591 ﬁdem,
2776 528 3018 582 Cltosroe
3047 528 3110 582 ad
3150 544 3267 581 eam
3300 543 3411 583 retu
3446 544 3544 581 no-

257 607 295 659 6
334 607 439 679 μέν
477 603 571 661 οὖν
601 605 846 677 πρέσϐυς
875 605 965 657 ἐπὶ
994 604 1055 658 τὸ
1080 606 1354 677 βασίλειον
1382 608 1519 662 ἄστυ
1544 611 1856 681 γενόμενος,

1991 618 2174 673 ninato
2207 618 2335 672 lilio.

262 702 565 773 παρεδίδου
607 700 905 771 Ῥωμαίοις
965 699 1025 752 τδ
1072 700 1335 771 πόλισμα.
1402 704 1512 758 Καὶ
1568 707 1625 769 ἐς
1665 706 1857 776 λόγους
1897 711 2033 781 πρὸς
2095 715 2185 766 τὸν
2246 713 2627 784 αὐτοκράτορα
2650 708 2805 785 ἦκεν.
2826 713 2883 767 '0
2909 714 2964 768 δὲ
2990 715 3318 783 Μαυρίκιος,
3344 712 3545 782 δώροιῖ

264 795 576 865 βασιλικοῖς
611 794 921 865 μεγαλύνας
943 790 1155 861 τοῦτον,
1209 794 1311 866 τὴν
1340 796 1448 850 τῶν
1485 802 2051 869 προαπαγγελθέντων
2120 806 2336 879 ὠχύρου
2402 808 2498 860 καὶ
2566 802 2724 868 αὖθις
2749 806 3063 877 ὑπόσχεσιν,
3094 806 3261 861 παῖδα
3294 807 3544 875 Χοσρόην
3656 866 3661 871 Ξ

260 890 305 941 ἀ
316 889 592 945 ποκαλῶν.
2423 889 2431 900 ’

349 984 471 1037 Ὅτι
515 982 586 1056 [ὁ]
632 983 878 1055 Χοσρᾶης
920 983 1179 1048 δεδοικὼς
1221 984 1428 1056 μήπου
1463 984 1745 1060 δολοφονίᾳ
1777 1006 1863 1053 τις

266 1075 549 1145 ὑποσταίη
581 1075 729 1147 αὐτῷ
746 1076 850 1130 ὑπὸ
876 1076 984 1132 τῶν
1014 1078 1319 1149 ἐγχωρίων,
1349 1078 1519 1134 ἐδεῖτο
1548 1081 1860 1153 Μαυρικίου

265 1169 335 1230 ἐς
372 1168 467 1239 τὴν
498 1167 592 1222 τοῦ
631 1166 883 1240 σώματος
925 1154 1173 1241 φρουρὰν
1204 1168 1410 1241 χιλίους
1447 1172 1610 1226 αὐτοῦ
1649 1173 1859 1227 ὁπλιτι-

265 1261 375 1314 κοῦ
418 1261 907 1331 παραπέμπεσθαι.
947 1261 1006 1315 '0
1044 1261 1103 1314 δὲ
1135 1262 1246 1315 τῶν
1280 1262 1571 1333 Ῥωμαίων
1608 1265 1863 1334 βασιλεὺς

266 1352 757 1422 σωματοφύλακας
788 1355 843 1416 ἐς
874 1354 1123 1425 Χοσρόην
1151 1354 1489 1425 ἐξέπεμπεν.

352 1446 477 1497 Ὀτι
511 1446 539 1497 6
568 1444 873 1514 Μαυρίκιος
904 1445 1009 1508 ἕως
1038 1445 1134 1499 τοῦ
1165 1446 1425 1517 Ἑϐδόμου
1458 1447 1864 1519 ὀνομαζομένου

265 1535 452 1589 ἐλθών
476 1553 487 1565 ·
531 1535 762 1607 ἠκηκόει
805 1536 913 1607 γὰρ
954 1537 1028 1601 ὡς
1071 1536 1130 1590 τὸ
1169 1537 1398 1593 Οὐνικὸν
1438 1539 1862 1610 ἐκστρατεύειν·

266 1628 373 1682 καὶ
407 1628 660 1698 ἀκηκοὼς
683 1627 965 1691 Δαλαῦζαν
988 1630 1081 1683 τὸν
1105 1630 1320 1700 Πέρσην
1346 1631 1549 1700 ἥκοντα
1573 1631 1649 1695 ὼς
1675 1632 1863 1696 αὐτὸν,

2041 989 2206 1060 189
2223 988 2375 1055 Quod
2409 990 2611 1044 veritus
2625 989 2917 1055 Cbosroes,
2936 1002 3002 1043 ne
3030 988 3150 1058 quis
3169 986 3305 1041 clam
3328 999 3549 1053 percus—

1967 1098 2107 1137 sora
2130 1081 2364 1138 subditis
2398 1082 2501 1136 sibi
2536 1079 3190 1150 substitueretur,rogavit
3207 1077 3565 1137 Mauricium,

1966 1187 2024 1230 ut
2070 1175 2136 1229 ad
2179 1174 2481 1229 custodiam
2513 1173 2759 1241 corporis
2792 1170 2938 1225 mille
2998 1184 3217 1225 suorum
3274 1168 3374 1223 sibi
3412 1167 3559 1220 mili-,

1968 1279 2079 1322 tum
2124 1268 2302 1321 daret.
2344 1263 2619 1319 Romanus
2667 1271 2849 1317 autem
2882 1276 2999 1325 rex,
3037 1260 3291 1315 custodes
3310 1257 3561 1326 corporis.

1969 1359 2193 1414 Chosroi
2227 1357 2395 1413 misit.
3162 1406 3165 1411 .
3558 1406 3563 1411 .

2041 1452 2194 1519 Quod
2234 1452 2529 1508 Mauricius
2564 1451 2635 1507 ad
2658 1452 2951 1521 septimum
2984 1463 3155 1519 usque
3186 1448 3279 1517 qui
3306 1447 3377 1501 ita
3410 1445 3565 1511 dici-,

1974 1554 2062 1599 tur
2116 1544 2286 1609 locus,
2317 1543 2583 1611 pervenit,
2635 1543 2890 1611 quoniam
2962 1539 3186 1594 llunnos
3243 1537 3403 1593 educi
3457 1552 3554 1589 au-

1971 1639 2204 1703 diverat,
2253 1638 2561 1706 certiorque
2612 1636 2787 1691 tactus
2848 1635 2916 1690 de
2971 1632 3215 1687 Dalaurzc
3262 1633 3445 1686 Persa:
3491 1628 3561 1697 ad

265 1717 644 1790 παλινδρομεῖ
680 1719 812 1790 πρὸς
843 1720 905 1773 τὸ
942 1720 1210 1790 βασίλειον
1245 1721 1381 1775 ἄστυ
1403 1762 1416 1785 ,
1452 1722 1659 1785 διαθείς
1692 1740 1752 1776 τε
1785 1723 1861 1787 ὡς

1991 1749 2028 1787 .e
2086 1732 2342 1797 adventu,
2371 1730 2603 1786 recurrit
2641 1730 2707 1783 ad
2729 1728 2918 1782 urbem
2972 1725 3197 1795 regiam,
3230 1721 3560 1791 composita-

262 1809 411 1878 ἐνῆν
440 1810 723 1875 ἐπιδεξίως
754 1812 848 1882 τὴν
876 1812 975 1882 τῆς
1006 1813 1305 1884 πρεσϐείας
1335 1814 1580 1883 ἀξίωσιν,
1610 1814 1706 1871 τοῦ
1739 1832 1866 1869 σκο-

267 1900 390 1954 ποῦ
421 1896 578 1966 αὖθις
607 1904 705 1974 τῆς
737 1904 1004 1974 ἐκδημίας
1036 1906 1335 1977 ἀπήρχετο.

353 1993 479 2045 ’Ότι
527 1994 686 2066 τρίτῃ
734 1996 938 2067 ἡμέρᾳ,
986 1998 1247 2067 πρέσϐεις
1296 1998 1401 2051 ὐπὸ
1447 1998 1540 2052 τοῦ
1595 1999 1867 2070 βασιλείου

272 2084 659 2156 ἐξεπέμποντο
689 2088 925 2151 ἄστεως’
956 2090 991 2159 ἢ
1014 2106 1074 2142 τε
1102 2091 1327 2155 ἀξίωσις
1359 2092 1465 2146 ὐπὸ
1492 2092 1592 2162 τῆς
1627 2093 1868 2165 συγκλή-

270 2194 381 2230 του
422 2178 479 2243 ἐς
521 2180 612 2233 τὸν
660 2180 885 2251 βασιλέα
930 2184 1198 2251 ἐγίγνετο.
1235 2185 1302 2238 Ἦ
1346 2186 1403 2239 δὲ
1434 2178 1726 2252 ὑπόθεσις,
1766 2188 1869 2258 τὴν

1973 1839 2099 1893 que,
2126 1836 2185 1878 ut
2223 1840 2322 1893 par
2351 1833 2491 1899 erat,
2515 1821 2810 1893 legatione,
2841 1818 3175 1888 propositum
3213 1828 3401 1869 rursus
3447 1811 3561 1865 abi~

1975 1928 2086 1971 tum
2117 1916 2409 1985 promovit.
3564 1960 3567 1963 .

2045 2007 2201 2075 Quod
2239 2008 2327 2064 die
2358 2007 2512 2063 tertia
2578 2005 2739 2075 legati
2776 2004 2844 2060 ab
2874 2003 3006 2057 urbe
3055 2001 3201 2070 regia
3235 2000 3383 2054 missi
3412 2004 3558 2058 sunt.

1976 2106 2189 2169 petente
2214 2107 2407 2154 senatu
2463 2100 2531 2153 ab
2583 2099 2915 2168 imperatore
2976 2104 3035 2149 ut
3085 2094 3313 2148 rediret.
3347 2090 3444 2145 Cui
3513 2091 3560 2155 is

1978 2190 2233 2257 legationi
2259 2190 2662 2254 obsecundans,
2688 2204 2810 2244 cum
2838 2187 3029 2258 legatis
3074 2185 3258 2240 rediit.

272 2271 650 2337 ἐπανάζευξιν
685 2272 788 2342 τῆς
831 2275 1097 2343 βασιλέως
1141 2278 1408 2349 ἐκδημίας
1448 2280 1621 2352 ἐθήρα
1658 2281 1865 2337 λαϐεῖν.
1918 2280 1977 2335 '0
2012 2282 2067 2336 δέ
2103 2284 2272 2355 μηδὲν
2308 2284 2731 2355 προσηκάμενος
2799 2281 2897 2351 τῆς
2968 2278 3299 2350 πρεσϐείας,
3341 2276 3562 2330 παλινσ-

277 2364 406 2415 στεῖ
431 2366 544 2426 τοῖς
573 2364 889 2433 πρέσϐεσιν.

356 2456 483 2507 ’Ότι
527 2458 664 2525 πρὸς
699 2459 764 2528 τῇ
806 2460 1082 2530 Ἀγχιαλῷ
1111 2461 1205 2515 τὸν
1236 2463 1457 2534 χάρακα
1495 2467 1524 2518 6
1565 2467 1871 2535 Μαυρίκιος

270 2548 769 2618 διαγραψάμενος,
806 2552 1024 2621 ἡμέρας
1058 2569 1118 2605 τε
1159 2554 1324 2607 πέντε
1368 2555 1504 2627 πρὸς
1540 2561 1659 2620 ταῖς
1696 2558 1827 2610 δέκα
1856 2574 1869 2586 ·

276 2638 418 2693 ἔνθα
453 2639 518 2710 δὴ
548 2642 647 2710 τὴν
677 2641 960 2713 διατριϐὴν
992 2646 1382 2717 ποιησάμενος,
1416 2649 1474 2712 ἐς
1503 2649 1564 2700 τὸ
1599 2648 1873 2718 βασίλειον

276 2732 427 2786 ἄστυ
462 2733 765 2797 ἐπάνεισιν,
797 2735 952 2805 ήκειν
986 2737 1224 2801 ἀκούσας
1256 2739 1360 2791 ὑπὸ
1390 2738 1484 2793 τοῦ
1522 2740 1747 2811 Περσῶν
1776 2740 1875 2811 βα-

280 2824 485 2887 σιλέως
524 2826 581 2888 ἐς
620 2825 913 2891 Βυζάντιον
949 2828 1229 2897 πρέσϐεις.
1265 2831 1437 2902 Τρίτῃ
1474 2832 1529 2886 δέ
1565 2834 1748 2903 ἡμέρᾳ
1785 2834 1875 2887 καὶ

277 2916 334 2968 oi.
376 2915 481 2984 τῆς
523 2916 797 2989 Κελτικῆς
822 2918 1065 2991 Ἰϐηρίας
1101 2922 1363 2993 πρέσϐεις
1404 2925 1462 2987 ἐς
1493 2924 1553 2977 τὸ
1598 2924 1871 2995 βασίλειον

280 3005 692 3075 παραγίνονται
714 3006 871 3061 ἄστυ.
895 3011 959 3062 Δί
981 3010 1038 3064 δὲ
1065 3012 1429 3083 προσηγορίαι
1454 3017 1564 3077 τοῖς
1588 3016 1871 3085 πρέσϐεσι,

279 3098 459 3161 Βόσος
497 3098 592 3151 καὶ
627 3098 842 3164 Βέττος.
880 3101 1119 3166 Τούτους
1157 3104 1185 3157 6
1217 3104 1312 3159 τοῦ
1348 3104 1535 3170 ἔθνους
1570 3106 1839 3177 δυνάστης
1861 3150 1874 3171 ,

279 3188 536 3259 Φράγγοι
575 3189 621 3243 δ’
646 3180 794 3245 οὗτοι
828 3193 894 3262 τῇ
930 3192 1175 3265 νεωτέρα
1216 3192 1433 3267 γλώττῃ
1477 3195 1880 3265 κατονομάζον-

283 3298 407 3347 ται,
441 3281 613 3349 ὄνομα
640 3282 697 3335 δέ
728 3283 1063 3354 Θεοδώριχος
1092 3285 1263 3357 αὐτῷ,
1297 3288 1355 3349 ἐς
1386 3286 1614 3356 βασιλέα
1646 3287 1883 3355 ἐξέπεμ-

287 3390 397 3428 πεν
425 3390 438 3405 ·
478 3374 629 3443 ἠξίου
666 3393 724 3429 τε
768 3376 1067 3447 συνθήκαις
1109 3379 1432 3451 φορολογίας
1470 3382 1547 3451 τῷ
1582 3380 1879 3452 Ῥωμαϊκῷ

290 3467 679 3537 συμμαχῆσαι,
711 3468 807 3523 καὶ
836 3469 1031 3540 δώροις
1061 3470 1373 3525 ἀναλῶσθαι
1400 3472 1492 3527 τὸν
1524 3473 1658 3544 πρὸς
1688 3474 1879 3543 Χαγά·

288 3574 387 3610 νον
420 3559 675 3630 πόλεμον.
712 3564 771 3617 '0
807 3564 907 3632 μὲν
935 3560 1030 3619 οὖν
1060 3566 1419 3639 αὐτοκράτωρ
1448 3570 1575 3633 τοὺς
1618 3569 1880 3641 πρέσϐεις

290 3650 834 3726 φιλοφρονησάμενος
858 3659 1079 3729 δώροις,
1106 3662 1413 3733 ἀπόμισθον
1438 3664 1538 3733 τὴν
1564 3664 1881 3734 ξυμμαχίαν

290 3741 519 3796 ἐκέλευε
560 3746 846 3816 Φράγγους
880 3750 1262 3821 παρέχεσθαι·
1296 3753 1794 3824 ἀργυρολογείσθαι
1822 3753 1884 3807 τὸ

304 3834 621 3902 Ῥωμαϊκὸν
648 3839 753 3892 ὐπὸ
780 3840 887 3893 τῶν
909 3844 1211 3914 Βαρϐάρων
1237 3844 1337 3898 οὐκ
1365 3843 1713 3915 ἀνεχόμενος.
1741 3844 1799 3895 '0
1826 3842 1883 3896 δὲ

2046 2468 2199 2533 Quod
2255 2466 2322 2519 ad
2351 2464 2676 2520 Anchialum
2726 2470 2959 2517 metatus
3004 2461 3225 2525 vallum,
3258 2458 3565 2525 ibidemque

1976 2574 2074 2629 par
2112 2557 2427 2626 quindecim
2455 2556 2572 2610 dies
2591 2563 2836 2609 moratus
2883 2551 3198 2615 Mauricius,
3225 2566 3349 2605 cum
3383 2550 3570 2611 venire

1977 2651 2273 2706 audivisset
2304 2665 2334 2703 a
2374 2648 2663 2703 Persarum
2713 2662 2841 2718 rege
2889 2645 3093 2716 legatos
3130 2645 3473 2714 Byzantium,
3513 2642 3566 2697 in

1977 2747 2166 2799 urbem
2214 2743 2373 2798 rediit
2419 2741 2643 2810 regiam.
2677 2738 2857 2794 Tertia
2883 2752 3008 2793 vero
3058 2746 3181 2807 post
3214 2737 3301 2790 die
3328 2734 3567 2788 Celtibe-

1903 2865 1947 2924 ο
1981 2838 2074 2891 riae
2106 2837 2292 2890 eodem
2326 2848 2541 2903 quoque
2590 2832 2773 2901 Legati
2806 2830 3050 2885 veniunt.
3094 2828 3312 2898 Legatis
3353 2828 3569 2880 nomina

1981 2938 2137 2985 erant
2170 2927 2310 2981 Boso
2340 2941 2402 2980 ac
2435 2926 2617 2989 Betto,
2654 2939 2789 2994 quos
2833 2924 3084 2993 princeps
3110 2920 3287 2993 gentis
3333 2920 3349 2989 (
3376 2918 3571 2973 Franci

1984 3018 2036 3071 bi
2069 3016 2370 3071 recentiore
2398 3014 2578 3082 lingua
2609 3023 2893 3080 vocantur,
2920 3023 2974 3066 at
3006 3012 3079 3066 illi
3106 3028 3301 3067 nomen
3330 3010 3573 3065 Theodo-

1987 3106 2177 3177 richo)
2201 3106 2266 3160 ad
2286 3106 2672 3172 imperatorem
2696 3104 2859 3165 misit,
2885 3103 3263 3173 promisitque,
3286 3117 3367 3166 se,
3384 3104 3427 3156 si
3449 3116 3571 3155 vec-

1990 3195 2166 3267 tigalia
2195 3194 2296 3250 sibi
2340 3196 2620 3260 darentur,
2652 3190 3041 3262 Opitulaturum
3070 3189 3352 3253 Romanis,
3377 3205 3441 3244 ac
3475 3204 3572 3259 pro
3598 3255 3605 3264 π

1989 3287 2308 3343 muneribus
2339 3301 2460 3341 cum
2487 3285 2741 3354 Cbagano
2769 3292 3043 3356 gesturum
3077 3283 3299 3337 bellum.
3337 3281 3575 3351 Impera.

1989 3390 2075 3436 tor
2106 3390 2284 3435 tamen
2312 3384 2628 3433 muneratus
2655 3376 2879 3447 legatos,
2904 3375 2948 3431 si
2971 3390 3067 3430 sua
3092 3374 3290 3429 auxilia
3316 3374 3571 3443 suppedi-

1986 3482 2162 3529 tarent
2184 3471 2403 3536 Franci,
2430 3480 2487 3525 ut
2510 3471 2560 3526 id
2583 3471 2751 3540 gratis
2775 3466 3011 3537 facerent
3029 3467 3208 3537 jussit,
3226 3481 3570 3536 nequaquam

1983 3567 2089 3622 emi
2130 3580 2319 3637 passus
2348 3580 2377 3619 a
2422 3563 2679 3620 Romanis
2716 3576 2873 3632 opem
2904 3561 3291 3617 Barbarorunt.
3342 3556 3562 3613 interim
3656 3546 3659 3547 ⁷

1986 3658 2278 3728 Cbaganus
2308 3658 2376 3712 ad
2403 3659 2583 3726 priora
2612 3665 2767 3726 pacta
2792 3655 3218 3709 additamentum
3245 3652 3313 3706 al)
3336 3650 3573 3719 impera-

1990 3757 2107 3803 tore
2135 3745 2362 3815 ﬂagitat,
2387 3746 2438 3799 in
2469 3760 2575 3816 qua
2605 3761 2660 3800 re
2686 3746 2957 3800 Barbarus
2977 3760 3085 3799 non
3115 3744 3361 3807 auditus,
3390 3741 3573 3797 statim

1990 3838 2316 3896 restauravit
2346 3835 2567 3891 bellum.

294 3930 556 3997 Χαγάνος
585 3933 893 4003 ἐπενθήκας
924 3934 1228 4005 λαμϐάνειν
1258 3934 1356 3997 τὰς
1390 3934 1664 4005 συνθήκας
1696 3934 1877 4005 ἐζήτει
1915 3934 2008 3987 τὸν
2046 3930 2295 4000 βασιλέα.
2343 3926 2499 3980 Ἐπεὶ
2567 3925 2624 3979 δέ
2662 3929 2690 3980 6
2727 3925 3087 3995 αὐτοκράτωρ
3121 3927 3235 3986 τοῖς
3268 3923 3449 3989 λόγοις
3482 3921 3576 3975 τοῦ

370 4116 496 4169 Ὅτι
521 4116 549 4168 6
578 4117 818 4187 Πρίσκος
842 4117 974 4171 δέκα
1002 4118 1097 4172 καὶ
1124 4120 1685 4191 πέντεποιησάμενος
1714 4120 1883 4191 χάρα-

297 4218 428 4270 κας,
459 4206 549 4259 τόν
578 4223 637 4259 τε
665 4206 880 4277 Ἴστρον
906 4206 1333 4277 διαπεραιωθεὶς
1362 4207 1629 4277 ποταμὸν,
1645 4206 1883 4277 τετάρτῃ

184 4082 207 4104 ο
296 4022 613 4094 Βαρϐάρου,
659 4022 814 4078 ὢτων
856 4026 957 4079 οὐκ
1004 4026 1175 4080 ἐδίδου
1209 4026 1458 4097 βαλϐϊδα,
1506 4026 1883 4097 ἁντελάμϐανε
1922 4023 2239 4097 παραυτίκα
2266 4022 2358 4075 τὸν
2388 4020 2646 4089 πόλεμον.

2066 4116 2219 4183 Quod
2259 4114 2477 4169 Priscus
2522 4113 2828 4183 quindecim
2861 4110 3000 4165 valla
3048 4109 3317 4177 ructatus,
3352 4112 3575 4181 trajectu

1991 4207 2128 4262 Istro
2157 4206 2339 4271 ﬂuvio,
2364 4212 2553 4269 quarta
2583 4204 2667 4258 die
2702 4201 3009 4272 superiores
3036 4200 3213 4259 Nobas
3229 4203 3394 4258 venit.
3421 4204 3574 4271 Quod

298 4297 490 4368 ήμέρᾳ
515 4298 593 4360 είς
622 4297 805 4359 Νόϐας
833 4298 931 4361 τὰς
962 4299 1073 4353 ἄνω
1102 4300 1484 4370 παραγίνεται.
1524 4299 1581 4354 '0
1608 4297 1665 4353 δὲ
1694 4298 1877 4368 Χαγά·

1991 4314 2113 4355 cum
2140 4298 2364 4354 resciret
2396 4296 2711 4366 Cbaganus,
2750 4295 2817 4351 ad
2857 4294 3103 4350 Priscum
3153 4295 3362 4366 legatos
3394 4296 3573 4361 misit,

299 4358 392 4452 νος
418 4358 586 4442 τοῦτο.
606 4358 966 4459 μεμαθηκὼς,
993 4390 1068 4454 ὡς
1097 4358 1193 4444 τδᾴ
1218 4358 1460 4461 Πρίσκον
1510 4391 1773 4463 πρέσϐεις
1794 4358 1877 4455 ’ἐξ-

1991 4403 2323 4458 causamque
2364 4388 2505 4444 scire
2530 4388 2697 4443 voluit
2724 4388 2988 4443 adventus
3017 4387 3402 4442 Romanorum.
3440 4387 3575 4443 Res-

302 4479 575 4549 ἐπεμψεν,
598 4481 699 4550 τήν
720 4496 777 4532 τε
802 4480 982 4536 αἰτίαν
1024 4480 1348 4552 ἐξερευνᾶτο
1394 4481 1589 4553 μαθεῖν
1629 4481 1732 4552 τῆς
1776 4481 1885 4535 τῶν

310 4570 605 4640 Ῥωμαίων
650 4571 905 4640 ἀφίξεως.
945 4573 1004 4625 '0
1053 4573 1112 4627 δέ
1164 4576 1469 4645 στρατηγὸς
1514 4576 1641 4638 τοὺς
1686 4574 1887 4638 τόπους

299 4664 543 4732 ἔφασκεν
581 4662 801 4731 εὐφυεῖς
846 4665 903 4727 ἐς
951 4667 1253 4735 κυνηγέσια
1300 4666 1605 4733 πεφυκέναι
1658 4666 1887 4720 ἱππασί-

303 4767 441 4819 μους
480 4766 540 4802 τε
583 4752 675 4803 καί
718 4749 841 4804 λίαν
880 4751 1159 4821 ἐνύδρους.
1196 4754 1255 4805 '0
1297 4754 1353 4805 δέ
1395 4754 1648 4820 Χαγάνος
1694 4755 1885 4825 ἐδήλου

300 4844 390 4896 ἐπ’
418 4842 703 4913 ἀλλοτρίας
737 4842 840 4912 γῆς
874 4843 1178 4896 ἐπιϐαίνειν
1207 4845 1541 4915 Ῥωμαίους,
1573 4863 1890 4916 παρασπον-

301 4935 471 5003 δήσαί
497 4952 558 4986 τε
589 4935 851 5006 Πρίσκον,
886 4936 980 4990 καὶ
1010 4936 1257 5006 ἀοράτως
1288 4936 1386 5008 τὴν
1414 4938 1641 5007 εἰρήνην
1669 4938 1764 4991 ὐπ’
1789 4939 1888 4993 αὐ-

302 5028 400 5081 τοῦ
436 5027 877 5098 περισχίζεσθαι.
906 5030 1151 5097 Ἔφασκε
1180 5030 1360 5083 τοίνυν
1388 5032 1417 5083 6
1446 5029 1718 5101 Πρίσκος,
1749 5030 1887 5083 Ῥω-

308 5120 507 5193 μαϊκὸν
540 5120 669 5179 ὕπει
706 5122 769 5174 τὸ
807 5122 1030 5191 ἔδαφος·
1066 5124 1095 5176 6
1134 5122 1191 5177 δὲ
1217 5122 1532 5191 Βάρϐαρος,
1568 5122 1753 5186 ὅπλοις
1795 5123 1889 5177 καὶ

306 5215 496 5285 νόμοις
520 5214 772 5283 πολέμων
787 5231 802 5249 ο
828 5215 1133 5286 Ῥωμαίους
1154 5215 1574 5287 ἀποκτήσασθαι
1589 5216 1764 5270 τοῦτο.
1779 5213 1887 5270 Τοῦ

306 5306 486 5359 τοίνυν
514 5307 766 5373 Χαγάνου
802 5306 1243 5377 ζυγομαχοῦντος
1276 5307 1369 5361 καὶ
1400 5306 1888 5377 διαμφιϐάλλοντος

307 5398 437 5462 περὶ
481 5397 685 5450 τούτων
730 5398 839 5452 τῶν
873 5400 1073 5464 τόπων,
1112 5399 1248 5468 φασὶ
1281 5400 1372 5453 τὸν
1408 5400 1653 5471 Πρίσκον
1676 5399 1777 5471 τὴν
1823 5402 1887 5452 ἐκ

304 5489 406 5559 τῆς
432 5490 548 5543 Ἕω
576 5490 881 5559 ἀπόδρασιν
920 5490 1179 5544 ὀνειδίσαι
1231 5491 1485 5560 Χαγάνῳ.
1529 5490 1735 5561 Θέρους
1780 5492 1889 5560 γὰρ

306 5583 620 5647 ἐνεστῶτος,
652 5586 678 5635 6
707 5582 844 5653 πρὸς
874 5585 940 5653 τῇ
976 5582 1051 5651 ἕῳ
1080 5583 1186 5636 ὑπὸ
1213 5582 1322 5635 τῶν
1349 5581 1611 5652 Τούρκων
1638 5582 1888 5649 Χαγάνος

306 5674 647 5743 ὑμνούμενος
668 5715 681 5739 ,
717 5674 975 5743 πρέσϐεις
1010 5674 1283 5744 ἐξέπεμψε
1316 5674 1608 5744 Μαυρικίῳ
1643 5672 1883 5743 βασιλεῖ,

1990 4481 2177 4553 poudit
2220 4486 2357 4547 dux,
2384 4482 2456 4537 ad
2483 4481 2827 4539 venationem
2865 4488 2923 4536 et
2963 4480 3262 4550 equitatum
3302 4494 3423 4536 esse
3456 4480 3574 4536 loca

1991 4577 2212 4643 idonea,
2236 4586 2291 4631 et
2314 4590 2516 4646 aquosa
2548 4574 2703 4632 satis.
2738 4572 2835 4628 Cui
2857 4571 3146 4643 Cltaganus
3172 4571 3410 4627 ostendit
3446 4571 3577 4626 alie-

1992 4685 2115 4724 nam
2136 4678 2337 4724 terram
2356 4668 2570 4724 calcare
2589 4666 2885 4731 Romanos,
2904 4664 3148 4734 citraque
3164 4673 3379 4734 pactum
3415 4676 3577 4732 agere

1990 4759 2262 4825 Priscum,
2293 4768 2347 4814 et
2371 4768 2555 4829 aperte
2583 4773 2769 4828 pacem
2799 4758 2867 4812 ab
2898 4771 2962 4812 eo
2992 4756 3241 4811 convelli.
3269 4755 3578 4825 Respondet
3674 4748 3681 4757 “

1991 4850 2208 4908 Priscus
2240 4865 2255 4904 :
2288 4850 2593 4906 Romanum
2625 4862 2842 4920 quoque
2871 4858 2925 4902 tu
2958 4848 3106 4903 subis
3132 4847 3327 4903 solum.
3365 4848 3569 4916 Cbaga-

1992 4959 2117 5011 nus,
2146 4943 2334 5009 armis,
2368 4943 2560 5009 inquit,
2590 4951 2644 4997 et
2669 4941 2790 5010 iure
2824 4940 2974 5005 belli,
3004 4939 3282 4995 Romanos
3308 4942 3411 4995 hoc
3443 4944 3577 4994 ami-

1992 5036 2149 5091 sisse.
2178 5033 2436 5099 Cbagano
2458 5033 2687 5101 amplius
2719 5032 2933 5087 rixante
2961 5041 3016 5087 et
3047 5032 3385 5103 disceptante
3404 5032 3471 5086 de
3500 5033 3583 5086 his

1994 5128 2146 5193 locis,
2180 5129 2420 5183 Priscum
2451 5125 2631 5196 fugam
2661 5142 2727 5182 ex
2757 5123 2978 5183 Oriente
3007 5108 3364 5195 enitobrasse
3395 5126 3583 5181 dicunt

1991 5221 2267 5290 Chagano.
2320 5217 2560 5276 Instante
2603 5232 2838 5288 namque
2878 5228 3066 5273 aestate
3110 5217 3437 5288 Cbaganus,
3486 5218 3578 5285 qui

1993 5310 2262 5374 laudibus,
2283 5325 2310 5363 a
2330 5307 2520 5364 Turcis
2545 5307 2597 5364 in
2626 5307 2850 5363 Oriente
2870 5307 3195 5375 celebratur,
3238 5309 3445 5379 legatos
3475 5308 3574 5361 mi-

1994 5411 2138 5457 serat
2167 5401 2233 5455 ad
2268 5400 2429 5471 190
2458 5398 2775 5455 Mauricium
2812 5400 3217 5469 imperatorem,
3250 5413 3420 5469 eaque
3441 5413 3575 5454 con-

1994 5492 2209 5545 cinnata
2236 5490 2461 5560 epistola
2490 5489 2735 5546 exaravit
2765 5489 3028 5558 epinicia:
3060 5488 3574 5559 RegLRomanorum

1992 5583 2279 5653 Cbaganns
2310 5598 2535 5653 magnus
2561 5582 2812 5637 dominus
2855 5589 3061 5652 septem
3090 5582 3331 5652 gentium
3357 5623 3371 5649 ,
3405 5582 3579 5636 domi-

1995 5690 2096 5728 nus
2126 5675 2404 5729 climatum
2426 5672 2682 5729 universi.
3236 5714 3239 5717 λ

313 5768 600 5841 ἐπιστολήν
648 5786 708 5825 τε
764 5767 1140 5840 συν-τεταχὼς,
1194 5769 1435 5823 ἐπινίκια
1485 5770 1782 5840 ἐχάραττεν
1832 5770 1887 5823 ἐν
1927 5769 2084 5839 αὐτῇ.
2158 5768 2220 5821 Ἦ
2265 5768 2322 5822 δέ
2365 5770 2464 5839 τῆς
2509 5767 2798 5839 ἐπιστολῆς
2848 5765 3128 5839 ἐπιγραφὴ
3160 5760 3318 5837 ἐἶχεν
3358 5765 3452 5820 ἐπὶ
3488 5764 3575 5819 λιι
