4012 6214
352 388 355 391 δ
399 304 499 372 951

1417 309 1934 373 CONSTANTINI
1979 308 2657 375 PORPHYROGENITI

3570 316 3679 381 952

398 423 533 489 ξεως
563 417 758 486 οὕτως·
789 419 881 493 Τῷ
913 419 1258 499 βασιλείτῶν
1292 420 1583 493 Ῥωμαίων
1612 424 1639 476 6
1669 422 1921 491 Χαγάνος
1985 423 2015 475 6
2052 421 2222 492 μέγας
2262 422 2528 494 δεσπότης
2568 423 2708 478 ama
2749 424 2955 493 γενεῶν
3026 423 3217 498 κύριος
3257 425 3541 499 κλιμάτων
3574 431 3680 503 τῆς

398 512 747 583 οἰκουμένης.

467 607 621 674 Quod
653 604 942 674 incipiente
960 618 1105 671 vere,
1139 605 1378 661 instante
1410 606 1645 661 maxima
1675 616 1977 677 temporum
2007 610 2060 668 Α

395 699 726 762 festivitate,
759 710 866 766 qua
892 697 1199 767 passionem
1234 697 1396 752 simul
1439 706 1493 754 et
1529 698 1981 754 resurrectionem

395 791 492 846 Dei
523 790 829 847 Servatoris
849 789 1025 846 solcnt
1064 790 1378 856 celebrare,
1417 791 1666 861 fameque
1709 791 1983 846 Romanos

394 893 701 953 premente,
731 885 1026 954 'insperato
1057 886 1289 955 quodam
1313 884 1427 941 sive
1447 900 1608 951 casu,
1649 884 1763 941 sive
1806 883 1984 954 provi-

398 975 578 1031 dentia
597 974 714 1041 Dei,
734 974 1026 1046 Cbaganus
1057 976 1123 1031 ad
1147 973 1421 1031 Romanos
1450 975 1633 1039 mittit,
1657 975 1783 1029 fami
1814 975 1983 1044 impo-

395 1069 601 1124 siturus
618 1068 802 1124 linem.
819 1068 991 1135 Quam
1017 1070 1094 1123 rei
1120 1068 1413 1124 novitatem
1436 1067 1488 1122 in
1511 1067 1726 1123 dubium
1751 1068 1982 1137 primum

398 1161 563 1217 traxit
594 1161 835 1228 Priscus,
855 1176 955 1217 nec
985 1161 1034 1216 ei
1072 1160 1311 1216 conﬁdit.
1347 1160 1640 1231 Postquam
1667 1176 1793 1216 vero
1826 1175 1984 1216 secu-

395 1267 496 1309 rus
531 1252 728 1318 factus,
766 1251 994 1309 Romani
1030 1252 1174 1307 inter
1201 1267 1260 1308 se
1291 1263 1345 1309 et
1373 1251 1598 1308 Barbari
1641 1251 1885 1307 fecerunt
1920 1268 1984 1307 ac

396 1355 758 1416 susceperunt
796 1345 1039 1417 quinque
1099 1345 1304 1401 dierum
1334 1345 1610 1409 inducias,
1668 1343 1986 1414 sublatoque

397 1436 547 1494 omni
577 1445 742 1503 metu,
766 1435 1055 1507 Cbagauus
1086 1436 1450 1493 esurientibus
1474 1434 1736 1492 Romanis
1771 1436 1838 1491 ad
1870 1436 1982 1490 t‘ru-

396 1530 792 1585 mentationem
816 1529 1046 1600 praebuit
1073 1528 1339 1584 vehicula.
1358 1528 1650 1598 Propterea
1681 1540 1788 1583 tam
1814 1528 1988 1597 in0pi-

400 1628 530 1675 nata
559 1617 664 1674 ista
689 1618 976 1674 barbarica
1006 1619 1314 1675 humanitas
1334 1620 1402 1675 ad
1423 1628 1608 1676 nostra
1640 1634 1810 1689 usque
1846 1629 1985 1673 lem-

396 1724 534 1781 pora
559 1718 643 1766 est
670 1718 984 1781 propagata.
1012 1709 1217 1777 Quarta
1248 1712 1334 1767 die
1363 1711 1624 1767 Romanis
1660 1711 1833 1781 copiis
1874 1712 1986 1766 ins-

397 1802 594 1859 tructis
647 1802 716 1857 ad
757 1802 924 1857 vitam
969 1802 1131 1857 rebus
1181 1804 1537 1869 necessariis,
1580 1803 1784 1875 legatos
1843 1803 1988 1858 misit

398 1895 709 1966 Chaganus,
740 1894 956 1951 lutiicas
977 1910 1006 1949 a
1030 1893 1218 1951 Prisco
1244 1896 1511 1964 petiturus
1540 1911 1767 1951 merces.
1794 1896 1852 1952 iu
1881 1912 1984 1967 qua

398 2004 463 2045 re
491 1988 731 2043 Darbaro
764 1986 983 2044 Priscus
1009 1988 1406 2042 obsecundatus
1425 2026 1441 2052 ,
1467 1997 1521 2041 et
1551 1988 1703 2057 piper
1732 1989 1899 2054 misit,
1936 1998 1991 2044 et

398 2080 589 2136 folium
623 2078 862 2134 Indicum
884 2120 899 2143 ,
932 2079 1275 2147 casiamque,
1314 2088 1369 2134 et
1395 2094 1513 2150 qua:
1555 2080 1755 2135 dicitur
1784 2092 1990 2137 costus.

400 2172 502 2227 ilic
533 2186 663 2227 vero
703 2170 941 2240 acceptis
973 2170 1229 2227 Romanis
1264 2173 1579 2228 muneribus
1601 2214 1616 2237 ,
1653 2173 1987 2229 aromatibus

400 2263 692 2331 deliuitus,
722 2264 1010 2318 admodum
1037 2263 1331 2320 oblectatus
1361 2275 1478 2321 est:
1526 2275 1579 2321 et
1618 2267 1697 2323 sic
1738 2284 1766 2323 a
1816 2283 1993 2339 pugna

401 2352 683 2418 abstinuit,
708 2354 879 2409 donec
896 2352 1155 2411 Romanis
1179 2354 1392 2425 publica
1420 2356 1509 2411 illa
1540 2357 1727 2425 ingens
1753 2359 1985 2414 celebri-

402 2454 490 2500 tas
535 2445 936 2514 praeteriisset:
980 2445 1051 2502 ob
1085 2444 1315 2502 invicem
1351 2462 1480 2503 vero
1526 2463 1584 2503 se
1633 2463 1753 2503 cum
1808 2449 1995 2505 metati

403 2546 609 2602 essent,
646 2538 901 2610 utrinque
943 2550 1121 2594 tamen
1153 2540 1333 2594 omnia
1375 2547 1530 2594 erant
1561 2554 1773 2595 secura.
1816 2541 1995 2598 Finito

406 2629 601 2686 deinde
617 2630 776 2698 festo,
796 2633 1019 2687 nuntios
1037 2631 1323 2704 Chaganus
1339 2630 1509 2697 misit,
1534 2631 1987 2702 sejungendarum

406 2736 436 2773 a
467 2737 527 2776 se
550 2732 736 2779 mutuo
765 2723 1067 2790 copiarum.

2159 608 2284 661 Ὅτι
2315 605 2410 661 τοῦ
2445 598 2580 677 ἦρος
2614 606 2950 678 ἀνίσχοντος,
2990 608 3291 680 μελλούσης
3328 610 3384 665 δὲ
3418 612 3685 685 ἐπιϐήσε-

2087 698 2212 753 σθαι
2254 698 2356 769 τῆς
2408 697 2654 771 μεγάλης
2691 699 2800 753 τῶν
2841 699 3052 771 χρόνων
3091 703 3318 773 ἑορτῆς,
3360 704 3457 757 καὶ
3502 705 3685 770 πάθος

2086 790 2224 863 ὁμοῦ
2269 792 2365 845 καὶ
2409 791 2722 863 ἀνάστασινι
2741 790 2836 846 τοῦ
2882 792 3137 863 Σωτῆρος
3182 794 3464 866 ἑορτάξειν
3510 796 3680 862 Θεοῦ,

2085 883 2180 939 τοῦ
2200 901 2257 939 τε
2273 883 2436 954 λιμοῦ
2466 884 2594 949 τοὺς
2618 883 2928 955 Ῥωμαίους
2946 886 3400 952 καταπιέζοντος,
3430 890 3685 958 παραδό-

2086 977 2163 1048 ξῳ
2209 975 2435 1049 προνοίᾳ
2477 978 2586 1031 τινί
2634 979 2662 1032 6
2714 978 2968 1047 Χαγάνος
3014 978 3155 1050 πρὸς
3198 981 3325 1044 τοὺς
3360 982 3687 1051 Ῥωμαίους

2089 1067 2471 1137 πρεσϐεύεται.
2506 1066 2571 1120 Ἡ
2601 1067 2661 1121 δὲ
2696 1067 2920 1134 ἀξίωσις
2949 1064 3037 1143 ἦν,
3073 1070 3229 1126 λύσιν
3259 1071 3338 1143 τῷ
3371 1070 3518 1143 λιμῷ
3553 1074 3685 1125 ἐπι-

2090 1159 2280 1214 Θεῖναι.
2316 1159 2375 1214 Ὀ
2411 1159 2509 1231 μὲν
2538 1157 2632 1214 οὖν
2661 1160 2923 1231 Πρίσκος,
2956 1163 3046 1216 ἐπὶ
3076 1162 3157 1235 τῷ
3189 1167 3544 1234 κοινοπρεπεί
3572 1164 3684 1233 τῆς

2089 1250 2390 1318 ἀξιώσεως,
2417 1253 2667 1325 διηπόρει
2694 1271 2754 1307 τε
2786 1255 2880 1309 καὶ
2909 1256 3149 1327 ἠπίστει.
3178 1256 3331 1310 Ἐπεὶ
3357 1257 3415 1310 δὲ
3450 1258 3679 1320 πίστεις

2103 1342 2365 1415 Ῥωμαῖοί
2386 1362 2445 1400 τε
2467 1346 2563 1400 καὶ
2586 1346 2864 1420 Βάρϐαροι
2896 1348 3086 1403 ἔδοσαν
3110 1350 3204 1404 καὶ
3233 1350 3678 1421 ἀντελάμϐανον,

2091 1434 2481 1508 πένθ’ἡμέρας
2530 1438 2763 1502 σπονδὰς
2816 1440 3238 1511 συστησάμενοι,
3285 1439 3387 1513 τὴν
3437 1441 3683 1509 ἀφοϐίαν

2091 1530 2597 1600 ὲπραγματεύοντο.
2633 1531 2879 1602 Ἃμάξας
2908 1532 3200 1602 τοιγαροῦν
3230 1532 3259 1585 6
3292 1533 3548 1601 Χαγάνος
3583 1534 3684 1585 ἐπὶ

2092 1621 2342 1691 σιτισμδν
2376 1620 2705 1692 λιμώττουσι
2737 1627 2850 1687 τοῖς
2884 1622 3179 1693 Ῥωμαίοις
3213 1624 3510 1694 παρείχετο
3536 1638 3552 1654 ·
3586 1623 3685 1677 διὰ

2090 1711 2248 1766 τοῦτο
2288 1713 2448 1784 μέχρι
2483 1713 2592 1768 τῶν
2627 1715 2838 1785 χρόνων
2874 1715 2984 1772 τῶν
3020 1716 3147 1771 καθ’
3168 1717 3315 1787 ἡμᾶς
3351 1716 3458 1771 τῶν
3495 1734 3686 1788 παρα-

2090 1806 2556 1877 δοξολογουμένων
2601 1809 2667 1862 τά
2711 1808 2815 1879 τῆς
2864 1809 3209 1881 βαρϐαρικῆς
3259 1809 3686 1881 φιλανθρωπίας

2090 1897 2297 1968 ταύτης
2332 1898 2663 1971 καθέστηκε.
2691 1901 2940 1973 Τετάρτῃ
2973 1901 3030 1955 δὲ
3065 1901 3250 1973 ἡμέρᾳ
3283 1900 3376 1955 καὶ
3410 1901 3512 1970 τῆς
3540 1902 3684 1953 Ῥω-

2102 1988 2303 2058 μαῖκῆς
2335 1988 2616 2057 δυνάμεως
2636 1989 2997 2061 εὐσθενούσης
3029 1992 3143 2053 τοῖς
3178 1990 3315 2060 πρὸς
3346 1989 3490 2062 ζωὴν
3509 1992 3685 2056 ἀναγ-

2096 2082 2403 2144 καιοτάτοις
2442 2080 2521 2151 τῷ
2550 2081 2671 2151 βίῳ,
2698 2082 2727 2135 6
2753 2082 3005 2151 Χαγάνος
3048 2082 3310 2152 πρέσϐεις
3341 2081 3684 2151 ἐξέπεμψεν,

2098 2173 2331 2237 Ἰνδικὰς
2349 2172 2454 2227 ὑπὸ
2480 2173 2575 2227 τοῦ
2606 2173 2847 2246 Πρίσκου
2876 2174 3061 2227 λαϐεῖν
3085 2173 3255 2241 ἀξιῶν
3276 2173 3603 2245 καρυκείας.
3620 2174 3686 2225 '0

2104 2267 2203 2338 μὲν
2237 2263 2331 2321 οὖν
2366 2265 2606 2337 Πρίσκος
2643 2266 2740 2320 τοῦ
2766 2267 3058 2339 Βαρϐἀρου
3094 2266 3193 2338 τὴν
3224 2265 3449 2331 ἀξίωσιν
3482 2264 3686 2333 ἑθερά-

2102 2357 2469 2428 πευε,πέπερί
2496 2374 2557 2412 τε
2586 2358 2883 2428 ἐξέπεμψε,
2916 2358 3011 2412 καὶ
3040 2357 3241 2427 φύλλον
3266 2355 3509 2419 Ἰνδικὸν,
3543 2373 3684 2408 κασ-

2105 2450 2227 2503 σίαν
2252 2467 2310 2503 τε
2336 2449 2430 2503 καὶ
2455 2449 2516 2503 τὸ
2543 2449 2836 2520 λεγόμενον
2865 2448 3054 2503 κόστον
3070 2465 3085 2481 '
3117 2450 3145 2502 6
3172 2447 3229 2502 δὲ
3256 2445 3548 2500 ἀπολαϐὼν
3573 2445 3684 2506 τάς

2116 2540 2430 2610 Ῥωμαϊκὰς
2454 2539 2691 2614 δωρεὰς,
2721 2540 3348 2611 καταρωματισάμενος,
3377 2538 3521 2609 ἥσθη
3551 2536 3682 2590 λίαν

2098 2632 2434 2703 περιχαρῶς.
2467 2632 2679 2685 Γίνεται
2712 2632 2805 2687 οὖν
2834 2633 3116 2704 ἀπόμαχος
3152 2633 3344 2703 μέχρις
3376 2631 3500 2683 ὅτου
3538 2628 3681 2682 Ῥω-

2098 2724 2279 2794 μαίοις
2313 2726 2345 2795 ἠ
2379 2723 2679 2796 δημοτελὴς
2720 2726 2902 2798 ἐκείνη
2947 2724 3158 2797 μεγάλη
3204 2726 3510 2795 πανήγυρις
3547 2724 3682 2774 ἐπε⁶

404 2813 668 2883 πέραστο.
718 2814 1108 2885 Συνηυλίζοντο
1150 2811 1442 2885 τοιγαροῦν
1488 2814 1556 2868 τά
1602 2815 1894 2870 ἀντίθετα·
1956 2817 2051 2872 καὶ
2113 2818 2212 2872 οὑκ
2261 2813 2331 2888 ἦν
2363 2817 2481 2881 δέος
2524 2819 2583 2870 ὲν
2614 2818 2907 2889 ἑκατέραις
2946 2819 3261 2890 δυνάμεσιν.
3296 2817 3507 2872 Οὐκοῦν
3539 2819 3683 2870 ἀπο-

406 2909 846 2981 τερματιζούσης
870 2912 969 2983 τῆς
999 2912 1217 2985 ἑορτῆς.
1247 2916 1511 2985 ἀγγέλους
1562 2920 1591 2971 6
1618 2920 1869 2989 Χαγάνος
1936 2921 2235 2992 ἐξέπεμπε,
2278 2920 2652 2993 διακρίνεσθαι
2726 2920 2823 2975 ἀπ’
2876 2920 3122 2994 ἀλλήλων
3164 2919 3332 2985 ἀξιῶν
3370 2920 3469 2981 τὰς
3512 2918 3683 2970 δυνα-

412 3019 555 3072 μεις.

481 3092 638 3159 Quod
667 3110 696 3148 a
731 3095 914 3165 quinta
946 3113 1146 3169 pugna,
1178 3102 1420 3158 devictus
1449 3119 1476 3156 a
1500 3103 1759 3160 Romanis
1784 3106 1993 3176 Chaga-

408 3198 536 3251 nus,
571 3195 862 3257 antequam
916 3190 1229 3261 imperatori
1276 3194 1481 3266 aliquid
1512 3197 1577 3251 de
1613 3196 1755 3253 facto
1775 3206 1994 3253 consta-

411 3286 516 3341 ret,
545 3275 749 3347 legatos
780 3280 846 3334 ad
871 3278 1188 3338 Mauricium
1219 3286 1447 3340 misitde
1467 3288 1696 3356 captivis
1725 3288 1992 3357 recipien-

411 3368 515 3423 dis.
556 3369 722 3424 Erant
766 3386 828 3425 ea
884 3374 1049 3429 millia
1093 3377 1508 3445 septemdecim,
1554 3394 1676 3433 cum
1719 3380 1988 3435 ducentis.

411 3458 708 3515 Mauricius
731 3460 915 3529 itaque
947 3465 1108 3519 minis
1126 3466 1351 3520 Barbari
1381 3482 1687 3535 percussus,
1719 3469 1996 3524 oratione-

411 3548 967 3617 que’eircumventus,
996 3567 1094 3622 per
1117 3554 1453 3610 tabellarium
1485 3556 1670 3612 Prisco
1701 3558 1995 3622 mandavit,

414 3644 477 3689 ut
504 3636 747 3706 captivos
774 3638 1021 3697 redderet
1047 3642 1304 3713 Chagano
1327 3645 1557 3713 Abaros,
1583 3662 1646 3703 ac
1670 3648 1743 3702 ita
1781 3649 1994 3717 quidem

416 3743 448 3782 a
482 3728 724 3797 periculo
752 3729 908 3787 liberi
936 3734 1237 3793 redduntur
1256 3736 1510 3807 Chagano
1537 3739 1785 3795 Barbari.

2173 3106 2298 3158 ’ὐτι
2328 3106 2356 3157 6
2380 3103 2633 3170 Χαγάνος
2664 3103 2802 3173 μετά
2825 3103 2925 3172 τὴν
2949 3103 3209 3174 πέμπτην
3233 3097 3404 3175 ἧτταν
3431 3118 3683 3155 καταπο-

2098 3194 2357 3264 λεμηθεὶς
2400 3194 2504 3247 ὑπὸ
2537 3192 2847 3261 Ῥωμαίων,
2883 3195 3013 3266 πρίν
3056 3211 3115 3247 τε
3150 3193 3243 3248 τὸν
3289 3194 3680 3263 αὐτοκράτορα.

2096 3286 2205 3340 τῶν
2231 3286 2618 3355 γεγενημένων
2659 3288 2715 3341 ὲν
2744 3287 2951 3357 είδήσει
2991 3286 3271 3355 γενέσθαι,
3316 3284 3579 3355 πρέσϐεις
3619 3286 3681 3347 ές

2096 3377 2403 3446 Μαυρίκιον
2456 3376 2719 3447 ἐπεμψεν,
2769 3375 3059 3432 ἀναλαϐεῖν
3111 3378 3237 3440 τοὺς
3288 3374 3675 3446 ζωγρηθέντας

2100 3467 2460 3538 πειρώμενος.
2482 3465 2663 3522 *Ησαν
2692 3470 2750 3523 δὲ
2781 3468 3022 3540 χιλιάδες
3054 3469 3194 3523 ἑπτὰ
3228 3468 3322 3522 καὶ
3353 3467 3483 3520 δέκα
3532 3465 3680 3535 πρὸς

2099 3561 2212 3623 τοῖς
2242 3559 2559 3624 διακοσίοις.
2589 3560 2650 3616 '0
2682 3562 2741 3616 δὲ
2772 3562 3110 3634 Μαυρίκιος,
3142 3563 3263 3624 ταῖς
3294 3558 3548 3620 ἀπειλαῖς
3581 3555 3682 3609 τοῦ

2101 3650 2389 3723 Βαρϐἀρου
2423 3654 2820 3723 καταπλαγεὶς,
2864 3656 2957 3710 καὶ
2997 3656 3109 3718 τοῖς
3146 3653 3326 3723 λόγοις
3366 3651 3680 3717 ἀποϐουκοο

2098 3743 2382 3816 λούμενος,
2407 3746 2476 3800 δι’
2491 3748 2818 3813 ἐπιστολέως
2837 3748 2915 3820 τῷ
2937 3748 3163 3819 Πρίσκῳ
3186 3744 3517 3818 προσέταξεν
3536 3746 3683 3798 ἀπο-

416 3824 601 3920 δοῦναι
621 3826 749 3892 τοὺς
776 3829 1159 3904 ζωγρηθέντας
1177 3832 1255 3906 τῷ
1282 3834 1522 3909 Χαγάνῳ
1550 3836 1836 3911 Ἀϐἀρους.
1860 3837 2016 3894 Οὕτω
2060 3840 2160 3912 μὲν
2194 3837 2288 3896 οὖν
2346 3843 2455 3897 ἀπὸ
2490 3845 2590 3917 τῆς
2627 3846 2837 3920 τόμεως
2898 3844 3199 3903 ἀνεδίδοντο
3230 3842 3308 3916 τῷ
3345 3843 3587 3913 Χαγάνῳ
3628 3843 3681 3898 οί

423 3918 727 3994 Βάρϐαροι.

3244 4068 3419 4075 *ος-.-
3440 4068 3471 4073 .-
3492 4068 3537 4071 -κν

925 4070 3642 4100 mw
1882 4070 3537 4100 '7—7WWWH.
3570 4070 3589 4072 “
3616 4070 3638 4073 Ὗ

1672 4215 2441 4341 ΥΠΟΘΕΣΙΣ

736 4425 963 4520 ΤΟΥ
1035 4434 1294 4521 ΠΕΡΙ
1367 4432 1586 4520 ΤΗΣ
1660 4432 2082 4519 ΑΡΕΤΗΣ
2158 4432 2353 4519 ΚΑΙ
2418 4429 2828 4524 ΚΑΚΙΑΣ
2901 4437 3349 4527 ΒΙΒΛΙΟΥ

1095 4597 1235 4653 ΤΟΥ
1271 4580 1822 4657 κοΝΣΤΑΝτιΝυΥ
1863 4596 1994 4650 nor

2101 4596 2227 4651 ΡΑΣ
2264 4598 2541 4657 ΔΠΟΓΟΝ
2547 4601 2638 4655 ΟΥ
2678 4600 2905 4655 ΠΡΩΤο
2914 4602 2979 4657 Υ.

1550 4758 2554 4966 ABGUMENTUM

386 5016 399 5129 ξ
758 5067 1089 5156 LIBRI
1165 5067 1516 5157 PRIMI
1600 5067 1748 5154 DE
1820 5067 2567 5157 VIRTUTIBUS
2641 5068 2803 5165 ,ΕΤ
2878 5071 3315 5171 vmls.

1376 5222 1917 5287 CONSTANTINI
1963 5225 2784 5291 PORPHYROGENETIE.

472 5340 644 5411 {Apud
665 5341 821 5397 Henr.
847 5342 1102 5399 Valesiani
1119 5341 1170 5396 in
1189 5343 1520 5400 Collectaneis
1540 5345 1851 5399 Constantini
1874 5346 2279 5471 Earl:
2301 5349 2438 5413 ιδδι,
2472 5350 2538 5401 ιο.
2563 5351 2688 5403 Vide
2709 5348 2901 5405 Fabric.
2932 5354 3063 5416 apud
3084 5366 3172 5403 nos
3194 5350 3313 5403 torni
3335 5353 3618 5417 superioris

1995 5545 2066 5558 Μ

482 5618 801 5701 Quicunque
846 5624 975 5682 olim
1029 5627 1146 5684 sive
1174 5642 1353 5700 reges,
1402 5628 1518 5684 sive
1562 5630 1725 5687 sortis
1760 5631 1985 5700 privatae
2018 5635 2062 5690 D

2163 5634 2317 5688 Ὅσοι
2356 5634 2467 5689 τῶν
2501 5636 2666 5690 πάλαι
2713 5638 2847 5692 ποτὲ
2893 5632 3156 5708 βασιλέων
3193 5654 3251 5691 τε
3300 5636 3395 5691 καὶ
3437 5636 3679 5689 ίδιωτῶν

413 5709 700 5784 homines.
749 5724 934 5778 mente
990 5716 1213 5791 fuerunt
1259 5736 1440 5793 neque
1484 5722 1849 5796 voluptatibus
1900 5725 1993 5782 de-
2030 5786 2031 5789 η

2098 5727 2174 5799 μὴ
2203 5726 2292 5782 τὸν
2321 5728 2447 5787 νοῦν
2475 5729 2866 5804 παρισύρησαν
2894 5732 3102 5803 ἡδοναῖς
3131 5731 3163 5800 ἢ
3196 5727 3675 5802 κατεμαλακίσθησ
