3954 6210
295 359 399 423 353

793 354 1226 416 PRO(EMIUM
1268 355 1351 417 IN
1392 355 1927 419 COLLECTANEA
1964 359 2063 420 DE
2102 363 2571 426 VIRTUTIBUS
2608 367 2704 428 ET
2738 367 2999 430 VITIIS.

3432 367 3537 431 95$

295 488 427 534 σαν,
461 468 599 525 ἀλλὰ
628 468 689 522 eo
721 470 821 538 τῆς
858 469 1035 540 ψυχῆς
1076 470 1293 538 εὐγενὲς
1334 471 1666 541 άκηλίδωτον
1701 472 1866 541 ἀρετῇ

1975 487 2222 543 pravata,
2256 492 2429 546 neque
2489 478 2715 533 mollitie
2764 486 3046 547 corrupta,
3077 477 3172 534 sed
3220 477 3391 534 animi
3430 495 3543 535 no—

296 554 848 632 συνετήρησαν,οὑτοι
876 561 962 631 δὴ,
982 556 1129 614 οὗτοι
1161 563 1255 615 καὶ⁵
1284 563 1468 626 πόνοις
1497 564 1865 633 ἐνεκαρτέρη-

296 670 412 716 σαν,
451 652 545 705 καὶ
586 651 766 721 λόγοις
808 653 1282 724 ὲνησχολήθησαν·
1320 654 1414 705 καὶ
1450 654 1609 718 ἄλλος
1651 654 1780 707 ἄλλο
1810 671 1863 706 τι

300 745 397 798 τῶν
429 744 543 798 ὅσοι
575 744 937 816 λογικώτερον
973 745 1312 809 ἐπεϐίωσαν,
1350 746 1599 809 παιδείας
1636 746 1863 815 ἐρασταὶ

300 836 576 905 γεγονότες
612 836 1031 907 σπουδαιότερόν
1063 853 1182 889 τινα
1217 836 1626 906 συνεγράψαντο
1652 852 1667 868 ·
1702 838 1863 891 τοῦτο

293 927 391 996 μὲν
415 927 513 995 τῆς
530 927 681 995 σφῶν
701 927 879 979 αὑτῶν
899 926 1268 996 πολυμαθείας
1288 927 1484 997 δεῖγμα
1508 928 1735 998 ἐναργὲς
1751 929 1863 990 τοῖς

294 1015 587 1082 μετέπειτα
618 1016 941 1070 καταλιπεῖν
970 1017 1307 1086 ίμειρόμενοι
1334 1034 1349 1048 θ
1381 1017 1539 1070 τοῦτο
1566 1018 1624 1071 δὲ
1652 1018 1746 1071 καὶ
1776 1016 1865 1069 εὑ-

294 1105 477 1159 κλειαν
509 1107 837 1177 ἀείμνηστον
868 1110 932 1161 ὲκ
958 1108 1067 1161 τῶν
1098 1110 1533 1179 ἐντυγχανόντων
1562 1110 1863 1179 καρπώσα-

294 1195 417 1248 σθαι
455 1195 747 1267 μνώμενοι.
776 1198 928 1250 Ἐπεὶ
960 1198 1017 1250 δὲ
1051 1199 1115 1249 ὲκ
1146 1197 1244 1266 τῆς
1277 1198 1386 1249 τῶν
1420 1198 1689 1251 τοσούτων
1724 1198 1864 1251 ἐτῶν

294 1288 631 1358 περιδῳμῆς
668 1289 900 1343 ἄπλετόν
930 1306 983 1341 τι
1018 1288 1210 1358 χρῆμα
1248 1290 1342 1342 καὶ
1377 1292 1719 1359 πραγμάτων
1754 1292 1866 1358 ὲγί-

294 1397 483 1448 γνετο,
510 1383 605 1434 καὶ
634 1381 807 1449 λόγων
836 1382 1097 1435 ὶπλέκετο
1115 1419 1131 1444 ,
1161 1381 1245 1434 ἐπ’
1271 1382 1493 1452 ἄπειρόν
1516 1400 1575 1435 τε
1602 1382 1698 1436 καὶ
1725 1382 1868 1451 ἀμή-

296 1490 455 1542 χανον
492 1475 525 1542 ὴ
563 1473 662 1541 τῆς
706 1474 947 1543 ἱστορίας
987 1472 1244 1545 εύρύνετο
1291 1474 1620 1550 συμπλοκίγ
1660 1474 1767 1527 ἔδει
1808 1474 1867 1527 δὲ

295 1561 758 1631 ὲπιρῤεπέστερον
794 1560 931 1632 πρὸς
965 1561 1033 1615 τὰ
1073 1562 1242 1633 χείρω
1275 1564 1374 1633 τὴν
1413 1564 1523 1617 τῶν
1561 1563 1867 1635 ἀνθρώπων

295 1650 617 1721 προαίρεσιν
662 1652 1041 1721 μετατίθεσθαι
1084 1653 1295 1724 χρόνοις
1322 1653 1569 1724 ὕστερον,
1600 1656 1694 1708 καὶ
1720 1655 1868 1723 ὀλιγ-

296 1739 452 1811 ώρως
488 1742 631 1812 ἔχειν
665 1745 798 1814 πρὸς
833 1746 899 1797 τὰ
932 1745 1071 1799 καλὰ
1101 1747 1195 1798 καὶ
1226 1745 1604 1817 ῥᾳθυμότερον
1664 1747 1868 1800 διακεί-

1972 565 2235 620 hilitatem
2296 570 2672 622 intemeratam
2711 570 2779 624 ad
2828 572 3084 624 virtutem
3128 581 3544 635 conservarunt,

1973 656 2025 709 hi
2061 658 2301 725 profecto
2330 667 2383 712 et
2423 658 2564 713 inter
2599 660 2815 714 labores
2859 660 3149 724 durarunt,
3174 668 3231 714 et
3271 660 3442 715 otium
3490 660 3545 713 in

1973 744 2168 801 litteris
2202 758 2673 816 consumpserunt.
2701 750 2778 805 Ac
2822 750 2870 805 si
2920 750 3012 819 qui
3042 750 3251 805 illorum
3279 752 3444 804 vitam
3494 752 3545 805 in

1970 836 2167 891 studiis
2199 837 2510 905 diligentius
2558 827 2811 907 egerunt,
2856 838 3175 895 eruditionis
3234 853 3419 894 amore
3462 840 3548 892 iu-

1970 923 2223 979 ﬂauunati
2259 928 2459 994 aliquid
2512 928 2837 995 impensiore
2886 943 3017 983 cura
3075 928 3539 997 conscripserunt,

1972 1020 2165 1087 partim
2197 1021 2339 1089 quod
2378 1021 2691 1091 multiplicis
2732 1024 2995 1078 doctrina:
3048 1039 3160 1079 suae
3192 1034 3400 1079 certum
3440 1024 3544 1076 ali-

1970 1110 2111 1178 quod
2170 1112 2399 1179 posteris
2448 1122 2853 1168 monumentum
2908 1116 3219 1185 relinquere
3258 1125 3545 1183 cuperunt,

1974 1202 2172 1270 partim
2209 1202 2370 1256 etiam
2404 1203 2726 1257 immortalis
2756 1208 3028 1261 memoria:
3062 1206 3353 1271 desiderio,
3385 1220 3545 1273 quam

1975 1290 2115 1358 apud
2173 1290 2404 1346 lectores
2438 1299 2919 1362 consequerentur.
2968 1294 3233 1359 Quoniam
3279 1309 3408 1348 vero
3454 1309 3549 1360 per

1975 1386 2055 1433 tot
2089 1394 2365 1434 armorum
2418 1382 2691 1436 curricula
2734 1392 2789 1436 et
2841 1396 2927 1436 res
2979 1382 3256 1435 immensa:
3310 1382 3549 1449 quotidie

1973 1470 2363 1523 exoriebantur
2417 1482 2475 1525 et
2540 1472 2741 1541 scripta
2801 1473 3250 1536 contexebantur,
3307 1471 3548 1525 historiae

1974 1560 2304 1629 conscriptio
2361 1575 2577 1630 semper
2624 1562 2784 1615 latius
2817 1576 2936 1616 sese
2980 1577 3303 1631 propagans,
3339 1562 3548 1615 infinita

1969 1649 2081 1719 jam
2115 1664 2202 1705 res
2228 1660 2369 1715 erat,
2394 1661 2448 1705 et
2475 1666 2592 1714 qua:
2626 1651 2844 1705 humani
2878 1651 3075 1720 ingenii
3100 1652 3204 1704 vim
3240 1651 3546 1706 excederet.

1976 1742 2265 1797 Enimvero
2312 1742 2471 1797 aliter
2519 1742 2739 1796 evenire
2785 1757 2889 1796 non
2939 1748 3173 1809 poterat,
3208 1740 3336 1808 quin
3372 1742 3551 1795 homi-

298 1832 423 1887 σθαι
456 1834 593 1905 πρὸς
623 1835 721 1905 τὴν
753 1834 861 1888 τῶν
894 1814 1862 1908 φθασάντωνγενένσθαι*κατάληψιν,

1977 1848 2104 1887 num
2138 1834 2315 1888 studia
2344 1842 2399 1888 et
2423 1832 2726 1888 voluntates
2775 1830 3166 1900 posterioribus
3217 1830 3550 1899 temporibus

298 1924 536 1977 κατόπιν
580 1925 872 1997 γινομένης
914 1927 1012 1997 τῆς
1051 1927 1285 1997 ἀληθοῦς
1326 1930 1691 1996 ὲπιτεύξεως·
1736 1929 1863 1984 ὥστ’

299 2015 544 2068 ἐντεῦθεν
578 2018 773 2088 ἀδηλία
809 2017 1127 2082 σκιάζεσθαι
1159 2020 1258 2087 τὴν
1288 2021 1387 2089 τῆς
1426 2022 1669 2092 ἱστορίας
1708 2021 1868 2091 ἐφεύ-

302 2122 467 2174 ρεσιν,
501 2107 577 2174 πὴ
613 2108 709 2176 μὲν
740 2109 933 2161 σπάνει
964 2108 1162 2179 βίὸλων
1188 2110 1504 2180 ὲπωφελῶν,
1535 2114 1611 2184 πὴ
1641 2114 1695 2167 δὲ
1728 2114 1867 2185 πρὸς

296 2198 396 2265 τὴν
425 2198 658 2268 ἐκτάδην
687 2200 1015 2270 πολυλογίαν
1042 2203 1431 2275 δειμαινόντων
1462 2207 1554 2260 καὶ
1584 2209 1867 2281 κατορῤω-
1906 2264 1913 2269 ,

297 2284 529 2339 δούντων
556 2304 569 2317 ·
620 2290 648 2342 ό
682 2290 779 2358 τῆς
831 2292 1119 2363 πορφύρας
1156 2296 1424 2363 ἀπόγονος
1456 2297 1867 2361 Κωνσταντίνος

296 2373 326 2425 ὀ
362 2374 778 2444 όρθοδοξότατος
818 2384 911 2432 καὶ
948 2383 1468 2451 χριστιανικώτατος
1499 2386 1609 2440 τῶν
1644 2386 1865 2442 πώποτε

298 2463 798 2533 βεϐασιλευκότων,
844 2469 1255 2542 ὀξυωπέστερον
1296 2475 1433 2546 πρὸς
1472 2476 1571 2547 τὴν
1614 2477 1721 2531 τῶν
1762 2494 1865 2533 κα-

294 2554 402 2607 λῶν
418 2557 745 2627 κατανόησιν
763 2558 1129 2631 διακείμενος,
1151 2563 1246 2617 καὶ
1264 2563 1593 2636 δραστήριον
1618 2564 1867 2637 ἐσχηκὼς

298 2647 454 2714 νοῦν,
488 2648 669 2721 ἔκρινε
704 2650 977 2720 βέλτιστον
1010 2648 1151 2709 εἷναι
1184 2655 1278 2709 καὶ
1311 2658 1666 2728 κοινωφελὲς,
1697 2660 1775 2731 τῷ
1806 2675 1865 2713 τε

300 2738 403 2808 βίῳ
444 2740 797 2812 ὀνησιφόρον,
838 2744 1102 2816 πρότερον
1148 2746 1247 2816 μὲν
1292 2746 1560 2820 ζητητικῇ
1590 2749 1867 2819 διεγέρσει

301 2827 517 2898 βίϐλους
551 2830 772 2885 ἄλλοθεν
804 2832 969 2896 ἄλλας
1005 2834 1063 2900 ἐξ
1099 2835 1315 2907 ἁπάσης
1352 2838 1655 2908 ἑκασταχοῦ
1690 2839 1868 2891 οἰκουσ-

302 2920 472 2991 μένης
508 2921 897 2991 συλλέξασθαι,
933 2926 1280 2997 παντοδαπῆς
1311 2927 1366 2980 δὲ
1401 2928 1713 2991 πολυειδοῦς
1749 2930 1868 2983 ὲπι-

300 3013 513 3083 στήμης
542 3014 873 3083 ἐγκύμονας.
906 3016 1137 3071 Ἔπειτα
1162 3018 1223 3070 τὸ
1246 3018 1346 3089 τῆς
1374 3019 1743 3083 πλατυεπείας
1773 3021 1867 3090 μέ-

298 3100 456 3170 γεθος
496 3103 592 3156 καὶ
634 3105 803 3168 ἀκοὰς
841 3109 1157 3171 ἀποκναῖον,
1194 3108 1368 3172 ἄλλως
1400 3126 1460 3162 τε
1502 3110 1595 3164 καὶ
1636 3111 1868 3181 ὀχληρὸν

298 3194 393 3248 καὶ
419 3194 674 3263 φορτικὸν
699 3196 1021 3266 φαινόμενον
1046 3199 1157 3261 τοῖς
1188 3197 1426 3263 πολλοῖς,
1456 3199 1565 3251 δεῖν
1587 3198 1742 3270 ᾠήθη
1773 3217 1872 3255 κα-

295 3283 591 3354 ταμερίσαι
622 3284 781 3339 τοῦτο
814 3287 895 3349 εἰς
930 3287 1362 3358 λεπτομέρειανξ,
1404 3288 1778 3357 ἀνεπιφθόνως
1810 3306 1869 3342 τε

297 3373 577 3441 προθεῖναι
622 3376 753 3428 πᾶσι
797 3377 950 3446 κοινῇ
986 3374 1090 3447 ,τὴν
1134 3377 1197 3429 ὲκ
1240 3376 1446 3429 τούτων
1488 3378 1871 3449 ἀναφυομένην

296 3462 563 3531 ὠφέλειαν
584 3481 597 3495 ·
628 3464 703 3530 ώς
733 3467 797 3520 ὲκ
830 3466 930 3537 μὲν
955 3467 1054 3538 τῆς
1086 3468 1319 3539 ἐκλογῆς
1350 3472 1870 3541 προσεκτικωτέρως

298 3555 397 3610 καὶ
439 3557 875 3627 ἑνδελεχέστερον
916 3562 1369 3632 κατεντυγχάνειν
1405 3563 1530 3628 τοὺς
1569 3567 1869 3637 τροφίμους

299 3646 409 3699 τῶν
451 3646 647 3715 λόγων,
693 3652 789 3701 κα)⁸
835 3650 1207 3723 μονιμώτερον
1250 3656 1614 3711 ὲντυποῦσθαι
1657 3658 1869 3724 τούτοις

298 3736 397 3808 τὴν
422 3737 531 3792 τῶν
555 3738 728 3808 λόγων
757 3740 1102 3811 εὑφράδειαν.
1133 3744 1511 3814 Μεγαλοφυῶς
1538 3765 1597 3800 τε
1630 3749 1724 3802 καὶ
1776 3750 1871 3801 ἀνσ-

297 3827 581 3898 επηϐόλως
598 3830 734 3900 πρὸς
755 3831 849 3884 ἐπὶ
872 3831 1083 3895 τούτοις
1108 3836 1473 3907 καταμερίσαι
1491 3838 1570 3899 είς
1584 3836 1870 3900 ὑποθέσεις

297 3920 609 3987 διαφόρους,
646 3923 795 3991 τρεῖς
840 3923 933 3975 ἐπὶ
974 3926 1084 3986 τοῖς
1125 3926 1463 3995 πεντήκοντα
1504 3927 1596 3979 τὸν
1635 3927 1870 3998 ἀριθμὸν

297 4004 485 4072 οὖσας,
517 4010 573 4061 ὲν
602 4005 689 4073 αἶς
721 4010 812 4066 καὶ
844 4011 933 4079 ὑφ’
954 4006 1042 4075 αἷς
1070 4012 1257 4067 ἅπασα
1288 4014 1535 4083 ἱστορικὴ
1570 4015 1871 4087 μεγαλουρ-

297 4098 393 4167 γία
424 4098 789 4168 συγκλείεται.
820 4101 930 4154 Καὶ
958 4103 1057 4157 οὑκ
1087 4102 1235 4157 ἔστιν
1260 4104 1414 4158 οὐδὲν
1442 4105 1550 4157 τῶν
1578 4107 1872 4177 συγκειμέ-

297 4207 426 4256 νων,
476 4191 505 4243 ὃ
553 4190 904 4260 διαφεύξεται
954 4193 1052 4260 τὴν
1103 4193 1357 4264 τοιαύτην
1403 4195 1512 4249 τῶν
1560 4196 1870 4251 ὑποθέσεων

295 4283 707 4353 ἀπαρίθμησιν,
748 4285 899 4337 οὐδὲν
933 4287 993 4339 τὸ
1036 4288 1298 4357 παράπαν
1330 4290 1739 4361 ἀφαιρουμένης
1768 4290 1869 4360 τῆς

294 4374 392 4432 τοῦ
418 4375 575 4442 λόγου
602 4375 922 4441 ἀκολουθίας
948 4379 1011 4448 τῇ
1039 4378 1299 4449 διαιρέσει
1321 4382 1428 4433 τῶν
1451 4384 1668 4435 ἐννοιῶν
1688 4399 1702 4412 ·
1730 4381 1867 4436 ἀλλά

1972 1928 2039 1980 ad
2070 1924 2341 1980 deteriora
2377 1939 2435 1980 se
2490 1925 2836 1988 inclinarent,
2872 1924 3099 1978 honesta
3130 1937 3332 1991 susque
3376 1923 3551 1990 deque

1973 2016 2255 2079 haberent,
2288 2024 2342 2071 et
2382 2016 2450 2071 ad
2483 2016 2890 2084 cognoscendas
2940 2014 3180 2082 priorum
3230 2012 3550 2068 saeculorum

1972 2122 2065 2163 ros
2117 2108 2409 2163 evaderent
2458 2107 2899 2178 negligentiores,
2962 2103 3380 2175 investigatione
3430 2105 3546 2159 veri

1973 2199 2140 2255 semel
2195 2199 2458 2269 neglecta.
2507 2197 2581 2252 lta
2621 2206 2680 2251 ut
2736 2196 2980 2252 historia:
3026 2196 3263 2263 cognitio
3309 2196 3546 2251 tenebris

1973 2291 2222 2347 obvoluta
2259 2292 2581 2347 redderetur
2615 2292 2844 2357 incerta,
2878 2300 2991 2346 tum
3017 2300 3235 2361 propter
3281 2289 3543 2344 librorum

1974 2382 2183 2435 utilium
2215 2380 2476 2449 inopiam,
2513 2390 2625 2435 tum
2659 2381 2785 2450 quia
2819 2382 2884 2436 ad
2934 2382 3023 2436 illa
3061 2391 3141 2436 tot
3173 2390 3229 2436 et
3274 2389 3423 2434 tanta
3455 2393 3549 2433 vo-

1973 2472 2178 2527 lumina
2207 2472 2365 2540 vulgo
2399 2471 2645 2526 homines
2678 2471 3128 2541 expavescebant.
3157 2471 3365 2526 Idcirco
3407 2470 3552 2527 Con-

1972 2563 2246 2618 stantinus
2284 2562 2762 2632 Porphyrogeneta
2815 2562 3113 2631 imperator
3154 2563 3395 2619 omnium
3456 2560 3548 2628 qui

1972 2668 2214 2723 unquam
2250 2653 2468 2708 fuerunt
2494 2663 2654 2708 rectae
2678 2654 2797 2709 fidei
2825 2654 3202 2710 tenacissimus
3226 2664 3280 2709 et
3300 2653 3553 2707 christia-

1974 2746 2249 2811 nissimus,
2284 2745 2501 2816 ingenio
2550 2746 2807 2814 praeditus
2847 2747 2915 2801 ad
2961 2760 3141 2800 rerum
3194 2744 3546 2815 pulchrarum

1973 2838 2376 2907 perceptionem
2413 2837 2750 2901 acutissimo,
2788 2850 2854 2892 eo
2883 2837 3117 2906 denique
3154 2844 3416 2905 praestans
3457 2835 3547 2890 ir.-

1974 2927 2292 2998 tclligentia,
2350 2936 2408 2981 ut
2466 2926 2626 2982 facile
2690 2927 2906 2997 quidvis
2954 2928 3021 2983 ad
3055 2926 3307 2983 effectum
3354 2926 3551 2997 perdu-

1974 3027 2140 3082 ceret,
2173 3018 2299 3071 illud
2331 3018 2507 3087 primo
2557 3017 2675 3073 fore
2707 3020 2967 3086 optimum
3001 3027 3085 3073 est
3113 3028 3262 3074 ratus
3308 3028 3361 3074 et
3390 3017 3550 3085 vulgo

1974 3107 2229 3161 omnibus
2257 3107 2411 3170 utile,
2439 3115 2497 3159 ut
2527 3105 2697 3161 libros
2728 3106 2968 3176 undique
2995 3122 3061 3162 ex
3096 3109 3347 3163 onmibus
3399 3107 3551 3165 orbis

1978 3198 2220 3268 partibus
2300 3196 2546 3253 doctrina
2618 3197 2770 3251 varia
2855 3197 3083 3253 refertos
3160 3199 3546 3268 conquireret;

1979 3289 2172 3343 deinde
2204 3298 2407 3344 vastam
2446 3288 2596 3342 illam
2645 3286 2908 3343 librorum
2942 3288 3137 3343 molem
3170 3303 3290 3359 qua:
3316 3288 3553 3345 lectores

1977 3387 2240 3436 enecabat
2269 3380 2410 3451 (cum
2460 3379 2763 3450 praesertim
2795 3380 3019 3435 molesta
3071 3380 3346 3451 plerisque
3375 3380 3554 3436 omni-

1975 3473 2077 3528 bus
2108 3481 2164 3528 et
2194 3472 2334 3527 ttedii
2370 3472 2528 3542 plena
2559 3486 2621 3527 ea
2674 3486 2765 3527 res
2789 3471 3111 3541 videretur),
3140 3471 3195 3525 in
3224 3480 3408 3541 partes
3449 3470 3553 3525 mi-

1976 3574 2136 3620 nutas
2168 3564 2375 3633 putavit
2431 3562 2881 3627 distribuendam,
2913 3570 2965 3618 et
3016 3561 3345 3617 luculentam
3398 3560 3552 3616 utili-

1976 3664 2142 3711 tatem
2195 3669 2318 3723 quae
2368 3662 2577 3722 poterat
2622 3654 2747 3717 inde
2796 3653 3002 3723 percipi
3048 3654 3220 3708 oculis
3269 3653 3550 3707 hominum

1976 3746 2371 3816 exponendam.
2404 3744 2555 3798 Adeo
2595 3750 2657 3797 ut
2708 3745 2813 3800 hoc
2856 3744 3067 3799 delectu
3120 3743 3308 3797 habito
3356 3741 3551 3809 majori

1976 3836 2271 3891 attentione
2300 3843 2355 3888 et
2380 3832 2696 3889 assiduitate
2721 3832 2937 3887 lectioni
2968 3831 3284 3887 incumbere
3322 3830 3551 3885 studiosi

1976 3934 2197 3998 queant,
2228 3933 2285 3979 et
2321 3923 2590 3979 sermonis
2622 3923 2932 3977 facundiam
2982 3920 3147 3974 altius
3196 3934 3261 3975 ac
3314 3920 3549 3989 peuitins

1979 4018 2161 4072 animo
2197 4014 2528 4084 imprimere.
2579 4013 2691 4069 Hoc
2746 4012 2973 4082 amplius
3012 4012 3307 4083 imperator
3357 4025 3553 4081 magno

1976 4118 2031 4164 ct
2058 4106 2202 4163 felici
2232 4114 2433 4161 conatu
2462 4120 2595 4175 opus
2624 4104 2933 4161 universum
2982 4103 3037 4157 in
3076 4111 3336 4158 tractatus
3380 4103 3553 4157 diver-

1976 4214 2067 4255 sos
2094 4213 2318 4253 numero
2350 4208 2458 4253 tres
2483 4208 2535 4253 et
2562 4195 2951 4267 quinquaginta
2984 4195 3193 4251 censuit
3221 4195 3551 4250 distribuen-

1976 4289 2131 4353 dum,
2165 4289 2216 4343 in
2248 4287 2445 4359 quibus
2467 4287 2727 4357 quidquid
2763 4286 3107 4352 magnificum
3135 4284 3297 4340 habet
3328 4284 3550 4339 historia

1976 4384 2246 4438 inclusum
2282 4382 2609 4446 continetur,
2648 4394 2825 4449 neque
2874 4378 3338 4456 inest-quidquam
3381 4377 3549 4431 histo-

298 4465 584 4537 σύσσωμον
619 4464 933 4537 σωζούσης,
968 4471 1061 4522 καὶ
1093 4468 1299 4541 ἑκάστῃ
1332 4470 1587 4527 ὑποθέσει
1623 4489 1864 4543 προσαρ-

1977 4478 2068 4530 riae
2099 4475 2360 4527 insertum
2392 4470 2533 4541 quod
2566 4469 2919 4540 partitionem
2969 4468 3109 4522 hanc
3139 4467 3193 4521 in
3225 4467 3389 4522 hosce
3438 4474 3548 4520 tra-

301 4557 602 4630 μοζομένης
627 4560 955 4630 τηλικαύτης
981 4562 1040 4613 οὑ
1072 4562 1347 4630 συνόψεως
1373 4604 1388 4629 ,
1419 4564 1776 4636 ἀληθέστερον
1802 4566 1860 4619 δὲ

297 4645 491 4713 είπεῖν,
534 4646 999 4712 οἰκειώσεως.⁷Ων
1042 4652 1429 4719 κεφαλαιωδὼν
1473 4652 1781 4706 ὑποθέσεων
1826 4653 1858 4725 ﬂ

296 4742 638 4812 προκειμένη
671 4741 836 4812 αὕτη,
875 4743 973 4795 καὶ
1006 4742 1422 4813 ὲπιγράφομένη
1445 4781 1460 4805 ,
1498 4743 1625 4813 περὶ
1658 4744 1860 4814 ἀρετῆς

296 4832 388 4884 καὶ
408 4831 607 4895 κακίας
623 4830 965 4903 πεντηκοστὴ
990 4829 1124 4885 οὖσα
1144 4831 1420 4901 τυγχάνει·
1443 4832 1540 4902 τῆς
1558 4832 1780 4903 πρώτης
1800 4832 1862 4886 τὸ

295 4923 583 4993 ἐπώνυμον
604 4923 875 4994 λαχούσης
894 4922 1033 4991 Περὶ
1058 4922 1371 4977 Βασιλέων
1391 4922 1858 4991 ἀναγορεύσεως.

305 5013 594 5081 Ἐμφαίνει
621 5014 675 5065 δὲ
704 5014 853 5067 τουτὶ
881 5014 942 5067 τὸ
972 5013 1277 5083 προοίμιον,
1307 5014 1458 5077 τίνας
1489 5014 1538 5067 οι
1568 5014 1715 5082 λόγοι
1745 5015 1860 5067 Πα-

292 5104 458 5173 τέρας
490 5105 803 5175 κέκτηνται,
834 5106 926 5159 καὶ
957 5105 1081 5159 ὅθεν
1109 5106 1563 5170 ἀποκυΐσκονται,
1591 5106 1665 5169 ώς
1691 5104 1759 5160 ἂν
1786 5105 1863 5177 μὴ

292 5185 427 5244 ὦσιν
483 5194 537 5247 αἱ
606 5193 1000 5262 κεφαλαιώδεις
1070 5194 1356 5259 ὑποθέσεις
1428 5198 1861 5266 άκατονόμαστοι

293 5283 388 5336 καὶ
421 5284 496 5355 μὴ
526 5287 764 5358 γνήσιοι,
797 5288 933 5342 ἀλλὰ
964 5287 1108 5341 νόθοι
1138 5305 1197 5340 τε
1229 5288 1322 5341 καὶ
1349 5287 1711 5359 ψευδώνυμοι.
1742 5287 1863 5341 Elei.

292 5373 349 5428 δὲ
382 5376 444 5428 ὲκ
473 5378 581 5430 τῶν
608 5378 1065 5448 ὑποτεταγμένων
1090 5378 1377 5451 χρονικῶν,

1968 4576 2146 4624 ctatus
2169 4563 2450 4635 effugeret.
2482 4562 2669 4633 Neque
2696 4577 2826 4618 vero
2876 4564 2946 4617 ob
2975 4562 3294 4616 divisionem
3332 4568 3552 4615 senten-

1970 4660 2190 4724 tiarum,
2212 4658 2381 4713 series
2404 4656 2585 4725 operis
2613 4657 2777 4710 totius
2808 4654 2916 4709 ullo
2943 4654 3100 4707 modo
3128 4652 3493 4720 corrumpitur
3529 4665 3544 4703 :

1970 4763 2155 4803 verum
2184 4756 2366 4802 servat
2415 4746 2531 4801 haec
2592 4746 2865 4817 synopsis,
2912 4744 2995 4799 vel
3035 4754 3091 4798 ut
3122 4744 3301 4801 verius
3350 4745 3547 4809 dicam,

1968 4838 2085 4893 haec
2108 4852 2286 4891 rerum
2316 4846 2668 4905 cognatarum
2698 4837 2955 4890 adunatio
2974 4836 3025 4889 in
3045 4836 3273 4905 singulis
3297 4836 3541 4904 partibus

1970 4929 2361 4986 conciunandis
2391 4928 2681 4996 unicuique
2718 4926 2971 4981 tractatui
3007 4927 3417 4981 convenientem
3455 4941 3547 4979 ra-

1969 5018 2193 5072 tionem.
2233 5014 2436 5070 Horum
2470 5031 2598 5071 vero
2624 5024 2950 5070 tractatuum
2983 5028 3222 5083 praesens
3244 5014 3331 5068 bie
3363 5013 3455 5082 qui
3482 5014 3549 5067 de

1970 5108 2263 5161 virtutibus
2295 5117 2349 5160 et
2386 5106 2529 5161 vitiis
2562 5105 2901 5170 inscribitur,
2931 5105 3123 5159 ordine
3166 5114 3247 5159 est
3274 5105 3545 5174 quinqua-z

1969 5199 2226 5269 gesimus.
2286 5196 2504 5253 Primus
2556 5208 2737 5251 autem
2795 5197 3203 5265 inscriptionem
3265 5193 3428 5248 habet
3479 5193 3548 5248 de

1972 5292 2357 5361 imperatorqu
2396 5291 2820 5345 renuntiatione.
2869 5289 3189 5343 Continetur
3234 5289 3396 5340 etiam
3446 5285 3546 5340 hoc

1970 5383 2238 5451 prooemio
2268 5390 2399 5450 quot
2441 5392 2621 5450 patres
2649 5381 2942 5434 habuerint
2971 5389 3025 5434 et
3062 5387 3309 5433 auctores
3334 5377 3543 5445 singula

294 5467 520 5539 scripta,
545 5479 601 5525 et
628 5486 856 5539 quorum
884 5480 1037 5540 parta
1071 5472 1181 5526 sint
1205 5472 1471 5542 ingeniis.
1514 5486 1580 5527 ne
1606 5481 1859 5544 excerpta
1901 5472 2015 5530 haec
2077 5475 2387 5529 nominibus
2426 5484 2651 5528 careant
2676 5482 2729 5528 et
2776 5472 3082 5526 habeantur
3114 5485 3208 5541 pro
3274 5484 3379 5523 non
3412 5467 3543 5538 legi-

295 5565 464 5628 tintis,
506 5572 601 5621 sed
671 5582 770 5635 pro
816 5567 1013 5635 spuriis
1059 5575 1115 5621 et
1188 5568 1486 5625 subdititiis
1534 5567 1769 5625 fetibus.
1838 5567 1976 5625 Sunt
2036 5580 2214 5624 autem
2277 5570 2391 5623 haec
2441 5578 2691 5636 excerpta
2745 5584 2810 5622 ex
2865 5566 3146 5620 annalibus
3212 5562 3351 5621 infra
3418 5562 3545 5624 sub-

288 5664 452 5735 jeCIis
509 5681 521 5716 :

367 5758 439 5816 α’.
476 5760 740 5831 Ἰωσήπου
773 5760 1183 5834 ἀρχαιολογίας,

2052 5758 2101 5813 1.
2135 5757 2213 5813 Et
2245 5754 2466 5826 Josepbi
2500 5753 2881 5824 antiquitatum
2911 5750 3081 5809 libris.
