3954 6210
341 254 449 319 977

1877 258 2075 323 VITA.

3476 264 3587 329 978

342 372 414 426 sit
451 391 464 425 :
506 370 630 425 Fuit
668 374 819 426 homo
857 375 1045 429 missus
1072 393 1103 428 a
1135 375 1262 429 Deo.
1295 375 1397 431 Ubi
1440 390 1569 431 vero
1603 378 1697 431 llei
1743 381 1920 434 omni-
1949 383 1995 440 Α
2030 377 2157 442 Deo,
2184 376 2256 432 illi
2284 377 2657 443 adhaerebant,
2684 377 2758 443 ita
2785 375 2970 433 utvim
2990 382 3145 450 legis,
3177 380 3433 451 quidquid
3464 396 3603 451 pra:-

343 463 579 529 pntentis
632 463 1024 531 misericordia,
1079 467 1234 520 Creta
1286 466 1461 521 insula
1490 477 1572 522 est
1606 480 1919 538 recuperata

346 567 372 599 n
431 549 777 615 Clu‘ist-iattis,
835 554 899 605 ad
955 554 1078 621 ejus
1128 555 1399 609 culturam
1451 556 1592 611 idem
1631 556 1803 612 Nicon
1852 560 1920 614 ab

344 640 572 694 Oriente
593 652 875 707 evocatus,
906 660 934 696 ιι
962 644 1069 698 Deo
1096 646 1350 699 mittitur.

420 729 482 781 ιι.
542 730 675 783 Cum
735 732 897 800 igitur
961 736 1208 802 regiones
1258 749 1366 788 non
1425 751 1626 804 paucas
1677 738 1919 795 orienta-

346 821 476 875 lium
534 824 764 891 partium
808 838 1181 896 peragrasset,
1227 837 1281 881 et
1330 828 1544 897 publica
1587 833 1924 899 poenitentiae

347 914 726 979 praedicatione
779 914 1092 971 innumeras
1124 927 1312 984 gentes
1362 919 1429 973 ad
1474 921 1666 978 salutis
1704 935 1921 992 portum

348 1019 444 1072 per
500 1006 915 1073 ptenitentiam,
976 1008 1325 1078 meliorisque
1383 1011 1507 1067 vitae
1566 1015 1921 1071 mutationem

348 1096 710 1162 perduxisset,
753 1095 821 1150 ad
858 1097 1073 1152 Cretam
1123 1099 1353 1154 insulam
1407 1103 1765 1172 navigandum
1818 1106 1920 1161 sibi

346 1199 465 1238 esse
496 1185 775 1240 intellexit.
828 1186 957 1243 Illuc
989 1188 1133 1242 enim
1164 1189 1348 1245 divino
1377 1193 1611 1260 quodam
1657 1205 1786 1250 nutu
1829 1211 1926 1251 vo-

342 1278 589 1331 cabatur.
634 1278 842 1332 Etenim
875 1280 1033 1333 simul
1069 1291 1230 1349 atque
1272 1282 1505 1337 insulam
1537 1287 1810 1354 ingressus
1843 1299 1929 1343 est

346 1368 414 1419 ab
449 1369 815 1434 Agarenorum
852 1370 983 1440 jugo
1026 1372 1341 1440 nuperrime
1386 1373 1695 1438 liberatam.
1726 1376 1930 1431 Roma-

350 1469 524 1523 noque
566 1457 793 1525 imperio
817 1460 1120 1515 restitutam
1174 1477 1271 1531 per
1310 1462 1671 1532 Nicephorum
1698 1506 1714 1531 ,
1763 1467 1922 1521 fmdis

348 1556 529 1598 autem
564 1547 895 1603 detestandae
920 1553 1286 1629 ngarenorum
1332 1556 1737 1623 superstitionis
1766 1559 1933 1613 vesti-

348 1634 453 1701 giis
487 1635 662 1691 adhuc
690 1638 900 1706 plenam
948 1651 1004 1694 et
1036 1642 1294 1697 refertam
1319 1684 1332 1707 ,
1385 1644 1542 1713 cujus
1592 1647 1797 1703 scilicet
1849 1649 1933 1702 in—

2021 478 2259 538 ceperat,
2294 470 2583 525 obtineret.

2093 559 2179 615 ιν.
2212 563 2388 628 Quare
2410 576 2530 616 cum
2555 575 2748 616 securo
2773 562 2883 631 jam
2918 561 3099 616 animo
3127 559 3195 617 ad
3231 560 3441 616 solitam
3466 576 3602 629 prato

2022 652 2345 707 dicationem
2390 652 2661 717 rediisset,
2720 652 2788 707 ad
2823 652 3148 721 baptismum
3177 666 3390 712 omnes,
3437 663 3604 703 vera:-

2023 758 2128 810 que
2170 744 2290 798 ﬁdei
2341 743 2681 814 disciplinam
2750 743 3001 813 perpulit.
3044 742 3180 797 Tum
3225 756 3412 797 errore
3451 741 3604 795 omni

2022 848 2054 888 e
2076 833 2251 887 medio
2281 834 2513 897 sublato,
2560 833 2804 889 ecclesiis
2834 847 2930 903 per
2957 842 3128 888 totam
3174 834 3403 887 insulam
3430 831 3599 885 :ediﬁ-

2024 924 2182 987 catis,
2213 925 2603 991 sacerdotibus,
2631 925 2877 980 diacouis
2933 924 3252 993 mdituisque
3281 920 3600 988 designatis,

2025 1014 2247 1083 reliquis
2269 1014 2433 1066 etiam
2460 1015 2653 1069 ritibus
2668 1024 2722 1070 et
2749 1014 3090 1070 caeremoniis
3118 1021 3243 1083 apte
3273 1012 3600 1074 distributis,

2024 1107 2238 1160 vivendi
2274 1106 2481 1176 legibus
2511 1107 2822 1175 descriptis,
2850 1107 3101 1162 omnibus
3135 1106 3367 1176 denique
3399 1120 3518 1172 qua:
3553 1105 3603 1155 in

2026 1195 2209 1248 animo
2227 1202 2405 1259 erant,
2435 1209 2501 1248 ne
2524 1209 2682 1263 quem
2697 1194 3036 1249 Cretensium
3056 1193 3179 1248 boni
3207 1202 3486 1263 expertem
3514 1205 3601 1244 re-

2030 1283 2325 1353 linqueret,
2386 1285 2578 1339 ordine
2628 1284 2964 1349 constitutis,
3015 1284 3255 1355 Gortyna
3318 1283 3603 1342 discessit.

2031 1375 2299 1443 triumque
2352 1377 2559 1430 dierum
2593 1377 2696 1430 iter
2732 1391 3077 1447 progressus,
3120 1376 3354 1444 quodam
3385 1375 3441 1428 in
3488 1374 3606 1427 loco

2030 1468 2131 1520 sub
2180 1476 2394 1522 noctem
2467 1469 2751 1533 constitit,
2807 1470 2900 1524 ubi
2976 1467 3340 1537 antiquissimi
3398 1465 3603 1532 templi.

2032 1567 2293 1626 quantutn
2335 1573 2403 1612 ex
2432 1559 2718 1613 ruderibus
2751 1558 3021 1629 conjicere
3052 1568 3192 1623 erat,
3223 1555 3449 1624 vestigia
3491 1570 3608 1607 cer.

2032 1648 2317 1702 uebantur.
2354 1648 2467 1703 Hoc
2518 1649 2571 1702 itt
2615 1649 2733 1704 loco
2776 1664 2899 1703 cum
2949 1658 3214 1703 nocturno
3262 1649 3465 1717 hymno
3509 1645 3612 1698 rite

350 1721 483 1774 ιοιιιιε
546 1723 800 1779 diuturna
846 1737 1016 1798 atque
1053 1731 1270 1786 assidua
1308 1748 1435 1786 cum
1480 1732 1768 1791 Saracenis
1799 1753 1927 1792 con-
1958 1730 2001 1785 Β
2030 1738 2338 1803 decantato,
2370 1749 2425 1792 et
2453 1738 2735 1807 crucigero
2770 1736 2965 1791 baculo
2994 1736 3140 1790 lmmi
3176 1735 3378 1798 deﬁxo,
3413 1748 3604 1788 somno

348 1813 653 1880 suetudine,
689 1820 754 1871 ad
786 1817 996 1874 illorum
1035 1837 1233 1887 mores,
1279 1825 1411 1893 proli
1454 1827 1643 1881 dolor!
1694 1828 1926 1898 abrepti,

350 1902 581 1957 nefanda
615 1907 779 1961 etiam
808 1918 868 1964 et
901 1910 1125 1979 profana
1160 1927 1346 1968 eorum
1377 1915 1528 1985 orgia
1564 1915 1779 1971 fuerant
1810 1932 1927 1971 am-

352 1995 511 2059 plexi.
572 1996 639 2052 Ut
688 1998 849 2067 igitur
885 2016 950 2057 eo
982 2003 1227 2067 delatus,
1268 2006 1512 2063 solemne
1563 2008 1698 2064 illud
1745 2025 1926 2065 suum.

354 2082 719 2142 Paenitentiam
794 2093 933 2162 agite
978 2093 1079 2163 (t),
1130 2096 1421 2155 inclamare
1469 2100 1667 2168 cmpit,
1715 2103 1927 2157 attoniti

353 2178 635 2246 peregrino
662 2190 715 2234 et
743 2180 984 2238 inaudito
1031 2187 1429 2254 praedicationis
1453 2206 1649 2261 genere
1670 2192 1926 2259 insulani,

353 2266 655 2336 animisque
701 2270 949 2340 inmensi,
999 2278 1349 2335 vehementer
1392 2283 1450 2336 in
1496 2297 1621 2337 eunt
1664 2287 1921 2339 commoti

352 2367 480 2410 sunt
515 2377 528 2412 :
566 2361 701 2414 adeo
731 2365 969 2430 quidem,
1002 2377 1059 2420 ut
1093 2384 1298 2431 ,manus
1338 2372 1501 2426 etiam
1544 2373 1750 2431 inferre
1777 2376 1925 2445 cogi-

355 2456 569 2502 tarent:
604 2452 948 2507 manifestum
976 2458 1119 2509 enim
1152 2458 1217 2512 ad
1260 2458 1498 2514 furorem
1522 2462 1638 2516 illos
1676 2464 1930 2533 adegerat

352 2551 441 2591 res
472 2554 607 2593 nova
636 2552 691 2595 et
721 2543 997 2611 inusitata,
1029 2561 1431 2618 pratoccnpatos
1467 2553 1746 2618 nimirum,
1778 2556 1927 2609 dedi-

358 2638 568 2698 tosque,
625 2642 685 2686 ιιι
735 2634 1001 2702 diximus,
1074 2641 1467 2708 superstitiosis
1526 2643 1927 2700 Saracenorum

355 2734 711 2779 caeremoniis.

428 2810 511 2865 lli.
538 2812 737 2871 Videas
767 2831 894 2887 ergo
923 2820 1151 2877 immitis
1178 2832 1339 2895 atque
1371 2826 1728 2886 intractabilis
1756 2833 1930 2901 gentis

360 2902 658 2972 ingenium,
693 2911 1039 2982 scntiensque
1083 2924 1287 2970 tantam
1318 2918 1589 2987 duritiem,
1644 2922 1743 2977 nisi
1796 2939 1930 2992 pru-

358 2993 505 3048 denti
556 2999 785 3065 quadam
838 3012 953 3058 arte
1000 3007 1303 3073 perdomari
1341 3024 1447 3062 non
1491 3026 1647 3078 posse
1686 3029 1699 3065 :
1732 3029 1929 3067 secun-

360 3086 482 3140 dam
513 3088 676 3156 (quod
707 3092 881 3161 aiunt)
908 3095 1325 3164 navigationem,
1350 3101 1528 3169 priore
1572 3103 1774 3155 omissa
1798 3140 1814 3165 ,
1844 3103 1927 3155 in-

360 3177 554 3241 stituit,
587 3183 1006 3255 sapientumque
1054 3188 1379 3244 medicorum
1426 3192 1693 3262 exemplo,
1738 3208 1927 3249 eorum

358 3271 693 3327 curationem
719 3278 957 3344 apposite
982 3279 1141 3334 simul
1160 3295 1222 3335 ac
1254 3282 1480 3336 solerter
1510 3299 1798 3354 aggressus
1826 3295 1930 3341 est.

364 3359 605 3417 Habebat
631 3368 776 3421 enim
802 3367 1021 3424 Paulum
1049 3372 1100 3425 in
1128 3387 1191 3426 ea
1212 3388 1268 3427 re
1289 3374 1477 3428 ducem
1502 3391 1565 3429 ac
1588 3376 1926 3444 magistrum.

362 3452 545 3524 itaque
593 3460 814 3515 missam
858 3462 1059 3520 faciens
1095 3466 1366 3521 insolitam
1409 3468 1553 3522 illam
1601 3470 1929 3539 praadicandi

362 3549 647 3615 rationem,
704 3555 846 3621 quod
874 3571 941 3610 ex
977 3573 1074 3611 usu
1113 3558 1353 3613 futurum
1388 3560 1441 3614 in
1478 3574 1544 3616 eo
1563 3561 1675 3630 jam
1709 3563 1930 3619 elucens

362 3640 642 3708 perspicax
696 3643 993 3701 futurorum
1043 3650 1213 3718 gratia
1250 3654 1637 3721 prannonebat,
1684 3668 1927 3709 seorsum

362 3734 574 3802 aliquos
604 3737 896 3802 abducens,
929 3755 1064 3808 quos
1099 3743 1317 3811 reliquis
1360 3744 1804 3813 intelligentiores
1827 3786 1843 3811 ,
1874 3756 1930 3801 et

362 3823 429 3874 ad
485 3822 681 3877 bonum
740 3827 1113 3894 excipiendum
1172 3829 1473 3898 paratiores
1510 3840 1686 3892 norat,
1718 3831 1933 3886 blandis

362 3913 595 3979 primum
654 3916 834 3969 verbis
878 3916 1087 3971 illorum
1152 3919 1485 3973 ferocitatem
1535 3918 1728 3983 lenire,
1776 3921 1929 3974 duri-

364 4003 598 4072 tie-mque
635 4006 801 4060 animi
838 4008 1081 4063 emollire
1125 4010 1317 4079 ctepit;
1366 4009 1562 4065 deinde
1598 4012 1799 4066 sensim
1836 4026 1935 4066 cor

361 4110 699 4163 permovere,
729 4099 941 4153 occulta
976 4098 1235 4169 cuiusque
1280 4099 1423 4154 facta
1466 4100 1546 4170 (ut
1583 4116 1740 4157 meus
1775 4100 1933 4157 Jesns

361 4186 488 4239 olint
516 4188 893 4260 Samaritanae)
932 4190 1162 4259 vitaeque
1193 4190 1396 4261 ﬂagitia
1438 4191 1787 4261 redarguens.
1814 4191 1931 4258 Quo

364 4279 563 4331 factum
593 4289 695 4347 est,
724 4289 781 4333 ut
826 4281 1079 4335 eximiam
1108 4281 1225 4352 ejus
1261 4282 1514 4337 virtutem
1552 4293 1928 4352 agnoscentes,

2033 1845 2092 1884 se
2124 1831 2376 1895 dedisset,
2442 1832 2803 1886 lncernarium
2839 1832 2992 1901 quasi
3035 1831 3220 1885 lumen
3285 1837 3411 1884 ante
3444 1828 3607 1882 bacu-

2031 1920 2139 1975 lum
2176 1921 2229 1975 in
2270 1937 2396 1977 aere
2433 1922 2683 1977 libratum
2728 1924 2909 1977 videre
2947 1921 3093 1977 visus
3139 1929 3242 1975 est.
3306 1920 3376 1974 At
3420 1933 3611 1974 somni

2031 2010 2257 2067 decusso
2301 2027 2423 2066 cum
2456 2012 2823 2077 surrexisset,
2857 2027 2961 2066 non
3000 2011 3112 2081 jam
3162 2010 3429 2066 somnium
3452 2048 3468 2071 ,
3512 2010 3609 2061 sed

2032 2115 2158 2154 vera
2189 2101 2325 2155 visio
2358 2102 2566 2172 objecta
2600 2112 2701 2157 est.
2735 2102 2923 2156 Divina
2945 2102 3194 2170 quazdam
3221 2099 3429 2168 lampas
3464 2096 3607 2151 haud

2032 2191 2329 2246 materialis
2363 2207 2392 2246 a
2435 2208 2598 2248 cruce
2637 2193 2945 2258 irradians,
2986 2193 3053 2247 ad
3094 2190 3387 2246 diluculum
3436 2204 3611 2257 usque

2032 2282 2228 2336 astanti
2259 2292 2314 2337 et
2346 2284 2524 2337 oranti
2548 2323 2564 2345 .
2596 2284 2815 2353 Deoqne
2842 2285 3045 2352 gratias
3069 2299 3169 2353 pro
3199 2289 3353 2337 tanto
3387 2294 3611 2335 munere

2029 2371 2208 2440 agenti
2248 2370 2425 2427 lumen
2459 2371 2725 2427 exhibuit.

2103 2458 2166 2514 V.
2203 2460 2448 2529 Cumque
2498 2462 2695 2516 iterum
2746 2463 2858 2518 Deo
2885 2464 2968 2531 (ut
3017 2460 3215 2534 patuit)
3255 2460 3338 2517 sic
3371 2459 3608 2517 volente.

2031 2567 2222 2607 somno
2252 2552 2584 2617 indulsisset,
2631 2565 2839 2610 ornatre
2889 2555 3134 2610 mulieris
3181 2553 3389 2622 species
3440 2566 3575 2620 appu

2031 2643 2154 2704 ruit,
2187 2658 2305 2711 quae
2335 2644 2571 2698 dirutmn
2604 2646 2861 2715 templum
2897 2645 3184 2700 instaurari
3212 2643 3456 2714 jnbebat,
3486 2658 3601 2693 oni.

2031 2735 2177 2789 nium
2232 2734 2458 2789 Domino
2511 2737 2589 2790 sic
2632 2736 2846 2805 placere
2893 2737 3243 2789 conﬁrmans.
3292 2733 3385 2787 Illo
3430 2743 3609 2784 autem

2030 2827 2421 2896 interrogante,
2449 2844 2697 2896 quaenam
2738 2835 2886 2883 esset
2934 2843 3054 2896 quae
3084 2826 3208 2879 talia
3238 2840 3335 2892 pro
3381 2824 3612 2891 imperio

2027 2917 2247 2986 juberet
2271 2935 2285 2969 :
2321 2916 2546 2971 Photina
2569 2933 2710 2983 sum,
2726 2917 2925 2986 inquit,
2950 2928 3153 2987 martyr
3167 2924 3222 2970 et
3241 2913 3435 2968 famula
3453 2912 3609 2966 Chri-

2038 3008 2129 3062 sti.
2163 3008 2314 3073 Quod
2367 3008 2469 3061 nisi
2490 3008 2661 3076 reipsa
2686 3009 2827 3076 quod
2855 3006 2974 3061 volo
2989 3006 3311 3075 expleveris,
3330 3004 3517 3073 pedem
3543 3018 3609 3057 ex

2036 3099 2210 3152 insula
2234 3114 2339 3152 non
2364 3099 2575 3153 efferes.
2601 3098 2966 3167 Experrectus
2989 3097 3053 3151 ad
3076 3099 3188 3151 haec
3219 3106 3461 3161 sanctus,
3480 3108 3605 3163 pro-

2034 3199 2155 3258 pter
2204 3189 2426 3244 visionis
2455 3190 2793 3256 varietatem,
2848 3188 3101 3258 ambiguo
3150 3188 3334 3241 animo
3379 3197 3516 3251 erat,
3554 3196 3613 3237 ut

2037 3281 2199 3337 inane
2225 3283 2405 3350 potius
2449 3282 2774 3336 insomnium
2812 3280 2980 3347 fuisse
3017 3280 3282 3345 crederet,
3314 3293 3475 3347 quam
3521 3277 3609 3332 di-

2036 3376 2176 3429 vinae
2222 3374 2409 3444 gratiae
2459 3374 2896 3429 illustrationem.
2957 3372 3139 3439 Quare
3185 3388 3306 3442 qua:
3358 3370 3613 3425 audierat

2035 3476 2420 3530 contemnens,
2471 3474 2705 3534 coeptum
2773 3465 2876 3519 iter
2925 3466 3165 3527 tenebat,
3214 3478 3335 3518 cum
3390 3471 3614 3531 repente

2042 3557 2405 3626 interceptam
2433 3556 2536 3612 sibi
2559 3555 2837 3611 oculorum
2857 3555 3028 3610 aciem
3062 3554 3235 3610 sensit
3263 3572 3276 3608 ε
3303 3566 3476 3622 eoque
3496 3562 3611 3604 tan-

2036 3648 2157 3701 dem
2208 3647 2407 3701 indicio
2432 3647 2596 3700 divini
2635 3646 2877 3701 numinis
2921 3646 3211 3714 imperium
3245 3644 3295 3698 id
3326 3643 3491 3698 fuisse
3519 3656 3611 3695 co-

2036 3738 2218 3807 gnovit
2239 3756 2252 3791 :
2273 3739 2415 3805 quod
2448 3738 2535 3791 ubi
2555 3739 2707 3805 jussa
2730 3740 2955 3806 exsequi
2974 3738 3259 3792 constituit
3279 3737 3455 3790 visum
3486 3749 3610 3787 mox

2038 3828 2250 3895 recipit.
2285 3828 2388 3881 Sed
2419 3828 2674 3896 quoniam
2716 3842 2815 3881 nec
2845 3827 2951 3896 ligo
2980 3827 3032 3880 in
3063 3834 3310 3895 promptu
3338 3834 3479 3885 erat,
3511 3838 3611 3876 nec

2037 3916 2153 3986 pala
2177 3957 2192 3983 ,
2227 3932 2325 3971 nec
2353 3917 2568 3984 adjutor
2598 3917 2741 3971 ullus
2769 3917 2825 3987 (ο
2848 3916 3007 3982 mira,
3039 3914 3294 3980 Domine,
3316 3923 3373 3969 et
3408 3928 3611 3968 arcana

2037 4023 2203 4079 opera
2223 4009 2360 4079 tua!)
2380 4017 2541 4063 nocte
2559 4008 2825 4071 insecuta,
2844 4005 3092 4060 ﬁnitimis
3115 4005 3220 4060 loci
3236 4004 3429 4060 incolis
3453 4004 3611 4074 ignea

2038 4101 2109 4156 ibi
2137 4102 2391 4155 columna
2422 4115 2515 4169 per
2540 4099 2794 4154 tenebras
2810 4098 2996 4154 lucens
3029 4097 3315 4169 apparuit:
3341 4096 3609 4167 prodigio.

2035 4207 2139 4261 quc
2160 4192 2346 4256 exciti,
2363 4191 2539 4247 subito
2556 4198 2933 4254 accurrerunt,
2950 4200 3007 4246 et
3032 4205 3154 4245 cum
3178 4204 3245 4243 ex
3265 4187 3467 4244 Nicone
3486 4202 3613 4257 quae

2040 4282 2270 4347 viderat,
2309 4283 2640 4350 didicissent,
2663 4298 2817 4338 suam
2842 4281 3074 4353 quisque
3094 4295 3314 4352 operam
3337 4281 3606 4344 conferre,

362 4369 642 4425 confestim
688 4371 796 4426 iras
824 4380 1083 4440 ponerent
1132 4373 1544 4443 animormnque
1581 4374 1812 4444 impetus
1846 4389 1932 4428 re-
1962 4416 2006 4472 υ
2031 4373 2169 4443 jussi
2206 4375 2477 4428 conmmni
2504 4388 2694 4429 omnes
2722 4387 2993 4428 consensu
3021 4372 3246 4443 imperio
3287 4378 3605 4441 paruerunt.

364 4472 636 4527 vocarent,
676 4471 732 4517 et
775 4478 934 4532 quem
971 4462 1112 4517 malo
1154 4478 1299 4518 nunc
1340 4462 1651 4531 aﬂecerant,
1681 4466 1929 4521 eumdem

364 4570 560 4623 magno
590 4569 689 4608 suo
728 4555 871 4609 bono
908 4563 1297 4609 venerarentur
1328 4570 1343 4608 :
1378 4556 1815 4627 propositamque
1862 4558 1930 4614 ab

361 4662 426 4700 eo
454 4656 657 4701 rectam
691 4646 849 4701 ﬁdem
895 4647 1299 4713 amplectentes,
1346 4649 1453 4703 odii
1491 4649 1710 4704 modum
1743 4649 1812 4705 ad
1840 4648 1931 4704 be-

362 4737 680 4790 ~nevolcntia:
706 4737 1085 4807 profectusque
1116 4740 1196 4794 sui
1225 4738 1495 4794 cumulum
1527 4749 1928 4794 converterent.

363 4828 705 4883 Consuetudo
731 4829 876 4883 enim
907 4827 991 4900 [ut
1011 4830 1086 4883 ait
1108 4829 1216 4901 ille]
1237 4830 1303 4884 ad
1332 4830 1541 4898 majora
1563 4839 1617 4885 et
1640 4829 1932 4898 perfectio-

364 4937 421 4977 ra
452 4922 590 4976 viam
637 4922 825 4975 munit.
852 4921 1035 4989 Itaque
1076 4922 1315 4992 sapiens,
1354 4921 1399 4977 si
1425 4922 1605 4977 minus
1641 4923 1929 4977 verborum

361 5015 536 5085 copia,
570 5031 633 5069 ac
663 5014 905 5069 veritatis
929 5014 1180 5069 facultate
1211 5014 1447 5084 piscator
1477 5023 1611 5080 erat,
1647 5013 1924 5069 hominum

2032 4466 2221 4535 Itaque
2259 4467 2444 4522 sedula
2476 4467 2596 4538 ejus
2632 4466 3022 4531 sollicitudine,
3070 4463 3368 4535 vigilantia,
3408 4462 3608 4517 alacri-

2029 4564 2159 4621 tate,
2194 4571 2329 4624 opus
2362 4566 2636 4619 exactura,
2680 4555 3050 4626 templumque
3103 4553 3360 4625 martyris
3404 4551 3609 4607 biennii

2026 4650 2203 4717 apatio
2253 4650 2551 4717 perfectum
2590 4657 2692 4703 est.
2722 4646 2780 4702 lu
2821 4662 2927 4717 qua
2958 4654 3145 4717 postea
3192 4659 3341 4699 aram
3393 4646 3607 4712 erigen-

2027 4739 2147 4793 dam
2181 4752 2246 4792 ac
2293 4739 2395 4793 rite
2428 4737 2852 4795 consecrandam
2906 4735 3151 4801 curavit,
3185 4733 3611 4800 sacerdotesque

2029 4831 2082 4884 in
2104 4846 2167 4884 ea
2198 4830 2428 4894 institui,
2474 4830 2744 4897 simulque
2787 4828 2968 4882 omnia
3011 4828 3171 4896 juxta
3208 4823 3619 4880 ecclesiasticos

2035 4919 2173 4973 ritus
2214 4918 2393 4987 peragi
2418 4917 2763 4985 praascripsit.
2803 4914 3176 4981 Omnibusque
3208 4921 3332 4979 post
3373 4910 3487 4962 haec
3513 4923 3609 4960 va-

2029 5006 2324 5077 lerejussis
2349 5045 2364 5070 ,
2394 5004 2661 5074 navigium
2701 5002 3034 5064 conscendit,
3070 5014 3134 5054 ac
3170 4998 3408 5054 secundo
3437 5012 3605 5051 cursu

362 5110 571 5162 animas
597 5108 776 5161 venari
802 5107 1000 5171 sciens,
1026 5121 1228 5176 easque
1258 5108 1325 5161 ad
1356 5107 1809 5162 immortalitatem
1843 5108 1926 5162 di-
2023 5111 2311 5172 provectus
2355 5100 2719 5170 Epidaurum.
2766 5096 2909 5168 (1υοίῖ
2969 5093 3243 5149 Damala'“
3290 5091 3476 5145 Ῐηεοιω
3513 5105 3608 5145 ου’

360 5199 500 5253 vinis
524 5196 780 5266 eloquiis,
817 5208 871 5250 et
904 5213 1005 5250 non
1053 5197 1301 5251 humanze
1328 5196 1635 5264 sapientiae,
1681 5198 1775 5252 sed
1804 5198 1926 5267 Spi-

2028 5189 2366 5260 gnuminant,
2425 5188 2514 5243 die
2546 5189 2737 5257 quinto
2781 5185 3051 5256 pervenit.
3102 5183 3234 5238 Dein
3293 5181 3603 5234 universam

363 5288 499 5341 ritus
523 5286 694 5342 sancti
724 5285 963 5339 doctrina
1004 5286 1306 5339 traducere.
1356 5285 1429 5338 Ex
1463 5285 1553 5339 illo
1595 5286 1759 5355 igitur
1795 5296 1931 5341 tem—
2024 5288 2287 5346 Graeciam
2338 5284 2708 5356 paenitentiam
2753 5281 3093 5353 praedicando
3123 5276 3448 5349 peragravit,
3481 5276 3603 5344 plu-

363 5393 492 5446 pore
536 5377 821 5432 Cretenses
865 5375 1124 5430 Niconem
1172 5383 1427 5445 tanquam
1478 5391 1505 5429 a
1546 5376 1655 5431 Deo
1704 5377 1927 5431 missum

361 5471 664 5535 apostolum
707 5470 1032 5527 habuerunt,
1084 5478 1356 5537 totamque
1385 5468 1613 5521 insulam
1637 5468 1754 5537 ejus
1788 5468 1930 5523 fama

360 5563 722 5632 coitiplcrunt.
756 5560 1110 5617 Confluebant
1156 5562 1218 5614 ad
1251 5578 1370 5614 eum
1417 5560 1675 5628 universi,
1708 5571 1759 5616 et
1793 5562 1933 5617 sicut

2027 5395 2193 5451 raque
2223 5379 2479 5435 miracula
2531 5386 2791 5448 operatus
2832 5386 2993 5444 atque
3056 5374 3250 5430 uberes
3298 5371 3504 5428 fructus
3532 5384 3611 5425 ε»

2029 5489 2125 5529 sua
2159 5472 2537 5540 praedicatione
2568 5468 2802 5539 collegit.
3555 5549 3568 5561 υ

2116 5560 2198 5615 Vl.
2263 5560 2491 5617 Basilius
2550 5564 2904 5630 cognomento
2970 5554 3309 5625 Apocaucus,
3356 5554 3615 5622 praetoria»

436 5676 515 5749 (l)
582 5673 713 5729 Inde
758 5672 1090 5730 Μετανοεῖτε
1154 5674 1483 5743 appellatum
1554 5674 1721 5731 tradit
1782 5674 2068 5731 Baronius.
