4012 6214
332 208 438 284 979

1718 204 2029 279 NICONIS
2067 208 2365 285 ARMENI

3496 217 3604 299 9'30

329 337 563 388 munere
592 339 805 399 auctus,
825 330 1070 404 Coriguhi
1089 332 1434 392 versabatur,
1455 329 1824 398 isthmumque
1845 329 1903 383 il-'
1930 336 1978 392 Α
2007 332 2320 386 demnarent
2355 340 2517 402 atque
2548 334 2730 389 omnia
2783 349 2904 404 quae
2933 336 3453 405 iusserat,facturos
3478 360 3609 413 pro-

330 426 439 475 lum
465 423 715 491 praesidio
731 429 919 477 contra
943 418 1255 490 Bulgaricos
1278 423 1522 474 incursus
1538 422 1786 475 tuebatur
1802 416 1902 492 (2).

331 503 579 568 Graviter
630 520 808 567 autem
838 511 984 565 illum
1012 511 1241 581 angebat
1274 526 1379 565 non
1428 512 1597 567 solum
1651 513 1907 567 molestus

333 616 398 656 ac
427 600 656 656 diliicilis
679 599 903 655 morbus
929 614 1036 668 quo
1068 599 1373 666 tenebatur,
1397 601 1493 657 sed
1537 601 1703 654 multo
1735 602 1907 671 magis

329 686 516 762 vigens
550 700 722 745 metus
750 701 803 745 et
834 703 1004 769 pavor
1033 689 1331 761 Bulgaricze
1376 693 1721 760 incursionis,
1759 692 1907 748 l‘ama

326 781 615 851 gliscente,
658 790 873 850 gentem
932 781 1077 835 illam
1119 791 1228 837 tota
1274 781 1438 854 Epiro
1479 794 1819 855 grassatam,
1854 784 1909 838 in

326 864 601 924 Helladam
631 878 792 940 atque
824 870 878 924 in
906 869 1338 942 Peloponnesum
1359 875 1544 942 copias
1566 884 1907 931 convertere.

328 957 561 1016 Proinde
606 963 786 1017 missis
839 961 1088 1033 Spartam
1121 966 1326 1021 nuntiis
1370 965 1691 1035 Apocaucus
1750 965 1910 1022 Nico-

328 1065 448 1106 nem
498 1063 772 1109 avorarat.
821 1056 1107 1112 Enimvero
1148 1059 1549 1128 compleverant
1589 1059 1706 1127 ejus
1753 1074 1912 1114 aures

326 1136 446 1214 quin
479 1146 545 1198 de
573 1145 666 1200 illo
693 1147 902 1215 passim
950 1147 1335 1212 narrabantur,
1379 1148 1649 1217 praecipue
1690 1165 1811 1217 qua:
1847 1150 1911 1202 de

326 1250 538 1297 summa
566 1236 709 1291 illius
738 1240 793 1292 in
823 1235 988 1293 Deum
1017 1238 1213 1292 liducia
1243 1251 1295 1293 et
1327 1240 1577 1294 libertate
1603 1252 1906 1310 acceperat.

325 1327 404 1382 Ex
440 1342 550 1398 quo
573 1337 753 1383 autem
801 1330 1015 1385 virtutis
1038 1330 1158 1400 ejus
1195 1331 1465 1386 illecebris
1495 1331 1614 1400 capi
1646 1344 1910 1404 coeperat,

326 1420 543 1474 beatum
619 1419 741 1489 ejus
792 1419 996 1475 vultum
1055 1436 1302 1488 cernere,
1342 1437 1640 1492 vocemque
1687 1425 1908 1489 audire,

328 1511 468 1566 votis
492 1511 745 1567 omnibus
778 1512 1064 1582 gestiebat.
1116 1513 1344 1582 Semper
1382 1513 1525 1570 enim
1555 1516 1697 1586 apud
1723 1531 1914 1572 omnes

328 1602 518 1671 gentes
571 1601 625 1655 in
676 1603 852 1671 pretio
895 1613 950 1656 et
1004 1605 1353 1661 Veneratione
1406 1605 1507 1661 fuit
1559 1619 1683 1661 vera
1733 1606 1909 1676 philo.

328 1692 537 1759 sopbia.
598 1689 824 1746 Divinos
881 1692 1095 1762 quidem
1148 1695 1230 1749 vir
1288 1695 1555 1753 cbaritate
1618 1707 1906 1766 praestans,

327 1776 599 1850 ApoCattei
658 1783 973 1852 petitionem
1037 1798 1302 1854 propenso
1376 1788 1557 1843 animo
1612 1789 1906 1857 accipiens,

328 1869 602 1942 antiquius
647 1870 783 1926 nihil
821 1872 1009 1928 habuit
1052 1888 1212 1940 quam
1268 1883 1329 1930 ut
1369 1873 1688 1931 Corinthum
1740 1877 1910 1932 celer-

329 1962 874 2021 rimeontettderet.
904 1964 1022 2031 Qun
1052 1966 1346 2035 appelletis,
1370 1982 1476 2021 nou
1509 1967 1681 2022 solum
1719 1968 1912 2022 morbo

329 2063 531 2125 aegrum
558 2070 655 2135 sua
697 2058 985 2125 praesentia
1030 2056 1298 2125 liberavit,
1330 2059 1423 2114 sed
1463 2068 1610 2113 metu
1651 2059 1817 2114 etiam
1860 2069 1915 2113 et

332 2144 546 2199 terrore
575 2140 955 2215 Bulgarorum,
983 2145 1102 2199 illos
1134 2145 1240 2199 alio
1269 2161 1489 2200 cursum
1515 2161 1673 2200 suum
1698 2144 1914 2202 ﬂexisse

331 2234 663 2307 significans.
716 2234 793 2291 Ita
845 2237 991 2290 omni
1047 2252 1110 2290 ex
1167 2245 1319 2305 parte
1357 2235 1506 2307 facta
1554 2244 1639 2291 est
1675 2235 1913 2305 jucunda

332 2322 537 2381 Basilio
581 2324 801 2380 Niconis
829 2328 1024 2381 oratio.
1054 2325 1189 2380 Cum
1228 2342 1359 2397 ergo
1384 2327 1499 2380 dies
1540 2336 1743 2395 septem
1805 2326 1915 2381 illic

333 2414 636 2481 posuisset,
710 2416 1085 2485 malorumque
1129 2414 1554 2485 impendentium
1616 2415 1759 2468 illius
1820 2428 1915 2481 per

333 2502 462 2561 etu’it
495 2505 739 2563 discussa
772 2516 828 2562 et
855 2504 1070 2564 sublata
1101 2506 1332 2563 formido
1361 2517 1506 2562 esset
1526 2546 1543 2573 ,
1575 2507 1793 2562 domum
1831 2523 1916 2562 re-

333 2599 520 2653 vertit.

403 2688 520 2744 Vll.
575 2691 731 2745 Anno
787 2691 1196 2759 nongentesimo
1259 2689 1592 2759 octogesimo
1648 2690 1914 2756 secundo,

333 2772 535 2849 praete}
565 2780 701 2835 bella
732 2781 913 2836 civilia
943 2790 998 2835 et
1023 2791 1245 2837 externa
1291 2783 1505 2850 aliaque
1554 2782 1696 2837 mall
1721 2783 1918 2852 quibus

336 2872 531 2928 Oriens
557 2871 936 2937 aiilictabatur,
985 2880 1136 2943 peste
1174 2874 1335 2929 etiam
1368 2873 1660 2938 laboravit,
1692 2889 1815 2930 cum
1848 2874 1915 2928 ad

2011 418 2310 486 trittcrent,
2368 421 2502 476 nihil
2580 422 2812 492 amplius
2885 434 3177 482 cunctatus
3228 442 3355 484 cum
3414 431 3606 499 legatis

2012 510 2118 565 illis
2147 510 2422 579 profectus
2448 520 2555 577 est,
2595 527 2704 569 non
2737 516 3024 570 eantherio
3046 555 3064 582 ,
3118 528 3214 572 aut
3269 519 3460 576 lectica
3510 540 3608 577 ve-

2010 610 2149 666 ctus,
2186 616 2287 656 nec
2325 602 2494 657 multo
2514 603 2775 658 comitatu
2828 606 3081 675 stipatus,-
3133 610 3229 663 sed
3283 611 3400 665 solo
3432 614 3609 667 virtu-

2013 702 2129 747 tum
2156 686 2327 749 choro
2373 694 2789 772 circumseptus.
2827 698 2910 752 Ad
2945 699 3062 768 ejus
3100 710 3262 770 porro
3309 704 3605 759 adventum

2011 787 2127 841 lues
2153 786 2406 854 cessavit,
2433 796 2490 842 et
2534 785 2706 844 ειυύωί
2752 790 2884 844 urbe
2932 791 3071 860 pulsi
3122 804 3273 848 sunt.
3307 792 3419 850 Nec
3474 812 3605 850 vero

2012 875 2394 934 Lacedaemone
2426 876 2658 948 amplius
2688 881 3080 947 excedendum,
3124 883 3219 938 sed
3253 884 3307 938 in
3355 898 3417 938 ea
3473 902 3607 954 per-

2013 976 2178 1037 petuo
2224 966 2550 1023 manendum
2581 969 2885 1034 constituit,
2957 971 3028 1024 ita
3069 965 3126 1025 ut
3157 988 3263 1026 non
3318 964 3475 1031 facile
3509 992 3606 1046 pe-

2012 1060 2135 1113 dem
2170 1059 2278 1115 alio
2305 1060 2547 1121 eii‘erret.
2585 1060 2687 1115 nisi
2721 1076 2844 1116 cum
2877 1060 3182 1117 necessaria
3215 1079 3303 1119 res
3333 1067 3604 1136 quapiam

2011 1147 2195 1216 aliquo
2228 1157 2465 1209 vocaret,
2509 1159 2559 1203 et
2592 1157 2721 1202 tunc
2753 1164 2969 1217 quoque
3000 1150 3231 1219 gradum
3264 1152 3425 1207 citius
3460 1153 3603 1208 reie-

2016 1240 2191 1292 rehat.
2231 1236 2455 1292 Videres
2500 1240 2667 1306 igitur
2714 1250 3064 1294 occurrentes
3114 1243 3360 1310 quotidie
3383 1257 3448 1296 ex
3479 1246 3604 1297 uni-

2015 1344 2168 1384 versa
2196 1327 2574 1399 Peloponneso
2594 1345 2859 1400 agrorum
2881 1333 3058 1386 utuuis
3082 1336 3296 1401 generis
3316 1345 3560 1391 catervas
3582 1368 3597 1402 ς

2015 1422 2210 1491 quibus
2239 1421 2332 1477 ille
2369 1436 2474 1478 non
2502 1422 2681 1476 minus
2704 1422 2901 1478 animae
2923 1437 3086 1492 quam
3132 1426 3382 1494 corporis
3415 1442 3605 1482 curam

2020 1512 2365 1583 impendebat
2397 1524 2411 1568 :
2444 1513 2661 1569 mellitis
2707 1516 2855 1570 enim
2892 1514 3361 1574 adhortationibus
3401 1520 3469 1572 ad
3495 1522 3608 1589 pie-

2016 1606 2143 1659 tatis
2164 1605 2338 1661 zelum
2363 1620 2458 1660 eas
2487 1607 2840 1671 accendebat,
2875 1607 2940 1661 ad
2968 1608 3202 1663 salutem
3227 1609 3423 1679 cuique
3447 1625 3607 1663 suam

2012 1696 2342 1765 pcenitentiae
2374 1711 2475 1766 ope
2522 1697 2865 1766 disponebat.
2895 1697 3193 1753 Fortunata
3240 1713 3370 1754 vero
3417 1698 3599 1754 Lace-

2010 1783 2389 1853 dzcmon,qam
2422 1783 2584 1838 talem
2626 1784 2891 1839 medicum
2945 1786 3228 1856 civemque
3278 1787 3467 1843 sortita
3515 1802 3604 1845 es.

2011 1875 2164 1945 cujus
2187 1875 2385 1929 divinis
2412 1877 2691 1945 prteceptis
2713 1890 2779 1930 ac
2809 1876 3114 1945 disciplinis
3132 1878 3201 1933 ad
3228 1893 3447 1934 omnem
3471 1880 3583 1932 vir-

2014 1967 2145 2022 tutis
2173 1965 2402 2022 formam
2433 1966 2601 2021 multo
2634 1968 2834 2022 certius
2882 1970 3195 2038 rectiusque
3223 1984 3384 2038 quam
3422 1971 3608 2025 inani-

2012 2059 2113 2114 bus
2158 2058 2287 2115 olim
2321 2057 2550 2130 Lycurgi
2595 2058 2798 2128 legibus
2844 2059 3205 2131 elﬁngebare!
3240 2062 3469 2131 Subjicit
3499 2063 3594 2118 his

2013 2151 2080 2206 de
2124 2160 2398 2207 Structura
2434 2150 2641 2221 templi,
2675 2160 2786 2205 tum
2844 2151 2961 2220 ejus
3011 2152 3228 2207 hortatu
3254 2154 3545 2208 elaborare
3589 2171 3605 2206 :

2014 2242 2100 2296 cui
2152 2241 2473 2297 adversatos
2517 2251 2602 2298 est
2665 2241 2902 2299 Joannes
2965 2246 3186 2315 quidam
3239 2254 3610 2315 cognomento

2014 2331 2233 2398 Aratus,
2262 2331 2571 2388 Judzeormn
2594 2342 2877 2403 patronus.
2902 2334 3035 2402 Qua:
3062 2338 3137 2392 sit
3164 2352 3385 2407 passus,
3412 2338 3482 2392 ab
3511 2351 3612 2392 eoa

2015 2424 2136 2479 dem
2172 2434 2392 2479 auctore
2415 2426 2497 2480 sic
2529 2425 2735 2493 accipe.

2088 2508 2224 2573 Vili.
2258 2514 2356 2572 Hic
2386 2516 2607 2587 (inquit)
2637 2517 2998 2573 solisinvidia:
3015 2519 3249 2576 stimulis
3273 2521 3606 2584 concitatus,

2016 2621 2108 2665 aut
2137 2609 2399 2664 daemonis
2419 2608 2607 2677 potius
2655 2606 2861 2662 scelere
2893 2608 3194 2677 impulsos,
3246 2614 3323 2665 ira
3375 2622 3429 2666 et
3473 2612 3608 2667 odio

2017 2701 2275 2756 adversus
2321 2698 2577 2753 Niconetn
2627 2697 2973 2760 insaniehat,
3004 2699 3173 2755 divini
3218 2684 3397 2771 operis
3435 2717 3606 2771 ξηειιά

2018 2802 2258 2850 mentum
2308 2792 2373 2844 ad
2424 2789 2675 2856 probrum
2730 2795 2785 2842 et
2835 2788 3085 2854 iujuriam
3140 2807 3294 2846 suam
3334 2795 3604 2862 rapiens:

2018 2887 2308 2958 proclivior
2338 2889 2603 2956 siquidem
2635 2899 2718 2947 cst
2764 2895 2992 2961 malitia,
3041 2902 3098 2946 ut
3126 2895 3192 2949 ad
3228 2892 3414 2963 pejora
3461 2888 3613 2965 fera?

336 2964 457 3019 eam
486 2965 776 3020 curandam
826 2963 1243 3031 Lacedmmonii,
1276 2966 1520 3022 destituti
1545 2966 1782 3021 humano
1825 2982 1921 3021 au-
1949 3002 1996 3065 Ο
2028 2988 2115 3033 iur
2159 2993 2321 3048 quam
2376 2987 2436 3033 ιη
2485 2980 2797 3037 melioribus
2848 2984 3127 3037 ξηιπωηθο,
3177 2981 3295 3037 Non
3352 2963 3612 3035 cessabat

341 3057 489 3125 xilio,
518 3060 586 3111 ad
612 3072 768 3129 opem
800 3059 1034 3114 divinam
1071 3059 1465 3130 implorandam
1503 3069 1814 3128 assurgunt,
1850 3060 1928 3114 le-

338 3151 723 3219 gationemque
777 3151 1077 3206 decernunt
1141 3152 1210 3208 ad
1264 3150 1526 3208 Niconem
1568 3153 1745 3207 virum
1795 3166 1925 3205 san-

342 3241 649 3296 ctissimum
672 3240 774 3312 (3),
797 3242 864 3296 de
894 3257 997 3311 qua
1027 3242 1078 3297 in
1106 3242 1270 3298 rebus
1294 3244 1363 3296 ab
1395 3243 1513 3312 ipso
1548 3241 1811 3311 praeclare
1838 3255 1928 3310 ge-

338 3332 439 3388 stis
469 3333 571 3387 ista
601 3340 912 3387 narrantur.
972 3330 1290 3387 Transactis
1324 3333 1379 3387 in
1415 3348 1478 3385 ea
1527 3331 1782 3400 spelunca
1810 3332 1926 3385 die-

339 3416 442 3479 bus
471 3432 616 3486 octo,
648 3437 677 3474 a
708 3422 897 3475 morbo
941 3430 1256 3483 recreatus,
1303 3419 1556 3488 Spartam
1600 3422 1788 3475 venire
1833 3421 1931 3475 ab-

342 3512 533 3576 nuens,
563 3510 819 3580 Amyclas
859 3511 1158 3565 contendit.
1204 3509 1360 3577 Quod
1406 3520 1465 3567 ut
1505 3526 1723 3567 sensere
1761 3512 1929 3566 Lace-

341 3600 616 3664 daemonii,
645 3598 839 3655 festiue
891 3600 959 3653 ad
991 3599 1138 3654 illum
1180 3601 1425 3670 primarii
1468 3601 1636 3664 cives,
1679 3613 1730 3657 et
1778 3603 1867 3656 ahi
1896 3617 1927 3657 e

344 3689 500 3760 plebe
528 3689 776 3744 certatim
810 3689 1166 3745 convolat-unt
1192 3691 1354 3745 enixe
1399 3699 1638 3755 orantes,
1673 3702 1730 3744 ut
1759 3691 1925 3760 Spar-

345 3783 456 3838 tam
487 3797 661 3853 usque
694 3782 877 3837 venire
922 3781 1095 3837 velit:
1131 3783 1404 3839 invaserat
1454 3784 1598 3838 enim
1648 3784 1926 3839 civitatem

344 3871 601 3944 pestifera
653 3872 810 3938 lues,
873 3883 931 3928 et
981 3871 1241 3941 plurimos
1295 3874 1502 3928 incolas
1556 3874 1925 3929 absumebat:

346 3976 632 4036 propterea
666 3966 850 4020 venire
881 3964 1032 4019 illum
1073 3964 1405 4036 cupiebant,
1454 3966 1598 4035 quod
1624 3978 1684 4020 se
1725 3966 1928 4021 divinis

345 4057 464 4127 ejus
488 4056 740 4127 precibus
788 4055 1099 4112 liberandos
1126 4056 1498 4124 confiderent;
1555 4057 1647 4111 ille
1692 4073 1843 4121 vero,
1874 4066 1929 4112 et

346 4152 547 4205 laetere
582 4148 895 4204 misericors
918 4186 936 4213 ,
977 4156 1034 4202 et
1064 4147 1118 4201 iu
1152 4160 1218 4202 eo
1248 4148 1485 4202 maxime
1508 4186 1523 4213 ,
1556 4148 1646 4217 qui
1680 4148 1801 4219 ejus
1830 4162 1927 4214 po-

347 4241 526 4313 pultis,
548 4249 605 4298 et
627 4255 750 4296 sors
776 4240 944 4295 futuri
971 4244 1174 4304 esSent,
1210 4250 1470 4309 tanquam
1509 4237 1693 4292 futura
1721 4252 1928 4308 praen-

2027 3071 2273 3138 egregius
2309 3068 2394 3125 ille
2424 3079 2614 3127 sancto
2661 3073 2717 3128 in
2749 3087 2811 3130 os
2839 3075 3055 3144 obieqtti
3076 3116 3097 3141 ,ν
3128 3084 3414 3145 ereptoque
3452 3072 3609 3141 operi

2026 3175 2096 3215 ne
2161 3159 2519 3230 c0loph0nem
2587 3163 2830 3227 adderet,
2882 3168 3029 3219 ontni
3089 3179 3194 3235 ope
3251 3164 3597 3235 prohibebat.

2027 3251 2258 3308 Prorsus
2286 3252 2435 3308 enim
2469 3267 2592 3306 cum
2634 3255 2858 3325 reliquis
2888 3256 3190 3313 Laconibus
3223 3256 3295 3311 ibi
3327 3270 3431 3310 non
3463 3270 3566 3308 con
3588 3285 3600 3293 -

2028 3343 2279 3399 veniebat
2311 3361 2326 3397 :
2361 3342 2504 3396 unde
2530 3352 2584 3397 et
2615 3341 2925 3399 Judaiortrm
2961 3347 3141 3416 fugam
3176 3344 3373 3413 injuria
3415 3358 3467 3400 et
3501 3347 3613 3399 int-

2027 3436 2221 3490 merito
2276 3433 2473 3490 factum
2543 3435 2848 3492 allirmahat
2882 3450 3161 3508 :‘eamque
3213 3452 3338 3492 cum
3396 3438 3612 3493 civibus

2029 3526 2161 3580 vitio
2205 3536 2439 3591 vertere,
2488 3538 2654 3598 atque
2685 3529 2805 3583 illos
2848 3529 2953 3585 hoc
2985 3529 3200 3584 nomine
3244 3529 3499 3598 sugillare
3546 3532 3612 3585 et

2031 3600 2314 3670 iraducere
2335 3631 2442 3670 non
2477 3619 2784 3672 verebatur.

2098 3709 2190 3765 IX.
2220 3710 2464 3780 Cumque
2491 3707 2699 3782 opilicii'
2721 3712 2999 3783 cujusdam
3028 3713 3273 3779 obtentu,
3303 3725 3411 3782 quo
3439 3708 3607 3779 poliri

2026 3813 2081 3857 et
2102 3802 2361 3856 illustrari
2380 3802 2583 3858 textilia
2606 3805 2802 3867 solent,
2827 3801 3138 3858 Judteorum
3160 3818 3322 3859 unum
3342 3802 3395 3855 in
3420 3801 3610 3855 urbem

2029 3892 2418 3947 introduxisset
2448 3909 2462 3946 :
2497 3893 2811 3948 intercessit
2843 3894 2992 3949 illico
3026 3893 3222 3957 Nicon,
3271 3892 3616 3959 bellatorque

2023 3984 2181 4053 iuxta
2222 3985 2540 4054 prophetam
2573 3982 2805 4051 factus‘,
2846 3999 3104 4041 consueta
3139 3985 3359 4040 lenitate
3408 3983 3565 4053 paulo
3587 4014 3613 4025 ς

2031 4075 2141 4128 tum
2182 4074 2517 4138 intermissa;
2570 4075 2839 4130 leoninum
2879 4076 3121 4130 animum
3171 4076 3364 4136 induit,
3391 4084 3444 4128 et
3470 4073 3616 4127 fuste

2030 4166 2122 4235 qui
2166 4174 2386 4235 propter
2426 4163 2662 4235 iacebat,
2716 4176 2953 4236 arrepto,
2982 4164 3227 4219 Jndmnm
3261 4164 3401 4219 male
3445 4176 3609 4217 acce-

2034 4268 2182 4325 ptum
2252 4256 2398 4312 foras
2464 4257 2734 4322 extrusit,
2803 4254 3303 4325 formidabilinrque
3344 4256 3615 4316 hostibus.

346 4335 524 4406 gigans,
553 4349 726 4405 eoque
750 4333 805 4388 in
859 4333 982 4388 illos
1014 4332 1351 4402 propensior,
1381 4342 1439 4386 et
1467 4330 1790 4402 legationem
1831 4332 1921 4385 be-

2030 4362 2190 4416 quam
2212 4345 2471 4403 lict-cules
2483 4347 2570 4402 ille
2583 4360 2678 4403 sua
2694 4347 2846 4403 clava
2866 4347 3017 4403 visus
3033 4359 3134 4401 est.
3148 4346 3451 4401 indecorum
3462 4347 3616 4400 enim

349 4428 512 4499 nigne
547 4426 763 4497 excepit
830 4426 1128 4495 annuitque
1199 4425 1481 4493 petitioni,
1528 4434 1584 4479 et
1626 4423 1932 4494 ingruentis

351 4520 478 4577 mali
507 4517 906 4589 propulsionem
954 4519 1268 4587 spopondit,
1309 4517 1353 4571 si
1398 4518 1558 4572 modo
1599 4516 1701 4585 ipsi
1739 4514 1933 4571 Iudai—

349 4620 469 4672 eam
495 4624 710 4684 gentem
740 4617 808 4670 ex
841 4611 977 4667 urbe
1004 4626 1101 4666 sua
1133 4610 1435 4679 pellerent,
1476 4626 1544 4666 ne
1582 4612 1939 4668 exsecrandis

352 4718 543 4759 eorum
591 4702 676 4771 (ut
717 4701 922 4771 aiebat)
984 4699 1225 4755 moribus
1274 4700 1612 4771 piaculisque
1659 4701 1937 4772 religionis

352 4802 466 4851 suae
491 4793 696 4849 diutius
720 4807 839 4849 eant
881 4793 1338 4848 contaminarent.
1375 4793 1430 4847 lu
1462 4794 1548 4849 bis
1572 4832 1587 4859 ,
1635 4794 1743 4859 ait,
1776 4794 1820 4849 si
1849 4810 1937 4851 me

354 4884 668 4952 audieritis,
702 4895 758 4942 et
801 4887 970 4957 pestis
998 4903 1028 4940 a
1073 4885 1228 4941 Vobis
1273 4888 1513 4952 recedet,
1553 4897 1609 4942 et
1657 4903 1758 4957 ego
1790 4887 1934 4956 quod

358 4977 608 5049 superest
638 4978 785 5043 vitre,
816 4980 1007 5032 ducam
1043 4977 1341 5032 vobiscum.
1372 4976 1582 5045 Quibus
1611 4979 1795 5033 verbis
1823 4995 1935 5032 mo-

359 5071 470 5125 nita
504 5070 609 5125 alia
640 5069 921 5139 adjiciens,
947 5079 1143 5123 sacras
1169 5071 1331 5123 etiam
1353 5066 1603 5124 Ieremia:
1626 5084 1782 5124 voces
1805 5067 1936 5123 sub-

358 5162 485 5218 inde
532 5162 856 5232 aspergebat
894 5179 908 5215 :
949 5159 1062 5215 Viae
1107 5171 1211 5217 tua:
1263 5161 1507 5217 fecerunt
1556 5162 1672 5216 hatc
1713 5162 1831 5227 tibi,
1880 5171 1932 5217 et
1964 5167 1981 5179 '

359 5255 677 5325 iniquitates
711 5264 815 5310 tute
844 5256 1240 5325 pravalnerunt
1271 5262 1331 5308 et
1358 5253 1495 5309 duro
1522 5254 1647 5310 ludo
1680 5268 1931 5324 percussa

360 5348 444 5405 bs.
468 5346 712 5419 Cumque
733 5346 809 5402 illi
835 5346 951 5416 ejus
975 5347 1221 5403 oratione
1244 5346 1501 5401 eummoti
1545 5346 1752 5418 seipsos
1800 5363 1934 5401 con-

439 5466 457 5498 ¹
489 5466 571 5524 lsa
623 5483 707 5531 ut,
748 5469 803 5523 2.
879 5469 900 5499 ¹
958 5465 1099 5522 Psal.
1145 5481 1410 5530 cxxxvm,
1473 5465 1656 5522 2l-25.
1702 5514 1708 5529 ,

438 5621 515 5691 (Ω)
556 5621 690 5678 Vide
711 5624 999 5683 Baronium
1023 5630 1091 5684 ad
1126 5647 1214 5685 an.
1243 5630 1366 5686 981.

2030 4448 2249 4508 gentem
2278 4452 2450 4507 usque
2479 4439 2615 4493 adeo
2641 4441 3022 4503 aversabatur,
3051 4449 3108 4490 ut
3150 4452 3249 4491 nec
3273 4436 3473 4506 lingua,
3514 4448 3620 4486 nec

2030 4531 2253 4585 auribus
2279 4544 2542 4599 usurpare
2586 4528 2801 4585 illorum
2839 4544 3036 4586 nomen
3080 4529 3260 4589 vellet.
3323 4536 3382 4581 ut
3405 4524 3527 4595 jure
3557 4524 3617 4577 in

2036 4623 2186 4691 illum
2214 4621 2435 4676 Davidis
2448 4621 2611 4675 verba
2630 4623 3018 4677 convenirent:
3041 4619 3146 4686 Qui
3162 4621 3380 4674 oderunt
3398 4628 3472 4683 te,
3500 4614 3619 4670 Do-
3668 4686 3671 4687 ν

2035 4711 2198 4772 mitte,
2228 4710 2462 4777 oderam,
2497 4720 2547 4765 et
2574 4727 2739 4780 super
2776 4712 3016 4765 inimicos
3070 4718 3191 4764 tuus
3233 4707 3560 4763 tabescebat
3595 4722 3619 4762 .'

2031 4803 2258 4871 perfecto
2285 4803 2405 4856 odio
2436 4803 2649 4857 oderant
2680 4802 2825 4870 illos,
2857 4814 2904 4857 et
2932 4803 3133 4856 inimici
3155 4802 3288 4870 {acti
3316 4811 3436 4854 sunt
3459 4801 3619 4863 mihi,

2031 4903 2304 4963 propterea
2341 4895 2554 4949 nomina
2596 4909 2779 4949 eorum
2823 4894 2981 4948 labiis
3010 4896 3031 4925 '
3065 4896 3192 4948 meis
3245 4910 3351 4949 non
3381 4906 3620 4947 concute-

2031 4985 2267 5040 ntorubo.

2103 5072 2173 5131 Χ.
2204 5076 2329 5131 Haec
2366 5087 2498 5131 vero
2523 5093 2645 5131 cum
2694 5078 2937 5132 audisset
2971 5093 3002 5131 a
3054 5074 3235 5130 furore
3277 5090 3470 5130 nomen
3501 5085 3622 5125 ira-

2032 5166 2399 5234 bensAratus,
2419 5169 2787 5222 rabietnmens
2807 5169 3116 5238 (ut'semper
3147 5167 3322 5221 litiutn
3355 5174 3623 5220 amanset

2035 5257 2319 5326 impudens
2341 5268 2504 5329 atque
2534 5260 2599 5311 ad
2627 5260 2883 5314 immania
2908 5273 3146 5329 praeceps
3165 5267 3250 5314 est
3270 5256 3620 5326 improbitas)

2043 5351 2096 5403 in
2143 5359 2393 5406 sanetum
2424 5351 2686 5407 anhelans
2723 5351 2934 5407 irruere
2972 5350 3154 5419 carpit,
3190 5348 3449 5405 conviciis
3481 5364 3618 5401 ones

2112 5632 2187 5702 (5)
2226 5631 2356 5686 Vide
2381 5629 2670 5685 Baronium
2694 5644 2786 5685 an.
2819 5628 2943 5684 983.
