4012 6214
294 275 407 348 981

1825 275 1868 341 Υ
1877 273 2023 341 ΙΤΧ.

3456 276 3602 351 982:”:

299 405 446 454 rane,
475 386 859 460 proscindere,
902 403 1210 459 quanquam
1260 391 1436 448 inanis
1471 392 1586 449 huic
1615 393 1690 449 illi
1743 405 1882 452 stre—
1911 395 1957 452 Α
1987 381 2052 445 ad
2087 394 2473 464 imperatorem
2495 394 2899 449 reconciliatum
2935 393 3217 451 festinasse
3248 417 3259 452 :
3298 399 3411 464 ejus
3439 412 3565 452 vero
3604 418 3607 420 ν

297 483 446 548 pitus
499 488 680 544 erant,
735 487 790 532 et
847 494 947 549 pro
987 480 1150 536 larva:
1204 482 1472 540 terriculis
1523 484 1878 543 habebantur.

296 572 407 639 Qui
437 572 541 626 leni
578 573 643 626 ad
673 585 798 625 eum
833 587 968 627 voce
997 591 1010 626 :
1045 585 1145 627 nec
1182 574 1327 628 enim
1366 579 1694 633 contendere
1727 590 1884 650 pror-

297 681 420 732 sus,
450 679 551 720 nec
579 664 832 718 altercari
858 675 1015 720 uorat
1050 684 1063 719 :
1093 666 1214 729 Abi.
1245 667 1441 737 inquit,
1474 677 1529 724 et
1555 670 1621 724 ad
1653 680 1704 725 te
1742 674 1880 739 redi,

307 758 516 813 infelix.
549 756 694 811 Delie
721 756 928 812 scelera
959 765 1050 812 tua
1089 773 1103 809 :
1141 760 1288 814 brevi
1317 761 1464 816 enim
1502 763 1727 827 senties,
1761 765 1884 834 quis

298 847 637 919 arrogantiae
660 847 888 911 fructus,
922 853 978 901 et
1002 848 1180 916 qualia
1214 851 1471 919 nequitiis
1496 853 1604 907 sint
1640 857 1878 922 praemia.

301 939 406 994 ‘llis
427 936 583 993 dictis
606 947 658 993 et
689 946 943 1005 tanquam
977 939 1029 992 in
1055 941 1248 994 mortui
1283 943 1447 1012 (quod
1486 943 1664 1015 alunt)
1722 961 1884 1002 aures

304 1029 516 1092 ell‘usis,
543 1027 610 1082 ad
632 1029 1020 1084 monasterium
1043 1044 1325 1100 regressus
1346 1043 1460 1090 est:
1480 1035 1715 1092 heminis
1740 1039 1882 1094 enim

307 1121 548 1173 animum
586 1119 746 1174 verba
798 1135 903 1174 non
927 1129 1295 1190 penetrara’nt.
1331 1124 1508 1192 Quare
1550 1120 1886 1186 non'deslitit’

307 1223 496 1263 amens
536 1208 606 1264 ab
644 1210 881 1279 incepto,
907 1213 1036 1280 quin
1067 1212 1326 1270 advertitis
1358 1227 1606 1273 sanctum
1640 1222 1704 1277 de
1736 1229 1886 1278 more

305 1294 580 1388 (retulerat.
615 1299 986 1366 proscindens
1029 1298 1220 1365 ﬁlum.
1269 1304 1547 1377 ﬂgensque
1593 1317 1702 1363 tota
1754 1313 1886 1368 urbe

300 1386 487 1454 dignis
502 1386 682 1442 furore
693 1397 746 1440 et
759 1389 970 1444 insania
985 1393 1304 1460 suaprobris
1316 1401 1370 1450 et
1383 1399 1744 1456 contumeliis:
1759 1403 1884 1469 quin

308 1478 475 1530 etiam
501 1480 676 1536 minas
699 1481 1018 1545 intentabat,
1057 1485 1304 1541 nesciens
1329 1490 1578 1557 stupidus
1598 1498 1652 1546 et
1669 1505 1883 1560 vecors,

309 1568 586 1632 quodnon
626 1570 886 1638 glorietur
915 1573 1121 1629 malitia
1171 1577 1430 1635 adversus
1466 1583 1741 1651 virtutem,
1787 1601 1886 1643 nec

311 1660 562 1722 proficiat
603 1662 860 1718 inimicus
880 1673 1072 1720 contra
1103 1661 1302 1725 electos
1345 1671 1463 1737 Dei,
1515 1685 1572 1729 ut
1621 1678 1879 1746 scriptum

301 1761 452 1806 est:
493 1751 558 1806 Et
588 1755 734 1823 filius
780 1759 1074 1828 iniquitatis
1120 1775 1220 1815 non
1267 1773 1485 1831 apponet
1529 1785 1710 1824 nocere
1753 1772 1800 1826 ei
1839 1773 1880 1828 ⁸.

307 1842 452 1905 Quid
493 1853 606 1897 tum
649 1857 829 1900 autem
863 1857 1212 1908 consecutum
1263 1855 1382 1910 est?
1415 1858 1645 1914 Tantum
1691 1863 1883 1931 abfuit,

312 1943 370 1983 ut
400 1932 518 1998 ejus
558 1936 718 1991 minis
781 1953 844 1994 ac
884 1941 1186 2000 maledictis
1231 1959 1570 2016 avocaretur,
1621 1956 1759 2009 utin
1806 1958 1888 2012 his

305 2024 512 2091 potius,
541 2025 747 2082 Domini
787 2033 1054 2103 exemplo,
1095 2043 1353 2107 tanquam
1391 2039 1646 2099 iaudibus
1697 2047 1884 2104 trium-

307 2116 522 2211 pharet.
558 2116 818 2178 Dominus
852 2134 1033 2180 autem
1081 2130 1147 2183 de
1196 2131 1337 2186 caelo
1369 2135 1612 2192 audit'tnn
1648 2138 1772 2194 fecit
1799 2141 1888 2211 ju-

313 2207 541 2274 dicium,
575 2219 628 2265 et
661 2213 866 2270 malitia
900 2216 1231 2286 justissimas
1275 2235 1464 2292 poenas
1493 2229 1657 2285 dedit.
1716 2207 1886 2287 Verba

311 2297 371 2349 in
396 2313 509 2353 rem
543 2302 741 2359 misero
779 2306 1022 2364 abierunt
1056 2327 1072 2365 :
1119 2327 1239 2367 nam
1276 2316 1464 2386 dignos
1495 2323 1743 2376 amentia:
1781 2337 1891 2379 suae

309 2390 524 2447 fructus
541 2394 692 2450 tristi
721 2407 776 2452 et
805 2401 1096 2459 miserabili
1143 2407 1268 2462 vita:
1302 2411 1448 2464 exitu
1482 2413 1743 2484 percepit.
1784 2415 1891 2471 Nec

315 2484 468 2537 tarda
501 2484 602 2541 fuit
633 2489 888 2557 vindicta,
921 2494 1100 2564 qualis
1138 2512 1512 2567 saepenumero
1573 2505 1748 2559 divina
1800 2509 1891 2562 ho—

315 2573 485 2628 nitate
516 2579 923 2636 conversionem
960 2588 1308 2652 prtestolante
1352 2593 1670 2663 contingere
1696 2597 1831 2652 solet
1874 2620 1886 2654 :

310 2665 409 2720 sed
440 2683 471 2722 e
500 2671 756 2742 vestigio,
819 2676 1129 2746 derepente,
1167 2692 1266 2738 nec
1308 2685 1641 2754 opinantem,
1677 2699 1735 2743 ut
1771 2708 1890 2746 mox

309 2758 516 2825 ditant,
556 2767 845 2832 oppressit.

387 2848 479 2904 XI.
514 2850 680 2909 Nocte
705 2857 949 2924 proxima
984 2859 1178 2928 objecti
1225 2867 1343 2917 sunt
1372 2859 1574 2922 infelici
1601 2870 1705 2923 duo
1736 2885 1894 2930 senes

317 2941 370 2998 in
406 2945 631 3012 somnis,
676 2963 814 3018 quos
845 2949 941 3004 alii
997 2953 1102 3007 duo
1150 2952 1534 3025 sequebantur,
1569 2957 1740 3016 forma
1775 2967 1891 3034 qui-

1987 489 2375 554 cognominem‘
2414 487 2638 541 alterum
2677 485 2848 556 ipsiu’s
2899 487 3136 542 audaciae
3187 499 3248 542 ac
3290 490 3599 543 rebellioni

1985 579 2338 635 successisse.
2379 576 2634 634 Attamen
2687 590 2786 633 nec
2826 577 2901 633 itii
2935 565 3270 647 profuturam
3326 580 3567 647 tyranni-

1988 669 2134 735 de‘m,
2166 683 2264 726 nec
2302 669 2722 740 imperatoribus
2765 669 3103 740 superiorem
3141 660 3275 722 Fore.
3312 657 3406 722 llis
3439 681 3568 733 ergo

1985 761 2421 832 praedictionibus
2473 769 2864 818 consentaneus
2916 753 3020 814 l‘uit
3060 767 3284 814 eventus
3335 757 3388 812 et
3444 773 3568 812 eum

1983 855 2072 924 qui
2120 851 2472 921 prtcdixerat,
2528 849 2900 906 admirabilem
2943 849 3264 905 declaravit.
3311 850 3380 902 At
3433 862 3571 917 pra:-

1987 947 2120 1002 tcris
2152 944 2367 1015 quidem
2417 945 2659 1015 Gregorii
2706 945 2989 1013 sanctique
3037 945 3126 997 res
3175 941 3278 997 hec
3312 941 3469 996 modo
3509 954 3569 995 se

1987 1038 2207 1093 habent.
3579 1027 3582 1032 ’

2057 1122 2195 1182 Xll’l.
2231 1123 2629 1198 Peragebantur
2655 1127 2944 1196 aliquando
2978 1127 3299 1195 vespertinas
3329 1125 3512 1178 laudes
3547 1142 3559 1177 :

1987 1221 2159 1290 prima
2192 1229 2370 1274 autem
2409 1217 2759 1273 hebdomadis
2784 1217 2899 1272 dies
2927 1221 3062 1283 erat,
3093 1234 3214 1272 cum
3247 1217 3570 1287 Sphaerista-

1986 1319 2103 1366 rum
2129 1322 2314 1380 aperto
2347 1309 2646 1380 gymnasio,
2681 1308 2934 1379 juvenum
2969 1306 3227 1374 frequens
3265 1323 3452 1362 manus
3492 1309 3570 1360 in-

1987 1404 2067 1458 fra
2097 1418 2302 1457 sacram
2329 1401 2496 1456 aedem
2523 1399 2786 1468 constitit,
2833 1399 2992 1469 atque
3025 1397 3170 1454 inter
3201 1399 3335 1453 alios
3374 1409 3572 1467 praetor

1987 1494 2277 1565 GregOrius
2319 1505 2442 1563 pars
2488 1494 2599 1561 ipse
2650 1491 2989 1557 Certaminis,
3020 1507 3138 1546 cum
3174 1489 3440 1557 indigenis
3491 1488 3572 1542 ln-

1988 1587 2118 1641 dens
2178 1585 2342 1640 :ludi
2395 1585 2539 1639 enim
2597 1587 2784 1638 amans
2847 1585 2986 1648 erat,
3042 1575 3369 1651 ludicrisque
3409 1596 3569 1649 supra

1989 1681 2202 1735 modum
2241 1679 2573 1750 capiebatur.
2610 1675 2676 1731 Et
2705 1673 2956 1744 quoniam
2998 1673 3298 1727 incunditas
3330 1673 3573 1727 clamaui:-

1991 1773 2122 1826 lium
2155 1786 2337 1835 voces,
2366 1780 2472 1822 tam
2501 1767 2823 1830 ludentium,
2856 1779 3014 1832 quam
3037 1763 3396 1833 spectantium
3417 1778 3575 1824 exau-

1990 1862 2294 1922 diebantur,
2320 1859 2563 1925 adeoque
2595 1857 3023 1926 perstrepebant,
3059 1865 3115 1908 ut
3144 1867 3174 1910 θ
3203 1854 3374 1910 sacris
3416 1855 3584 1924 ltyuad

1982 1955 2075 2009 anis
2103 1959 2484 2011 avocarent.et
2503 1959 2736 2003 mentem
2769 1949 2820 2002 in
2843 1947 2950 2002 illis
2986 1949 3147 2014 figere
3170 1961 3273 2000 non
3306 1945 3580 2009 sinerent,

1980 2047 2106 2102 'zclo
2132 2046 2222 2100 Dei
2251 2045 2486 2114 percitus
2515 2041 2680 2096 Nicon
2713 2039 2962 2095 celeriter
2997 2047 3342 2110 approperat,
3379 2037 3580 2091 hellni--~

1991 2154 2223 2208 namque
2250 2138 2526 2192 hominum
2555 2133 2858 2189 barbariem
2901 2132 3068 2186 libera
3099 2147 3248 2194 voce,
3275 2145 3379 2200 qua
3399 2128 3575 2198 jnstos

1993 2231 2166 2292 decet,
2204 2227 2451 2282 libertate
2480 2225 2728 2293 castigat.
2761 2223 2826 2275 At
2869 2231 3074 2293 praeter
3109 2221 3188 2274 vir
3224 2221 3395 2273 amari
3443 2219 3575 2273 alias

1992 2319 2215 2390 ingenii,
2251 2328 2303 2373 et
2332 2328 2439 2370 tum
2475 2316 2710 2368 maxime
2751 2315 2877 2369 ludo
2910 2315 3173 2377 intentus,
3210 2322 3268 2365 ut
3303 2311 3392 2381 qui
3423 2325 3451 2362 a
3481 2326 3543 2380 pa

1995 2413 2143 2468 ribus
2177 2421 2235 2466 se
2256 2407 2400 2464 vinci
2430 2407 2652 2472 doleret,
2718 2406 2996 2475 impotenti
3022 2405 3284 2460 adversus
3327 2413 3572 2458 sanctum

1995 2514 2148 2560 actus
2192 2501 2362 2569 rabie,
2408 2498 2753 2570 proscindere
2801 2497 3100 2551 maledictis
3139 2509 3442 2564 manusque
3506 2493 3574 2547 ad

1995 2593 2288 2652 vindictam
2314 2607 2478 2648 ausus
2507 2589 2770 2653 attollere,
2803 2589 2934 2644 urbe
2965 2589 3195 2657 denique
3225 2585 3421 2655 expelli
3451 2584 3570 2654 jus—

1995 2685 2088 2748 sit.
2121 2687 2347 2757 Jamque
2386 2685 2682 2740 ducehatur
2739 2681 2892 2736 hilari
2937 2663 3236 2749 pacataque
3278 2678 3446 2742 vultu,
3475 2679 3577 2730 Do-

1998 2780 2124 2836 mini
2153 2777 2236 2833 sui
2271 2775 2538 2844 exemplo,
2583 2772 2859 2840 leviusque
2913 2770 3166 2838 injuriam
3199 2779 3358 2838 quam
3394 2767 3580 2823 caeteri

1995 2869 2264 2924 maximos
2285 2867 2519 2921 honores
2547 2861 2773 2917 ferebat.

2067 2957 2208 3015 XIV.
2231 2956 2506 3012 Caeterum
2531 2968 2629 3008 nec
2649 2967 2792 3018 sera,
2824 2965 2919 3006 nec
2946 2951 3170 3020 pedibus
3193 2949 3274 3020 (ut
3308 2957 3462 3018 poeta
3491 2946 3578 3001 di-

307 3035 436 3088 dem
469 3037 728 3106 eunuchi,
760 3040 853 3095 sed
874 3040 1030 3113 longe
1048 3057 1208 3114 quam
1227 3042 1461 3102 humana
1482 3053 1882 3121 praeStantiore.
1912 3065 1958 3125 α
1993 3054 2092 3121 xit)
2123 3051 2270 3104 tarda
2332 3045 2430 3101 fuit
2471 3044 2622 3110 ultio,
2665 3043 2795 3113 quin
2847 3040 3115 3106 velocius,
3151 3040 3461 3111 iunctisque
3492 3055 3581 3092 ve-

319 3128 400 3182 Μ)
423 3129 508 3186 his
544 3146 672 3188 vero
701 3131 885 3205 ﬂagris
909 3136 1041 3190 caedi
1077 3137 1176 3193 sibi
1206 3139 1507 3206 videbatur,
1533 3151 1586 3196 et
1607 3142 1684 3198 sic
1709 3146 1888 3202 verbis

322 3221 584 3290 increpari
623 3239 639 3277 :
673 3223 955 3292 Quomodo
989 3235 1043 3282 tu
1089 3243 1154 3285 eo
1181 3244 1241 3286 es
1301 3241 1590 3302 provectus
1629 3237 1886 3303 audaciae,

309 3321 380 3364 ut
437 3325 652 3369 servum
702 3315 796 3371 Dei
831 3325 1179 3378 contemnere
1234 3331 1289 3376 et
1329 3325 1589 3381 conviciis
1639 3338 1891 3398 appetere

312 3418 425 3456 non
459 3403 769 3462 dubitares?
810 3409 1004 3466 deinde
1058 3413 1111 3466 in
1173 3413 1464 3470 obscurum
1511 3427 1632 3486 post
1665 3422 1890 3477 verbera

308 3507 590 3549 carcerem
631 3496 864 3553 detrudi.
908 3496 978 3555 Et
1014 3511 1136 3556 cum
1168 3493 1382 3558 veniam
1430 3506 1614 3563 multis
1662 3521 1891 3578 orasset,

308 3583 406 3638 vix
453 3587 666 3642 tandem
705 3591 946 3647 caedendi
1002 3591 1162 3649 linem
1215 3587 1432 3663 fecisse,
1483 3609 1582 3655 nec
1635 3609 1814 3657 tamen
1865 3620 1896 3660 e

304 3677 562 3732 custodia
594 3679 885 3736 dimisisse.
903 3681 1262 3753 Experrectus
1284 3688 1696 3761 igitur,gravem
1714 3695 1893 3748 statim

313 3769 368 3822 in
401 3762 608 3822 febrem
644 3769 833 3826 incidit
865 3789 880 3827 :
913 3777 1198 3846 accitoque
1223 3777 1450 3842 Nicone.
1486 3781 1553 3836 ad
1584 3782 1700 3847 ejus
1733 3785 1898 3853 pedes

302 3857 625 3926 advolutus,
677 3863 1099 3920 misericordiam
1136 3869 1464 3936 imploravit.
1517 3869 1612 3926 Cui
1660 3874 1893 3929 beatus:

302 3950 445 4014 Quae
477 3949 530 4005 in
564 3964 648 4006 nte
672 3955 1014 4022 pcrpetrasti,
1051 3955 1145 4020 ait,
1181 3973 1242 4011 ea
1273 3958 1370 4014 tibi
1404 3958 1600 4028 frater,
1639 3973 1898 4032 quantum

305 4059 368 4111 εει
404 4058 491 4098 me
517 4053 621 4110 est,
655 4043 1120 4103 condonabuntur.
1171 4048 1275 4105 Sed
1312 4055 1565 4121 quoniam
1625 4055 1745 4110 vitae
1780 4054 1902 4112 linis

303 4138 406 4191 sibi
428 4136 638 4192 caelesti
669 4136 887 4192 decreto
908 4138 1243 4208 praestitutus
1275 4151 1379 4207 est,
1407 4153 1554 4197 nemo
1578 4145 1676 4198 erit
1703 4145 1767 4200 de
1800 4161 1903 4201 cw-

315 4240 451 4292 tero,
486 4228 943 4299 quemadmodum
988 4231 1063 4284 ait
1093 4229 1361 4302 Propheta
1385 4235 1429 4300 ⁸,
1463 4235 1553 4306 qui
1586 4237 1678 4291 Dei
1725 4239 1903 4292 consi-

302 4319 443 4370 lium
473 4319 735 4387 dissipare
771 4320 954 4388 possit.
985 4318 1049 4376 Et
1083 4319 1168 4376 his
1215 4323 1372 4379 dictis
1401 4326 1466 4380 ad
1503 4330 1893 4385 monasterium

1993 3133 2170 3212 stigiis
2202 3135 2653 3195 contumeliosum
2697 3143 2879 3189 secuta
2899 3145 3002 3188 est.
3038 3132 3171 3186 Nam
3202 3146 3323 3186 cum
3346 3134 3579 3200 primum

1993 3237 2058 3292 ad
2094 3231 2466 3302 excipiendam
2529 3227 2798 3298 Spharram
2877 3239 3092 3278 manum
3137 3222 3371 3287 sustulit,
3422 3237 3582 3290 para-

1993 3321 2089 3400 lysi
2134 3333 2351 3396 repcnte
2396 3313 2499 3378 icta
2530 3328 2631 3377 est.
2679 3319 2820 3373 Idem
2858 3331 3021 3387 porro
3052 3314 3308 3371 membris
3329 3314 3582 3368 omnibus

1995 3417 2174 3474 ‘statini
2203 3413 2406 3471 solutas
2422 3415 2473 3467 et
2499 3419 2806 3470 enervatus,
2832 3407 2896 3461 ad
2922 3406 3243 3462 catholicam
3293 3402 3582 3459 ecclesiam

1996 3509 2223 3563 aliorum
2263 3500 2740 3560 manibusdelatus
2771 3507 2874 3556 est.
2917 3497 3018 3554 Ubi
3064 3495 3391 3552 acutissimis
3430 3492 3582 3549 dolo-

2000 3601 2145 3656 ribus
2162 3598 2527 3662 excruciatus,
2555 3601 2781 3650 mortem
2812 3608 2920 3662 prae
2952 3591 3054 3646 illis
3085 3592 3137 3645 in
3169 3589 3319 3642 lucro
3351 3600 3582 3657 ponens,

1999 3692 2368 3748 lamentabiles
2395 3697 2615 3758 questus
2642 3687 2854 3742 edebat.
2893 3687 3139 3755 Cumque
3173 3699 3364 3754 magna
3409 3681 3582 3735 medi-

2001 3800 2188 3840 eorum
2218 3782 2504 3838 sedulitate
2525 3790 2830 3841 curaretur,
2863 3787 2918 3834 et
2954 3777 3188 3832 remedia
3224 3776 3405 3830 omnia
3442 3773 3580 3828 infra

2004 3875 2202 3928 malum
2251 3881 2455 3938 essent,
2494 3871 2566 3924 ita
2605 3877 2661 3924 ut
2697 3869 2872 3924 inanis
2904 3879 2957 3924 et
2990 3883 3126 3921 vana
3167 3866 3342 3921 omnis
3372 3865 3437 3919 ab
3467 3865 3584 3919 illo-

2007 3981 2122 4020 rum
2165 3970 2281 4019 arte’
2327 3971 2449 4033 spes
2499 3969 2690 4017 esset:
2730 3976 2950 4015 causam
2988 3959 3228 4030 exquirit
3276 3957 3582 4028 episcopus.

2006 4075 2100 4113 cur
2133 4065 2254 4113 eum
2297 4055 2606 4126 repentinus
2650 4053 2869 4108 morbus
2914 4051 3198 4108 invasisset
3247 4061 3402 4107 :erat
3436 4051 3583 4106 enim

2007 4155 2060 4205 et
2090 4148 2202 4219 ipse
2251 4147 2468 4202 medica:
2509 4144 2641 4200 artis
2677 4141 3059 4214 peritissimus.
3097 4141 3166 4196 At
3204 4141 3316 4205 ille,
3365 4155 3482 4211 qua:
3528 4139 3580 4194 in

2007 4231 2262 4296 Niconem
2307 4237 2624 4304 admiserat,
2680 4236 2761 4290 vel
2809 4233 3008 4289 invitus
3053 4235 3304 4302 exposuit
3365 4253 3377 4288 :
3435 4233 3595 4287 hunc
3637 4273 3639 4276 ι

1955 4392 1962 4398 ,
2007 4333 2136 4388 mali
2162 4331 2244 4385 sui
2286 4323 2488 4386 fontem
2517 4329 2571 4384 et
2600 4333 2761 4397 caput
2788 4341 2908 4382 esse
2938 4340 3040 4380 non
3069 4325 3435 4380 dissimulans.
3459 4324 3579 4391 Quo

314 4424 565 4467 reversus
596 4421 700 4468 est.
730 4410 815 4466 illi
842 4426 971 4468 vero
1003 4414 1160 4468 tertia
1198 4426 1318 4485 post
1347 4416 1462 4473 dies
1487 4416 1690 4474 infelici
1720 4432 1893 4477 morte
1927 4393 1968 4455 Ῐ)
1998 4422 2209 4493 cognito
2254 4419 2539 4490 episcopus
2583 4393 2892 4489 objurgavit
2939 4415 3028 4470 ille
3088 4415 3302 4486 quidem
3343 4416 3594 4470 hominis

306 4497 476 4550 vitam
533 4499 750 4569 eripuit.
805 4499 884 4554 Ex
923 4517 1030 4570 quo
1080 4514 1258 4558 metus
1293 4504 1481 4576 ingens
1513 4523 1575 4562 ac
1606 4509 1892 4579 trepidatio

311 4587 750 4647 Lacedaemonios
803 4593 1000 4649 invasit
1035 4613 1049 4649 :
1079 4605 1178 4652 nec
1212 4609 1464 4665 repertus
1487 4609 1569 4654 est
1602 4602 1889 4670 quisquam

300 4697 341 4736 e
373 4681 612 4738 minimis
641 4695 694 4740 et
715 4686 987 4754 maximis,
1029 4689 1119 4758 qui
1157 4688 1222 4744 ad
1257 4685 1516 4745 Niconem
1546 4707 1649 4747 non
1675 4694 1895 4749 advola-

307 4783 394 4827 ret
434 4775 660 4844 ejusque
706 4777 871 4846 iussis
930 4789 1166 4848 pareret.
1223 4770 1409 4836 Fidem
1470 4783 1613 4838 enim
1692 4784 1898 4840 fecerat

297 4866 566 4921 omnibus
587 4869 911 4936 exemplum,
936 4871 1042 4942 :qui
1079 4871 1288 4930 Christi
1329 4890 1514 4930 servos
1540 4874 1770 4930 ludibrio
1794 4878 1894 4931 ha-

307 4958 438 5012 bent
469 4976 484 5013 :
511 4960 770 5028 quoniam
793 4957 984 5033 Utique
1025 4976 1098 5020 est
1122 4966 1328 5034 [ructus
1354 4966 1525 5035 justo,
1555 4974 1606 5020 et
1640 4966 1776 5021 Deus
1796 4970 1856 5036 ju
1875 5000 1887 5010 ο

295 5047 489 5102 dicam
511 5065 598 5104 eos
622 5051 675 5105 in
696 5059 835 5107 terra
861 5053 905 5110 ⁸.

375 5137 492 5196 XII.
519 5139 781 5213 Gregdrio
812 5149 1032 5216 prtetori
1071 5158 1125 5203 et
1155 5150 1220 5203 de
1255 5149 1425 5205 Scleri
1472 5151 1665 5205 Bardae
1709 5151 1888 5215 rebus,

293 5244 358 5289 et
397 5246 524 5305 post
568 5235 683 5304 ejus
722 5251 753 5292 θ
806 5231 1083 5308 Babylone
1130 5241 1390 5310 reditum,
1424 5241 1610 5297 audire
1654 5241 1890 5310 cupienti

293 5330 428 5396 '(atee
447 5330 595 5384 enim
619 5329 801 5384 abdita
823 5332 1070 5388 intuendi
1095 5335 1283 5405 gratim
1306 5345 1577 5390 exsortem
1598 5333 1744 5390 illum
1775 5349 1894 5389 esse

295 5431 507 5492 praetor
530 5425 917 5496 arbitrabatur)
944 5431 1188 5486 narravit
1213 5429 1654 5494 Nicon,Sclerum
1677 5428 1893 5498 quidem

375 5563 398 5596 ⁸
445 5560 856 5626 Psaltsxxvm,
889 5566 981 5622 25.

371 5715 700 5790 (4)113an
739 5736 826 5774 au.
860 5723 987 5777 9.87.

1991 4515 2350 4570 temeritatem
2391 4527 2498 4568 non
2549 4511 2762 4568 leviter.
2815 4509 2952 4565 Tum
2995 4517 3305 4580 opportuno
3349 4509 3578 4565 consilio

1991 4617 2183 4660 auctor
2211 4605 2335 4671 fuit,
2373 4614 2430 4658 ut
2460 4602 2659 4661 fastum
2693 4613 2940 4674 poneret,
2979 4613 3034 4658 et
3064 4619 3093 4657 a
3124 4601 3328 4658 Nicone
3356 4603 3584 4673 supplex

1989 4696 2150 4752 illatae
2212 4696 2424 4763 injurias
2459 4696 2675 4752 veniam
2729 4701 2961 4766 peteret.
3019 4695 3185 4750 Norat
3253 4696 3418 4760 enim,
3445 4696 3586 4748 unde

1999 4795 2146 4841 certa
2181 4784 2459 4840 medicinae
2485 4791 2611 4854 spes
2638 4791 2808 4840 OSSel.

2067 4871 2178 4929 XV.
2225 4873 2412 4930 Paruit
2461 4862 2568 4938 ille,
2624 4874 2951 4944 abjectoque
3010 4874 3149 4928 fastu
3205 4891 3268 4928 ac
3321 4875 3586 4944 praetoriae

1996 4968 2279 5040 poteStatis
2325 4965 2630 5036 superCilio,
2673 4965 2928 5021 Nieonem
2962 4966 3144 5020 multis
3198 4967 3447 5035 precibus
3487 4982 3584 5035 per

1991 5064 2212 5119 nuntios
2252 5061 2503 5118 accersit.
2549 5058 2651 5126 Qui
2683 5059 2900 5131 quidem
2934 5066 3168 5130 aecepta:
3207 5059 3416 5128 injuria:
3443 5058 3582 5114 obli-

1993 5169 2097 5220 tus,
2140 5156 2280 5210 dicto
2317 5151 2476 5209 citius
2505 5151 2679 5208 adfuit
2708 5172 2720 5206 :
2753 5151 3013 5208 didicerat
3043 5156 3186 5207 enim
3214 5161 3272 5209 ut
3298 5161 3587 5207 contume-

1993 5247 2091 5300 lias
2118 5246 2247 5316 pati,
2286 5247 2365 5302 sic
2401 5241 2617 5301 easdem
2649 5241 2791 5300 ultro
2821 5243 3116 5310 remittere,
3152 5251 3246 5296 aut
3273 5243 3452 5311 potius
3484 5242 3579 5295 be-

1995 5337 2225 5394 nefactis
2277 5348 2332 5392 et
2375 5336 2564 5393 ofﬁciis
2617 5345 2992 5406 compensare.
3039 5333 3247 5390 Praetor
3292 5342 3474 5388 autem
3524 5342 3590 5386 ut

1996 5428 2143 5483 illum
2173 5430 2322 5497 vidit,
2347 5430 2412 5484 ad
2437 5430 2554 5500 ejus
2577 5425 2738 5501 pedes
2770 5445 2828 5485 se
2870 5428 3074 5500 abjicit,
3100 5436 3154 5484 et
3179 5428 3266 5500 qui
3292 5425 3449 5484 modo
3475 5434 3585 5481 IIl-5"

1060 5568 1076 5598 ‘
1109 5568 1249 5623 Psal.
1301 5587 1472 5634 χχχιι,
1512 5570 1594 5624 I0.
1672 5573 1689 5600 ⁵
1733 5568 1873 5624 Psal.
1913 5582 2039 5632 Lvtt,
2081 5568 2159 5620 l'l.
