3954 6210
430 220 536 285 983

1702 231 1765 294 S.
1806 230 2116 296 NICONIS
2157 229 2458 299 ARMENI

3644 245 3758 305 ΒΜ

427 339 605 410 gidus,
633 341 935 413 animisque
972 343 1119 399 ferox
1160 344 1271 399 iras
1307 352 1516 399 tantum
1548 358 1601 401 et
1642 347 1870 418 injurias
1900 350 2015 418 spi-
2041 362 2091 413 Α
2118 354 2377 413 divinitus
2401 360 2611 428 agitata
2648 357 2829 428 lingua
2860 358 2974 413 haec
2997 358 3246 426 audiens,
3289 359 3557 431 nihilque
3584 358 3761 430 peni-

433 444 552 485 rare
599 431 902 499 videbatur,
986 434 1206 505 supplex
1285 434 1479 501 factus,
1536 440 1743 495 erroris
1802 442 2018 497 veniam

427 521 639 590 lugubri
671 538 802 579 voce
826 534 1002 595 rogat,
1036 525 1264 597 ejusque
1302 542 1514 597 preces,
1568 531 1789 587 unicum
1831 534 2025 589 salutis

431 627 551 667 suae
577 612 933 681 pharmacum
972 614 1249 685 implorat.
1286 616 1513 689 Semper
1551 621 1808 675 nimirum
1851 623 2024 678 imbe-

430 700 555 757 cilla
570 717 655 758 res
676 712 759 759 est
773 704 986 771 vitium,
1002 707 1160 762 fortis
1176 719 1356 767 autem
1368 710 1645 767 etstabilis
1664 712 1858 769 virtus.
1884 713 2024 781 Quid

432 806 569 859 ergo
598 794 664 847 ad
697 794 812 848 haec
839 794 1021 851 divina
1063 798 1264 853 mens?
1300 800 1380 853 An
1421 802 1772 870 exprobravit
1820 804 2024 860 homini

430 883 746 952 amentiam,
777 885 1211 956 eﬂrenatamque
1243 889 1558 946 audaciam?
1604 902 1700 947 aut
1743 896 2026 965 aspernari

430 986 699 1041 orantem,
722 986 777 1032 et
803 978 1065 1048 tantisper
1082 981 1323 1037 abnuere
1339 984 1488 1038 visus
1513 993 1597 1038 est
1614 986 1636 1038 ’ἰ
1656 983 1876 1039 Minime
1897 1001 2028 1056 gen-

432 1066 586 1121 tium.
608 1066 709 1134 Qui
736 1068 880 1123 enim
905 1068 1131 1138 faceret,
1155 1073 1246 1141 qui
1271 1074 1587 1145 discipulus,
1612 1086 1708 1131 aut
1727 1079 2028 1134 acerrimus

431 1154 611 1225 porius
646 1158 792 1213 mitis
822 1158 964 1215 illius
1007 1170 1061 1214 et
1110 1163 1319 1230 pacifici
1352 1164 1591 1220 imitator
1625 1177 1743 1222 erat
1774 1169 1841 1223 ad
1872 1170 2029 1225 bene-

436 1249 738 1305 faciendum
772 1252 948 1323 magis
988 1268 1151 1323 quam
1190 1256 1260 1310 ad
1283 1257 1623 1325 plectendum
1657 1268 1847 1315 natura
1873 1276 2026 1316 com-

434 1343 647 1405 parati?
674 1340 860 1411 Itaque
889 1359 995 1398 non
1032 1345 1207 1399 solum
1243 1348 1457 1403 veniam
1487 1349 1654 1413 dedit,
1684 1353 1779 1407 sed
1823 1353 2027 1407 sanita-

437 1441 544 1483 tem
580 1431 745 1485 etiam
791 1434 1047 1502 precibus
1096 1438 1230 1503 suis,
1274 1437 1489 1493 admota
1547 1455 1709 1494 manu
1769 1442 2025 1497 restituit.

434 1520 512 1574 Ita
559 1532 615 1576 ut
657 1526 841 1579 statim
889 1526 1070 1581 cibum
1121 1540 1363 1587 sumeret
1401 1532 1708 1599 incolumis,
1755 1545 1808 1588 et
1861 1536 2030 1591 libere

436 1624 597 1683 atque
624 1618 874 1686 expedite
904 1618 1237 1689 loqueretur,
1265 1624 1529 1680 miraculo
1562 1626 1645 1681 vel
1689 1627 1863 1684 oculis
1895 1628 2027 1699 ipsis

435 1709 527 1775 qui
566 1710 906 1777 spectabant,
938 1712 1096 1768 ﬁdem
1122 1714 1209 1768 vix
1239 1714 1493 1772 faciente.

512 1794 653 1853 XVI.
701 1801 785 1855 Ab
823 1802 1083 1871 improbis
1126 1805 1448 1875 quibusdam
1511 1810 1894 1879 malevolisque
1937 1812 2031 1865 bo-

435 1889 675 1945 minibus
714 1906 808 1959 per
839 1892 1162 1948 calumniam
1219 1905 1506 1951 accusatus
1540 1908 1623 1953 est
1644 1897 1884 1955 Joannes
1915 1899 2028 1954 Ma-

434 1973 679 2044 l'acenus,
711 1982 989 2037 nobilitate
1034 1984 1251 2053 generis
1300 1999 1365 2039 ac
1418 1986 1707 2056 splendore
1775 2004 1873 2045 nec
1922 2006 2030 2045 non

436 2084 665 2126 summa:
720 2072 999 2142 sapientiae
1045 2076 1202 2129 laude
1256 2092 1361 2132 non
1417 2078 1560 2134 inter
1591 2078 2031 2138 Lacedzemonios

437 2163 620 2226 modo,
642 2178 824 2218 verum
839 2164 1001 2219 etiam
1028 2177 1135 2221 tota
1157 2167 1376 2226 Hellade
1403 2187 1465 2226 ac
1485 2171 1856 2244 Peloponneso
1872 2174 2031 2231 facile

436 2250 692 2321 princeps
725 2269 738 2306 :
773 2266 1063 2311 accusatus
1097 2268 1278 2313 autem
1309 2262 1449 2329 apud
1470 2277 1615 2329 eum,
1650 2265 1743 2334 qui
1775 2274 1885 2319 tum
1925 2270 2026 2321 itu-

438 2342 570 2409 p’erii
606 2346 837 2412 sceptris
885 2349 1213 2419 potiebatur,
1268 2351 1524 2408 Basilium
1563 2356 1771 2412 scilicet
1800 2356 2027 2429 Romani

438 2435 663 2490 minoris
722 2438 911 2502 lilium,
965 2456 1148 2510 regum
1200 2446 1440 2499 omnium
1504 2444 2024 2517 fortunatissimum,

436 2527 592 2596 cujus
616 2531 791 2584 etvita
820 2530 1064 2599 illustris,
1083 2544 1136 2588 et
1169 2535 1381 2604 imperii
1403 2540 1638 2605 Spatium
1660 2540 2024 2610 longissimum

438 2618 559 2684 fuit,
586 2631 641 2676 et
670 2623 909 2681 victoriae
970 2636 1024 2680 et
1075 2637 1270 2697 tropaea
1318 2629 1385 2684 de
1442 2630 1689 2686 hostibus
1734 2636 2023 2703 quamplu-

436 2710 598 2777 rima,
655 2729 755 2783 per
787 2730 946 2783 quem
993 2728 1048 2771 et
1091 2716 1392 2788 Bnlgaricm
1437 2722 1613 2788 gentis
1660 2724 1912 2794 princeps
1945 2726 2028 2798 [ut

440 2813 740 2858 memorant
773 2805 1034 2878 bistOriae]
1073 2806 1289 2862 Samuel
1338 2810 1446 2876 ille,
1500 2813 1704 2869 viribus
1750 2824 1803 2869 et
1832 2817 2026 2872 robore

438 2892 893 2963 inexpugnabilis,
921 2896 973 2950 in
1014 2896 1173 2952 Creta
1208 2912 1331 2954 cum
1366 2901 1745 2958 innumerabili
1774 2905 2021 2961 multitu-

441 2974 568 3037 dine
592 2984 940 3066 Bulgarornm
976 2988 1177 3043 fractus
1216 2999 1270 3045 et
1294 2992 1551 3049 subactus
1578 3004 1661 3050 est
1687 2995 1789 3066 (5).

508 3064 672 3129 XVII.
731 3075 1021 3131 Mittuntur
1074 3080 1254 3149 itaque
1304 3082 1372 3137 ab
1421 3064 1754 3153 imperatore
1790 3097 2023 3159 satrapae

438 3161 568 3228 duo,
602 3168 835 3224 militum
865 3170 1130 3242 legionem
1168 3174 1471 3241 trahentes,
1503 3186 1564 3232 ut
1588 3178 1925 3236 Malacenum
1955 3197 2023 3237 ex

441 3257 735 3328 improviso
788 3264 1275 3333 comprehendant,
1308 3268 1660 3341 vinctumque
1684 3272 1751 3326 ad
1778 3274 2021 3344 reginam

442 3349 658 3404 urbium
708 3353 911 3407 ducant
945 3371 958 3408 :
1006 3353 1328 3412 defectionis
1374 3359 1518 3413 enim
1557 3373 1612 3415 et
1643 3364 2025 3430 perduellionis

437 3437 494 3492 in
529 3455 651 3493 cum
707 3442 912 3497 crimen
971 3444 1358 3500 concinnantes
1412 3449 1616 3514 aemuli,
1683 3451 2025 3519 imperatoris

441 3543 603 3582 aures
634 3521 784 3584 falsae
830 3533 1197 3588 accusationis
1232 3535 1504 3592 calumnia
1548 3540 1920 3610 oppleverant.
1958 3543 2027 3600 Ut

442 3633 576 3687 ergo
621 3621 674 3674 in
719 3620 1102 3678 Lacedaemona
1133 3640 1513 3695 pervenerunt,
1545 3641 1599 3685 et
1649 3633 1824 3687 virum
1872 3636 2027 3705 cujus

443 3726 609 3765 causa
660 3713 806 3769 miSsi
841 3713 1073 3779 fuerant,
1124 3720 1674 3788 comprehenderunt,
1722 3736 1911 3780 evocat
1940 3727 2027 3782 ille

442 3800 732 3859 confestim
757 3806 933 3859 virum
965 3806 1055 3861 Dei
1094 3804 1378 3877 Niconem,
1403 3828 1562 3882 quem
1608 3817 1677 3872 ob
1702 3818 1916 3889 egregia
1948 3818 2027 3874 fa-

348 3962 353 3975 ‘
440 3895 624 3949 cinora
664 3901 935 3966 przecipuo
963 3897 1018 3953 in
1060 3898 1263 3955 honore
1309 3903 1560 3972 habebat,
1631 3908 1889 3978 gravique
1927 3912 2026 3966 do-

443 3986 560 4043 lore
589 3988 784 4045 anxius
814 4008 827 4044 :
856 3988 987 4055 Ora,
1024 3991 1217 4061 inquit,
1250 4009 1343 4048 ora
1377 4012 1473 4065 pro
1504 4014 1591 4055 me
1620 4001 1840 4070 misero,
1870 4018 2028 4059 serve

442 4070 559 4147 Dei,
585 4095 650 4135 ne
684 4083 1029 4153 imperatoris
1054 4082 1133 4139 ira
1165 4086 1305 4142 male
1326 4102 1563 4157 peream.
1590 4089 1760 4159 Quem
1784 4106 2023 4160 sanctus,

440 4166 659 4228 blandis
688 4184 876 4229 contra
933 4178 1262 4248 mellitisque
1291 4180 1473 4238 verbis
1506 4187 1862 4254 reSpondens,
1895 4204 2026 4243 con-

443 4264 664 4321 lirmare
704 4268 945 4322 animum
974 4269 1137 4337 jussit
1180 4271 1419 4342 nihilque
1456 4276 1664 4332 tristius
1714 4278 2024 4335 formidare.

2131 458 2217 504 tus
2245 450 2549 517 ambigens,
2584 452 2937 507 vehementer
2971 452 3309 508 exhilaratus
3346 464 3459 518 est,
3503 453 3761 522 naviga-

2132 538 2438 607 tionemque
2479 540 2719 596 salutato
2758 540 2987 608 Nicone,
3039 557 3236 599 securo
3270 543 3463 597 animo
3495 558 3759 599 exorsus

2127 639 2234 684 est.
2262 628 2552 699 Postquam
2583 631 2650 685 ad
2678 631 3063 701 imperatorem
3094 635 3363 702 pervenit,
3401 642 3463 688 et
3496 637 3755 687 eoulicta

2130 720 2198 774 ab
2256 722 2465 775 aemulis
2504 722 2818 777 criminatio
2866 722 3116 779 veritatis
3167 707 3455 790 luce,'sed
3506 721 3761 777 Niconis

2132 810 2365 864 maxime
2387 810 2659 880 precibus,
2695 813 2943 868 discussa
2986 822 3089 877 est,
3142 813 3410 881 majorem
3468 814 3760 882 deincgs

2130 901 2273 968 apud
2335 899 2717 970 imperatorem
2785 903 3040 971 gratiam,
3100 903 3393 973 ampliores
3471 903 3760 958 honores»

2130 990 2358 1060 gloriam
2386 1000 2441 1047 et
2471 991 2673 1047 famam
2701 994 2932 1063 adeptus
2961 1003 3065 1062 est,
3091 994 3227 1050 adeo
3255 1005 3313 1050 ut
3335 995 3681 1065 principem
3708 997 3758 1048 ia

2129 1090 2321 1135 senatu
2363 1082 2540 1137 locum
2562 1083 2848 1139 obtineret.

2202 1170 2342 1227 XIII.
2403 1171 2700 1229 Transacto
2750 1185 2876 1244 post
2924 1175 3039 1231 lucc
3086 1184 3332 1244 tempore
3378 1190 3497 1232 non
3552 1176 3751 1238 brevi.

2130 1275 2254 1315 cum
2286 1259 2592 1318 Malacenus
2616 1263 3085 1334 Constantinopoli
3125 1265 3304 1320 adhuc
3337 1275 3523 1328 esset,
3556 1265 3749 1320 Nicon

2132 1354 2197 1409 ad
2224 1353 2585 1409 immortalem
2605 1357 2929 1425 beatamque
2948 1365 3152 1412 sortem
3176 1348 3416 1414 transiit.
3458 1357 3633 1424 Quod
3665 1359 3757 1411 ille

2130 1462 2254 1503 cum
2277 1448 2598 1517 accepisset,
2629 1459 2685 1505 et
2704 1448 2913 1505 dulcem
2941 1448 3088 1503 illam
3122 1465 3272 1520 spem
3331 1466 3444 1520 qua
3482 1450 3750 1506 Iutarum

2131 1551 2196 1594 ex
2228 1536 2345 1605 ejus
2373 1538 2556 1593 verbis
2595 1553 2700 1594 non
2733 1539 3028 1605 dubitarat,
3064 1550 3125 1594 ut
3151 1540 3443 1610 optabilem
3474 1540 3603 1608 ejus
3641 1541 3754 1593 vui»

2135 1638 2246 1685 tum
2276 1629 2561 1698 aspiceret,
2596 1629 2700 1684 sibi
2739 1629 3139 1699 quodammodo
3162 1640 3403 1700 ereptam
3442 1632 3699 1685 sentiret
3734 1649 3749 1683 :

2134 1723 2480 1776 vehementer
2526 1721 2648 1791 angi
2708 1722 2911 1786 animo,
2969 1721 3244 1791 variisque
3299 1722 3749 1791 cogitationibus

2131 1822 2362 1868 aestuare
2400 1813 2587 1883 coepit,
2617 1826 2837 1883 gravem
2886 1819 3148 1880 pmterea
3172 1813 3338 1867 vitam
3368 1814 3605 1877 ducere,
3640 1811 3749 1867 uid

2132 1908 2275 1974 quod
2309 1904 2395 1958 ille
2423 1904 2748 1974 promiserat
2778 1902 2965 1972 perﬁci
3006 1902 3236 1957 videret.

2203 1995 2322 2051 XX.
2345 1995 2478 2051 Fide
2502 1996 2668 2066 igitur
2688 1994 3044 2050 continuatus
3066 1994 3265 2064 (neque
3294 1992 3436 2047 enim
3468 1993 3628 2048 illius
3646 2009 3741 2045 ex-

2132 2103 2258 2157 pers
2276 2098 2395 2144 erat
2420 2087 2681 2155 scientiae,
2707 2102 2812 2157 qua
2840 2087 3094 2158 cognosci
3124 2085 3219 2140 Dei
3248 2084 3509 2155 mysteria
3536 2070 3745 2139 solentl

2131 2181 2259 2251 quid
2289 2180 2430 2251 agit?
2471 2194 2579 2249 quo
2608 2194 2667 2234 se
2694 2178 2996 2234 convertit?
3028 2176 3297 2234 Pictorem
3321 2177 3585 2243 advocat,
3620 2186 3742 2232 arte

2133 2289 2407 2344 manuque
2442 2272 2734 2342 insignem,
2764 2280 2820 2324 et
2858 2269 3034 2341 qualis
3074 2268 3284 2336 habitu,
3318 2278 3492 2333 veste,
3523 2268 3738 2338 capillis

2130 2372 2353 2418 sanctus
2376 2363 2584 2429 fuisset,
2616 2362 2794 2416 verbis
2820 2362 3066 2431 designat
3101 2377 3115 2413 :
3154 2369 3268 2415 tum
3290 2360 3431 2430 aptis
3452 2361 3736 2415 coloribus

2132 2456 2183 2508 in
2236 2454 2419 2510 tabula
2449 2464 2618 2508 totam
2652 2453 2769 2523 ejus
2832 2452 3120 2521 imaginem
3149 2451 3383 2521 exprimi
3409 2451 3598 2522 jubet.
3630 2450 3737 2506 Re.

2131 2557 2322 2598 versus
2378 2544 2596 2597 domum
2658 2542 2855 2613 pictor,
2918 2554 3096 2609 operte
3163 2539 3513 2609 pretiumque
3583 2550 3732 2595 ratus

2129 2636 2269 2704 quod
2292 2634 2479 2705 jussus
2511 2635 2706 2700 fuerat,
2731 2648 2890 2704 quam
2918 2632 3325 2689 accuratissime
3379 2642 3577 2702 posset
3631 2647 3731 2687 ex-

2128 2728 2279 2795 sequi
2320 2747 2333 2782 :
2360 2737 2480 2797 post
2523 2727 2702 2782 varios
2729 2736 2980 2791 conatus,
3006 2727 3201 2781 frustra
3233 2724 3447 2780 tandem
3472 2740 3543 2781 se
3578 2726 3725 2781 labo-

2129 2831 2251 2872 rare
2281 2817 2660 2872 animadvertit
2698 2835 2713 2872 :
2754 2832 2853 2872 nec
2877 2817 3021 2885 enim
3068 2831 3130 2870 ex
3156 2815 3264 2869 sola
3300 2816 3624 2872 narratione
3640 2831 3732 2886 po-

2129 2915 2285 2973 terat,
2310 2909 2558 2977 quamvis
2597 2907 2965 2978 peritissimus
2998 2908 3132 2961 artis
3149 2915 3205 2960 et
3230 2907 3729 2963 exercitatissimis

2051 3031 2097 3094 ο
2125 3009 2294 3062 esset,
2325 3014 2484 3068 quem
2520 3014 2795 3069 nunquam
2822 2998 3055 3064 viderat,
3083 2998 3150 3052 ad
3182 3011 3367 3052 veram
3402 2998 3728 3054 similitudi~

2126 3103 2250 3145 nem
2274 3088 2597 3159 exprimere.
2638 3089 2698 3144 In
2732 3090 2832 3145 hac
2868 3089 3035 3159 igitur
3081 3102 3213 3145 cura
3249 3091 3521 3150 versanti,
3566 3091 3729 3145 vehe-

2127 3190 2441 3251 menterque
2473 3182 2698 3249 dolenti,
2743 3182 2883 3251 quod
2934 3182 3048 3237 oris
3089 3181 3420 3237 lineamenta
3466 3182 3726 3252 efﬁngere

2127 3290 2232 3330 non
2273 3282 2473 3344 posset,
2505 3285 2632 3330 ante
2670 3274 2855 3330 oculos
2905 3281 3128 3346 repente
3157 3275 3373 3330 exstitit
3421 3277 3724 3332 monachus

2126 3366 2370 3436 quidam,
2403 3367 2494 3436 qui
2525 3368 2578 3421 in
2634 3368 2775 3422 aedes
2805 3366 2945 3422 clam
2990 3375 3326 3435 penetrarat,
3354 3375 3571 3421 statura
3602 3382 3721 3437 pro-

2129 3471 2302 3518 cerus,
2336 3458 2520 3512 habitu
2551 3459 2846 3525 eremitico,
2883 3458 3124 3513 obsoleta
3164 3466 3316 3513 veste
3343 3458 3604 3523 amictus,
3639 3474 3725 3510 co-

2128 3561 2212 3600 ma
2258 3546 2535 3616 squalens,
2591 3548 2855 3614 capillitio
2897 3548 3173 3618 barbaque
3224 3547 3401 3616 niger.
3455 3547 3505 3601 in
3553 3548 3725 3602 omni.

2127 3638 2228 3693 bus
2251 3638 2481 3708 denique
2511 3638 2669 3694 beato
2725 3641 2841 3694 viro
2882 3638 3189 3695 simillimus
3223 3656 3237 3693 :
3270 3653 3391 3693 nam
3427 3647 3484 3693 et
3513 3637 3724 3708 virgam

2130 3746 2288 3785 manu
2314 3732 2533 3802 gerebat
2561 3731 2715 3800 cujus
2749 3747 2886 3802 apex
2930 3732 2983 3787 in
3014 3746 3232 3787 crucem
3277 3730 3594 3786 desinebat.
3627 3731 3724 3794 Qui

2131 3820 2335 3889 pictore
2377 3822 2605 3875 comiter
2662 3822 2899 3876 salutato
2937 3822 3192 3877 mteroris
3229 3819 3725 3889 sollicitudinisquc

2128 3926 2346 3965 causam
2401 3911 2712 3966 sciscitatus
2761 3921 2868 3966 est.
2913 3911 3007 3965 Ille
3051 3925 3181 3965 vero
3223 3920 3280 3966 et
3335 3926 3557 3965 causam
3602 3926 3723 3964 mox

2129 4004 2362 4073 aperuit,
2407 4013 2459 4058 et
2496 4003 2679 4073 operis
2708 3996 3080 4058 diﬂicttltat'em
3122 4003 3534 4059 demonstravit.
3588 4003 3722 4058 Tum

2130 4095 2237 4151 leni
2262 4096 2327 4149 ad
2363 4110 2485 4149 eum
2534 4110 2665 4151 voce
2714 4098 3015 4151 monachus
3079 4095 3228 4163 :Me,
3268 4096 3464 4166 inquit,
3514 4098 3721 4165 aspice.

2131 4188 2319 4255 frater,
2345 4188 2472 4242 mibi
2493 4202 2586 4256 per
2609 4187 2791 4242 omnia
2811 4188 3004 4242 similis
3034 4198 3137 4253 est,
3160 4204 3339 4257 quem,
3358 4187 3629 4257 depingis.
3660 4188 3718 4241 Ut

2131 4294 2257 4347 ergo
2286 4279 2466 4333 acrius
2492 4279 2544 4333 in
2568 4278 2715 4332 illmn
2744 4279 2931 4333 oculos
2962 4279 3194 4333 intendit
3224 4280 3421 4348 pictor,
3471 4278 3716 4346 penitus-

441 4349 578 4411 Tu’m
601 4359 800 4413 eximia
827 4361 1061 4429 quadam
1103 4364 1153 4418 vi
1194 4364 1475 4421 charitatis
1514 4384 1711 4423 mensa:
1736 4371 1896 4426 simul
1925 4387 2015 4427 ac-
2049 4367 2094 4423 D
2124 4381 2230 4436 que
2259 4366 2663 4436 circumspexit.
2722 4367 2869 4421 illum
2918 4368 3093 4438 ipsum
3137 4383 3257 4423 esse
3286 4369 3525 4437 θὲιιυνίιο
3556 4384 3713 4431 Qum

442 4450 671 4515 cubans,
727 4460 781 4506 et
834 4452 1033 4508 laetitia:
1081 4456 1356 4524 poculum,
1412 4472 1510 4512 ceu
1564 4462 1831 4528 poeticum
1879 4462 2025 4517 illum

440 4532 717 4613 Cygeona,
779 4543 1044 4599 malorum
1092 4548 1337 4601 omnium
1391 4549 1713 4603 oblivionem
1775 4557 2025 4611 maerenti

440 4635 761 4703 propinans,
799 4637 1076 4689 oraculum
1110 4632 1587 4708 atljecitzllegiam
1637 4640 1816 4707 potius
1864 4643 2028 4699 bene-

442 4725 735 4779 volentiam
790 4720 1130 4796 adepturum,
1196 4728 1362 4785 vitam
1415 4740 1663 4788 anteacta
1726 4734 2022 4791 beatiorem

440 4824 710 4883 acturum,
735 4815 956 4873 altiores
987 4819 1053 4873 ad
1081 4821 1344 4875 bonorum
1366 4820 1561 4891 gradus
1580 4839 2025 4893 conscensurum,

439 4900 507 4960 de
535 4906 682 4960 omni
707 4906 936 4977 denique
957 4910 1201 4965 molestia
1232 4920 1287 4965 et
1309 4911 1617 4967 calamitate
1649 4914 2011 4982 triumphatu-

438 5014 559 5053 rum
585 5016 599 5052 :
626 5008 679 5053 et
706 5014 811 5065 mc,
841 5001 1037 5071 inquit,
1059 5000 1287 5067 videbis,
1312 5013 1368 5057 et
1394 5004 1448 5058 in
1469 4990 1696 5073 patriam
1724 5005 1825 5060 sub
1853 5006 2013 5061 linem

441 5090 565 5143 vitm
598 5092 909 5146 reverteris.
938 5090 1068 5145 Nam
1100 5101 1155 5146 et
1181 5092 1297 5148 hate
1324 5107 1537 5164 quoque
1563 5093 1730 5149 Nicon
1752 5096 1832 5166 (ut
1857 5112 2021 5166 supra

441 5178 651 5234 dictum
688 5179 794 5252 est)
841 5196 870 5235 a
927 5180 1089 5236 Patre
1138 5178 1400 5237 luminum
1419 5184 1591 5253 gratia
1612 5195 1837 5240 ornatus
1879 5196 2020 5251 erat,

444 5280 501 5324 ut
529 5270 707 5325 futura
733 5286 888 5339 atque
918 5286 983 5326 ac
1012 5269 1301 5341 praesentia
1347 5273 1668 5342 praevideret
1695 5275 1872 5347 Atque
1900 5292 2021 5332 om-

444 5363 532 5415 nia
572 5378 724 5431 sane,
754 5373 810 5415 ut
838 5363 1191 5433 praedixerat,
1216 5372 1542 5418 evenerunt.

516 5452 702 5514 XVIII.
742 5454 1051 5515 Malacenus
1094 5474 1223 5530 ergo
1256 5466 1511 5528 tanquam
1567 5474 1594 5512 a
1624 5458 1938 5530 prophetica
1966 5470 2021 5517 et

519 5638 592 5708 (Β)
616 5639 813 5694 Baron.
846 5639 910 5693 ad
933 5655 1017 5694 an.
1047 5638 1169 5695 995.

2125 4457 2430 4510 Malacenus
2460 4457 2637 4510 verbis
2666 4457 2997 4527 designaret.
3053 4457 3232 4523 Quare
3257 4459 3328 4511 ad
3358 4456 3607 4511 tabulam
3641 4474 3717 4510 re-

2124 4550 2315 4613 ﬂexus,
2370 4557 2427 4601 ut
2476 4558 2821 4617 conspectam
2877 4548 3109 4603 formam
3165 4550 3494 4614 imitaretur,
3524 4564 3557 4603 o
3606 4566 3717 4603 rent

2124 4636 2541 4692 admirandam!
2603 4653 2813 4693 sacram
2851 4649 2933 4693 ter
2983 4640 3122 4694 beati
3173 4639 3400 4711 eﬂigiem
3452 4640 3503 4693 in
3535 4639 3718 4694 tabula

2122 4729 2236 4784 suis
2286 4729 2626 4791 lineamentis
2692 4741 2881 4798 suapte
2932 4746 3242 4798 expressam
3296 4740 3493 4801 sponte
3547 4731 3718 4793 videt,

2122 4834 2358 4889 cumque
2389 4820 2646 4876 miraculo
2673 4821 3080 4892 obstupefactus
3117 4822 3183 4876 ad
3214 4833 3463 4877 sanctum
3512 4824 3714 4887 subito,

2126 4910 2288 4981 Kyrie
2317 4910 2518 4966 eleison
2580 4926 2701 4965 cum
2736 4912 2959 4968 horrore
2987 4913 3312 4976 inclamans,
3347 4928 3406 4967 se
3440 4914 3719 4977 vertisset,

2128 5001 2273 5055 illum
2305 5002 2533 5069 amplius
2557 5016 2667 5056 non
2701 5001 2854 5057 vidit.
2896 5003 3014 5057 Jam
3057 5004 3200 5059 cnim
3236 5004 3569 5059 avolaverat.
3607 5002 3718 5057 Ita-

2118 5109 2225 5161 que
2255 5093 2319 5147 atl
2352 5093 2676 5148 delineatam
2720 5095 2978 5150 divinitus
3026 5094 3257 5149 formam
3310 5094 3519 5163 reliqua
3563 5096 3718 5149 colo-

2122 5200 2237 5240 rum
2271 5183 2540 5254 pigmenta
2564 5184 2844 5254 adjicicns,
2871 5186 3166 5256 perfectam
3189 5187 3503 5256 imaginem,
3533 5188 3716 5256 qualis

2121 5277 2383 5347 hodieque
2441 5279 2495 5332 in
2551 5293 2708 5333 sacro
2754 5279 2897 5333 beati
2942 5280 3139 5349 templo
3170 5293 3439 5349 suspensa
3491 5278 3713 5343 visitur,

2117 5373 2367 5427 omnibus
2402 5373 2644 5428 numeris
2678 5373 2912 5428 absolvit
2934 5414 2948 5437 ,
2997 5375 3290 5444 statimque
3321 5374 3389 5427 ad
3431 5372 3712 5443 spectabio

2119 5462 2225 5517 lem
2274 5461 2606 5520 Malacenum
2637 5481 2757 5520 cum
2790 5465 2877 5521 illa
2906 5480 3204 5536 properans
3247 5482 3262 5522 :
3298 5463 3478 5519 omnia
3522 5464 3618 5529 illi,
3652 5471 3709 5559 ut
