4012 6214
317 250 428 318 935

1763 312 1769 317 .
1847 257 2047 321 νιΤΑ.

3485 265 3591 334 986

321 363 660 429 acciderant,
693 361 887 429 ordine
941 362 1271 432 percensuit.
1326 363 1531 431 Quibus
1560 365 1651 423 ille
1683 367 1902 433 auditis,
1933 372 1982 429 Δ
2007 366 2200 424 extulit
2226 408 2242 435 ,
2279 382 2398 436 qua:
2428 367 2589 425 hodie
2634 374 2939 438 spectatur,
2968 381 3024 423 et
3056 374 3377 438 praclarum
3413 377 3588 434 άίνίηί

318 473 442 514 cum
495 471 561 511 ex
596 454 778 511 oblata
821 455 1018 524 pictori
1069 454 1291 512 Niconis
1331 458 1529 527 specie,
1594 474 1663 515 ne
1707 459 1761 514 in
1810 458 1912 515 hac

318 551 540 621 quidem
602 556 760 619 parte
808 549 1026 603 inanem
1090 547 1258 604 fuisse
1310 548 1428 619 ejus
1479 552 1910 619 przedictionem,

296 644 825 708 ianimadverleret,
871 641 1074 711 ingenti
1123 642 1320 710 gaudio
1372 643 1649 712 perfusus,
1686 643 1913 698 mirabi-

322 738 458 792 lium
512 736 604 791 Dei
657 748 887 805 operum
939 733 1149 797 laudes,
1188 744 1243 788 et
1283 744 1551 803 quantum
1607 750 1638 789 a
1697 735 1910 803 Spiritu

321 837 514 885 sancto
576 826 808 898 gratiam
860 826 1089 879 sortitus
1146 822 1317 878 Nicon
1366 834 1548 890 esset,
1612 825 1912 895 praedicare

324 934 603 990 nunquam
642 916 851 974 destitit
884 932 898 971 :
936 914 1031 969 sed
1073 913 1335 968 Malaceni
1365 914 1602 984 quidem,
1649 924 1705 971 et
1741 928 1912 971 sacra:

323 1004 576 1081 imaginis
618 1007 844 1064 historia
874 1006 955 1062 sic
992 1020 1051 1061 se
1086 1004 1271 1059 habet.

396 1101 539 1156 XXI.
584 1099 743 1155 Venit
795 1097 1161 1154 cubicularius
1204 1098 1421 1167 quidam
1466 1098 1536 1153 ab
1582 1098 1912 1167 imperatore

327 1195 480 1251 aurei
522 1194 711 1251 tributi
744 1207 909 1248 causa
955 1192 1192 1246 missus:
1221 1192 1336 1261 qui,
1383 1200 1443 1246 ut
1484 1191 1727 1260 pecuniae
1794 1198 1911 1245 tur-

331 1288 521 1357 pisque
560 1286 694 1341 lucri
728 1284 1055 1354 pemupidus
1094 1292 1234 1350 erat,
1284 1298 1507 1351 magnas
1546 1297 1667 1337 eum
1700 1282 1912 1337 eazteris

330 1379 537 1433 civibus
583 1385 695 1431 tum
749 1374 925 1431 sancti
978 1374 1031 1427 in
1079 1372 1273 1445 primis
1328 1373 1579 1428 emnobio
1630 1371 1912 1427 molestias

330 1468 639 1525 exhibebat.
673 1467 862 1523 Solent
913 1467 1057 1522 enim
1108 1465 1386 1520 civitatum
1431 1464 1656 1533 imperia
1692 1472 1747 1517 et
1783 1477 1912 1518 exa-

329 1563 541 1617 ctiones
573 1575 679 1616 non
729 1561 900 1629 aequis
931 1567 985 1613 et
1021 1558 1295 1628 benignis,
1329 1558 1424 1612 sed
1470 1556 1803 1622 durioribus,
1855 1563 1913 1609 ut

330 1656 641 1722 plurimum.
674 1662 731 1707 et
767 1649 1237 1707 inbumanioribus
1268 1648 1528 1717 delegari.
1561 1646 1784 1701 Frustra
1815 1661 1913 1699 au-

332 1754 440 1801 tem
477 1743 747 1807 monachi,
787 1743 982 1812 quibus
1023 1739 1138 1794 auri
1183 1738 1313 1794 nihil
1358 1748 1498 1804 erat,
1533 1736 1797 1790 immitem
1833 1736 1910 1791 fe-

332 1850 564 1905 rumque
588 1835 746 1890 linire
765 1833 1013 1905 precibus
1033 1830 1339 1897 studebant,
1363 1830 1453 1899 qni
1480 1844 1670 1882 aurmu
1696 1828 1910 1891 sitiens,

332 1926 478 1983 velut
531 1926 678 1994 aspis
724 1925 792 1979 ad
827 1921 1218 1979 incantantium
1270 1934 1428 1975 voces
1467 1916 1910 1983 obsurdescehat,

331 2029 386 2074 et
417 2028 675 2088 tanquam
700 2016 982 2085 spinarum
1029 2028 1224 2069 sonum
1265 2013 1366 2067 sub
1390 2009 1565 2066 lebete
1594 2008 1759 2082 [quod
1783 2009 1913 2063 scri-

330 2124 485 2181 ptum
520 2110 628 2183 est]
667 2111 850 2167 omnia
896 2108 1112 2163 illorum
1153 2106 1315 2161 verba
1347 2102 1753 2167 contemnebat,
1777 2102 1910 2171 quin

329 2211 388 2256 et
420 2200 658 2257 ferocius
681 2200 1031 2259 insolescens.
1076 2207 1197 2267 post
1242 2207 1456 2252 atroces
1490 2196 1664 2250 minas
1702 2194 1757 2249 in
1790 2208 1915 2248 ear-

331 2308 516 2348 cerem
551 2308 646 2348 eos
674 2291 901 2347 detrusit
927 2306 991 2344 ac
1021 2291 1412 2345 monasterium
1446 2290 1616 2358 ipsum
1671 2288 1915 2357 expilare

331 2384 739 2455 deprazdarique
780 2398 964 2438 vecors
990 2381 1376 2437 meditabatur.
1414 2378 1569 2446 Quod
1601 2380 1784 2435 ceteri
1818 2394 1916 2433 au-

333 2476 545 2530 dientes
565 2476 654 2545 qui
677 2474 729 2529 in
759 2490 825 2530 eo
858 2476 1270 2537 exercebantur,
1297 2472 1364 2526 ad
1388 2481 1636 2527 sanctum
1662 2473 1915 2542 precibus

331 2566 666 2622 exorandum
700 2580 760 2621 se
793 2574 1115 2621 convertunt
1146 2573 1577 2636 praesentemque
1604 2561 1721 2631 ejus
1753 2577 1915 2632 opem

332 2660 452 2713 sine
483 2672 634 2711 mora
661 2656 867 2725 experti
899 2665 1045 2710 sunt.

408 2746 576 2804 XXII.
610 2747 821 2802 Etenim
855 2747 1101 2815 proxima
1139 2755 1317 2810 nocte,
1349 2744 1546 2800 minaci
1579 2755 1741 2814 atque
1776 2742 1920 2798 indi-

334 2838 622 2909 gnabundo
653 2838 796 2893 vultu
821 2840 887 2892 ad
918 2836 1310 2892 cubicularium
1341 2836 1563 2890 veniens
1585 2842 1806 2890 sanctus
1827 2832 1920 2887 Ni-

334 2945 459 2995 con,
498 2929 682 2984 multis
722 2943 845 2983 eum
894 2927 1210 2982 verberibus
1255 2927 1488 2996 excepit.
1543 2926 1619 2981 Eo
1666 2926 1807 2995 quod
1848 2925 1921 2978 in-

1942 1709 1985 1764 Β

2015 460 2112 515 viri
2167 459 2451 515 consilium
2512 460 2874 530 pietatemque
2944 458 3107 516 tacito
3161 468 3428 531 praeconio
3498 468 3590 524 de.

2012 552 2203 608 clarat.

2084 641 2271 700 XXIII.
2301 643 2407 698 Sed
2435 642 2504 699 ad
2530 642 2750 712 impium
2772 643 3099 705 Antiochum
3121 647 3486 701 convertenda
3507 655 3592 701 est

2012 735 2206 789 oratio.
2242 733 2478 789 Praeerat
2515 733 2561 788 is
2593 733 2749 787 ducis
2783 743 3052 802 potestate
3116 735 3458 790 ethnicorum
3491 751 3591 791 re-

1998 822 2176 892 gioni.
2204 823 2278 878 Eo
2304 832 2482 879 autem
2513 824 2654 878 inter
2677 830 2869 878 caetera
2893 822 3016 877 vitae
3035 823 3230 893 ﬂagitia
3256 836 3596 893 processerat

2012 910 2285 976 amentiae,
2320 921 2379 967 ut
2425 913 2599 979 ipsum
2632 912 2778 967 beati
2820 920 3206 967 testamentum
3242 914 3443 969 violare
3487 930 3590 969 non

2013 1003 2301 1059 dubitaret.
2349 1003 2534 1072 Itaque
2578 1003 2859 1058 finitimum
2917 1005 3255 1059 ethnicorum
3298 1021 3406 1060 orae
3460 1021 3596 1075 prae-

2017 1096 2163 1150 dium
2196 1095 2480 1160 invadens,
2515 1093 2699 1149 sedem
2732 1095 2788 1147 in
2826 1111 2911 1160 eo,
2946 1098 3371 1153 reclamantibus
3405 1114 3594 1151 mona-

2012 1187 2152 1253 chis,
2190 1188 2585 1254 teutoriumque
2619 1188 2753 1242 Iixit.
2796 1187 2863 1243 Et
2886 1204 2952 1242 ne
2979 1190 3107 1258 quid
3136 1190 3329 1244 sceleri
3353 1192 3592 1254 deesset,

2014 1294 2138 1333 cum
2180 1279 2356 1334 locum
2405 1276 2624 1348 perfuso
2676 1278 3024 1332 circumcirca
3081 1296 3274 1336 cruore
3332 1283 3597 1336 contami—

2014 1379 2240 1435 nasset,
2297 1371 2510 1440 impuro
2584 1370 2638 1423 in
2690 1367 2967 1423 libidinum
3022 1383 3178 1423 coeno
3247 1370 3598 1438 nefandisque

2013 1461 2248 1534 flagitiis,
2279 1478 2376 1517 suo
2431 1462 2544 1518 illic
2597 1475 2748 1516 more
2796 1460 3162 1529 volutabatur,
3193 1462 3369 1531 quoad
3410 1463 3600 1531 dignus

2018 1554 2337 1610 temeritatis
2378 1568 2488 1609 suae
2536 1554 2745 1607 fructus
2798 1567 2827 1604 a
2865 1548 3068 1606 Sancto
3107 1556 3357 1622 percepit.
3393 1553 3441 1608 ls
3472 1570 3600 1624 ergo

2014 1661 2112 1716 per
2152 1655 2363 1701 noctem
2413 1644 2740 1700 formidabili
2803 1647 3057 1713 trucique
3099 1658 3197 1699 ore
3243 1645 3314 1699 illi
3374 1654 3601 1708 astans,

2013 1746 2134 1808 post
2165 1735 2451 1791 horribiles
2495 1734 2743 1790 incussos
2778 1743 3037 1798 terrores,
3077 1733 3353 1803 crueigero
3382 1734 3599 1788 demum

2014 1829 2207 1884 baculo
2226 1827 2367 1882 latus
2388 1826 2570 1882 lethali
2593 1826 2745 1896 plaga
2768 1824 3058 1896 percussit.
3081 1825 3197 1891 Qua
3219 1825 3451 1890 excitus,
3476 1840 3601 1878 cum

2012 1931 2298 1979 exeuntem
2341 1920 2625 1975 etentorio
2652 1932 3027 1989 percussorem
3065 1928 3325 1983 notasset,
3387 1916 3603 1970 famulis

2015 2016 2254 2086 quidem,
2280 2024 2340 2069 ut
2366 2028 2487 2069 eum
2511 2012 3055 2083 comprehenderent,
3073 2011 3236 2064 cruda
3257 2020 3312 2063 et
3338 2010 3602 2063 lamenta-

2014 2109 2049 2163 h
2071 2109 2106 2163 Ii
2124 2121 2256 2163 voce
2280 2104 2595 2175 imperabat,
2622 2118 2810 2158 verum
2830 2101 2903 2156 illi
2929 2101 3195 2155 neminem
3222 2099 3494 2153 videbant.
3521 2098 3595 2153 Ex

2015 2213 2122 2270 quo
2153 2200 2365 2253 demum
2394 2194 2516 2249 mali
2549 2196 2749 2249 fontem
2790 2193 2952 2247 miser
2990 2205 3309 2261 agnoscens,
3334 2187 3597 2242 Sanctum

2016 2290 2181 2346 fuisse
2212 2285 2567 2357 intelligebat,
2596 2284 2685 2353 qui
2726 2284 2921 2339 vulnus
2953 2282 3223 2337 inﬂixerat
3261 2281 3598 2335 invasoren-

2015 2396 2123 2452 que
2163 2394 2322 2434 suum
2355 2392 2421 2432 ex
2449 2375 2560 2431 suis
2593 2374 2813 2429 sedibus
2842 2373 3041 2442 pellere
3092 2372 3396 2441 satagebat.
3429 2370 3607 2436 Quare

2018 2486 2315 2541 conscenso
2341 2484 2463 2523 mox
2498 2482 2660 2535 equo,
2686 2465 3127 2519 Lacedaemonem
3160 2462 3460 2517 contendit.
3500 2460 3606 2514 Sed

2020 2565 2199 2621 stadia
2245 2563 2386 2617 haud
2414 2561 2647 2629 amplius
2690 2557 2906 2629 triginta
2938 2565 3314 2625 processerat,
3355 2569 3477 2607 cum
3514 2553 3609 2604 do-

2019 2654 2145 2711 loris
2178 2652 2478 2708 acerbitate
2507 2649 2701 2712 victus,
2720 2663 2786 2702 ex
2816 2662 2953 2714 equo
2986 2644 3341 2705 descendens,
3362 2643 3609 2696 mediain

2019 2749 2103 2802 via
2140 2744 2432 2813 turpiterin
2462 2758 2682 2798 suorum
2709 2740 2968 2794 manibus
2993 2738 3335 2793 exattimatus
3368 2736 3607 2799 interiit,

2022 2850 2187 2903 reque
2227 2835 2278 2889 in
2323 2848 2409 2896 eo,
2438 2833 2582 2901 quod
2616 2832 2667 2884 in
2716 2828 3029 2884 Proverbiis
3080 2825 3295 2895 legitur,
3340 2825 3613 2893 expletum

2022 2941 2136 2984 est:
2166 2928 2370 2981 Anima:
2390 2926 2694 2993 iniquorum
2715 2924 3013 2975 inamaturae
3032 2918 3295 2989 peribunt,
3318 2928 3363 2971 et
3380 2918 3612 2985 perversi

341 3021 531 3091 quiens
559 3018 704 3092 [ejus
749 3019 894 3073 enim
936 3017 1118 3073 verbis
1154 3018 1412 3071 utendum
1449 3015 1554 3087 est]
1602 3014 1918 3070 monasterii
1948 3042 1991 3097 α
2025 3022 2081 3073 in
2131 3027 2299 3071 mone
2332 3016 2602 3085 repentina
2631 3012 2814 3081 (Prov.
2850 3028 2932 3077 in,
2970 3026 3082 3065 sec.
3111 3007 3320 3077 gLXX.)
3362 3007 3613 3063 Miserum

339 3124 637 3178 curatores,
662 3106 791 3168 cum
817 3111 914 3180 ipsi
946 3109 1078 3165 nihil
1107 3108 1479 3178 deliquissent,
1505 3106 1736 3162 vinculis
1766 3121 1921 3160 man-

342 3207 533 3278 cipasti
586 3225 602 3258 :
647 3205 789 3274 quod
846 3203 948 3257 nisi
993 3216 1090 3257 eos
1132 3200 1315 3256 statim
1346 3198 1638 3263 exemeris,
1688 3198 1922 3253 acerbus

344 3307 601 3369 przeterea
636 3308 685 3351 te
716 3301 840 3350 tha
869 3294 1047 3349 exitus
1088 3300 1294 3347 manet.
1334 3290 1548 3345 Profuit
1593 3288 1831 3359 palatino
1856 3287 1921 3340 ad

342 3394 615 3450 saniorem
679 3399 914 3445 mentem
977 3389 1091 3442 haec
1143 3384 1379 3439 aﬂlictio.
1440 3382 1599 3438 Mane
1648 3382 1813 3451 igitur
1869 3389 1924 3434 et

345 3486 555 3543 vinctos
613 3482 802 3537 eduxit
857 3491 912 3534 et
968 3479 1035 3533 ad
1087 3475 1348 3546 templum
1391 3487 1708 3544 properans,
1755 3486 1925 3526 sacme

349 3579 518 3631 thecae
545 3573 825 3629 advolutus
854 3587 976 3627 cum
1007 3569 1263 3641 laerymis
1300 3566 1540 3622 audacia:
1575 3580 1686 3619 suae
1716 3563 1925 3618 veniam

349 3684 380 3722 a
432 3667 635 3723 Sancto
675 3664 856 3734 petiit,
920 3663 1279 3718 discessurum
1345 3656 1618 3727 extemplo
1662 3654 1927 3710 Lacedae-

350 3773 515 3817 mone
553 3759 895 3828 promittens,
934 3763 988 3809 et
1014 3752 1223 3809 civibus
1257 3767 1448 3807 aurum
1473 3749 1620 3820 quod
1648 3756 1926 3816 exegerat,

347 3852 691 3913 relicturum,
732 3848 877 3917 quod
905 3861 963 3901 re
993 3847 1104 3916 ipsa
1132 3848 1404 3916 prtestitit.
1435 3840 1572 3897 Nam
1635 3840 1817 3895 aureis
1845 3854 1930 3894 se-

351 3943 634 4017 ptuaginta
689 3937 1090 4013 [septingentis]
1116 3938 1326 3994 duobus
1378 3937 1445 3991 ad
1511 3933 1652 3989 beati
1696 3930 1930 3987 loculum

350 4036 602 4109 abjectis,
632 4049 944 4109 conscensoA
957 4048 1097 4102 equo
1122 4031 1370 4102 protinus
1408 4026 1692 4083 abscessit.
1724 4026 1929 4079 Aurum

351 4143 504 4199 ergo,
546 4125 640 4197 qui
672 4104 1005 4182 monasterio
1048 4132 1159 4178 tum
1201 4129 1452 4191 prteerat,
1486 4117 1935 4183 Constantinopo-

356 4196 447 4273 lim
472 4196 616 4274 misit
647 4217 714 4271 ad
745 4214 1111 4286 praepositum.
1137 4212 1189 4267 Is
1221 4226 1350 4266 vero
1384 4208 1647 4278 coemptis
1682 4209 1781 4261 hoc
1812 4196 1935 4274 pre-

357 4310 432 4364 tio
470 4308 641 4364 sacris
671 4306 959 4379 pyxidibus
998 4304 1225 4373 aliisque
1268 4301 1519 4372 pretiosis
1565 4298 1798 4352 vasculis
1831 4312 1935 4351 non

2023 3125 2184 3182 porro
2241 3108 2383 3163 illius
2442 3106 2677 3159 cadaver
2729 3102 2979 3172 Spartam
3035 3100 3314 3164 delatum,
3368 3096 3613 3167 sequenti

2024 3212 2180 3256 nocte
2208 3199 2290 3269 (ut
2322 3206 2580 3252 constans
2617 3194 2757 3247 fama
2799 3194 2903 3260 est)
2952 3190 3109 3260 ignis,
3147 3190 3410 3242 incertum
3452 3191 3615 3252 unde,

2024 3293 2075 3346 in
2111 3291 2343 3346 loculum
2378 3289 2710 3354 irrumpens,
2739 3294 3031 3350 utrumque
3058 3278 3218 3333 simul
3255 3278 3614 3345 consumpsit,

2025 3394 2079 3438 ct
2117 3384 2168 3437 in
2202 3383 2440 3435 cinerem
2480 3375 2707 3447 redegit.

2097 3475 2212 3529 Non
2253 3472 2431 3526 minus
2477 3466 2776 3538 pavendum
2806 3473 2890 3519 est
2918 3461 3061 3532 quod
3098 3458 3363 3527 sequitur.
3392 3454 3619 3510 Michael

2026 3567 2117 3622 ille
2172 3560 2647 3631 Chaerosphactes,
2717 3557 2800 3611 vir
2852 3553 3065 3611 scilicet
3124 3550 3391 3611 illustris,
3464 3546 3621 3600 nulli-

2028 3677 2133 3732 que
2152 3661 2294 3714 inter
2319 3654 2752 3712 Lacedtemonios
2775 3659 2989 3706 nostros
3020 3649 3246 3712 honore,
3275 3642 3466 3712 gloria,
3499 3639 3619 3709 opi-

2031 3758 2129 3812 bus
2159 3749 2465 3809 secundus:
2498 3747 2564 3800 ad
2589 3747 2702 3799 haec
2734 3741 3010 3804 facundia,
3039 3738 3236 3801 indole,
3266 3736 3462 3799 Iorma,
3493 3746 3620 3786 sua-

2034 3847 2197 3900 vitate
2232 3855 2476 3901 morum,
2522 3832 2785 3903 sapientia
2832 3830 3048 3896 aliaque
3090 3823 3240 3879 omni
3291 3822 3447 3874 laude
3480 3834 3620 3886 pra:-

2033 3944 2186 3989 stans
2217 3939 2362 3995 erat,
2397 3926 2532 3981 adeo
2566 3932 2626 3977 ut
2656 3922 2709 3976 in
2739 3933 2834 3974 ore
2862 3916 3111 3972 omnium
3139 3926 3260 3966 cum
3294 3908 3617 3964 suavissimo

2035 4041 2193 4082 sensu
2239 4028 2567 4077 versaretur.
2602 4015 2707 4069 Sed
2769 4024 2932 4080 quam
2981 4003 3195 4060 dillicile
3242 4010 3324 4055 est
3367 4002 3618 4054 hutuanre

2038 4128 2241 4172 naturae
2270 4111 2442 4167 hostis
2468 4108 2676 4163 insidiis
2710 4116 2985 4171 nunquam
3018 4094 3405 4157 succumbere,
3445 4101 3621 4145 recte-

2037 4225 2142 4279 que
2181 4210 2282 4260 iter
2316 4217 2486 4271 usquc
2526 4200 2594 4253 ad
2626 4197 2787 4251 finem
2828 4191 3091 4249 inoﬂeuso
3120 4186 3256 4257 pede
3291 4181 3627 4239 decurrere?

2041 4275 2269 4355 Pellexit
2294 4296 2377 4349 vir
2403 4286 2865 4359 incomparabilis,
2897 4295 2949 4337 et
2982 4280 3192 4336 invidia:
3215 4275 3335 4329 face
3362 4288 3627 4327 accensus

356 4401 565 4473 paucis,
586 4401 655 4457 ad
673 4366 1076 4456 monasterium
1114 4366 1297 4451 omnia
1327 4393 1535 4455 detulit,
1561 4408 1679 4461 quae
1701 4392 1765 4445 ad
1789 4391 1924 4444 hunc

2036 4400 2222 4447 contra
2272 4383 2655 4442 monaSterium
2688 4375 3032 4448 impudenter
3073 4371 3310 4433 exarsit,
3356 4366 3631 4422 levissimo

358 4508 532 4563 usque
559 4492 700 4548 diem
732 4490 916 4561 templi
982 4490 1168 4544 usibus
1210 4483 1589 4557 pereonunoda
1618 4490 1940 4545 cernuntur,

358 4595 415 4641 et
436 4583 778 4655 splendorem
801 4582 877 4637 illi
905 4596 1015 4635 non
1054 4594 1280 4649 parvum
1303 4578 1526 4641 addunt,
1552 4573 1719 4628 variis
1740 4570 1942 4640 alioqui

359 4686 416 4732 et
458 4674 689 4747 egregiis
741 4674 982 4729 omnium
1029 4685 1289 4742 generum
1339 4666 1673 4722 ornamentis
1718 4664 1941 4726 referto,

361 4781 494 4822 cura
536 4766 591 4820 in
640 4765 830 4835 primis
876 4763 1167 4833 studioque
1215 4759 1455 4831 ejusdem
1504 4755 1798 4827 praepositi.
1850 4753 1945 4808 llic

363 4857 507 4913 enim
540 4857 625 4911 vir
657 4857 891 4925 Optimus
919 4864 971 4910 et
1005 4849 1598 4924 magnificentissimus,
1629 4847 1812 4902 divino
1829 4846 1947 4901 zelo

364 4965 686 5016 succensus,
716 4964 932 5005 omnem
964 4963 1186 5016 operam
1224 4946 1423 5017 posuit,
1464 4952 1524 4997 ut
1571 4940 1751 5007 templi
1796 4951 1947 4993 vetu-

366 5058 565 5101 statem
610 5049 950 5115 abstergeret
981 5043 1208 5115 ejusque
1239 5041 1476 5111 speciem
1538 5034 1756 5106 penitus
1797 5048 1953 5090 reno-

364 5149 544 5201 varet,
591 5137 733 5205 quod
757 5145 813 5191 et
834 5135 1077 5190 donariis
1103 5132 1294 5189 deinde
1334 5125 1749 5200 quamplurimis
1779 5123 1947 5185 auxit,

366 5228 744 5283 columnarum
786 5224 1017 5292 fulgore,
1068 5223 1359 5294 politorum
1395 5217 1634 5287 lapidum
1677 5212 1951 5269 coloribus

368 5323 554 5389 variis,
593 5323 1039 5391 picturarumque
1073 5316 1647 5391 prmstantissimarum
1690 5309 1951 5363 varietate

367 5415 786 5476 condecoravit,
820 5416 1119 5483 porticibus
1160 5414 1322 5468 etiam
1356 5420 1411 5465 et
1456 5404 1737 5462 vestibulis
1782 5401 1956 5474 gradi-

371 5508 582 5574 busque
618 5504 997 5559 circumcinxit
1032 5522 1046 5558 :
1084 5504 1150 5557 ad
1195 5516 1316 5558 eam
1368 5498 1600 5567 denique
1634 5492 1949 5565 dignitatem

448 5691 465 5720 ⁶
492 5688 652 5743 i‘rov.
690 5703 776 5753 tu,
806 5702 916 5740 sec.
947 5682 1107 5739 LXX.

2040 4481 2318 4553 cujusdam
2369 4476 2485 4547 agri
2528 4481 2821 4544 praetextu,
2861 4481 3021 4537 quem
3065 4463 3262 4517 lasdere
3311 4448 3632 4514 monasterii

2043 4548 2236 4646 pecora
2252 4570 2590 4627 dicebautur.
2610 4562 2750 4631 Ergo
2763 4560 2986 4616 collecta
3006 4554 3434 4610 facinorosorum
3461 4548 3634 4603 homi-

2045 4683 2171 4722 num
2200 4680 2385 4724 manu,
2417 4675 2540 4716 cum
2564 4657 2630 4711 ad
2657 4656 2834 4710 locum
2856 4653 3121 4713 venisset,
3151 4646 3385 4718 primum
3416 4640 3633 4711 quidem

2044 4756 2320 4812 Zosimum
2359 4750 2681 4806 monachum
2726 4743 2883 4798 anuis
2917 4754 3167 4812 gravem,
3193 4738 3281 4807 qui
3316 4729 3635 4788 monasterii

2046 4863 2133 4903 res
2162 4843 2504 4916 procurabat,
2532 4836 2664 4891 nihil
2695 4835 2812 4902 ejus
2843 4846 3033 4895 canos,
3062 4843 3162 4884 nec
3198 4828 3454 4881 virtutem
3498 4820 3639 4874 veri-

2050 4950 2167 5001 tus,
2195 4943 2345 4990 veste
2373 4946 2470 4986 sua
2496 4927 2782 4999 spoliatum
2827 4934 2991 4990 atque
3040 4920 3095 4972 in
3159 4928 3360 4972 terram
3395 4919 3642 4984 prostra-

2052 5040 2185 5093 tum,
2219 5024 2411 5097 pugnis
2442 5020 2783 5086 fustibusque
2831 5015 2902 5068 ita
2931 5009 3169 5070 vexavit,
3202 5016 3260 5059 ut
3293 5015 3502 5058 tantum
3535 5014 3642 5053 nou

2048 5094 2413 5178 exanimatum
2439 5112 2750 5181 reliquerit;
2789 5106 2983 5164 deinde
3029 5102 3435 5174 Syracusanum
3484 5094 3637 5149 illum

2054 5212 2369 5285 Dionysium
2394 5204 2812 5263 imitari-volens
2832 5246 2847 5270 ,
2875 5204 2927 5256 in
2958 5207 3201 5272 agrestes
3229 5194 3396 5248 etiam
3446 5204 3640 5258 operas

2056 5284 2391 5372 famulosque
2411 5300 2602 5355 saevire
2630 5296 2876 5367 parabat,
2895 5292 2996 5347 nisi
3024 5291 3147 5358 fuga
3178 5284 3337 5340 saluti
3368 5297 3478 5337 suac
3511 5295 3643 5335 con-

2059 5395 2371 5450 suluissent.
2392 5390 2529 5445 Tum
2550 5403 2678 5445 vero
2712 5382 3027 5441 monasterii
3051 5393 3139 5434 res
3162 5390 3353 5434 omnes
3379 5373 3643 5445 Nysorum

2061 5488 2255 5560 praeda:
2285 5486 2554 5555 exposuit,
2589 5498 2694 5538 non
2729 5478 2899 5536 caulis
2950 5473 3102 5546 ipsis,
3153 5479 3518 5543 pecorumque
3556 5477 3643 5518 se-
