4012 6214
401 190 507 255 987

1622 182 2034 247 ΤΗΕΟΒΟΞΙΙ
2105 186 2371 247 DIACON
2389 182 2409 246 ί

3490 227 3497 234 ο
3560 175 3671 247 (id?

405 278 511 382 ptis
541 325 790 381 parcens,
814 312 1013 380 Quibus
1034 306 1193 360 etiam
1229 303 1471 359 lianunas
1495 304 1742 372 subjecit,
1768 307 1977 374 nequid
2012 312 2055 367 Α
2086 318 2287 369 nostra,
2324 318 2546 374 pravum
2576 302 2865 367 (ictumque
2900 292 3131 351 hominis
3155 294 3391 351 animum
3416 301 3668 359 intuens.

402 408 545 458 esset
572 416 677 469 quo
698 403 799 465 tegi
824 409 999 464 capue
1034 410 1270 462 ovesque
1302 407 1354 448 et
1375 412 1403 446 a
1429 394 1604 449 furum
1625 395 1734 450 fera
1746 413 1969 465 rumque

403 493 611 547 insidiis
656 484 865 539 defendi
913 493 1148 552 possent.
1201 486 1273 537 Ita
1323 486 1571 550 demum,
1617 488 1768 556 quasi
1816 499 1968 556 parta

400 574 646 638 victoria,
678 581 868 636 ovans,
896 571 947 624 in
974 588 1112 640 equo
1137 574 1302 627 miser
1328 574 1653 638 exsultabat,
1672 588 1792 627 cum
1819 575 1969 629 subi-

411 678 518 720 tam
547 667 706 719 illata:
745 676 931 719 sancto
954 665 1162 734 injuriae
1192 668 1480 720 vindictam
1510 678 1898 736 expertus'est.

474 752 659 811 XXIV.
698 756 863 811 Nocte
886 758 1146 820 insecuta,
1182 760 1435 823 terribili,
1461 770 1517 813 ut
1550 761 1601 813 iu
1633 762 1715 814 his
1740 762 1968 825 solebat,

400 858 621 916 aspectu
652 849 938 902 dormienti
976 860 1194 904 sanctus
1217 850 1384 905 Nic-ou
1426 866 1484 905 se
1524 852 1738 918 objicit,
1766 854 1973 922 gravis-

399 939 660 1007 simisque
705 950 759 993 et
812 942 1095 995 acerrimis
1123 944 1299 995 verbis
1342 944 1668 1011 increpans:
1702 942 1840 1010 Quid
1874 945 1969 999 tibi

406 1046 638 1096 meeum,
680 1033 777 1096 ait,
831 1044 892 1087 ut
925 1044 1131 1087 tantmn
1187 1036 1429 1088 audaciae
1460 1036 1762 1104 furorisque
1787 1040 1971 1091 conci-

401 1138 548 1191 pere,
585 1133 639 1178 et
662 1134 848 1179 contra
881 1140 976 1179 nos
1026 1126 1301 1195 Deumque
1356 1129 1528 1196 ipsum
1559 1128 1839 1198 insurgere
1866 1144 1969 1181 non

403 1214 770 1269 formidares?
797 1212 902 1270 Sed
928 1216 1165 1268 diuturni
1198 1217 1517 1285 arrogantiae
1560 1217 1714 1286 hujus
1746 1227 1972 1271 conatus

406 1320 508 1358 non
547 1316 727 1371 erunt,
775 1306 1085 1374 sentiesque
1109 1309 1323 1360 tandem
1364 1310 1506 1361 haud
1535 1308 1825 1374 optabilem
1859 1309 1976 1361 esi-

403 1404 514 1448 tum
540 1395 673 1459 fore,
711 1411 774 1450 ac
800 1397 1011 1451 docebit
1054 1398 1386 1463 experientia
1430 1410 1686 1466 quantum
1730 1402 1856 1454 mali
1904 1402 1976 1454 sit

405 1486 702 1550 temeritas,
731 1496 785 1539 et
810 1486 1041 1554 projecta
1067 1488 1117 1539 in
1143 1487 1306 1541 Deu~u
1360 1490 1583 1558 ejusque
1606 1502 1792 1546 servos
1824 1508 1976 1545 arru-

404 1576 623 1643 gantia;
663 1586 824 1644 atque
868 1578 951 1631 his
985 1578 1143 1632 dictis
1192 1582 1433 1633 recessit.
1488 1578 1798 1635 Michaelem
1846 1596 1976 1636 vero

406 1664 785 1718 ardentissima
823 1666 967 1720 illico
998 1668 1164 1722 febris
1192 1669 1470 1733 invasit,et
1500 1687 1620 1726 cum
1651 1671 1798 1731 febre
1824 1687 1983 1742 para-
2018 1650 2056 1703 Β

406 1753 556 1823 lysis.
584 1754 661 1809 Ita
698 1758 915 1812 domum
952 1759 1173 1824 relatus,
1200 1773 1425 1815 mortem
1450 1765 1822 1832 exspectabat.
1845 1764 1981 1819 Cum

407 1846 601 1901 iterum
638 1848 737 1917 ipsi
773 1857 1024 1918 tanquam
1059 1852 1110 1902 itt
1158 1856 1353 1907 mentis
1386 1868 1607 1909 excessu
1645 1856 1856 1911 oblatus
1891 1855 1987 1908 Ni.

407 1949 531 1997 con.
564 1938 919 1991 succensebat
941 1953 1121 2004 porro,
1141 1940 1439 2010 eademque
1459 1958 1579 1997 cum
1606 1944 1767 1999 minis
1789 1958 1986 2013 estpro—

408 2025 617 2079 brabat.
661 2024 815 2082 Unde
857 2029 923 2083 ad
965 2033 1398 2102 consanguineos
1434 2035 1523 2101 qui
1556 2036 1817 2096 aderant,
1850 2050 1979 2087 ron-

408 2130 634 2169 versus:
663 2116 780 2171 Non
805 2120 1017 2182 videtis,
1051 2124 1143 2185 ait,
1172 2126 1491 2179 monachum
1520 2125 1704 2190 istum,
1729 2129 1817 2195 qui
1850 2127 1983 2181 mihi

408 2204 525 2255 dira
550 2206 730 2260 omnia
751 2207 1065 2264 minitatur?
1087 2210 1221 2267 Tum
1240 2215 1433 2282 expelli
1462 2224 1516 2269 et
1543 2214 1689 2287 abigi
1736 2232 1861 2274 eum
1900 2234 1985 2273 ro-

410 2294 572 2359 gabat
603 2303 767 2362 atqtte
791 2296 1036 2365 jubebat.

481 2380 647 2435 XXV.
693 2381 885 2439 Verum
926 2387 1035 2450 illi,
1077 2389 1201 2457 quia
1234 2393 1502 2446 neminem
1534 2396 1815 2460 vldebant,
1872 2412 1986 2450 am-

410 2472 550 2540 plius
590 2476 964 2534 morabantur.
1009 2480 1171 2535 Paulo
1211 2494 1330 2551 post
1373 2500 1493 2538 cum
1537 2489 1603 2541 ad
1637 2503 1697 2547 se
1750 2490 1980 2556 quodam

414 2564 573 2618 modo
604 2568 887 2635 rediisset,
933 2585 997 2625 ex
1036 2574 1312 2642 utriusque
1344 2577 1440 2629 visi
1484 2580 1814 2647 argumentis
1857 2581 1982 2635 mali

412 2657 494 2710 sui
526 2673 743 2714 causam
780 2665 1126 2732 coniectans,
1170 2667 1456 2721 stultitiam
1495 2684 1645 2723 suam
1692 2674 1984 2739 reprehen-

414 2749 543 2801 dere
590 2751 1057 2821 calamitatemque
1104 2755 1381 2812 lamentari
1420 2761 1617 2827 cmpit:
1654 2760 1764 2815 Heu
1794 2763 1807 2815 l
1836 2754 1987 2817 heuf

414 2838 619 2907 inquit,
648 2841 770 2909 quia
805 2844 937 2898 mihi
980 2861 1120 2900 nunc
1153 2858 1338 2903 contra
1388 2866 1546 2919 quam
1579 2850 1680 2907 Job
1708 2854 1935 2923 contigit
1962 2869 1981 2907 :

419 2925 598 2981 Timor
619 2931 776 2994 enim,
807 2949 958 3000 quem
982 2950 1085 2988 non
1109 2935 1373 3004 timebam,
1400 2943 1565 2994 evenit
1595 2944 1742 3008 mihi,
1769 2953 1817 2996 et
1840 2944 1980 3013 quod

2078 399 2252 467 qualis
2282 397 2334 449 itt
2358 395 2629 464 plerisque
2657 391 2794 446 sulet
2824 404 2944 442 esse
2974 380 3287 441 mortalium
3316 406 3329 440 :
3377 392 3465 455 qui
3528 400 3674 442 tem-

2079 500 2208 557 pore
2237 487 2451 557 quidem
2487 482 2790 537 afﬂictionis
2817 481 2910 534 Dei
2941 481 3298 534 recordamur
3319 520 3333 543 ,
3366 494 3672 548 aspernati-

2081 589 2166 634 tur
2188 590 2362 632 autem
2391 592 2509 631 cum
2538 575 2772 641 exempti
2802 573 2955 625 malis
2989 570 3230 625 fuerint:
3257 571 3465 624 irritam
3500 580 3683 639 atque'

2082 673 2300 726 inanem
2338 669 2488 723 abire
2515 665 2630 734 ejus
2657 665 2960 720 orationem
2992 679 3183 732 passus
3212 674 3317 718 est.
3353 664 3554 728 Quare,
3586 664 3676 717 in-

2079 768 2427 832 gravescente
2447 759 2496 812 vi
2520 758 2689 812 morbi
2713 758 2764 811 iu
2786 756 3045 809 luctuosis
3072 754 3177 808 illis
3199 754 3421 809 vocibus
3444 769 3679 821 oppres-

2078 868 2172 909 sus
2201 861 2284 906 est
2338 866 2352 905 :
2406 850 2558 919 gravi
2602 848 2875 902 ferocibus
2921 846 3277 915 snperbisque
3310 844 3687 909 documento,-

2080 953 2137 997 ut
2163 945 2238 996 ira
2270 958 2366 996 sua
2398 941 2676 995 moderate
2709 940 2785 994 uti
2813 939 3048 1001 discant,
3085 935 3287 1005 Deique
3326 934 3529 1005 judicia
3576 951 3670 989 re-

2081 1033 2401 1088 formident.

2146 1109 2336 1178 χ’χνι.
2379 1122 2630 1177 Przetoris
2662 1134 2880 1173 munere
2906 1118 3171 1187 przeripua
3195 1130 3316 1169 cum
3344 1115 3515 1169 laude
3538 1124 3672 1184 per-

2083 1214 2298 1268 functus
2325 1213 2551 1265 Basilius
2578 1208 3014 1278 Apocaucus(6),
3050 1222 3207 1274 quem
3251 1216 3413 1274 supra
3455 1218 3675 1258 metuo-

2085 1306 2318 1359 ravimns
2355 1302 2896 1373 priusquautrealiret
2939 1300 2993 1351 iu
3027 1298 3278 1366 patriam,
3313 1297 3666 1351 Lacedaemo-

2083 1410 2203 1450 nem
2235 1396 2401 1459 venit,
2430 1404 2485 1447 ut
2513 1407 2721 1447 sacram
2756 1390 2902 1445 Beati
2937 1390 3146 1444 thecam
3167 1391 3437 1452 adoraret,
3471 1403 3675 1441 suum‘v

2083 1503 2188 1556 que
2218 1488 2270 1541 in
2316 1487 2464 1539 ἱΙΙιιιιι
2501 1498 2739 1539 amorem
2770 1492 2824 1537 et
2868 1482 3103 1536 studium
3132 1491 3453 1547 testaretur;
3482 1481 3664 1534 disce-

2084 1579 2219 1632 dens
2261 1587 2441 1632 autem
2484 1576 2766 1631 collectum
2816 1574 3036 1629 vasculo
3083 1582 3241 1628 sacro
3306 1583 3671 1641 unguentum.

2090 1670 2231 1738 quod
2276 1667 2682 1723 sanctiﬁcationi
2727 1666 2986 1733 malisque
3036 1664 3238 1719 morbis
3266 1663 3519 1717 erunibus
3564 1662 3669 1715 de—

2093 1760 2350 1829 pellendis
2375 1760 2674 1828 proficuum
2698 1769 2863 1821 esset,
2893 1758 3107 1811 doutum
3151 1756 3290 1810 tulit.
3345 1754 3500 1808 Domi
3539 1764 3675 1822 ergo

2092 1852 2379 1923 quemdam
2406 1866 2469 1906 ex
2499 1849 2729 1915 famulis,
2758 1864 2917 1919 quem
2945 1848 2996 1901 in
3028 1847 3233 1901 intimis
3263 1846 3517 1907 habebat,
3541 1860 3669 1913 gra—

2092 1945 2141 1997 vi
2172 1942 2464 2010 lethalique
2488 1941 2675 1996 morbo
2709 1940 3142 2001 decumbentom,
3170 1952 3233 1992 ac
3260 1939 3537 2005 desperata
3572 1950 3676 2004 per

2095 2035 2361 2088 medicum
2390 2031 2712 2095 valetudine,
2737 2030 3070 2099 deploratum
3092 2037 3280 2082 nactus
3307 2027 3488 2082 divino
3518 2027 3665 2094 quod

2091 2125 2314 2195 gerebat
2344 2131 2614 2190 unguento
2642 2120 2960 2188 Gregorium
3013 2120 3088 2189 (id
3115 2120 3256 2172 enim
3278 2131 3436 2172 servo
3474 2130 3672 2170 nomen

2091 2215 2245 2286 erat)
2273 2225 2419 2269 certa
2462 2213 2566 2268 fide
2611 2224 2761 2282 Spem
2805 2211 3034 2266 fulciens
3070 2210 3303 2265 inunxit.
3341 2207 3449 2261 Res
3489 2206 3666 2259 mira!

2091 2307 2192 2359 sub
2218 2305 2452 2358 mediam
2487 2312 2697 2357 noctem
2728 2317 2758 2355 e
2794 2302 2932 2356 lecto
2965 2310 3184 2370 repente
3210 2299 3469 2353 desiliens
3496 2311 3667 2366 aeger.

2091 2397 2312 2465 suisque
2332 2396 2557 2462 pedibus
2570 2395 2843 2462 gradiens,
2860 2407 3055 2447 sonora
3082 2406 3210 2446 voce
3228 2391 3319 2458 qui
3347 2388 3507 2441 modo
3532 2387 3669 2441 clin-

2090 2488 2209 2555 guis
2232 2495 2366 2549 erat,
2392 2498 2613 2538 uxorem
2641 2492 2821 2539 vocat.
2852 2486 3168 2552 Apocaucus
3195 2483 3260 2536 ad
3289 2481 3436 2535 vocis
3478 2493 3670 2534 sonum

2089 2578 2319 2643 excitus,
2355 2579 2612 2641 accurrit,
2639 2589 2693 2631 et
2716 2578 2957 2641 sanitati,
2991 2586 3084 2629 aut
3108 2577 3227 2629 vita:
3247 2576 3425 2641 potius
3449 2576 3673 2627 restitu-

2091 2678 2201 2723 tum
2219 2680 2464 2731 cernens,
2490 2669 2705 2723 modum
2737 2683 3033 2737 causasque
3075 2668 3390 2735 interrogat.
3425 2667 3567 2719 Tum
3591 2668 3675 2717 ille

2090 2758 2412 2814 monachum
2433 2760 2532 2814 sibi
2550 2760 2836 2828 quemdam
2856 2760 3095 2817 adfuisse
3113 2762 3205 2823 ait,
3231 2760 3491 2827 insignem
3510 2772 3677 2811 crme

2091 2854 2294 2922 virgam
2314 2864 2471 2907 manu
2485 2853 3048 2923 gerentem,'eultuque
3064 2851 3304 2921 corporis
3321 2849 3609 2905 eremitico
3629 2864 3678 2901 et

2090 2945 2336 3001 lethalem
2380 2946 2626 2999 morbum
2666 2946 2911 3015 protinus
2950 2945 3241 3013 depulisse.
3291 2944 3490 2995 Astans
3530 2940 3675 2995 enim

417 3034 520 3071 non
546 3020 775 3085 verebar,
799 3023 989 3078 accidit
1025 3026 1066 3079 ⁷.
1090 3024 1295 3083 Deinde
1318 3031 1537 3086 sceleris
1557 3036 1983 3091 emendationem
2013 3002 2055 3059 c
2088 3035 2241 3098 mihi,
2279 3036 2479 3099 aiebat,
2500 3036 2797 3091 monachus
2820 3035 2908 3090 ille
2932 3036 3109 3103 (cujus
3128 3035 3286 3089 etiam
3306 3033 3488 3087 vultus
3507 3032 3680 3084 linea-

418 3111 731 3177 poenitentia
764 3116 1104 3181 promittens,
1134 3129 1189 3172 et
1217 3122 1355 3187 quod
1389 3130 1500 3175 tum
1530 3134 1722 3178 cretera
1755 3142 1875 3197 qua:
1906 3128 1987 3180 in-

2085 3136 2264 3180 meuta
2294 3126 2637 3195 signabat,ex
2664 3128 2856 3195 quibus
2873 3128 3190 3197 Apocaucus
3235 3134 3484 3179 sanctum
3511 3122 3678 3175 fuisse

417 3202 664 3255 consulto
692 3215 899 3274 egerat,
922 3210 1238 3279 corrigeret,
1274 3220 1382 3265 tum
1410 3215 1686 3269 caularum
1720 3220 1992 3275 cancellos
2088 3217 2300 3285 didicit)
2324 3232 2591 3285 manuque
2609 3217 2949 3286 prehendens
2979 3234 2993 3271 :
3034 3217 3192 3279 Deus,
3225 3214 3421 3283 inquit,
3456 3220 3678 3281 propter

418 3289 611 3347 ferreis
645 3298 910 3381 repagulis
941 3302 1264 3367 obvallaret,
1324 3307 1493 3359 morbi
1533 3307 1690 3362 linem
1717 3311 1872 3365 unice
1900 3313 1993 3364 de-
2087 3308 2359 3375 Apocauci
2394 3310 2550 3363 fidem
2583 3310 2745 3363 vitam
2778 3309 2873 3363 tibi
2903 3308 3204 3364 Metanoita:
3229 3306 3479 3377 precibus
3508 3304 3673 3373 largi-

418 3383 762 3446 precabatur.
803 3386 1070 3441 Caeterum
1119 3390 1234 3456 ejus
1277 3408 1464 3460 preces
1505 3409 1535 3445 a
1574 3394 1683 3449 Deo
1725 3399 1993 3454 exaudita:
2090 3410 2211 3461 tur,
2242 3410 2297 3454 et
2335 3417 2460 3455 cum
2505 3402 2604 3455 hoc
2646 3401 2789 3456 dioto
2824 3402 3007 3457 statim
3040 3402 3191 3456 abiit.
3228 3400 3340 3471 Ego
3382 3410 3507 3454 vero
3538 3398 3682 3452 inte-

416 3484 528 3525 non
550 3484 708 3539 sunt,
743 3476 999 3533 Dominus
1025 3482 1191 3546 enim,
1226 3483 1315 3550 qui
1348 3482 1503 3538 tinxit
1534 3486 1804 3556 sigillatim
1830 3489 1989 3543 corda

492 3584 512 3614 ⁷
540 3584 646 3640 Job
686 3601 768 3649 In.
792 3589 885 3645 25.

494 3702 571 3775 (6)
605 3704 797 3761 Baron.
829 3709 895 3763 ad
920 3727 1010 3765 an.
1042 3711 1139 3767 981

2092 3506 2246 3562 grain
2284 3493 2649 3549 valetudinem
2676 3494 2902 3565 adeptus
2931 3508 3074 3550 sum.

435 3854 3658 3911 W

1653 4041 1822 4085 ANNO
1877 4043 2106 4086 DOMINI
2148 4043 2420 4090 ωιωιιιι.

699 4156 2088 4419 THEODOSIUS
2207 4239 3401 4426 MONACHUS

1399 4720 1637 4811 NIC.
1726 4718 2139 4813 MARUE
2220 4725 2715 4818 FOGGINI

1853 4930 2234 4996 MONITUM

1255 5079 1365 5137 DE
1419 5078 1910 5141 THEODOSIO
1943 5080 2066 5140 ET
2090 5080 2302 5144 EJUS
2339 5078 2880 5146 ACROASIBUS.

1376 5240 1525 5303 (Hist.
1555 5245 1750 5309 Byzant.
1780 5245 2001 5308 Append.
2035 5261 2173 5298 nova.
2201 5248 2384 5310 Romae,
2412 5249 2551 5309 1777,
2587 5249 2698 5313 fol.)

2003 5404 2074 5425 ..ὁ

501 5524 720 5581 ’Cretam
748 5529 1005 5596 insulam,
1028 5541 1233 5586 centum
1265 5534 1420 5599 olim,
1446 5545 1504 5589 ut
1534 5536 1785 5595 Iloratius
1815 5542 2011 5595 cecinit
2040 5542 2133 5597 lib.
2165 5558 2245 5605 ιιι,
2298 5542 2385 5596 od.
2418 5541 2509 5606 '27,
2551 5550 2809 5607 potentem
2860 5544 3094 5611 oppidis,
3126 5558 3291 5613 quam
3328 5538 3562 5611 Agareui
3599 5535 3676 5590 ab

432 5594 697 5679 Hispania
727 5615 958 5685 profecti
985 5594 1248 5677 Michaele
1282 5594 1448 5679 Balbo
1476 5624 1801 5692 imperatore
1950 5594 2683 5698 (imitata,occupaverant,
2718 5594 3066 5702 Nicephorius
3080 5594 3496 5699 'l’rit—aca—sﬁ‘unc
3523 5634 3674 5682 ten-
