4012 6214
253 253 356 327 939
514 319 526 330 ,
997 253 1396 329 ACROASES.
1425 293 1493 301 —
1522 253 1669 329 NlC.
1714 260 1976 331 manus
2015 270 2333 334 FOGGlNl
2377 269 2755 342 MONrrUM.
3397 293 3504 359 990

255 373 406 443 poris
440 373 700 441 mag'stcr
752 379 808 424 et
841 369 1154 425 scholarum
1201 373 1549 428 orientaliqu
1605 377 1955 443 domesticus,
1997 380 2131 436 fusis
2191 383 2488 454 deletisque
2539 389 2812 454 Barbaris,
2849 391 3216 457 Romanarum
3255 406 3486 474 imperio

255 465 520 528 restituit,
572 464 818 516 Romano
847 461 1071 519 Juniore
1095 464 1440 532 imperatore,
1478 484 1568 523 an.
1602 470 1730 524 Chr.
1761 471 1889 527 96f.
1933 473 2084 528 Hanc
2136 478 2560 544 expeditionem,
2599 479 2826 536 Romani
2871 485 3217 555 imperatoris
3244 461 3496 560 lus'sn,a

247 556 560 627 Nicephoro
600 559 837 609 maxima
876 555 1158 612 celeritate
1187 556 1418 614 feliciter
1454 560 1755 616 confectam
1783 575 2073 634 sequentes
2117 566 2388 623 Aeroases
2421 572 2663 640 quinque
2690 573 2972 629 celebrant
2995 587 3049 630 et
3069 555 3355 635 exornant.
3392 555 3499 639 Cas

249 648 414 703 edere
447 648 742 702 meditatus
764 657 848 700 est
873 645 1002 700 olim
1037 646 1343 712 Maltrelus,
1380 649 1476 703 sed
1500 649 1732 716 prinmm
1767 667 1936 721 nuper
1961 656 2129 708 edidit
2155 654 2459 712 Flaminius
2487 660 2774 718 Cornelius
2803 668 2996 722 nobilis
3031 668 3265 726 Venetus
3307 673 3359 726 in
3389 688 3492 729 suo

248 746 312 800 de
347 743 504 800 Creta
537 761 692 799 sacra
725 744 1122 798 commentario
1156 753 1289 802 tom.
1317 744 1362 809 Ι,
1419 761 1470 814 p.
1502 745 1630 802 269.
1664 745 1854 803 Nullus
1893 749 2051 814 alius,
2089 754 2179 819 qui
2231 770 2324 808 eas
2364 755 2776 824 complectatur.
2830 762 3133 829 usquedum
3189 764 3486 820 innotescit

250 848 407 893 vetus
427 838 621 901 codex,
654 847 856 907 praeter
881 834 1199 890 Vaticanum
1229 844 1470 891 notatum
1514 854 1665 894 num.
1699 839 1826 905 997,
1858 840 2052 895 litteris
2086 856 2224 911 pene
2250 845 2363 913 jam
2405 848 2896 918 exsolescentibus,
2921 863 2970 906 et
3004 868 3034 906 a
3060 859 3271 910 notario
3294 859 3496 924 potius,

249 947 416 999 quam
445 947 477 986 a
519 931 741 986 librario
781 933 1066 1000 scriptum,
1089 944 1153 984 ex
1187 945 1299 999 quo
1324 940 1437 985 tum
1473 931 1776 997 Maltretus,
1810 934 1994 990 Allatii
2024 951 2178 1000 cura,
2235 949 2346 992 tum
2374 940 2662 1000 Cornelius
2712 961 2991 1016 accepere.
3049 951 3237 1018 Itaque
3271 952 3488 1006 easdem

265 1027 556 1076 recensere
584 1036 648 1074 ac
677 1024 934 1075 recudere
957 1021 1160 1085 jussus,
1193 1024 1294 1077 hoc
1321 1021 1496 1078 solum
1534 1033 1794 1092 pratstare
1816 1027 1994 1094 potui,
2050 1039 2107 1080 ut
2138 1031 2312 1096 ipsum
2346 1031 2590 1085 codicem
2627 1035 2946 1091 Vaticanum
3007 1040 3202 1095 iterum
3232 1043 3484 1096 consule-

260 1123 399 1172 rem,
425 1122 479 1165 et
501 1123 626 1166 cum
678 1110 1001 1165 Corneliana
1041 1113 1280 1166 editione
1328 1113 1656 1180 conferrem,
1703 1131 1865 1182 quem
1907 1119 2146 1172 laborem
2204 1135 2310 1173 non
2336 1122 2453 1174 sine
2485 1120 2663 1174 fructu
2704 1131 2880 1196 exegi,
2913 1131 3012 1184 etsi
3043 1146 3243 1200 anceps
3282 1133 3490 1202 haereo,

250 1207 430 1256 utrmn
466 1213 520 1256 et
553 1217 656 1272 ego
685 1203 824 1270 ipse,
847 1205 959 1256 tum
989 1201 1060 1256 ob
1091 1202 1296 1258 codicis
1323 1205 1474 1270 vitia,
1509 1212 1622 1258 tum
1671 1206 1740 1260 ob
1786 1208 2116 1278 singularem
2169 1220 2340 1278 poetae
2377 1213 2648 1282 sequioris
2707 1216 2807 1266 αξινὶ
2857 1217 3080 1285 stylum,
3119 1223 3299 1276 omnia
3354 1201 3493 1278 bene

249 1307 534 1349 assecutus
578 1294 703 1348 sim.
763 1293 943 1359 Quare
999 1293 1367 1350 dubitatioiies
1424 1297 1687 1364 quasdam
1747 1312 1895 1352 meas
1949 1314 2012 1353 ac
2073 1301 2419 1368 conjecturas
2449 1302 2502 1355 in
2543 1303 2803 1372 subjectis
2854 1306 3298 1366 adnotationibus
3339 1313 3482 1365 indi-

245 1390 405 1451 cabo,
437 1388 526 1442 ubi
566 1389 730 1442 etiam
760 1387 908 1456 plura
943 1402 1271 1455 prosequar,
1296 1405 1416 1456 qua:
1451 1405 1648 1444 sensus
1677 1391 1918 1446 auctoris
1941 1405 2004 1446 ac
2031 1407 2210 1446 rerum
2245 1393 2524 1448 historiam
2557 1395 2885 1452 lnculentius
2918 1411 3211 1465 exponant.

318 1481 454 1546 Quis
487 1481 650 1534 fuerit
674 1478 1009 1533 Theodosius
1039 1480 1324 1544 diaconus,
1344 1483 1436 1548 qui
1472 1483 1633 1534 hasce
1665 1482 1934 1536 Acroases
1965 1485 2290 1550 composuit,
2325 1487 2619 1540 obscurum
2655 1489 2876 1541 omnino
2903 1499 2985 1542 est
3023 1509 3036 1544 :
3067 1494 3162 1545 sed
3189 1493 3492 1549 nullatenus

243 1575 502 1628 dubitare
531 1573 677 1638 licet,
709 1572 874 1626 fuisse
915 1586 1037 1624 emn
1067 1570 1325 1625 Ecclesia:
1365 1573 1981 1642 Cinistantinopolitanzn
2009 1574 2320 1629 diaconum.
2360 1577 2527 1632 Porro
2558 1594 2623 1631 ex
2661 1580 2884 1646 epistola
2912 1597 3016 1650 qua
3061 1585 3326 1641 Acroases
3359 1603 3488 1642 snas

242 1665 555 1735 Nicephoro
583 1666 821 1727 dedicat,
851 1665 1007 1735 plane
1035 1665 1224 1732 liquet,
1256 1665 1503 1720 emisisse
1529 1682 1622 1720 eas
1655 1669 1706 1719 in
1740 1669 1912 1722 lucem
1949 1677 2070 1738 post
2095 1679 2476 1735 praematurum
2513 1670 2740 1724 Romani
2769 1673 3117 1741 imperatoris
3160 1678 3389 1740 obitum,
3419 1696 3486 1731 eo

239 1763 364 1817 licet
392 1762 616 1817 vivente
635 1761 986 1830 compositas.
1021 1760 1113 1814 Sic
1145 1761 1290 1814 enim
1315 1758 1653 1816 Theodosius
1681 1762 1823 1830 Nice|

1900 1779 2042 1817 trum
2074 1763 2401 1832 alloquitur:
2445 1765 2532 1828 Ὠς
2563 1767 2622 1818 ὲν
2675 1767 2955 1838 προσώπῳ
2988 1769 3118 1831 γοῦν
3151 1773 3182 1840 ἡ
3213 1772 3311 1840 μὲν
3344 1775 3484 1843 ἀρχὴ

239 1853 456 1922 ἰάμϐων
481 1853 630 1908 δοκεῖ
659 1851 797 1923 πρὸς
815 1852 906 1905 τὸν
930 1852 1094 1907 πάλαι
1125 1852 1355 1922 βασιλέα
1376 1852 1553 1924 ἡμῶν,
1597 1855 1660 1908 τὸ
1690 1855 1747 1909 δὲ
1771 1857 1880 1908 τῶν
1911 1859 2147 1910 ἐπαίνων
2182 1858 2475 1926 κεφάλαιον
2511 1860 2646 1926 πρὸς
2688 1861 2829 1926 τίνα,
2885 1866 3008 1934 εἴσῃ
3048 1864 3230 1927 εὐθύς.
3265 1864 3480 1920 lauico-

241 1965 361 2002 rum
386 1951 562 2016 itaque
586 1946 798 2002 initium
827 1949 996 2014 prima
1029 1948 1200 2014 [route
1227 1946 1296 1998 ad
1335 1946 1640 2014 defunctum
1673 1965 1839 2015 nuper
1877 1950 2244 2015 imperatorem
2299 1960 2536 2002 nostrum
2564 1954 2823 2017 pertinere
2851 1956 3056 2007 videtur
3090 1971 3106 2005 :
3158 1973 3330 2010 verum
3367 1959 3492 2012 (au-‘-

238 2045 369 2094 dum
404 2053 608 2093 summa
641 2038 711 2090 ad
738 2052 889 2106 quem
918 2037 1250 2102 potissimum
1277 2049 1487 2103 spectet,
1517 2039 1694 2091 statim
1722 2039 2000 2109 intelliges.
2033 2041 2300 2095 Praeterea
2331 2057 2396 2094 ex
2424 2043 2614 2095 cadem
2645 2045 2876 2111 epistola
2927 2058 3114 2113 aperte
3143 2049 3484 2124 intelligitur,

235 2131 508 2187 obtulisse
529 2144 623 2183 eas
657 2125 984 2198 Nicephoro,
1018 2138 1306 2198 postquam
1339 2128 1428 2184 ille
1453 2131 1691 2185 victoria
1727 2131 1975 2184 Cretensi
2004 2133 2288 2186 victoriam
2323 2133 2490 2187 etiam
2529 2136 2805 2189 addiderat
2856 2138 2923 2189 de
2952 2139 3217 2206 Agerenis
3245 2144 3482 2195 orienta-

240 2224 406 2286 libus,
450 2222 732 2292 metropoli
759 2237 943 2277 eorum
974 2221 1211 2291 Chalepe
1233 2238 1420 2280 eversa
1446 2241 1464 2277 :
1499 2223 1666 2288 Δέξαι
1685 2221 1800 2289 οὖν,

1895 2226 2026 2293 quit,
2053 2227 2102 2276 et
2133 2225 2228 2278 καὶ
2259 2225 2358 2296 τῆς
2386 2227 2542 2290 ἀξίας
2577 2228 2716 2279 εἰσὶν
2751 2226 2906 2280 ἐνδεᾶ
2964 2231 3246 2284 Θεοδοσίου
3297 2233 3479 2301 ψελλί-

239 2330 449 2386 citata,
501 2314 594 2368 καὶ
627 2315 755 2387 περὶ
783 2317 879 2385 τῆς
905 2315 1000 2368 τοῦ
1033 2317 1258 2370 Χαλέπε
1290 2316 1527 2386 γράφειν
1579 2317 1823 2386 Enispth

1906 2319 2293 2389 καταστροφῆς
2343 2321 2435 2374 καὶ
2463 2320 2741 2384 ἁλώσεως.
2791 2323 2979 2390 Accipe
3028 2305 3212 2394 igitur,
3245 2326 3488 2395 indignus

238 2408 362 2460 licet
399 2408 681 2476 majestate
721 2417 834 2471 tua,
892 2407 1168 2462 Theodosii
1218 2423 1410 2478 nugas,
1443 2419 1491 2462 et
1527 2409 1592 2462 de
1620 2411 1885 2463 eversione
1919 2423 1964 2463 et
1995 2413 2383 2481 expugnatione
2435 2412 2654 2477 Clialepi
2690 2414 2918 2469 scribere
2949 2417 3209 2482 permitte.
3251 2417 3330 2470 Ad
3371 2434 3490 2485 qua:

240 2503 404 2556 Verba
437 2503 623 2558 mirari
648 2503 814 2571 subit,
857 2503 1126 2572 quomodo
1151 2502 1438 2558 Cornelius
1471 2505 1828 2568 adnotaverit,
1860 2521 1918 2559 se
1958 2521 2182 2574 prorsus
2221 2507 2454 2567 nescire,
2482 2523 2578 2560 cur
2619 2507 2957 2562 Theodosius
2987 2511 3050 2562 de
3075 2510 3237 2564 Creta
3276 2526 3486 2562 serum—

241 2611 360 2648 nem
393 2595 702 2657 institueus,
734 2595 956 2662 Chalepi
988 2595 1313 2650 mentionem
1345 2594 1654 2664 ingesserit.
1677 2597 1848 2650 Nemo
1864 2599 2007 2651 enim
2033 2607 2275 2651 veterum
2301 2601 2774 2668 recentiorumtpte
2806 2601 3188 2655 historicorum
3223 2605 3486 2670 pratterit,

248 2687 614 2758 Nicephorum
641 2687 874 2744 Phocam
913 2689 1157 2744 Creticus
1177 2690 1434 2758 primum,
1471 2691 1660 2746 deinde
1695 2706 1822 2746 vero
1877 2692 2241 2761 Gbalepenses
2293 2692 2599 2749 Saracenos
2651 2697 2948 2764 subegisse.
2993 2697 3131 2749 Αυειὶ
3177 2697 3486 2751 Cedrenum

235 2779 377 2837 Hist.
409 2781 599 2847 Comp.
630 2797 680 2849 p.
712 2780 850 2836 645:
884 2782 1201 2853 Νικηφόρος
1229 2781 1285 2834 δὲ
1315 2783 1344 2833 ό
1375 2783 1591 2843 Φωκᾶς,
1653 2785 1726 2845 ὡς
1753 2783 2063 2853 ἔμπροσθεν
2100 2785 2338 2854 εἴρηται,
2374 2786 2737 2856 προσταχθεὶς
2771 2788 2836 2838 ὲκ
2894 2789 3117 2858 Κρήτης
3151 2789 3488 2855 ἐπανελθεῖν,

233 2873 294 2925 ού
333 2870 685 2942 συνεχωρήθη
712 2873 976 2925 εἰσελθεῖν
1006 2875 1082 2936 εἰς
1111 2873 1210 2942 τὴν
1239 2872 1650 2950 βασιλεύουσαν,
1673 2874 1862 2926 ἁλλ’ὲν
1898 2879 1961 2944 τῇ
2001 2875 2261 2945 Ἀνατολῇ
2288 2876 2549 2946 ἐκελεύθη
2584 2879 2986 2947 παραγενέσθαι
3011 2882 3148 2950 μετὰ
3169 2882 3367 2942 παντὸς
3391 2878 3486 2933 τοῦ

235 2965 470 3035 στρατοῦ
498 2982 510 2994 ·
538 2964 942 3034 ἀναλαμὸἁνων
972 2964 1079 3034 γὰρ
1110 2967 1303 3017 ἑαυτὸν
1329 2967 1392 3017 ἐκ
1419 2966 1516 3032 τῆς
1541 2949 1811 3034 προτέρας
1835 2967 2000 3036 ἥττης
2029 2968 2057 3018 ό
2083 2968 2322 3030 Χαϐδέιν,
2355 2970 2651 3038 ἀναφέρειν
2679 2969 2884 3039 ἡρξατο
2908 2949 3090 3035 πάλιν,
3127 2975 3216 3026 καὶ
3249 2972 3480 3042 στρατὸν

233 3059 531 3131 ἀξιόμαχον
589 3057 888 3130 ἡθροικὼς,
954 3059 1316 3129 προσδόκιμος
1373 3055 1442 3130 ἦν
1501 3060 1856 3128 ἐπιθήσεσθαι
1891 3064 2002 3122 τοῖς
2046 3061 2333 3129 Ῥωμαίων
2369 3061 2596 3132 ἄρχουσι
2640 3077 2699 3115 τε
2739 3063 2834 3116 καὶ
2868 3065 3190 3134 πράγμασιν
3224 3083 3236 3095 ·
3274 3067 3388 3120 ἀλλ’
3425 3067 3484 3119 ἐν

237 3154 408 3226 Συρίᾳ
440 3155 732 3224 γενόμενος
765 3153 794 3207 ὁ
818 3155 1011 3217 Φωκᾶς
1042 3155 1137 3206 καὶ
1161 3153 1385 3223 σταδαῖα
1424 3153 1570 3223 μάχῃ
1596 3153 1786 3206 τούτου
1811 3154 2174 3224 τρεψάμενος,
2197 3155 2291 3208 καὶ
2317 3155 2457 3206 κατὰ
2488 3155 2688 3224 κράτος
2725 3157 2988 3225 ἡττήσας,
3016 3161 3112 3211 καὶ
3140 3162 3220 3223 εἰς
3245 3161 3312 3214 τὰ
3335 3160 3486 3214 ὲνδό-

234 3265 372 3321 τερα
399 3250 497 3319 τῆς
521 3249 720 3320 Συρίας
756 3247 1037 3310 ἀπελάσας
1069 3247 1167 3318 τὴν
1191 3247 1344 3298 πόλιν
1375 3246 1638 3317 Βέρῤοιαν
1674 3249 1818 3312 ὲξεπη

1909 3263 2009 3316 ησε
2037 3247 2162 3316 δίχα
2202 3249 2300 3315 τῆς
2334 3248 2705 3317 ἀκροπόλεως.
2745 3248 3072 3318 Nicephorus
3133 3263 3311 3304 autem
3353 3251 3486 3314 l’lto_

231 3359 349 3407 res,
371 3340 543 3402 Creta,
587 3342 665 3394 uti
692 3341 946 3404 diximus,
969 3343 1153 3408 jussus
1189 3340 1430 3392 decedere
1454 3339 1530 3390 ita
1568 3349 1666 3403 est,
1703 3350 1758 3392 ut
1791 3357 1892 3393 non
1927 3341 1972 3393 ei
2003 3339 2177 3393 liceret
2207 3339 2731 3408 ConstantinOpolim
2762 3343 2970 3410 ingredi
2999 3363 3012 3396 ι
3048 3345 3138 3396 sed
3179 3345 3486 3396 mandatum

231 3444 333 3499 est,
365 3443 423 3486 ut
451 3449 568 3486 cum
599 3434 739 3487 omni
769 3437 1003 3488 exercitu
1033 3435 1087 3486 in
1110 3431 1378 3488 Orientem
1408 3434 1681 3486 transiret.
1721 3433 1860 3486 Nam
1887 3433 1952 3485 ab
1985 3444 2198 3498 accepta
2231 3433 2380 3486 clade
2425 3450 2479 3486 se
2538 3435 2842 3501 recolligens
2880 3434 3197 3488 Chatti/nmis
3227 3438 3336 3499 iant
3370 3452 3484 3493 sese

231 3527 461 3597 erigebat
487 3541 505 3580 :
541 3536 822 3596 coactoque
847 3530 918 3580 ad
942 3543 1172 3597 pugnam
1199 3527 1384 3598 idoneo
1407 3529 1641 3581 exercitu
1673 3527 1940 3579 videbatur
1978 3525 2212 3594 jamjum
2241 3527 2294 3578 in
2337 3525 2598 3581 Romanos
2629 3541 2892 3582 moturus.
2933 3527 3073 3582 Eum
3137 3529 3367 3595 I’ltocas,
3429 3533 3487 3586 in

234 3619 450 3690 Syriam
476 3627 533 3671 ut
564 3619 721 3681 venit,
777 3620 960 3684 prtelio
983 3619 1242 3687 superarit
1279 3635 1341 3671 ac
1373 3618 1535 3686 fudit,
1566 3627 1613 3670 ct
1643 3619 1696 3670 in
1729 3617 1942 3686 Syriam
1972 3617 2276 3672 interiorem
2321 3618 2570 3684 compulit
2597 3634 2616 3672 :
2662 3622 2840 3674 urbem
2892 3621 3220 3685 Ben/meam,
3272 3639 3489 3693 excepta

235 3731 376 3767 arce.
412 3714 723 3768 devastaoit.
760 3713 908 3768 idem
938 3724 1158 3768 enarrat
1185 3715 1351 3768 etiam
1377 3712 1606 3768 Michael
1638 3711 1924 3785 Clycaslin
1951 3710 2256 3767 Annalibus
2285 3727 2338 3780 p.
2374 3727 2448 3775 tv,
2486 3728 2543 3780 p.
2575 3713 2704 3777 504,
2736 3725 2790 3767 et
2824 3723 3052 3782 uterque
3085 3715 3222 3770 hanc
3251 3717 3488 3774 afferunt

234 3821 460 3860 causam
493 3807 633 3859 adeo
661 3805 908 3859 sollicita:
924 3805 1288 3872 expeditionis
1315 3802 1600 3873 Nicephori
1630 3801 1685 3856 in
1708 3801 2011 3864 Orientem,
2045 3803 2188 3869 quod
2219 3799 2486 3870 Joscphus
2509 3801 2726 3870 Bringa,
2761 3802 2850 3870 qui
2887 3818 3069 3856 rerum
3119 3820 3172 3856 tn
3213 3805 3333 3856 aula
3381 3821 3480 3871 ι)οά

232 3899 494 3962 tiebatur,
528 3898 775 3952 Romano
801 3898 868 3952 ob
895 3897 1083 3952 oculos
1111 3899 1304 3952 callide
1331 3897 1596 3966 posuerit,
1631 3895 1928 3949 invaluisse
1963 3910 2261 3959 rumorem,
2323 3895 2585 3949 victorem
2639 3895 2814 3950 Cretae
2855 3897 3191 3949 evehendum
3252 3895 3368 3950 fore
3415 3900 3485 3952 ad

231 3987 545 4057 imperium.
577 3988 796 4043 Atrero
823 3985 1099 4042 Cedrenus
1134 3996 1188 4042 et
1240 3988 1438 4058 Glycas
1478 4003 1507 4040 a
1544 3986 1722 4040 Leone
1756 3985 2017 4051 Diacono,
2081 3987 2348 4053 scriptore
2383 4000 2588 4048 coaevo,
2639 3986 2690 4037 in
2729 3985 2829 4038 hoc
2870 3985 3160 4038 tlisst'tttirt‘.
3211 3987 3479 4050 videntur,

229 4083 374 4152 quod
410 4084 463 4137 hi
492 4080 800 4152 Nicephoro
839 4099 869 4137 e
894 4083 1052 4137 Creta
1079 4083 1254 4137 reduci
1283 4080 1808 4149 Constantinopolim
1835 4066 2022 4133 venire
2068 4095 2171 4132 non
2199 4093 2321 4133 esse
2345 4077 2690 4146 permissum,
2732 4078 2825 4132 sed
2867 4089 3016 4131 recta
3057 4079 3143 4130 via
3181 4079 3232 4131 in
3263 4079 3479 4149 Syriam

232 4175 317 4230 ire
345 4177 659 4230 mandatutn
691 4177 960 4241 scribunt,
1003 4175 1091 4230 ille
1127 4185 1306 4230 autem
1333 4185 1520 4228 contra
1549 4184 1802 4237 testatur,
1823 4172 2189 4240 Nicephorum
2219 4187 2249 4226 e
2287 4171 2448 4226 Creta
2480 4172 2796 4226 redeuntem
2831 4187 2936 4224 non
2969 4171 3130 4228 modo
3158 4173 3477 4230 Constanti-

232 4267 469 4336 nopolim
505 4269 738 4332 venisse,
761 4268 852 4323 sed
879 4269 1042 4322 etiam
1067 4266 1540 4336 Constantinopoli
1576 4266 1970 4334 triumphasse,
2004 4273 2058 4317 et
2085 4263 2210 4317 hinc
2240 4272 2428 4332 postea
2464 4263 2516 4316 in
2576 4262 2792 4333 Syriam
2827 4261 3130 4331 profecutm
3161 4281 3300 4319 esse.
3342 4265 3479 4320 Leo-

232 4374 358 4414 nem
391 4375 502 4416 rem
532 4359 606 4414 ita
629 4376 918 4415 enarrasse
940 4368 1276 4428 compertum
1301 4370 1467 4415 estex
1506 4359 1716 4415 Latinis
1743 4357 2018 4426 excerptis
2049 4356 2288 4410 historiae
2316 4369 2536 4409 suorum
2587 4363 2923 4425 temporum,
2977 4371 3140 4424 quam
3177 4359 3242 4409 ad
3269 4357 3478 4412 obitum

231 4467 409 4522 usque
435 4450 659 4508 Joannis
679 4452 967 4506 Tzimiscis
989 4453 1279 4520 protraxit,
1301 4467 1332 4504 a
1354 4450 1522 4519 Pagio
1549 4450 1817 4506 inCritica
1843 4450 1894 4503 in
1927 4447 2122 4502 Annal.
2153 4447 2350 4502 Baron.
2383 4458 2513 4501 tom.
2550 4446 2636 4514 lll,
2683 4464 2736 4516 p.
2773 4447 2901 4512 875,
2927 4457 2980 4502 et
3014 4461 3142 4503 tom.
3188 4449 3276 4514 IV,
3311 4467 3365 4517 p.
3421 4453 3479 4517 ὅ.

233 4547 452 4613 relatis;
483 4549 722 4602 nondum
751 4549 893 4602 enim
925 4549 978 4600 in
1011 4547 1184 4602 lucem
1211 4547 1359 4600 edita
1418 4555 1504 4601 est
1534 4548 1740 4612 integra
1775 4552 1831 4599 et
1859 4543 2050 4598 Graece
2099 4542 2297 4597 Leonis
2348 4540 2610 4605 Historia,
2660 4543 2728 4596 ad
2793 4542 3000 4610 prelqu
3056 4541 3183 4596 licet
3231 4555 3479 4612 paratam

234 4638 521 4708 reliquerit
550 4641 928 4696 Combelisius.
966 4638 1469 4705 Verutnenimrero,
1501 4641 1554 4693 ni
1612 4638 1790 4701 fallor,
1826 4637 2039 4693 facilem
2069 4636 2133 4689 ad
2178 4636 2482 4692 Cedrenum
2509 4644 2565 4689 et
2591 4633 2816 4706 Glycam
2843 4650 2965 4690 cum
2995 4632 3180 4689 Leone
3232 4635 3478 4714 Diacon0

235 4730 293 4788 in
324 4732 429 4787 hoc
457 4749 674 4802 quoque
706 4735 1075 4789 conciliandos
1127 4735 1304 4803 aperit
1333 4734 1473 4787 viam
1501 4733 1738 4804 Symeon
1767 4731 2022 4802 Magister
2045 4737 2099 4787 et
2127 4731 2427 4802 Logotheta
2465 4734 2517 4785 in
2550 4733 2850 4788 Annalibus
2896 4734 2948 4787 iu
2982 4732 3110 4800 fine,
3147 4734 3238 4802 qui
3277 4733 3342 4787 de
3385 4733 3480 4787 Ni-

231 4827 452 4895 crphori
481 4828 755 4894 triumpho
784 4837 852 4883 ob
892 4830 1160 4885 devictam
1212 4832 1428 4886 Cretam
1487 4833 1567 4886 sic
1598 4833 1806 4899 loquitu

1936 4830 1994 4881 '0
2032 4829 2090 4881 δὲ
2127 4828 2404 4898 βασιλεὺς,
2450 4827 2640 4897 μαθὼν
2687 4829 2788 4896 τὴν
2828 4831 2927 4898 τῆς
2989 4831 3212 4899 Κρήτης
3255 4830 3481 4892 ἅλωσιν,

233 4916 448 4980 ὲδόξασε
477 4918 566 4969 τὸν
597 4919 730 4972 Θεόν
759 4936 773 4950 ⁸
809 4921 924 4989 μετ’
957 4922 1020 4974 ού
1059 4921 1196 4977 πολὺ
1229 4923 1286 4976 δὲ
1315 4924 1409 4976 καὶ
1433 4926 1461 4976 ό
1512 4923 1835 4994 δομέστικος
1869 4922 1978 4976 τῶν
2027 4920 2232 4991 σχολῶν
2282 4917 2595 4988 Νικηφόρος
2632 4917 2882 4971 κελεύσει
2931 4917 3026 4970 τοῦ
3055 4919 3318 4987 βασιλέως
3347 4921 3485 4986 πρὸς

237 5007 328 5078 τὴν
367 5009 521 5062 πόλιν
551 5010 824 5078 εἰσῆλθεν,
857 5015 951 5064 καὶ
988 5015 1126 5082 μετὰ
1152 5015 1259 5067 τῶν
1287 5014 1540 5085 λαφύρων
1573 5016 1666 5068 καὶ
1693 5015 1792 5084 τῆς
1815 5013 2192 5084 αἰχμαλωσίας
2223 5007 2350 5082 ἦλθε
2396 5011 2537 5079 πεζῇ
2573 5009 2680 5062 ἀπὸ
2703 5009 2794 5061 τοῦ
2825 5008 2977 5060 οἴκου
3007 5008 3173 5061 αὑτοῦ
3203 5011 3283 5071 εὶς
3308 5009 3368 5060 τὸ
3394 5010 3483 5061 ἱπ-

236 5101 520 5170 ποδρόμιον
557 5104 672 5172 ἅμα
702 5103 780 5172 τῷ
811 5103 1005 5176 ἀμηρᾷ
1041 5109 1264 5177 Κρήτης
1311 5107 1405 5160 τοῦ
1445 5107 1738 5175 λεγομένου
1774 5107 2033 5176 Κουρόπα
2068 5109 2162 5156 καὶ
2197 5105 2414 5156 πάντων
2453 5102 2560 5152 τῶν
2594 5100 2873 5167 συγγενῶν
2911 5100 3096 5164 αὑτοῦ,
3135 5100 3326 5162 στολὰς
3361 5101 3485 5153 λευο

233 5193 331 5253 θεὰς
361 5209 421 5244 πε
433 5195 842 5264 ριϐεὸ).ημένων
873 5197 1092 5249 πάντων
1123 5199 1231 5249 τῶν
1268 5198 1599 5268 Σαρακηνῶν
1619 5214 1630 5226 ·
1667 5199 1759 5250 καὶ
1781 5198 1808 5248 ό
1845 5197 1944 5264 μὲν
1975 5197 2276 5265 μὰγιστρος
2306 5193 2479 5263 τιμῶν
2496 5193 2589 5245 καὶ
2622 5193 2799 5263 γερῶν
2827 5193 3079 5261 μεγάλων
3101 5191 3306 5260 ἠξιώθη
3331 5192 3483 5260 παρὰ

238 5285 321 5337 τοῦ
349 5287 748 5357 αὐτοκράτορος
784 5304 796 5316 °
829 5289 858 5340 ό
881 5291 1101 5359 ἁμηρᾶ,
1138 5291 1216 5353 δὲ,
1253 5293 1474 5342 πλεῖστα
1498 5292 1646 5358 δῶρα
1681 5289 1775 5342 καὶ
1805 5288 2004 5358 χρυσὸν
2037 5288 2129 5339 καὶ
2150 5287 2387 5355 ἄργυρον
2415 5284 2566 5354 παρὰ
2589 5284 2683 5336 τοῦ
2709 5283 2971 5352 βασιλέως
3003 5284 3203 5348 λαϐὼν,
3242 5284 3339 5336 σὺν
3371 5288 3483 5347 τοῖς

229 5381 437 5441 τέκνοις
466 5380 634 5432 αὐτοῦ
667 5383 748 5443 εἰς
801 5373 978 5451 χωρία
1009 5388 1178 5438 οἰκεῖν
1211 5389 1588 5454 συνεχωρήθη,
1617 5388 1693 5448 εὶς
1726 5387 1783 5436 δὲ
1806 5385 1904 5454 τὴν
1934 5385 2235 5452 σύγκλητον
2288 5383 2387 5435 οὐκ
2427 5381 2783 5450 ἀνεϐιϐάσθη.
2837 5379 2926 5432 διὰ
2965 5380 3026 5431 τὸ
3063 5382 3137 5451 μὴ
3197 5381 3485 5450 βούλεσθαι

229 5476 431 5536 αὐτοὺς
468 5475 842 5543 βαπτισθῆναι
872 5495 884 5507 ·
909 5480 936 5530 ὁ
960 5479 1016 5530 δὲ
1051 5479 1303 5548 βασιλεὺς
1342 5481 1622 5550 Ῥωμανὺς
1651 5479 1964 5549 Νικηφόρον
1994 5482 2084 5530 τὸν
2117 5479 2418 5548 μὰγιστρον
2440 5477 2591 5542 αὖθις
2620 5474 2763 5529 κατὰ
2809 5473 2906 5544 τὴν
2933 5473 3073 5544 ἑῴαν
3107 5473 3485 5538 ἐξαπέστειλεν

232 5570 371 5621 κατὰ
411 5567 504 5619 τοῦ
536 5567 795 5631 ἀλαζόνος
831 5570 1062 5637 Χαμϐδᾶ
1090 5588 1104 5601 ·
1144 5577 1172 5624 ό
1208 5575 1264 5625 δὲ
1296 5575 1564 5636 ἀπελθὼν,
1610 5574 1825 5645 πρῶτον
1847 5574 1946 5643 μὲν
1969 5576 2060 5624 τ⁷.ν
2088 5573 2303 5624 Χαλέπε
2331 5573 2562 5641 κάστρον
2593 5571 2883 5643 παρέϐαλε,
2912 5571 2971 5635 ἐξ
3009 5564 3068 5623 οὗ
3101 5573 3195 5624 καὶ
3227 5571 3484 5639 λαφύρων

239 5662 409 5731 πολλὴ
444 5661 653 5730 γίνεται
689 5664 1005 5733 συναγωγή.
1038 5663 1352 5732 Imperator,
1391 5669 1474 5719 ubi
1507 5677 1711 5738 captant
1747 5684 1823 5722 est

1904 5665 2113 5721 Cretam
2167 5666 2426 5735 cognorit,
2472 5664 2576 5717 Deo
2608 5663 2812 5717 laudes'
2858 5666 3158 5735 gratiusque
3211 5668 3475 5733 persoltit.
