4012 6214
538 223 643 287 991
1760 222 2176 283 11112000511
2223 226 2531 286 DIACONI
3522 280 3531 287 .
3679 233 3785 295 992

547 339 677 393 Tum
730 344 867 396 breui
920 345 1078 398 etiam
1130 338 1458 405 Nicephorus
1512 337 1813 389 scholarum
1865 338 2203 402 domesticus,
2262 341 2597 409 imperatoris
2640 344 2823 411 jussu,
2878 346 3058 399 urbem
3106 347 3376 416 ingressus
3428 365 3545 401 cum
3610 352 3783 403 ntuhis

541 434 724 499 spoliis
768 442 923 497 atque
966 429 1181 495 captiuis
1224 445 1256 480 a
1300 428 1409 480 suis
1452 426 1655 480 wdibus
1714 431 1784 480 ad
1830 426 2041 481 Circum
2095 429 2248 494 pedes
2301 432 2439 483 venit
2488 446 2594 484 una
2656 448 2773 486 cum
2838 434 3012 488 Creta:
3054 453 3255 502 amera,
3285 434 3491 505 Curope
3550 442 3783 509 nomine,

544 525 761 590 ejusque
816 520 1115 588 propinquis
1182 518 1441 583 omnibus,
1478 535 1596 570 cum
1645 516 1898 571 Saraceni
1944 534 2119 571 omnes
2183 519 2319 572 albis
2376 522 2603 575 vestibus
2659 524 2832 577 induti
2892 537 3082 579 essent.
3124 527 3200 581 Ac
3256 529 3466 597 quidem
3531 533 3784 598 magister

543 621 762 668 honores
802 629 1087 681 magnaque
1138 615 1355 679 prcemia
1400 612 1733 681 imperatoris
1758 612 2073 666 liberalitate
2125 626 2429 668 consecutus
2461 628 2583 681 est;
2636 634 2843 672 ameras
2900 637 3016 674 rero
3065 622 3222 676 donis
3253 623 3496 690 plurimis
3556 642 3785 694 auroque

541 718 696 772 atque
750 718 962 773 argenta
1020 707 1083 758 ab
1117 706 1426 772 imperatore
1460 704 1711 765 donatus,
1781 703 1986 770 praedia
2047 704 2159 755 ruri
2204 704 2373 758 colere
2417 714 2572 776 atque
2630 708 2873 761 habitare
2918 711 3201 776 permissus
3256 723 3384 767 est:
3413 714 3554 783 quod
3616 729 3782 773 (antea

542 799 799 863 baptismo
876 796 1080 849 initiari
1150 796 1337 857 noluit,
1410 796 1462 847 in
1506 804 1748 847 senatum
1811 794 2026 846 minime
2082 803 2357 861 cooptatus
2414 806 2512 849 est.
2574 796 2746 852 Porro
2800 796 3071 853 Romanus
3129 803 3415 871 imperator
3469 809 3781 875 magistrum

548 885 908 955 Nicephorum
940 889 1128 940 iterum
1158 888 1210 939 in
1242 885 1505 939 Orientem
1527 885 1692 946 misit,
1720 897 1773 936 ut
1806 883 2090 939 Chambda:
2124 887 2483 954 arrogantiam
2510 888 2792 957 frangeret.
2821 889 3173 959 Susceptaque
3197 897 3531 961 expeditione
3558 901 3780 967 primunt

543 979 834 1046 Chalepum
860 980 1037 1032 urbem
1066 980 1321 1031 munitam
1349 981 1503 1044 cepit,
1532 978 1670 1030 unde
1699 980 1859 1030 etiam
1888 977 2175 1043 spoliorum
2200 979 2300 1031 vim
2332 995 2575 1046 magnam
2604 981 2836 1049 collegit.
2868 981 3102 1036 Videsne
3126 987 3267 1052 quod
3305 988 3562 1058 triumphi
3620 1008 3782 1061 genus

542 1070 887 1140 Nicephorus
910 1087 940 1126 e
974 1072 1134 1125 Creta
1169 1073 1335 1125 redux
1358 1071 1566 1125 obivit?
1594 1071 1637 1123 A
1689 1071 1799 1123 suis
1833 1072 2032 1124 a’dibus
2088 1086 2206 1123 cum
2265 1073 2444 1125 multis
2471 1074 2649 1140 spoliis
2697 1084 2744 1127 et
2798 1077 3014 1142 captivis
3050 1078 3203 1141 pedes
3267 1082 3323 1132 in
3372 1080 3584 1137 Circum
3625 1090 3781 1153 venit,

547 1179 656 1231 quo
689 1163 895 1216 scilicet
931 1164 1090 1217 modo
1125 1172 1350 1216 ovantes
1388 1162 1779 1231 procedebant,
1823 1177 1927 1214 non
1962 1161 2401 1229 triumphantes;
2434 1163 2504 1216 ita
2536 1172 2614 1228 ut,
2648 1164 2693 1218 si
2740 1166 2877 1220 bene
2922 1168 3083 1221 vertit
3122 1168 3358 1224 Leonem
3398 1173 3779 1239 Combetisius,

547 1272 681 1311 usus
702 1256 772 1308 sit
795 1253 904 1308 Leo
928 1270 1060 1309 voce
1089 1255 1343 1323 triumphi
1385 1254 1493 1306 lato
1529 1253 1708 1317 modo,
1745 1253 2017 1322 quomodo
2051 1253 2270 1306 etiama
2295 1252 2505 1308 Latinis
2540 1271 2645 1309 non
2686 1257 2853 1311 semel
2885 1257 3085 1313 factum
3110 1276 3233 1316 esse
3267 1264 3540 1320 novimus.
3571 1267 3636 1320 Et
3665 1285 3784 1335 pro-

548 1352 692 1403 fecto
732 1349 777 1401 is
800 1356 939 1412 erat,
980 1348 1068 1415 qui
1093 1347 1163 1401 ob
1193 1347 1411 1400 Cretam
1437 1355 1651 1412 captam
1678 1343 1984 1412 Nicephoro
2009 1344 2331 1409 debebatur,
2372 1346 2544 1401 honos
2562 1349 2856 1403 secundum
2881 1348 3245 1405 Romanorum
3272 1357 3644 1426 morem,qnia
3682 1360 3784 1414 bel-

543 1442 655 1495 lum
691 1439 967 1494 Creticum
995 1439 1259 1493 indictum
1287 1453 1390 1491 non
1424 1437 1619 1500 fuerat,
1658 1448 1714 1492 et
1745 1438 1868 1505 quia
1894 1436 2073 1489 fuerat
2110 1436 2228 1490 sine
2250 1437 2515 1505 sanguine
2545 1440 2878 1505 confectum,
2922 1443 2988 1497 de
3036 1444 3232 1511 quibus
3276 1444 3579 1501 luculenter
3608 1462 3783 1509 certos

544 1552 641 1590 nos
670 1534 831 1587 faciet
855 1532 1217 1586 Theodosius.
1243 1529 1359 1596 Qua
1397 1530 1462 1582 de
1489 1544 1544 1584 re
1571 1529 1875 1583 Cedrenum
1911 1536 1964 1583 et
1989 1528 2211 1597 Glycam
2241 1528 2313 1582 ita
2357 1544 2481 1584 esse
2514 1530 2952 1600 interpretandos
2976 1549 3195 1598 censeo,
3248 1546 3307 1590 ut
3356 1538 3593 1593 dixerint
3624 1556 3781 1613 nega-

549 1635 661 1679 tum
698 1626 864 1678 fuisse
891 1622 1195 1691 Nicephoro
1219 1637 1247 1675 e
1266 1622 1424 1675 Creta
1448 1620 1629 1674 reduci
1661 1618 2184 1687 Constantinopolim
2215 1619 2424 1685 venire,
2459 1621 2669 1675 scilicet
2689 1624 2755 1676 ad
2781 1625 3254 1693 commorandum,
3276 1629 3402 1698 quia
3448 1631 3575 1687 hinc
3602 1635 3782 1687 statim

539 1720 730 1789 jussus
759 1728 841 1775 est
879 1720 931 1773 in
963 1718 1177 1789 Syriam
1223 1715 1528 1786 proﬁcisci;
1555 1726 1607 1768 et
1636 1730 1729 1769 eos
1758 1714 1902 1768 haud
1938 1714 2251 1769 meminisse
2297 1714 2583 1783 triumphi,
2622 1731 2781 1785 quem
2806 1726 2935 1771 tunc
2958 1717 3323 1790 Nicephorum
3372 1726 3553 1795 egisse
3601 1740 3785 1782 narrat

547 1814 657 1869 Leo
688 1811 1121 1879 Diacorius,quia
1157 1811 1466 1863 nullatenus
1503 1806 1862 1873 triumphans,
1900 1805 1994 1859 sed
2041 1803 2216 1859 solum
2250 1822 2422 1861 ovans
2464 1807 2516 1860 in
2548 1807 2768 1863 Circum
2809 1812 3160 1877 processerit,
3203 1821 3256 1868 et
3287 1814 3631 1874 solummodo
3672 1832 3784 1888 post

542 1905 936 1974 Cbulepcnscm
964 1904 1242 1958 victoriam
1267 1903 1564 1956 solemnem
1595 1900 1932 1968 triumphum
1957 1902 2152 1968 egerit,
2179 1917 2338 1972 quem
2368 1902 2615 1958 Cedrcno
2645 1902 2817 1959 visum
2845 1909 3079 1962 estsatis
3106 1923 3559 1977 commemorare,
3586 1931 3710 1970 cum
3733 1917 3780 1970 in

543 2012 610 2052 eo
634 2008 830 2066 prarter
859 1994 1236 2049 Berrhmensia
1266 1992 1435 2060 spolia
1467 1991 1634 2044 etiam
1678 1990 1888 2045 Cretica
1917 1994 2299 2047 ostentaverit.

618 2090 840 2155 Verum,
872 2096 996 2143 utut
1020 2089 1142 2157 quis
1197 2087 1343 2141 malit
1383 2087 1483 2141 hoc
1512 2086 1827 2156 contigisse,
1863 2096 2076 2141 certum
2110 2102 2212 2155 est,
2244 2089 2389 2160 quod
2423 2088 2759 2159 Nicephorus
2794 2105 2913 2164 post
2943 2097 3227 2154 victoriam
3252 2101 3521 2157 Creticam
3578 2103 3636 2157 in
3689 2106 3781 2174 Sy-

543 2181 684 2234 riam
718 2182 994 2251 prolectus
1022 2188 1126 2249 est,
1156 2196 1220 2236 ac
1252 2196 1389 2235 nova
1423 2182 1489 2236 de
1522 2181 1841 2251 Chalepensi
1869 2182 2085 2239 sultano
2110 2195 2384 2257 reportata
2418 2185 2644 2241 victoria
2679 2204 2745 2243 eo
2804 2192 2973 2260 magis
3031 2194 3324 2264 inclaruit;
3367 2206 3421 2253 et
3469 2200 3621 2267 quod
3670 2217 3778 2256 cum

548 2277 769 2331 interim
805 2275 1111 2341 Romanus,
1142 2276 1341 2332 ﬂorens
1396 2276 1523 2331 licet
1552 2288 1733 2342 aetate,
1766 2277 2134 2347 voluptatibus
2174 2280 2383 2336 fractus
2440 2282 2527 2336 die
2564 2284 2630 2338 15
2680 2283 2857 2339 Martii
2911 2287 3209 2347 indictione
3269 2303 3421 2347 sexta
3470 2295 3722 2363 obiisset,
3754 2314 3781 2352 ι

546 2370 953 2444 Theophanone
983 2373 1216 2429 Romani
1248 2389 1418 2428 uxore
1450 2372 1681 2427 ﬁliorum
1719 2376 1939 2429 nomine
2000 2376 2304 2445 imperante
2348 2379 2642 2433 accersitus
2693 2388 2777 2434 est
2823 2382 3378 2456 Constantinopolim,
3425 2389 3517 2443 ubi
3565 2392 3779 2446 solemni

547 2482 741 2538 pompa
767 2470 834 2524 de
860 2469 1150 2524 Saracenis
1181 2478 1289 2524 tum
1319 2469 1573 2531 Creticis,
1601 2479 1711 2523 tum
1761 2470 2192 2539 Chalcpensibus
2241 2475 2614 2544 triumphavit.
2658 2477 2954 2550 Ἀπριλλίῳ
2988 2481 3047 2534 δὲ
3081 2484 3235 2551 μηνὶ,
3302 2484 3479 2554 inquit
3510 2488 3781 2543 Cedrenns

543 2560 702 2624 ibitl.,
738 2559 837 2629 τῆς
870 2560 1043 2630 αὐτῆς
1078 2565 1131 2625 ς’
1170 2557 1516 2621 ἰνδικτιῶνος,
1557 2558 1781 2612 εἴσεισιν
1810 2560 1839 2610 ὁ
1868 2562 2064 2625 Φωκᾶς
2095 2561 2411 2634 Νικηφόρος
2441 2568 2507 2635 τῇ
2538 2569 2638 2636 τῆς
2688 2568 2986 2639 Δεσποίνης
3015 2570 3262 2626 κελεύσει
3292 2574 3407 2645 (τοῦ
3467 2577 3669 2649 Ἰωσὴφ
3694 2596 3784 2634 κι-

546 2650 722 2717 θάπερ
754 2650 848 2702 καὶ
876 2650 1043 2702 πάλαι
1075 2647 1397 2717 κωλύοντος)
1427 2650 1483 2701 ἐν
1508 2650 2078 2704 Κωνσταντινουπόλει
2108 2670 2121 2683 ·
2156 2654 2246 2706 καὶ
2271 2655 2381 2708 ἀπὸ
2403 2657 2512 2709 τῶν
2542 2659 2606 2709 ὲκ
2634 2658 2734 2727 τῆς
2752 2660 2976 2730 Κρήτης
3000 2662 3259 2735 λαφύρων
3281 2667 3372 2719 καὶ
3398 2668 3499 2737 τῆς
3526 2647 3784 2743 Rappold;

543 2742 947 2812 ἐθριάμϐευσεν
984 2746 1041 2795 ἐν
1072 2742 1148 2812 τῷ
1177 2742 1519 2812 ἱπποδρόμῳ.
1558 2742 1756 2797 Eadem
1783 2755 1932 2799 sexta
1967 2747 2127 2800 indic!

2198 2765 2272 2815 ne,
2305 2767 2478 2806 mense
2503 2752 2694 2820 Aprili,
2719 2755 2875 2823 jussu
2906 2756 3157 2828 Augusta:
3212 2758 3549 2830 Nicephorus
3586 2742 3782 2820 Phocus

546 2842 1062 2910 Constantinopolim
1086 2846 1246 2906 venit,
1280 2839 1530 2904 Josepho.
1568 2852 1624 2895 ut
1649 2852 1789 2907 ante,
1818 2859 1879 2896 ne
1908 2843 2004 2897 hoc
2034 2844 2181 2909 fieret
2218 2846 2476 2903 obstante.
2519 2849 2679 2903 Duxit
2731 2853 3054 2921 triumphant
3090 2854 3143 2906 in
3177 2854 3353 2921 Circo,
3390 2859 3626 2927 inferens
3651 2864 3703 2916 in
3733 2879 3784 2915 to

548 2933 820 2986 Cretensia
846 2943 894 2985 et
923 2932 1283 2986 Berrhmensia
1315 2931 1505 2999 spolia.
1540 2932 1798 2986 Eatndem
1825 2948 1937 2986 rem
1975 2934 2166 2989 iisdem
2195 2937 2307 2993 lere
2341 2940 2521 2994 verbis
2553 2942 2624 2996 ita
2655 2953 2838 2997 narrat
2866 2943 3106 3000 Joannes
3136 2946 3489 3018 Curopalates
3525 2953 3584 3005 in
3611 2951 3782 3007 Histo-

550 3026 642 3078 ria:
673 3024 997 3093 compendio
1019 3040 1071 3093 p.
1113 3024 1181 3078 66
1213 3042 1227 3078 :
1264 3026 1437 3094 Aprili
1485 3038 1661 3080 autem
1696 3045 1894 3107 mense,
1918 3031 2096 3084 eadem
2121 3041 2267 3085 sexta
2307 3035 2614 3100 indictione,
2650 3036 2855 3091 Phocus
2875 3038 3033 3107 jussu
3096 3043 3292 3112 regina:
3323 3046 3625 3115 ingreditur
3654 3049 3784 3104 Con-

544 3116 968 3185 stantinopolim,
992 3117 1218 3186 Josepho
1245 3120 1478 3184 omnino,
1517 3130 1568 3173 ut
1598 3121 1819 3188 pridem,
1852 3124 2184 3190 prohibente,
2215 3135 2262 3178 et
2288 3127 2350 3179 de
2373 3129 2540 3197 captis
2568 3129 2751 3198 spoliis
2779 3140 2826 3185 et
2852 3130 3100 3186 Berrhwa
3132 3136 3475 3205 triumphavit
3508 3140 3565 3192 in
3599 3138 3785 3209 Hippo-

544 3210 750 3263 dromo.
778 3208 1031 3263 Attamen
1064 3223 1239 3277 neque
1263 3218 1389 3275 tunc
1441 3210 1718 3265 immorari
1742 3213 1828 3267 diu
1861 3216 2039 3283 potuit
2083 3214 2424 3286 Nicephorus
2458 3219 2972 3293 Constantinopoli:
3022 3228 3366 3297 comperiens
3419 3232 3562 3287 enim
3613 3237 3784 3305 parari

544 3304 646 3358 sibi
678 3304 873 3359 iterum
911 3304 1135 3358 insidias
1163 3319 1191 3356 a
1231 3303 1465 3373 Josepho
1497 3305 1713 3375 Bringa,
1742 3318 1953 3365 mature
1982 3311 2035 3364 in
2070 3310 2468 3381 Cappadociam
2515 3318 2763 3383 secessit,
2804 3318 2895 3373 ubi
2934 3321 3002 3375 ab
3035 3323 3283 3377 exercitu
3311 3324 3697 3394 imperatorem
3734 3344 3786 3381 se

545 3394 804 3465 appellari
835 3394 923 3448 die
943 3394 979 3446 2
1010 3392 1138 3447 Julii
1170 3408 1360 3462 passus
1387 3404 1491 3459 est,
1525 3406 1580 3450 et
1609 3398 1731 3452 inde
1759 3399 2283 3471 Constantinopolim
2328 3410 2525 3475 rediit,
2546 3422 2949 3481 coronatusque
2972 3425 3055 3468 cst
3088 3429 3117 3467 a
3150 3392 3440 3486 Polyeucto
3474 3422 3784 3486 patriarcha

544 3486 633 3539 die
661 3486 727 3538 l5
757 3485 1004 3553 Augusti.
1043 3482 1168 3537 Haec
1195 3492 1276 3537 est
1298 3499 1478 3537 rerum
1534 3488 1727 3552 series,
1767 3498 1821 3544 et
1851 3491 1975 3546 hinc
2005 3491 2168 3546 facile
2212 3495 2436 3569 intelligi
2469 3508 2644 3569 potest
2668 3518 2774 3572 quo
2800 3504 3141 3573 potissimum
3170 3482 3418 3577 tempore
3452 3482 3787 3568 'l‘heodosius

544 3581 814 3634 Acroases
839 3593 967 3633 suas
994 3577 1298 3648 Nicephoro
1324 3578 1602 3636 obtulerit.
1637 3582 1773 3638 Cum
1819 3585 1965 3640 enim
2019 3586 2278 3644 obtulerit
2312 3592 2423 3661 jam
2471 3604 2685 3652 mortuo
2721 3596 2990 3663 Romano,
3040 3608 3093 3654 et
3140 3599 3380 3672 Chalepe
3408 3603 3544 3659 urbe
3576 3619 3787 3668 eversa,

543 3672 638 3726 sed
674 3680 960 3740 antequam
989 3673 1331 3744 Nicephorus
1356 3676 1423 3731 ad
1443 3676 1733 3747 imperium
1751 3690 1972 3739 evectus
1996 3683 2160 3747 foret,
2192 3694 2364 3740 restat
2383 3687 2648 3745 obtulisse
2672 3691 2996 3747 intermedio
3025 3702 3263 3764 quatuor
3293 3698 3563 3752 mensium
3590 3702 3785 3770 spatio,

545 3769 635 3838 qui
674 3768 1101 3826 intercesserunt
1126 3788 1155 3827 a
1188 3774 1275 3829 die
1307 3774 1373 3829 15
1410 3773 1584 3830 Martii
1610 3777 1694 3832 ead
1726 3777 1868 3834 diem
1895 3780 1931 3833 2
1953 3779 2107 3851 Julii,
2134 3791 2298 3853 atque
2334 3784 2491 3853 adeo,
2520 3797 2580 3842 ut
2612 3787 2869 3855 arbitror,
2888 3804 3073 3847 mense
3099 3790 3293 3862 Aprili,
3313 3807 3422 3864 quo
3446 3768 3784 3866 Nicephorus

543 3862 1010 3935 Constantinopoli
1049 3879 1083 3921 e
1114 3862 1271 3937 Syria
1302 3866 1471 3924 redux
1505 3869 1880 3941 triumphavit.
