4012 6214
525 313 678 379 1003

1767 288 2184 350 THEODOSII
2218 282 2532 351 DIACONI

3643 287 3780 350 1004

675 419 943 473 Πλάτωνον
996 409 1174 462 αὐτῶν
1218 405 1328 478 (28)
1364 403 1443 463 εἰς
1490 398 1670 468 μάχην
1702 397 1800 459 τὰς
1834 397 2064 469 καρδίας
2085 413 2098 426 ·
2133 405 2176 460 Α
2240 398 2309 452 80
2348 398 2458 451 Καὶ
2482 394 2761 449 δεσποτῶν
2782 394 2854 464 γῆ
2877 410 2890 424 ·
2911 394 3048 465 πλὴν
3077 395 3436 468 παρερπύσας
3463 396 3622 461 δκνος
3645 397 3780 468 (31;,

565 512 633 564 6‘5
672 509 869 568 Δέωξον
897 502 1076 562 αὐτοῖς
1104 499 1202 564 τὴν
1240 492 1443 563 πικρὰν
1471 489 1837 559 δειλανδρίαψ

673 598 933 664 Λῖσχυνον
956 589 1164 660 ἐχθρῶν
1193 585 1302 638 τῶν
1334 583 1628 655 προφητῶν
1655 583 1780 642 τοὺς
1803 579 2023 648 λόγουςο

671 683 851 748 Δεῖξον
886 682 1091 750 Πέτρος
1128 678 1211 740 τίς
1242 676 1376 746 (29),
1409 675 1503 728 καὶ
1542 673 1626 736 τίς
1655 675 1682 724 ὁ
1711 670 2099 741 ψευδοπλὸκος,

682 775 741 824 '0
774 773 871 834 τὰς
899 769 1179 840 καμήλους
1215 765 1418 818 ἐσθίειν
1446 762 1778 833 ἐπιτρέπων,

682 863 741 918 '0
773 862 1155 933 πορνομύστας
1187 856 1422 911 ἐκτελῶν
1449 856 1574 918 τοὺς
1604 852 1933 924 βαρϐάρους,

567 955 633 1010 70
670 953 1140 1024 Ψευδοπροφήτης
1166 951 1424 1018 ἐκφανεὶς
1457 943 1779 1014 πανουργίᾳ.
1812 960 1831 994 ι

675 1045 830 1100 Οὕτω
867 1044 1092 1114 βοήσας,
1129 1039 1222 1093 καὶ
1246 1037 1425 1090 λαϐὼν
1456 1036 1555 1107 τὴν
1587 1033 1788 1088 ἀσπίδα

671 1132 1008 1206 Δημηγορῶν
1035 1130 1182 1196 ἔλεξε
1211 1131 1322 1191 τοῖς
1355 1127 1718 1198 συνεργὰταις
1742 1137 1755 1150 ·

679 1244 697 1276 ι
737 1225 984 1294 Ἀνδρες,
1016 1217 1335 1289 στρατηγοὶ,
1377 1217 1568 1283 τέκνα,
1607 1213 1901 1278 σύνδουλοι,
1937 1209 2099 1281 φίλοι,

691 1315 910 1386 Ῥώμης
937 1315 1006 1367 τὰ
1036 1313 1224 1382 νεῦρα,
1255 1308 1512 1364 δεσπότου
1542 1308 1725 1360 πιστοὶ
1752 1305 1896 1375 φίλοι
1928 1333 1995 1344 -

573 1406 640 1460 75
678 1399 846 1468 Οὗτος
871 1406 981 1474 γὰρ
1015 1404 1158 1474 ὑμᾶς
1188 1401 1353 1455 τέκνα
1393 1400 1487 1453 καὶ
1514 1399 1700 1468 φίλους
1723 1396 1859 1468 ἔχει,

680 1498 873 1566 Λόγοις
904 1493 1216 1565 παραινῶν,
1247 1491 1345 1544 οὐκ
1376 1489 1704 1558 ἀναγκάζων
1730 1487 1915 1551 πόνοις
1934 1515 2005 1529 --

693 1593 885 1662 Ὁρᾶτε
916 1589 1106 1642 τούσδε
1138 1587 1267 1650 τοὺς
1300 1585 1622 1657 ἁλιδρόμους
1649 1582 1847 1646 τόπους
1867 1597 1881 1612 ο

689 1684 880 1752 Ὁρᾶτε
903 1680 1102 1743 πολλὰς
1135 1681 1360 1752 ίμέρους
1384 1678 1581 1748 νήσους
1605 1673 1767 1746 πέριξ
1787 1690 1801 1706 ο

683 1772 903 1846 Ῥώμης
930 1773 1178 1844 ὑπῆρχον
1210 1773 1320 1844 (50)
1343 1771 1616 1842 πατρικῆς
1641 1765 1915 1831 κατοικία,

540 1935 642 1989 illis
669 1932 920 1988 acerbam
982 1927 1360 1990 timiditatem,
1411 1925 1686 1982 coninndc
1748 1922 2100 1981 inimicorum

537 2033 718 2076 vatum
750 2023 934 2086 verba,
959 2021 1186 2073 ostende
1215 2018 1337 2087 quis
1363 2015 1435 2071 sit
1464 2016 1682 2081 Petrus,
1716 2026 1771 2071 et
1802 2016 1922 2086 quis
1951 2031 2102 2072 men-

535 2112 689 2168 dacia
724 2112 950 2177 ﬁngens,
993 2108 1085 2178 qui
1123 2108 1360 2174 camelos
1393 2113 1677 2164 comedere
1710 2109 1981 2175 permisit,
2019 2107 2114 2177 qui

522 2203 896 2258 fornicatores
942 2200 1121 2256 ell‘ecit
1151 2201 1433 2266 barbaros,
1464 2200 1629 2256 falsus
1660 2201 1922 2271 propheta
1951 2200 2106 2254 calli-

521 2295 703 2350 editate
731 2293 998 2358 proditus.
1050 2309 1069 2343 ι
1116 2292 1191 2346 ita
1219 2300 1303 2347 est
1335 2299 1608 2360 precatus,
1648 2301 1705 2346 et
1742 2300 1964 2361 accepto
1997 2290 2112 2361 cly-

531 2401 636 2453 peo
665 2382 1033 2439 concionando
1052 2382 1415 2438 allocutusest
1433 2381 1832 2439 commilitones
1861 2399 1876 2436 :
1912 2399 1931 2433 ι
1969 2380 2106 2445 Viri,

519 2482 720 2538 «luces,
775 2473 889 2538 ﬁlii,
935 2474 1208 2538 conservi,
1260 2473 1444 2538 amici,
1488 2472 1669 2526 Romae
1729 2472 1894 2535 vires,
1919 2479 1973 2525 et
2019 2471 2106 2527 ﬁdi

534 2568 693 2621 amici
726 2565 964 2636 despotac
985 2565 1095 2636 (ille
1123 2564 1266 2619 enim
1291 2578 1385 2618 vos
1438 2562 1576 2616 ﬁlios
1603 2570 1657 2618 et
1695 2563 1900 2617 amicos
1924 2561 2105 2628 habet,

537 2660 716 2714 verbis
757 2659 1076 2726 adhortans,
1108 2671 1214 2710 non
1245 2668 1446 2724 cogens
1487 2653 1809 2722 laboribus),
1845 2653 2109 2722 adspicite

537 2750 635 2803 hos
666 2764 855 2803 omnes
905 2748 1038 2802 mari
1076 2746 1283 2801 cinctos
1316 2744 1484 2808 locos,
1532 2743 1934 2814 circumspicite
1964 2743 2108 2798 mul-

2137 1474 2186 1534 B

2347 490 2458 544 Καὶ
2487 487 2789 558 νωθρότης,
2827 487 2998 554 ἔδειξε
3026 488 3130 556 γῆν
3161 488 3473 559 ἀλλοτρίαν,

2346 580 2664 651 Τρέφουςαν
2699 578 2930 648 ἐχθροὺς
2953 579 3049 632 καὶ
3080 582 3449 650 στερουμένην
3473 581 3712 634 τέκνων.

2349 673 2549 741 Ἴωμεν
2582 669 2700 724 ἀνθ’
2729 663 2803 722 ὧν
2843 669 3112 732 εὐσθενῶς
3142 671 3281 742 πρὸς
3334 671 3649 742 βαρϐάρους
3672 688 3685 700 -

2352 763 2616 832 Λάϐωμεν
2647 762 2827 815 αὐτῶν
2859 762 2914 814 ὲν
2941 761 3086 830 ξίφει
3121 765 3217 816 καὶ
3243 765 3342 826 τὰς
3367 765 3577 824 πόλεις.

2243 854 2312 909 85
2351 853 2458 906 Καὶ
2496 853 2593 914 τὰς
2627 854 2914 918 γυναῖκας,
2940 852 3126 906 καὶτὰ
3150 852 3261 906 τῶν
3284 854 3493 907 τέκνων
3521 857 3716 909 τέκνα.

2347 944 2554 1013 Μηδεὶς
2595 943 2870 1010 φοϐείσθω
2899 944 2996 1006 τὰς
3019 943 3180 1014 βολὰς
3209 944 3317 998 τῶν
3340 944 3663 1016 βαρϐάρων.

2346 1035 2552 1106 Μηδεὶς
2585 1034 2858 1102 φοϐείσθω
2879 1034 3099 1106 τραῦμα
3133 1035 3467 1105 φλεγμαῖνον
3498 1037 3721 1106 μάχηςο

2350 1127 2557 1199 Μηδεὶς
2583 1127 2642 1180 τὸ
2673 1127 2889 1198 πικρὸν,
2920 1128 3018 1196 τὴν
3067 1127 3383 1181 τελευταίαν
3415 1128 3647 1198 βλάὗην.

2354 1220 2452 1272 ’Ἂν
2483 1219 2593 1288 γὰρ
2619 1218 2677 1272 τὸ
2709 1218 2934 1286 λουτρόν
2974 1217 3086 1290 (52)
3118 1235 3203 1283 τις
3237 1218 3416 1272 λαϐὼν
3463 1217 3782 1290 ᾑμαγμένον

2247 1308 2314 1365 90
2353 1310 2446 1372 El;
2475 1305 2614 1380 αἷμα
2640 1309 2804 1381 λουΘῇ
2833 1311 2942 1364 τῶν
2978 1309 3250 1382 ὑϐριστῶν
3290 1310 3608 1382 βαρϐάρων,

2351 1399 2548 1454 Πλύνει
2587 1399 2647 1452 τὸ
2676 1401 2833 1470 σῶμα
2863 1401 2986 1463 ταῖς
3011 1401 3162 1471 ῥοαῖς
3187 1399 3295 1454 τῶν
3330 1401 3608 1471 αἱμάτων,

2353 1489 2464 1542 Καὶ
2485 1490 2738 1560 λαμπρὸς
2775 1492 2839 1544 ὲκ
2862 1492 2967 1561 γῆς
2996 1491 3215 1562 αἴρεται
3245 1492 3573 1562 νικηφόρος.

2356 1582 2416 1635 Εἰ
2449 1583 2494 1637 δ’
2527 1584 2674 1637 ἔστιν
2694 1585 2856 1649 αὐτὸς
2891 1587 3057 1639 τέκνα
3080 1586 3175 1639 καὶ
3197 1586 3434 1656 κλήρους
3461 1585 3621 1655 ἔχων,

2356 1673 2548 1744 Πατὴρ
2571 1675 2796 1729 ὄπισθεν
2828 1675 3095 1745 δεσπότης
3127 1675 3472 1746 λελεγμένος.

2279 1759 2349 1815 95
2393 1761 2627 1827 Ἐκεῖνος
2656 1763 2822 1819 αὐτοῦ
2846 1766 3138 1836 φροντίσει,
3159 1766 3254 1820 καὶ
3279 1766 3385 1819 τῶν
3415 1767 3649 1830 τέκνων,

2211 1923 2514 1993 domicilia,
2566 1933 2624 1980 et
2667 1923 3010 1980 dominorum
3061 1934 3218 1979 terrae
3262 1941 3277 1979 :
3329 1933 3384 1978 at
3431 1925 3680 1994 irrepens
3698 1925 3782 1980 de-

2205 2013 2365 2082 sidia,
2403 2023 2459 2070 et
2491 2013 2747 2086 segnities
2774 2014 3006 2069 alienam
3050 2023 3248 2068 terram
3279 2014 3508 2068 reddidit
3542 2016 3780 2070 nutrien-

2219 2112 2326 2160 tem
2361 2105 2566 2170 hostes,
2629 2112 2684 2158 et
2747 2114 3020 2159 carentem
3053 2102 3199 2156 ﬁliis.
3227 2099 3428 2155 Eamus
3469 2116 3605 2169 ergo
3659 2113 3783 2155 stre-

2217 2209 2321 2250 nue
2373 2206 2562 2252 contra
2609 2195 2887 2261 barbaros,
2950 2194 3227 2266 capiamus
3266 2193 3480 2247 illorum
3539 2193 3781 2247 civitates

2209 2287 2410 2357 gladio,
2460 2287 2732 2358 simulque
2776 2301 2995 2354 uxores,
3041 2297 3095 2341 et
3128 2283 3357 2340 ﬁliorum
3409 2285 3570 2339 lilios.
3620 2283 3781 2338 Nemo

2208 2377 2528 2434 extimescat
2548 2378 2902 2434 barbarorum
2917 2376 3119 2448 jacula,
3144 2388 3303 2430 nemo
3333 2375 3656 2429 extimescat
3673 2374 3780 2427 vul-

2214 2483 2314 2522 nus
2343 2467 2540 2522 ardens
2565 2467 2761 2538 praalii,
2812 2481 2993 2535 nemo,
3028 2467 3171 2538 quod
3217 2476 3304 2524 est
3340 2467 3608 2533 acerbius,
3641 2469 3780 2520 dam-

2216 2575 2346 2614 num
2375 2559 2642 2617 ultimum.
2673 2558 2808 2612 Nam
2838 2559 2882 2614 si
2916 2567 3196 2628 cruentum
3223 2558 3342 2626 quis
3371 2558 3647 2627 accipiens
3674 2557 3784 2612 bal-

2218 2664 2417 2715 neum,
2469 2649 2754 2719 impiorum
2810 2649 3166 2706 barbarorum
3225 2647 3435 2704 lavetur
3501 2647 3780 2718 sanguine,

2216 2741 2494 2812 sanguinis
2520 2739 2720 2796 ﬂuento
2747 2756 2946 2814 corpus
2991 2741 3181 2808 abluit,
3223 2751 3278 2797 et
3306 2741 3540 2797 illustris
3586 2749 3781 2796 eterra

531 2848 620 2894 tas
671 2839 923 2909 pulchras
977 2836 1219 2892 insulas:
1272 2836 1456 2890 Romae
1493 2835 1605 2906 jam
1651 2834 1872 2891 fuerunt
1921 2836 2109 2906 patriae
2135 2828 2178 2888 C
2211 2833 2382 2888 victor
2410 2831 2640 2888 tollitur.
2670 2829 2825 2898 Quod
2855 2833 2900 2888 si
2934 2833 3056 2902 quis
3099 2841 3205 2900 est,
3228 2833 3319 2902 qui
3365 2832 3528 2898 ﬁlios,
3558 2841 3616 2888 et
3645 2831 3780 2886 bona

1785 2949 2024 3005 VARIAS
2081 2947 2483 3006 LECTIONES.

603 3045 690 3100 Gl.
719 3043 999 3113 αὐτὴν-0.,
1025 3043 1077 3096 in
1102 3051 1214 3098 not.
1244 3041 1423 3113 αὐτῶν
1454 3049 1511 3095 ut
1561 3041 1622 3113 in
1667 3043 1801 3100 Cod.
1829 3044 2038 3099 invenit
2071 3043 2134 3098 F.

533 3114 680 3168 ἔστιν
710 3108 856 3183 vulg.
885 3111 992 3168 Pro
1037 3113 1198 3176 αὐτὸς
1229 3113 1355 3166 fort.
1390 3112 1494 3183 leg.
1558 3108 1732 3178 αὖτις.

2210 3044 2296 3098 78.
2333 3043 2482 3096 Fort.
2513 3041 2776 3112 ἡμέρους,
2807 3040 2996 3097 cultas.
3069 3042 3160 3101 9i.
3193 3042 3388 3114 στῶμα
3411 3041 3474 3096 C.
3548 3041 3645 3100 93.
3693 3039 3784 3093 εἶδ’

2075 3219 2303 3281 NOTAE.

527 3320 702 3390 jiciat,
733 3316 1184 3390 qucmadmodpm
1232 3329 1329 3390 pr_o
1359 3314 1689 3390 Hebr_._*e_is_in
1719 3317 2108 3387 expugnatione

530 3381 842 3458 Ilericho'ad
880 3402 1069 3458 preces
1091 3381 1433 3458 Josuéfeeit.
1463 3381 1720 3458 Vid._.|os.
1750 3381 1887 3456 cap.—
1901 3403 1978 3456 vr,
2003 3403 2108 3458 qua

527 3460 602 3514 de
627 3473 683 3511 re
713 3467 766 3509 et
790 3452 910 3509 Duas
939 3457 1219 3525 gloriosus,
1259 3452 1398 3525 Deus
1429 3453 1750 3525 appellatur.

606 3525 729 3596 (28)
751 3525 826 3579 lta
866 3521 1056 3596 codex,
1108 3536 1215 3575 non
1243 3521 1460 3596 adsilit,
1487 3531 1544 3575 ut
1568 3522 1620 3576 in
1646 3523 1880 3579 editione
1900 3523 2107 3582 Corne-

533 3591 628 3660 lii,‘
642 3591 732 3662 qui
747 3603 934 3662 tamen
960 3591 1041 3662 sic
1065 3591 1458 3662 emendandum
1487 3604 1608 3646 esse
1640 3601 1945 3648 notaverat.

610 3658 725 3737 (2'9)
747 3659 927 3737 Pergit
955 3658 1286 3737 Nicepltorus
1305 3658 1468 3715 Deum
1499 3662 1735 3737 precari.
1785 3665 2107 3737 utpotentia

533 3726 630 3791 sua
658 3726 931 3796 ostendat,
968 3726 1102 3799 quis
1136 3726 1428 3799 sitiPetrus
1466 3726 1744 3798 apostolus
1768 3771 1782 3797 ,
1843 3726 2106 3790 Christia-

537 3819 618 3874 nas
648 3800 898 3874 Ecclesim
941 3798 1084 3853 basis
1102 3806 1171 3874 _et
1206 3798 1637 3874 fundamentum,
1673 3809 1727 3856 et
1756 3802 1880 3871 quis
1915 3804 2109 3874 impius

532 3871 830 3943 lloameth,
861 3868 1195 3943 S‘aracetiicae
1257 3869 1656 3943 superstitionis
1696 3868 1906 3943 auctor,
1945 3868 2106 3943 quem

533 3943 664 3997 dicit
716 3937 1446 4009 falsitatis__convictumfab
1478 3941 1591 4009 ipsa
1653 3955 1749 3996 sua
1791 3937 2106 4009 calliditate;

533 4028 657 4066 eum
685 4011 848 4072 enim,
884 4017 942 4061 ut
970 4007 1224 4063 llebraeos
1260 4007 1361 4061 sibi
1411 4007 1721 4064 conciliaret
1758 4020 1812 4066 et
1839 4007 2105 4068 CbristiaL

535 4095 651 4147 nos,
709 4081 987 4147 utriusque
1043 4076 1197 4147 legis,
1256 4077 1453 4148 veteris
1496 4079 1750 4133 nimirum
1799 4095 1865 4134 ac
1915 4097 2090 4148 novae,

535 4146 804 4217 praecepta
848 4146 1230 4222 immiscperit,
1256 4146 1492 4222 asseclas
1521 4152 1950 4222 suosutriusque
1973 4146 2109 4222 legis

537 4213 965 4286 transgressores
1016 4214 1213 4270 elfecit.
1264 4213 1448 4286 Itaque
1498 4218 1818 4286 permissam
1863 4213 2108 4276 Hebraeis

533 4285 888 4360 polygamiam
916 4286 1241 4360 concedens,
1281 4285 1615 4360 Christianos
1656 4291 1722 4341 ad
1763 4291 2108 4360 seitlelicien—

535 4355 639 4412 ies'
664 4355 791 4410 let-it
846 4355 1201 4409 fornicatores
1227 4393 1240 4417 ,
1296 4363 1348 4407 et
1386 4359 1583 4410 docens
1625 4373 1744 4410 cum
1787 4357 2109 4415 Christianis

532 4431 752 4482 vetitum
787 4440 890 4479 non
922 4439 1038 4479 esse
1063 4426 1313 4479 omnibus
1349 4426 1600 4479 carnibus
1647 4430 1810 4492 vesci,
1858 4429 2111 4484 Hebraeos

531 4510 793 4566 sequaces
809 4509 933 4550 suos
956 4497 1135 4550 docuit
1150 4503 1471 4564 praeceptum
1497 4499 1790 4566 transgredi
1807 4497 1886 4551 eis
1902 4501 2106 4562 datmn,

2280 3316 2392 3387 (5i)
2426 3316 2507 3373 Ob
2533 3313 2807 3387 desidiam
2846 3321 2994 3387 certe
3023 3311 3355 3387 Graecorum
3376 3311 3562 3387 tandiu
3619 3313 3782 3387 ⁸(ΖΙ-ομ

2207 3381 2308 3456 sub
2341 3381 2472 3456 jitgo
2521 3385 2916 3456 Saracenorum
2960 3381 3496 3456 ingemuit._Classis
3513 3383 3688 3456 _et_iim
3720 3386 3784 3438 ab

2209 3455 2328 3525 ipso
2342 3450 2616 3511 'Micltaelc
2633 3455 2800 3525 Balbo
2822 3467 2886 3506 eo
2903 3450 3064 3525 missa
3089 3454 3225 3525 duce
3247 3450 3471 3525 Gratero
3502 3451 3783 3525 Qabyrco—

2212 3519 2382 3595 (arum
2430 3527 2682 3595 praelecto
2734 3524 2868 3576 adeo
2913 3522 3140 3576 Feliciter
3171 3519 3457 3595 Barbaros
3505 3519 3688 3595 fudit,
3730 3533 3782 3578 ut

2208 3591 2604 3650 Cretam'facile
2655 3601 3087 3660 recuperassent,
3133 3591 3234 3645 nisi
3264 3592 3487 3645 victoria
3517 3591 3650 3646 elati
3693 3595 3785 3646 nti-

2210 3662 2350 3729 lites,
2382 3663 2708 3718 adventante
2741 3671 2920 3727 nocte,
2943 3661 3433 3728 compotationibus
3465 3675 3531 3715 ac
3559 3662 3784 3717 luxuriis

2208 3748 2328 3790 sese.
2361 3733 2776 3792 immersissent,
2803 3745 2870 3784 ex
2893 3745 2999 3800 quo
3032 3729 3235 3784 factum
3261 3741 3361 3796 est,
3389 3741 3448 3784 ιιι
3471 3745 3671 3786 somno
3697 3733 3776 3786 vi-

2209 3819 2389 3872 noque
2428 3817 2735 3872 oppressos,
2783 3800 3002 3854 Barbari
3031 3801 3208 3872 subito
3234 3800 3408 3872 adorti
3437 3815 3532 3854 eos
3562 3801 3694 3872 sint,
3730 3812 3783 3856 et

2211 3870 2380 3943 usque
2400 3870 2476 3926 ad
2491 3870 2914 3943 internecionem
2940 3870 3165 3939 turpiter
3187 3870 3607 3943 prolligatverint.
3633 3871 3783 3925 Con-

2211 3937 2325 3997 sule
2351 3943 2654 3997 Cedrenum
2681 3938 2818 3994 Hist.
2845 3937 3041 4008 Cnmp.’
3059 3937 3197 4008 pag.
3220 3937 3360 3993 5111
3379 3939 3568 3994 Plures
3594 3942 3786 3994 deinde

2210 4013 2581 4080 expeditiones
2609 4011 2660 4063 in
2685 4013 2898 4064 Cretam
2929 4008 2996 4062 ab
3025 4009 3146 4080 aliis
3175 4011 3340 4062 etiam
3363 4010 3782 4080 imperatoribus

2210 4079 2472 4152 suaceptae
2500 4088 2647 4145 sunt,
2689 4092 2875 4152 omnes
2906 4086 3083 4152 tamen
3111 4079 3252 4152 haud
3276 4149 3286 4152 _
3306 4093 3563 4152 prospero
3585 4079 3740 4132 exitu
3770 4097 3784 4152 ς

2210 4163 2265 4205 et
2316 4145 2580 4221 praecipue
2609 4164 2727 4221 qua:
2753 4147 2909 4221 jussu
2955 4145 3782 4221 ConstantiniPorpltyrogeniti

2210 4217 2459 4286 suscepta
2482 4217 2586 4283 est,
2612 4217 2762 4274 ducis
2789 4218 3054 4286 imperitia
3095 4233 3158 4271 ac
3205 4218 3453 4272 socordia
3504 4217 3651 4272 male
3677 4234 3789 4272 om-

2213 4291 2339 4342 nino
2367 4286 2572 4345 Grascis
2599 4289 2781 4343 cessit.
2809 4286 2984 4340 llabes
3019 4288 3097 4356 rei
3127 4288 3405 4340 historiam
3431 4289 3480 4339 in
3509 4290 3785 4356 excerptis

2211 4357 2407 4414 Leonis
2428 4358 2642 4413 Diaconi
2664 4359 2800 4423 apud
2827 4356 3045 4423 Pagiunt
3067 4355 3258 4412 Critic.
3281 4359 3334 4410 in
3352 4355 3543 4411 Annal.
3580 4355 3782 4411 Baro“.

2215 4440 2342 4482 tom.
2386 4429 2468 4494 ΙΙΙ,
2531 4442 2649 4495 pag.
2706 4427 2861 4480 874:
2908 4423 3280 4480 Constantinus
3332 4427 3619 4493 imperator
3670 4444 3789 4479 tum

2213 4499 2538 4552 Cretensium
2566 4497 2817 4565 injuriam
2865 4499 3194 4564 occultasque
3230 4496 3592 4567 grassationes
3648 4498 3789 4564 ferre

530 4581 597 4619 ne
619 4565 953 4620 camelorum
972 4579 1134 4635 carne
1156 4573 1521 4635 vescerentur,
1550 4565 1714 4617 Lt‘titw
1742 4582 1859 4635 cap.
1882 4567 2006 4635 “.37
2026 4569 2058 4622 4
2087 4586 2100 4635 ;
2130 4575 2182 4634 ι)
2211 4585 2312 4622 non
2340 4578 2527 4630 πέυπει,
2552 4567 2700 4634 justo
2726 4568 3020 4632 conscripto
3043 4565 3293 4629 exercitu,
3319 4571 3580 4631 multaque
3634 4567 3791 4634 longe

535 4635 686 4687 Deut.
727 4649 845 4700 cap.
882 4648 989 4696 xtv,
1026 4633 1133 4700 ῩἹ.
1172 4631 1384 4685 Videsis
1407 4635 1673 4686 eruditum
1710 4631 1983 4692 auctorem
2011 4631 2096 4692 δίέ

529 4706 665 4779 phra
699 4704 754 4755 in
785 4703 1078 4779 beviticutn
1121 4710 1538 4779 cap.__trtt,_et1v.
1572 4705 1625 4779 in
1645 4702 1913 4779 Thesaur.
1946 4707 2098 4779 Ugo-

530 4768 621 4826 imi
644 4783 771 4826 tom.
807 4768 944 4836 XIV,
998 4784 1118 4841 pag.
1161 4771 1321 4841 1000.
1358 4769 1554 4826 Narrat
1587 4772 1863 4832 Cedrenus
1905 4768 2097 4834 histor.

529 4842 827 4918 Compend.
867 4856 986 4918 pag.
1010 4840 1444 4918 4‘21,‘lleht;eos,
1484 4846 1574 4912 qui
1594 4844 1882 4918 Mosaicam
1928 4852 2095 4918 legem

529 4913 840 4967 deserentes
900 4910 1186 4966 Moamethi
1244 4910 1604 4978 adltzeserunt,
1656 4917 1760 4970 rati
1813 4934 1936 4971 eum
1977 4910 2100 4973 Esse

529 4981 798 5045 Messiam,
835 4990 1118 5050 postquam
1161 4983 1412 5036 carnibus
1452 4986 1641 5038 cameli
1696 4988 1840 5040 vesci
1882 4991 2095 5042 solitum

527 5061 947 5124 conspexerunt,
985 5066 1106 5104 eum
1129 5068 1230 5124 rion
1265 5054 1463 5124 esseiti
1492 5056 1632 5120 quod
1650 5057 1854 5124 opinati
1883 5060 2099 5110 inerant

526 5123 786 5242 slensisse.
828 5119 1098 5179 Fortassis
1140 5121 1476 5177 Theodosius
1504 5119 1570 5175 ad
1601 5119 1738 5179 hanc
1773 5127 1942 5194 ipsam
1964 5127 2098 5180 allu-

526 5200 605 5242 ιιι
631 5206 764 5242 rem.

525 5200 605 5244 (Ill
631 5206 764 5244 rem.

600 5259 713 5333 (50)
750 5260 906 5333 creta
937 5259 1181 5314 Romano
1208 5259 1430 5333 imperio
1470 5263 1648 5331 paruit
1698 5281 1865 5333 usque
1901 5266 1965 5319 ad
1998 5265 2097 5319 illi-

524 5329 766 5384 chaeletn
796 5329 1054 5404 Balbum,
1079 5345 1186 5404 quo
1219 5329 1517 5400 imperante
1547 5352 1573 5385 ε.
1607 5329 1913 5404 Saracenis
1942 5348 2097 5404 capta

523 5411 630 5462 est,
653 5401 1012 5472 occasionem
1040 5401 1172 5468 ipsis
1205 5404 1552 5472 potissimum
1589 5405 1864 5472 praebente
1889 5401 2097 5458 'l‘hoinu

523 5469 778 5541 quodam,
797 5469 910 5538 qui,
939 5483 968 5523 a
996 5479 1178 5524 sancta
1195 5468 1623 5524 Christianorum
1653 5475 2096 5541 tidedescisccns,

523 5537 938 5609 Mnamethicam
987 5550 1190 5593 sectam
1225 5541 1505 5609 amplexus
1538 5549 1674 5594 erat.
1731 5541 1937 5599 Videsis
1993 5537 2097 5598 Ge;

525 5608 962 5683 drcuo_tn__fttsius
1010 5610 1074 5663 de
1117 5609 1218 5664 hoc
1255 5608 1500 5680 agentem
1555 5609 1753 5668 ilistor.
1795 5613 2095 5683 Campend.

524 5676 781 5742 pag-499
809 5687 863 5730 ct
878 5691 1030 5746 seqq.

2213 4640 2417 4696 narium
2445 4637 2886 4689 incendiariarunt
2905 4638 3163 4688 instructa
3191 4635 3358 4688 classe
3389 4636 3641 4689 adversus
3671 4635 3793 4689 Cre-

2203 4725 2309 4764 tam
2342 4707 2507 4774 misit,
2544 4707 2694 4775 quasi
2721 4707 2887 4773 primo
2921 4707 3099 4758 statim
3133 4706 3336 4758 assultu
3379 4706 3661 4774 prteliique
3713 4710 3788 4757 in-

2201 4780 2455 4846 ceptantis
2484 4779 2711 4830 clamore
2734 4790 2794 4826 ea
2822 4777 3085 4842 petiturus
3113 4793 3124 4828 :
3157 4775 3322 4828 Ducis
3354 4788 3528 4827 tamen
3555 4790 3619 4826 ac
3642 4791 3791 4844 pra:-

2203 4845 2356 4913 tort's,
2389 4849 2596 4916 ignavia
2629 4846 2990 4913 imperitiaquc
3017 4845 3356 4916 (viriscilicet
3387 4846 3602 4910 cxsecti,
3639 4847 3796 4898 cubi-

2201 4915 2499 4986 culai'iique
2540 4918 2592 4968 in
2624 4917 2808 4967 umbra
2855 4917 3083 4978 educati,
3118 4915 3518 4986 Paphlagonum
3572 4917 3795 4982 regione

2202 4983 2432 5047 oriundi,
2466 4984 2839 5040 Constantinus
2866 4988 2912 5038 ei
2953 5001 3159 5047 nomen,
3192 4983 3449 5054 Gonzytes
3496 4999 3794 5053 cagnomen

2203 5069 2338 5122 erat,
2370 5057 2576 5107 tametsi
2607 5055 2948 5123 patriciorum
3001 5055 3197 5107 illustri
3237 5054 3490 5123 dignitate
3524 5054 3794 5121 fulgebat)

2205 5129 2371 5182 omnis
2390 5127 2473 5177 hic
2500 5125 2770 5184 exercitus,
2819 5125 2998 5190 paucis
3029 5125 3288 5176 duntaxat
3335 5128 3563 5192 exceptis
3595 5141 3627 5176 a
3653 5123 3798 5176 Bar-

2205 5198 2346 5250 baris
2381 5196 2642 5257 concisus,
2683 5192 3130 5262 internecioneque
3159 5195 3357 5246 deletus
3379 5207 3475 5248 est.

2277 5266 2388 5334 (52)
2423 5266 2503 5318 Ad
2546 5265 2858 5318 excitandos
2913 5278 2977 5317 eo
3037 5269 3206 5334 magis
3239 5264 3491 5334 militum
3543 5263 3795 5334 animos,

2205 5332 2542 5404 Nicephorus
2575 5334 3160 5404 ntartyriidesidcrium
3194 5332 3298 5386 illis
3320 5334 3572 5402 inspirat.
3627 5333 3799 5386 lianc

2203 5403 2574 5459 credulitatem
2631 5404 2716 5456 ditt
2742 5405 2864 5473 late
2913 5403 3209 5473 invaluisse
3241 5404 3487 5473 pluribus
3519 5417 3802 5473 compro-

2205 5474 2317 5527 bari
2344 5482 2519 5540 potest
2547 5471 2826 5540 exemplis.
2861 5473 2989 5529 Vide
3019 5471 3331 5525 Bollandntn
3361 5482 3490 5525 tom.
3517 5471 3586 5525 iV
3627 5471 3800 5538 Jun.,

2206 5559 2327 5612 pag.
2357 5543 2480 5614 (ῥῷ-8,
2517 5553 2569 5595 et
2600 5553 2727 5614 tom.
2775 5541 2837 5611 V,
2876 5558 2996 5614 pag.
3039 5541 3100 5596 81
3135 5558 3149 5610 ;
3185 5541 3547 5599 lllabillonium
3579 5541 3803 5598 Annal.

2209 5623 2338 5668 toni.
2370 5612 2455 5681 lli,
2485 5627 2605 5682 pag.
2635 5611 2760 5664 227.
