4012 6214
312 297 450 366 1013

449 406 609 462 "vis:
633 404 757 461 καθ’
783 403 942 476 ἡμῶν
979 404 1289 475 φλεγμονὰς
1319 407 1725 478 sumsum;

447 500 663 572 Μικρὸν
690 517 742 554 τι
768 497 1128 567 καρτέρησον,
1156 496 1407 568 ἐμϐαλὼν
1432 502 1651 570 κράνος,

459 592 632 663 Ὑπὲρ
668 591 815 644 θυῶν
851 587 963 659 (60)
993 589 1182 642 ἵστασο
1222 590 1439 657 καὶτῆς
1468 592 1643 660 δίκης.

306 682 413 737 220
453 682 624 749 Ἄφες
659 680 750 733 τὸν
776 679 963 743 ὕπνον,
1004 678 1098 731 καὶ
1131 679 1324 749 κράτει
1350 678 1450 749 τὴν
1482 679 1705 746 ἀσπίδα,
1778 686 1793 693 “

450 774 543 845 Μὴ
567 774 681 843 γνῷ
704 772 765 825 τὸ
796 772 1015 842 συμϐὰν
1035 772 1062 824 ὁ
1090 771 1391 841 στρατηγὸς
1414 772 1510 840 τῆς
1540 773 1736 843 μάχης,
1754 792 1771 825 ι

452 866 609 921 Οὕτω
637 867 696 919 τὸ
726 864 936 935 νωθρὸν
966 864 1260 927 ὲξέκοπτες
1303 864 1562 935 ἐργάτου,

452 960 626 1028 Εῐπερ
655 959 838 1027 παρῆν
866 973 950 1019 τις
972 954 1249 1025 νωθρότης
1274 957 1387 1018 τοῖς
1409 956 1668 1019 οἰκέταις.

462 1051 615 1103 Ἐπεὶ
643 1050 699 1103 δὲ
728 1049 821 1102 καὶ
845 1049 957 1116 φῶς
988 1048 1172 1117 ἡμέρα
1204 1048 1547 1117 προμηνύειν

309 1143 415 1197 2‘25
452 1143 679 1205 Λευκοῖς
705 1141 928 1211 χιτῶσιν
951 1140 1155 1209 ἦρξατο
1176 1138 1529 1209 ζοφοφθὸρος,

453 1235 686 1295 Πέπλοις
723 1234 781 1286 δὲ
802 1234 1078 1302 λαμπροῖς
1099 1230 1373 1283 ὲστόλισεν
1400 1231 1616 1301 αἰθέρα,

446 1322 557 1378 Ἦν
582 1324 686 1395 γῆν
720 1324 947 1393 θεωρεῖν
976 1321 1351 1392 λευκὸμορφον
1376 1322 1523 1391 (61),
1572 1322 1665 1375 καὶ
1705 1323 1885 1393 μάχης

450 1416 686 1486 Κήρυκα
710 1413 820 1467 τῶν
851 1413 962 1466 σῶν
992 1412 1290 1482 ἐκδραμεῖν
1314 1412 1763 1483 στρατευμάτων,

452 1507 633 1577 Τείχει
665 1506 776 1579 (62)
810 1505 908 1575 μὲν
936 1505 1091 1578 ἄκρῳ
1133 1504 1244 1577 (63)
1290 1504 1392 1575 τὴν
1425 1504 1682 1573 φάλαγγα
1714 1521 1888 1575 προσ-

1480 1595 1668 1668 [ξέειν
1700 1596 1814 1669 (64)

308 1692 418 1747 250
470 1690 937 1744 Ἐπεισπεσοῦσαν
960 1688 1068 1742 τῶν
1100 1688 1359 1743 ἐναντίων
1386 1688 1560 1757 ἄφνω.

459 1783 608 1836 Ἐκεῖ
638 1784 700 1835 τδ
731 1782 936 1853 πλῆθος
971 1782 1081 1853 (65)
1115 1781 1225 1835 τῶν
1260 1781 1592 1851 φερεκλοίων
1628 1782 1775 1837 ἅπαν

450 1861 628 1941 Τάξεις
657 1874 961 1946 στρατηγὸς
980 1873 1261 1945 τμητικῶς
1292 1875 1631 1945 ἀναρπάσαι,

449 1967 513 2019 Ol
541 1969 945 2037 συστρατάρχαι
970 1968 1068 2038 τῆς
1106 1968 1309 2036 πικρᾶς
1342 1966 1637 2035 ἀλγηδόνος

308 2121 395 2176 his
418 2119 600 2175 verbis
635 2118 962 2174 admonebas
994 2119 1060 2173 de
1082 2118 1322 2188 periculo
1353 2137 1366 2173 :
1401 2139 1419 2171 ι
1453 2120 1563 2174 Cur
1579 2133 1681 2173 non
1705 2119 1875 2174 refor-

309 2210 523 2265 midans
555 2210 768 2273 ducem,
801 2222 981 2278 eques,
1019 2207 1253 2264 fervente
1300 2225 1474 2279 pugna
1501 2212 1666 2265 cubas
1700 2222 1879 2266 extra-

309 2299 431 2352 neis
462 2298 513 2351 in
546 2297 701 2361 locis,
735 2297 822 2351 ubi
868 2297 1234 2352 consternatio
1295 2298 1586 2352 manifesto
1638 2299 1878 2367 periculo

311 2387 483 2457 Spirat
518 2397 703 2441 contra
740 2402 836 2441 nos
866 2388 1115 2442 ardentes
1172 2387 1435 2457 impetus?
1482 2388 1696 2458 paulum
1750 2389 1878 2458 quid

310 2478 538 2543 sustine,
571 2487 624 2533 et
659 2478 907 2547 imposita
943 2478 1092 2549 galea
1138 2494 1238 2548 pro
1276 2478 1536 2549 religione
1563 2489 1669 2549 sta,
1700 2489 1755 2535 et
1783 2493 1882 2548 pro

310 2568 515 2640 legibus
542 2584 555 2623 :
590 2579 781 2624 excute
809 2584 1077 2635 somnum,
1108 2580 1162 2624 et
1205 2572 1480 2641 prehende
1518 2571 1787 2643 clypeum,
1812 2587 1882 2629 ne

309 2673 425 2713 rem
461 2670 749 2731 cognoscat
774 2662 879 2714 dux
908 2660 1116 2729 fprmlii.
1154 2680 1172 2712 ι
1211 2660 1285 2715 Ita
1342 2663 1646 2719 socordiam
1694 2662 1881 2733 depel-

310 2749 464 2805 iebas
494 2763 522 2803 a
562 2750 752 2815 milite,
798 2750 845 2805 si
882 2751 1209 2821 quandoque
1262 2753 1436 2807 inerat
1489 2754 1594 2809 tuis
1643 2752 1878 2811 famulis.

308 2842 445 2896 Cum
505 2852 683 2898 autem
736 2857 933 2897 aurora
982 2844 1349 2912 prmnuntiare
1394 2844 1569 2899 lucent
1627 2848 1884 2915 cmpisset

1234 298 1331 357 DE
1371 296 1967 360 EXPUGNATIONE
1998 299 2259 360 (ΖΒΕΤῶ
2288 302 2655 364 ACROASIS
2691 306 2735 364 Ι.

1917 415 1965 473 Α

3424 306 3563 373 1014

2138 412 2211 465 Τὸ
2256 412 2473 481 συμϐὰν
2499 413 2597 466 οὐχ
2624 414 2874 483 ἤνεγκον,
2915 413 3049 466 ἀλλὰ
3088 414 3185 479 τὰς
3223 414 3393 488 θύρας
3472 462 3481 467 -

1986 503 2092 557 255
2137 503 2415 569 ἽΙνοιξαν,
2447 503 2749 574 ἐξέπτησαν
2781 504 2901 557 ἀντὶ
2931 504 3254 575 στρουθίων,

2127 595 2237 648 Καὶ⁵
2270 595 2406 664 προς
2431 595 2639 665 τάφρον
2666 596 2779 666 (66)
2802 597 3108 666 πλήξαντες
3141 598 3558 665 άντανακλάσει,

2129 688 2241 757 Τὴν
2279 689 2485 760 τάφρον
2511 688 2853 750 ἀντέϐαινον,
2884 689 3000 742 ἀλλ’
3040 689 3389 760 ἐμπροσθίοις

2128 777 2461 846 Πληγέντες,
2500 778 2794 850 ἐξήλαυνον
2833 777 3179 843 ὲξοπισθίως.

2141 866 2228 929 Ὠς
2258 863 2351 922 οὖν
2386 871 2565 940 φυγῆς
2596 864 2685 941 ἦν,
2722 868 2816 924 καὶ
2868 867 2980 941 (67)
3017 868 3259 939 τρόμου,
3319 869 3411 921 καὶ
3461 868 3568 921 δει-

3356 960 3499 1024 [λίας

1987 1050 2093 1105 240
2132 1050 2314 1113 Δεινὸς
2348 1048 2657 1120 χαρακτὴρ,
2698 1052 2793 1103 καὶ
2830 1052 3207 1122 ταχύστροφος
3233 1049 3441 1114 κλόνος,

2141 1143 2207 1196 Ὶι
2239 1144 2447 1213 τάφρος
2476 1142 2617 1213 αὕτη
2644 1142 2754 1194 τῶν
2783 1142 3042 1196 ἐναντίων
3084 1142 3276 1211 τάφος,

2130 1237 2240 1289 Καὶ
2276 1234 2561 1305 συμφορᾶς
2584 1228 2652 1304 ἦν
2678 1233 3014 1300 άστέγαστος
3042 1236 3212 1289 οἰκία.

2131 1322 2291 1397 Εἶχον
2318 1326 2427 1396 γάρ
2462 1325 2617 1378 αὐτοὶ
2653 1323 3031 1394 συμποδιστὰς
3063 1324 3157 1377 καὶ
3183 1324 3403 1385 τόπους,

2126 1416 2348 1487 υύσπερ
2379 1415 2788 1478 κατεσκεύαζον
2818 1416 2899 1478 είς
2932 1413 3230 1483 σωτηρίαν,

1987 1508 2095 1563 245
2144 1509 2233 1571 Ὧς
2266 1506 2333 1561 ἂν
2370 1507 2621 1577 μάθωσιν
2654 1505 2713 1571 ἐξ
2748 1504 3097 1574 ἀναισθήτων
3126 1504 3308 1556 τόπων

2128 1601 2239 1672 Τὴν
2267 1601 2453 1653 πίστιν
2482 1599 2662 1655 αὐτῶν
2690 1600 2847 1663 ἀξίαν
2879 1597 3248 1667 ὑϐρισμένων.

2130 1692 2223 1756 Τίς
2258 1693 2322 1747 ἂν
2352 1694 2639 1764 προφήτης
2664 1691 2910 1761 εὑρεθεὶς
2935 1690 3045 1761 πρὸ
3074 1688 3176 1757 τῆς
3218 1686 3397 1756 μάχης

2123 1784 2252 1846 Τοῖς
2283 1782 2689 1854 ταφρορύκταις
2719 1776 2872 1833 εἶπεν
2903 1778 2968 1831 ἂν
2998 1777 3109 1830 τῶν
3143 1775 3457 1846 βαρϐάρων,

2144 1873 2231 1936 Ὠς
2260 1873 2467 1942 τύμϐον
2498 1873 2825 1943 ἐξώρυττον,
2862 1869 2923 1922 οὺ
2951 1858 3179 1936 τάφρον,
3209 1865 3457 1929 τέκνοις;

1916 1962 1919 1965 ¹
1985 1965 2093 2020 250
2133 1965 2367 2035 Ἀνικμε
2402 1965 2617 2035 Κρήτη,
2656 1963 2733 2032 μὴ
2770 1960 2965 2033 στένῃς
2998 1955 3329 2027 ἀνομϐρίαν,

1988 2117 2200 2172 turbam
2237 2116 2342 2195 dux
2396 2116 2694 2179 statuisset,
2734 2122 2793 2170 ut
2845 2115 3191 2169 traherentur
3241 2114 3308 2168 ad
3357 2127 3566 2169 necem.

1985 2209 2385 2265 commilitones
2416 2221 2604 2261 eorum
2639 2207 2818 2260 acerbi
2872 2205 3073 2261 doloris
3109 2219 3295 2259 casum
3343 2220 3447 2259 non
3483 2214 3568 2257 tu-

1986 2299 2186 2367 lerunt,
2246 2314 2433 2353 verum
2503 2297 2686 2365 januis
2748 2297 2950 2366 apertis
3016 2295 3338 2351 advolahant
3398 2296 3572 2350 instar

1986 2406 2293 2462 passerum,
2334 2399 2387 2443 et
2431 2388 2498 2442 ad
2544 2388 2744 2442 fossam
2800 2386 3077 2442 turmatim
3111 2386 3384 2441 irruentes
3423 2385 3571 2439 illam

1988 2485 2252 2539 violenter
2288 2481 2716 2551 pertransibant,
2744 2479 2839 2534 sed
2873 2493 2901 2532 a
2932 2479 3110 2535 fronte
3140 2477 3383 2548 percussi
3423 2476 3576 2531 festi-

1986 2577 2190 2632 nabant
2243 2584 2387 2630 retro
2440 2576 2653 2629 cedere.
2717 2575 2851 2627 Dum
2911 2586 3038 2642 ergo
3092 2579 3239 2627 esset
3294 2570 3453 2639 fugm,
3514 2579 3573 2622 et

1988 2679 2183 2732 metus,
2217 2668 2286 2723 'et
2335 2666 2638 2722 formidinis
2684 2664 2941 2731 terribilis
2986 2664 3183 2733 imago,
3234 2670 3287 2717 et
3335 2675 3575 2729 prmceps

1986 2763 2269 2826 tumultus,
2298 2760 2439 2815 fossa
2486 2760 2601 2827 ipsa
2649 2756 2956 2825 sepulcrum
3012 2754 3251 2809 hostium
3295 2751 3478 2814 (iebat,
3516 2755 3575 2803 et

1988 2849 2156 2903 caedis
2190 2859 2378 2917 aperta
2401 2848 2617 2902 domus.
2646 2846 2813 2899 Erant
2850 2845 2993 2899 enim
3024 2842 3157 2912 ipsis
3189 2842 3576 2912 impedimento

309 2935 431 2989 alba
487 2943 641 2990 veste
674 2934 944 3002 expellens
997 2934 1268 2999 tenebras,
1323 2944 1378 2990 et
1404 2951 1585 2990 aerem
1642 2938 1888 2993 vestibus
1912 2928 1958 2985 α
1992 2944 2155 2997 etiam
2196 2938 2336 3005 loca,
2357 2954 2475 3007 quae
2509 2938 2575 2992 ad
2623 2938 2853 2993 salutem
2884 2936 2988 2991 sibi
3026 2941 3489 3004 praeparaverant,
3517 2938 3579 2982 ut

310 3036 626 3081 exornasset
655 3024 871 3087 lucidis,
905 3026 1242 3095 prospiceres
1292 3035 1491 3083 terram
1536 3028 1880 3100 albicantem,
1993 3047 2060 3087 ex
2115 3032 2248 3086 locis
2277 3043 2492 3100 quoque
2524 3043 2686 3084 sensu
2743 3025 3061 3096 expertibus
3097 3025 3373 3080 discerent
3419 3038 3574 3078 suam

312 3125 368 3168 Cl
399 3131 587 3184 pugna:
610 3129 911 3184 prmconetn
938 3132 1160 3170 currere
1198 3131 1295 3185 per
1342 3129 1429 3171 tua
1455 3120 1691 3189 agmina,
1729 3133 1784 3178 et
1817 3138 1885 3179 ex
1997 3127 2155 3183 [idem
2181 3124 2397 3193 dignam
2437 3118 2796 3174 contumeliis.
2836 3116 2970 3185 Quis
3016 3117 3127 3186 iam
3177 3124 3395 3187 rogatus
3451 3129 3574 3184 pro-

315 3207 424 3261 alio
456 3219 606 3275 septo
638 3206 958 3274 phalangem
997 3207 1248 3274 educere,
1303 3225 1422 3278 qua:
1468 3223 1691 3282 repente
1725 3215 1887 3271 irrui-
1996 3220 2160 3291 pheta
2187 3224 2312 3270 ante
2334 3213 2580 3285 przelium
2618 3209 2869 3267 barbaris
2909 3208 3140 3264 dixisset
3192 3206 3392 3261 fossam
3441 3205 3574 3259 effu-

316 3309 438 3355 tura
463 3311 579 3356 erat
612 3300 663 3354 in
708 3299 911 3355 hostes.
959 3298 1035 3354 Ibi
1093 3315 1215 3355 cum
1275 3316 1489 3359 omnem
1546 3308 1881 3376 captivorum
1991 3310 2289 3372 dieulibus,
2323 3306 2631 3375 sepulcrum
2658 3301 2928 3369 liliis,uon
2952 3298 3053 3356 sibi
3084 3296 3285 3353 vallum
3305 3293 3579 3351 eﬂ‘odere?

1613 3418 1848 3475 VARUE
1905 3422 2313 3479 LECTIONES.

386 3526 513 3582 919.
547 3527 695 3581 Fort.
739 3527 889 3610 bubo.
922 3527 1045 3581 θεοῦ
1098 3524 1211 3594 (θῦ)
1239 3528 1551 3610 συνίστασο,
1606 3549 1700 3601 pro
1738 3535 1843 3590 Deo
1864 3552 2041 3609 pugna
2074 3545 2123 3590 ct
2154 3552 2250 3602 pro
2318 3535 2541 3589 'ustt'tia.
2580 3530 2708 3586 226.
2742 3529 2894 3584 Fort.
2921 3525 3218 3590 ιστόλιζεν.
3249 3523 3333 3578 Cf.
3366 3520 3454 3578 111.
3486 3522 3577 3605 εβ.

386 3599 443 3651 9-
474 3598 641 3660 τείχει
672 3615 852 3660 μικρῳ
880 3614 934 3651 ιη
970 3607 1083 3651 ηοιο
1110 3597 1189 3650 vel
1218 3614 1414 3660 μακρῳ
1446 3599 1508 3655 C.
1542 3599 1663 3657 Vid.
1693 3605 1897 3660 Auuot.
2008 3608 2137 3660 239.
2157 3604 2226 3660 ἦν
2261 3552 2371 3660 γάρ
2402 3605 2633 3660 τρόμου.
2679 3603 2735 3656 in
2764 3607 2880 3655 not.
2914 3596 3102 3651 melius
3136 3595 3233 3649 καὶ
3261 3594 3324 3660 C,
3350 3594 3494 3660 quod
3522 3608 3575 3647 In

314 3598 443 3680 220.
474 3598 641 3680 τείχει
672 3594 934 3680 μικρῷἱιι
970 3597 1189 3680 nouae!
1218 3599 1414 3680 μάκρῷ
1446 3599 1508 3655 C.
1542 3594 1663 3657 Vid.
1693 3594 1961 3661 Αιιιιοίζν
2008 3594 2226 3680 239.ἧν
2261 3594 2371 3675 γάρ
2402 3605 2633 3675 τρόμου,
2679 3603 2735 3656 in
2764 3607 2880 3655 not.
2914 3596 3102 3651 melius
3136 3595 3233 3649 καὶ
3261 3594 3324 3660 C,
3350 3594 3494 3665 quod
3522 3594 3575 3647 in

315 3668 442 3723 cod.
478 3675 562 3721 est
593 3677 727 3722 teste
763 3666 821 3720 F.
847 3668 1013 3721 -καὶ
1038 3666 1207 3729 διλίας
1228 3666 1292 3722 C.
1336 3666 1347 3669 ⁷
1386 3666 1397 3669 ⁷

1834 3735 2072 3794 NOTIE.

314 3833 645 3907 quintamen
676 3829 1280 3907 ilyooeemeudandum
1333 3842 1455 3907 esse
1476 3830 1615 3891 bene
1652 3824 1890 3907 censuit.

386 3904 503 3973 (60)
542 3901 759 3972 Aliquid
792 3901 979 3973 inhoc
1014 3916 1169 3973 versu
1204 3901 1359 3973 deest
1386 3899 1892 3973 adnumericom-

315 3969 673 4041 plementutn',
724 3973 817 4027 sed
851 3972 904 4026 in
951 3971 1135 4041 codice
1164 3970 1294 4041 nihil
1346 3970 1580 4041 aniplius
1627 3969 1891 4040 scriptum

315 4039 904 4114 appareILLegcndum
934 4041 1073 4094 forte
1110 4039 1252 4093 θυῶν
1286 4040 1402 4094 σοῦ.

391 4108 504 4184 (61)
546 4108 769 4169 Terram
800 4111 1146 4184 albicantgm,
1183 4120 1369 4184 utpote
1435 4110 1503 4163 ab
1535 4124 1730 4184 aurora
1764 4108 1892 4164 illu-

320 4179 570 4249 strat-sm,
624 4189 774 4237 recte
825 4190 983 4236 vocat
1034 4179 1396 4245 Theodosius,
1442 4195 1506 4235 eo
1555 4181 1735 4243 modo,
1788 4193 1894 4245 quo

320 4231 1175 4306 ἑὶίὲὄέιῖἐέὸἔὶὲήιέἰιῗόεεὶέἰέ
1193 4231 1396 4303 idem;
1448 4231 1588 4303 dixit
1617 4231 1897 4319 Virgilius
1929 4231 1976 4287 Ι)

333 4321 453 4375 diu.
489 4321 769 4388 lih.1v,§v.
805 4322 929 4376 586.
967 4320 1072 4375 Sed
1102 4319 1322 4389 propius
1370 4320 1437 4373 ad
1482 4333 1593 4373 rem
1650 4328 1895 4389 nostram

323 4408 515 4460 agrum
553 4393 621 4446 ob
649 4406 859 4459 aurorae
889 4392 1068 4445 lumen
1106 4388 1381 4443 albentem
1415 4389 1704 4458 descripsit
1734 4388 1896 4444 Clau-

323 4462 517 4516 dianus
545 4461 611 4516 de.
644 4461 803 4529 Rapt.
837 4462 930 4516 lib.
964 4476 1047 4524 ιιι,
1074 4475 1126 4515 v.
1151 4460 1276 4519 232.
1310 4460 1381 4514 ita
1413 4474 1616 4513 canens
1653 4477 1667 4514 :

427 4550 499 4603 Et
532 4555 701 4618 prima
730 4550 824 4604 sub
854 4549 965 4603 luce
994 4552 1191 4619 tegunt,
1225 4564 1344 4602 cum
1373 4563 1490 4602 rore
1520 4563 1732 4602 serenus

433 4620 579 4673 Albet
611 4636 735 4688 ager
760 4634 777 4671 :

324 4722 425 4761 nec
450 4706 685 4761 absimili
719 4706 871 4773 plane
902 4705 1062 4759 modo
1092 4706 1235 4759 idem
1283 4705 1363 4759 sic
1389 4702 1622 4759 asseruit
1650 4704 1896 4760 Valerius

326 4779 573 4836 Flaccus.
602 4778 800 4844 Argon.
830 4776 922 4829 lib.
948 4792 1009 4838 ιι,
1039 4791 1088 4829 v.
1116 4776 1184 4829 72
1213 4788 1228 4829 :

430 4865 653 4933 Jamque
675 4865 769 4918 sub
802 4864 928 4919 an:
950 4864 1141 4919 dubios
1167 4865 1451 4919 Atlantidis
1484 4864 1628 4935 ignes

431 4936 579 4990 Albet
610 4951 736 5007 ager
761 4976 777 4991 .

327 5023 418 5089 qui
453 5023 614 5077 etiam
648 5023 753 5077 alio
785 5022 836 5076 in
870 5023 989 5077 loco
1014 5022 1143 5077 ibid.
1177 5025 1271 5078 lib.
1300 5039 1381 5089 ιιι,
1411 5040 1462 5079 v.
1498 5020 1623 5087 258,
1654 5019 1724 5076 ob
1755 5019 1897 5076 diem

325 5103 502 5146 ortam
532 5105 700 5147 turres
732 5095 989 5147 albescere
1022 5094 1261 5161 scripsit.

398 5163 509 5229 (62)
553 5164 773 5232 St'ptttm
802 5164 956 5235 illud,
983 5178 1078 5217 seu
1105 5178 1355 5235 aggerem
1384 5178 1412 5217 a
1454 5161 1761 5235 Nicephnro
1800 5174 1899 5235 pro

325 5235 407 5288 sui
429 5229 698 5290 exercitus
722 5234 1021 5288 munimine
1038 5229 1497 5305 jatn'aediiicatum
1527 5229 1611 5287 hic
1630 5229 1900 5305 designari

326 5319 424 5371 pro
473 5315 621 5360 certo
671 5305 863 5360 habeo.
910 5299 1054 5360 Audi
1117 5303 1352 5359 Leonem
1412 5303 1705 5357 Diaconum
1756 5299 1901 5371 apud

330 5373 552 5440 Pagium
577 5374 715 5428 Crit.
752 5374 804 5427 in
837 5375 1033 5429 Annal.
1065 5375 1267 5429 Barou.
1303 5384 1437 5427 tom.
1468 5371 1558 5438 Ill,
1587 5388 1708 5440 pag.
1739 5371 1844 5425 874
1877 5387 1891 5423 :

330 5446 371 5497 Α
414 5440 587 5497 littore
612 5446 680 5497 ad
722 5453 962 5496 austrum
1004 5454 1267 5513 spectante
1307 5452 1471 5512 cepta
1505 5452 1790 5513 structura,
1832 5440 1901 5493 ad

329 5514 555 5567 alteram
585 5531 744 5583 usque
779 5514 970 5567 littoris
988 5512 1207 5583 partem,
1236 5514 1373 5584 quod
1399 5524 1550 5584 terra:
1580 5512 1900 5584 interjectttnt

329 5592 467 5642 erat.
502 5581 996 5651 septointercludit,
1031 5600 1093 5637 tte
1128 5581 1321 5637 scilicet
1352 5583 1574 5637 Barbari
1618 5597 1711 5650 pro
1752 5581 1897 5633 libita

331 5653 387 5707 in
418 5671 603 5725 agrum
633 5655 789 5724 facile
816 5654 1016 5722 e/fundi
1054 5664 1282 5722 possent,
1312 5655 1630 5721 liberumque
1658 5652 1754 5725 ipsi
1788 5656 1900 5702 erat

335 5720 564 5794 pugnam
594 5720 883 5791 conserere,
919 5736 1007 5780 aut
1044 5720 1143 5779 non
1169 5741 1452 5791 conserere,
1483 5720 1597 5777 cum
1623 5733 1670 5778 et
1698 5720 1903 5775 liberet.

2073 3829 2188 3899 (63)
2227 3826 2514 3899 Cornelius
2538 3825 2706 3879 edidit
2745 3825 2949 3899 μικρῷ,
2970 3834 3039 3899 et_
3055 3824 3434 3899 corrigendum
3457 3836 3584 3875 cen-

2001 3892 2111 3955 suit
2140 3892 2371 3968 μακρῷς
2400 3896 2493 3968 sed
2525 3892 2777 3968 neutrum
2803 3892 2998 3968 horum
3026 3895 3080 3947 in
3110 3894 3295 3968 codice
3314 3892 3576 3968 scriptum

1999 3961 2398 4025 esse'videt’ur.
2436 3966 2710 4035 Equidem
2771 3964 2870 4035 μὲν
2916 3964 3071 4035 άκρῳ
3110 3963 3407 4035 legendum
3431 3961 3581 4013 arhia

2001 4049 2134 4101 tror,
2190 4052 2255 4092 eo
2308 4034 2478 4104 magis
2510 4031 2653 4103 quod
2707 4031 3077 4104 monosyllaba
3137 4031 3447 4104 necessario
3495 4038 3583 4085 est

2002 4108 2268 4165 addenda.
2298 4116 2356 4159 ut
2380 4101 2570 4161 versus
2608 4120 2860 4159 mensura
2889 4101 3037 4163 recte
3070 4117 3130 4158 se
3158 4101 3373 4157 habeat.

2074 4180 2187 4250 (64)
2250 4176 2436 4250 Ξέσαι,
2489 4174 2900 4250 κατασκευάσαι
2960 4174 3352 4250 interpretatur
3408 4168 3583 4250 licsy-

2000 4240 2182 4315 chius;
2233 4248 2374 4317 quod
2429 4244 2653 4299 verbum
2700 4259 2799 4317 pro
2822 4240 3122 4317 _armando'
3154 4240 3583 4317 instruendoque

2001 4313 2390 4376 exercitu'non
2439 4319 2604 4370 semel
2634 4315 2773 4382 apud
2810 4314 3030 4369 Graecos
3062 4313 3360 4382 scriptorcs
3390 4324 3555 4364 occur

1998 4393 2091 4447 rit.
2146 4389 2246 4443 Hic
2288 4397 2468 4441 autem
2530 4385 2787 4449 peculiari
2826 4384 2997 4453 magis
3050 4381 3447 4453 significatione
3485 4393 3584 4445 pro

2001 4458 2337 4515 advocandis
2364 4457 2430 4509 ad
2464 4455 2663 4510 bellum
2698 4449 2960 4509 militibus
2982 4460 3305 4521 usurpatum
3328 4449 3580 4501 videtur:

1998 4532 2134 4585 adeo
2162 4540 2221 4583 ut
2255 4541 2433 4597 prteco
2466 4524 2720 4579 bellicum
2776 4525 2903 4597 tuba
2952 4520 3155 4597 canens
3189 4520 3510 4597 phalangem
3553 4531 3585 4570 e

1997 4612 2152 4669 septo
2190 4588 2283 4653 illo
2310 4597 2675 4661 advocaverit,
2698 4604 2753 4650 et
2786 4594 3058 4656 eduxerit,
3086 4588 3206 4662 quai
3231 4590 3282 4644 in
3313 4588 3585 4643 Barbaros

1998 4670 2255 4725 irrueret.

2070 4741 2182 4808 (63)
2254 4737 2546 4808 Pulchrum
2606 4735 2848 4808 profecto
2918 4731 3205 4808 Nicephori
3256 4738 3581 4808 atratagema

1998 4799 2302 4862 collocandi
2350 4809 2401 4860 in
2458 4799 2633 4859 fronte
2679 4804 2960 4871 phalangis
3010 4799 3251 4870 captivos
3293 4799 3583 4871 Barbaros,

1999 4888 2059 4931 ut
2108 4878 2163 4931 in
2198 4885 2490 4946 couSpectu
2526 4865 2744 4946 suorum
2787 4865 2984 4946 civi'um
3013 4865 3356 4946 necarentur,
3392 4884 3454 4920 ae
3487 4865 3585 4946 ,τοι

1999 4949 2081 5003 sic
2136 4942 2391 5001 commoti
2455 4942 2710 4996 Saraceni
2762 4942 2828 4996 ad
2868 4955 3098 5010 pugnam
3152 4942 3587 5010 exire_coucita-

2000 5027 2207 5071 rcntur.
2260 5014 2449 5069 Simile
2498 5011 2623 5080 quid
2680 5005 3005 5077 stratagetﬁa
3060 5016 3248 5080 contra
3304 5005 3502 5080 sardes
3556 5019 3583 5055 a

1999 5075 2551 5207 Cyro6exc03it2gum
2589 5080 2753 5135 refert
2778 5075 3061 5151 Polyaenus
3100 5078 3335 5147 Stratag.
3360 5075 3454 5131 lib.
3486 5088 3584 5137 vn,

2001 5174 2116 5207 (ξιιῐι-
2186 5196 2201 5207 .
2237 5171 2385 5207 llum.
2455 5194 2467 5207 ο

2001 5157 2116 5213 cat).
2147 5157 2201 5213 6.
2237 5171 2385 5208 num.
2414 5157 2467 5207 ὅ.

2068 5174 2201 5297 ltiti?
2227 5174 2564 5297 ἒὲέέᾇμοίιωο
2611 5220 2699 5297 illa
2733 5230 2834 5284 est,
2870 5234 3029 5297 quam
3072 5217 3375 5297 Saracenos
3408 5215 3473 5269 ad
3502 5212 3584 5297 sui

2002 5283 2302 5352 custodiam
2348 5293 2602 5349 eﬁ‘odisse
2634 5292 2714 5346 sic
2745 5283 2965 5345 enarrat
3005 5288 3114 5343 Leo
3148 5289 3414 5341 Diaconos
3447 5283 3587 5338 :Ac-

2002 5368 2249 5421 cedebant
2281 5374 2329 5418 et
2363 5365 2483 5417 dua:
2515 5364 2571 5417 in
2615 5362 2782 5415 latum
2814 5376 2971 5429 quam
3018 5358 3243 5429 maxime
3275 5356 3443 5409 ductre
3473 5354 3589 5422 [os-

2002 5453 2094 5499 ste,
2126 5447 2280 5503 atque
2313 5433 2612 5503 profunda,
2644 5428 3021 5503 quartanique
3045 5428 3418 5503 munimentum
3450 5438 3587 5503 pra:-

2003 5489 2222 5561 sta'rent'.
2255 5489 2374 5562 Vid.
2411 5489 2553 5574 'Pag.
2580 5489 2714 5558 Crit.
2756 5501 2811 5554 in
2848 5489 3047 5553 Au'nal.
3086 5498 3282 5552 Baron.
3328 5489 3457 5549 tom.
3496 5489 3588 5558 lll,

2044 5593 2129 5630 ac-
2166 5576 2291 5630 874.

2006 5592 2313 5715 ρῃῗίίῧιῦοο
2349 5646 2516 5715 codex
2552 5662 2564 5698 :
2597 5648 2654 5715 et_
2704 5645 2782 5715 sic
2815 5653 3029 5715 quoque
3071 5639 3136 5696 ad
3187 5651 3335 5693 oram
3379 5632 3586 5705 pagina:

2008 5709 2385 5787 corrigendum
2410 5710 2683 5769 adnotavit
2715 5709 3019 5767 Cornelius.
