4012 6214
508 364 919 436 Ἀναρῤοφῆσαι
953 364 1170 435 μαίεται
1216 367 1434 437 Ῥώμης
1457 371 1654 440 κράτος
1674 389 1689 404 °

354 457 459 511 145
509 457 640 511 Ἰδοὺ
674 457 787 529 (ll)
827 457 1130 527 συριγμοὺς
1157 457 1185 509 ὁ
1214 457 1429 528 δράκων
1461 464 1612 530 χειᾶς
1641 465 1803 533 μέσον

493 550 761 620 Κήρυκας
800 549 972 619 όργῆς
1009 549 1103 602 καὶ
1126 550 1342 619 σφαγῆς
1366 552 1647 620 ἀναπνέει,

490 640 641 709 Φυσᾷ
669 639 763 693 τὸν
803 638 880 691 ἰὸν
912 639 1005 692 καὶ
1031 638 1210 709 βιάζει
1235 640 1335 709 τὴν
1362 641 1544 709 φύσιν.

504 730 643 782 Ἀλλ’
673 729 823 782 ἔστιν
846 729 1013 782 αὑτοῦ
1044 731 1104 783 τὸ
1148 730 1347 801 θράσος
1384 732 1708 805 δείλανδρία.

492 820 700 890 Μηδεὶς
724 820 990 891 φοϐηθεὶς
1025 821 1311 887 ἐξόπισθεν
1345 824 1593 891 φευγέτω
1611 840 1624 854 ·

352 906 455 962 150
490 906 671 977 Θυμὸς
697 909 806 977 γὰρ
836 907 988 979 αὐτῷ
1018 908 1178 977 μέχρι
1217 909 1325 961 τῶν
1350 911 1571 964 κτύπων
1602 912 1799 984 μόνων.

495 999 693 1067 Ἴωμεν
718 996 834 1051 ἀνθ’
858 990 934 1050 ὦν
960 996 1226 1061 εὐσθενῶς
1254 999 1589 1069 ὡπλισμένοι
1626 1018 1640 1033 ’

492 1091 714 1160 Ἔχουσι
745 1090 954 1161 σάρκας
982 1091 1074 1145 καὶ
1105 1089 1175 1145 τὰ
1209 1091 1310 1162 τῆς
1354 1093 1533 1164 ’Λγαρ
1570 1096 1734 1150 τέκνα
1762 1096 1895 1169 (12).

488 1182 602 1236 Οὐκ
621 1182 768 1237 ἐστιν
799 1185 985 1245 αὐτοῖς
1017 1184 1156 1253 σάρξ
1188 1185 1463 1256 σίδηροςῆ
1495 1187 1662 1251 λίθος.

495 1274 795 1342 Ἀλγοῦσιν,
833 1275 900 1328 ἂν
928 1275 1153 1341 λάϐωσι,
1209 1276 1493 1345 Ῥωμαίων
1529 1279 1724 1332 πλέον·

348 1362 455 1418 155
500 1364 808 1435 Ἀργοῦσιν,
842 1364 1024 1418 αὐτῶν
1055 1365 1103 1417 εἰ
1130 1365 1375 1419 κοπῶσιν
1404 1367 1460 1419 αἱ
1491 1371 1672 1438 χεῖρες
1695 1386 1707 1400 ο

492 1456 787 1509 [Ιίπτουσιν
810 1456 891 1518 εἰς
912 1455 1040 1525 γῆν,
1074 1456 1122 1508 εἰ
1147 1457 1390 1510 κοπῶσιν
1412 1459 1460 1509 οἱ
1505 1460 1683 1523 πόδες.

489 1545 695 1615 Μηδεὶς
722 1546 941 1616 νοσήσει
968 1546 1068 1616 τὴν
1092 1545 1297 1614 πικρὰν
1328 1547 1619 1618 ἀνανδρίαν
1644 1565 1657 1578 ·

486 1636 693 1706 Μηδεὶς
725 1636 986 1706 φοϐηθεὶς
1017 1637 1077 1689 οὐ
1120 1638 1279 1705 φανεῖ
1314 1635 1535 1708 Ῥώμης
1568 1639 1778 1704 κλάδος.

484 1726 692 1797 Μηδεὶς
723 1726 876 1782 νόθον
904 1727 1150 1799 γέννημα
1190 1730 1283 1783 καὶ
1314 1729 1525 1799 σπορὰν
1553 1729 1711 1801 ξένην

343 1881 460 1936 haec
494 1882 857 1941 emisitverba
885 1885 954 1941 ad
977 1884 1178 1940 bellum
1205 1886 1501 1941 excitantia
1526 1906 1539 1942 :
1566 1907 1583 1939 ι
1616 1868 1801 1944 Rome
1834 1906 1924 1947 ro-

342 1973 467 2036 bur,
491 1974 607 2039 lilii,
636 1977 907 2041 conservi,
929 1978 1086 2032 amici
1110 2018 1124 2043 ,
1161 1993 1289 2033 ecce
1306 1981 1593 2034 adversum
1614 1997 1712 2036 nos
1728 1982 1920 2038 iterum

344 2062 521 2118 bellua
545 2067 726 2120 molita
752 2077 834 2121 est
854 2070 998 2123 intus
1024 2069 1207 2124 irritas
1234 2070 1499 2136 insidias;
1537 2072 1923 2143 ecceCharyb-

343 2154 431 2208 dis
443 2169 504 2210 os
521 2156 761 2212 terribile
773 2157 1074 2212 Romanum
1094 2158 1387 2214 absorbere
1404 2161 1687 2229 imperium
1708 2162 1917 2216 nititur:

345 2262 478 2303 ecce
506 2248 661 2303 sibila
699 2248 862 2305 draco
886 2250 1058 2307 lustro
1084 2252 1138 2305 in
1164 2252 1346 2309 medio
1373 2253 1595 2317 emittit,
1629 2254 1723 2308 irae
1756 2264 1921 2324 atque

347 2340 511 2393 caedis
536 2341 939 2411 nuntia,jspirat
968 2357 1251 2410 venenum,
1283 2353 1339 2399 et
1360 2344 1467 2399 vim
1504 2343 1669 2399 infert
1691 2356 1917 2401 natura.

344 2430 599 2485 Attamen
646 2433 832 2487 timida
861 2445 944 2489 est
980 2434 1095 2505 ejus
1130 2437 1354 2491 audacia
1385 2455 1398 2491 :
1441 2452 1602 2492 nemo
1628 2440 1919 2496 exterritus

343 2532 523 2577 vertat
550 2534 697 2593 terga
736 2524 893 2595 fugae,
920 2542 1154 2597 namque
1209 2529 1287 2584 illi
1328 2539 1409 2585 est
1441 2530 1652 2586 animus
1691 2532 1918 2588 suuunis

345 2623 552 2669 tantum
576 2615 750 2672 labiis.
776 2620 987 2674 Armati
1020 2621 1202 2691 itaque
1217 2637 1403 2677 eamus
1416 2632 1604 2677 contra
1630 2622 1748 2679 illos
1768 2635 1917 2679 stuc-

341 2723 469 2775 nue,
525 2711 707 2765 carnei
759 2720 884 2765 sunt
927 2713 1087 2766 etiam
1118 2714 1266 2782 Agar
1294 2714 1409 2779 ﬁlii,
1460 2730 1563 2771 nec
1616 2716 1721 2771 illis
1778 2718 1918 2773 inest

341 2812 471 2853 caro
503 2800 698 2865 ferrea,
723 2808 818 2853 aut
850 2815 1032 2855 saxea.
1066 2798 1121 2853 Si
1155 2800 1526 2867 vulnerentur,
1580 2805 1699 2873 plus
1750 2820 1915 2875 quam

342 2890 594 2956 Romani,
634 2892 822 2945 dolent
866 2909 881 2958 ;
937 2901 1288 2961 torpescunt,
1356 2893 1403 2947 si
1471 2893 1777 2947 incidantur
1820 2910 1915 2948 eo-

342 2998 458 3038 rum
522 2998 716 3037 manus
778 3000 790 3036 :
862 2984 1009 3037 humi
1082 2983 1473 3053 procumbunt,
1526 2986 1569 3038 si
1629 2996 1916 3053 amputen-

344 3087 429 3129 tur
454 3076 641 3145 pedes.
676 3073 845 3129 Nemo
877 3075 1086 3129 laboret
1107 3075 1348 3145 improba
1382 3074 1608 3142 desidia,
1629 3091 1787 3131 nemo
1810 3086 1919 3132 tre-

1246 257 1344 317 DE
1377 258 1969 326 EXPUGNATIONE
2006 268 2272 329 CRETIE
2302 270 2672 335 ACROASIS
2703 277 2784 339 II.

1963 386 2007 443 Α
2041 378 2141 433 160
2182 380 2386 445 Δείξειν
2420 381 2611 436 ἑαυτὸν
2638 387 2696 438 ἐν
2720 391 2906 453 κακοῖς
2956 396 3322 460 σπουδαζέτω.

3466 293 3603 357 1026

2170 470 2363 535 Αἰδὼς,
2397 473 2636 543 ἀδελφοὶ,
2666 477 2767 547 τῆς
2798 482 2976 549 φυγῆς
3000 488 3029 552 ἡ
3057 488 3227 558 ζημία
3253 492 3388 561 (l3).

2170 562 2412 617 Αἰδεῖσθε
2442 569 2664 634 φεύγειν
2699 571 2793 623 καὶ
2823 573 3102 627 πτοεῖσθαι
3132 580 3199 631 τὰ
3230 580 3382 652 ξίφη.

2172 652 2279 705 Ποῦ
2316 654 2423 722 γὰρ
2452 657 2719 724 φυγοῦσιν
2748 661 2943 732 εὑρεθῇ
2981 665 3246 735 σωτηρία,

2169 744 2438 801 Μένουσιν
2466 748 2613 802 ἔνδον
2650 751 2943 822 Κρητικῶν
2979 759 3323 827 όρισμάτωνς

2031 828 2134 884 165
2172 833 2288 884 Οὐκ
2318 834 2463 889 ἔστιν
2504 840 2654 909 ἰσχὺς
2682 842 2778 913 τῆς
2810 844 2989 917 Ἀγαρ
3006 850 3117 911 τοῖς
3139 851 3384 918 ἐγγόνοις
3407 867 3421 882 ’

2169 922 2307 1017 Θεὸς
2333 926 2441 996 γὰρ
2465 930 2574 1000 (14)
2607 934 2739 1001 ἡμῖν
2784 944 3064 1010 συμμαχεῖ
3089 944 3183 996 καὶ
3242 946 3541 1017 συντρέχει.
3579 969 3597 1002 ο

2240 1015 2395 1070 Οὕτω
2417 1020 2702 1090 στομώσας
2729 1028 2822 1079 τοῦ
2864 1034 3095 1101 στρατοῦ
3122 1053 3214 1088 σου
3232 1038 3299 1091 τά
3332 1038 3479 1108 ξίφη,

2167 1105 2372 1197 ᾼόχους
2402 1108 2595 1174 ἐποίει,
2632 1116 2725 1166 καὶ
2749 1120 2956 1186 τροπὴν
2977 1124 3392 1197 πεπλασμένην,

2181 1195 2271 1288 ξΩς
2307 1197 2372 1288 ἀν
2404 1200 2702 1265 κλαπέντες
2730 1204 2940 1261 ἔνδοθεν
2972 1195 3334 1283 τειχισμάτων
3359 1219 3471 1288 (15)

2026 1285 2129 1339 170
2170 1286 2404 1349 Ἔξωθεν
2430 1290 2772 1362 θαρσήσωσιν
2797 1297 3176 1367 ἐκϐεϐηκέναι.

2181 1376 2267 1439 Ὠς
2288 1378 2382 1431 οὖν
2407 1382 2595 1451 καιρὸς
2621 1384 2815 1453 ἧγγισε
2844 1388 2955 1441 τῶν
2985 1390 3393 1462 βουλευμάτων,

2167 1467 2364 1536 Χώραν
2394 1470 2504 1540 (16)
2533 1473 2764 1545 ἐχούσης
2797 1478 2894 1547 τῆς
2924 1482 3209 1553 ροδοχρόου
3249 1487 3459 1556 τρίτην,

2167 1558 2335 1622 Χειάς
2360 1561 2649 1632 ἀνώρμων,
2690 1565 2765 1629 ὡς
2790 1568 2963 1637 ὄφεις,
2996 1573 3045 1623 οἱ
3074 1577 3174 1636 τὰς
3204 1580 3380 1645 κάρας

2175 1650 2448 1719 Ἔχοντες,
2491 1656 2566 1717 ὡς
2587 1656 2786 1723 ὄνειδος
2812 1660 2945 1730 (17),
2980 1664 3338 1737 ὲξυρημένας.

1956 1715 2003 1776 Β
2030 1738 2133 1793 175
2172 1715 2387 1795 Totith
2418 1715 2630 1816 ὖπῆρχε
2668 1715 2995 1821 καὶψκρότος
3015 1715 3389 1827 ἷτάῖςτάσῖτῖσι,

2025 1907 2177 1951 mens
2214 1912 2316 1952 non
2350 1911 2605 1969 appareat
2653 1902 2833 1959 llomte
2880 1923 3122 1978 germen,
3168 1928 3325 1970 nemo
3360 1918 3599 1986 spuriam

2022 1990 2333 2058 progeniem
2410 2002 2462 2047 et
2521 2003 2839 2049 extraneum
2903 2017 3069 2069 genus
3125 2004 3175 2057 in
3241 2009 3482 2063 adversis
3543 2025 3602 2065 se

2023 2092 2240 2151 satagat
2274 2086 2577 2140 ostendere.
2611 2085 2805 2157 Turpis
2837 2103 2943 2157 est,
2981 2092 3199 2159 fratres,
3231 2096 3372 2167 luga,
3410 2110 3462 2154 et
3501 2116 3599 2170 pe-

2022 2171 2292 2240 riculosa;
2328 2176 2523 2243 pudeat
2550 2192 2643 2232 vos
2682 2178 2866 2250 fugere
2895 2193 2943 2236 et
2981 2200 3173 2253 pavere
3203 2188 3441 2257 gladios;
3476 2207 3600 2245 nam

2021 2274 2129 2328 quo
2176 2260 2443 2330 fugientes
2492 2264 2721 2320 salutem
2792 2268 3068 2327 invenient
3131 2288 3408 2333 manentes
3459 2279 3600 2333 intra

2019 2351 2233 2406 Cretica
2284 2352 2553 2408 conﬁnia?
2592 2356 2798 2411 nullum
2839 2368 2924 2413 est
2960 2363 3125 2418 robur
3160 2366 3304 2436 Agar
3342 2372 3599 2437 posteris,

2022 2444 2164 2500 Deus
2202 2446 2347 2499 enim
2391 2462 2491 2501 nos
2544 2456 2725 2503 tuetur
2770 2460 2931 2520 atque
2985 2453 3221 2523 adjuvat.
3272 2475 3290 2509 ι
3345 2459 3478 2513 Cum
3524 2462 3603 2515 sic

2020 2535 2254 2591 acuisset
2284 2550 2445 2590 enses
2479 2537 2561 2591 sui
2587 2539 2885 2605 exercitus,
2921 2540 3145 2600 insidias
3183 2549 3396 2615 paravit
3437 2560 3490 2603 et
3535 2550 3601 2604 li-

2020 2635 2161 2680 ctam
2208 2625 2421 2696 fugam,
2456 2635 2513 2680 ut
2543 2627 2775 2697 decepti,
2801 2632 2891 2698 qui
2930 2634 3147 2689 stabant
3190 2638 3332 2691 intra
3381 2642 3602 2705 mmnia,

2019 2716 2165 2770 foras
2199 2717 2461 2769 auderent
2502 2718 2706 2786 egredi.
2747 2718 2815 2773 Ut
2864 2720 3025 2789 igitur
3078 2733 3340 2779 statutum
3389 2737 3603 2796 tempus

2019 2804 2255 2869 advenit,
2277 2804 2462 2857 horam
2492 2804 2724 2859 habente
2749 2823 2903 2863 rosea
2932 2810 3020 2865 die
3047 2814 3284 2879 tertiam,
3310 2829 3376 2869 ex
3402 2818 3597 2881 antris,

2021 2906 2075 2949 ut
2106 2905 2411 2963 serpentes,
2443 2898 2819 2964 erumpebant,
2845 2901 3023 2969 capita
3057 2902 3279 2959 detonsa
3318 2907 3600 2973 habentes,

2019 2998 2297 3054 tamquam
2337 2986 2402 3038 de
2432 2985 2601 3052 plebis
2638 2985 2788 3041 fasce.
2822 2987 2916 3043 llis
2942 3001 3060 3045 erat
3092 2994 3255 3047 etiam
3291 2996 3599 3065 clypeorum

2020 3076 2304 3145 strepitus,
2324 3075 2640 3144 clamorque
2659 3077 2883 3146 multus,
2903 3088 2959 3133 ct
2977 3084 3227 3139 tremoris
3245 3094 3403 3154 pater
3424 3098 3603 3144 metus

1575 3213 1813 3269 VARIA‘I
1850 3212 2255 3271 LECTIONES.

419 3332 639 3414 145.15.
682 3335 1009 3414 συριγμοιξς.
1043 3331 1132 3387 Sic
1330 3332 1452 3387 154.
1484 3332 1798 3414 ἀλγοῦσις.

1901 3332 2024 3386 155.
2056 3331 2285 3401 ἀργοῦσι
2316 3330 2378 3383 C.
2459 3329 2788 3401 16οζδείξεν
2818 3331 2877 3384 C.
2906 3331 3027 3386 162.
3056 3337 3306 3390 πτοεῖσθε
3333 3337 3393 3391 C.
3473 3338 3598 3395 169ο

346 3405 721 3485 Ξειχισάντων,
755 3399 1028 3459 ἰηῖιοιίεε
1063 3403 1249 3455 melius
1274 3399 1672 3485 Λτειχισμάτων
1719 3403 1781 3456 C.
1807 3403 1951 3485 quod
2032 3399 2261 3485 inlcod.
2297 3400 2523 3485 .invlcnit
2568 3399 2630 3485 F.‘

2738 3400 2859 3453 171.
2908 3400 3173 3479 Fort._t_b;
3207 3404 3355 3479 οὖνὸ
3388 3411 3596 3479 καιρόςο

344 3469 496 3527 Fort.
526 3475 689 3529 etiam
721 3484 981 3544 praeterea
1011 3476 1239 3544 ήγγισεν
1272 3469 1675 3541 βουλευμάτων,
1701 3488 1730 3526 a
1778 3469 2007 3542 pedibus
2038 3473 2185 3526 enim
2243 3469 2533 3539 trisyllabis
2586 3469 2862 3524 abstinere
2892 3472 3030 3527 solet
3060 3472 3419 3531 Theodosius.

1833 3585 2059 3642 NOTAE.

417 3704 530 3774 (ll)
579 3704 777 3778 Eadem
827 3721 891 3778 ex
929 3721 1086 3778 causa
1131 3705 1294 3775 hujus
1328 3707 1490 3762 etiam
1519 3708 1667 3763 verbi
1715 3708 1919 3778 primas
1947 3716 1989 3775 α
2099 3706 2211 3776 (Η)
2255 3705 2378 3758 ῐιεεε
2396 3704 2625 3778 _etiam__a
2655 3706 3077 3778 praefatamuam
3094 3708 3437 3776 Theophanis
3468 3728 3599 3767 con-

343 3787 554 3831 tantum
594 3776 800 3829 litteras
836 3776 1015 3829 innuit
1043 3777 1346 3831 Cornelius.

418 3845 531 3915 (12)
571 3845 800 3913 Agareni
836 3847 1060 3908 scilicet,
1112 3846 1185 3899 ita
1217 3848 1366 3912 dicti,
1403 3848 1544 3915 quod
1575 3847 1644 3901 ab
1687 3845 1915 3902 lsmaele

342 3915 874 3987 descendereutjilio
903 3916 1271 3987 Agarancillte
1298 3919 1548 3982 Abralue,
1580 3933 1739 3987 quam
1775 3918 1912 3987 ipse,

342 3986 693 4057 permittente
737 3984 892 4049 Sara,
933 3985 1084 4038 duxit
1137 3987 1191 4038 in
1249 3988 1550 4056 conjugem.
1596 3984 1914 4055 Hujusrnodi

342 4054 572 4125 populos
600 4054 763 4108 etiam
792 4065 1003 4125 veteres
1034 4054 1431 4125 cognoverunt?
1463 4054 1746 4125 AgarcnOs
1770 4057 1914 4111 enim

344 4123 650 4179 memorant
682 4138 850 4177 Sacrae
878 4123 1091 4194 Pagina:
1119 4124 1261 4179 Psal.
1294 4123 1580 4192 ικχχιιίν.
1617 4126 1669 4189 6,
1693 4141 1789 4180 nec
1808 4140 1912 4179 non

346 4195 552 4251 Plinius
588 4194 684 4248 lib.
716 4208 935 4264 vr,_cap.
965 4195 1055 4259 28,
1088 4197 1178 4263 qui
1202 4195 1472 4263 Arabiam,
1500 4196 1732 4251 Felicem
1768 4196 1916 4249 habi-

348 4276 493 4337 tasse
526 4265 681 4337 dicit,
714 4274 767 4319 et
787 4262 997 4337 Strabo
1028 4266 1121 4337 lib.
1154 4281 1287 4328 xvu,
1323 4282 1442 4337 pag.
1478 4266 1600 4322 528.
1633 4264 1734 4332 Qui
1772 4265 1916 4337 ipsos

347 4333 656 4416 Iflabathaeis
713 4335 977 4404 adjuugit.
1034 4333 1444 4416 Observandum
1511 4347 1729 4416 tamen,
1775 4335 1914 4416 quod

343 4404 717 4475 Agarenorutn
783 4420 976 4475 nomen
1021 4420 1049 4457 a
1097 4406 1494 4460 recentioribus
1548 4404 1910 4475 scriptoribus

345 4472 525 4525 latiori
588 4474 747 4527 modo
805 4476 872 4526 ad
923 4474 1296 4543 designandos
1320 4490 1507 4529 omnes
1546 4472 1919 4543 cujuscunque

346 4543 583 4614 regionis
604 4544 815 4596 Arabas
831 4557 893 4614 ac
916 4542 1218 4596 Saracenos
1235 4554 1552 4613 usurpatum
1571 4542 1690 4597 fuit.
1709 4543 1917 4614 Agartei

344 4614 507 4681 etiam
531 4613 563 4665 ii
602 4613 896 4681 nuncupati
920 4623 1235 4675 occurrunt,
1272 4615 1338 4666 ab
1365 4617 1531 4681 Agar,
1559 4614 1691 4668 urbe
1711 4613 1918 4667 Arabiae

346 4680 567 4733 Petraea:
595 4680 855 4749 principe,
877 4684 961 4735 cui
993 4684 1240 4735 eamdem
1264 4680 1659 4748 AgarAbr-ahte
1689 4697 1914 4736 uxorem

346 4764 544 4802 nomen
576 4751 787 4803 dedisse
825 4753 1160 4805 contendunt
1192 4751 1458 4803 nonnulli.

419 4820 531 4888 (15)
564 4817 757 4871 llanca
782 4817 1087 4888 Nicephoro
1114 4820 1352 4873 habitam
1393 4820 1458 4874 ad
1494 4820 1689 4875 milites
1727 4820 1921 4875 allocu-

346 4889 547 4942 tionem
576 4888 752 4941 nullus
798 4905 862 4943 ex
896 4890 1124 4953 buccis,
1156 4892 1246 4957 qui
1282 4890 1457 4944 adhuc
1500 4900 1729 4954 restant,
1758 4890 1920 4957 lmjus

348 4959 712 5021 expeditionis
739 4960 1099 5028 scriptoribus
1131 4971 1398 5014 recenset.
1430 4958 1589 5013 Plura
1619 4971 1797 5013 tamen
1834 4962 1919 5015 his

342 5028 541 5081 similia
594 5041 740 5100 sunt,
798 5045 916 5097 qua:
948 5030 1240 5100 alloculuiu
1284 5045 1405 5100 esse
1446 5031 1812 5100 Nicephorum
1853 5032 1919 5084 ad

344 5100 544 5152 milites
613 5098 718 5151 alia
770 5102 1058 5155 occasione
1114 5099 1280 5152 refert
1345 5098 1688 5167 Theophanis
1751 5101 1924 5154 conti-

345 5180 543 5240 nuatur
595 5184 899 5238 anonymus
954 5171 1009 5223 in
1062 5169 1222 5240 lloin.
1265 5167 1392 5223 Jun.
1463 5186 1611 5223 num.
1662 5169 1750 5231 l2,
1800 5186 1920 5240 pag.

344 5237 493 5309 299)
564 5252 630 5290 ex
708 5237 812 5309 qua
882 5241 996 5294 haec
1085 5239 1153 5292 ad
1205 5254 1314 5292 rem
1383 5248 1623 5293 nostrain
1698 5237 1924 5309 accipe:

2024 3774 2263 3831 tintrator
2300 3774 2513 3832 recitat,
2542 3774 2866 3827 allocutione
2918 3774 3290 3844 illustrantur;
3337 3781 3405 3832 ibi
3452 3786 3596 3835 enim

2020 3848 2098 3901 sic
2123 3845 2460 3919 Nicepltortts
2479 3844 2734 3919 _loqui_tur
2756 3861 2770 3919 ς
2792 3843 3014 3919 Στῶμεν
3042 3847 3140 3919 καὶ
3165 3843 3597 3919 καρτερήσωμεν

2018 3919 2095 3978 είς
2123 3913 2551 3986 ἀντιπᾳράὲσὲξιν
2589 3912 2698 3964 τῶν
2744 3913 2994 3986 ἀρνητῶν
3048 3914 3143 3966 τοῦ
3192 3912 3450 3986 Χρισξοῦ,
3498 3912 3599 3973 ’και

2018 3985 2251 4056 Χριστὸς
2297 3984 2344 4056 όᾲ
2380 3982 2513 4056 Θεὸς
2547 3982 2887 4056 συνεργήσελιλ
2917 3985 3067 4052 ἡμῖν,
3118 3985 3212 4056 καὶ
3244 3982 3445 4040 ’ὀλέσει
3472 3991 3600 4051 τοὺς

2020 4052 2251 4125 ἐχθροὺς
2324 4054 2503 4125 ἡμων,
2554 4052 2688 4125 uati;
2723 4052 3056 4125 πορθήσεται
3106 4055 3165 4106 τὸ
3212 4056 3445 4125 κάστρον
3490 4060 3599 4112 τῶν

2020 4075 2046 4108 ε
2088 4075 2251 4123 υρους
2324 4075 2503 4123 ημων,
2554 4075 2645 4104 και
2723 4075 3056 4122 πορυησεται
3106 4075 3165 4106 το
3212 4075 3445 4125 καστρον
3490 4076 3597 4112 των

2019 4075 2297 4198 ἀλαζόνων
2331 4122 2424 4175 τοῦ
2454 4120 2724 4198 Χριστοῦ..
2748 4123 2957 4198 Stemus
2987 4124 3237 4198 intrepidi
3274 4126 3597 4198 adversaque

2019 4198 2129 4248 acie
2150 4192 2418 4247 Christum
2439 4191 2679 4263 negantes
2706 4191 2943 4263 inﬁdeles
2974 4194 3225 4246 audacter
3250 4191 3552 4263 appetentius
3576 4214 3596 4260 ,'

2018 4265 2147 4334 feret
2180 4264 2443 4331 suppetias
2474 4260 2717 4334 Christus
2742 4261 2883 4314 Deus
2920 4272 3113 4334 noster,
3160 4260 3431 4333 hostesque
3476 4284 3599 4330 pro-

2018 4333 2245 4403 ﬂigabit,
2288 4350 2351 4405 ac
2366 4333 2715 4405 superborum
2756 4334 2901 4401 eique
2941 4333 3308 4387 insultantium
3346 4336 3595 4405 oppidum

2020 4418 2295 4473 arcemque
2320 4403 2516 4456 diruet.

2092 4470 2218 4544 (15)⁷
2242 4472 2333 4544 Sic
2361 4480 2506 4527 recte
2529 4471 2722 4537 codex,
2754 4470 2897 4544 quod
2918 4472 3175 4544 mendose
3207 4474 3595 4531 ediditCorne-

2020 4534 2145 4609 lius,
2182 4544 2281 4599 etsi
2313 4542 2381 4594 ita
2415 4556 2535 4596 esse
2562 4534 2956 4595 emendandum
2984 4534 3280 4597 adnotavit.

2092 4614 2205 4683 (16)
2237 4611 2525 4683 Stationem
2580 4611 2809 4683 scilicet,
2841 4626 2935 4665 seu
2986 4614 3182 4675 sedem,
3234 4615 3423 4683 inqua
3467 4626 3595 4671 tunc

2020 4680 2137 4737 dies
2187 4680 2871 4751 consistebat.AEleganter
2925 4692 3106 4736 autem
3158 4683 3296 4736 dixit
3328 4680 3468 4739 diem
3501 4702 3597 4743 ,εε-

2021 4755 2142 4805 dem
2196 4750 2412 4805 tertiam
2474 4749 2749 4813 habuisse,
2796 4761 2852 4804 ut
2912 4753 3099 4805 horam
3159 4754 3329 4821 ipsius
3380 4756 3590 4809 tertiam

2022 4822 2305 4874 indicaret.

2093 4890 2208 4957 (l7)
2230 4887 2530 4957 Turcarutn
2556 4900 2762 4957 morem
2795 4888 2928 4940 satis
2957 4896 3142 4941 notum
3169 4892 3337 4957 tangit
3370 4893 3591 4946 radendi

2093 4907 2208 4957 (11)
2240 4907 2530 4940 ιυτεεπυιη
2557 4907 2762 4940 morem
2795 4907 2928 4940 satis
2957 4907 3142 4941 ηοιυηι
3169 4907 3256 4942 [IIII
3302 4907 3337 4943 ιι
3370 4907 3590 4946 rauenat

2022 4960 2122 5014 sibi
2179 4957 2378 5025 capita.
2432 4956 2585 5021 Quod
2621 4968 2799 5011 autem
2842 4958 3008 5023 addit,
3035 4957 3107 5019 ὡς
3140 4907 3361 5026 δνειὲος,
3395 4961 3594 5014 11011ιό-

2030 5044 2219 5083 norum
2244 5028 2667 5099 Grazcorumque
2698 5042 2915 5099 rnorem
2929 5029 3167 5097 respicit,
3192 5033 3330 5097 apud
3354 5047 3487 5099 quos
3518 5033 3596 5084 vi-

2030 5100 2169 5153 libus
2196 5107 2247 5151 ει
2281 5096 2655 5166 ignominiosis
2696 5096 3002 5151 hominibus
3024 5096 3591 5166 'capitaradebantur.

2026 5168 2104 5224 De
2139 5169 2311 5223 servis
2341 5174 2502 5235 atque
2550 5168 2616 5218 ad
2640 5181 2775 5234 opus
2800 5168 3067 5235 publicum
3095 5170 3360 5221 damnatis
3393 5170 3461 5221 ita
3490 5171 3591 5221 Ar-

2028 5239 2323 5309 temidorus
2372 5236 2706 5309 Oneiroct‘it.
2750 5237 2842 5309 lib.
2888 5253 2927 5299 ι,
2974 5253 3091 5304 cap.
3141 5239 3256 5309 22:
3304 5239 3594 5309 Ὀπότερον

344 5307 622 5378 Λάϐρωμεν
658 5308 839 5360 πίστιν
873 5310 970 5377 τὴν
1010 5310 1118 5362 τῶν
1149 5309 1328 5378 φόϐων
1353 5309 1674 5378 φονεῠτριαν
1699 5323 1713 5339 ⁸
1742 5305 1928 5363 ἀναλο-
2024 5308 2069 5360 δ’
2097 5308 2162 5361 ἂν
2192 5307 2290 5376 τῆς
2325 5306 2565 5378 κεφαλῆς
2599 5305 2753 5374 ψιλὸν
2792 5308 2902 5377 ἔχει
2944 5324 3027 5378 τις
3055 5308 3155 5359 οὐκ
3185 5308 3261 5360 ὢν
3286 5305 3595 5376 εὐσυνείδη-

344 5375 904 5461 γισωμεθαοότιένδον
921 5375 1086 5461 ἐσμὲν
1108 5375 1208 5461 τῇς
1233 5375 1688 5461 Συριακῆςπνησου
1715 5394 1727 5407 ·
1753 5381 1926 5461 μέγαν
2023 5395 2139 5461 an,
2173 5375 2647 5461 κατακριθήσεται
2687 5378 2787 5461 τῂν
2821 5375 3102 5461 ἐἰςσέργον
3144 5378 3407 5461 δημόσιρν
3454 5375 3595 5431 κατὰ

346 5447 593 5500 κίνδυνον
629 5447 663 5514 ἡ
682 5446 836 5525 ¹φυγὴ
864 5449 971 5501 ἀπὸ
993 5446 1114 5525 ⁷τῶν
1137 5446 1238 5503 ᾆδε
1259 5446 1439 5519 φέρει.
1462 5446 1664 5501 Ἑὶάρηι
1696 5446 1924 5525 arripiu-

344 5532 622 5589 rnus,qua:
652 5520 865 5589 timores
916 5520 1122 5589 perimit
1151 5536 1169 5573 :
1207 5524 1382 5572 animo
1425 5530 1715 5589 reputemus
1746 5534 1836 5571 nos
1867 5520 1921 5572 in

346 5588 578 5663 Syriaca
603 5586 778 5643 insula
810 5590 1029 5644 versari.
1059 5586 1251 5660 Ingens
1275 5586 1563 5657 periculum
1589 5601 1686 5655 est,
1726 5605 1769 5643 st
1804 5591 1924 5644 inde

344 5661 657 5729 j’ugertmus.

2028 5448 2184 5517 δίκην
2205 5463 2218 5476 ’
2250 5448 2409 5497 τοῦτο
2442 5450 2552 5517 γάρ
2586 5448 2749 5498 κάκεῖ
2783 5448 3109 5517 παράσημόν
3140 5450 3255 5500 ἐστι
3284 5451 3393 5509 τοῖς
3427 5465 3595 5500 κατα-

2029 5514 2426 5587 δικαζομένοις.
2468 5514 2651 5568 Utrum
2687 5514 2877 5570 autem’
2905 5514 3090 5582 cupitis
3131 5528 3331 5583 partem
3355 5520 3468 5587 quis
3498 5534 3594 5570 nu-

2032 5590 2154 5639 dum
2194 5585 2367 5649 habet,
2396 5597 2447 5638 ut
2484 5600 2583 5636 non
2618 5588 2772 5650 probe
2790 5588 3027 5653 cognosci
3054 5597 3227 5654 queat,
3255 5585 3593 5639 damnat/itur

2034 5660 2087 5710 in
2114 5673 2241 5725 opus
2273 5656 2537 5725 publicum
2568 5654 2927 5722 mtjudicatus.
2962 5654 3078 5711 Hoc
3121 5660 3255 5714 enim
3286 5658 3441 5713 etiam
3474 5660 3591 5711 istgc
