3954 6210
240 299 377 366 1020

391 408 446 462 Ὀ
484 407 582 479 μὲν
617 404 727 475 γὰρ
750 404 929 459 αὐτῶν
965 403 1023 455 ὲν
1057 404 1277 473 νεφροῖς
1308 399 1662 471 βεϐλημένος,

381 498 725 573 Περιτροπὰς
754 499 1012 567 ἔπασχεν,
1066 495 1244 563 ἇσπερ
1274 494 1483 563 ἠγνόει,

241 594 345 648 220
380 594 490 645 Kal
517 592 648 661 πρὶν
680 589 953 661 χορευτῶν
978 588 1040 640 οὐ
1074 585 1262 656 μαθὼν
1296 584 1672 653 περικλάσεις,

386 687 569 738 "Awa
590 682 854 754 χορευτὴς
873 676 942 751 ἦν
962 678 1144 732 λαϐὼν
1184 675 1439 745 ἀκοντίῳ.

388 777 581 838 Ἀλλος
616 773 897 844 στερηθεὶς
922 772 1017 840 τῆς
1056 768 1399 838 κεκαρμένης
1428 766 1601 835 κάρας

385 867 605 918 Ἐκειτο
636 861 845 933 πρηνὴς
880 858 1188 929 στρατικῶς
1225 854 1572 924 ήπλωμένοε,

381 959 494 1011 Kal
521 957 646 1017 τοὺς
674 951 867 1006 ἑαυτοῦ
900 948 1178 1018 δυστυχῶς
1216 948 1382 1000 κινῶν
1409 945 1597 1010 πόδας,

241 1051 347 1107 225
395 1048 564 1104 Χύσει
612 1043 892 1114 κολυμϐᾷν
918 1042 1079 1113 ἦθελε
1108 1040 1217 1092 τῶν
1234 1038 1510 1108 αἱμάτων.

387 1140 577 1201 Ἀλλος
620 1138 675 1190 δὲ
709 1135 939 1203 πληγεὶς
956 1133 1056 1201 τὴν
1082 1129 1388 1199 κατάξηρον
1420 1129 1603 1197 ῥάχιν,

380 1226 618 1279 Κύπτων
637 1223 786 1276 ἄκων
812 1216 881 1289 ἦν
921 1216 1246 1287 προσκυνῶν
1276 1231 1370 1266 σου
1403 1215 1501 1266 τὸν
1540 1213 1742 1265 στόλον.

386 1316 579 1377 Ἀλλος
605 1315 659 1366 δὲ
695 1311 911 1381 νεκρὸς,
935 1311 1029 1362 καὶ
1061 1308 1226 1367 πόδας
1274 1306 1639 1376 τετμημένος,

384 1405 730 1475 Αελησμένος
764 1400 1059 1471 προῦκειτο
1088 1398 1198 1451 τῶν
1230 1396 1620 1465 ίππασμάτων.

245 1497 351 1554 230
392 1494 585 1557 Ἀλλος
616 1493 674 1546 δὲ
702 1493 800 1560 τὴν
833 1490 1062 1545 ἄναλτον
1086 1487 1283 1550 ὠσθεὶς
1323 1486 1590 1556 γαστέρα,

384 1587 553 1655 Χερσ).
578 1585 793 1652 κατεῖχε
818 1581 916 1653 τὴν
940 1579 1145 1647 πλοκὴν
1174 1577 1282 1631 τῶν
1312 1578 1567 1646 ἐντέρων,

392 1677 516 1745 Καὶ⁸
542 1676 671 1744 πρὶν
708 1673 957 1744 μαχητὴς
989 1668 1244 1739 εὐσθενὴς
1294 1669 1643 1738 κεκριμένος,

383 1767 661 1836 Μάγειρος
691 1760 760 1835 ἦν
788 1764 1015 1831 ἄπειρος
1038 1759 1441 1831 ἑντεροπράτης
1477 1758 1612 1831 (22),

384 1858 573 1918 Οὕτως
601 1853 1005 1927 μετηλλάξαντο
1022 1852 1120 1924 τὴν
1145 1852 1449 1906 πανοπλίαν

244 1951 351 2007 255
386 1950 478 2012 Εἰς
511 1946 857 2015 ἀλλοτέχνους
888 1943 1177 2013 συμφορὰς
1215 1942 1265 1994 οἱ
1287 1942 1388 2012 τῆς
1424 1943 1603 2011 Ἅγαρ
1629 1959 1643 1972 .

386 2039 495 2091 Kal
524 2038 631 2099 πᾶς
658 2033 923 2088 τελευτῶν
956 2029 1071 2100 εἶχε
1094 2031 1191 2101 τὴν
1219 2030 1513 2101 τιμωρίαν,

389 2130 598 2198 Τέχνην
624 2125 869 2196 πονηρὰν
902 2127 981 2188 είς
1005 2124 1289 2195 ἀναίρεσιν
1316 2123 1455 2193 βίου.

389 2213 483 2281 Εἷς
506 2214 850 2290 οὖνέκείνων
874 2210 942 2285 ἦν
975 2214 1113 2284 ἀνὴρ
1161 2214 1315 2285 Κρὴς
1348 2213 1603 2284 ἱππότης.

387 2307 781 2376 Γιγαντοειδὲς,
807 2307 863 2369 ὃς
899 2304 1078 2359 λαὸὼν
1118 2305 1215 2373 τὴν
1245 2303 1467 2365 ἀσπίδα,

246 2400 352 2456 240
402 2399 511 2453 Kal
533 2399 631 2467 τὴν
664 2398 962 2467 μάχαιραν,
989 2396 1067 2466 τῷ
1092 2393 1388 2465 στρατηγῷ
1412 2395 1510 2463 τῆς
1541 2393 1719 2464 μάχης

398 2488 683 2551 Ἐναντίως
717 2486 936 2556 ἤλαυνε,
970 2484 1299 2555 προσδαλεῖν
1343 2485 1534 2540 θέλων.

1116 291 1212 351 DE
1250 285 1848 348 EXPUGNATIONE
1886 284 2148 346 CRE'NE
2192 285 2560 347 ACBOASIS
2601 285 2681 352 ΙΙ.

1837 405 1885 461 Δ

2068 397 2213 450 Ἀλλ’
2238 398 2337 451 οὐκ
2386 397 2596 466 ἀφῆκεν
2627 398 2661 466 ὴ
2693 396 2815 465 δίκη
2853 398 2963 469 (25)
2996 397 3183 453 τοῦτον
3246 401 3478 469 φθάσαι·

2062 488 2291 557 Πλήττει
2321 488 2433 559 γὰρ
2457 488 2622 541 αὐτὸν
2645 489 2673 540 ὁ
2696 486 2913 556 κρατῶν
2959 491 3274 562 Νικηφόρος

2059 579 2172 645 Τῆς
2193 580 2393 647 ὀσφύος
2428 578 2694 643 κάτωθεν,
2742 577 2988 647 ὀμφαλοῦ
3026 582 3206 648 μέσον.

1913 674 2019 727 2.55
2040 673 2153 724 Καὶ
2182 671 2279 724 τοῦ
2319 671 2417 741 μὲν
2446 666 2560 740 εἶχε
2593 669 2753 739 σῶμα
2780 668 2972 739 νεκρδν
3002 670 3033 738 ἡ
3061 668 3206 731 κόνις
3238 673 3375 742 (24),

2056 761 2166 814 Τοῦ
2192 762 2251 814 δὲ
2296 763 2454 825 κλέος
2501 760 2757 832 μέγιστον
2783 763 2811 813 ὁ
2841 759 3178 829 πλατὺς(25)
3220 762 3430 824 στόνυξ.

2064 850 2223 905 Οὕτω
2243 852 2427 913 κακῶς
2461 852 2698 921 ἔπασχον
2721 852 3165 920 ἐγκεκλεισμένοι

2004 978 2015 993 .
2066 941 2310 995 Ἐκεῖθεν
2336 941 2489 993 ἔνθεν
2506 945 2618 1004 τοῖς
2648 944 2938 1010 φονευταῖς
2968 943 3193 1007 ἐνδίκως

2054 1032 2117 1083 Ol
2145 1032 2253 1082 τῶν
2284 1029 2541 1098 ἀθέσμων
2567 1030 2819 1100 πράξεων
2842 1034 3134 1102 ὑπηρέται.

1913 1119 2019 1175 250
2065 1120 2127 1171 Εἰ
2157 1118 2201 1170 δ’
2226 1114 2295 1188 ἦν
2323 1135 2406 1181 τις
2433 1118 2612 1172 αὐτῶν
2641 1120 2722 1182 είς
2748 1122 2926 1193 φυγὴν
2963 1123 3310 1194 ὡρμημένος,

2059 1207 2414 1279 Ἐμπρθσθεν
2437 1202 2550 1278 εἶχε
2571 1213 2859 1281 φραγμοὺς
2891 1213 3004 1283 (26)
3038 1217 3294 1286 ἔμποινον
3318 1221 3492 1290 ξίφος,

2063 1301 2176 1354 Kal
2204 1301 2293 1352 τὸν
2323 1300 2631 1369 στρατηγὸν
2656 1304 2931 1373 πανταχοῦ
2968 1306 3282 1380 Νικηφόρον

2055 1390 2353 1467 Βάλλοντα,
2402 1390 2497 1442 καὶ
2521 1390 2794 1459 κράζοντα
2824 1398 2938 1458 τοῖς
2970 1403 3368 1470 στρατηγέταις
3390 1421 3405 1435 ⁸

2068 1501 2086 1534 ι
2125 1481 2441 1552 Βάλλωμεν,
2481 1481 2694 1551 ἄνδρες,
2726 1484 2853 1547 τοὺς
2876 1486 3196 1559 βιοφθόρους
3219 1494 3435 1558 λύκους.
3472 1516 3490 1549 ι

2139 1576 2379 1646 Ὅμηρε,
2405 1574 2647 1645 ποιητῶν
2685 1575 2860 1643 λόγων
2893 1578 2921 1629 ὁ
2949 1581 3045 1649 τῆς
3105 1585 3287 1654 μάχης
3344 1610 3357 1619 -

2061 1666 2262 1737 Πόρῤω
2312 1665 2596 1734 πεφυκὼς,
2620 1664 2693 1729 ὡς
2724 1664 2914 1736 παρὼν
2940 1667 2997 1720 δὲ
3034 1674 3387 1742 συγγράφων,

2076 1759 2135 1812 '0
2159 1758 2328 1813 πολλὰ
2352 1759 2579 1828 κάμνων
2602 1759 2660 1810 ἐν
2694 1763 2894 1827 κενοῖς,
2926 1763 3020 1815 καὶ
3050 1764 3177 1827 τοὺς
3226 1767 3425 1831 πόνους

2068 1850 2290 1914 Διεξιὼν
2326 1850 2575 1913 ἅπαντας
2623 1849 2890 1921 Ἑλλήνων
2911 1853 3088 1924 μάτην
3120 1871 3134 1886 ο

2070 1942 2142 1992 Σὺ
2177 1939 2354 2010 δεῦρο,
2395 1940 2488 1992 καὶ
2530 1938 2721 2009 βόησον
2747 1939 2895 2010 ὄγκῳ
2926 1941 3192 2011 ῥημάτων

1923 2031 2029 2087 260
2079 2030 2298 2100 Ῥώμης
2332 2029 2565 2099 στρατοῦ
2602 2030 2886 2101 καύχημα,
2928 2032 3021 2083 καὶ
3059 2034 3235 2100 μέγαν
3263 2033 3446 2086 στόνον

2042 2141 2050 2149 ·
2074 2121 2198 2191 Ἐχθ
2206 2121 2315 2192 ρῶν
2347 2120 2612 2184 παλαιῶν,
2631 2121 2689 2173 δ)
2702 2123 2934 2192 σμενῶν,
2952 2123 3139 2177 δουλοσ
3149 2125 3323 2194 πόρων
3345 2126 3458 2196 (27)
3480 2164 3493 2178 .

2061 2213 2245 2277 "Eiet;
2263 2212 2384 2293 ,γὰρ
2415 2213 2545 2281 ἡμῖν
2569 2211 2666 2283 τὴν
2694 2213 2962 2283 ἀλήθειαν
2993 2216 3185 2276 τύπον.

2073 2303 2161 2364 Ὠς
2182 2305 2296 2366 τοῖς
2345 2303 2583 2372 Ἀχαιοῖς
2600 2304 2697 2373 τὴν
2724 2303 3071 2374 παρέκϐασιν
3099 2305 3293 2359 τύπον.

1919 1577 2028 1633 255

2074 2393 2188 2446 Οὐκ
2219 2388 2288 2464 ἦν
2312 2393 2420 2465 γὰρ
2449 2393 2579 2446 ἔνθα
2601 2410 2683 2457 τις
2714 2392 2903 2463 φυγὼν
2932 2395 2997 2446 ἐκ
3020 2395 3117 2464 τῆς
3158 2398 3359 2466 μάχης,

1922 2485 2030 2540 265
2068 2484 2190 2537 Οὐδ’
2222 2486 2271 2538 εί
2299 2485 2584 2556 πτερωτὴν
2599 2482 2713 2557 εἶχε
2744 2485 3018 2558 βάρϐαρος
3047 2488 3235 2557 φύσιν.

247 2650 400 2703 Alter
438 2643 655 2715 quidem
689 2656 878 2697 eorum
916 2642 1195 2699 sauciatus
1235 2641 1478 2706 renibus,
1506 2654 1643 2710 quas
1666 2639 1825 2709 igno-
1923 2638 2069 2694 enim
2097 2637 2247 2693 illum
2278 2638 2557 2706 imperans
2588 2636 2925 2710 Nicephorus
2959 2640 3099 2696 infra
3133 2653 3291 2695 renes
3331 2639 3507 2695 umbi-

253 2742 409 2794 raliat
438 2775 452 2801 ,
497 2733 800 2803 patiebatur
844 2734 1157 2801 vertigines,
1193 2746 1257 2785 ac
1291 2731 1520 2796 saltans,
1562 2746 1668 2783 non
1699 2730 1828 2784 edo-

251 2840 370 2884 ctus
383 2835 556 2881 motus
583 2822 1030 2887 clioreze,invitus
1058 2822 1285 2876 saltator
1314 2820 1476 2875 ﬂebat
1501 2822 1609 2875 ictu
1634 2820 1827 2890 jacnli.

250 2920 401 2974 Alter
444 2915 666 2971 orbatus
711 2929 811 2969 suo
866 2914 1095 2968 detonso
1138 2911 1315 2979 capite
1357 2910 1573 2979 iacebat
1620 2925 1823 2980 pronus

1927 2730 2032 2785 lico
2065 2731 2117 2783 in
2163 2730 2341 2784 medio
2393 2748 2407 2785 :
2452 2739 2507 2789 et
2544 2730 2631 2786 hic
2670 2731 2886 2799 quidem
2914 2730 3169 2787 occubuit
3210 2740 3412 2785 stratus
3457 2731 3507 2784 in

1927 2820 2173 2889 pulvere,
2201 2819 2346 2875 illius
2371 2829 2553 2876 autem
2578 2820 2789 2876 laudem
2816 2821 3108 2876 maximam
3129 2829 3407 2876 assecutus
3429 2830 3513 2875 est

1931 2910 2157 2981 gladius.
2187 2910 2281 2965 Sic
2300 2909 2439 2964 mala
2470 2912 2816 2981 patiebantur
2845 2911 3137 2981 angustiati
3173 2913 3366 2966 merito
3387 2912 3512 2965 hinc

252 3018 455 3066 stratus
496 3008 564 3062 ab
603 3006 870 3070 exercitu,
914 3019 1150 3074 suosque
1184 3003 1367 3058 infelix
1402 3017 1626 3058 movens
1665 3003 1828 3072 pedes
1854 3001 1897 3063 C
1931 3002 2056 3057 inde
2109 2999 2179 3055 ab
2226 3000 2668 3057 interfectoribus
2713 3001 3021 3071 iniquarum
3052 3002 3327 3057 actionum
3357 3001 3514 3056 mini-

254 3111 440 3158 natare
471 3097 757 3153 videbatur
789 3097 905 3150 rivo
951 3094 1250 3165 sanguinis.
1280 3094 1431 3149 Alter
1462 3103 1641 3149 autem
1686 3095 1824 3149 ictus

254 3195 307 3248 in
338 3192 489 3247 arida
521 3190 665 3246 dorsi
690 3190 845 3259 spina
882 3189 1262 3257 procumbens,
1286 3195 1437 3241 tuum
1470 3186 1669 3240 invitus
1699 3183 1827 3240 ado-

255 3285 409 3339 rabat
430 3280 755 3347 exercitum.
777 3278 928 3333 Alter
954 3286 1221 3343 mortuus,
1240 3286 1295 3331 et
1321 3275 1575 3330 abscissis
1604 3274 1826 3345 pedibus

256 3374 530 3445 neglectus
552 3372 766 3443 jacebat
788 3368 854 3423 ad
883 3367 1342 3425 conculcationem
1373 3367 1825 3437 equitnni.'Alter,

256 3466 545 3525 insatiabili
583 3461 865 3518 confossus
899 3462 955 3515 in
977 3469 1184 3524 ventre,
1233 3458 1482 3512 manibus
1512 3458 1722 3512 tenebat
1747 3458 1830 3509 in-

260 3560 577 3615 testinorum
606 3568 788 3625 gyros,
829 3561 884 3606 et
908 3552 998 3621 qui
1025 3562 1183 3604 antea
1211 3549 1535 3604 censebatur
1563 3559 1831 3619 pugnator

258 3656 530 3710 strenuus,
580 3656 783 3711 coquus
839 3640 1001 3693 fiebat
1048 3639 1363 3708 inexpertus
1406 3638 1700 3692 viscerum.
1752 3636 1829 3689 lta

259 3734 666 3794 commutabant
708 3744 860 3785 arma
929 3729 982 3783 in
1053 3728 1187 3782 alias
1263 3736 1409 3781 artes
1486 3725 1834 3781 calamitosas

260 3826 518 3897 Agareni,
547 3838 612 3877 ac
645 3823 877 3893 quisque
901 3819 1138 3874 moriens
1177 3817 1408 3872 habebat
1446 3831 1545 3886 pro
1573 3815 1837 3884 supplicio

262 3930 460 3971 saevam
506 3912 742 3980 aliquam
784 3917 957 3964 artem
1007 3907 1075 3962 ad
1133 3907 1429 3962 interitum.
1490 3906 1620 3960 Erat
1676 3919 1839 3975 porro

264 4012 405 4062 inter
432 4005 549 4060 illos
594 4004 673 4056 vir
708 4001 983 4057 Cretensis
1015 4013 1183 4067 eques
1215 3997 1447 4067 gigantis
1477 3999 1689 4067 specie,
1722 3998 1835 4067 qui,

262 4108 483 4166 accepto
516 4094 705 4162 clypeo
733 4101 787 4146 et
815 4089 1014 4160 gladio,
1050 4097 1237 4144 contra
1266 4102 1456 4157 pugna:
1485 4088 1678 4143 ducem
1713 4104 1840 4157 age-

264 4191 355 4243 bat
383 4202 607 4257 equum,
640 4200 762 4240 cum
782 4198 847 4239 eo
870 4184 1096 4252 cupiens
1124 4180 1404 4249 congredi.
1443 4178 1548 4234 Sed
1582 4195 1687 4234 non
1721 4194 1843 4250 per-

1932 3091 2053 3146 stri.
2082 3090 2141 3145 Si
2170 3093 2294 3160 quis
2329 3101 2513 3147 autem
2546 3107 2613 3147 ex
2640 3092 2748 3146 illis
2770 3100 2888 3146 erat
2931 3091 3024 3160 qui
3053 3100 3288 3147 tentaret
3312 3091 3512 3163 fugam,

1933 3168 2155 3236 letalem
2188 3196 2376 3237 ensem
2420 3182 2653 3238 habebat
2682 3181 2785 3237 sibi
2826 3180 3059 3248 obicem,
3084 3182 3513 3257 tet/imperantem

1935 3272 2133 3341 ubique
2159 3273 2526 3343 Nicephorum
2555 3274 2861 3339 ferientem,
2889 3283 2944 3329 et
2978 3288 3106 3329 voce
3134 3274 3513 3330 adhortantem

1936 3365 2156 3431 milites,
2196 3382 2214 3418 ι
2249 3363 2554 3431 Feriamus,
2591 3366 2716 3432 viri,
2751 3365 2849 3420 hos
2871 3381 3092 3422 voraces
3128 3366 3303 3437 lupos.
3343 3386 3362 3419 ι
3413 3364 3517 3421 llo-

1939 3472 2111 3524 mere,
2142 3458 2239 3527 qui
2256 3458 2480 3528 poeticis
2508 3459 2853 3515 sermonibus
2881 3458 3084 3528 pratlia,
3112 3458 3238 3512 licet
3260 3459 3519 3529 longeab-

1939 3558 2164 3616 sens,ut
2208 3565 2447 3620 praesens
2482 3559 2661 3606 tamen
2697 3552 3018 3616 conscribis,
3051 3551 3144 3621 qui
3178 3551 3402 3605 multum
3441 3550 3521 3603 fa-

1943 3640 2133 3710 tigaris
2187 3641 2240 3694 in
2302 3643 2464 3695 rebus
2518 3643 2798 3708 inanibus,
2846 3658 2911 3696 ac
2960 3643 3173 3696 labores
3209 3642 3519 3697 Graecorum

1942 3744 2133 3784 omnes
2178 3727 2379 3785 frustra
2442 3745 2600 3785 versu
2655 3734 3050 3801 coinplecteris,
3105 3734 3210 3787 huc
3252 3733 3421 3797 adsis,
3468 3742 3523 3785 et

1945 3820 2233 3873 verborum
2274 3818 2545 3888 gravitate
2584 3821 2794 3875 celebra
2836 3822 3062 3877 Romani
3095 3822 3367 3877 exercitus
3405 3822 3522 3890 glu-

1945 3909 2110 3973 riam,
2180 3910 2537 3979 ingentesque
2593 3911 2825 3979 gemitus
2883 3919 3126 3967 veterum
3188 3911 3523 3967 infensorum

1947 3999 2184 4056 hostium
2219 4016 2287 4055 cx
2322 4002 2505 4056 servili
2544 4004 2752 4058 semine
2802 4021 2816 4058 :
2864 4003 3089 4059 habebis
3138 4003 3284 4059 enim
3324 4003 3375 4059 in
3428 4019 3518 4059 no-

1947 4090 2076 4146 stris
2110 4092 2395 4147 veritatem
2437 4108 2535 4163 pro
2592 4104 2752 4164 typo,
2785 4094 2927 4150 sicut
2988 4095 3038 4149 in
3084 4095 3298 4149 Achatis
3335 4110 3523 4150 exces-

1950 4196 2071 4236 sum
2108 4197 2205 4253 pro
2244 4195 2390 4255 typo.
2437 4182 2536 4239 Hic
2563 4185 2706 4240 enim
2736 4201 2841 4241 non
2879 4186 3108 4256 eratqui
3138 4200 3403 4256 expugna
3440 4185 3526 4240 fn-

266 4280 416 4332 misit
450 4278 590 4332 Deus
622 4291 743 4331 eum
772 4272 1112 4346 propositum
1145 4285 1303 4326 suum
1331 4270 1575 4341 exsequi,
1614 4272 1845 4340 percutit
1953 4285 2106 4344 geret
2142 4275 2428 4345 barbarus,
2455 4291 2631 4347 neque
2668 4277 2715 4333 si
2750 4278 2948 4335 alatam
2988 4277 3214 4335 haberet
3252 4289 3522 4334 naturam.

1552 4422 1792 4479 VABUE
1831 4424 2242 4483 LECTiONES.

344 4545 468 4600 220.
506 4544 781 4617 χορευτῶν
832 4541 1084 4617 C._Male_
1119 4541 1281 4617 vulgo
1333 4550 1456 4610 post
1509 4542 1789 4617 χορευτῶν
1835 4544 2185 4617 distinguitur
2244 4544 2369 4599 221.
2418 4544 2620 4601 λαϐὼν.
2654 4546 2736 4602 Cf.
2770 4562 2931 4617 supra
2963 4565 3015 4601 v.
3053 4548 3171 4602 154.
3249 4548 3372 4604 251.
3408 4546 3527 4601 Scr.

270 4617 459 4686 χερσίν
495 4618 587 4668 24.

270 4682 478 4746 πλατὺς
514 4700 708 4738 στα....
744 4682 835 4736 Sic
856 4682 918 4737 C.

667 4615 718 4667 5.
746 4613 951 4690 ,νεκρὸν
985 4612 1209 4690 agema,
1240 4613 1296 4664 in
1353 4621 1472 4690 not.
1498 4614 1653 4690 _qnid
1687 4614 1892 4690 ῥικόνης
1924 4612 2131 4690 Ιιὶίίοεὶ
2151 4617 2538 4690 {expendat}.
2581 4620 2615 4689 ἡ
2644 4618 2793 4681 κόνις
2823 4612 2888 4673 ex
2911 4619 3036 4676 cod.
3062 4619 3211 4674 dedit
3235 4619 3295 4675 F.

995 4682 1122 4734 251.
1158 4682 1464 4749 Φραγκοὺς,
1498 4682 1550 4732 in
1583 4682 1731 4735 notis
1766 4699 1779 4735 :
1810 4687 2100 4752 φραγμοὺς
2144 4687 2189 4738 si
2219 4682 2407 4753 placet.
2443 4687 2506 4741 Ο.

3398 4618 3525 4672 240.

1761 4796 1995 4851 ΝΟΤΛΕ.

346 4904 773 4985 (22)]ἰετενιιηι
838 4904 1373 4985 nempehvenditqri
1432 4902 1649 4985 πράτης
1680 4906 1846 4985 ,οιιίηι
1883 4914 1926 4968 ι)
1963 4908 2109 4985 aliud
2146 4910 2324 4985 simile
2356 4912 2425 4964 ibi
2459 4921 2543 4985 est
2581 4913 3003 4985 restituendum,
3053 4915 3526 4985 qnasignimirnm

274 4973 684 5048 apndZGrmcos
735 4990 831 5045 pro
892 4973 1174 5048 venditore
1229 4973 1538 5048 adhibetur.
1603 4974 1846 5048 Frigent,

277 5042 396 5116 quae
438 5046 610 5101 fusius
636 5042 797 5115 qua—ni
844 5057 944 5112 par
982 5053 1087 5109 est,
1123 5043 1211 5097 hic
1260 5045 1610 5113 prosequitur
1672 5042 1851 5098 Theo-

276 5118 483 5172 dosins.

347 5185 459 5257 (25)
490 5185 662 5257 Deus,
698 5198 791 5237 seu
807 5182 1039 5257 justilia
1068 5181 1282 5257 dirina;
1318 5182 1504 5257 ᾉὶκην
1542 5183 1631 5236 Dei
1676 5182 1850 5257 comi-

280 5252 409 5321 tem,
441 5252 755 5322 'divinzeque
807 5254 940 5321 legis
992 5252 1281 5316 vindicem,
1317 5253 1545 5322 ideoque
1594 5269 1661 5307 ex
1716 5252 1849 5306 Jove

279 5326 394 5395 ipso
422 5327 658 5395 genitam
701 5324 973 5395 finxerunt
1027 5333 1261 5395 releras.

350 5394 461 5464 (2t)
504 5392 581 5447 lta
612 5408 678 5464 ex
709 5393 898 5464 codice
927 5392 1172 5445 restitue.
1230 5391 1477 5461 Ἀκόνης,
1511 5391 1660 5445 nullo
1706 5401 1853 5445 certe

279 5462 465 5526 sensu,
508 5463 679 5516 edidit
706 5462 1012 5515 Cornelius.

349 5533 463 5603 (25)
504 5531 760 5603 Verbum,
787 5532 927 5603 quod
950 5530 1138 5584 ultimo
1168 5529 1289 5603 loco
1322 5531 1698 5598 subsequitur,
1719 5529 1853 5603 adeo

280 5601 366 5657 est
389 5601 624 5657 deletum
682 5602 737 5655 in
793 5602 1000 5665 codice,
1049 5609 1106 5653 ut
1140 5615 1206 5654 ne
1240 5602 1358 5667 ejus
1382 5603 1597 5668 quidem
1631 5601 1854 5665 Vestigia

283 5675 520 5743 dignosci
541 5672 774 5743 possint.
791 5670 988 5738 Στόνυξ
1006 5669 1235 5728 fortasse
1259 5681 1317 5726 ut
1342 5672 1600 5735 arbitror,
1623 5670 1704 5723 rei
1728 5670 1857 5737 quid

1954 4979 2235 5055 Cretensis
2254 4981 2396 5055 illius
2427 4983 2662 5051 gigantis
2676 4986 2877 5039 occisio
2900 4979 3190 5040 tnaxiiiiam
3222 4983 3477 5055 Niccplmi
3493 5001 3526 5039 ο

1953 5050 2178 5116 gloriam
2210 5050 2475 5104 attulerit.

1955 5202 1983 5241 a
2008 5118 2155 5241 I(9.63l
2182 5121 2471 5242 Qtornelius
2495 5137 2713 5192 quoque
2734 5123 2807 5177 ita
2837 5139 2958 5179 esse
2983 5126 3367 5192 corrigendum
3390 5127 3530 5180 bene

1991 5204 2096 5241 tllO
2161 5205 2207 5240 νι
2242 5231 2254 5242 .

1991 5204 2254 5245 ιιιιυιίινιι.

2026 5258 2139 5338 (27)
2184 5258 2256 5338 Es
2284 5260 2468 5338 servili
2504 5262 2763 5338 progenie
2794 5266 3006 5338 genitos
3036 5266 3318 5338 Agarenos
3353 5274 3529 5338 vocat,

1956 5336 2141 5403 utpote
2168 5330 2259 5396 qui
2289 5344 2377 5403 ex_
2402 5330 2632 5403 lsniao-lé
2682 5330 2817 5386 lilio'
2837 5334 2998 5403 Agar,
3037 5330 3155 5403 qua:
3186 5338 3221 5388 Λ
3236 5336 3413 5387 bralim
3450 5335 3532 5387 fa-

1954 5397 2098 5449 mula
2132 5408 2271 5461 erat,
2299 5400 2564 5466 originem
2590 5417 2737 5455 suam
2763 5397 3338 5459 duce'rentfbloameth
3360 5404 3526 5466 enim,

1956 5477 2012 5520 ut
2041 5468 2231 5544 Stt‘ibit
2259 5469 2539 5544 Qedrenus
2575 5472 2714 5544 Hist.
2763 5475 2954 5542 Comp.
3008 5489 3127 5544 pag.
3179 5473 3303 5538 42f,
3333 5489 3531 5541 genere

1958 5551 2031 5611 ac
2080 5538 2220 5590 tribu
2274 5538 2544 5611 lstnaelila
2610 5541 2735 5611 fuit,
2790 5545 2856 5598 ad
2901 5538 3198 5600 lsniaelem
3236 5538 3529 5600 Abraliami

1961 5606 2129 5659 tilium
2159 5622 2328 5677 genus
2352 5610 2615 5666 referens.
