3954 6210
446 331 585 399 ton
1574 310 1585 313 “
1657 332 2064 393 THEODOSII
2112 332 2418 393 οιΑεοΝι
3580 327 3735 391 loss

462 452 533 506 55
566 450 636 525 Si)
665 450 720 505 δὲ
759 449 1060 521 πρόθυμον,
1093 450 1167 512 ὡς
1228 451 1309 502 ἐν).
1348 447 1459 518 (90)
1496 450 1650 513 πᾶσι,
1696 450 1839 501 δίδου
1867 466 1877 477 ·
2016 450 2065 508 Λ
2232 449 2457 510 Τούτοις
2490 444 2796 515 στρατηγὸς
2835 438 2902 514 ἦν
2933 444 3071 515 ἀνὴρ
3108 443 3220 497 δτὸ
3253 442 3417 509 ξίφος

566 539 639 595 Σὺ
664 541 775 611 γὰρ
804 540 987 610 πατὴρ
1010 538 1105 591 καὶ
1133 538 1340 609 πύργος
1366 539 1521 609 ἡμῶν
1554 542 1609 591 ἐν
1652 541 1903 608 μάχαις.»
2136 543 2204 599 80
2245 542 2432 596 Ποθὼν
2467 539 2609 609 ὑπὲρ
2640 537 2757 601 σοῦ,
2801 537 2897 589 καὶ
2928 536 3230 607 προτείνων
3254 538 3333 597 εἰς
3378 534 3631 601 μάχην,

568 630 794 690 Τούτοις
824 629 885 680 τὸ
919 626 1122 696 κοῦφον
1152 630 1509 700 ὲμπτερωθὲν
1548 631 1801 700 ἁπτέρως
2240 630 2350 683 Καὶ
2384 628 2459 699 μὴ
2482 624 2736 688 δεδοικὼς
2758 625 2857 696 τὴν
2886 625 3058 695 τομὴν
3094 623 3205 677 τῶν
3235 622 3579 691 φασγάνων
3600 636 3619 649 ⁶

568 722 813 790 Ὥρμησε
848 718 1019 789 φῦλον
1056 720 1383 791 προσϐαλεῖν
1423 737 1515 774 σου
1549 723 1625 790 τῷ
1654 722 1822 792 στόλῳ
1849 738 1863 751 ’
2256 723 2315 775 '0
2344 721 2437 773 καὶ
2467 720 2597 789 πρὶν
2628 720 2709 782 εἰς
2748 716 3024 787 ἄπληστον
3049 714 3307 785 ἐμπεσὼν
3361 712 3557 781 γένος

568 812 707 873 Aab;
750 812 1004 881 πονηρὸς,
1053 812 1344 884 δυσμενὴς,
1387 815 1740 884 αἱμορῤόφος,
2238 814 2442 883 Θάρσει
2475 811 2738 881 μεγίστῳ,
2764 810 2862 864 καὶ
2893 808 3173 880 προθυμία
3202 806 3350 878 ξένῃ,

461 905 527 957 Gl)
566 904 735 956 Φῦλον
766 906 999 975 πονηρὸν
1039 907 1266 977 Ίσμαὴλ
1305 905 1418 977 (9i)
1447 907 1833 976 δουλοσπόρου.
2236 904 2346 957 Κα)⁸
2373 903 2496 965 δοὺς
2527 902 2719 955 ἑαυτὸν
2748 900 2829 963 εἰς
2865 898 3076 969 σφαγὴν
3108 897 3462 966 μονωτάτως,

567 993 802 1047 Τοιαῦτα
836 996 937 1063 μὲν
974 997 1305 1065 πράττοντες
1327 993 1467 1067 ἦσαν
1507 1000 1563 1049 ἐν
1585 998 1717 1069 ζάλῃ
2134 994 2204 1051 85
2246 994 2354 1047 Καὶ
2384 997 2509 1056 τοὺς
2545 992 2817 1055 ἀνίππους
2852 989 3195 1059 συνταράξας
3221 988 3567 1058 βαρδάρους
3598 1000 3615 1013 ³

570 1084 700 1148 Βίας
730 1084 998 1157 τοσαύτης
1029 1088 1264 1157 Κρῆτες,
1308 1088 1354 1138 οί
1396 1075 1754 1155 πεφευγότες,
2245 1088 2361 1151 Ὃς,
2391 1085 2517 1155 φεῦ,
2553 1084 2852 1154 κρατηθεὶς
2902 1087 2967 1154 τῇ
3001 1085 3177 1152 τροπῇ
3208 1078 3600 1139 Μακεδόνων,

568 1179 631 1229 Οἱ
662 1179 926 1243 πολλάκις
957 1181 1057 1250 μὲν
1078 1182 1469 1252 εἰσδραμόντες
1493 1186 1573 1246 εἰς
1611 1185 1814 1254 μάχην,
2241 1179 2352 1232 Καὶ
2389 1178 2528 1241 πρὸς
2568 1177 2727 1243 ξένην
2754 1175 2858 1245 γῆν
2880 1176 3101 1245 δέσμιος
3128 1172 3463 1241 κατεσχέθη.

569 1270 679 1322 Καὶ
702 1270 813 1340 (92)
848 1271 1106 1333 πολλάκις
1129 1272 1429 1341 πληγέντες
1459 1274 1523 1327 ὲκ
1553 1274 1646 1327 τοῦ
1671 1275 1764 1328 σοῦ
1787 1276 1995 1330 στολου.
2241 1270 2353 1323 Καὶ
2386 1270 2512 1331 τοὺς
2546 1266 2852 1337 ρυποῦντας
2877 1261 2991 1335 εἶχε
3016 1265 3246 1335 πικροὺς
3270 1264 3593 1325 δεσπότας-

460 1361 529 1414 65
563 1361 626 1411 τί
673 1362 762 1415 δαὶ
786 1362 848 1415 et.
876 1361 966 1415 σὺν
992 1364 1340 1433 στράτευμα;
1372 1367 1484 1431 τοῖς
1517 1366 1821 1432 θαλαττίοις
2244 1352 2413 1422 Οὗτος
2455 1358 2669 1420 σταλεὶς
2706 1356 2915 1409 ἐκεῖθεν
2960 1356 3039 1416 εἰς
3075 1354 3291 1423 πρῶτον
3318 1353 3513 1422 λόχον.

568 1450 631 1505 Oi
662 1449 762 1519 μὲν
792 1449 982 1515 τόποις
1020 1450 1251 1514 ἔκειντο,
1285 1456 1379 1506 καὶ
1408 1454 1516 1525 γάρ
1544 1451 1611 1527 ἧν
1638 1455 1803 1524 κρύος
1872 1474 1875 1475 ⁷
2145 1451 2214 1507 90
2257 1453 2463 1523 Ἔρωτι
2490 1449 2736 1519 πληγῶν,
2767 1449 2994 1518 καρδίας
3026 1447 3336 1513 ὑπερζέσει,

568 1541 752 1611 Βορῤᾶ
779 1543 1036 1606 πνέοντος
1061 1545 1332 1607 εἰσϐολαῖς
1356 1546 1747 1620 δυσπρακτὶοις
1772 1566 1785 1579 ·
2240 1542 2424 1596 Μέσον
2444 1540 2504 1594 τὸ
2535 1540 2712 1593 κοινδν
2734 1534 2860 1607 εὗρε
2890 1538 3179 1608 βαρὸἀρων
3212 1537 3383 1599 τέλος.

566 1633 631 1685 Οἱ
659 1631 715 1684 δὲ
754 1633 1089 1703 κρατοῦντες
1114 1635 1224 1688 τῶν
1252 1637 1437 1690 πυλῶν
1466 1639 1566 1702 τὰς
1596 1638 1809 1704 ἐξόδους
2259 1633 2345 1694 Ὠς
2372 1630 2545 1701 φύλλα
2580 1631 2741 1700 ῥίψας
2767 1630 2875 1684 τῶν
2912 1629 3090 1700 μελῶν
3143 1630 3242 1699 τὴν
3282 1628 3529 1699 τετράδα
3561 1627 3713 1697 (96).

568 1724 707 1787 Τοὺς
731 1724 881 1779 ἔνδον
914 1725 1026 1797 (95)
1056 1726 1383 1798 ἐξέπληττον
1418 1731 1476 1783 ὲν
1506 1732 1869 1801 παραστάσει.
2032 1793 2068 1801 _
2196 1728 2199 1731 “
2256 1725 2345 1788 Ὠς
2377 1726 2485 1796 γάρ
2516 1725 2777 1793 μέγιστος
2808 1725 2900 1778 καὶ
2924 1722 3256 1792 πολύχρονος
3287 1720 3459 1782 λύκος

465 1814 532 1867 70
570 1813 773 1866 Μαθὼν
806 1814 863 1868 δὲ
894 1793 1285 1885 τὴνφάλαγγα
1310 1819 1421 1871 τῶν
1454 1793 1716 1873 ἐναντίων
2032 1793 2073 1849 Β
2254 1793 2561 1886 Ἐμπειρος
2586 1813 2663 1868 ὢν
2692 1814 2873 1887 ἅρπαξ
2894 1832 2950 1865 τε
2991 1816 3086 1866 καὶ
3116 1810 3529 1881 ποιμνηλάτης,

568 1903 782 1968 Κοίλοις
810 1903 997 1967 τόποις
1026 1904 1338 1974 βαίνουσαν,
1362 1907 1435 1969 ὡς
1468 1907 1524 1959 δὲ
1552 1908 1740 1978 θηρίον
2142 1910 2212 1965 95
2252 1908 2485 1970 Πεινῶν,
2522 1906 2712 1959 ἑαυτὸν
2740 1908 2806 1976 τῇ
2841 1909 2977 1975 μονῇ
3013 1904 3125 1956 τῶν
3156 1903 3425 1973 ποιμνὶων

565 1993 754 2063 Θυμοῦ
786 1995 1075 2060 πνέουσαν,
1099 1997 1235 2049 άλλά
1264 2000 1355 2050 καὶ
1398 1998 1761 2069 δειλανδρίας,
2248 1999 2452 2070 Θάρσει
2489 1999 2829 2069 προπέμπει,
2861 1998 2953 2050 καὶ
2995 1995 3313 2059 καταξαίνει
3343 1996 3550 2057 κύνας,

574 2085 791 2152 Ἄρχων
819 2086 1122 2154 στρατηγὸς
1149 2087 1209 2138 ἐν
1243 2087 1391 2159 μάχῃ
1424 2088 1760 2159 Νικηφόρος,
2249 2091 2396 2153 Ἕως
2430 2089 2704 2160 κρατηθῇ,
2737 2089 2832 2141 καὶ
2857 2088 3042 2157 σφαγῇ
3076 2087 3187 2145 τοῖς
3233 2082 3485 2154 ἀνδράσι,

571 2173 839 2226 ’Δπιστον
860 2170 975 2244 εἶχε
997 2174 1156 2228 τοῦτο
1177 2192 1193 2209 ο
1226 2176 1321 2230 καὶ
1348 2179 1664 2248 παραυτίκα
2249 2185 2311 2237 Οἳ
2344 2183 2601 2246 πολλάκις
2624 2181 2858 2253 ἐϐρυξαν
2892 2182 2973 2244 είς
3005 2180 3166 2234 αὐτὸν
3192 2180 3362 2249 μέγα.

458 2264 526 2317 75
558 2263 756 2317 Τάττει
804 2264 865 2317 τὸ
888 2265 1079 2336 τάγμα
1098 2266 1207 2320 τῶν
1232 2267 1553 2340 Θρᾳκηδίων
1591 2268 1706 2341 (94)
1742 2268 1862 2322 ὅλον
2247 2271 2435 2336 Οὕτως
2466 2273 2674 2333 ἐκεῖνος
2707 2269 2969 2340 ἐμπεσὼν
3002 2268 3383 2339 στρατηγέτης

566 2357 776 2411 Μαθεῖν
807 2358 869 2411 τὸ
893 2361 1160 2431 πρᾶγμα*
1195 2363 1291 2415 καὶ
1321 2364 1431 2432 γὰρ
1468 2357 1539 2433 ἦν
1565 2361 1726 2416 τοῦτο
1760 2362 1909 2427 ξένον
2108 2367 2212 2423 100
2256 2365 2474 2434 Ῥώμης
2503 2363 2787 2434 κραταιὸς,
2821 2364 2916 2415 καὶ
2958 2362 3220 2431 μονωθεὶς
3257 2364 3335 2423 είς
3362 2362 3561 2431 μέσον,

579 2450 667 2502 Ἐν
700 2452 765 2521 τῇ
798 2451 1035 2524 τοσαύτῃ
1068 2455 1322 2525 συμφορᾷ
1346 2453 1568 2507 πλέκειν
1598 2454 1779 2517 δόλους
2251 2456 2494 2521 Ἔδειξεν
2523 2455 2666 2517 οἴους
2698 2453 2953 2525 άνδραςή
2998 2454 3180 2525 Ῥώμη
3220 2454 3438 2522 τρέφει.

566 2542 610 2593 Τ
613 2541 708 2606 οὺς
738 2542 1075 2607 ὲκκοπέντας
1134 2541 1365 2609 ἑπτάκις
1396 2546 1509 2616 (95)
1544 2544 1623 2614 τῷ
1668 2545 1747 2616 σῷ
1805 2546 2000 2617 στόλῳ.
2250 2545 2467 2601 Πολλῶν
2498 2545 2607 2616 γὰρ
2635 2544 2818 2599 αὐτῶν
2845 2543 3124 2599 κύκλωθεν
3155 2545 3592 2615 πεφραγμένων,

426 2710 642 2766 semper
676 2697 840 2764 soles,
886 2706 1041 2766 pater
1073 2697 1217 2753 enim
1265 2705 1319 2751 et
1370 2698 1827 2768 propugnaculum
1872 2713 2000 2753 nos—
2111 2714 2224 2763 eos,
2257 2699 2346 2768 qui
2372 2697 2438 2752 ab
2459 2697 2699 2753 exercitu
2729 2707 2821 2751 tuo
2848 2696 2970 2752 caesi
3002 2707 3155 2752 erant
3186 2698 3409 2767 septies.
3440 2697 3542 2753 Vix
3569 2708 3695 2754 erat

427 2794 572 2841 trum
618 2802 679 2841 es
712 2787 765 2840 in
796 2787 1017 2857 praeliis.
1059 2787 1139 2841 Ita
1184 2787 1251 2841 ad
1308 2804 1458 2859 spem
1511 2801 1695 2846 erecta
1750 2790 1866 2845 sine
1908 2806 2004 2861 spe
2109 2790 2216 2845 illis
2249 2791 2377 2856 dux,
2407 2789 2498 2859 qui
2540 2789 2777 2860 gladium
2821 2790 3052 2845 libenter
3078 2804 3173 2858 pro
3204 2801 3253 2843 te
3286 2790 3597 2860 stringebat
3636 2793 3689 2845 in

427 2878 623 2945 ignava
663 2876 749 2931 illa
784 2877 1059 2948 generatio
1089 2879 1266 2949 erupit
1297 2895 1657 2951 congressura
1696 2898 1818 2938 cum
1843 2898 2003 2938 excr-
2110 2883 2313 2953 prmlio,
2361 2896 2533 2951 neque
2577 2881 2962 2937 reformidabat
3012 2881 3155 2937 acies
3193 2883 3402 2936 ensinm
3439 2902 3455 2937 :
3500 2885 3593 2952 qui
3640 2892 3694 2939 ct

428 2969 542 3023 citu
571 2978 684 3036 tuo,
720 2969 950 3040 populus
977 2969 1217 3040 iniquus,
1250 2972 1497 3041 infestus,
1523 2974 1747 3046 cupiens
1786 2975 2003 3046 sangui—
2109 2984 2264 3031 antea
2297 2988 2465 3044 genus
2502 2972 2813 3043 inexplibile
2847 2972 3119 3029 invaserat
3166 2973 3390 3027 audacia
3427 2976 3692 3037 maxima,

428 3075 576 3125 nem,
625 3076 793 3131 genus
827 3060 1154 3131 improbum,
1196 3063 1446 3121 lsmaclis
1499 3066 1604 3121 orti
1656 3080 1720 3120 ex
1779 3066 1999 3120 famula.
2033 3107 2076 3165 ο
2113 3075 2166 3120 et
2195 3066 2478 3121 alacritate
2516 3066 2675 3129 mira,
2717 3064 3046 3133 dederatque
3079 3078 3137 3118 se
3175 3062 3351 3134 ipsum
3400 3063 3452 3117 in
3482 3065 3688 3119 caedem

429 3151 580 3209 Talia
614 3154 828 3224 quidem
849 3155 1076 3224 agebant
1108 3156 1159 3209 in
1181 3156 1415 3226 procella
1446 3168 1608 3213 tanta:
1668 3159 2007 3214 necessitatis
2036 3151 2076 3165 “
2118 3159 2299 3221 unice.
2334 3158 2721 3229 imperitosque
2749 3155 3023 3225 equitandi
3050 3154 3367 3210 confuderat
3403 3155 3689 3216 barbaros,

426 3242 716 3300 Cretenses
751 3245 981 3315 dispersi
1029 3245 1081 3299 in
1116 3246 1318 3317 fugam,
1351 3250 1440 3318 qui
1477 3263 1620 3318 saepe
1652 3256 2003 3321 excurrentes
2112 3252 2223 3323 qui,
2256 3252 2393 3306 heu!
2423 3258 2613 3321 captus
2646 3250 2824 3303 fuerat
2848 3248 2918 3303 ob
2951 3248 3130 3318 fugam
3157 3246 3533 3311 Macedonum,
3565 3247 3689 3300 vin-

426 3336 482 3388 in
514 3336 756 3405 prmlium
789 3351 931 3406 stepe
973 3340 1212 3403 percussi
1253 3348 1379 3393 sunt
1408 3354 1437 3392 a
1479 3341 1585 3394 tuis
1613 3340 1893 3395 militibus.
1928 3340 1997 3392 At
2109 3354 2339 3413 ctusque
2369 3341 2561 3396 ductus
2589 3340 2643 3396 in
2686 3348 2888 3395 terram
2935 3348 3272 3402 extraneam,
3304 3338 3556 3393 sordidus
3591 3338 3691 3391 ha-

427 3428 559 3495 quid
598 3429 868 3482 exercitus
898 3437 1024 3483 tuus
1051 3430 1545 3499 agebat?Littoreis
1578 3430 1666 3483 alii
1690 3430 1905 3497 quidem
1935 3431 1988 3483 in
2103 3434 2296 3489 buerat
2320 3441 2375 3487 et
2405 3432 2619 3501 iniquos
2646 3430 2916 3487 dominos.
2960 3428 3059 3485 llic
3088 3430 3214 3486 inde
3243 3431 3433 3484 missus
3470 3428 3545 3483 ad
3572 3432 3689 3497 pri-

434 3519 569 3572 locis
620 3518 873 3587 iacebant
899 3559 916 3586 ,
974 3535 1100 3573 nam
1163 3520 1335 3588 frigus
1376 3529 1497 3575 erat
1547 3521 1716 3575 Borea
1765 3520 2008 3591 spirante
2109 3538 2227 3579 mas
2257 3520 2477 3578 insidias
2497 3522 2720 3579 vulnera
2747 3524 2972 3593 cupiens
2995 3522 3201 3577 ardenti
3235 3531 3443 3591 pectore
3468 3521 3689 3575 Barba-

426 3608 737 3662 vehementi
767 3609 965 3677 impetu
996 3626 1012 3664 :
1044 3609 1133 3664 alii
1180 3618 1360 3665 antem
1393 3611 1769 3667 custodientes
1821 3621 2008 3681 porta-
2110 3628 2295 3669 rerum
2347 3614 2403 3667 in
2441 3613 2621 3668 medio
2672 3628 3013 3670 communem
3065 3612 3272 3669 invenit
3317 3613 3508 3677 tinem,
3557 3611 3692 3667 dum

428 3712 550 3753 rum
593 3698 771 3755 exitus
817 3702 1046 3757 astando
1082 3702 1358 3759 terrebant
1390 3717 1502 3770 eos,
1534 3704 1627 3774 qui
1660 3703 1804 3759 intus
1832 3714 2007 3760 erant.
2112 3711 2345 3774 quatuor
2389 3702 2631 3758 membra
2676 3703 2960 3774 projicere,
3002 3710 3258 3773 tanquam
3312 3701 3457 3757 folia.
3494 3701 3693 3768 Quem-

425 3789 548 3844 Jam
580 3804 710 3845 vero
738 3790 964 3846 edoctus
999 3807 1191 3864 agmen
1218 3792 1455 3849 hostium
1487 3809 1581 3864 per
1612 3793 1888 3850 anfractus
1926 3796 2013 3851 in-
2117 3795 2406 3850 admodum
2479 3794 2622 3850 enim
2686 3795 2876 3866 ingens
2923 3804 2977 3851 et
3036 3808 3201 3849 senex
3252 3793 3411 3862 lupus
3474 3794 3681 3863 peritus

427 3881 646 3945 cedere,
680 3895 745 3937 ac
790 3881 1025 3936 ferarum
1078 3885 1248 3938 instar
1291 3884 1426 3939 iram
1471 3886 1677 3954 spirare
1724 3885 1906 3953 simul,
1952 3896 2007 3942 et
2115 3893 2320 3953 raptor,
2352 3894 2407 3939 et
2456 3892 2695 3938 vastator
2731 3898 2989 3953 gregum,
3027 3882 3298 3950 esuriens,
3328 3896 3387 3937 se
3419 3883 3592 3951 ipsum
3628 3882 3682 3934 in

430 3971 796 4037 formidinem,
837 3988 1127 4044 supremus
1165 3974 1268 4029 dux
1312 3991 1503 4045 pugna:
1545 3974 1881 4044 Nicephorns
1912 3978 2003 4032 vix
2119 3975 2408 4031 stationem
2446 3974 2629 4030 ovium
2660 3973 2918 4028 audacter
2958 3972 3273 4037 introducit,
3309 3982 3364 4027 et
3401 3972 3684 4026 laniate:-

427 4062 557 4118 illud
588 4065 759 4134 potu't
787 4066 1006 4120 credere
1039 4065 1173 4122 :sed
1198 4067 1379 4120 statim
1416 4081 1480 4121 ex
1508 4065 1808 4122 Thracibus
1846 4065 2002 4136 jnve-
2118 4082 2236 4131 nes,
2264 4065 2438 4121 donec
2471 4073 2662 4134 captus
2695 4062 2787 4129 sit,
2819 4075 3101 4132 casusque
3132 4062 3199 4116 ab
3232 4062 3557 4125 hominibus,
3589 4063 3684 4129 qui

439 4154 600 4211 nibus
628 4163 797 4213 totum
840 4173 1030 4230 agmen
1078 4160 1316 4223 instruit,
1355 4168 1414 4214 nt
1453 4173 1564 4213 rem
1635 4158 1874 4228 inquirat
1900 4173 1919 4210 :
1951 4168 2007 4214 et
2115 4172 2256 4223 saepe
2287 4157 2611 4212 infremuere
2640 4155 2692 4209 in
2718 4154 2893 4223 ipsum
2924 4153 3158 4208 maxime
3190 4169 3205 4207 :
3242 4153 3315 4208 ita
3344 4152 3453 4208 dux
3479 4152 3565 4206 ille
3603 4152 3682 4205 ir-

436 4247 583 4304 enim
617 4260 736 4306 erat
779 4266 979 4307 novum
1015 4251 1071 4306 in
1102 4251 1266 4306 tantis
1298 4250 1566 4321 angustiis
1597 4249 1749 4306 dolos
1789 4260 2007 4305 nectere
2117 4262 2279 4302 ruens
2308 4245 2495 4301 Romae
2524 4244 2699 4312 fortis,
2731 4244 2986 4314 solusque
3026 4243 3081 4297 in
3123 4243 3304 4300 medio
3339 4243 3568 4299 hostium
3593 4258 3682 4293 ns-

1698 4361 1933 4417 VARIE
1968 4356 2375 4417 LECTIONES.

503 4475 674 4531 55.ὲν
728 4478 863 4530 πᾶσι
894 4477 957 4533 C.
987 4479 1066 4533 ἑνὶ
1116 4480 1168 4533 in
1222 4480 1346 4532 cod.
1389 4493 1510 4533 esse
1567 4478 1737 4533 videri
1787 4478 1862 4532 ait
1913 4477 1974 4531 F.
2041 4478 2160 4533 Scr.
2218 4478 2402 4539 πᾶσιν,
2430 4478 2531 4527 aut
2559 4472 2701 4541 quod
2758 4473 3005 4543 proxima
3035 4481 3251 4528 tantum
3274 4470 3677 4543 nonpostulant

431 4545 513 4598 ἑνὶ
551 4548 760 4601 παισίν.
838 4546 926 4600 64.
981 4549 1075 4601 καὶ
1142 4565 1252 4603 om.
1285 4548 1350 4602 C.
1409 4549 1636 4603 evanida
1686 4549 1858 4601 voxin
1916 4547 2036 4602 cod.
2099 4556 2238 4601 teste
2302 4545 2361 4599 Ρ.
2406 4544 2529 4615 767.
2559 4542 3134 4615 Βορρᾷςνιιιεηῐῖοιι.
3182 4543 3365 4615 Bassa
3403 4542 3675 4615 ‘nvéowp;

431 4615 704 4739 svlg‘6ogaii
734 4617 1489 4739 506:;XTIOLC.C0mp0$llum
1519 4617 1884 4689 προσάρκτιος
1901 4629 2087 4688 estap.
2110 4617 2346 4672 Manass.
2390 4614 2592 4670 Chron.
2620 4610 2685 4683 p.‘
2711 4610 2798 4668 72.
2831 4610 2914 4669 1'5.
2945 4610 3358 4685 bnaipxttog'a'p.
3400 4610 3674 4665 Plutarch.

486 4700 545 4737 I.
617 4700 796 4739 er.c.
898 4724 911 4738 .

486 4700 545 4737 Il.
578 4700 722 4739 δοτι.
746 4700 796 4739 (⁸.
825 4700 911 4739 1⁷1.

1971 4792 2200 4852 ΝΟΤΕ.
2266 4836 2269 4837 ν

1740 4818 1743 4821 δ
1971 4793 2013 4848 Ν
2066 4793 2108 4847 Τ
2186 4836 2200 4852 .
2266 4836 2269 4837 ν

504 4883 619 4955 (90)
655 4885 806 4942 Hanc
830 4901 951 4944 esse
992 4887 1195 4943 codicis
1221 4886 1505 4945 lectionem
1531 4884 1764 4942 videtur.
1791 4793 2077 4945 Come-2)
2106 4794 2320 4942 :antes
2346 4888 2541 4945 milites
2571 4901 2674 4943 non
2700 4887 2775 4952 vi,
2804 4888 2896 4941 sed
2928 4886 3105 4943 verbis
3125 4895 3178 4941 et
3208 4883 3672 4940 adhortationibus

429 4956 556 5019 lius,
594 4956 639 5011 lc
680 4958 718 5011 it
749 4958 829 5023 ὲν,
871 4972 1084 5014 versum
1130 4973 1196 5014 ue
1231 4959 1351 5014 ideo
1383 4957 1775 5013 claudicantem
1806 4957 1999 5013 edidit.
2110 4958 2425 5012 detinuerit.

504 5026 618 5081 (91)
644 4973 779 5081 δίἀθ
805 5042 969 5081 sunra
1003 5026 1069 5081 ad
1090 4974 1225 5081 (Lor.
1250 5042 1313 5081 ιι.
1346 5043 1401 5080 v.
1433 5026 1562 5081 261.
2184 5027 2298 5081 (94)
2341 5026 2422 5081 Th

504 5027 618 5165 (91)
644 5027 779 5081 Vide
805 5042 969 5097 supra
1003 5027 1069 5081 ad
1096 5027 1225 5081 Acr.
1250 5042 1313 5090 ιι,
1346 5043 1401 5080 v.
1433 5027 1562 5083 26f.
2184 5027 2298 5096 (94)
2341 5027 2584 5081 Thraces
2610 5027 2773 5080 etiam
2808 5027 2909 5079 sub
2943 5027 3243 5093 Nicephoro
3273 5027 3325 5077 in
3358 5027 3460 5078 hac
3503 5037 3675 5091 expe-

505 5096 597 5161 (Μ
646 5096 837 5152 Omisit
883 5098 1022 5151 hanc
1053 5096 1373 5165 particulam
1402 5096 1707 5160 Cornelius,
1738 5109 1857 5164 quae
1882 5094 2006 5164 qui-
2114 5094 2318 5165 ditione
2362 5094 2627 5165 militasse
2652 5094 2831 5165 _refert
2875 5094 3216 5165 continuator
3236 5092 3585 5162 Theophanis
3626 5093 3677 5145 in

430 5168 479 5235 do
502 5183 551 5219 ιιι
586 5162 638 5220 in
684 5166 868 5221 codice
918 5162 1160 5235 adeo'est
1205 5166 1456 5235 evanida,
1503 5175 1563 5220 ut
1599 5166 1684 5219 vel
1729 5162 2009 5235 diligenter
2114 5164 2276 5220 Rom.
2302 5162 2694 5235 lumnuleG,
2720 5178 2844 5235 pag.
2872 5164 2997 5217 500.

429 5233 809 5306 “dispicientem
841 5235 1002 5306 facile
1025 5233 1266 5306 emtgiat.
1365 5304 1377 5306 _
1439 5231 1476 5306 λ
1763 5302 1781 5306 Α
1827 5231 1847 5235 ⁷
2186 5234 2302 5306 (95)
2332 5234 2413 5306 En
2439 5231 2888 5306 ubij‘heudosius
2913 5231 3194 5306 perspjcue
3232 5239 3419 5287 narrat
3450 5231 3678 5306 $arace-

506 5301 620 5377 (93)
647 5304 953 5377 Cretenses
994 5301 1380 5377 intellige,_qui
1428 5302 1713 5377 obsidione
1756 5302 2007 5377 fameque
2115 5301 2213 5377 nos
2240 5301 2439 5377 septies
2459 5318 2502 5377 Aa
2528 5302 2732 5359 Graecis
2765 5301 3265 5377 fuisseprolligstos
3292 5318 3307 5355 :
3336 5301 3484 5377 quod
3524 5314 3683 5369 supe-

430 5370 612 5457 afllzcti
645 5374 705 5457 in
734 5377 867 5429 urbe
884 5370 1578 5457 erant_inclusi,'quosqu-e
1599 5372 1775 5457 Graeci
1808 5372 2003 5457 milites
2108 5374 2226 5457 rius
2256 5370 2539 5457 obscurius
2564 5370 3067 5443 expresserat.Vide
3093 5374 3288 5427 Acmu
3310 5370 3454 5434 v.80,
3481 5380 3536 5425 et
3563 5384 3681 5439 qua

430 5455 558 5497 ante
588 5453 775 5513 portas
820 5443 969 5499 urbis
1009 5450 1274 5510 astantes,
1302 5458 1369 5498 ne
1391 5442 1800 5512 egrederentur,
1823 5442 2003 5523 prohi-
2106 5442 2177 5497 ibi
2205 5442 2598 5525 adnotavimus.
2638 5442 2643 5443 ⁷

430 5512 754 5592 hebant._lta
779 5526 911 5566 sane
936 5513 1120 5592 magis;
1148 5513 1344 5592 placet,
1371 5526 1548 5592 quam
1573 5510 1659 5592 _de
1691 5510 1892 5565 Grzems
1929 5512 2000 5591 ob
2106 5578 2128 5592 -
2179 5511 2297 5592 (96),
2323 5512 2582 5592 Occubuit
2622 5526 2834 5592 nempe,
2866 5512 2999 5592 _du_m
3028 5509 3679 5592 magnamnbarbaromm

430 5580 603 5653 frigus
633 5583 853 5653 domum
887 5578 1086 5653 reverti
1111 5578 1497 5653 cogitantibus
1534 5580 1997 5653 id__interpretari,
2104 5578 2305 5653 faceret
2326 5581 2547 5653 caedem,
2572 5582 2639 5636 ad
2661 5578 2825 5653 quam
2846 5578 3232 5653 designandam
3258 5581 3389 5653 dicit
3405 5590 3680 5635 strenuum

430 5647 576 5716 quod
607 5665 669 5704 ea
700 5649 990 5715 explicatio
1037 5647 1328 5707 obscurum
1372 5650 1532 5706 nimis
1562 5647 1847 5706 Theodosii
1876 5664 2001 5705 sen-
2109 5650 2253 5705 hunc
2284 5650 2504 5704 militem
2534 5647 2794 5706 mem'bra
2836 5647 3234 5707 Saracenorum
3281 5650 3523 5705 abscissa
3554 5664 3681 5718 pro-

432 5732 559 5773 sum
594 5718 867 5787 redderet,
912 5735 997 5805 eo.
1017 5721 1211 5792 magis,
1239 5720 1380 5792 quod
1427 5719 1762 5790 Nicephorus
1806 5718 2005 5775 tumul-
2106 5719 2301 5791 iecisse
2322 5734 2473 5790 aeque
2501 5733 2563 5777 ac
2584 5721 2627 5777 si
2656 5729 2838 5778 essent
2863 5719 3008 5779 folia.
3032 5720 3273 5788 Quatuor
3303 5730 3484 5777 autem
3513 5733 3678 5774 mem-

693 5028 779 5081 ide
805 5022 969 5097 supra
1003 5026 1069 5081 ad
1096 5022 1225 5081 Acr.
1250 5042 1313 5097 ιι,
1346 5043 1401 5080 v.
1432 5026 1593 5097 261.,
1958 5094 1969 5097 _
2131 5094 2160 5097 μ
2184 5027 2298 5096 (94)
2341 5026 2584 5097 Thraces
2610 5024 2773 5097 etiam
2808 5024 2909 5079 sub
2943 5022 3325 5097 Nicephorojn
3358 5025 3460 5097 hac
3503 5037 3675 5097 expc-
