3958 6216
325 253 457 314 1001

980 251 1130 313 PRO
1169 234 1659 311 MONASTEmo
1700 252 1894 310 xeno

1996 254 2194 312 i'I‘AMl
2239 253 2318 312 ΙΝ
2362 253 2617 314 ΜΟΝΤΕ
2652 256 2867 315 ΑἸἭΟ.

3430 257 3565 325 1062

322 359 453 428 δρᾷν
489 357 549 409 οὑ
584 354 745 427 μόνον
774 357 932 421 αὐτὰ.
969 360 1085 411 ἀλλ’
1117 358 1225 411 οὐδ’
1249 358 1555 428 ἀποστῆναι
1581 360 1677 429 τῆς
1709 360 1888 430 ἁμαρ-

2003 376 2230 431 surgere
2257 378 2360 415 non
2387 373 2615 431 poterat.
2644 364 2767 417 ideo
2802 365 2893 433 qui
2921 365 2986 418 ab
3017 365 3168 420 initio
3191 368 3339 423 illum
3360 377 3565 430 creavit

320 451 443 513 τίας
470 449 720 513 ἠδύνατο.
753 449 832 503 Δι’
859 452 998 521 ὅπερ
1037 452 1066 504 ό
1110 451 1231 504 κατ’
1264 450 1440 520 ἀρχὰς
1485 451 1650 505 αὐτὸν
1682 452 1893 515 πλάσας

320 542 453 606 Θεδς
491 541 917 613 τρισυπόστατος
948 543 1111 597 πάλιν
1157 540 1325 596 αὑτοῦ
1382 543 1440 605 ἒς
1470 542 1697 614 ὕστερον
1726 546 1896 613 ἐμνη-

325 634 554 702 μόνευσε
590 633 687 686 καὶ
721 632 1000 688 κατελθὼν
1043 634 1207 698 αὐτὸς
1232 636 1262 688 ὁ
1297 632 1394 689 τοῦ
1426 635 1562 689 Θεοῦ
1594 635 1895 706 μονογενὴς

324 724 454 785 Υἱὸς
485 724 675 777 ἐκτῶν
722 725 1003 794 πατρικῶν
1048 725 1479 795 άπεριγράπτων
1515 725 1730 778 κόλπων
1756 725 1895 796 ὑπὲρ

322 814 625 885 ἀνθρώπων
655 815 940 886 ἅνθρωπος
961 815 1191 884 γίνεται.
1223 810 1294 886 Ὦ
1310 815 1405 870 καὶ
1432 816 1596 870 παντὶ
1630 815 1709 887 τῷ
1737 817 1893 870 εὐσε-

326 902 510 956 ϐοῦντι
560 904 719 974 χρέος
772 906 922 960 ἐστὶν
973 907 1350 977 ἀπαραίτητον
1378 906 1477 977 τὴν
1536 906 1895 979 λατρευτικὴν

324 993 622 1061 ἀπονέμειν
677 992 1049 1064 προσκύνησιν
1103 996 1196 1048 καὶ
1223 997 1510 1061 παντοίαις
1561 997 1891 1068 άμείὸεσθαι

1998 452 2143 506 Deus
2168 452 2340 507 trinns
2358 454 2605 523 personis
2630 456 2821 509 iterum
2857 456 2999 509 Illius
3028 466 3211 526 postea
3248 464 3562 518 recordatus

1993 550 2104 608 est,
2128 551 2181 595 et
2203 542 2537 599 descendens
2565 545 2677 612 ipse
2703 544 3009 613 unigenitus
3037 545 3130 601 Dei
3151 547 3319 604 Filius
3343 550 3563 607 ePatris

1996 634 2210 688 inlinito
2239 634 2358 686 sinu
2399 650 2500 703 pro
2544 634 2854 690 hominibus
2886 636 3049 691 homo
3100 636 3275 693 lactus
3311 650 3412 695 est.
3460 641 3561 697 Cui

1995 724 2307 792 quicunque
2346 726 2467 785 pius
2502 734 2587 780 est
2630 725 2874 781 districta
2900 726 3059 782 debet
3088 727 3421 785 adorationis
3448 733 3562 785 cut-

1996 822 2106 867 tum
2125 824 2401 882 praestare.
2416 828 2468 869 et
2488 815 2787 871 innumeris
2804 816 2919 887 ejus
2934 816 3091 873 donis
3105 820 3398 875 secundum
3422 821 3564 877 vires

1993 903 2320 970 respondere
2342 918 2456 968 ore,
2488 912 2667 959 mente
2692 914 2746 959 et
2766 904 2954 961 corde.
2984 906 3090 961 Ore
3115 905 3356 977 quidem,
3387 911 3565 978 quoti-

1994 995 2083 1050 die
2112 995 2165 1048 in
2196 995 2412 1065 publico
2433 1006 2488 1051 et
2508 998 2757 1065 privatim
2791 1000 3077 1065 cantando,
3113 1000 3483 1057 benedicendo
3511 1015 3568 1057 et

324 1081 555 1151 δωρεαῖς
585 1082 727 1135 κατὰ
751 1083 980 1153 δύναμιν
1008 1084 1237 1153 στόματι
1260 1091 1354 1140 καὶ
1369 1087 1513 1158 ψυχῇ
1537 1088 1631 1141 καὶ
1662 1088 1860 1158 καρδίᾳ
1877 1103 1891 1117 ·

1996 1083 2347 1153 gloriﬁcando
2395 1084 2541 1139 illius
2580 1086 2635 1139 in
2682 1086 2975 1142 humanam
3005 1097 3221 1158 gentem
3254 1089 3563 1157 patientiam

326 1172 557 1240 στόματι
614 1174 713 1241 μὲν
756 1174 1030 1244 ὁσημέραι
1080 1176 1176 1228 καὶ
1230 1179 1384 1245 κοινῇ
1423 1178 1517 1230 καὶ
1555 1178 1661 1249 ἰδίᾳ
1683 1179 1892 1248 ὑμνεῖν,

1996 1183 2044 1228 et
2077 1174 2502 1245 benignitatem;
2539 1186 2718 1229 mente
2744 1186 2921 1231 autem
2946 1178 3093 1231 illum
3120 1179 3488 1234 indelicienter
3509 1188 3564 1233 ut

324 1261 566 1329 εὐλογεῖν
597 1264 691 1315 καὶ
716 1263 962 1328 δοξάζειν
993 1265 1092 1333 τὴν
1114 1265 1249 1336 πρὸς
1275 1265 1333 1318 τὸ
1360 1266 1703 1336 ἀνθρώπειον
1726 1269 1892 1337 φῦλον

1996 1265 2164 1321 Deum
2184 1266 2479 1331 adoranda,
2498 1275 2551 1320 et
2572 1268 2735 1321 corde
2756 1267 3020 1335 optimum
3042 1279 3097 1322 et
3120 1270 3563 1337 pretiosissimum

328 1354 715 1423 μακροθυμίαν
760 1370 820 1406 τε
860 1355 957 1407 καὶ
1026 1355 1372 1424 κηδεμονίαν,
1408 1356 1553 1427 ψυχῇ
1599 1358 1655 1410 δὲ
1707 1360 1894 1411 τοῦτον

1996 1373 2182 1412 eorum
2212 1374 2331 1426 qua:
2357 1358 2520 1412 habet
2547 1357 2627 1429 illi
2667 1358 2967 1413 voluntarie
2992 1359 3289 1425 oﬂ‘erendo,
3314 1368 3371 1414 ut
3397 1361 3567 1414 bono-

324 1445 689 1508 ἀδιαλείπτως
710 1444 786 1509 ὡς
812 1445 944 1498 Θεὸν
984 1446 1284 1516 λατρεύειν,
1334 1449 1427 1500 καὶ
1458 1448 1655 1519 καρδίᾳ
1676 1450 1738 1503 τὸ
1770 1450 1894 1503 κάλ-

1998 1464 2117 1502 rum
2167 1448 2405 1501 omnium
2459 1449 2559 1503 soli
2593 1449 2858 1515 principio
2904 1459 2959 1503 et
3013 1451 3241 1505 auctori.
3274 1452 3453 1517 Quare
3478 1468 3567 1507 sa-

326 1534 506 1588 λιστον
531 1528 604 1589 ὧν
630 1535 743 1605 ἔχει
781 1537 875 1589 καὶ¹
903 1537 1231 1605 τιμιώτατον
1252 1538 1401 1607 αὑτῷ
1423 1540 1894 1609 αὐτοπροαιρέτως

1998 1539 2151 1608 piens
2186 1537 2393 1605 antiqui
2429 1536 2592 1591 Israel
2620 1539 2758 1591 dixit
2810 1539 3087 1607 legislator
3133 1558 3146 1593 :
3206 1558 3225 1592 ι
3256 1540 3314 1594 in
3351 1555 3447 1595 ore
3479 1551 3568 1595 tuo

327 1626 646 1695 προσάγειν,
677 1626 751 1688 ὡς
771 1627 878 1679 τῶν
904 1627 1125 1695 ἀγαθῶν
1152 1629 1407 1681 ἁπάντων
1442 1629 1587 1700 μόνῳ
1614 1632 1771 1701 αἰτίῳ
1801 1631 1894 1685 καὶ

1999 1636 2051 1681 et
2087 1626 2140 1681 in
2181 1628 2345 1681 corde
2375 1635 2467 1680 tuo
2491 1636 2546 1681 et
2590 1629 2643 1680 in
2682 1626 2927 1680 manibus
2962 1628 3064 1681 tuis
3097 1630 3146 1692 ¹;
3200 1647 3219 1680 ι
3270 1643 3322 1683 ct
3351 1632 3565 1696 iterum,

326 1718 570 1789 χορηγῷ.
627 1718 725 1771 Διὰ
769 1718 928 1772 τοῦτο
975 1720 1122 1772 καὶ⁴ὁ
1149 1721 1313 1788 σοφὸς
1344 1720 1440 1773 τοῦ
1469 1720 1636 1775 πάλαι
1684 1722 1894 1793 Ἰσραὴλ

1999 1718 2153 1786 quasi
2179 1718 2231 1771 in
2269 1732 2500 1787 persona
2528 1717 2644 1782 Dei,
2681 1736 2699 1769 ι
2732 1716 2849 1772 Non
2878 1720 3165 1788 apparebis
3196 1722 3249 1774 in
3275 1734 3567 1791 conspectu

327 1807 481 1873 ἔλεγε
512 1808 810 1879 νομοθέτης
832 1826 879 1860 Ὶ
908 1808 996 1862 Ἐν
1019 1810 1094 1880 τῷ
1123 1810 1350 1880 στόματί
1366 1825 1458 1863 σου
1484 1810 1579 1866 καὶ
1598 1812 1656 1864 ἐν
1672 1814 1739 1881 τῇ
1764 1829 1894 1883 καρ-

2000 1823 2122 1863 meo
2152 1823 2358 1862 vacuus
2386 1810 2440 1874 ’ς
2477 1827 2495 1861 ι
2523 1811 2814 1863 ostendens
2844 1826 2939 1879 per
2970 1810 3083 1864 haec
3114 1823 3367 1878 oportere
3400 1811 3565 1866 Deum

326 1897 415 1968 δίᾳ
442 1915 533 1950 σου
562 1899 656 1951 καὶ
681 1901 740 1952 ὲν
789 1901 911 1963 ταῖς
961 1901 1120 1971 χερσί
1168 1917 1262 1954 σου
1301 1920 1319 1953 ι
1360 1903 1455 1955 καὶ⁵
1492 1902 1676 1969 πάλιν,
1705 1902 1781 1966 ὡς
1830 1903 1897 1956 ἑκ

329 1988 620 2056 προσώπου
660 1990 752 2042 τοῦ
778 1989 939 2057 Θεοῦ,
980 2009 996 2042 ι
1029 1993 1143 2045 Οὐκ
1174 1993 1387 2064 όφθήσῃ
1412 1993 1642 2048 ἐνώπιόν
1673 2012 1775 2064 μου
1808 2012 1899 2048 κε-

327 2078 436 2142 νδς,
468 2098 486 2130 ι
524 2079 699 2150 δηλῶν
724 2080 799 2146 ὡς
829 2082 917 2136 διὰ
961 2083 1166 2137 τούτων
1195 2084 1422 2155 ’ἀνάγκη
1460 2085 1552 2140 τὸν
1595 2085 1716 2139 θεὸν
1736 2086 1898 2150 δοξά-

330 2164 541 2235 ζεσθαι,
572 2171 691 2223 ἐπεὶ
731 2172 824 2225 καὶ
867 2172 1072 2227 τούτων
1121 2174 1283 2236 αὐτὸς
1323 2175 1483 2244 μόνος
1521 2176 1787 2247 ἁλάθητος
1808 2178 1898 2242 ἐξ-

329 2262 584 2331 εταστής.
640 2259 943 2331 Τοιγαροῦν
1006 2264 1165 2333 εῖπερ
1225 2266 1376 2317 τουτὶ
1407 2267 1564 2336 χρέος
1617 2267 1897 2321 εὑσεϐέσιν

330 2349 535 2401 ἅπασιν
572 2348 964 2417 ἀπαραίτητον,
1006 2351 1187 2422 πολλῷ
1239 2353 1443 2423 μᾶλλον
1493 2356 1602 2417 τοῖς
1641 2354 1708 2407 δι’
1732 2355 1897 2409 αὑτοῦ

328 2435 768 2507 βεὸασιλευκόσι,
803 2440 895 2493 καὶ
941 2441 1114 2494 ταῦτα
1163 2442 1309 2497 δυοῖν
1345 2443 1527 2510 ἕνεκα,
1569 2444 1648 2514 τῷ
1690 2445 1788 2515 μὲν
1822 2445 1899 2509 ὡς

329 2527 734 2593 πολυπλασίους
771 2529 1050 2599 ὀφείλουσι
1106 2532 1335 2603 χάριτας
1379 2535 1457 2605 τῷ
1497 2535 1607 2588 τῶν
1641 2537 1899 2591 ἁπάντων

326 2608 599 2689 Δεσπότῃ,
624 2619 719 2671 are
754 2621 848 2674 καὶ
877 2619 985 2674 τῶν
1015 2621 1190 2675 ἄλλων
1225 2624 1305 2686 εἰς
1336 2623 1539 2687 πλάτος
1564 2625 1695 2695 παρ’
1724 2624 1891 2679 αὑτοῦ

329 2710 685 2779 τιμωμένοις,
725 2710 803 2780 τῷ
846 2712 903 2764 δὲ
954 2714 1049 2765 καὶ
1098 2712 1172 2777 ὡς
1220 2714 1329 2768 τῶν
1388 2716 1563 2771 ἄλλων
1618 2717 1898 2786 ἐσομένοις

331 2799 533 2870 ἀρετῆς
561 2800 783 2863 κανόνες
804 2803 897 2854 καὶ
928 2802 1211 2867 εὐσεϐείας
1251 2806 1628 2877 ὑπογραμμοί.
1656 2807 1779 2869 Τοῖς
1796 2808 1901 2860 αὑ-

331 2888 445 2950 τοῖς
469 2886 525 2940 δὲ
555 2887 651 2942 καὶ
674 2888 772 2959 τὴν
804 2888 971 2942 αὑτοῦ
996 2890 1302 2961 ὑπέραγνον
1333 2894 1544 2964 μητέρα
1571 2895 1666 2949 καὶ
1690 2895 1896 2966 παρθέ-

1995 1899 2313 1971 gloriticari,
2350 1899 2608 1969 quoniam
2666 1902 2855 1954 horum
2911 1901 3001 1954 ille
3042 1902 3191 1956 solus
3241 1916 3399 1963 quem
3436 1903 3569 1956 nihil

1996 1993 2129 2063 fugit
2148 1992 2447 2062 exquisitor
2466 1998 2569 2046 est.
2591 1990 2647 2045 Si
2673 1992 2835 2061 igitur
2860 1993 2911 2048 id
2937 1995 3187 2049 omnibus
3210 1995 3312 2063 piis
3326 1996 3570 2049 districe

1996 2082 2327 2150 praecipitur,
2347 2081 2519 2137 multo
2542 2082 2715 2151 magis
2738 2081 2822 2136 bis
2844 2081 2940 2151 qui
2964 2095 3065 2150 per
3092 2081 3246 2135 illum
3274 2082 3566 2150 imperant;

1997 2190 2053 2226 et
2086 2170 2192 2225 hoc
2249 2172 2467 2240 quidem
2495 2173 2629 2227 duas
2662 2174 2732 2228 ob
2779 2186 2995 2239 causas,
3062 2180 3322 2242 tanquam
3359 2171 3569 2227 scilicet

1997 2263 2322 2333 multiplices
2349 2263 2668 2319 debentibus
2684 2266 2891 2332 gratias
2912 2264 3287 2319 universorum
3320 2263 3568 2325 Domino,

1999 2364 2060 2409 ut
2093 2370 2203 2424 prae
2230 2355 2352 2409 aliis
2378 2354 2717 2408 abundanter
2752 2356 2821 2411 ab
2853 2354 2944 2409 illo
2987 2354 3383 2415 bmroriticatis,
3415 2362 3472 2407 et
3504 2367 3571 2406 eo

1997 2445 2139 2512 quod
2186 2458 2307 2499 esse
2362 2443 2593 2498 debeant
2627 2443 2750 2498 aliis
2777 2443 2997 2498 virtutis
3036 2456 3226 2497 norma
3269 2450 3325 2495 et
3348 2441 3570 2508 pietatis

1996 2531 2293 2601 exemplar.
2343 2531 2534 2586 Iisdem
2595 2546 2812 2601 quoque
2864 2530 3203 2585 immaculata
3259 2529 3429 2583 Mater
3455 2527 3571 2596 ejus

1990 2632 2051 2677 et
2080 2622 2229 2689 virgo
2254 2621 2479 2689 Deipara
2503 2619 2669 2674 Maria
2694 2622 3007 2676 honoranda
3035 2628 3141 2684 est,
3166 2617 3311 2673 velut
3328 2617 3568 2673 omnium

1995 2710 2594 2781 salutisprocurutrix;
2646 2710 2777 2779 quin
2824 2712 2988 2765 etiam
3016 2720 3145 2779 post
3195 2709 3340 2763 illam
3373 2708 3573 2777 pretio-

1995 2818 2117 2859 sum
2145 2800 2370 2855 viviﬁca:
2395 2799 2576 2855 crucis
2606 2799 2809 2870 lignum
2839 2799 3017 2855 colere
3047 2808 3103 2854 et
3135 2800 3365 2854 adorare
3411 2812 3572 2865 apor-

1998 2903 2115 2948 tet:
2158 2893 2224 2946 de
2269 2891 2365 2947 illo
2418 2893 2561 2948 enim
2611 2891 2856 2961 loquitur
2906 2906 2999 2949 rex
3048 2891 3313 2961 propheta
3352 2889 3565 2945 David:

333 2993 425 3029 vov
448 2975 545 3048 τὴν
568 2977 818 3033 θεοτόκον
877 2981 1096 3051 Μαρίαν
1127 2983 1391 3053 τιμᾶσθαι
1425 2983 1620 3055 χρεὼν,
1650 2984 1724 3048 ὡς
1762 2985 1894 3038 πάν-

2002 3001 2023 3034 ι
2063 2981 2306 3037 Exaltate
2337 2980 2624 3045 Dominum
2655 2981 2821 3036 Deum
2855 2991 3092 3039 vestrum
3119 2989 3177 3035 et
3208 2983 3430 3035 adorate
3450 2993 3573 3033 sca-

331 3086 440 3123 των
489 3067 654 3125 οὖσαν
697 3074 955 3144 πρόξενον
1007 3076 1315 3145 σωτηρίαςσ
1360 3076 1521 3131 Ἀλλὰ
1544 3076 1608 3147 δὴ
1640 3078 1734 3131 καὶ
1772 3076 1890 3147 μετ’

1998 3072 2199 3129 bellum
2238 3070 2433 3139 pedum
2469 3069 2610 3139 ejus,
2640 3070 2895 3139 quoniam
2930 3080 3184 3125 sanctum
3215 3071 3362 3125 est'.

332 3161 502 3231 αὐτὴν
527 3164 586 3217 τὸ
610 3163 704 3218 τοῦ
732 3165 996 3229 ζωοποιοῦ
1025 3166 1257 3236 σταυροῦ
1301 3168 1712 3239 πανσεδάσμιον
1740 3167 1895 3235 ξύλον
1929 3164 2189 3238 τιμητέον
2224 3180 2284 3215 τε
2324 3162 2427 3216 ’καὶ
2455 3162 2860 3232 προσκυνητέω
2882 3177 2895 3191 ·
2926 3163 3053 3232 περὶ
3097 3161 3287 3216 τούτου
3314 3162 3409 3215 καὶ
3465 3162 3572 3232 γάρ

334 3274 499 3327 φησιν
534 3258 562 3311 ό
625 3260 981 3329 προφητάναξ
1042 3260 1206 3316 Δαυῒδ
1271 3280 1288 3314 ι
1337 3262 1568 3332 ’Υψοῦτε
1606 3262 1810 3334 Κύριον
1836 3262 1926 3316 τὸν
1954 3258 2087 3315 Θεὸν
2118 3255 2271 3328 ὑμῶν
2299 3256 2395 3308 καὶ
2444 3257 2801 3324 προσκυνεῖτε
2843 3253 2923 3325 τῷ
2949 3253 3225 3323 ὑποποδίῳ
3255 3253 3365 3308 τῶν
3395 3253 3573 3311 ποδῶν

334 3349 518 3415 αὑτοῦ,
554 3350 636 3403 ὅτι
670 3350 824 3419 ἅγιόν
853 3352 1002 3405 ἐστιν
1028 3371 1046 3403 ι

402 3440 472 3498 α’.
514 3444 611 3498 Διὰ
647 3444 819 3498 ταῦτα
842 3445 909 3511 δὴ
939 3446 1086 3517 καὶὴ
1113 3446 1345 3518 εὐσεϐὴς
1368 3448 1618 3518 βασιλεία
1646 3466 1771 3520 μου,
1796 3466 1899 3519 κη-

330 3533 527 3603 δομένη
573 3532 669 3585 τοῦ
722 3535 961 3604 ὑπηκόου
1007 3536 1102 3590 καὶ
1150 3537 1259 3590 τῶν
1285 3539 1416 3609 περὶ
1448 3540 1617 3608 αὐτὴν
1642 3541 1931 3607 ἁπάντων,

334 3623 628 3690 ποιουμένη
660 3623 931 3691 πρόνοιαν,
951 3623 1070 3675 ἐπεὶ
1088 3624 1252 3693 νόμος
1276 3624 1497 3697 Ἕλληνι
1519 3626 1615 3679 καὶ
1640 3626 1898 3696 βαρϐάρῳ

334 3709 498 3761 παντὶ
529 3709 719 3779 μέχρις
742 3710 983 3781 αἵματος,
1021 3712 1164 3781 ὑπὲρ
1208 3715 1314 3767 τῶν
1370 3715 1659 3783 ὁμοφύλων
1694 3716 1897 3781 ἀγωνί-

333 3799 542 3864 ζεσθαι,
579 3802 740 3869 νόμος
782 3800 838 3853 δὲ
878 3801 1012 3854 Θεοῦ
1056 3805 1218 3856 πάλιν
1264 3806 1455 3857 τούτου
1506 3805 1897 3873 θεοειδέστερος

333 3887 425 3941 καὶ
468 3886 845 3958 λαμπρότερος
893 3887 1122 3941 ἕκαστον
1155 3891 1345 3945 ἑαυτὸν
1389 3891 1897 3963 παρακελευόμενος

334 3978 472 4045 ὑπὲρ
518 3978 705 4049 ἑτέρου
760 3978 993 4032 διδόναι·
1047 3979 1348 4051 ηὐδόκησεν
1398 3983 1431 4052 ὴ
1488 3981 1732 4051 βασιλεία
1793 3998 1893 4051 μου

333 4070 472 4140 ὑπὲρ
508 4069 617 4122 τῶν
662 4070 973 4134 ἀξιωτάτων
1004 4071 1108 4142 τῆς
1136 4072 1263 4143 περὶ
1300 4070 1376 4141 τῷ
1406 4072 1553 4125 Ἀθω
1593 4071 1892 4140 σεδασμίας

334 4160 501 4231 μονῆς
531 4160 629 4230 τῆς
666 4160 909 4231 ἀοιδίμου
944 4160 1214 4231 βασιλίδος
1266 4160 1601 4233 Πουλχερίας
1626 4162 1724 4232 τῆς
1752 4180 1892 4232 παρ·

2076 3443 2125 3496 l.
2158 3440 2452 3511 Propterea
2483 3438 2571 3508 pia
2602 3452 2722 3494 mea
2768 3437 3117 3506 imperatoria
3151 3446 3397 3507 potestas
3440 3439 3572 3493 sub--

1992 3534 2151 3604 jectis
2187 3534 2396 3598 favens,
2414 3538 2471 3584 et
2498 3529 2566 3584 de
2585 3529 2837 3584 omnibus
2865 3542 2984 3596 qua:
3008 3530 3074 3582 ad
3101 3527 3275 3596 ipsam
3301 3528 3573 3597 pertinent

1996 3641 2181 3681 curam
2206 3639 2424 3693 gerens,
2459 3637 2581 3677 cum
2610 3621 2699 3676 lex
2727 3628 2810 3677 est
2855 3618 3045 3674 Graeco
3068 3626 3124 3673 et
3176 3619 3410 3675 barbaro
3453 3633 3564 3674 om-

1999 3718 2127 3771 nino
2156 3729 2331 3782 usque
2364 3712 2432 3765 ad
2483 3711 2765 3780 sanguinis
2797 3708 3114 3764 effusionem
3144 3725 3243 3777 pro
3273 3711 3573 3764 consimili-

1999 3804 2098 3858 bus
2120 3819 2178 3858 se
2210 3816 2514 3872 exponere;
2570 3800 2655 3854 lex
2709 3807 2888 3852 autem
2930 3798 3026 3851 Dei
3075 3796 3274 3851 iterum
3325 3799 3425 3852 ista
3455 3800 3573 3866 lege

2000 3892 2231 3946 divinior
2263 3900 2317 3943 et
2353 3888 2685 3958 splendidior
2717 3884 2872 3955 jubet
2918 3899 3186 3953 quemque
3239 3900 3298 3939 se
3351 3896 3573 3955 propter

1999 3980 2161 4034 alium
2190 3980 2436 4042 tradere;
2474 3976 2640 4032 voluit
2686 3990 2806 4031 mea
2850 3975 3195 4044 imperatoria
3228 3985 3471 4043 potestas
3501 3980 3571 4032 ob

1998 4073 2207 4127 eximiae
2251 4071 2442 4125 merita
2494 4068 2786 4124 venerandi
2840 4068 2894 4122 in
2934 4068 3076 4122 Albo
3107 4069 3418 4124 monasterii
3443 4069 3567 4123 illu-

1999 4164 2128 4221 stris
2160 4161 2518 4233 imperatricis
2566 4160 2865 4216 Pulclieria
2902 4160 3126 4230 virginis
3160 4177 3342 4217 muros
3379 4164 3567 4217 readi-

331 4250 483 4304 θένου
512 4250 921 4303 ἀνανεώσασθαι
941 4251 1008 4303 τὰ
1030 4251 1183 4321 τείχη
1209 4267 1223 4281 ·
1256 4252 1349 4304 καὶ
1382 4250 1491 4321 γὰρ
1531 4246 1692 4321 εὗρον
1722 4252 1887 4319 αὐτὴν

1996 4256 2162 4312 ficari.
2194 4256 2403 4310 Etenim
2432 4252 2563 4307 illud
2618 4252 2799 4308 inveni
2832 4263 2939 4307 tam
2970 4253 3203 4307 dirutum
3262 4260 3316 4307 et
3340 4255 3565 4307 omnino

330 4342 581 4395 τοσοῦτον
610 4342 1091 4413 κατηδαφισμένην
1140 4345 1232 4395 καὶ
1272 4344 1448 4413 πάντη
1480 4343 1891 4413 διαλελυμένην,

328 4433 402 4496 ὡς
439 4434 505 4485 τὰ
538 4436 593 4486 ὲν
622 4433 773 4487 ὕδασι
796 4433 948 4505 τείχη
1005 4434 1305 4504 φαινόμενα
1325 4452 1341 4468 θ
1373 4436 1594 4505 τοιαύτη
1621 4452 1677 4488 τε
1702 4431 1769 4506 ἦν
1799 4437 1892 4489 καὶ

328 4527 360 4595 ἡ
392 4525 498 4579 τῶν
533 4524 839 4578 θεοσέπτων
881 4524 1129 4593 ἀθλητῶν
1159 4526 1329 4593 ἁγίων
1357 4543 1459 4595 μου
1488 4527 1891 4596 τεσσαράκοντα

330 4615 600 4684 σεϐασμία
643 4616 854 4685 ptaviqu
888 4615 1122 4670 ἔκπαλαι
1167 4614 1268 4687 μὲν
1292 4616 1385 4669 τοῦ
1416 4617 1755 4688 Χειμάρρου,
1793 4617 1889 4670 νῦν

326 4707 382 4759 δὲ
412 4706 802 4776 Ξηροποτάμου
830 4708 1257 4776 ἐπικαλουμένη,
1291 4706 1434 4761 ὥστε
1480 4706 1613 4779 μηδὲ
1640 4709 1889 4779 ὁμοίωμα

325 4799 536 4868 τείχους
566 4799 851 4867 φαίνεσθαι
876 4796 1013 4867 πρὸς
1040 4798 1143 4865 τῆς
1188 4796 1534 4866 παλαμναίας
1564 4800 1743 4868 χειρὸς
1790 4801 1892 4851 Ἰσ-

328 4890 655 4960 μαηλίτιδος.
687 4889 945 4958 Ἀλείτπῃ
982 4886 1038 4940 δὲ
1070 4890 1161 4941 καὶ
1192 4887 1436 4959 συνεργῷ
1468 4890 1545 4951 εἰς
1575 4890 1730 4943 τοῦτο
1760 4908 1893 4961 χρη-

330 4983 596 5053 σαμένηή
629 4984 736 5054 ὲμὴ
770 4982 1017 5053 βασιλεία
1060 4981 1139 5053 τῷ
1196 4981 1387 5053 ὑπάτῳ
1426 4981 1535 5036 τῶν
1588 4982 1893 5053 φιλοσόφων

328 5073 519 5143 Παύλῳ
561 5072 638 5144 τῷ
674 5075 952 5144 όσιωτάτῳ
1000 5072 1369 5143 ἐπιλεγομένῳ
1418 5072 1886 5144 Ξηροποταμηνῷ,

321 5168 456 5220 Θεοῦ
500 5169 758 5237 συνάρσει
791 5168 882 5221 καὶ
935 5167 1117 5239 χάριτι
1150 5167 1473 5240 ᾠκοδόμησα
1515 5167 1640 5222 ναὸν
1667 5184 1889 5238 παμμε-

321 5258 452 5326 γέθη
481 5274 540 5309 τε
566 5259 659 5310 καὶ
688 5256 1011 5328 περικαλλῆ,
1041 5256 1137 5309 καὶ
1184 5255 1404 5319 ἐνδύτας
1437 5256 1886 5327 χρυσοῦφάντους

320 5355 414 5402 καὶ
441 5349 609 5402 πολλὰ
640 5349 991 5419 χρυσόπαστα
1020 5348 1201 5419 ἀμφία
1245 5347 1339 5401 καὶ
1371 5348 1491 5418 ἱερὰ
1542 5348 1873 5417 καλύμματα

321 5436 415 5486 καὶ
441 5437 506 5488 ὲκ
540 5436 741 5505 χρυσοῦ
766 5436 896 5505 ἅγια
928 5436 1295 5508 δισκοπότηρα
1323 5437 1383 5489 ιν
1419 5435 1566 5506 αὑτῷ
1612 5437 1880 5508 ἀπεχαρι-

1994 4347 2248 4402 decidens
2283 4354 2341 4399 ut
2376 4345 2512 4399 muri
2574 4345 2729 4411 aquis
2767 4352 3150 4414 penetrentur;
3191 4352 3247 4397 et
3295 4342 3397 4397 tale
3452 4353 3569 4397 erat

1996 4440 2105 4493 Deo
2128 4438 2446 4491 dilectarum
2474 4435 2799 4489 athletarum
2830 4442 3142 4488 sanctorum
3169 4448 3412 4489 meorum
3437 4448 3568 4502 qua-

1994 4528 2241 4600 draginta
2273 4526 2642 4583 venerandum
2676 4526 3091 4589 monasterium,
3119 4526 3261 4594 quod
3293 4525 3419 4579 olim
3449 4526 3570 4593 qui-

1994 4622 2113 4677 dem
2138 4619 2433 4684 Cliimarri,
2470 4633 2615 4675 nunc
2636 4627 2819 4673 autem
2842 4614 3191 4684 Xeropotami
3230 4624 3473 4679 vocatur,
3510 4627 3569 4668 ut

1992 4729 2060 4768 ne
2088 4716 2299 4782 species
2324 4713 2541 4783 quidem
2582 4726 2861 4767 murorum
2890 4716 3208 4766 cerneretur
3236 4717 3424 4763 contra
3454 4708 3568 4761 vio-

1992 4806 2164 4860 lentas
2198 4818 2388 4857 manus
2420 4803 2836 4857 lsrnaelitarum.
2869 4800 3146 4854 Directore
3200 4812 3325 4852 vero
3355 4807 3409 4852 et
3437 4812 3565 4852 coo-

1990 4903 2239 4964 peratore
2268 4894 2333 4947 ad
2367 4894 2418 4947 id
2450 4908 2546 4947 usa
2576 4907 2693 4946 mea
2741 4890 3088 4959 imperatoria
3115 4898 3357 4956 potestas
3386 4886 3565 4956 philo-

1990 4986 2287 5055 sepliorum
2317 4983 2560 5053 principe
2583 4981 2751 5036 Paulo
2784 4980 3131 5037 sanctissimo
3152 4978 3239 5033 cui
3266 4992 3565 5049 cognomen

1990 5074 2447 5146 Xeropotameno,
2480 5075 2571 5131 Dei
2597 5088 2698 5144 ope
2724 5082 2779 5128 et
2826 5071 3001 5140 gratia
3031 5069 3278 5126 exstruxi
3307 5068 3564 5138 templum

1991 5167 2290 5237 spatiosum
2312 5175 2367 5222 et
2388 5165 2827 5236 pulcherrimum,
2860 5176 2996 5218 auro
3026 5162 3292 5217 micantes
3313 5169 3487 5215 vestes
3509 5166 3565 5213 et

1991 5268 2178 5313 aurata
2215 5268 2532 5314 ornamenta
2588 5257 2812 5328 velaque
2859 5264 2917 5311 et
2949 5267 3134 5314 sancta
3169 5272 3238 5313 ex
3270 5271 3402 5310 auro
3432 5270 3560 5308 vasa

1988 5350 2065 5404 illi
2115 5350 2338 5420 largitus
2391 5365 2532 5407 sum.
2585 5348 2652 5404 Et
2708 5349 2856 5405 circa
2912 5349 3040 5404 illud
3112 5349 3256 5404 aedes
3289 5347 3560 5418 amplissi-

1989 5454 2128 5505 mas,
2162 5439 2397 5511 hospitia
2442 5452 2636 5509 nempe
2675 5448 2726 5495 et
2762 5435 3079 5495 dormitoria
3126 5433 3559 5493 commeantibus

388 5590 405 5622 ¹
431 5589 599 5647 Exod.
634 5607 785 5656 xxut,
824 5590 908 5644 l5.
986 5591 1007 5621 '
1041 5589 1211 5646 Exod.
1242 5607 1386 5657 xxrv,
1421 5590 1510 5647 20.
1588 5592 1609 5623 ⁸
1636 5591 1778 5646 Psal.
1814 5606 2005 5659 cxvttt,
2044 5592 2095 5647 5.
