4012 6214
403 252 537 317 1063

1075 190 1111 305 λ
1208 246 1565 307 ADDENDA
1599 242 1896 304 ROMANI
1936 237 2296 299 SENIONIS
2331 220 2584 301 animi
2624 241 2866 302 BULLA

3505 244 3662 309 1064

401 363 690 428 a-dniicavi;
725 361 903 415 adhuc
946 367 1130 413 autem
1163 366 1216 410 et
1257 371 1440 409 muros
1483 357 1621 406 a‘tos
1647 363 1700 405 et
1725 364 1902 404 turres
1923 358 1974 401 et

2082 346 2289 416 σάμην’
2327 349 2572 419 καὶπερὶ
2607 351 2770 402 αὐτὸν
2804 352 2985 413 οἴκους
3024 351 3363 422 εὐμεγέθεις,
3408 355 3663 421 ξενῶνας

402 458 740 510 munimenta
779 454 967 517 multa,
1000 464 1106 504 non
1144 444 1569 516 prmcedcntibus
1626 442 1848 503 similia,
1877 439 1971 493 scd

413 547 584 601 multo
624 545 864 599 ﬁrmiora
894 551 949 596 et
980 538 1333 603 mirabiliora,
1363 544 1421 590 ut
1458 534 1568 589 sint
1597 532 1879 588 monachis
1924 538 1979 583 et

404 639 510 707 piis
548 637 684 691 viris
709 644 992 697 tutamen;
1039 630 1159 683 visu
1193 642 1408 697 quoque
1453 624 1893 695 speciosissima,
1925 628 1982 675 et

405 727 592 782 auditu
646 738 774 780 vere
833 720 1223 792 iucundissima
1268 718 1337 772 ob
1384 716 1636 771 eximiam
1678 711 1976 768 incolarum

402 817 681 871 virtutem.
724 810 861 866 Nam
896 808 1099 865 Christi
1132 806 1394 862 habitatio
1420 814 1521 868 est,
1551 817 1582 857 e
1626 815 1732 872 qua
1784 813 1979 869 corpu-

403 905 546 961 rales
567 911 623 959 et
643 902 950 973 spirituales
972 900 1079 969 lupi
1104 914 1208 953 non
1232 906 1455 967 possunt
1477 896 1689 965 eripere
1709 907 1839 947 oves
1858 905 1979 959 qua:

402 995 476 1049 ibi
506 996 711 1054 insunt,
752 992 853 1046 sub
876 991 990 1060 jam
1024 992 1171 1045 dicto
1201 987 1546 1043 sanctissimo
1593 984 1760 1039 Paulo
1793 997 1978 1037 mona-

403 1087 507 1143 cho
556 1097 612 1141 et
650 1084 969 1156 presbytero
1020 1084 1109 1151 pie
1163 1089 1364 1150 pastas,
1390 1088 1446 1132 et
1466 1076 1568 1132 sub
1618 1074 1836 1129 Christo
1884 1074 1977 1128 Dei

404 1177 657 1245 praesidio
683 1176 965 1245 degentes,
1019 1175 1072 1227 in
1101 1180 1312 1235 sancto,
1348 1177 1407 1222 ut
1434 1167 1537 1221 alia
1575 1167 1979 1236 comparatione

405 1279 548 1334 utar,
583 1267 736 1322 alveo
781 1267 883 1320 isto
929 1263 1227 1319 bombilare
1272 1276 1376 1314 non
1407 1269 1706 1324 cessantes,
1762 1257 1979 1310 virtutis

405 1360 640 1415 fructum
679 1368 970 1427 operantes
1030 1353 1186 1408 melle
1218 1352 1542 1415 dulciorem,
1584 1358 1639 1403 et
1674 1350 1727 1401 in
1774 1347 1977 1417 judicia

2077 436 2279 507 δηλαδὴ
2316 440 2409 491 καὶ
2465 440 2989 512 κραϐϐατοστρώσια
3022 444 3111 496 διὰ
3164 444 3292 508 τοὺς
3316 447 3657 517 εἰσερχομέ-

2078 528 2325 592 νους,ἐτι
2358 528 2417 581 δὲ
2468 530 2563 582 καὶ
2616 531 2771 601 τείχη
2823 533 3060 605 ὑψιπετῆ
3102 537 3199 590 καὶ
3251 536 3495 607 πύργους
3554 542 3666 592 καὶ

2080 621 2453 691 προμαχῶνας
2475 621 2723 689 πολλοὺς,
2754 626 2856 678 οὐκ
2881 626 2940 678 ὲν
2970 627 3141 699 ὁμοίῳ
3153 628 3264 681 τῶν
3292 629 3484 697 πάλαι,
3509 630 3667 685 ἀλλὰ

2079 711 2215 764 πολύ
2241 711 2485 781 βελτίονα
2512 715 2605 767 καὶ
2631 715 3084 789 θαυμασιώτερα,
3125 719 3266 773 ὥστε
3314 717 3454 777 εἶναι
3484 740 3670 791 μονα-

2078 807 2194 873 χοῖς
2228 807 2322 858 καὶ
2344 805 2627 860 εὐσεϐέσιν
2668 808 2926 879 ἀνδράσιν
2970 810 3273 879 ἀσφάλεια·
3310 814 3669 884 μεγαλοπρε-

2078 897 2156 966 πῆ
2187 896 2286 966 μὲν
2304 900 2371 968 τῇ
2396 898 2515 970 θέα,
2543 903 2609 970 τῇ
2643 900 2699 954 δὲ
2738 903 2875 972 ἀκοῇ
2920 903 3157 973 ἀτεχνῶς
3199 908 3532 976 χαριέστατα
3565 909 3669 961 διὰ

2079 988 2178 1055 τὴν
2200 991 2257 1041 ὲν
2280 990 2466 1053 αὐτοῖς
2486 991 2879 1061 εὐδοκιμοῦσαν
2905 995 3126 1065 ἀρετήν.
3162 997 3383 1067 Μάνδρα
3419 1000 3513 1051 καὶ
3534 1000 3666 1071 γὰρ

2079 1077 2317 1147 Χριστοῦ
2347 1080 2519 1144 ἐστιν,
2549 1076 2618 1152 ἦς
2644 1083 2693 1134 oi
2732 1083 2980 1153 αἰσθητοὶ
3005 1086 3100 1138 καὶ
3128 1085 3309 1155 νοητοὶ
3335 1087 3489 1141 λύκοι
3512 1089 3666 1142 ἁδυ-

2080 1167 2303 1221 νατοῦσι
2352 1170 2630 1240 σπαράξαι
2680 1172 2747 1226 τὰ
2802 1174 2862 1227 ὲν
2894 1174 3031 1245 αὐτῇ
3082 1176 3351 1247 πρόϐατα,
3394 1180 3501 1233 ὑπὸ
3551 1181 3660 1233 τοῦ

2082 1259 2338 1330 ῥηθέντος
2359 1260 2673 1316 ὡσιωτάτου
2700 1265 2912 1317 Παύλου
2946 1268 3182 1337 μοναχοῦ
3214 1269 3309 1321 καὶ
3339 1272 3660 1339 πρεσϐυτέ-

2082 1366 2177 1417 ρου
2211 1350 2451 1414 εὐσεϐῶς
2482 1354 2901 1425 ποιμαινόμενα,
2924 1358 3015 1410 καὶ
3044 1358 3148 1412 ὐπὸ
3174 1359 3274 1429 τῆς
3295 1363 3391 1416 τοῦ
3411 1364 3660 1433 Χριστοῦ

409 1466 657 1522 superne
683 1447 987 1505 divinitatis
1028 1447 1338 1515 vigilantes,
1372 1452 1427 1498 et
1451 1453 1670 1497 sanctas
1696 1456 1891 1495 manus
1922 1440 1976 1493 in

2082 1436 2174 1490 τοῦ
2205 1439 2340 1492 Θεοῦ
2373 1442 2709 1511 ἀντιλήψεως
2735 1444 3083 1515 αὐλιζόμενα,
3127 1450 3207 1511 εἰς
3242 1448 3337 1501 τὸν
3361 1453 3505 1522 ἱερὸν
3524 1454 3661 1507 καθ’

408 1509 656 1596 noctibus
693 1522 963 1603 tollentes,
1013 1509 1202 1605 procul
1249 1550 1280 1589 a
1311 1532 1701 1604 cupiditatibus
1725 1531 1886 1585 malis
1925 1539 1980 1584 et

2082 1528 2274 1600 ἑτέραν
2314 1509 2586 1602 ἐπιϐολὴν
2612 1509 3130 1601 μελιττῶναττοῦτον
3160 1509 3521 1610 περιϐομϐεῖν
3551 1546 3664 1615 ἑμ-

407 1632 562 1685 vanis
593 1628 1037 1700 cogitationibus,
1082 1635 1279 1680 terram
1310 1634 1593 1686 eruentes,
1644 1631 1828 1677 mente
1859 1636 1977 1675 evo-

2085 1622 2409 1688 μελέστατα,
2444 1624 2535 1677 τδν
2562 1625 2661 1693 τῆς
2690 1626 2889 1697 ἀρετῆς
2917 1631 3256 1701 ἐργαζόμενα
3278 1635 3487 1704 καρπὸν
3509 1638 3664 1706 ὐπέρ

407 1721 606 1784 lantes,
669 1719 864 1789 spiritu
917 1718 1212 1779 ferventes,
1263 1716 1491 1771 Domino
1541 1714 1859 1776 servientes,
1886 1725 1980 1781 spe

2084 1710 2206 1775 μέλι
2222 1711 2584 1778 γλυκάζοντα,
2610 1717 2703 1767 καὶ
2725 1719 2816 1769 ἐπὶ
2835 1717 2903 1771 τᾶ
2924 1720 3021 1789 τῆς
3048 1724 3372 1793 ὐπερουσίου
3395 1727 3664 1797 θεότητος

409 1813 707 1881 gaudentes
734 1847 750 1873 ,
797 1809 852 1862 in
886 1808 1237 1863 tribulatione
1281 1807 1567 1875 patientes,
1621 1803 1848 1857 orationi
1904 1802 1984 1855 in-

2082 1803 2327 1871 κρίματα
2357 1805 2745 1877 ὲξεγειρόμενα
2777 1812 2873 1862 καὶ
2897 1812 3050 1875 ὁσίας
3075 1817 3261 1885 χεῖρας
3295 1818 3352 1869 ὲν
3380 1822 3501 1880 ταῖς
3536 1823 3665 1885 νυξὶ

410 1900 678 1965 stantes‘,
704 1897 1117 1953 necessitatibus
1148 1905 1458 1950 sanctorum
1487 1894 1982 1954 communicantes,

2082 1895 2397 1966 ἐπαίροντα,
2426 1900 2593 1969 χωρὶς
2625 1900 2976 1972 ἐνθυμήσεων
3007 1908 3257 1977 πονηρῶν
3282 1912 3375 1963 καὶ
3401 1916 3664 1980 ματαίων

422 1989 850 2059 hospitalitatem
898 1997 1191 2047 sectantes,
1244 1986 1396 2055 juxta
1430 1998 1586 2039 sacra
1612 1982 1853 2037 oracula.
1876 1981 1983 2034 Ad-

2082 1986 2446 2058 διαλογισμών
2496 2010 2512 2040 ι
2567 1992 2669 2043 Τὸν
2704 1993 2833 2061 χοῦν
2880 1996 3161 2063 κενοῦντα,
3203 2000 3293 2053 τὸν
3341 2003 3460 2055 νοῦν
3518 2022 3664 2058 πτε-

412 2081 519 2136 buc
546 2080 711 2134 etiam
735 2092 929 2133 senum
961 2092 1017 2131 et
1038 2084 1363 2147 agrotorum
1410 2074 1646 2143 hospitia
1689 2088 1809 2127 cum
1842 2072 1979 2126 duo-

2086 2078 2303 2148 ροῦντα,
2334 2079 2412 2150 τῷ
2440 2082 2710 2151 πνεύματι
2742 2087 2953 2150 ζέοντα,
2988 2089 3066 2158 τῷ
3097 2094 3286 2163 Κυρίῳ
3311 2094 3664 2161 δουλεύοντα.

408 2170 582 2223 decim
628 2166 882 2222 oratoriis
921 2167 1219 2231 construxi,
1262 2174 1318 2222 et
1348 2164 1706 2221 oblationibus
1762 2162 1973 2228 multis,

2084 2171 2152 2239 τῇ
2172 2167 2346 2223 ἑλπίδι
2374 2171 2660 2244 χαίροντα,
2691 2177 2755 2246 τῇ
2787 2176 2964 2247 θλίψει
2998 2162 3357 2251 ὑπομένοντα,
3385 2189 3451 2256 τῇ
3486 2206 3669 2260 προσ·

411 2271 468 2315 ut
497 2262 742 2326 decebat,
772 2259 975 2313 dictum
1011 2259 1393 2313 monasterium
1447 2270 1578 2311 mea
1618 2256 1980 2326 imperatoria:

2086 2262 2219 2329 ευχῇ
2255 2266 2797 2333 προσκαρτεροῦντα,
2826 2272 2945 2332 ταῖς
2974 2272 3187 2341 χρείαις
3211 2275 3321 2328 τῶν
3350 2256 3669 2344 ἁγίων-κοι-

409 2350 687 2421 potestatis
730 2350 933 2416 ditavi;
965 2350 1059 2406 sed
1093 2358 1147 2406 et
1174 2350 1492 2420 patriarchae.
1520 2348 1802 2418 presentia
1828 2347 1978 2403 dedi-

2089 2352 2383 2421 νωνοῦντα,
2417 2356 2517 2425 τὴν
2545 2357 2851 2426 φιλοξενίαν
2893 2360 3155 2418 διώκοντα
3193 2385 3211 2417 ι
3252 2370 3392 2423 κατὰ
3430 2372 3499 2424 τὰ
3539 2373 3667 2442 ίερᾶι

408 2441 674 2497 calionem
713 2442 831 2511 ejus
868 2442 1240 2497 illustraudam
1269 2442 1475 2530 curavi.

2094 2441 2269 2511 λόγια.
2302 2445 2425 2497 Ἔτι
2450 2447 2505 2499 δὲ
2561 2453 2929 2521 γηροτροφεΜ
2952 2472 3011 2507 τε
3051 2458 3146 2510 καὶ
3171 2465 3494 2531 νοσοκομεῖα
3519 2441 3663 2532 μετὰ

415 2534 511 2587 καὶ
530 2533 627 2587 δύο
667 2535 766 2589 καὶ
797 2533 931 2589 δέκα
982 2516 1404 2605 παρεκκλησιῶν
1445 2533 1769 2603 συνέστησα,
1812 2531 1908 2586 καὶ
1928 2531 2243 2603 ἀναθήμασι
2298 2538 2511 2601 πολλοῖς
2547 2516 2650 2604 ὡς-
2676 2516 2825 2607 εἰκὸς
2882 2548 2981 2618 τὴν
3045 2550 3304 2620 ῥηθεῖσαν
3345 2516 3532 2626 ρονὴηί
3558 2516 3661 2630 τῆς

412 2628 689 2697 βασιλείας
718 2646 819 2699 μου
870 2628 1288 2683 κατεπλούτισα.
1322 2626 1482 2680 Ἀλλὰ
1530 2629 1622 2680 καὶ
1646 2626 1783 2696 μετὰ
1828 2628 2239 2697 πατριαρχικῆς
2274 2634 2582 2701 παρουσίας
2613 2636 2707 2688 τὸν
2760 2639 3154 2714 ὲγκαινιασμδν
3194 2647 3368 2717 αὐτῆς
3396 2626 3656 2715 ἐδόξασα.

479 2720 533 2771 2.
557 2717 693 2771 Cum
727 2729 908 2773 autem
954 2728 1076 2787 post
1098 2718 1487 2774 dedicationem
1520 2727 1574 2775 et
1620 2719 1982 2775 consecratio-

2126 2812 2131 2813 ν
2162 2719 2230 2792 β’.
2288 2725 2441 2779 Ἐπεὶ
2467 2727 2523 2780 δὲ
2559 2730 2698 2798 μετὰ
2724 2732 2816 2785 τὸν
2848 2736 3241 2809 ἐγκαινιασμύν
3272 2744 3367 2797 καὶ
3395 2743 3495 2813 τὴν
3524 2747 3664 2799 καθ-

416 2825 537 2865 nem
558 2811 843 2865 restaurati
864 2811 1045 2880 templi
1067 2821 1121 2867 et
1149 2812 1378 2867 reditum
1401 2815 1725 2869 sanctissimi
1754 2813 1984 2883 patriar-

2088 2812 2309 2907 ιέρωσιῦ
2339 2819 2431 2872 τοῦ
2472 2822 2627 2889 ἁγίου
2654 2826 2783 2879 ναοῦ
2822 2828 2915 2881 καὶ
2943 2830 3042 2901 τὴν
3077 2833 3334 2889 ἐπάνοδον
3359 2811 3461 2891 τοῦ
3481 2840 3664 2907 ἁγιω·

418 2900 535 2953 chae
563 2899 766 2954 domini
795 2897 1204 2970 Theophylacti,
1249 2901 1589 2958 dilectissimi
1624 2903 1715 2958 lilii
1753 2904 1987 2973 impera-

414 2992 564 3045 toriae
589 2991 869 3060 potestatis
897 3002 1056 3056 mea,
1086 3001 1141 3046 et
1172 2992 1470 3061 spiritualis
1496 2995 1599 3049 mei
1629 2994 1814 3063 patris,
1844 2993 1984 3063 quod

2094 2994 2210 3048 υίοῦ
2264 2998 2366 3069 τῆς
2416 3001 2695 3070 βασιλείας
2746 3025 2847 3077 μου
2901 3014 3117 3067 καὶτοῦ
3147 2991 3518 3088 πνευματικοῦ

2091 2902 2257 2957 τάτου
2289 2910 2628 2981 πατριάρχου
2656 2916 2824 2986 κυροῦ
2848 2918 3248 2993 Θεοφυλάκτου,
3272 2928 3665 2985 ποθεινοτάτου

3556 3042 3665 3092 μου

415 3077 468 3133 in
500 3082 684 3135 animo
712 3087 830 3136 erat
852 3081 1071 3149 eXplere
1102 3082 1489 3138 convenienter
1513 3082 1825 3152 dijudicavi,
1854 3098 1984 3153 quo-

2093 3088 2321 3184 πατρὸς,
2352 3091 2419 3184 τδγ
2438 3096 2579 3147 κατὰ
2612 3097 2784 3167 θυμὸν
2812 3077 3427 3177 ἐκπληρῶσαιεύλόγως
3454 3077 3667 3184 διενοή-

419 3174 563 3226 niam
596 3171 712 3240 ejus
741 3173 992 3243 precibus
1021 3172 1130 3227 Deo
1161 3175 1400 3243 acceptis
1426 3173 1606 3229 triduo
1645 3185 1800 3230 antea
1830 3189 1991 3229 sana-

415 3273 499 3317 tus
536 3279 705 3330 eram,
738 3272 791 3319 et
836 3258 1087 3332 aegrotus,
1115 3278 1239 3320 cum
1274 3278 1450 3320 essem
1505 3265 1775 3322 relevatus
1813 3281 1986 3331 eram,

413 3356 555 3425 quod
600 3356 757 3424 paulo
798 3366 925 3410 ante
984 3355 1148 3410 limen
1184 3355 1383 3409 inferni
1434 3356 1655 3411 subiens
1686 3355 1988 3411 faciendum

405 3449 797 3524 jiidicaveram,
848 3448 1120 3516 ingressus
1156 3461 1273 3501 sum
1305 3461 1426 3501 cum
1455 3447 1719 3515 aliquibus
1762 3463 1794 3502 e
1833 3463 1991 3504 sena-

419 3538 631 3591 toribus
683 3538 734 3591 in
769 3536 1207 3605 gazOphylacium
1250 3537 1609 3607 imperatoria:
1652 3552 1784 3592 mea:
1832 3537 1989 3593 Pote-

414 3625 592 3686 statis,
619 3633 672 3678 et
695 3625 833 3678 inter
852 3624 1146 3694 fragmenta
1170 3626 1457 3680 venerandi
1484 3625 1605 3681 libri
1625 3628 1847 3684 viviticae
1864 3644 1989 3684 cru-

411 3716 493 3770 cis
508 3716 745 3770 omnium
771 3717 1071 3770 maximum
1086 3727 1140 3772 et
1159 3719 1515 3773 admiratione
1550 3721 1763 3792 dignius
1785 3723 1989 3795 eligens

413 3801 539 3872 (fert
564 3805 705 3857 enim
731 3804 991 3859 hactenus
1022 3805 1077 3860 in
1106 3820 1167 3862 se
1187 3805 1477 3862 Dominica:
1501 3810 1767 3877 passionis
1800 3828 1989 3868 monu-

414 3905 613 3957 menta,
658 3911 820 3949 unum
850 3896 1123 3951 clavorum
1168 3896 1434 3966 foramen,
1478 3902 1672 3970 quibus
1730 3903 1984 3960 Deiﬂcata
2059 3903 2062 3907 ’

414 4000 541 4037 eam
573 3984 783 4040 Domini
823 3987 925 4041 mei
978 3988 1147 4042 divisa
1181 4001 1265 4045 est
1291 3999 1343 4045 et
1380 3991 1706 4049 ablutionem
1737 4006 1988 4063 peccato-

394 4062 535 4127 Vrum
565 4086 872 4131 nostrorum
904 4076 1097 4146 largita
1131 4088 1234 4146 est,
1267 4082 1472 4137 scilicet
1503 4082 1621 4139 fons
1655 4088 1983 4143 sanctissimi

412 4168 689 4235 sanguinis
736 4170 1014 4238 manavit),
1042 4170 1379 4227 altitudinem
1429 4175 1630 4232 habens
1674 4192 1796 4233 cum
1847 4180 1981 4234 obli-

413 4255 535 4323 quis

413 4362 570 4400 unam
601 4350 886 4418 praliuam,
903 4350 1235 4409 latitudinem
1256 4364 1431 4410 autem
1452 4357 1593 4412 circa
1618 4359 1752 4415 duos
1768 4363 1988 4437 digitos,

411 4440 808 4497 ctsoliditatem
830 4457 996 4499 unum
1018 4444 1271 4514 digitum,
1290 4448 1502 4517 pondus
1526 4466 1654 4505 vero
1674 4460 1840 4507 totum
1857 4472 1990 4511 cen-

420 4538 530 4582 tum
566 4531 786 4586 circiter
812 4533 1200 4603 drachmas;et
1227 4539 1472 4593 manibus
1495 4556 1982 4614 sumeusqsanctum

421 4619 564 4672 hunc
596 4621 930 4687 thesaurum,
963 4625 1302 4679 tremendum
1343 4628 1599 4685 vexillum
1625 4634 1866 4693 caelestis
1894 4654 1983 4696 re-

428 4710 533 4777 gis,
549 4710 758 4780 siguum
780 4711 993 4780 quodin
1020 4714 1157 4771 etelo
1181 4717 1389 4784 parebit
1406 4720 1500 4775 lilii
1521 4722 1750 4781 hominis
1768 4730 1982 4798 quando

420 4800 629 4855 venerit
647 4800 712 4856 ad
727 4802 1073 4869 iudicandum
1097 4810 1247 4864 vivos
1272 4819 1324 4867 et
1346 4820 1623 4883 mortuos;
1643 4818 1743 4873 hoc
1763 4834 1889 4891 ergo
1902 4824 1984 4878 di-

414 4889 597 4945 vinum
624 4891 1041 4952 instrumentum
1060 4897 1248 4956 salutis
1271 4912 1467 4959 nostrae
1491 4919 1801 4966 reverenter
1820 4889 1984 4984 depo-

416 4985 498 5037 sui
525 4984 666 5038 intra
695 4995 912 5043 sanctas
926 5004 1117 5045 manus
1156 4995 1484 5051 sanctissimi
1512 4996 1662 5054 Pauli
1688 5001 1984 5074 Xeropota-

410 5075 574 5138 meni,
593 5084 650 5129 ut
667 5077 737 5130 sit
755 5077 927 5132 donec
942 5080 1124 5135 veniat
1138 5080 1396 5140 Dominus
1411 5087 1768 5147 inalienabilis
1783 5094 1982 5152 oblatio

407 5165 552 5222 dicto
583 5171 1048 5229 venerandissimo
1082 5178 1416 5233 monasterio
1449 5196 1583 5236 mea:
1619 5184 1981 5254 imperatorias

409 5265 713 5332 pmestatis;
744 5267 884 5336 quod
916 5269 1236 5326 comitantes
1260 5288 1381 5328 cum
1404 5277 1768 5337 ecclesiastica
1797 5295 1850 5340 et
1873 5288 1978 5342 mi-

409 5353 549 5406 litari
584 5370 796 5423 pompa,
824 5369 882 5410 ut
904 5358 1168 5415 collocent
1200 5361 1324 5417 illud
1355 5365 1407 5419 in
1443 5380 1629 5425 sancto
1660 5380 1972 5434 monasterii

409 5448 715 5504 sanctuario
746 5449 800 5505 in
831 5454 1314 5514 sanctiﬁcationem
1349 5468 1414 5529 _et
1447 5463 1834 5526 munimentum
1868 5474 1971 5530 im-

410 5684 413 5691 .
482 5617 691 5706 “Rom.
728 5645 827 5699 xtl,
872 5631 959 5689 l2.

2090 3178 2212 3248 θην,
2250 3181 2437 3255 ἐπειδὴ
2466 3190 2585 3251 ταῖς
2611 3189 2798 3244 τούτου
2824 3192 3159 3252 θεοπειθέσιν
3175 3194 3361 3270 εὐχαῖς
3392 3178 3668 3275 πρότριτιι

2089 3271 2355 3344 ὐγιάσθην
2385 3278 2477 3330 καὶ
2514 3279 2773 3352 κλινήρης
2800 3285 2875 3339 ὢν
2914 3288 3175 3345 ἀνέλαϐον
3204 3271 3458 3364 ἐμαυτὸν,
3492 3271 3665 3369 ὅ-πρδ

2091 3365 2289 3435 μικροῦ
2317 3368 2407 3420 τὸν
2435 3370 2589 3424 οὐδὸν
2616 3374 2813 3440 ἐπιϐὰς
2850 3380 2941 3432 τοῦ
2974 3380 3101 3452 ᾅδου
3144 3384 3448 3456 διεκρίνατο
3490 3365 3665 3459 ποιη-

2087 3457 2231 3520 τέον,
2264 3459 2509 3528 είσῆλθον
2536 3466 2671 3533 μετά
2703 3485 2864 3521 τινων
2894 3472 2990 3541 τῆς
3023 3476 3327 3547 συγκλήτου
3359 3480 3415 3529 ὲν
3436 3479 3511 3549 τῷ
3546 3457 3666 3553 θη-

2089 3547 2513 3616 σαυροφυλακίῳ
2542 3555 2641 3623 τῆς
2670 3561 2938 3625 κραταιᾶς
2984 3579 3087 3631 μου
3119 3564 3393 3633 βασιλείας
3420 3547 3510 3621 καλ
3538 3547 3659 3623 stin!

2086 3635 2284 3704 τιμίων
2318 3638 2492 3704 ξύλων
2525 3642 2621 3695 τοῦ
2676 3644 2938 3707 ζωοποιοῦ
2994 3656 3227 3725 σταυροῦ
3282 3659 3340 3709 τὸ
3394 3661 3661 3727 μέγιστον

2088 3726 2305 3781 πάντων
2333 3732 2428 3784 καὶ
2470 3733 2744 3805 θαύματος
2775 3741 2929 3806 ἄξιον
2978 3746 3152 3816 εὑρὼν
3185 3749 3360 3819 (φέρει
3543 3755 3659 3824 γὰρ

2086 3820 2253 3874 είσέτι
2296 3824 2355 3876 ὲν
2406 3824 2583 3898 ἑαυτῷ
2615 3830 2683 3883 τὰ
2705 3832 2796 3885 τοῦ
2825 3837 3153 3893 Δεσποτικοῦ
3200 3843 3403 3906 πάθους
3441 3820 3655 3914 μνημόν-
3698 3836 3713 3850 ”

2087 3927 2244 3978 συνα,
2292 3916 2421 3985 μίαν
2474 3919 2581 3973 τῶν
2628 3922 2774 3992 ἥλων
2818 3926 2979 3998 ὀπὴν,
3014 3931 3107 4000 ἀφ’
3130 3926 3204 3987 ὧν
3256 3937 3289 4005 ή
3337 3936 3655 4009 τεθεωμένη

2087 4006 2229 4099 cap:
2253 4008 2343 4060 τοῦ
2369 4011 2573 4081 Κυρίου
2616 4033 2720 4086 μου
2771 4024 3077 4095 περιεπάρη
3107 4028 3201 4078 καὶ
3247 4027 3307 4081 τὸ
3357 4006 3655 4099 καθάρσιον

2084 4097 2193 4150 τῶν
2211 4098 2496 4169 ἁμαρτιῶν
2521 4106 2679 4174 ἡμῶν
2704 4109 3013 4180 ἐδωρήσατο
3034 4116 3377 4188 ἡτοιὴλιϐὰς
3399 4097 3650 4175 τοῦήπαν-

2085 4190 2243 4256 αγίου
2302 4196 2651 4266 κατεκενώθη
2712 4201 2986 4274 αἵματος),
3037 4206 3168 4276 ὕψος
3219 4210 3341 4280 ἔχον
3378 4214 3512 4282 μετὰ
3540 4216 3657 4268 τῶν

584 4259 831 4325 partibus
876 4267 930 4313 et
963 4261 1126 4315 rectis
1169 4277 1334 4316 unutn
1392 4264 1607 4321 circiter
1652 4270 1886 4324 cubitale
1929 4279 1981 4326 et

601 4350 860 4376 η--12..ι...-ι
903 4350 1233 4376 l-n:s..,.l:_-...
1258 4364 1428 4376 ---ι-..-
1459 4357 1585 4376 _9_--
1634 4359 1648 4376 ι
1705 4375 1708 4376 ,
1786 4363 1815 4376 ι.
1859 4363 1890 4376 ._

2639 4259 2651 4266 .
2775 4259 2786 4271 .
3223 4259 3333 4280 -Λη
3378 4259 3512 4282 ,ης-π
3551 4259 3652 4268 -.η

2086 4282 2397 4353 ἐγκαρσίων
2422 4288 2516 4341 καὶ
2552 4290 2645 4344 τοῦ
2683 4293 2831 4347 ἱστοῦ
2855 4297 2984 4351 ὼσεὶ⁵
3014 4300 3132 4362 ἑνὸς
3151 4304 3372 4373 πήχεως
3398 4308 3490 4359 καὶ
3518 4311 3658 4376 μιᾶς

2088 4374 2412 4467 παλαιστῆς,
2447 4380 2649 4444 πλάτος
2672 4384 2729 4437 δὲ
2757 4384 2889 4440 ὡσεὶ
2922 4389 3015 4443 δύο
3054 4391 3333 4449 δακτύλων
3362 4399 3455 4450 καὶ
3485 4374 3657 4467 βάθος

2084 4462 2217 4517 ὡσεὶ
2243 4467 2360 4533 ἐνὸς
2381 4470 2670 4541 δακτύλου,
2705 4476 2870 4549 ὁλκὴν
2924 4481 2978 4533 δὲ
3026 4483 3086 4536 τὸ
3144 4488 3251 4539 πᾶν
3302 4462 3661 4545 αὐτοῦ-ὡσεί

2083 4554 2335 4626 δραχμὰς
2366 4561 2560 4618 ἑκατόν
2584 4581 2597 4594 '
2633 4567 2727 4620 καὶ
2764 4571 2871 4624 ἀνὰ
2920 4576 3107 4644 χεῖρας
3137 4576 3319 4631 λαϐὼν
3348 4580 3533 4632 τοῦτον
3557 4584 3658 4635 τὶν

2081 4645 2239 4716 ἅγιον
2274 4648 2567 4725 θησαυρὸν,
2592 4655 2692 4725 τὴν
2729 4661 2964 4732 φρικτὴν
2992 4666 3233 4734 σημαίαν
3285 4668 3380 4721 τοῦ
3420 4671 3662 4739 ὲιῖονρας

2081 4745 2195 4799 νίου
2233 4745 2522 4817 βασιλέως,
2557 4754 2618 4806 τὸ
2670 4756 2727 4809 έν
2751 4759 2967 4828 οὐρανῷ
3018 4764 3392 4833 φανησόμενον
3421 4772 3659 4836 σημεῖον

2079 4839 2172 4891 τοῦ
2192 4839 2322 4894 Υἱοῦ
2354 4843 2451 4896 τοῦ
2482 4845 2772 4918 ἀνθρώπου
2803 4850 2896 4903 τοῦ
2931 4852 3216 4920 μέλλοντος
3244 4856 3502 4925 ἔρχεσθαι
3528 4865 3659 4928 κρῖ-

2080 4946 2168 4983 ναι
2194 4931 2403 4997 ζῶντας
2434 4940 2529 4989 καὶ
2554 4939 2780 5008 νεκρούς
2807 4956 2820 4969 ⁸
2849 4941 3005 4995 τοῦτο
3030 4944 3093 5014 δὴ
3129 4946 3230 5014 (τὸ)
3257 4946 3529 5002 θειότατον
3548 4951 3657 5022 δρ-

2079 5036 2244 5088 γανον
2275 5025 2372 5094 τῆς
2399 5028 2673 5099 σωτηρίας
2697 5031 2853 5102 ημῶν
2870 5034 3111 5100 εὐλαϐῶς
3141 5038 3386 5111 ἐπέθηκα
3408 5044 3526 5107 ταῖς
3550 5046 3656 5099 τοῦ

2080 5114 2373 5187 δσιωτάτου
2394 5118 2605 5173 Παύλου
2632 5122 2725 5175 τοῦ
2742 5124 3205 5199 Ξηροποταμηνοῦ
3234 5133 3417 5200 ἁγίαις
3436 5152 3493 5205 χε
3501 5138 3658 5206 ρσὶν,

2078 5205 2224 5271 ὅπως
2251 5209 2336 5278 ετη
2368 5211 2473 5276 ἕως
2516 5213 2713 5288 ἀνέλθῃ
2743 5219 2945 5289 Κύριος
2979 5222 3344 5295 ἀναφαίρετον
3388 5205 3660 5299 ἀνάθημα.

2074 5300 2139 5366 τῇ
2172 5298 2402 5372 ῥηθείσῃ
2429 5302 2847 5379 σεϐασμιωτάτῃ
2881 5313 3013 5381 μονῇ
3060 5311 3160 5381 τῆς
3207 5313 3490 5385 βασιλείας
3517 5298 3655 5386 μου,

2073 5389 2454 5457 ἐφοδιάσαντες
2483 5394 2614 5448 αὐτὸ
2651 5399 2789 5466 μετὰ
2834 5401 3299 5474 ἑκκλησιαστικῆς
3339 5408 3434 5459 καὶ
3473 5424 3655 5479 στραη

2070 5483 2334 5554 τιωτικῆς
2362 5488 2714 5559 προπομπῆς,
2743 5490 2829 5545 ἴνα
2857 5494 3169 5549 ἁποθέσωσι
3192 5496 3351 5552 τοῦτο
3369 5500 3427 5552 ὲν
3450 5499 3527 5569 τῷ
3545 5501 3653 5571 τῆς
