3958 6216
274 339 418 405 1065

940 345 1089 408 PRO
1128 348 1631 411 MONASTERIO
1668 354 2161 419 XEROPOTAMI
2208 362 2287 421 IN
2336 364 2590 427 MONTE
2631 367 2851 428 ATIIO.

3398 384 3533 447 108‘:

274 452 450 523 μονῆς
478 450 620 522 ἁγίῳ
656 451 864 523 βήματι
908 457 1046 528 πρὸς
1090 458 1367 529 άγιασμον
1406 460 1500 513 καὶ
1550 464 1859 532 στηριγμον

1968 469 2219 535 peraturii
2270 472 2440 525 nostri
2489 473 2827 532 monasterii.
2864 472 2969 528 Sed
3016 476 3271 543 quoniam
3308 503 3537 553 emitur

270 544 373 612 τῆς
404 543 880 616 αὑτοκρατορικῆς
907 548 1068 617 ἡμῶν
1102 552 1293 619 μονῆς.
1346 550 1487 604 ⁹Αλλ’
1509 552 1697 624 ἐπειδὴ
1728 554 1858 607 roti-

269 652 369 689 τού
404 636 564 706 χάριν
591 637 796 701 ίκανῶς
819 638 859 706 ἦ
890 656 949 693 τε
1000 639 1303 711 σύγκλητος
1355 642 1450 695 καὶ
1487 642 1632 696 ἆπαν
1672 644 1731 697 τὸ
1760 644 1857 715 δη-

272 728 470 798 μόσιον
501 729 681 783 ἐδέετο
707 730 912 800 ταύτης
942 732 1016 803 μὴ
1039 736 1334 803 αποτυχεῖν
1364 735 1465 803 τῆς
1506 736 1728 807 χάριτος
1757 738 1855 808 τῆς

268 819 557 891 οὐρανίου,
582 822 847 893 ὲδιόρισεν
873 826 904 894 ή
946 825 1194 895 βασιλεία
1221 844 1344 894 μου,
1381 828 1466 882 ἵνα
1495 830 1636 883 κατὰ
1672 832 1857 885 πᾶσαν

271 910 520 979 τριετίαν
547 912 991 968 ἀποστέλλωνται
1029 916 1181 985 παρὰ
1226 915 1325 985 μὲν
1346 917 1445 986 τῆς
1477 921 1747 988 κραταιᾶς
1769 919 1859 990 βα-

271 1001 485 1065 σιλείας
502 1003 609 1055 τῶν
643 1003 931 1073 Ῥωμαίων
948 1005 1042 1059 δύο
1066 1010 1411 1079 σεκρετάριοι
1435 1010 1689 1078 μυστικοὶ⁵
1718 1012 1857 1081 μετὰ

271 1092 371 1145 καὶ
395 1092 515 1157 ἐνὸς
546 1093 972 1165 ἑκατοντάρχου,
999 1098 1153 1169 παρᾶ
1179 1098 1236 1151 δὲ
1258 1100 1358 1169 τῆς
1384 1102 1605 1155 συνόδου
1647 1104 1743 1157 τοῦ
1778 1104 1857 1157 οἰ-

271 1187 603 1257 κουμενικοῦ
629 1188 976 1259 πατριάρχου
1005 1190 1100 1244 δύο
1129 1190 1385 1261 κληρικοί
1413 1207 1428 1223 ·
1465 1193 1561 1246 καὶ
1580 1194 1856 1265 ὂημοσίως

269 1278 408 1332 αὐτὸ
438 1280 903 1350 μεταστέλλεσθαι
936 1281 1078 1351 μετὰ
1104 1283 1504 1355 στρατιωτικῆς
1526 1284 1858 1358 δορυφορίας

270 1372 370 1425 καὶ
403 1373 746 1442 προπομπῆς
792 1372 1179 1443 συγκλητικῶν
1232 1375 1513 1444 ἀρχόντων
1565 1376 1707 1429 κατὰ
1758 1376 1858 1446 τὴν

268 1461 499 1532 πρώτην
528 1466 625 1515 τοῦ
656 1463 974 1531 Αὐγούστου
1018 1466 1207 1536 μηνὸς,
1262 1466 1354 1518 καὶ
1397 1466 1857 1536 μεταπέμπεσθαι

267 1562 435 1617 τοῦτο
468 1564 608 1634 μετὰ
625 1564 849 1617 καὶτῶν
876 1565 1152 1635 ὲγκρίτων
1175 1564 1428 1634 μοναχῶν
1450 1564 1553 1633 τῆς
1573 1563 1856 1634 ἡμετέρας

273 1654 583 1723 σεϐασμίας
619 1656 791 1726 μονῆς
818 1655 912 1707 τοῦ
946 1653 1361 1725 Ξηροποτάμου,
1385 1653 1546 1725 χάριν
1561 1653 1662 1724 τῆς
1687 1651 1855 1707 αὑτοῦ

270 1748 736 1818 προσκνυνήσεως
774 1748 868 1801 καὶ
897 1748 1249 1816 παγκοσμίου
1280 1746 1564 1816 ὑψώσεως,
1597 1743 1858 1799 είθόὔτω

275 1838 669 1893 συστέλλεσθαι
702 1840 796 1893 καὶ
823 1839 1286 1910 μετακομίζεσθαι
1309 1840 1448 1910 πρὸς
1472 1839 1571 1909 τὴν
1597 1838 1856 1911 ῥηθεῖσαν

272 1928 447 1999 μονὴν
484 1932 623 1999 μετὰ
652 1932 750 2001 τῆς
776 1930 1165 2003 προσηκούσης
1195 1931 1533 2003 προπομπῆς
1559 1930 1655 1985 καὶ
1694 1930 1853 1983 sulta-

268 2022 446 2086 ϐείας.
543 2024 749 2081 Τούτου
787 2028 955 2098 χάριν
986 2026 1198 2080 κελεύει
1241 2025 1304 2079 τδ
1349 2026 1553 2097 κράτος
1606 2023 1710 2094 τῆς
1752 2024 1852 2093 βα-

270 2116 476 2180 σιλείας
510 2134 633 2187 μου,
666 2118 902 2174 δίδοσθαι
937 2121 1154 2190 ἐτήσιον
1180 2118 1463 2189 σολέμνιον
1485 2119 1597 2181 τοῖς
1615 2116 1857 2188 Ξηροπο-

272 2211 542 2279 ταιμηνοῖς
572 2211 819 2279 Πατράσι
856 2212 998 2284 ὑπὲρ
1028 2212 1267 2285 ψυχικῆς
1287 2212 1449 2282 ἡμῶν
1474 2211 1749 2282 σωτηρίας
1768 2210 1858 2263 διὰ

258 2293 375 2367 τὴν
433 2300 543 2353 τῶν
569 2303 921 2358 ἐνοικούντων
955 2305 1042 2358 ἐπ’
1068 2306 1236 2376 ἀρετῇ
1255 2302 1700 2373 διαϐεϐοημένων
1757 2318 1856 2372 μο-

271 2390 455 2515 ἔαχῶν
518 2392 767 2465 δαπάνην
830 2398 941 2451 τῶν
1008 2398 1328 2466 ἀναγκαίων
1350 2439 1364 2462 ,
1423 2397 1534 2450 τῶν
1590 2396 1851 2464 Πατέρων

306 2500 337 2515 υ
375 2482 583 2515 ρης-.-.υ
618 2486 949 2515 ιι--.ν.ε...-.ν...
1006 2489 1069 2515 In
1103 2488 1210 2515 ...t.-
1238 2488 1366 2515 _-.~._
1391 2489 1448 2515 ι..
1483 2488 1559 2515 -r.
1617 2488 1850 2515 τηεμ.-.

1962 559 2064 614 hoc
2083 560 2229 630 iuste
2253 575 2475 619 senatus
2492 576 2545 620 et
2566 566 2744 622 omnis
2762 567 2911 636 plebs
2928 568 3365 639 supplicaverunt
3399 579 3452 623 ιιι
3479 564 3546 626 eo

1961 652 2201 708 caelestis
2224 656 2414 725 gratia:
2446 657 2758 713 vadimonio
2814 674 2919 713 non
2950 660 3254 729 priventur,
3302 662 3547 720 decrevit

1961 753 2080 794 mea
2101 740 2452 811 imperatoria
2477 754 2803 815 potestas,ut
2827 748 3059 804 triennio
3089 764 3304 823 quoque
3330 754 3549 808 mittan-

1965 837 2052 883 tur
2080 834 2148 886 ab
2168 833 2515 902 imperatoria
2544 847 2810 907 potestate
2836 838 3205 898 Romanorum
3233 846 3339 901 duo
3369 862 3549 902 sccrr-

1962 922 2086 976 tarii
2118 925 2329 995 mystici
2350 942 2470 981 cum
2496 944 2603 983 uno
2632 931 2974 997 centurione,
3027 949 3054 988 a
3112 938 3317 1007 synodo
3366 948 3547 993 autem

1962 1016 2283 1070 mcumeniei
2318 1018 2641 1086 patriarcha:
2683 1022 2792 1076 duo
2820 1024 3029 1085 clerici,
3061 1035 3113 1079 et
3163 1028 3375 1095 publice
3419 1028 3549 1083 illud

1962 1102 2164 1172 lignum
2199 1105 2478 1161 deferatur
2524 1125 2646 1163 cum
2695 1112 2915 1166 militari
2962 1098 3220 1170 comitatu
3261 1130 3313 1172 et
3354 1133 3548 1189 pompa

1962 1206 2185 1252 senatus
2208 1199 2515 1270 principum
2540 1202 2712 1271 prima
2736 1203 2823 1259 die
2849 1206 3077 1276 Augusti
3110 1210 3334 1273 mensis,
3362 1218 3417 1265 et
3446 1212 3551 1264 im-

1962 1288 2211 1342 mittatur
2258 1305 2380 1344 cum
2435 1291 2652 1348 selectis
2695 1296 2981 1351 monachis
3029 1301 3321 1355 venerandi
3382 1302 3551 1356 nostri

1963 1383 2283 1435 monasterii
2326 1382 2700 1453 Xeropotami,
2751 1387 2818 1441 ad
2852 1388 2971 1458 ejus
3012 1390 3383 1446 adoratiouem
3413 1402 3465 1447 et
3499 1394 3551 1448 iu

1964 1470 2113 1524 omni
2150 1474 2353 1527 mundo
2392 1474 2813 1543 exaltationcm;
2862 1480 3053 1535 deinde
3092 1480 3167 1535 ita
3202 1481 3472 1538 referatur
3500 1496 3556 1538 ct

1964 1572 2277 1633 reportetur
2298 1566 2363 1619 ad
2391 1566 2595 1623 dictum
2628 1573 3022 1625 monasterium
3053 1588 3176 1627 cum
3203 1576 3553 1632 convenienti

1963 1669 2157 1724 pompa
2178 1662 2234 1710 et
2258 1658 2582 1712 reverentia.
2610 1657 2818 1713 Horum
2842 1674 3003 1731 causa
3024 1661 3181 1728 jubet
3203 1663 3552 1732 imperatoria

1966 1759 2084 1800 mea
2114 1756 2355 1816 potestas
2383 1749 2499 1803 dari
2532 1751 2765 1806 annuale
2795 1751 3124 1820 stipendium
3158 1752 3554 1824 Xeropotatne-

1970 1838 2055 1892 nis
2087 1837 2341 1894 Patribus
2374 1853 2473 1907 pro
2510 1840 2780 1910 spirituali
2810 1854 2997 1897 nostra
3025 1844 3230 1913 salute,
3262 1849 3329 1901 ad
3361 1864 3557 1918 procu-

1969 1932 2141 1986 randa
2188 1931 2258 1986 ibi
2297 1931 2617 2001 degentibus
2659 1934 2711 1988 in
2740 1935 2936 1990 virtute
2967 1937 3242 2008 prmdiclis
3273 1942 3559 1996 monachis

1972 2021 2275 2077 necessaria
2296 2023 2501 2091 quibus
2524 2024 2688 2078 vitam
2721 2037 3034 2082 suStentare
3061 2031 3292 2099 possint.
3322 2032 3379 2088 Si
3409 2034 3553 2089 enini

1973 2115 2165 2169 horum
2193 2115 2285 2183 qui
2320 2114 2373 2168 iu
2394 2114 2647 2185 Olympo,
2676 2115 2923 2188 Cytnina,
2949 2131 3003 2176 et
3036 2120 3186 2178 Latri
3211 2126 3416 2196 degunt
3438 2142 3557 2179 mo-

1969 2205 2128 2261 nachi
2150 2220 2245 2276 per
2272 2206 2642 2277 chrysobullas
2671 2225 2789 2263 mea
2819 2213 3043 2269 miserta
3071 2224 3155 2271 est
3198 2217 3551 2287 imperatoria

1968 2306 2234 2369 potestas,
2254 2296 2425 2353 multo
2438 2299 2836 2368 potiusntiliter
2859 2303 2910 2358 in
2930 2307 3176 2375 proprios
3189 2309 3557 2381 supplicantes

1963 2394 2028 2449 ad
2062 2402 2375 2463 perpetuam
2400 2407 2587 2449 eorum
2621 2396 2841 2451 tutelam
2874 2398 3053 2455 faciet.

306 2500 340 2536 κ
375 2482 583 2537 τούτων
616 2486 969 2551 άποζὼντων.
1006 2489 1071 2541 El
1103 2488 1211 2559 γὰρ
1238 2488 1366 2553 τοὺς
1388 2489 1448 2541 ὲν
1483 2488 1562 2559 τῷ
1617 2488 1881 2559 Ὀλύμπῳ
1920 2487 2019 2541 καὶ
2050 2483 2125 2554 τῷ
2164 2485 2390 2555 Κυμινᾷ
2419 2484 2512 2538 καὶ
2579 2484 2658 2556 τῷ
2691 2486 2788 2540 τοῦ
2828 2489 3070 2559 Λάτρους
3121 2494 3395 2563 μοναστὰς
3464 2496 3557 2550 διὶ

271 2576 752 2651 χρυσοϐούλλωνή
812 2580 921 2651 ἐμὴ
968 2581 1157 2651 ἐλέησε
1204 2579 1454 2651 βασιλεία
1487 2622 1502 2647 ,
1559 2579 1739 2652 πολλῷ
1791 2579 1996 2652 μᾶλλον
2039 2576 2392 2649 χρεωστικῶς
2440 2576 2547 2630 τῶν
2588 2579 2810 2633 οἰκείων
2859 2582 3101 2656 εὐχετῶν
3157 2588 3239 2650 είς
3307 2587 3397 2641 ἀεὶ
3457 2590 3558 2660 τὴν

274 2672 605 2742 κηδεμονίαν
675 2676 913 2742 ποιήσει.

342 2761 419 2832 γ’.
456 2764 622 2819 Ὅθεν
672 2766 769 2818 καὶ.
816 2767 906 2819 τὸν
953 2768 1198 2838 παρόντα
1255 2770 1652 2839 χρυσόϐουλλον
1698 2771 1859 2839 λόγον

280 2854 609 2926 ὲπιχορηγεῖ
633 2857 727 2911 καὶ
762 2858 1120 2929 ὲπιϐραϐεύει
1148 2863 1214 2931 τῇ
1252 2861 1481 2933 ῥηθείσῃ
1518 2865 1676 2934 μονῇ,
1709 2843 1776 2916 δι’
1799 2854 1861 2916 οὗ

272 2948 488 3001 εὐδοκεῖ
525 2950 622 3001 καὶ
650 2949 923 3013 θεσπίζει,
950 2950 1038 3004 ἴνα
1065 2954 1129 3021 τῇ
1165 2952 1357 3005 τούτου
1392 2953 1665 3024 ἑμφανείᾳ
1692 2955 1739 3005 οἱ
1763 2955 1863 3019 τῆς

280 3038 452 3107 μονῆς
504 3039 710 3110 ταύτης
767 3041 994 3112 μοναχοὶ
1037 3043 1132 3095 τοῦ
1175 3043 1472 3097 ὀσιωτάτου
1514 3043 1726 3097 Παύλου
1767 3044 1861 3097 τοῦ

276 3131 749 3202 Ξηροποταμηνοῦ
774 3133 870 3189 διά
900 3133 962 3188 τὸ
1000 3134 1298 3205 προνόμιον
1349 3136 1446 3189 τοῦ
1477 3132 1744 3199 ξωοποιοῦ
1777 3153 1861 3189 τι-

280 3224 405 3294 μίου
474 3223 633 3291 ξύλου
688 3225 1052 3297 λαμϐάνωσιν
1107 3228 1173 3283 ἐκ
1213 3227 1308 3284 τοῦ
1341 3228 1569 3299 ταμείου
1594 3228 1692 3298 τῆς
1726 3246 1864 3299 κρα-

279 3318 436 3380 ταιᾶς
462 3317 572 3371 τῶν
623 3316 913 3389 Ῥωμαίων
952 3319 1236 3391 βασιλείας
1264 3322 1409 3375 κατὰ
1454 3323 1565 3376 πᾶν
1608 3320 1729 3385 ἔτος
1758 3320 1864 3375 ἀνά

280 3406 489 3476 χιλίους
517 3408 879 3473 ὀκτακοσίους
910 3410 1148 3480 χρυσοῦς
1177 3410 1277 3480 τῆς
1309 3410 1452 3482 ὲμῆς
1478 3410 1751 3484 χαραγῆς,
1777 3408 1864 3462 διά

276 3516 338 3551 τε
376 3500 504 3563 τοὺς
539 3500 807 3571 ῥηθέντας
840 3500 1080 3567 ξενῶνας
1126 3503 1221 3559 καὶ
1269 3503 1339 3556 τὰ
1392 3505 1736 3574 νοσοκομεῖα,
1769 3504 1863 3556 καὶ

275 3588 364 3641 διὰ
387 3588 448 3641 τὸ
473 3590 756 3661 ἑορτάζειν
794 3595 1193 3666 πανηγυρικῶς
1246 3595 1387 3666 μετὰ
1418 3595 1734 3663 φιλοτιμίας
1766 3595 1861 3648 καὶ

280 3679 553 3749 παννύχου
598 3682 842 3746 στάσεως
900 3688 1052 3756 τρεῖς
1097 3687 1348 3757 ἐτησίους
1389 3688 1617 3756 ἑορτάς·
1650 3687 1720 3739 τὰ
1760 3687 1861 3755 τῆς

280 3772 533 3826 θεοτόκου
569 3774 626 3827 ὲν
659 3776 773 3843 ναῷ
805 3775 883 3845 τῷ
930 3778 1142 3848 νομικῷ
1193 3778 1329 3846 ἅγια
1383 3779 1609 3841 είσὸδια,
1658 3777 1862 3846 κλῆρος

280 3850 375 3919 isti.
404 3865 512 3935 γὰρ
544 3865 681 3937 αὐτῇ
713 3868 924 3921 ἄνωθεν
953 3868 1109 3940 ἐδόθη
1144 3870 1205 3922 τὸ
1234 3868 1545 3939 άγιώνυμον
1569 3869 1693 3938 ὅρος
1714 3885 1728 3899 '
1761 3870 1860 3937 τὴν

279 3958 378 4025 τῆς
406 3959 755 4029 παγκοσμίου
781 3960 1044 4031 ὑψώσεως
1067 3961 1162 4014 τοῦ
1195 3962 1379 4032 τιμίου
1417 3960 1574 4026 ξύλου
1604 3961 1695 4014 τοῦ
1726 3979 1862 4014 παν-

282 4050 440 4119 αγίου
500 4052 764 4121 σταυροῦ,
793 4054 875 4106 ὅτι
918 4055 1068 4124 παρά
1092 4052 1187 4106 τοῦ
1210 4054 1445 4124 κράτους
1475 4052 1571 4121 τῆς
1602 4050 1862 4114 εὐσεϐοῦς

280 4142 438 4213 ἡμῶν
468 4143 751 4211 βασιλείας
778 4144 984 4215 ταύτην
1032 4142 1367 4199 πεπλούτικε
1414 4147 1612 4217 χάριτα
1632 4161 1646 4176 ⁸
1679 4144 1773 4199 καὶ
1803 4143 1864 4197 τὸ

282 4233 584 4306 μαρτύριον
616 4236 725 4289 τῶν
754 4238 927 4305 ἁγίων
955 4238 1265 4291 θεοσέπτων
1286 4239 1541 4308 μεγάλων
1568 4237 1863 4310 μαρτύρων

285 4344 385 4397 μου
417 4329 857 4399 τεσσαράκοντα,
891 4330 973 4383 ὅτι
1014 4331 1193 4385 πάντα
1225 4333 1295 4386 τά
1327 4332 1437 4385 τῶν
1460 4332 1632 4400 ἁγίων
1656 4330 1864 4384 τούτων

281 4419 557 4489 σεϐάσμια
583 4420 813 4490 λείψανα
840 4424 897 4474 ὲν
923 4425 988 4492 τῇ
1028 4425 1164 4494 μονῇ
1194 4423 1368 4495 ταύτῃ
1402 4424 1491 4479 διὰ
1528 4423 1862 4497 χρυσοϐούλ-

2034 2760 2092 2820 5.
2125 2764 2284 2822 Unde
2332 2778 2573 2835 praesens
2610 2766 3063 2837 chrysobullense
3110 2769 3345 2826 edictum
3386 2768 3557 2827 donat

1966 2868 2023 2913 et
2058 2867 2338 2914 asseverat
2364 2857 2508 2913 dicto
2538 2860 2891 2925 monasterio,
2944 2875 3041 2929 per
3067 2863 3209 2932 quod
3238 2864 3352 2919 vult
3382 2874 3436 2921 et
3462 2866 3559 2922 de—

1968 2949 2166 3014 cernit,
2199 2956 2258 3002 ut
2295 2946 2413 3014 ejus
2462 2948 2833 3018 publicatione
2884 2951 3041 3018 hujus
3084 2956 3404 3011 monasterii
3435 2972 3557 3011 mo-

1968 3040 2126 3095 nachi
2164 3038 2494 3093 sanctissimi
2542 3038 2691 3093 Pauli
2729 3039 3148 3109 Xeropotameni
3190 3058 3288 3113 per
3332 3047 3557 3116 privileo

1968 3128 2117 3198 gium
2152 3126 2351 3182 vivifici
2388 3127 2529 3182 illius
2554 3137 2609 3182 et
2641 3130 2861 3197 pretiosi
2903 3130 3032 3201 ligni
3068 3134 3339 3203 accipiant
3374 3151 3405 3191 e
3434 3138 3555 3193 the-

1970 3234 2131 3274 sauro
2166 3218 2530 3289 imperatoria:
2570 3217 2944 3277 Romanorum
2979 3227 3270 3293 potestatis
3315 3244 3562 3302 unoque.

1969 3322 2076 3380 que
2108 3323 2252 3365 anno
2298 3309 2447 3365 mille
2488 3310 2794 3381 octogintos
2850 3327 3045 3368 aureos
3097 3330 3232 3369 mea!
3287 3327 3559 3390 monete,

1966 3411 2191 3472 propter
2225 3402 2339 3473 jam
2374 3402 2517 3457 dicta
2544 3402 2773 3472 hospitia
2817 3414 2872 3459 et
2906 3408 3240 3472 nosocomS-a,
3288 3418 3342 3463 et
3374 3418 3432 3464 ut
3460 3424 3557 3466 ce-

1967 3493 2177 3550 lebrent
2200 3494 2518 3550 solemniter
2556 3511 2681 3551 cum
2710 3496 2832 3549 zelo
2865 3508 2919 3550 et
2946 3508 3207 3553 nocturna
3238 3500 3417 3569 vigilia
3446 3511 3558 3557 tres

1967 3587 2235 3642 annuales
2282 3586 2609 3643 festivitates
2640 3601 2653 3640 :
2692 3588 2934 3660 Deiparzn
2966 3605 3160 3661 nempe
3205 3591 3257 3645 in
3293 3593 3555 3663 templum

1967 3679 2135 3749 legale
2185 3689 2435 3735 sanctum
2464 3681 2802 3751 ingressum;
2836 3682 3122 3737 haareditas
3147 3685 3293 3739 enim
3336 3685 3414 3740 illi
3462 3702 3557 3740 su-

1964 3785 2134 3839 perne
2160 3770 2316 3824 datus
2349 3779 2431 3825 est
2456 3785 2613 3825 mons
2646 3771 2735 3825 ille
2757 3771 2846 3842 qui
2873 3780 3094 3826 sanctus
3130 3782 3387 3840 vocatur;
3412 3777 3560 3828 exal-

1968 3862 2228 3915 tationem
2268 3861 2323 3916 in
2373 3860 2631 3917 universo
2661 3860 2865 3915 mundo
2911 3861 3135 3929 pretiosi
3174 3862 3303 3931 ligni
3330 3865 3560 3916 sanctis-

1966 3952 2117 4007 sima:
2147 3952 2327 4009 erucis
2350 3992 2364 4017 ,
2415 3953 2540 4023 quia
2568 3967 2665 4023 per
2694 3961 2937 4007 nostram
2971 3952 3113 4020 piam
3149 3950 3554 4021 imperatoriam

1966 4053 2291 4113 potestatem
2341 4046 2442 4101 hac
2483 4045 2767 4116 largitione
2795 4044 3058 4100 donatum
3090 4051 3212 4111 est;
3246 4052 3303 4098 et
3343 4056 3554 4115 marty-

1974 4136 2115 4192 rium
2148 4146 2463 4192 sauctorum
2494 4137 2604 4192 Deo
2638 4136 2957 4192 dilectarum
2991 4154 3019 4189 n
3045 4151 3309 4207 agnorum
3350 4146 3556 4210 marty-

1966 4244 2091 4284 rum
2140 4229 2522 4299 quadraginta,
2575 4230 2703 4299 quia
2750 4245 2943 4285 omnes
2977 4239 3296 4284 sanctorum
3325 4230 3553 4287 istorum

1966 4324 2290 4380 veneranda:
2327 4322 2569 4392 reliquiae
2603 4323 2656 4377 in
2694 4322 2797 4378 hoc
2828 4321 3161 4378 monasterio
3192 4337 3289 4393 per
3323 4325 3557 4395 chryso-

1968 4416 2173 4471 bullam
2198 4415 2472 4471 collocata:
2503 4424 2629 4470 sunt
2667 4431 2694 4468 a
2720 4415 2893 4484 prima
2925 4430 3048 4486 quae
3082 4415 3210 4469 illud
3243 4415 3558 4485 possidebat

282 4510 375 4561 λου
401 4509 833 4583 τεθησαύρισται
880 4512 1035 4583 παρὰ
1079 4513 1179 4581 τῆς
1227 4513 1452 4585 πρώτης
1492 4513 1859 4585 κτητορίσσης

1970 4508 2168 4563 illustri
2229 4507 2577 4577 impcratrice
2652 4506 2936 4563 Pulcheria
3000 4507 3245 4575 virgine,
3310 4516 3559 4577 tempore

283 4599 498 4670 ἐκείνης
549 4600 651 4669 τῆς
709 4600 956 4671 ἀοιδίμου
1010 4600 1333 4670 βασιλίσσης
1384 4600 1721 4670 Πουλχερίας
1761 4601 1863 4669 τῆς

284 4689 577 4757 παρθένου,
610 4688 732 4741 καθ’
759 4688 819 4741 ὃν
845 4690 1034 4758 χρόνον
1079 4690 1215 4760 αύτῇ
1243 4693 1311 4759 τῇ
1349 4691 1599 4761 μακαρίᾳ
1628 4689 1863 4759 βασιλίδι

283 4779 405 4832 κατ’
432 4780 565 4850 ὄναρ
614 4781 663 4832 οί
709 4780 1201 4851 μεγαλομάρτυρες
1257 4779 1496 4851 Χριστοῦ
1537 4780 1684 4849 ἅγιοι
1740 4797 1866 4834 τεσ-

286 4871 597 4941 σαράκοντα
656 4870 1111 4941 ἐνεφανίσθησαν.
1148 4871 1291 4941 Πρὸς
1340 4870 1551 4934 τούτοις
1583 4871 1641 4924 δὲ
1695 4889 1866 4943 προσ-

285 4961 679 5032 εκληρώθησαν
713 4964 808 5016 καὶ
839 4962 1230 5034 άφιερὼθησαν
1275 4964 1354 5027 ὡς
1397 4963 1744 5017 ἀδιάσπαστα
1768 4982 1863 5033 με-

283 5052 438 5123 τόχια
465 5055 557 5105 καὶ
583 5055 633 5107 οί
661 5054 720 5106 ὲν
752 5056 817 5125 τῇ
852 5052 1217 5124 βασιλευούσῃ
1250 5053 1361 5106 τῶν
1393 5052 1607 5107 πολεων
1641 5054 1863 5123 εὐαγεῖς

284 5148 431 5216 τρεῖς
465 5140 628 5209 οἶκοι,
658 5146 687 5199 ὃ
712 5162 769 5198 τε
803 5150 860 5199 ὲν
889 5145 966 5216 τῷ
998 5146 1226 5215 Νεωρίῳ
1271 5147 1335 5198 ὲκ
1376 5142 1594 5215 βάθρων
1636 5146 1859 5215 ἀνεγερ-

283 5238 395 5301 οεὶς
429 5236 584 5305 ἅγιος
640 5235 768 5302 ναὺς
819 5238 921 5308 τῆς
963 5239 1267 5309 ὑπεραγίας
1303 5239 1556 5293 θεοτόκου
1581 5238 1733 5309 παρὰ
1766 5238 1865 5306 τῆς

287 5328 567 5400 βασιλείας
599 5349 723 5403 μου,
762 5332 858 5384 καὶ
903 5332 963 5384 τὸ
1003 5332 1367 5401 συγκείμενον
1417 5332 1568 5402 αὐτῷ
1600 5330 1865 5385 παλάτιύν

288 5439 387 5492 μου
425 5423 487 5477 τὸ
518 5424 789 5495 πατρικὸν
815 5424 953 5494 μετὰ
988 5424 1097 5478 τῶν
1145 5424 1307 5495 πέριξ
1356 5424 1740 5495 ἐργαστηρίων
1773 5424 1867 5478 καὶ

287 5517 379 5585 τῆς
418 5514 612 5587 λοιπῆς
656 5516 945 5588 περιοχῆς,
996 5517 1116 5587 ἦτοι
1151 5517 1210 5570 τὸ
1239 5516 1573 5587 Μυρέλαιον,
1624 5515 1720 5569 καὶ
1749 5517 1778 5569 ὁ
1807 5517 1866 5568 ὲν

286 5605 791 5671 Κωσταντινιαναῖς
840 5607 1192 5677 περιώνυμος
1240 5608 1368 5670 ναὸς
1418 5608 1528 5661 τῶν
1558 5608 1730 5676 ἁγίων
1762 5624 1863 5674 μου

282 5698 698 5769 τεσσαράκοντα
735 5700 874 5769 μετὰ
904 5700 997 5753 καὶ
1037 5700 1144 5753 τῶν
1181 5701 1462 5754 ὲνοικειῶν
1490 5700 1658 5756 αὑτοῦ
1688 5702 1863 5770 οσπη-

285 5789 418 5847 τίων
440 5793 535 5846 καὶ
571 5792 977 5863 ἐργαστηρίων,
1010 5794 1094 5846 ἵνα
1120 5792 1489 5858 δεσπόζωνται
1520 5796 1609 5849 καὶ
1644 5794 1866 5864 κυριεύ-

619 5886 892 5949 Ριιτιιοι..
937 5888 1052 5949 Gn.
1087 5886 1309 5950 CXIII.

1969 4614 2079 4669 quo
2132 4599 2231 4666 ipsi
2285 4600 2456 4655 beata:
2516 4600 2851 4669 impcratrici
2906 4615 3002 4669 per
3055 4599 3327 4654 somniuzn
3372 4600 3559 4670 magni

1972 4692 2141 4747 sancti
2197 4699 2469 4763 martyres
2502 4689 2706 4746 Christi
2755 4690 3112 4761 quadraginta
3162 4706 3555 4761 apparuerunt.

1968 4783 2048 4835 Ad
2077 4786 2191 4836 hazc
2221 4791 2401 4835 autem
2433 4782 2720 4851 assignatas
2750 4791 2875 4835 sunt
2911 4792 2966 4835 et
2993 4794 3331 4837 consecratio
3362 4791 3420 4836 ut
3443 4783 3559 4836 ina-

1971 4872 2252 4926 lienahiles
2282 4874 2677 4940 possessiones,
2724 4881 2832 4925 tres
2873 4872 3019 4925 aedes
3052 4880 3256 4927 sanctae
3298 4874 3437 4927 intra
3469 4891 3560 4926 ur-

1969 4962 2118 5021 Bium
2160 4967 2402 5035 reginam
2424 4964 2539 5018 sita:
2566 4981 2579 5017 :
2606 4963 2734 5017 illud
2770 4977 2962 5032 nempe
2995 4962 3045 5017 in
3079 4963 3272 5018 Neorio
3308 4982 3338 5018 ιι
3368 4964 3558 5018 funda-

1968 5056 2166 5111 mentis
2196 5070 2224 5108 a
2263 5065 2449 5110 nostra
2487 5054 2840 5124 imperatoria
2895 5065 3170 5124 potestate
3215 5066 3555 5111 exstructum

1973 5158 2220 5201 sanctum
2245 5145 2500 5216 templum
2522 5146 2883 5202 sanctissimae
2903 5145 3146 5217 Dcipara:
3162 5157 3213 5201 et
3242 5148 3558 5217 contiguum

1969 5240 2042 5294 illi
2078 5240 2339 5309 palatium
2375 5253 2554 5293 meum
2597 5246 2882 5309 paternum
2917 5254 3043 5293 cum
3082 5237 3305 5293 fabricis
3335 5238 3478 5293 circa
3502 5252 3590 5294 et.

1972 5343 2085 5389 toto
2130 5333 2399 5395 circuitu,
2445 5332 2496 5385 id
2547 5342 2631 5387 est
2668 5330 2999 5402 Myrclaeum,
3026 5333 3090 5384 ’et
3118 5331 3473 5401 conspicuum
3503 5335 3555 5386 in

1972 5424 2440 5481 Constantinianis
2497 5424 2756 5493 templum
2818 5434 3130 5479 sanctorqu
3194 5425 3576 5511 quadraginta‘

1971 5530 2095 5570 cum
2121 5514 2518 5585 pertinentibus
2541 5515 2793 5584 hospitiis
2814 5524 2870 5569 et
2893 5514 3135 5580 fabricis,
3161 5526 3217 5570 ut
3240 5517 3558 5587 possidean-

1973 5617 2061 5663 tur
2090 5617 2148 5664 et
2174 5616 2464 5663 teneantur
2498 5623 2527 5662 a
2563 5608 2873 5665 venerando
2901 5608 3233 5664 monasterio
3264 5608 3559 5679 imperato-

1971 5701 2066 5755 riae
2107 5715 2240 5757 mea!
2268 5704 2575 5773 potestatis,
2602 5702 2774 5759 donec
2804 5703 2885 5759 sol
2912 5717 3072 5775 super
3093 5710 3294 5756 terram
3327 5700 3556 5757 feratur.

1973 5790 2118 5847 istud
2150 5792 2294 5846 enim
2321 5803 2478 5849 antea
2509 5803 2755 5851 materna
2772 5805 2890 5851 erat
2921 5793 3195 5867 possessio
3219 5793 3552 5851 sanctissimi

3112 5882 3190 5947 34
