3958 6216
289 307 3508 364 m

881 520 1467 679 PETRI
1584 512 2901 677 WESSELINGII

1126 974 1788 1070 HIEROCLIS
1858 960 2684 1068 SYNECDEMUM

1350 1172 2118 1305 PROLEGOM
2131 1189 2399 1304 ENA
2424 1269 2456 1302 .

682 1418 979 1486 (Itineraria
1012 1423 1175 1472 vetera
1210 1419 1554 1469 Romanorum.
1589 1412 1956 1463 Amstelaedami
1984 1424 2111 1461 anno
2138 1408 2256 1460 1755
2280 1411 2432 1466 edita.
2458 1439 2518 1447 —
2542 1412 2665 1463 Vide
2699 1427 2847 1477 supra
2878 1410 2972 1464 col.
3005 1416 3133 1478 ιιι.)

336 1748 608 1806 Hieroclis
629 1747 1001 1821 Synecdemus
1041 1742 1173 1815 quin
1191 1740 1407 1811 egregia
1438 1737 1849 1795 ltinerariorum

269 1834 515 1892 accessio
576 1831 743 1888 fuerit
774 1830 978 1886 nullum
1044 1825 1265 1882 dubium
1296 1832 1418 1879 est:
1458 1823 1660 1888 iirmat,
1731 1834 1853 1888 quae

270 1918 433 1973 dubia
460 1918 515 1971 in
543 1915 653 1972 illis
675 1924 840 1983 atque
869 1913 1075 1967 incerta
1103 1907 1452 1971 videbantur,
1496 1906 1853 1973 indidemque

273 2002 513 2057 vicissim
577 1997 903 2067 adjuratur;
963 1991 1240 2050 uberrime
1286 1998 1568 2059 praeterea,
1622 2001 1745 2058 qua:
1798 1987 1851 2042 in

268 2085 511 2141 Orientis
545 2083 634 2138 illa
688 2079 983 2151 provinciis
1022 2075 1426 2146 praeterierunt,
1454 2072 1653 2143 explet.
1686 2070 1856 2139 igitur

274 2170 326 2224 in
359 2169 682 2238 scriptorem
734 2174 897 2233 atque
928 2162 1099 2229 ipsam
1136 2157 1388 2214 notitiam
1419 2161 1548 2212 ante
1593 2156 1849 2224 inquim-

274 2268 395 2307 mus
454 2266 620 2323 quam
645 2249 697 2304 in
755 2263 870 2303 rctn
908 2253 1231 2315 praesentem
1262 2242 1568 2299 veniamus.
1619 2239 1697 2297 Ne
1726 2255 1857 2297 vero

270 2352 302 2391 a
331 2334 504 2389 limite
556 2330 829 2402 progressi
863 2329 914 2384 in
975 2326 1390 2383 molestissimas
1439 2324 1687 2381 salebras
1720 2324 1856 2380 inci-

270 2419 483 2482 damus,
526 2417 663 2471 duce
704 2414 1034 2481 imperatore
1062 2408 1424 2465 Constantino
1454 2408 1840 2479 Porpltyroge-

273 2500 389 2555 uito
426 2509 661 2563 utemur,
709 2495 828 2565 qui,
855 2501 1117 2563 quantum
1149 2492 1357 2547 rescire
1401 2490 1575 2554 licuit,
1643 2492 1855 2559 primus

274 2584 325 2638 in
358 2582 691 2637 thematibus
741 2577 953 2647 imperii
986 2576 1307 2632 ordinandis
1364 2573 1633 2630 Hieroclis
1686 2572 1856 2642 Syne-

271 2669 512 2722 cdemum
540 2666 593 2720 in
619 2662 904 2719 consilium
930 2660 1237 2715 adltibuitl.
1260 2674 1321 2724 tt,
1384 2659 1551 2714 them.
1600 2659 1660 2713 l:
1698 2659 1857 2727 Μαρ-

274 2754 429 2821 τυρεί
454 2791 471 2819 ,
515 2748 712 2817 inquit,
773 2745 851 2815 τῷ
882 2743 1027 2814 λόγῳ
1062 2743 1159 2797 καὶ
1192 2742 1468 2813 Ἱεροκλῆς
1499 2743 1528 2795 ὁ
1583 2757 1855 2813 γραμμα-

275 2835 426 2897 τικὸς
472 2838 502 2884 ὀ
563 2830 781 2900 γράψας
808 2828 919 2898 ,m
951 2824 1367 2894 Συνέκδημον,
1424 2827 1486 2878 τὸ
1545 2825 1654 2878 τῶν
1689 2824 1855 2877 Δολό-

274 2934 428 2986 γκων
467 2915 617 2977 ἔθνος
663 2916 730 2984 τῇ
760 2912 957 2983 Θρᾴκῃ
1011 2908 1390 2979 συναριθμῶν,
1423 2908 1601 2975 λέγων
1653 2907 1854 2971 οὕτως’

282 3003 472 3058 «Εἰσὶν
519 3001 575 3054 αὶ
606 2999 780 3052 πᾶσαι
815 2995 1085 3065 ὲπαρχίαι
1115 2996 1211 3047 καὶ
1250 2991 1458 3059 πόλεις,
1517 2991 1705 3047 αἱὺπὸ
1765 2990 1858 3043 τὸν

276 3084 504 3157 βασιλέα
553 3081 663 3135 τῶν
713 3078 1005 3148 Ῥωμαίων
1071 3075 1449 3144 διοικούμεναι
1483 3076 1576 3128 τὸν
1608 3075 1668 3127 ἐν
1704 3074 1861 3127 Κων-

278 3164 743 3228 σταντινουπόλει,
778 3161 1044 3233 ἐπαρχίιι
1077 3161 1176 3231 μὲν
1209 3176 1264 3214 κ.
1292 3159 1373 3212 λ.»
1407 3159 1448 3214 Β
1486 3159 1683 3228 quibus
1748 3172 1863 3211 me-

278 3252 543 3309 ritissimo
604 3247 833 3319 colligas
860 3244 1185 3317 Synecdemi
1218 3244 1539 3312 scriptorem
1593 3242 1864 3298 Constan-

279 3336 389 3391 tino
452 3335 781 3404 imperatore
830 3337 885 3384 et
918 3327 1117 3384 sarculo
1139 3342 1284 3383 nono
1313 3341 1435 3382 esse
1465 3327 1703 3395 priorem
1733 3342 1747 3389 ;
1773 3331 1859 3378 at-

278 3433 382 3486 que
413 3419 485 3472 ita
538 3417 639 3470 viri
686 3411 980 3469 clarissimi
1018 3411 1337 3466 Emmanuel
1388 3408 1860 3473 Scitelstrateuus,

274 3500 435 3557 Joau.
466 3500 586 3556 Alb.
616 3498 901 3553 Fabricius
944 3507 1000 3551 et
1024 3494 1312 3550 Anselmus
1365 3492 1673 3549 Bandurius
1702 3492 1863 3547 insti-

280 3594 518 3651 tuerunt,
586 3596 894 3652 quanquam
960 3580 1049 3635 hic
1106 3579 1333 3647 insuper
1383 3578 1533 3633 addit
1588 3578 1859 3631 incertum

280 3684 402 3723 esse
462 3667 688 3723 omnino
752 3679 860 3734 quo
911 3675 1153 3731 tempore
1218 3661 1482 3716 ﬂoruerit.
1539 3661 1770 3715 Carolus
1830 3674 1861 3713 a

281 3751 339 3805 S.
405 3748 572 3804 Paulo
632 3749 777 3803 circa
857 3746 1257 3798 Saracenorum
1324 3752 1539 3797 aetatem
1598 3743 1862 3810 scriptum

280 3833 662 3904 suspicabatur
729 3828 1126 3899 Synecdemum,
1158 3824 1301 3893 quod
1352 3825 1471 3894 ejus
1492 3824 1669 3878 codici
1742 3822 1861 3892 plu-

285 3934 370 3973 res
432 3913 745 3987 provinciac,
803 3926 939 3981 quas
997 3919 1119 3979 post
1150 3907 1461 3963 Heracliam
1498 3906 1673 3962 Graeci
1721 3906 1861 3961 ami-

282 4010 489 4065 serunt,
526 3999 823 4061 deessent;
888 4009 1009 4064 qua:
1069 4007 1191 4047 cum
1247 4006 1311 4047 ex
1361 3991 1702 4045 Farnesiano
1758 4006 1859 4046 ms.

281 4083 495 4139 caeteris
537 4080 872 4137 accesserint
919 4077 1234 4149 provincia,
1289 4075 1398 4129 ruit
1467 4083 1524 4129 et
1591 4074 1679 4128 illa
1739 4087 1863 4129 sus-

281 4168 443 4238 picio.

354 4252 629 4305 Hactenus
690 4245 873 4315 itaque
904 4243 1009 4299 nisi
1070 4242 1432 4299 incertissima
1476 4243 1543 4298 de
1609 4241 1859 4298 Hierocle

283 4343 411 4389 sunt
462 4333 693 4402 prodita.
725 4326 1110 4398 Pr0pius:ejus
1139 4337 1353 4381 aetatem
1407 4325 1469 4380 L.
1526 4324 1860 4381 llolsteinius

280 4417 510 4473 delinire
557 4428 848 4484 aggressus
880 4424 968 4467 est
1017 4413 1083 4465 ad
1134 4409 1571 4478 Pulchcriopolin
1596 4409 1860 4464 Thesauri

282 4499 541 4557 Orteliani
574 4514 587 4552 :
618 4518 635 4549 t
665 4498 922 4561 Civitas,»
946 4496 1139 4564 inquit,
1170 4512 1187 4545 t
1214 4495 1357 4563 Epiri
1396 4509 1545 4550 nova:
1572 4486 1624 4548 in
1661 4492 1862 4548 Notitia

287 4583 572 4648 Hieroclis,
635 4583 722 4635 ubi
780 4582 923 4636 male
990 4577 1486 4649 Πολυχεριούπολις
1532 4594 1630 4647 pro
1686 4577 1862 4631 Πουλο

286 4666 630 4739 χεριούπολις
659 4666 858 4720 editur.
912 4665 1135 4732 Accepit
1184 4672 1361 4715 autem
1432 4676 1626 4714 nomen
1660 4675 1686 4712 a
1744 4661 1866 4714 Pul-

287 4752 471 4807 cheria
528 4749 793 4817 Augusta.
822 4745 976 4812 cujus
1009 4744 1123 4799 haec
1153 4742 1346 4797 notitia
1384 4751 1626 4811 tempore
1663 4744 1862 4811 scripta

289 4834 557 4889 videtur.»
598 4834 881 4899 Optassetn
932 4828 1085 4896 plura
1140 4826 1222 4879 vir
1283 4826 1533 4895 egregius
1588 4827 1868 4882 constabi-

289 4918 480 4974 Iienda!
532 4914 793 4985 opinioni,
821 4927 939 4981 qua:
972 4911 1045 4965 illi
1091 4912 1144 4963 in
1175 4909 1374 4964 tnttttdo
1401 4910 1568 4966 fuisse
1609 4926 1714 4965 non
1749 4926 1865 4963 aut.

288 5005 433 5072 bigo,
468 4999 848 5068 produxisset:
882 5011 1005 5049 nam
1037 4994 1151 5049 sola
1188 4993 1305 5063 ejus
1325 4994 1479 5048 urbis
1508 4993 1715 5048 mentio
1750 5007 1861 5047 rem

290 5101 395 5138 non
418 5081 723 5139 COttslilttil.
751 5080 1019 5146 Quantum
1048 5075 1359 5145 conjectura
1385 5078 1602 5147 assequi
1624 5092 1864 5147 possunt,

289 5167 551 5235 impulsus
587 5165 640 5218 in
697 5179 817 5217 eam
853 5173 937 5219 est
991 5161 1313 5217 sententiam
1368 5161 1483 5230 ipsa
1542 5161 1865 5231 Synecdemi

290 5250 671 5321 dispositione:
704 5248 999 5315 provincia:
1023 5245 1260 5300 Orientis
1281 5248 1471 5299 eodem
1534 5246 1621 5299 hic
1644 5246 1867 5313 digestae

292 5346 450 5389 tnouo
483 5344 540 5387 ut
592 5334 644 5386 in
700 5331 973 5402 Ephesino
1021 5340 1074 5385 et
1110 5328 1542 5383 Chalcedoneusi
1597 5330 1866 5395 conciliis,

289 5420 475 5475 codice
533 5418 995 5473 Thcodosianoet
1075 5412 1276 5467 Notitia
1358 5412 1570 5482 imperii
1631 5414 1870 5469 Orientis

287 5502 718 5572 conspiciuntur,
753 5516 852 5556 nec
896 5500 1017 5555 aliis
1070 5500 1477 5569 magistratibus
1518 5511 1744 5569 parent:
1780 5515 1872 5555 ve-

289 5587 446 5656 stigia
527 5586 961 5648 innuvationum,
1016 5598 1151 5653 quas
1215 5584 1472 5654 deinceps
1531 5582 1870 5639 Justinianus

289 5679 373 5725 est
426 5668 646 5727 molitus
673 5711 690 5732 ,
731 5668 816 5721 vix
851 5666 957 5723 ulla
1012 5676 1293 5736 apparent,
1350 5669 1662 5737 omniaque,
1696 5665 1870 5724 'l‘hco-

1863 1586 1931 1599 _

1964 1734 2099 1791 desii
2154 1734 2449 1789 secundiet
2480 1732 2741 1789 Marciani
2784 1736 3119 1805 temporinus
3155 1737 3328 1805 prima
3363 1738 3543 1795 fronte

1961 1820 2103 1873 hattd
2128 1817 2271 1873 male
2323 1819 2653 1886 respondere
2690 1818 2958 1874 videntur.
2987 1820 3168 1890 Atque
3192 1820 3307 1876 inec
3326 1822 3370 1876 si
3403 1825 3540 1876 citra

1956 1901 2181 1956 dubium
2204 1900 2404 1965 forent,
2439 1916 2607 1969 prona
2621 1902 2688 1956 ad
2716 1902 3104 1971 suspicandum
3129 1904 3211 1957 via
3237 1904 3543 1974 aperiretur

1957 1984 2258 2040 Hieroclem
2289 1999 2394 2039 non
2423 1984 2586 2038 alium
2618 1995 2782 2055 atque
2800 1999 2925 2040 eum
2958 1999 3080 2041 esse
3105 2000 3267 2054 quem
3290 1987 3541 2040 Φιλίστο-

1962 2085 2059 2139 ρας
2089 2068 2279 2137 λόγους
2308 2067 2594 2138 reliquisse
2621 2066 2782 2125 Juan.
2806 2067 3033 2124 Tzetzes
3047 2068 3282 2125 Chiliad.
3305 2084 3399 2136 vtt,
3418 2072 3542 2138 Mli,

1960 2152 2113 2207 testis
2153 2152 2238 2208 his
2289 2151 2541 2207 versibus
2574 2160 2691 2206 est:

1971 2276 2283 2350 τιερρκλῆς
2313 2277 3035 2350 ὡσαύτωςφιλίστορσιν
3062 2279 3133 2333 έν
3166 2279 3378 2350 λόγως

1972 2345 2153 2417 Ἑξῆς
2187 2349 2277 2413 δὲ,
2304 2349 2522 2419 λέγων,
2540 2347 2799 2417 Εἵδομεν
2828 2345 3033 2419 χώραν
3053 2345 3540 2419 αὐχμηροέάτην.

1970 2419 2153 2482 Ἡλίῳ
2186 2418 2574 2490 φλεγομένην
2610 2433 2696 2481 τε,
2737 2418 2837 2471 καὶ
2868 2419 3003 2490 περὶ
3044 2422 3272 2490 ταύτην
3318 2418 3546 2490 ἇνδρὶιρ

1962 2489 2254 2561 Γυμνοεὺς
2269 2489 2708 2561 ᾴνεᾳτίουςίτξξ,
2736 2491 2888 2561 πρρς
2909 2488 3129 2558 χώραις
3164 2489 3273 2561 τῆς
3295 2488 3543 2561 ἐρήμου.

1960 2554 2091 2611 *Ωῶ
2134 2561 2191 2612 'ol
2213 2558 2326 2626 μὲν
2377 2557 2752 2627 ἀπεσκίαζογ
2775 2554 2840 2611 'zo
2867 2554 3199 2627 πρόὰωδὲον
3225 2554 3452 2626 ὼτῖοὶὶκ.

1968 2628 2114 2694 Τοὺς
2160 2627 2355 2693 πόδας
2412 2626 2887 2695 δ’ἀνατείνοντες
2914 2626 2917 2627 ⁷
2947 2629 3016 2683 τὸ
3072 2630 3324 2699 σύμπαν
3391 2633 3547 2688 ἄλλο

3327 2718 3521 2758 σωιια.

1968 2768 2201 2823 Τούτων
2224 2768 2293 2822 δὲ
2324 2767 2603 2837 Στράϐων
2625 2765 2947 2838 μέμνηται,
2977 2766 3080 2821 καί
3121 2784 3185 2822 τε
3254 2696 3547 2827 «$0313-

1962 2908 2073 2962 Καὶ
2107 2907 2225 2960 τῶν
2256 2907 2687 2978 δεκακεςράλων
2724 2922 2788 2959 τε
2836 2907 2933 2961 καὶ
2974 2840 3550 2978 τετραχειροξόιέςῧίῖ

1969 2977 2225 3050 οῦᾳπερρ
2252 2977 2369 3047 ἐγὼ
2408 2982 2521 3050 οὐκ
2555 2978 2786 3050 datm-ra,
2816 2979 3010 3046 φησιν
3040 2977 3077 3033 ὀ
3106 2977 3472 3050 ’1ἐρὸκλέης·

1970 3047 2162 3101 Ταῦτα
2190 3044 2532 3116 ἰεροκλέης
2573 3047 2715 3116 μέν.

2035 3156 2227 3226 Liquet
2243 3156 2387 3220 inde,
2410 3155 2554 3226 quod
2577 3156 2860 3211 verissime
2884 3156 3041 3212 Joan.
3064 3160 3393 3217 PearSOnius
3416 3162 3549 3218 Pro-

1963 3243 2069 3312 leg.
2100 3245 2152 3297 in
2188 3253 2484 3300 comment.
2514 3242 2737 3299 alterius
2764 3243 3031 3300 Hieroclis
3071 3247 3135 3299 ad
3156 3249 3336 3302 Aurea
3359 3250 3545 3305 Carm.

1965 3328 2296 3391 observavit,
2332 3328 2479 3382 illum
2520 3327 2611 3397 qui
2633 3326 2958 3397 Φιλίστορας
2989 3329 3210 3395 scripsit
3236 3345 3398 3399 quam
3424 3333 3544 3403 pitt-

1963 3411 2130 3467 rimas
2173 3411 2427 3481 regiones
2469 3426 2811 3483 peragrasse,
2851 3427 3048 3482 resque
3078 3413 3131 3467 in
3184 3413 3379 3470 itinere
3401 3417 3549 3473 visas

1965 3504 2059 3548 aut
2081 3494 2298 3550 aliunde
2320 3497 2565 3564 cognitas
2599 3497 2800 3565 scripto
2824 3496 3132 3561 tradidisse,
3162 3506 3216 3550 ct
3238 3497 3407 3555 libros
3427 3504 3549 3570 qui-

1962 3579 2064 3635 bus
2094 3579 2210 3634 haec
2268 3580 2448 3635 omnia
2484 3588 2602 3634 erat
2649 3580 2961 3649 complexus
2985 3579 3307 3653 Φιλίστορας
3361 3589 3543 3641 nomi-

1965 3677 2147 3717 nasse.
2184 3660 2301 3715 1am
2336 3677 2460 3717 cum
2502 3663 2773 3716 Strabone
2817 3664 3088 3727 posterior
3145 3676 3200 3718 et
3235 3666 3536 3737 Stephano,

1965 3747 2057 3812 qui
2088 3761 2210 3799 cum
2247 3745 2301 3798 in
2340 3746 2666 3815 Βραχμᾶνες
2700 3755 2753 3800 ct
2780 3746 3064 3815 Tapzuvia
3091 3755 3283 3802 testem
3312 3752 3552 3819 appella-

1966 3827 2118 3891 lavit,
2156 3836 2249 3881 aut
2304 3829 2480 3897 prior,
2514 3838 2608 3881 aut
2636 3828 2861 3896 aequalis
2915 3828 3099 3893 fuerit,
3138 3845 3242 3885 non
3266 3834 3478 3902 utique,
3502 3838 3550 3889 si

1967 3920 2162 3965 cmtera
2194 3910 2360 3980 probe
2389 3912 2743 3976 quadrareut,
2772 3912 3075 3966 absurdum
3106 3911 3247 3968 foret
3301 3916 3545 3970 Φιλιστό-

1970 4010 2077 4065 ρων
2100 4002 2155 4047 et
2227 3993 2575 4063 Συνεκδήμου
2600 3995 2848 4050 eumdem
2901 4005 3180 4063 parentem
3232 4013 3548 4068 agnoscere,

1967 4077 2264 4147 prmsertim
2314 4092 2434 4132 cum
2470 4077 2837 4147 Synecdemus
2862 4079 3053 4134 similis
3081 4080 3278 4152 ingenii
3318 4084 3552 4155 scripto-

1969 4176 2081 4217 rem
2112 4170 2367 4216 ostentet.
2398 4161 2725 4228 ‘Quomiuus
2757 4170 2933 4218 tamen
2968 4163 3020 4215 in
3059 4163 3144 4219 Itis
3177 4167 3548 4235 acquicsmm.

1966 4260 2134 4315 pauca
2189 4243 2415 4311 iaciunt,
2448 4246 2542 4299 sed
2600 4244 2726 4299 talia
2760 4260 2883 4315 qua:
2932 4246 3261 4304 validissime
3315 4258 3369 4304 et
3428 4252 3553 4306 huic

1969 4328 2296 4397 Coniectura:
2316 4341 2367 4384 et
2390 4331 2449 4382 ιι.
2479 4329 2763 4383 Ilolslcinii
2781 4330 3062 4383 sententiae
3087 4344 3346 4401 pugnant.
3365 4334 3552 4391 Primo

1970 4412 2115 4467 enim
2180 4412 2550 4483 Synecdemus
2583 4412 2636 4466 in
2708 4413 2988 4481 provincia
3021 4410 3303 4469 Ost‘hoene
3366 4414 3550 4473 Leon-

1971 4495 2171 4565 topolin
2229 4505 2504 4559 recenset,
2547 4509 2654 4565 quo
2680 4496 2905 4550 nomine
2928 4494 3252 4551 Callinicum
3278 4499 3483 4570 aliquoi
3520 4518 3551 4555 a

1970 4589 2145 4633 morte
2220 4576 2482 4633 Marciani
2519 4579 2866 4650 imperatoris
2900 4580 3057 4634 anuis
3094 4592 3347 4637 ornatum
3382 4584 3554 4640 fuisse

1970 4679 2070 4718 suo
2130 4666 2249 4718 loco
2317 4666 2649 4729 ostendam;
2709 4663 2905 4719 deinde
2973 4665 3025 4719 in
3073 4664 3277 4719 Pisidia
3326 4668 3553 4739 reliquis

1971 4748 2196 4802 urbibus
2247 4747 2708 4817 Justinianopolin
2740 4759 3017 4811 accenset,
3049 4765 3169 4819 qum
3203 4766 3326 4806 cum
3355 4770 3380 4806 a
3405 4756 3554 4808 nullo

1970 4831 2077 4885 nisi
2110 4830 2258 4899 -cjus
2322 4832 2559 4886 nominis
2602 4832 2954 4899 imperatore,
3009 4843 3061 4884 et
3104 4834 3333 4890 mirifice
3364 4838 3556 4905 hujus-

1972 4912 2114 4967 modi
2172 4912 2345 4967 titulis
2401 4922 2579 4982 capto,
2638 4914 3017 4981 cognominata
3089 4916 3183 4980 sit,
3236 4917 3355 4973 sine
3384 4919 3553 4975 dubio

1972 4997 2229 5065 scriptor,
2272 5000 2365 5067 qui
2401 5012 2521 5051 eam
2584 5006 2874 5062 memorat,
2932 5006 2988 5050 et
3019 4996 3301 5067 Stephano
3329 5004 3549 5057 urbium

1970 5082 2328 5150 cxplanature
2360 5088 2415 5134 et
2446 5079 2732 5135 Pulebcria
2770 5082 3015 5152 Augusta
3056 5085 3244 5135 multis
3270 5085 3430 5142 annis
3464 5101 3552 5141 rc-

1971 5164 2183 5219 centior
2233 5173 2335 5218 est.
2387 5164 2529 5219 ldctn
2571 5165 2794 5236 colligas
2823 5181 2889 5219 ex
2919 5165 3197 5235 provincia
3245 5166 3551 5234 Pannonia,

1972 5262 2091 5316 qua:
2147 5245 2389 5303 Orientis
2438 5248 2661 5318 imperio
2690 5249 2776 5302 hic
2808 5248 3127 5315 subjicitur:
3161 5249 3249 5304 illa
3284 5250 3548 5307 Marciani

1972 5332 2200 5400 Augusti
2256 5340 2500 5401 tempore
2588 5332 2793 5386 amissa
2853 5347 3085 5401 prorsus
3160 5342 3301 5400 erat,
3360 5339 3555 5405 praeda:

1973 5416 2152 5470 Attila:
2198 5426 2361 5486 atque
2415 5415 2629 5471 llunnis
2673 5416 2946 5487 exposita,
2984 5426 3361 5488 przetereaque
3395 5432 3546 5475 extra
3588 5420 3591 5425 ”

1974 5500 2269 5558 Orientalis
2316 5502 2531 5575 imperii
2585 5501 2743 5567 ﬁnes,
2802 5512 2862 5556 ut
2906 5518 2973 5558 ex
3023 5501 3229 5558 Notitia
3266 5506 3555 5576 utriusque

1977 5585 2192 5655 imperii
2250 5586 2620 5641 certissimum
2668 5596 2795 5648 est;
2841 5602 3002 5653 quam
3047 5601 3167 5642 cum
3231 5590 3555 5658 reciperarit

1974 5669 2151 5725 virtus
2201 5677 2257 5727 et
2312 5669 2653 5739 providentia
2704 5668 3020 5741 Justiniani,
3052 5670 3211 5727 sicuti
3237 5671 3453 5730 Novella
3485 5672 3543 5727 ii
