3958 6216
409 334 541 402 ωτι

407 447 645 520 prmt‘crt,
705 440 889 506 utique
918 434 981 487 ad
1031 430 1148 499 ejus
1206 435 1420 481 aetatem
1457 417 1968 520 demittendusllie-

405 506 576 586 ioc-les
597 526 740 590 erit;
782 537 884 590 qua
919 534 984 569 an
1022 516 1185 569 etiam
1245 512 1412 566 inulto
1463 509 1629 580 possit
1676 522 1796 562 esse
1832 506 1972 558 inte—

402 616 535 676 iior,
577 621 722 664 lttlltc
743 598 1263 668 circumspiciamus.

475 675 667 748 Notum
716 689 770 740 in
822 684 1021 752 vulgus
1072 689 1155 735 est
1191 678 1359 732 multa
1399 691 1522 730 eum
1587 675 1969 742 imperatorem

407 783 460 833 in
534 769 939 846 provinciarum
997 761 1467 846 administratione
1537 766 1810 846 mutasse:
1875 755 1975 808 bas

404 840 550 916 aliis-
580 851 989 922 magistratibus
1043 846 1359 905 mandasse,
1403 842 1613 895 illarum
1639 840 1850 894 nomina
1881 843 1976 890 aut

407 940 695 998 sustulisse
721 946 947 1005 prorsus
973 939 1144 984 aute:
1180 926 1323 981 binis
1370 938 1530 983 unam
1568 932 1622 977 et
1653 922 1889 1005 vicissim
1909 934 1972 1005 cx

406 1040 512 1082 una
564 1003 734 1077 binas
766 1017 996 1071 fecisse:
1047 1010 1326 1065 Hierocles
1392 1021 1522 1062 vero
1581 1021 1704 1060 cum
1737 1003 1977 1058 Orientis

407 1107 560 1164 nobis
604 1098 978 1156 annumerarit
1034 1091 1364 1164 provincias,
1391 1089 1623 1157 singulis
1665 1102 1792 1142 suos
1833 1100 1975 1154 pra:-

405 1191 614 1262 positos
665 1185 970 1252 imponens,
994 1177 1224 1232 fortasse
1252 1175 1336 1228 his
1392 1175 1442 1227 iu
1473 1171 1762 1262 consilium
1795 1166 1976 1222 missis

404 1252 459 1329 et
494 1285 677 1328 secum
719 1265 946 1320 invicem
983 1257 1311 1326 comparatis
1349 1271 1501 1310 suam
1561 1252 1716 1308 nobis
1760 1259 1976 1306 aetatem

405 1352 729 1416 ostenderit.
775 1347 930 1402 Viam
985 1345 1124 1399 hanc
1154 1357 1322 1412 nuper
1364 1342 1642 1407 ingressus
1674 1346 1758 1392 est
1796 1334 1978 1390 crudi-

413 1456 498 1497 tus
525 1445 714 1493 auctor
743 1432 970 1486 Dissrrt.
989 1423 1364 1495 Cborograph.
1384 1421 1504 1476 Ital.
1538 1418 1799 1476 med.a:vi
1829 1418 1976 1473 Sect.

409 1528 467 1590 5,
501 1522 657 1591 cujus
707 1517 953 1578 doctum,
988 1517 1177 1564 nostra
1226 1507 1427 1595 passim
1490 1504 1896 1595 adspergentes,
1927 1501 1978 1553 in

408 1589 496 1663 his
551 1589 884 1669 vestigandis
937 1605 1250 1661 sequemur.
1314 1589 1462 1659 Ergo
1503 1601 1627 1642 cmn
1687 1589 1912 1640 mutatis
1950 1597 1980 1635 a

405 1686 717 1749 Justiniano
775 1677 1182 1750 provinciarum
1235 1672 1648 1742 magistratibus
1677 1670 1978 1725 ordiamur.

407 1773 568 1829 lubet
625 1768 715 1822 ille
759 1763 977 1818 Novella
1022 1760 1093 1814 24
1121 1775 1169 1814 c.
1207 1761 1228 1813 1
1289 1769 1345 1812 ut
1383 1757 1476 1826 qui
1527 1755 1741 1810 Pisidia:
1771 1752 1978 1822 praesit,

409 1866 604 1924 praetor
673 1846 1049 1903 Justinianeus
1097 1843 1170 1898 sit
1218 1852 1272 1896 et
1331 1850 1589 1924 vocetur;
1651 1851 1758 1924 quo
1792 1835 1980 1924 e_odem

410 1916 616 1992 honore
647 1929 935 2003 Lycaonia:
986 1925 1296 1994 prtefectum
1328 1919 1640 2003 Nov._25gc.
1668 1919 1693 1971 1
1727 1927 1782 1971 et
1802 1916 1979 1970 Thra-

407 2021 507 2074 cia:
545 2001 792 2071 Νονξὲϐ
842 2017 1032 2074 ornat;
1066 2018 1295 2076 quarum
1340 2001 1741 2070 provinciarum
1775 2011 1985 2067 praepo-

408 2101 498 2156 siti
539 2095 775 2152 llierocli
851 2100 978 2147 sunt
1033 2086 1369 2143 consulares.
1432 2081 1685 2136 Deccrnit
1721 2087 1982 2149 praeterea

406 2179 706 2248 uti’lu'ygia
732 2172 1022 2229 Pacatiaua
1041 2179 1090 2224 et
1123 2169 1250 2224 item
1269 2165 1479 2221 Galatia
1508 2164 1685 2248 prima
1711 2163 1987 2248 spectabi-

408 2265 513 2318 lem
542 2246 893 2330 inposternm
922 2253 1173 2308 comitem
1204 2250 1472 2315 habeant;
1508 2247 1596 2302 cui
1618 2246 1834 2330 utrique
1852 2259 1986 2330 con-

409 2326 701 2401 sularis-ab
730 2336 977 2394 l‘lierocle
1002 2333 1316 2405 imponitur.
1346 2332 1434 2387 Est
1457 2333 1507 2384 in
1527 2329 1860 2400 Synecdemo
1886 2326 1989 2382 Pa-

411 2426 699 2499 phlagonia
713 2422 814 2478 sub
832 2429 1162 2482 correcmt‘e,
1185 2418 1273 2487 qui
1290 2413 1424 2471 Nov.
1444 2413 1512 2499 29
1537 2422 1734 2499 printer
1747 2417 1982 2499 creatur,

409 2493 678 2568 etlsauria
712 2508 812 2562 sub
841 2502 1095 2575 praeside,
1125 2514 1286 2570 quem
1333 2498 1585 2554 comitem
1610 2494 1744 2547 Nov.
1773 2493 1842 2546 Ἦ
1864 2506 1986 2575 esse

409 2595 540 2650 vult.
567 2591 805 2660 Denique
828 2586 1083 2642 Phoenice
1099 2581 1440 2638 adLibanum
1457 2574 1983 2660 moderatorijldict.

408 2681 463 2743 4,
495 2655 734 2743 itemque
766 2671 967 2725 Arabia
1005 2665 1386 2731 subjiciuntur,
1413 2660 1654 2743 qum‘hac
1693 2658 1745 2711 in
1783 2655 1984 2743 Notitia

412 2738 725 2827 prmsidi'ct
765 2750 1037 2806 consulari
1081 2746 1227 2799 dicto
1281 2753 1407 2798 sunt
1443 2741 1746 2827 audientes.
1771 2738 1984 2827 llarutn

409 2821 591 2896 autem
627 2831 1070 2891 constitutionum
1107 2827 1375 2898 pleraeque
1403 2839 1524 2878 cum
1561 2822 1820 2877 Belisario
1839 2821 1980 2877 V.C.

409 2921 632 2981 consule
653 2920 763 2975 sint
792 2917 972 2980 editae,
999 2914 1120 2981 jure
1151 2912 1335 2980 utique
1365 2909 1574 2980 optimo
1598 2908 1853 2963 statuitur
1881 2907 1985 2976 Sy-

410 3009 729 3063 necdetnum
758 3010 883 3055 ante
921 2995 1238 3052 Belisatium
1266 2992 1540 3050 consulem
1558 3005 1866 3060 annumque
1883 2990 1986 3045 555

407 3089 742 3162 publicatum
783 3083 1056 3138 videri:ui
1091 3079 1234 3135 enim
1292 3077 1344 3131 id
1392 3075 1751 3162 concesseris,
1804 3073 1984 3162 danda

409 3159 549 3228 ratio
588 3170 696 3225 erit
721 3167 1073 3238 quamobrem
1105 3163 1160 3219 in
1188 3161 1392 3227 libello,
1418 3175 1526 3231 quo
1577 3159 1983 3231 provinciarum

409 3258 756 3329 magistratus
772 3267 838 3306 ex
856 3251 937 3304 sui
959 3249 1220 3318 temporis
1239 3262 1391 3329 more
1410 3245 1688 3301 llierocles
1705 3244 1983 3329 describit,

407 3327 552 3396 nulla
609 3350 832 3409 prorsus
880 3333 945 3387 de
981 3331 1303 3402 praetoribus
1352 3328 1708 3383 .lustinianeis
1730 3327 1984 3382 modera-

409 3427 727 3493 toribusquc
759 3418 961 3474 mentio
995 3418 1104 3471 tiat.
1142 3417 1259 3480 Quo
1317 3413 1491 3482 magis
1532 3425 1664 3466 vero
1702 3412 1984 3479 scriptoris

408 3519 541 3563 actas
587 3506 655 3559 ad
701 3501 960 3570 liquidum
1015 3495 1370 3565 perducatur,
1416 3495 1468 3546 in
1524 3506 1620 3547 eas
1671 3493 1983 3560 provincias

409 3600 695 3660 pergamus
719 3595 856 3651 quas
910 3580 1209 3647 imperator
1234 3585 1341 3660 aut
1377 3575 1594 3660 sustulit
1623 3573 1862 3660 funditus
1892 3585 1986 3660 aut

407 3657 565 3726 novis
607 3667 778 3722 titulis
829 3663 982 3717 auxit
1025 3669 1119 3715 aut
1172 3659 1337 3715 etiam
1397 3657 1580 3728 plures
1602 3672 1724 3712 esse
1772 3658 1979 3726 jussit;

406 3766 640 3828 quarum
697 3749 742 3804 si
777 3747 981 3802 nullum
1046 3745 1099 3828 in
1141 3742 1476 3828 Synecdemo
1521 3740 1776 3828 indicium
1833 3755 1987 3811 repe-

409 3823 539 3904 rias,
595 3833 727 3905 quid
773 3829 915 3885 aliud
962 3825 1305 3899 proiiteberis
1334 3839 1494 3894 quam
1529 3823 1637 3879 illis
1681 3838 1807 3879 eum
1863 3840 1985 3878 mu-

407 3917 710 3977 tationibus
743 3928 866 3970 esse
899 3909 1173 3982 priorem?
1199 3906 1463 3962 Memorat
1492 3906 1605 3963 haec
1631 3906 1833 3961 Notitia
1862 3923 1988 3976 pro-

409 4003 643 4058 vinciam
685 3995 1050 4053 llonoriadem
1108 4001 1163 4046 et
1213 3990 1428 4060 praesidi
1461 3990 1711 4059 subjicit:
1736 4005 1852 4044 eam
1889 3987 1985 4044 Ju-

409 4087 680 4144 stiniauus
737 4081 871 4135 Nov.
909 4077 980 4132 29
1010 4075 1114 4130 c.‘l
1172 4074 1399 4142 abrogat
1421 4082 1476 4127 et
1526 4073 1831 4127 arctissime
1880 4071 1986 4126 Pa-

410 4166 716 4241 phlagoniae
771 4161 1164 4233 agglutinatam
1199 4157 1290 4241 uni
1323 4155 1538 4241 praetori
1573 4159 1813 4241 mandat,
1844 4153 1986 4241 there

408 4238 503 4307 aut
526 4251 635 4305 τῶν
669 4247 861 4310 ἐθνῶν,
898 4244 1090 4313 inquit,
1133 4239 1340 4293 τούτων
1417 4238 1610 4308 ἔχοντα
1658 4239 1758 4308 τὴν
1810 4239 1986 4310 ἀρχὴν

406 4337 696 4410 ἡνωμένην
743 4330 838 4384 καὶ
884 4328 1013 4398 μίαν
1061 4323 1185 4380 ἀντὶ
1209 4324 1355 4410 δυοῖν
1374 4322 1490 4410 ίτῶν
1520 4321 1857 4410 ἔμᾼπροσθξνῖ
1890 4338 1988 4410 (ρα-

411 4403 612 4492 ιλὲνδὲ
669 4411 1054 4484 Παφλαγονίας
1102 4426 1163 4462 τε
1212 4409 1307 4461 καὶ
1345 4407 1670 4492 έονωριάδος
1703 4403 1986 4492 καλεῖοςὶαι

421 4489 718 4574 πραὶτορα.
763 4495 966 4552 Dividit
1024 4500 1283 4563 praeterea
1331 4490 1726 4574 Cappadociam
1780 4503 1846 4542 ex
1879 4489 1986 4543 Va-

407 4572 569 4642 lentis
592 4581 818 4650 Augusti
855 4579 1104 4633 instituto
1130 4575 1182 4628 in
1215 4575 1392 4638 binas,
1415 4572 1753 4627 consularem
1777 4581 1984 4626 utram-

405 4685 532 4739 que,
561 4669 606 4722 si
639 4666 924 4734 plerosque
959 4675 1060 4715 ms.
1127 4672 1382 4724 sequare,
1428 4671 1563 4726 quos
1627 4654 1761 4711 Nov.
1821 4655 1889 4710 50
1931 4656 1982 4711 in

404 4765 565 4807 unam
626 4747 834 4800 videtur
885 4751 1173 4799 constare:
1236 4741 1441 4806 Πᾶσαν,
1494 4739 1691 4810 inquit,
1741 4741 1986 4796 ἀνθυπά-

403 4851 555 4889 τειαν
609 4827 860 4900 γενέσθαι
906 4844 963 4881 τε
998 4828 1093 4882 καὶ
1157 4823 1438 4880 καλεῖσθαι
1493 4823 1817 4895 βουλόμεθα.
1856 4824 1986 4891 Qua:

407 4934 588 4976 tamen
642 4933 711 4971 an
742 4917 978 4979 vincere,
1011 4915 1152 4984 quod
1191 4914 1303 4965 viro
1329 4909 1647 4965 doctissimo
1679 4909 1982 4976 videbatur,

406 5004 636 5075 possint,
685 5015 741 5054 re
792 5015 918 5054 vera
971 4996 1336 5052 Iustinianum
1394 5009 1460 5048 ex
1521 4993 1728 5047 duabus
1761 4991 1979 5062 Cappa-

406 5089 576 5144 dociis
607 5101 768 5139 unam
824 5081 1180 5138 exstruxisse.
1213 5094 1316 5133 non
1350 5078 1551 5148 injuria
1577 5075 1826 5132 dubites:
1859 5090 1983 5129 nam

406 5173 606 5228 diserte
633 5167 770 5224 Nov.
799 5166 870 5221 90
922 5180 974 5220 c.
1040 5162 1214 5233 prima
1281 5160 1639 5231 Cappadocia:
1695 5159 1980 5229 praesidem

405 5263 717 5332 dignatione
747 5253 1121 5329 proconsulari
1152 5251 1576 5308 condecoratum
1606 5249 1773 5305 fuisse
1820 5249 1981 5304 doce-

406 5355 525 5412 tur;
575 5353 765 5412 estque
787 5341 842 5395 in
879 5340 992 5410 ipsa
1017 5336 1155 5393 Nov.
1188 5337 1257 5391 50
1281 5351 1332 5391 c.
1361 5333 1428 5389 10
1455 5334 1736 5402 utriusque
1770 5332 1982 5403 Cappa-

407 5428 574 5482 docia:
631 5425 867 5480 mentio:
898 5421 1036 5477 Είδέ
1059 5416 1143 5483 τὶς
1179 5417 1240 5485 ἐξ
1281 5417 1549 5491 ρκατέρας
1585 5415 1986 5480 Καππαδοκίας

423 5510 552 5582 δίκη
605 5508 981 5565 πεντακοσίων
1023 5506 1264 5560 ἐλάττων
1303 5502 1538 5575 Χρυσῶν
1591 5502 1852 5574 ὲφέσιμος
1902 5502 1988 5572 γί-

407 5609 592 5663 νηται.
635 5594 822 5662 Neque
862 5591 1034 5655 enim,
1097 5590 1140 5646 si
1177 5599 1468 5660 utramque
1518 5588 1573 5642 in
1609 5602 1770 5642 unam
1824 5601 1980 5642 com-

402 5685 692 5739 mutasset,
723 5675 1006 5742 utriusque
1057 5673 1313 5728 distincte
1338 5673 1590 5740 deinceps
1623 5670 1979 5726 meminisset.

403 5762 537 5814 Esse
596 5749 658 5811 ut
685 5755 973 5810 llaloandri
1010 5757 1250 5812 editione
1296 5757 1455 5812 novi:
1490 5756 1552 5809 Εί
1603 5754 1659 5812 δέ
1687 5773 1770 5820 τις
1811 5756 1974 5826 ἑτέρα

1437 314 1811 377 ADDENDA.
1855 336 1926 347 -
1962 310 2024 368 P.
2067 306 2577 368 WESSELINGII
2619 323 2626 326 '

3532 301 3708 368 1072

2080 417 2144 469 ὲκ
2168 417 2267 487 τῆς
2291 415 2686 478 Καππαῶκίοις
2705 413 2828 484 δίκη
2855 429 2867 466 :
2901 413 2995 468 sed
3024 412 3176 484 prius
3217 411 3696 486 praeoptaverint,

2084 510 2191 552 tum
2257 507 2402 570 quod
2476 501 2652 553 oratio
2711 499 2902 568 ἑτέραν
2969 497 3126 568 δίκην
3188 503 3269 552 vix
3316 499 3495 567 ferat,
3563 512 3692 556 tum

2082 584 2338 651 quoniam
2385 581 2744 651 Cappadocia:
2778 583 2896 636 duae
2938 597 3204 651 nusquam
3235 583 3695 649 cssejubentnr,

2083 676 2194 720 tum
2241 669 2403 721 etiam
2461 668 2604 736 quod
2683 667 2870 735 primze
2944 665 3297 733 Cappadocia:
3367 669 3700 735 proconsul

2082 757 2316 813 creetur,
2374 750 2611 804 secunda
2650 764 2757 803 non
2797 749 3003 802 addita.
3035 746 3330 816 Utcunque
3367 750 3418 802 id
3448 750 3701 804 cecide-

2084 833 2176 896 rit,
2205 832 2515 902 insignitam
2549 833 2890 903 Cappadocia
2927 833 3277 886 mutationem
3310 833 3523 898 subiit,
3557 832 3699 887 Bie-

2083 917 2216 971 rocli
2271 932 2391 970 cum
2445 915 2844 987 Synecdemum
2878 917 3140 971 scriberet
3165 916 3525 984 ignoratam;
3567 933 3703 987 qua:

2081 1001 2182 1055 etsi
2221 1013 2287 1054 ex
2352 1001 2673 1068 proconsule
2721 1000 3080 1070 Cappadocize
3134 1001 3306 1069 prima
3363 1002 3687 1070 explorata

2079 1092 2184 1150 est,
2219 1083 2416 1152 negligi
2467 1094 2645 1138 tamen
2678 1084 2842 1138 nolim
2889 1085 3131 1154 ejusdem
3169 1086 3542 1153 imperatoris
3595 1087 3700 1139 de-

2081 1176 2232 1221 creto
2291 1167 2470 1236 gentis
2513 1167 2635 1234 ejus
2676 1167 3089 1236 dispositionem
3142 1168 3597 1222 ecclesiasticam
3631 1172 3687 1223 in

2083 1249 2249 1304 alium
2267 1252 2511 1304 ordinem
2559 1250 2730 1306 fuisse
2761 1267 3103 1306 conversam.
3155 1249 3272 1305 Huc
3302 1267 3491 1320 usque
3535 1253 3691 1306 bina:

2086 1331 2300 1386 fuerant
2359 1333 2735 1403 Cappadoemn
2787 1334 3131 1403 metropoles,
3195 1335 3386 1401 prima:
3455 1335 3694 1406 Cappa-

2085 1415 2256 1470 docia:
2292 1415 2561 1489 Cagsarea,
2589 1416 2841 1471 secundae
2873 1414 3088 1486 Tyana:
3127 1416 3346 1470 tertiam
3388 1417 3691 1473 Mucisson

2086 1497 2360 1568 Tyanensi
2423 1500 2723 1555 detractam
2791 1509 2845 1553 et
2897 1497 3696 1569 JustinianOpolinnuncupa-

2081 1589 2198 1634 tatn
2252 1581 2427 1636 tertia:
2463 1580 2818 1650 Cappadocia
2855 1581 2972 1649 ipse
3026 1581 3533 1652 imposuit.0per:e
3555 1598 3691 1651 prc-

2087 1665 2218 1719 tium
2259 1664 2422 1719 fuerit
2459 1679 2525 1719 ea
2580 1665 2645 1719 de
2678 1678 2736 1718 re
2783 1673 3130 1734 perorantem
3175 1666 3365 1720 audire
3414 1665 3688 1736 Euphra-

2088 1759 2195 1802 tam
2242 1748 2582 1819 Tyanensem
2618 1748 2931 1819 episcopum
2965 1748 3165 1804 Collat.
3219 1747 3255 1800 ν
3288 1764 3452 1805 conc.
3517 1751 3691 1804 Gort-

2087 1833 2438 1902 stantinopol.
2484 1848 2546 1900 ll,
2578 1847 2632 1902 p.
2662 1832 2752 1889 96.
2786 1852 2804 1884 ι
2832 1833 2889 1886 1η
2927 1832 3038 1896 ἰΙΙο,
3067 1833 3259 1901 inquit,
3294 1843 3559 1901 tempore
3587 1838 3691 1888 sub

2089 1915 2360 1986 Tyauensi
2393 1916 2617 1970 civitate
2632 1924 2753 1969 erat
2773 1925 2826 1969 et
2852 1914 3064 1968 Dobara
3093 1925 3143 1967 et
3165 1914 3484 1982 Naziauzus,‘
3501 1932 3694 1986 usque

2089 2003 2154 2054 ad
2188 2011 2428 2071 tempora
2467 2000 2628 2068 hujus
2671 2001 2744 2067 pil
2779 1998 3014 2069 imperii.
3047 1999 3332 2056 Piissintus
3348 2011 3540 2056 autem
3569 2003 3692 2056 im-

2092 2092 2308 2154 perator
2330 2099 2454 2138 cum
2512 2083 2931 2153 metr0politana
2991 2084 3117 2154 jura
3151 2084 3393 2140 dedisset
3458 2085 3690 2139 civitati

2091 2181 2210 2235 qua:
2271 2167 2543 2236 quondam
2587 2167 2807 2238 quidem
2859 2166 3159 2232 Mucissus,
3208 2183 3354 2224 nunc
3405 2184 3546 2224 vero
3591 2169 3692 2224 Ju-

2090 2250 2472 2320 stinianopolis
2519 2260 2884 2320 nuncupatur,
2927 2267 3052 2306 cum
3099 2251 3222 2306 aliis
3264 2252 3598 2308 civitatibus
3632 2264 3690 2308 et

2093 2332 2303 2386 Dohara
2337 2341 2391 2386 et
2414 2331 2746 2387 Naziauzum
2781 2333 3012 2401 subjecit
3058 2334 3133 2388 ei.
3168 2352 3188 2384 ι
3225 2333 3348 2388 llaec
3383 2336 3432 2388 si
3487 2335 3543 2388 in
3583 2336 3692 2403 Sy-

2091 2414 2352 2469 necdemo
2385 2417 2646 2484 prteteriri
2689 2417 2928 2486 potuisse
2973 2416 3270 2485 putaveris,
3303 2418 3453 2487 quod
3486 2433 3515 2471 a
3566 2416 3685 2469 No-

2091 2497 2209 2552 titia
2240 2499 2612 2554 ecclesiastica
2642 2501 2715 2554 sit
2757 2501 3024 2560 diversus.
3045 2501 3231 2554 debuit
3254 2511 3437 2556 tamen
3472 2501 3684 2556 Muris-

2090 2595 2186 2636 sus
2218 2581 2430 2635 urbium
2469 2581 2718 2652 catologo
2743 2583 2931 2647 inseri,
2967 2597 3076 2637 non
3107 2584 3422 2653 regionibus
3446 2586 3559 2638 sive
3591 2588 3682 2637 vi-

2090 2665 2194 2729 cis,
2242 2674 2301 2718 ut
2351 2663 2428 2728 iit,
2455 2665 2498 2719 si
2523 2675 2639 2734 post
2663 2665 2979 2733 metropolis
3008 2666 3327 2736 dignitatem
3353 2667 3428 2721 illi
3461 2669 3675 2736 oppido

2090 2747 2338 2802 collatam
2381 2747 2543 2802 fuerit
2584 2749 2844 2818 scriptus.
2880 2750 2960 2802 Ad
3005 2749 3121 2805 haec
3157 2750 3390 2815 accedit,
3420 2750 3674 2806 Heleno-

2092 2836 2311 2897 pontum
2353 2829 2626 2884 consulari
2679 2841 2734 2885 et
2777 2829 3214 2886 Polemoniacum
3265 2833 3500 2888 Pontum
3533 2850 3686 2902 pra:-

2089 2911 2191 2966 sidi
2238 2912 2290 2965 in
2339 2912 2442 2967 hac
2489 2913 2690 2966 Notitia
2741 2915 2987 2980 attribui,
3021 2913 3241 2969 Novella
3265 2931 3395 2971 vero
3423 2915 3500 2970 28
3540 2919 3685 2972 abo-

2092 2993 2188 3050 lito
2230 2993 2386 3050 Ponti
2437 2995 2800 3052 Polemoniaci
2837 2997 2994 3051 titulo
3018 2997 3448 3067 Helenepontum
3475 3003 3680 3056 modo~

2094 3080 2257 3134 ratori
2282 3077 2620 3133 Justinianeo
2665 3080 2958 3134 committi.
2999 3079 3172 3135 Porro
3216 3082 3338 3136 dua:
3376 3093 3582 3137 tantum
3623 3087 3686 3139 in

2093 3160 2714 3234 SynecdemoArmenite
2733 3164 2936 3230 insunt,
2963 3181 3097 3234 quas
3124 3166 3479 3222 multifariam
3497 3179 3690 3224 sectas

2091 3244 2431 3301 Justinianus
2484 3246 2637 3318 (non,
2665 3255 2723 3299 ut
2761 3261 3051 3314 perperam
3088 3247 3410 3303 Eustathius
3449 3252 3504 3304 in
3538 3250 3682 3304 Dio-

2091 3344 2210 3399 nys.
2245 3329 2662 3398 Perieges.69~i,
2721 3329 2991 3400 Justinus)
3037 3342 3276 3400 quatuor
3329 3331 3552 3386 Novella
3595 3335 3678 3388 5i

2089 3426 2212 3466 esse
2230 3423 2392 3481 atque
2412 3413 2595 3467 haberi
2625 3413 2755 3467 volt.
2776 3411 2954 3468 Taceo
2983 3431 3106 3484 qua:
3137 3414 3446 3472 Jnstiuiame
3467 3418 3685 3486 prima:

2090 3506 2251 3547 causa
2295 3495 2601 3550 decreverit
2636 3495 2769 3550 Nov.
2815 3497 2905 3561 Η,
2938 3507 3106 3566 utque
3162 3499 3216 3553 in
3239 3498 3393 3568 Syria
3459 3498 3671 3552 Theo-

2091 3575 2390 3640 doriadem,
2440 3592 2507 3632 ne
2556 3580 2787 3649 egregiae
2838 3578 3137 3635 Theodorze
3199 3583 3366 3637 honor
3427 3582 3683 3650 deesset,

2090 3657 2424 3727 provinciam
2481 3659 2548 3714 de
2575 3677 2680 3728 qtta
2719 3662 2938 3717 Novella
2975 3663 3029 3727 8,
3059 3664 3381 3720 condiderit.

2161 3741 2289 3797 Mihi
2324 3759 2447 3813 qua:
2479 3745 2693 3800 abunde
2738 3745 2805 3799 ad
2862 3754 3079 3801 aetatem
3123 3749 3405 3817 scriptoris
3469 3764 3679 3804 eruen-

2092 3825 2212 3882 dam
2246 3825 2517 3881 videntur.
2559 3825 2756 3883 Posses
2799 3829 2999 3899 alioqui
3023 3831 3226 3885 auxilio
3259 3845 3458 3885 vocare
3483 3833 3674 3892 urbes.

2090 3925 2225 3981 quas
2267 3924 2364 3964 suo
2400 3921 2455 3964 et
2475 3911 2773 3966 Theodorae
2809 3913 3026 3968 nomine
3055 3914 3295 3969 illustres
3331 3929 3453 3970 esse
3482 3915 3677 3980 voluit,

2092 3993 2145 4046 in
2197 4007 2362 4047 unum
2416 3993 2718 4063 catologum
2771 4010 2800 4047 a
2837 3993 2904 4050 N.
2949 3996 3256 4052 Alemanuo
3296 3998 3365 4052 ad
3419 3997 3675 4067 Procopii

2093 4076 2236 4133 Hist.
2278 4076 2481 4132 Arcan.
2543 4093 2592 4132 c.
2667 4078 2728 4131 11
2779 4079 3080 4149 conjccms,
3125 4081 3180 4134 ni
3207 4091 3263 4136 et
3311 4081 3429 4136 alia:
3491 4082 3672 4136 {orent

2092 4175 2320 4229 quarum
2341 4161 2608 4215 rationem
2661 4161 2940 4218 Hierocles
2992 4152 3191 4218 nullam
3256 4167 3470 4220 habuit.
3509 4169 3668 4231 Quod

2091 4244 2236 4299 enim
2265 4242 2511 4299 Justinus
2548 4245 2755 4314 primus
2786 4247 3073 4301 Anazarbo
3115 4258 3280 4317 atque
3314 4250 3528 4304 Edessa-
3557 4250 3673 4317 pri-

2092 4329 2294 4384 stinum
2321 4342 2516 4383 nomen
2533 4329 2780 4392 abstulit,
2799 4331 3011 4399 utrique
3041 4330 3464 4401 Justiuopoleos,
3491 4343 3677 4400 quoet

2092 4414 2308 4483 prioriiu
2330 4411 2706 4481 Mopsuestana
2737 4415 2942 4485 synodo
2960 4414 3103 4485 (licet
3127 4415 3677 4484 ,Ιωιὶηῑαηοροιὲιαη

2091 4494 2394 4562 metropolis
2423 4495 2584 4566 vulgo
2610 4512 2662 4565 p.
2689 4497 2794 4551 152
2820 4509 2952 4553 tom.
2983 4497 3051 4550 12
3071 4499 3134 4552 C.
3167 4498 3234 4555 Ο.
3253 4501 3464 4568 edatur)
3482 4515 3680 4566 super-

2093 4580 2190 4644 bit,
2228 4578 2486 4647 imposito
2542 4580 2700 4634 titulo
2731 4581 2871 4648 apud
2897 4581 3190 4651 Euagrium
3251 4585 3319 4638 il.
3366 4584 3428 4638 Β.
3458 4585 3490 4637 4
3518 4583 3552 4637 8
3613 4593 3682 4636 et

2092 4662 2478 4730 TheOphanem
2505 4661 2773 4733 Cltorogr.
2809 4679 2864 4733 p.
2904 4663 3029 4727 HG,
3066 4680 3131 4720 eo
3155 4681 3442 4736 nusquam,
3495 4681 3679 4736 quau-

2094 4747 2295 4802 tumvis
2355 4747 2428 4800 illi
2467 4747 2694 4816 tempori
2763 4747 3066 4816 proximus,
3099 4749 3523 4822 inSynecdemo
3575 4752 3676 4806 has

2093 4832 2253 4885 urbes
2298 4831 2574 4899 dignatur.

2164 4913 2261 4967 llla
2295 4927 2425 4983 ergo
2447 4928 2568 4982 quae
2623 4913 2674 4968 in
2727 4914 2912 4970 medio
2963 4915 3142 4986 posui,
3201 4917 3334 4971 satis
3397 4931 3674 4986 superque

2091 4998 2343 5052 evincent
2380 4997 2513 5051 nihil
2536 5012 2723 5066 eorum
2740 5013 2861 5068 qna:
2879 4999 3219 5055 Jostiuiauus
3243 5002 3463 5054 novavit
3479 4999 3674 5056 lliero-

2091 5079 2156 5135 ει.
2179 5096 2250 5145 ιη,
2295 5093 2414 5134 cum
2449 5081 2590 5136 hanc
2626 5081 2886 5137 Notitiam
2917 5083 3182 5152 vnlgaret,
3211 5083 3546 5140 inaudivisse
3575 5085 3628 5137 vi
3651 5115 3671 5126 -

2091 5164 2240 5230 deri;
2289 5165 2532 5234 adeoque
2585 5176 2713 5221 ante
2781 5165 3100 5222 Belisariunt
3154 5168 3457 5233 consulem,
3513 5169 3675 5238 cujus

2090 5263 2294 5304 annum
2344 5249 2529 5319 plures
2584 5250 2796 5305 illarum
2852 5251 3303 5307 constitutionum
3348 5249 3674 5320 praeferunt,

2089 5336 2336 5405 principe
2401 5345 2577 5390 tamen
2627 5334 2934 5390 Justiniano
2993 5335 3300 5406 scripsisse.
3364 5333 3500 5388 Nam
3544 5347 3679 5389 ante

2093 5420 2238 5475 hunc
2269 5419 2549 5475 consulem
2588 5419 2704 5474 fato
2729 5420 3099 5486 concessisse,
3131 5419 3272 5489 quod
3308 5418 3426 5474 viro
3453 5419 3675 5474 erudito

2093 5505 2146 5559 in
2174 5515 2409 5560 mentem
2448 5505 2596 5559 venit
2654 5502 2933 5568 arbitrari,
2969 5504 3061 5558 vix
3107 5504 3347 5559 indidem
3396 5505 3672 5573 coegeris.

2093 5586 2274 5643 Potuit
2290 5602 2422 5644 sane
2444 5585 2659 5656 vulgato
2679 5585 3018 5657 Synecdemo
3035 5587 3219 5642 omnia
3232 5601 3352 5657 qua:
3373 5587 3678 5653 imperator

2093 5680 2406 5726 mutaverat
2471 5672 2692 5736 addere,
2749 5684 3053 5742 novamque
3087 5671 3206 5742 ejus
3228 5671 3526 5727 editionem
3583 5684 3678 5740 pn-

2096 5755 2334 5813 blicare:
2382 5764 2437 5810 at
2463 5753 2516 5810 id
2547 5753 2792 5836 voluisse
2820 5753 2962 5813 unde
2990 5755 3411 5826 cognoscemus?
3443 5754 3588 5822 Quid
3628 5753 3677 5809 si
