3980 6210
323 289 463 355 1073

323 402 488 454 etiam
541 397 709 467 priori
741 395 963 452 editioni
997 395 1466 459 illaadstruxerit,
1492 394 1620 448 etin
1647 401 1887 448 nostram

319 491 530 535 aetatem
573 479 800 545 Notitia,
840 489 896 533 ιιι
926 479 1156 547 primum
1188 494 1218 533 ο
1250 478 1533 546 scriptoris
1565 475 1774 531 calamo
1795 476 1891 530 de-

319 565 551 620 ﬂuxerat
587 564 1114 633 devenerit?ltaque
1167 564 1231 618 ad
1260 562 1664 633 Synecdemum
1715 560 1890 630 ipsum

318 649 726 711 descendamus,
755 658 917 716 atque
941 647 1216 718 intergene
1245 655 1299 700 et
1321 645 1610 716 genuinus,
1655 653 1709 698 et
1741 642 1894 712 cujus

319 731 534 796 generis
585 731 656 785 sit
683 729 910 796 Notitia,
935 730 1112 784 civilis
1136 743 1204 782 an
1229 726 1622 791 ecclesiastica,
1646 726 1894 796 explore-

321 829 462 868 InllS.

389 894 508 948 Non
550 910 669 951 esse
691 897 980 966 genuinum
1032 912 1209 964 neque
1264 897 1533 963 integrum
1574 895 1892 949 Emmanuel

323 976 761 1033 Schelstratenus
785 990 913 1034 tom.
937 981 972 1033 2
1003 980 1181 1050 Antiq.
1217 978 1413 1032 Eccles.
1446 993 1498 1048 p.
1518 978 1624 1044 7:20
1651 981 1752 1033 sibi
1771 994 1894 1046 per-

322 1061 513 1125 suasit,
547 1070 656 1114 tum
681 1065 823 1129 quod
852 1078 914 1117 ea
941 1079 1061 1132 quae
1090 1064 1157 1117 de
1183 1063 1402 1117 civitate
1430 1063 1894 1128 Constantinopo-

324 1141 487 1197 lltana
545 1159 609 1197 ex
667 1143 912 1200 Hierocle
972 1145 1356 1198 Constantinus
1399 1143 1897 1214 l’orphyrogenitus

323 1223 508 1293 refert,
527 1225 577 1279 in
603 1224 800 1280 Notitia
817 1241 922 1280 non
952 1236 1336 1295 compareant;
1371 1236 1480 1280 tmn
1505 1242 1571 1278 ex
1596 1242 1660 1279 eo
1684 1239 1895 1294 quoque

323 1307 566 1371 probari,
601 1310 743 1375 quod
797 1309 1062 1363 llieroclis
1107 1324 1242 1378 opus
1304 1308 1373 1362 64
1415 1307 1772 1376 prazt‘ecturas
1794 1321 1893 1360 seu

322 1389 631 1452 provincias
674 1399 728 1443 et
759 1389 865 1444 855
887 1404 979 1445 seu
1002 1390 1107 1445 935
1135 1391 1386 1444 civitates
1412 1391 1763 1453 continuerit,
1787 1388 1896 1442 No-

324 1469 440 1522 titia
469 1483 652 1524 autem
685 1471 748 1525 51
779 1482 985 1525 tantum
1019 1473 1324 1541 provincias
1379 1483 1434 1528 et
1474 1472 1573 1526 ’151
1647 1473 1893 1527 civitates

323 1551 598 1606 exhibeat.
637 1553 766 1620 Qua:
825 1557 1185 1611 accusationis
1220 1558 1399 1626 capita
1425 1557 1490 1622 si,
1546 1567 1607 1610 ut
1660 1565 1910 1626 oportet.~

328 1636 726 1703 expendantnr,
766 1652 983 1692 causam
1019 1649 1203 1693 tenere
1228 1641 1366 1693 haud
1415 1650 1701 1708 poterunt;
1747 1639 1895 1708 quod

323 1724 384 1769 ut
405 1717 669 1772 unicuivis
689 1718 1002 1784 dilucescat,
1041 1721 1383 1776 Constantini
1415 1723 1760 1792 imperatoris
1790 1723 1827 1776 Ι.
1858 1737 1895 1775 ιι

325 1797 488 1854 them.
524 1800 549 1852 1
578 1801 742 1856 verba
798 1802 904 1857 illis
931 1805 1141 1858 adnexa
1177 1821 1299 1874 qua:
1330 1805 1382 1858 iu
1411 1805 1792 1876 superioribus
1813 1820 1901 1860 cx-

323 1880 521 1949 scripta
540 1883 804 1948 dedimus,
823 1885 1148 1942 inseramus:
1187 1887 1383 1959 Ἀρχὴν
1410 1888 1501 1942 οὖν
1514 1889 1612 1959 τῆς
1634 1887 1899 1958 Εὐρώπης

323 1963 423 2030 τὴν
454 1963 702 2033 βασιλίδα
752 1969 861 2021 τῶν
914 1969 1121 2025 πόλεων
1155 1973 1250 2025 καὶ
1274 1972 1367 2024 τοῦ
1405 1966 1614 2041 κόάμου
1673 1973 1898 2044 πανζεδς,

322 2047 424 2117 τὴν
473 2048 598 2102 νέαν
654 2049 894 2121 Ῥώμην,
949 2054 1049 2121 τὴν
1080 2055 1654 2109 Κωνστιιντινούπολιν
1675 2057 1786 2122 ἐγὼ
1822 2055 1899 2108 τί-

327 2130 482 2200 θημι.
519 2133 615 2184 Διά
645 2133 803 2186 τοῦτο
857 2136 949 2188 καὶ
979 2137 1038 2189 τὸ
1072 2139 1200 2207 περὶ
1228 2137 1589 2209 αὐτὴνθέμα,
1617 2138 1677 2190 τὸ
1705 2137 1902 2192 καλού-

328 2228 491 2282 μενον
538 2214 752 2286 Θρᾴκη,
775 2219 837 2270 τὸ
863 2219 920 2270 ὲν
948 2221 1060 2282 τοῖς
1123 2220 1395 2291 Εὐρώπης
1416 2223 1628 2291 μέρεσι,
1651 2221 1904 2292 θεμάτων

325 2297 545 2364 πρῶτον
580 2298 929 2369 τεθείκαμεν.
960 2301 1092 2367 Quis
1131 2305 1298 2365 enim,
1334 2306 1476 2371 quod
1509 2305 1648 2358 bene
1672 2305 1904 2359 advertit

325 2378 611 2435 Anselmus
636 2381 956 2446 Bandurius,
988 2402 1094 2439 non
1120 2387 1314 2442 viderit
1348 2388 1461 2443 haec
1489 2404 1592 2441 non
1615 2386 1901 2453 Hieroclis,

325 2464 420 2516 sed
446 2463 792 2520 Constantini
815 2470 976 2522 verba
1010 2485 1151 2536 esse,
1189 2485 1406 2525 causam
1435 2471 1758 2542 explicantis
1806 2486 1912 2525 cur

327 2543 815 2604 Thraeitethemati
842 2550 982 2604 inter
1000 2550 1259 2622 Europam
1291 2553 1523 2622 primum
1554 2553 1732 2608 locum
1763 2552 1906 2608 assi-

327 2629 528 2698 gnarit.
544 2630 663 2686 Jam
682 2637 822 2702 quod
848 2650 1126 2690 numerum
1149 2635 1544 2704 provinciarum
1563 2652 1670 2693 non
1689 2650 1905 2704 aequare

328 2717 397 2770 61
423 2717 753 2790 adjungit,id
785 2721 836 2774 in
861 2721 1036 2776 Caroli
1059 2738 1088 2776 a
1113 2723 1176 2778 ’S.
1220 2722 1408 2778 Paullo
1428 2724 1722 2779 editionem
1759 2723 1904 2776 vale-

328 2801 428 2864 hit,
459 2816 566 2856 non
585 2819 704 2858 eam
723 2819 880 2873 quam
901 2805 1106 2874 primus
1136 2805 1252 2876 ipse
1281 2807 1333 2861 in
1354 2808 1624 2876 publicum
1663 2809 1810 2861 dedit
1838 2806 1905 2861 ab

330 2882 632 2939 llulsteinio
661 2901 726 2941 ex
760 2886 1094 2942 Farnesiano
1118 2903 1219 2942 ms.
1244 2889 1489 2957 pluribus
1504 2890 1796 2957 provinciis
1817 2905 1907 2943 an-

328 2975 494 3019 ctam.
526 2967 1058 3024 Novidoctissimum
1095 2970 1320 3024 Dissert.
1353 2969 1619 3038 Chorogr.
1656 2972 1774 3026 ltal.
1809 2987 1905 3025 au-

326 3057 530 3104 ctorem
562 3060 871 3108 autumasse
903 3068 1009 3106 non
1031 3052 1100 3108 64
1128 3053 1431 3122 provincias
1457 3053 1548 3108 sed
1575 3053 1645 3108 65
1677 3069 1798 3108 esse
1817 3053 1908 3109 de-

328 3129 476 3201 bere,
497 3135 751 3200 quoniam
769 3136 822 3189 in
847 3136 1182 3207 Synecdemo
1211 3135 1524 3206 Pamphylia
1543 3138 1778 3191 secunda
1806 3150 1911 3189 me.

331 3227 594 3282 moratur,
635 3234 901 3288 nusquam
939 3219 1148 3289 prima:
1196 3222 1282 3273 cui
1310 3235 1409 3290 ego
1425 3220 1662 3289 opinioni
1699 3219 1905 3274 nullum

331 3301 434 3353 nisi
463 3301 514 3355 in
547 3300 733 3356 Latina
763 3303 1013 3358 versione
1033 3303 1340 3371 prtesidium
1371 3304 1603 3373 reperio.
1632 3302 1743 3358 Etsi
1762 3304 1906 3358 enim

331 3399 394 3439 cx
444 3385 808 3442 ecclesiastica
855 3387 1206 3457 dispositione
1251 3389 1622 3459 Pamphyliam
1667 3390 1720 3442 iu
1774 3389 1909 3444 duas

331 3465 530 3522 fuerint
559 3470 765 3538 partiti,
784 3480 841 3525 ut
870 3479 924 3526 et
945 3471 1174 3526 duaeihic
1203 3481 1618 3527 recenserentur
1641 3470 1772 3524 nihil
1803 3470 1910 3525 fuit

333 3563 576 3614 necesse,
599 3553 899 3618 praesertim
930 3569 1052 3607 eum
1085 3569 1186 3607 una
1211 3554 1472 3608 duntaxat
1496 3554 1549 3608 i-n
1580 3553 1780 3609 Notitia
1804 3553 1907 3608 im-

335 3631 468 3698 perii
517 3629 754 3686 Orientis
790 3637 1110 3703 reperiatur,
1148 3651 1246 3691 nec
1283 3638 1413 3692 duas
1458 3635 1820 3701 Justiuianus,
1851 3645 1909 3690 ut

333 3712 542 3766 novella
566 3711 600 3766 8
617 3714 816 3768 indicio
831 3724 932 3782 est,
950 3718 1181 3772 noverit.
1200 3718 1252 3772 ld
1272 3718 1488 3772 inﬁtiari
1512 3718 1700 3781 nolim,
1718 3719 1908 3773 deesse

335 3798 516 3865 plures
540 3796 806 3864 civitates,
842 3813 939 3852 nec
957 3815 1236 3854 numerum
1267 3800 1373 3855 955
1404 3801 1704 3854 rotundari.
1734 3800 1907 3855 Gras-

335 3890 452 3934 sata
481 3881 827 3935 librariorum
849 3881 1194 3951 negligentia,
1226 3883 1356 3936 utin
1395 3884 1604 3937 caneris
1634 3882 1906 3946 omnibus,

333 3973 389 4017 et
430 3963 519 4018 hic
569 3973 684 4028 est;
734 3965 1029 4034 multaque,
1064 3965 1192 4034 quia
1246 3965 1523 4021 vitiosiora
1551 3965 1900 4030 videbantur,

336 4047 594 4114 neglexit,
644 4049 750 4102 alia
795 4047 1121 4113 turpissimis
1173 4048 1384 4102 mendis
1429 4047 1674 4101 fmdavit.
1714 4045 1902 4116 Neque

335 4145 541 4200 nupera
584 4147 645 4184 ea
679 4131 984 4200 corruptela
1013 4139 1129 4186 est:
1161 4132 1204 4186 si
1234 4133 1302 4186 de
1331 4131 1674 4186 Constantini
1738 4133 1906 4199 impe-

337 4215 536 4270 ratoris
557 4215 742 4269 codice
760 4230 822 4268 ex
865 4214 966 4270 illis
989 4231 1108 4284 quae
1139 4215 1193 4270 in
1224 4216 1340 4270 Lm
1378 4215 1556 4269 Tltem.
1583 4215 1708 4269 inde
1735 4224 1907 4269 trans-

338 4300 478 4364 tulit,
541 4301 907 4366 conjecturam
957 4299 1688 4370 feceris,corruptissimum,
1723 4313 1904 4366 neque

335 4385 538 4438 nostris
586 4382 870 4447 mnnditie,
928 4383 1177 4450 quamvis
1236 4383 1522 4437 admodum
1583 4381 1901 4447 inquinatis,

333 4467 762 4533 priest-notiorem
790 4465 1062 4533 reperies:
1099 4481 1311 4519 summa
1358 4464 1447 4519 ille
1505 4463 1630 4516 imis
1687 4463 1905 4518 miscuit

331 4557 384 4601 et
419 4549 815 4615 previneiarum
851 4551 1109 4601 terminos
1142 4546 1579 4615 frequentissime
1627 4545 1903 4615 migravit.

332 4632 465 4696 Qua:
496 4631 622 4684 vitia
661 4641 780 4685 utut
826 4647 1081 4702 agnosco,
1115 4642 1294 4685 tamen
1327 4629 1736 4686 criminationes
1783 4645 1903 4698 qua:

333 4716 385 4769 in
419 4715 557 4769 hanc
587 4714 845 4768 Notitiam
896 4714 1219 4780 aﬂ‘eruntur,
1255 4722 1311 4768 et
1341 4714 1536 4782 quibus
1559 4723 1902 4781 peccatorum

328 4813 559 4867 quorum
579 4798 1018 4852 innocentissima
1042 4806 1124 4851 est
1146 4811 1234 4851 rea
1254 4795 1547 4865 peragitur,
1570 4795 1905 4861 repellendas

327 4880 665 4935 existimem:
700 4882 842 4949 quod
877 4897 943 4936 ne
980 4897 1121 4935 nunc
1147 4894 1414 4949 exsequar
1443 4879 1545 4932 alia
1589 4877 1900 4946 prohibent.

397 4964 761 5030 Quaarendum
790 4975 893 5030 est,
920 4965 1164 5020 civilisne
1195 4981 1262 5017 an
1288 4963 1654 5018 ecclesiastica
1709 4960 1891 5015 fuerit.

325 5047 485 5102 Joan.
508 5046 816 5104 llarduinus
840 5049 892 5102 in
913 5048 1280 5103 Antirrhetico
1297 5056 1350 5100 et
1369 5045 1556 5099 Nnmis
1573 5045 1694 5100 urb.
1728 5044 1899 5112 autiq.

325 5132 524 5187 illustr.
558 5133 705 5188 litem
734 5132 1030 5188 secundum
1085 5129 1511 5186 ecclesiasticam
1555 5129 1720 5194 dedit,
1754 5131 1902 5197 licet,

322 5230 422 5268 cur
455 5231 572 5269 eam
607 5217 793 5272 tulerit
823 5216 1390 5278 sentcntiam,docere
1457 5215 1784 5284 neglexerit;
1848 5224 1908 5270 et

323 5311 451 5366 post
496 5297 836 5355 llarduiunm
879 5301 1083 5370 plures.
1134 5299 1284 5353 llaud
1330 5308 1508 5354 tamen
1561 5299 1710 5368 jure:
1769 5301 1902 5355 nihil

321 5383 470 5435 cnim
509 5383 882 5452 Synecdemus
927 5384 1254 5451 praecipuum
1297 5383 1478 5444 habet,
1523 5383 1662 5435 unde
1725 5384 1905 5438 eet-le-

326 5463 572 5519 siasticis
618 5464 839 5520 Notitiis
872 5467 1238 5518 aci'ettsendus
1293 5466 1461 5520 videri
1502 5465 1693 5533 possit.
1736 5466 1901 5532 Nulli,

324 5548 548 5602 utbene
583 5555 772 5602 auctor
805 5549 1024 5601 Disserl.
1056 5546 1339 5618 Cltorogr.,
1375 5549 1576 5612 throni,
1613 5565 1748 5603 rara:
1785 5565 1904 5604 me-

330 5631 592 5699 tropoles,
651 5632 781 5686 nulli
843 5632 1259 5700 archiepiscoiii,
1312 5634 1442 5686 nulli
1515 5633 1897 5703 autocephalif,

330 5729 564 5786 cumque
597 5716 648 5771 in
703 5732 807 5771 una
844 5731 986 5786 sa*pe
1011 5715 1283 5786 provincia
1319 5717 1496 5784 plures
1547 5715 1895 5788 metropoli-5.

1173 287 1564 349 COMMENT.
1609 285 1687 346 IN
1733 285 2144 347 iIlEROCLIS
2179 286 2715 353 SYNECDEMUM.

3427 289 3564 354 1074

2004 393 2214 448 tamtsi
2240 392 2498 462 dignitate
2524 396 2776 466 impares,
2799 446 2803 451 .
2828 396 3048 463 fuerint,
3081 397 3238 453 uti-in
3284 398 3558 471 Bithynia,

1995 470 2532 540 Nicomedia,Nica:a
2562 489 2616 532 et
2640 478 2965 546 Chalcedon,
3000 481 3273 534 vix-unam
3299 470 3460 552 atque
3495 487 3570 538 al-

1998 565 2188 622 teram,
2223 572 2592 624 saepenumero
2635 562 2796 616 etiam
2845 563 3069 628 nullam,
3101 577 3166 618 eo
3197 564 3354 618 titulo
3403 567 3567 620 coho-

1998 647 2196 718 nestat.
2237 640 2316 694 Ad
2341 640 2464 706 hoc,
2508 641 2650 696 haud
2679 659 2861 710 pauca:
2893 647 3566 718 recensentururbesqui-

1997 717 2099 773 bus
2145 721 2322 777 nullus
2345 739 2578 792 unquam
2612 725 2899 796 episCOpns
2947 725 3085 790 fuit;
3121 743 3350 797 quarum
3383 717 3567 784 exeni-

1999 802 2221 868 placum
2248 805 2360 858 suis
2397 821 2625 875 quaeque
2685 808 2819 863 locis
2869 811 3118 865 admetiri
3169 812 3565 876 constituerim,

1999 881 2100 936 una
2130 883 2215 938 hic
2250 883 2470 954 Scythia
2499 889 2787 958 delungar.
2817 891 2900 945 llli
2931 893 2998 946 15
3029 894 3191 947 urbes
3209 896 3568 949 contribuun-

2000 977 2121 1032 tur;
2142 967 2282 1020 unde
2300 966 2524 1036 singulis
2540 971 2832 1041 episcopis,
2859 975 2904 1028 si
2922 975 3290 1030 ecclesiastica
3310 975 3450 1030 foret
3470 977 3569 1031 No-

1999 1047 2398 1112 titia,subditas
2416 1050 2582 1105 fuisse
2603 1053 2970 1123 existimares,
3001 1069 3320 1114 cumtamen
3374 1075 3566 1115 omnes

2001 1129 2159 1183 unius
2193 1129 2461 1186 Tomitani
2484 1135 2730 1201 prtesulis
2753 1152 2895 1191 curre
2925 1141 3228 1196 commissae
3251 1141 3477 1196 iuerint.
3506 1144 3568 1198 Si

1999 1211 2303 1277 addubites,
2323 1213 2682 1270 Sozomenum
2721 1217 2782 1270 ll.
2803 1217 2859 1270 E.
2887 1220 2940 1281 6,
2971 1221 3060 1286 Ἣ,
3089 1234 3366 1279 auctorem
3392 1227 3570 1280 dabo:

2000 1293 2168 1348 Τοῦτο
2195 1295 2251 1349 δὲ
2288 1296 2346 1349 τὸ
2373 1296 2523 1359 ἔθνος
2551 1299 2749 1361 πολλὰς
2793 1301 2889 1369 μὲν
2923 1301 3036 1371 ἔχει
3071 1305 3166 1355 καὶ
3229 1307 3412 1371 πόλεις
3479 1312 3576 1363 καὶ

2001 1377 2192 1448 κώμας
2241 1381 2333 1432 καὶ
2379 1381 2634 1451 φρούρια,
2671 1383 3004 1454 μητρόπολις
3029 1387 3085 1438 δέ.
3113 1389 3230 1441 ἐστι.
3254 1391 3451 1459 Τόμις,
3482 1395 3580 1446 πό-

2000 1462 2081 1526 λις
2126 1464 2336 1533 μεγάλη
2400 1465 2494 1518 καὶ
2537 1466 2830 1535 εὐδαίμων,
2900 1471 3185 1540 παράλιος,
3266 1472 3324 1538 ἐξ
3373 1477 3577 1528 εὐωνύ-

2003 1562 2119 1615 μων
2146 1547 2450 1600 εἰσπλέοντι
2505 1548 2596 1601 τὸν
2660 1549 2912 1614 Εὔξεινον
2957 1553 3295 1624 καλούμενον
3352 1559 3573 1613 Πόντον.

2003 1630 2185 1683 Εἰσέτι
2239 1632 2335 1685 καὶ
2371 1631 2466 1684 νῦν
2497 1632 2619 1694 ἔθος
2656 1635 2890 1688 παλαιὸν
2953 1638 3141 1691 ἐνθάδε
3183 1644 3400 1709 κρατεῖ,
3477 1645 3574 1697 τοῦ

2002 1713 2204 1777 παντὸς
2231 1715 2415 1779 ἔθνους
2447 1715 2543 1770 ἕνα
2571 1715 2669 1778 τὰς
2691 1719 2986 1789 ἐκκλησίας
3011 1723 3351 1780 ἐπισκοπεῖν.
3380 1723 3579 1795 Utique

2003 1804 2048 1857 si
2111 1804 2480 1875 Synecdemus
2508 1806 2885 1876 episcoporum
2912 1810 3158 1864 ordinem
3183 1821 3236 1866 et
3287 1812 3580 1883 dignitates

2004 1887 2362 1952 describeret,
2420 1899 2478 1942 ut
2508 1903 2700 1944 omnes
2754 1890 2871 1960 ejus
2907 1893 3199 1960 provincia:
3244 1895 3404 1950 urbes
3446 1911 3578 1950 enu-

2005 1979 2242 2025 meraret
2281 1972 2420 2026 nihil
2478 1987 2614 2042 opus
2687 1973 2913 2028 fuisset:
2988 1991 3146 2029 unam
3208 1976 3576 2042 Tomitanam,

2007 2053 2141 2107 utin
2178 2055 2386 2109 notitiis
2434 2055 2820 2110 ecclesiasticis
2859 2058 3081 2122 assolet,
3125 2059 3303 2126 gentis
3364 2062 3577 2130 prmsnli

2005 2136 2135 2189 dare
2180 2138 2460 2204 potuisset.
2500 2137 2704 2193 Deinde
2737 2140 2919 2207 plures
2975 2141 3249 2211 plerisque
3282 2142 3334 2196 in
3358 2145 3579 2214 provin-

2006 2218 2105 2272 ciis
2137 2220 2322 2282 urbes,
2349 2234 2469 2287 quae
2492 2235 2620 2275 suos
2650 2221 2752 2275 sibi
2773 2224 3063 2293 episcopos
3088 2225 3413 2294 habuerunt,
3435 2230 3578 2296 quod

2008 2300 2058 2355 in
2092 2300 2292 2356 Notitia
2335 2303 2704 2358 ecclesiastica
2746 2305 2984 2362 insolens
3047 2318 3152 2375 est,
3210 2311 3575 2380 negliguntur.

2005 2383 2114 2438 Nec
2158 2401 2222 2440 eo
2268 2395 2448 2441 tamen
2503 2388 2611 2442 telo
2655 2388 2758 2442 alia
2817 2391 3000 2445 omnia
3057 2395 3357 2448 sentientes
3410 2396 3579 2449 vehe-

2006 2471 2238 2525 mentins
2277 2473 2542 2527 urserim:
2602 2474 2731 2543 quid
2787 2476 2833 2537 si
2878 2475 2982 2530 illa:
3001 2478 3420 2532 exciderint'let
3448 2493 3580 2532 sane

2006 2551 2201 2607 multas
2226 2554 2546 2624 negligentia
2563 2557 2960 2626 exscriptorum
2979 2559 3286 2625 deperditas
3302 2551 3424 2616 esse
3445 2560 3575 2615 tuihi

2004 2636 2322 2703 persuadeo.
2355 2635 2486 2690 Nam
2516 2639 2602 2691 cui
2627 2638 2886 2694 credibile
2922 2640 3031 2705 (iet,
3059 2648 3114 2694 ut
3171 2657 3275 2696 uno
3327 2643 3580 2713 exemplo

2000 2718 2252 2781 ntar;.in
2326 2718 2724 2789 Mesopotamia:
2780 2721 3056 2790 provincia
3110 2723 3276 2777 Seiani
3331 2727 3579 2779 Amidam

2009 2801 2478 2872 llieroclis-~‘:’et_ate
2513 2804 2772 2861 Romanis
2829 2805 2996 2861 fuisse
3048 2807 3439 2875 superstitem?
3469 2809 3582 2864 lmo

2007 2898 2135 2937 vero
2170 2885 2354 2952 plures
2388 2885 2460 2940 ibi
2516 2885 2800 2949 ﬂorebant,
2853 2889 2944 2942 sed
3006 2903 3036 2940 a
3085 2889 3321 2943 librariis
3379 2904 3584 2962 susque

2009 2967 2183 3035 deque
2241 2969 2464 3030 habitse;
2523 2971 2614 3038 qui
2676 2970 2720 3023 si
2764 2969 2968 3038 absque
3015 2971 3200 3024 codice
3249 2972 3584 3030 Farnesiano

2008 3051 2198 3106 luisset
2263 3068 2425 3107 unam
2475 3052 2654 3106 itidem
2685 3051 2955 3106 thnica!
3015 3055 3299 3109 maritima:
3332 3057 3586 3127 reliquis-

2008 3145 2130 3190 sent
2153 3135 2374 3207 Tyrum.
2399 3136 2536 3203 Quid
2567 3152 2729 3209 porro
2753 3137 2890 3190 tituli
2921 3138 3356 3206 magistratuum,
3384 3141 3579 3209 quibus

2013 3221 2305 3289 provinciae
2328 3208 2770 3275 administranda:
2791 3219 3065 3275 attributae
3096 3220 3334 3287 fuerunt,
3366 3208 3434 3277 ad
3468 3222 3581 3279 No-

2011 3303 2186 3358 titiam
2241 3304 2716 3382 ecclesiasticam?
2769 3303 2906 3371 .quid
2959 3299 3282 3373 Synecdemi
3357 3322 3576 3374 nomen,

2009 3388 2153 3455 quod
2215 3388 2342 3442 huic
2377 3386 2596 3443 Notitiae
2646 3385 2967 3453 inscriptum
3017 3389 3143 3442 est?
3178 3388 3228 3440 id
3269 3390 3580 3460 peregrina-

2010 3469 2175 3522 tionis
2200 3471 2451 3525 comitem
2477 3469 2837 3539 assigniticat,
2876 3478 3304 3539 argmnentoqne
3345 3483 3425 3527 cst
3451 3471 3579 3527 llic-

2008 3551 2208 3606 roclem
2269 3552 2572 3622 provincias
2612 3549 2844 3606 obituris
2900 3567 3220 3606 succurrere
3277 3562 3331 3607 ct
3368 3554 3578 3626 imperii

2009 3632 2249 3689 Orientis
2310 3635 2722 3702 amplitudinem
2755 3634 2808 3686 in
2837 3634 2985 3688 brevi
3015 3637 3170 3702 quasi
3211 3636 3408 3691 tabella
3445 3654 3584 3708 prae-

2009 3715 2231 3784 pingere
2270 3716 2521 3769 voluisse.
2551 3713 2683 3782 Qum
2706 3715 2835 3768 mihi
2881 3729 3044 3770 causa
3098 3720 3310 3771 videtur
3340 3735 3436 3773 cur
3467 3737 3587 3787 pro--

2009 3796 2309 3850 vinciarum
2341 3795 2612 3858 ordinem,
2661 3797 2737 3848 uti
2795 3795 3068 3864 praefectis
3100 3807 3154 3850 et
3189 3800 3409 3854 vicariis
3450 3803 3582 3854 sub-

2010 3885 2184 3941 erant,
2220 3876 2626 3931 accuratissime
2651 3877 2898 3930 scrvarit.
2951 3877 3109 3932 Libet
3160 3881 3210 3931 id
3275 3882 3590 3948 ostendere,

2011 3961 2153 4030 quod
2180 3961 2264 4013 illa
2319 3975 2377 4013 re
2413 3962 2654 4014 suamab
2679 3961 3067 4016 ecclesiasticis
3113 3961 3331 4019 Notitiis
3359 3981 3582 4033 prorsus

2010 4040 2342 4097 distinxerit.
2371 4039 2609 4094 Primum
2629 4042 2986 4097 Thraciarum
3011 4043 3291 4110 dimcesin,
3327 4048 3376 4100 in
3402 4045 3435 4101 6
3457 4064 3581 4116 pro-

2011 4123 2220 4179 vincias
2277 4123 2602 4190 descriptam
2643 4135 2698 4180 et
2758 4125 2959 4181 vicario
3011 4134 3310 4196 parentem,
3357 4144 3464 4198 quo
3516 4135 3591 4186 de

2010 4206 2173 4260 Nam.
2210 4207 2340 4273 imp.
2366 4203 2567 4260 Orienl.
2600 4221 2647 4259 c.
2681 4206 2784 4261 132
2824 4209 3175 4277 exsequitur:
3236 4219 3346 4264 tum
3404 4211 3589 4266 Mace-

2011 4290 2188 4345 deuia:
2215 4300 2268 4344 et
2297 4289 2471 4343 Dacia:
2530 4290 2788 4345 dimccsin
2819 4291 3076 4359 praefecto
3098 4293 3338 4360 praetorii
3370 4293 3584 4364 Illyrici-

2010 4375 2361 4440 altributam;
2395 4374 2498 4428 cui-
2544 4390 2714 4435 nuper
2767 4390 2795 4428 a
2847 4375 3156 4430 Justiniano
3221 4378 3594 4446 reciperatam-

2011 4458 2366 4519 Pannoniam,
2396 4473 2515 4527 qua:
2541 4468 2667 4513 ante
2691 4457 2949 4528 prmfecto
2975 4459 3210 4528 praetorii
3245 4458 3410 4513 ltalim
3432 4475 3582 4532 com-

2010 4547 2173 4600 missa
2198 4542 2399 4610 fuerat,
2433 4544 2692 4613 adjungit.
2722 4543 2874 4599 lianc
2914 4545 3116 4612 excipit
3144 4544 3343 4598 Asiana
3371 4545 3429 4598 11
3459 4561 3584 4614 pro-

2007 4627 2331 4691 vinciarum,
2399 4634 2518 4680 tum
2585 4626 2808 4681 Pontica
2865 4627 3081 4681 totidem
3159 4628 3590 4694 provinciarmn,

2009 4711 2130 4765 dein
2163 4707 2402 4764 Orientis
2430 4709 2841 4778 provinciae-15,
2868 4707 3082 4764 tandem
3115 4707 3400 4779 lEgyptus,
3429 4727 3582 4782 pror-

1997 4807 2104 4857 sus
2137 4804 2196 4846 ut
2223 4790 2495 4846 inNntitia
2529 4791 2660 4859 imp.
2689 4790 2928 4846 Orientis
2957 4807 3006 4845 c.
3047 4791 3100 4857 1,
3132 4806 3321 4846 omnes
3345 4795 3598 4861 νηπίοιςιὶ-

2008 4878 2260 4945 praetorio
2303 4872 2543 4928 Orientis
2570 4873 2907 4942 dispositioni
2947 4881 3003 4926 et
3046 4887 3190 4928 curae
3221 4877 3510 4928 mandatae.

2080 4950 2269 5028 Atqne'
2313 4958 2430 5012 hate
2487 4960 2550 5012 dc
2577 4955 2946 5028 Synecdemo;
2995 4957 3147 5026 cujus
3196 4959 3426 5026 primam
3462 4960 3580 5012 edi-

2015 5045 2215 5098 tionem
2276 5041 2472 5097 Carolo
2504 5056 2532 5096 a
2568 5040 2626 5093 S.
2663 5039 2854 5095 Paullo
2885 5041 3165 5108 debemus,
3201 5043 3292 5098 sed
3335 5043 3416 5095 14-
3457 5057 3582 5110 pro-

2010 5127 2201 5182 vinciis
2237 5126 2504 5180 mutilam.
2545 5125 2717 5179 Aliam
2782 5126 2962 5179 animo
2989 5125 3223 5194 agitasse
3279 5125 3394 5180 Jac.
3460 5126 3577 5179 Sir-

2010 5211 2265 5266 tuondum
2297 5224 2362 5264 ex
2402 5210 2634 5278 quadam
2677 5209 2795 5275 ejus
2843 5209 2907 5260 ad
2957 5206 3020 5261 L.
3076 5207 3434 5262 llolsteinium
3467 5211 3583 5277 epi-

2010 5293 2144 5348 stola
2188 5309 2245 5362 p.
2293 5292 2393 5347 471
2434 5293 2522 5347 ed.
2560 5291 2747 5346 Venet.
2792 5291 3098 5356 suscipere:
3134 5309 3152 5341 ι
3179 5291 3248 5345 De
3317 5290 3581 5348 lliezorlis

2009 5378 2368 5447 Synecdemo,
2408 5377 2600 5444 inquit,
2633 5375 2875 5444 gratuler
2891 5391 2956 5427 an
2983 5373 3191 5427 doleam
3234 5375 3436 5428 nescio.
3467 5374 3580 5430 Ιιιιο

2008 5475 2195 5516 revera
2231 5461 2384 5515 doleo
2440 5461 2533 5515 tibi
2565 5475 2669 5513 non
2703 5474 2730 5511 a
2755 5473 2838 5511 me
2864 5458 3006 5512 dono
3029 5458 3209 5510 datum
3245 5457 3434 5520 fuisse,
3454 5473 3576 5512 cum

2008 5555 2323 5614 expeteres;
2357 5553 2410 5598 et
2439 5545 2578 5609 quod
2605 5557 2705 5612 ego
2764 5539 2893 5594 mihi
2944 5540 3254 5609 contingere
3303 5541 3577 5610 optabam,

2011 5641 2068 5684 ut
2099 5631 2242 5684 aliud
2278 5629 2555 5699 exemplar
2583 5626 2944 5689 nat-cisccrer,
2983 5626 3033 5678 id
3067 5625 3159 5679 tibi
3216 5625 3390 5693 potius
3433 5625 3580 5678 oliti-

2012 5718 2153 5786 gissc
2219 5714 2467 5784 gaudeo;
2504 5721 2664 5782 atque
2726 5721 2869 5766 utcx
2919 5710 3107 5766 animo.
3167 5725 3251 5765 nte
3309 5709 3576 5780 gratulari
