3980 6210
434 294 573 362 1075

429 407 722 476 intelligas,
781 407 826 462 si
869 407 934 461 ad
976 410 1181 476 reliqua
1226 421 1314 466 tua
1353 412 1735 481 geographica,
1770 427 1894 466 cum
1944 413 2010 467 ad

429 490 767 544 Cramosium
835 492 1040 556 mittes,
1071 494 1306 549 Africam
1331 505 1573 549 nostram
1627 495 1784 562 adjici
1830 496 2009 563 jubes,

431 588 540 625 non
584 573 910 641 defugiam.»
959 573 1114 639 Quod
1144 578 1218 631 uti
1247 577 1508 640 advertis,
1541 577 1824 631 consilium
1859 577 2013 632 deiu-

430 671 562 724 ceps
627 656 947 721 repudiavit.
995 655 1140 712 Vidit
1196 661 1545 730 versavitque
1583 675 1705 713 eum
1733 659 2010 714 Sirmondi

432 755 536 796 ius.
574 738 738 794 Henr.
769 737 1038 807 Valesius,
1069 743 1228 798 siculi
1262 747 1328 798 ad
1358 745 1625 797 Ammiau.
1669 743 1759 806 3|,
1791 745 1842 796 ll
1885 758 2010 811 pro-

434 826 636 884 tiletur,
681 823 821 879 haud
848 825 1083 880 obscure
1117 827 1362 895 plurimis
1391 841 1510 880 eum
1570 827 1714 881 vitiis
1778 826 2011 879 obsitum

433 905 602 958 luisse
627 905 880 962 iunueus.
907 907 1133 962 Domum
1184 908 1246 962 [ι.
1277 908 1573 963 llolstcinio
1602 910 1739 962 bona
1765 910 2011 978 quaedam

433 991 649 1043 fortuna
699 991 880 1058 plures
912 1008 1075 1044 nianu
1121 1005 1378 1047 exaratos
1422 993 1660 1057 codices,
1692 990 2011 1048 Vaticanum

431 1072 868 1141 Altempsiauum
902 1083 958 1130 et
999 1074 1380 1137 Farnesiauos,
1408 1075 1626 1139 obtulit,
1659 1091 1888 1144 quorum
1912 1090 2016 1146 ope

433 1166 740 1212 correctum
784 1158 851 1213 Ν
903 1158 1196 1227 provinciis
1264 1159 1561 1213 auctiorem
1619 1157 2014 1230 Synecdemum

1464 302 1851 364 ADDENDA.
1892 326 1963 336 —
1997 303 2063 363 Ρ.
2104 300 2618 363 W‘ESSELINGII

3563 306 3717 373 1076

2122 410 2262 465 Bibi.
2306 411 2506 465 Cwsnr.
2557 409 2595 464 l.
2632 424 2704 473 Vl,
2756 425 2808 480 p.
2853 409 2984 474 268,
3039 409 3260 478 vulgare
3311 429 3718 485 proposuerat;

2121 495 2316 564 quibus
2359 494 2661 558 conatibus,
2695 508 2761 548 ue
2782 495 2999 562 egregie
3043 495 3284 550 inchoati
3346 498 3722 554 absolveren-

2120 576 2519 642 tur,cum.viri
2571 575 3010 644 prmstantissimi
3054 577 3221 632 fatum
3249 581 3585 646 obstitisset,
3635 583 3733 637 ιο-

2122 670 2273 714 tuere
2317 661 2404 714 diu
2443 661 2493 712 in
2548 659 2842 714 ltarberina
2876 660 3202 715 bibliotheca
3230 665 3470 730 schedaz,
3530 666 3723 722 donec

2125 743 2437 798 Emmanuel
2468 742 2893 797 Schestratenus
2923 743 3045 798 inde
3063 757 3248 800 erutas
3279 748 3611 815 publicaret,
3667 761 3723 802 et

2119 831 2304 898 Antiq.
2351 828 2670 884 Ecclesiast.
2715 837 2752 880 t.
2790 828 2856 892 ll,
2891 844 2941 897 p.
2976 827 3103 892 689,
3155 830 3462 886 llieroelem
3517 835 3717 898 variis,

2121 925 2240 978 qua:
2269 921 2534 965 vocantur
2567 910 2891 964 lectionibus
2921 922 2975 965 et
3025 910 3193 966 latina
3248 911 3532 970 llolsteinii
3591 932 3720 971 vcr-

2119 997 2273 1050 sione
2313 995 2638 1048 instructum
2674 993 2958 1048 insereret.
3017 993 3147 1049 Post
3179 997 3374 1053 deinde
3415 998 3719 1053 Anselmus

2122 1076 2426 1130 Bandurius
2454 1077 2672 1142 dignum
2707 1076 2918 1130 censuit
2954 1078 3044 1145 qui
3080 1077 3318 1133 indidem
3346 1092 3604 1150 sumptus
3633 1091 3715 1136 to-

2125 1160 2270 1213 mu‘m
2305 1156 2563 1229 limperii
2603 1158 2900 1215 Orientalis
2961 1176 3013 1231 p.
3040 1161 3102 1217 5t
3126 1173 3370 1218 ornaret.

434 1247 633 1306 pra-ter
681 1241 784 1299 alia
841 1241 1238 1313 geographica,
1289 1243 1356 1297 de
1409 1241 1606 1310 quibus
1694 1241 2020 1299 Lambecius
2111 1276 2122 1285 -

1087 1388 1338 1461 Sequitur
1373 1393 1679 1450 SYNECDEMI
1715 1404 1907 1462 textus,
1967 1411 2116 1464 quem
2143 1411 2307 1466 supra
2364 1396 2604 1452 dedimus
2642 1397 2741 1452 col.
2772 1397 3025 1455 lii-HG.

1274 1688 1282 1698 “
1340 1757 1764 1875 PETRI
1851 1759 2811 1877 WESSELINGII

2043 1998 2110 2044 IN

751 2159 1405 2256 HIEROCLIS
1477 2162 2302 2255 SYNECDEMUM
2379 2151 3381 2257 COMMENTARIUS.

510 2531 627 2586 Col.
667 2531 794 2587 Nl.
819 2534 884 2588 A.
913 2532 1149 2603 Θρᾴκης
1177 2532 1491 2602 Εὐρώπης.
1528 2535 1632 2588 Sex
1665 2534 2023 2589 Thraciarum

442 2617 756 2682 provincias
805 2616 1180 2673 'l‘heodoretus
1233 2616 1296 2670 ll.
1349 2616 1412 2672 E.
1465 2617 1543 2679 5,
1597 2617 1668 2671 28
1721 2628 1776 2672 et
1830 2616 2029 2671 Sextus

441 2697 614 2754 Rufus
671 2698 914 2753 Breviar.
973 2715 1027 2755 c.
1074 2699 1130 2764 9,
1165 2699 1454 2768 Europam,
1494 2698 1815 2768 Rhodopen,
1851 2696 2027 2752 Thra-

441 2781 607 2842 ciam,
653 2778 824 2834 llauni
868 2790 1130 2845 montem,
1165 2780 1411 2836 Mmsiam
1465 2780 1760 2837 secundam
1793 2789 1848 2837 et
1897 2778 2030 2848 Scy-

447 2862 616 2916 thiam
655 2861 823 2917 fuisse
870 2862 1068 2919 docent
1108 2882 1123 2920 :
1161 2865 1380 2920 easdem
1437 2863 1736 2929 Hierocles,
1802 2863 2030 2934 singulis

446 2962 576 3002 suas
617 2947 784 3003 urbes
809 2955 865 3002 et
890 2948 1240 3020 magistratus
1276 2951 1541 3014 tribuens,
1582 2958 1852 3005 recenset.
1891 2947 2031 3003 Sub-

445 3037 602 3085 erant
618 3030 707 3084 uni
729 3029 1026 3088 dioeceseos
1043 3030 1399 3087 Thraciarum
1420 3033 1645 3101 vicario,
1663 3032 1730 3088 de
1757 3047 1865 3101 quo
1879 3031 2030 3087 Noti-

445 3115 520 3170 tia
538 3115 662 3184 imp.
686 3113 895 3176 Orient.
919 3103 970 3170 ἐ.
997 3116 1135 3183 132;
1169 3116 1542 3172 Theodoretus
1571 3127 1853 3187 propterea
1878 3115 1943 3170 ll.
1965 3114 2027 3172 E.

446 3199 498 3263 5,
531 3197 563 3251 7
593 3199 834 3273 ἄρχοντα
859 3199 1077 3266 ἁπάσης
1101 3203 1200 3271 τῆς
1237 3201 1462 3272 Θρᾴκης
1491 3199 1764 3269 appellare
1791 3200 2027 3255 videtur.

522 3296 656 3354 Ibid.
696 3295 844 3352 Ὑπὸ
879 3295 1346 3366 κονσουλὰριον.
1383 3295 1654 3354 Fuitolim
1678 3295 2032 3368 proconsula-

451 3387 528 3440 ris
556 3383 802 3452 Europa;
851 3396 1014 3452 quam
1057 3382 1176 3450 ejus
1207 3381 1502 3450 provinciae
1535 3383 1849 3452 dignitatem
1895 3381 2029 3451 lmp.

446 3465 802 3523 Constantius
862 3474 1048 3519 creato
1079 3464 1230 3520 urbis
1281 3463 1580 3534 Cpolitana:
1619 3463 1876 3534 praefecto
1910 3480 2032 3518 tnu-

449 3549 606 3603 tavit.
638 3548 894 3603 Socrates
924 3545 990 3600 ll.
1027 3545 1088 3602 Ε.
1112 3546 1170 3614 2,
1205 3545 1271 3601 41
1304 3560 1320 3598 :
1356 3547 1466 3600 Kal.
1496 3547 1621 3601 τότε
1656 3546 1749 3600 τὸν
1791 3545 2032 3618 ἔπαρχον

447 3634 550 3704 τῆς
609 3629 1243 3692 Κωνσταντινουπόλεως
1286 3630 1629 3701 κατέστησεν
1659 3670 1676 3696 ,
1727 3631 2034 3702 Ὁνωρᾶτον

447 3717 643 3789 ὄνομα,
685 3715 786 3787 τὴν
813 3714 1142 3772 ἀνθυπάτων
1191 3713 1406 3780 παύσας
1463 3717 1664 3787 ἀρχήν.
1699 3716 1834 3771 Cum
1887 3715 2032 3772 enim

452 3816 518 3856 ea
549 3802 680 3857 urbs
717 3800 768 3856 in
804 3798 1019 3869 Europa
1056 3797 1285 3872 ejusque
1309 3799 1471 3856 fuerit
1496 3807 1675 3870 caput,
1709 3800 2031 3871 dicaturque

450 3884 830 3957 proconsulem
885 3883 1161 3949 habuisse,
1193 3884 1262 3940 de
1313 3884 1591 3954 provincia
1640 3885 1862 3940 dubium
1909 3899 2034 3941 esse

451 3970 675 4041 nequit;
729 3968 1028 4038 praesertim
1083 3981 1208 4022 cum
1242 3981 1313 4023 ex
1358 3976 1605 4025 veterum
1652 3969 1874 4038 scriptis
1905 3983 2032 4037 pro-

452 4053 705 4110 consules
757 4051 930 4108 llenr.
974 4048 1229 4105 Valesius
1269 4050 1495 4117 eruerit,
1523 4051 1723 4121 quibus
1754 4051 1880 4106 addi
1911 4048 2032 4105 Pri-

346 4164 349 4168 ί
454 4151 581 4193 scus
615 4137 815 4204 poterit
853 4133 1143 4205 Provinciae
1181 4132 1409 4204 Europae
1476 4133 1764 4202 proconsul
1813 4149 1878 4187 es
1917 4131 2039 4186 Me-

454 4219 665 4290 uologio
693 4217 984 4274 Cattisiano
1024 4217 1082 4271 ll
1120 4215 1228 4273 Jul.
1264 4219 1368 4271 sub
1407 4216 1760 4283 Diocletiano,
1794 4227 1850 4271 et
1889 4214 2036 4271 Tau-

453 4321 574 4373 rus,
601 4303 694 4375 qui
737 4300 1078 4359 Constantini
1130 4299 1200 4358 Μ.
1240 4308 1401 4355 aetate
1444 4299 1750 4358 Thracibus
1804 4316 2037 4371 procon-

453 4387 620 4444 sulari
674 4386 904 4456 imperio
955 4383 1190 4454 praefuit,
1241 4398 1306 4439 ex
1353 4383 1845 4455 Porphyrogeneta:
1893 4383 2038 4439 Con-

454 4471 680 4527 stantini
701 4471 738 4527 l.
772 4471 808 4524 2
839 4468 1018 4528 Them.
1045 4470 1096 4534 l,
1123 4467 1250 4537 quid
1278 4469 1460 4539 itaque
1491 4467 1576 4524 Jo.
1611 4469 2037 4533 Harduino,non

456 4551 678 4609 Valesio
713 4552 892 4611 solum
931 4549 1284 4619 obloquente,
1331 4551 1427 4604 sed
1475 4560 1531 4604 et
1559 4550 1660 4621 τὴν
1708 4550 2041 4607 ἀνθυπάτων

454 4639 635 4709 ἀρχὴν
690 4638 758 4692 de
825 4635 1172 4690 duumvirum
1237 4635 1561 4704 magistratu
1619 4635 1688 4691 ad
1753 4635 2039 4692 Themistii

457 4727 598 4776 orat.
631 4720 697 4774 l7
733 4718 1153 4788 interpretante,
1195 4717 1404 4774 facias?
1433 4717 1562 4772 mihi
1591 4719 1906 4790 ambiguum
1931 4735 2038 4777 non

457 4813 546 4858 est
595 4802 726 4874 quin
787 4810 998 4862 temere
1060 4815 1095 4857 a
1147 4802 1269 4859 viro
1317 4802 1639 4860 doctissimo
1694 4804 2037 4861 dissenserit.

458 4889 650 4960 Opera:
676 4886 913 4958 pretium
938 4887 1129 4956 utique
1155 4887 1331 4946 iuerat
1360 4887 1718 4959 proconsules
1737 4903 1770 4945 e
1799 4899 2039 4944 veterum

462 4973 830 5032 monumentis
851 4973 1147 5043 productos
1173 4971 1480 5043 proﬂigare,
1519 4984 1572 5029 et
1615 4972 1878 5046 exemplis
1908 4974 2035 5027 divo.

459 5059 703 5120 υπάτους
729 5057 949 5111 eosdem
976 5070 1040 5110 ac
1060 5055 1374 5112 duumviros
1393 5071 1518 5112 esse
1533 5056 1782 5123 ﬁrmare;
1807 5071 2039 5126 quorum

467 5149 717 5197 neutrum
775 5155 902 5195 cum
963 5139 1176 5204 fecerit,
1231 5140 1353 5210 ejus
1402 5139 1659 5196 dissensu
1721 5139 2042 5210 paucissimi

466 5226 845 5282 movebuntur.
885 5221 1015 5280 Post
1070 5221 1383 5294 praefectura
1435 5232 1616 5278 autem
1665 5225 1785 5278 urbi
1819 5225 1979 5295 regia:
2009 5239 2040 5280 a

459 5309 782 5366 Constantio
815 5307 1148 5376 impositum,
1187 5306 1491 5362 consularis
1548 5307 1822 5373 Europam
1863 5307 2040 5362 adrni-

464 5392 750 5461 nistravit;
803 5391 948 5447 unde
985 5392 1219 5446 Aradios
1265 5389 1536 5446 Proculus
1593 5390 1644 5444 in
1697 5389 1954 5445 Tltesaur.
1983 5407 2038 5462 ιι.

461 5476 737 5543 CCCLXI,
777 5478 829 5541 l,
864 5477 1164 5531 consularis
1204 5475 1490 5545 provincia:
1549 5473 1780 5543 Europa:
1841 5477 1942 5531 sub
1979 5493 2043 5532 eo

466 5562 1045 5631 unperatoredicitur.
1077 5560 1244 5615 Erant
1281 5559 1600 5615 consulares
1629 5559 2042 5632 Κονσουλάριοι,

464 5649 529 5697 ιιι
565 5644 618 5696 in
651 5643 864 5701 Gl05sis
894 5655 977 5700 est
1015 5645 1252 5700 Nomicis
1295 5642 1573 5706 ὑπατικοί,
1604 5643 1720 5698 sive
1755 5646 2040 5699 consulatu

467 5736 651 5785 essent
678 5727 850 5787 iuncti
878 5744 978 5788 seu
1007 5731 1342 5792 ornamentis
1391 5729 1767 5790 consularibus
1805 5730 1990 5788 donati
2027 5747 2038 5788 :

2130 2547 2256 2588 nam
2286 2531 2682 2590 Constantinus
2710 2534 2743 2587 Ι.
2777 2533 2814 2587 2
2843 2532 3020 2589 Them.
3054 2534 3074 2590 l
3115 2532 3408 2604 βουλευτάς
3445 2548 3571 2590 esse
3599 2549 3721 2589 mo-

2130 2633 2284 2684 nens,
2325 2617 2621 2672 consiliarii
2667 2613 3039 2686 κονσιλιξιρεου
3087 2631 3243 2682 voce,
3305 2631 3468 2685 quam
3513 2632 3615 2671 suo
3663 2618 3718 2672 in

2127 2702 2316 2757 codice
2361 2701 2594 2771 legebat,
2651 2700 2908 2770 deceptus
2943 2710 3046 2756 est.
3082 2698 3364 2771 Regebant
3390 2700 3712 2769 provincias

2130 2785 2451 2857 dignatione
2517 2784 2921 2840 correctoribus
2978 2793 3033 2839 et
3086 2783 3411 2854 praesidibus
3451 2784 3718 2853 potiores,

2132 2880 2191 2926 ut
2223 2870 2259 2926 Ι.
2291 2868 2451 2924 unica
2485 2883 2540 2924 c.
2585 2866 2685 2922 Th.
2735 2869 2800 2922 de
2855 2868 3126 2922 consular.
3166 2867 3343 2922 innuit
3387 2881 3402 2917 :
3439 2865 3721 2922 habebant

2132 2954 2354 3009 lictores
2375 2961 2430 3006 et
2459 2951 2654 3017 fasces,
2683 2950 2774 3022 qui
2797 2949 2976 3006 fasces
2999 2949 3400 3006 consularitatis
3454 2950 3508 3002 in
3538 2949 3580 3003 Ι.
3609 2949 3644 3003 4
3669 2966 3719 3004 c.

2135 3036 2234 3094 Th.
2283 3037 2353 3090 ad
2409 3037 2450 3091 l.
2483 3034 2603 3090 Jul.
2659 3036 2728 3090 de
2788 3035 2998 3089 ambitu
3057 3044 3352 3097 vocantur,
3399 3040 3454 3086 et
3487 3048 3723 3087 numero

2132 3121 2351 3191 quidem
2414 3133 2548 3184 sex;
2601 3115 2747 3172 unde
2774 3115 3040 3172 Paulinus
3090 3115 3333 3172 Nolanus
3387 3114 3566 3170 Natal.
3627 3113 3722 3180 15,

2132 3206 2261 3273 542,
2288 3207 2353 3260 de
2369 3219 2428 3260 se
2456 3201 2767 3273 Campania:
2795 3201 3067 3257 consulari
3093 3214 3108 3253 :

2277 3303 2421 3373 Ergo
2463 3301 2550 3355 ubi
2579 3300 2658 3373 bis
2686 3308 2834 3354 terno
2875 3297 3095 3373 ditionis
3123 3298 3266 3373 fasce
3291 3298 3490 3373 levatus

2275 3368 2508 3442 Deposui
2541 3371 2692 3425 nulla
2730 3370 3053 3424 maculatam
3085 3370 3230 3423 crede
3260 3368 3509 3421 securim.

2135 3470 2240 3528 Ubi
2278 3483 2404 3524 vero
2437 3482 2504 3522 eo
2553 3467 2763 3522 honore
2810 3476 2970 3522 erant
3010 3464 3277 3529 defuncti,
3317 3464 3465 3519 illum
3508 3461 3727 3516 iterare

2135 3567 2246 3609 non
2276 3558 2550 3623 poterant,
2584 3549 2748 3606 sicuti
2779 3549 2924 3604 dicta
2947 3547 2986 3604 l.
3020 3542 3119 3604 ult‘.
3157 3549 3227 3604 de
3249 3547 3455 3603 ambitu
3485 3543 3723 3601 sciscit:

2137 3651 2448 3710 quanquam
2497 3650 2606 3690 non
2645 3634 2827 3690 desint
2863 3649 3054 3689 eorum
3110 3631 3355 3703 exempla
3389 3628 3484 3699 qui
3518 3628 3725 3710 iterum

2140 3708 2294 3796 gesto
2325 3722 2531 3776 honore
2557 3718 2902 3782 claruerunt,
2931 3716 3001 3772 de
3032 3716 3232 3786 quibus
3265 3714 3335 3769 ibi
3362 3713 3386 3766 l
3421 3708 3724 3796 Gothofre-

2137 3793 2259 3864 dus.
2293 3805 2573 3875 Originem
2630 3802 3002 3857 consularium
3057 3800 3128 3856 ab
3173 3800 3414 3868 Augusto
3477 3809 3602 3851 esse
3650 3793 3722 3852 ad

2140 3887 2417 3960 Spartiaui
2441 3886 2700 3940 Hadrian.
2729 3898 2780 3938 c.
2808 3883 2880 3937 22
2913 3882 3214 3938 Salmasius
3244 3882 3506 3951 disputat.

2211 3971 2351 4029 Ibid.
2383 3969 2885 4035 Εὐδοξιούπολις.
2942 3967 3025 4023 Ab
3067 3965 3312 4022 Eudoxio
3353 3959 3573 4017 Arcadii
3618 3959 3726 4015 hoc

2133 4072 2342 4114 nomen
2397 4054 2704 4125 Selymbria
2751 4051 3085 4121 impetravit.
3137 4050 3398 4106 Socrates
3435 4044 3502 4099 Η.
3555 4042 3617 4096 ε.
3665 4045 3722 4107 7,

2137 4142 2207 4198 56
2239 4156 2254 4194 :
2291 4138 2546 4208 Θεόφιλος
2586 4138 2697 4192 ἀπὺ
2746 4137 3049 4206 Ἀπάμειας
3074 4133 3174 4204 τῆς
3204 4134 3265 4185 ὲν
3305 4130 3460 4198 Ἀσίᾳ
3489 4127 3728 4198 μετηνέ-

2139 4227 2244 4297 χθη
2278 4227 2358 4288 εἰς
2386 4221 2801 4288 Εὺδοξιούπολιν
2845 4221 2947 4292 τὴν
2981 4218 3044 4272 τὸ
3098 4216 3330 4272 παλαιὸν
3364 4210 3726 4297 Σαλαμδρξ-αν

2161 4295 2527 4378 άαλουμένην.
2562 4305 2918 4378 Selymbriatn
2957 4301 3186 4372 intelligi
3233 4308 3288 4355 et
3318 4297 3526 4354 Socrati
3566 4295 3725 4350 reddi

2139 4402 2394 4458 oportere
2441 4389 2610 4458 liquet
2635 4405 2699 4444 ex
2731 4388 2998 4456 Stephani
3046 4383 3323 4456 pontiﬁcis
3357 4382 3425 4437 ad
3456 4378 3726 4433 Basilium

2143 4474 2490 4530 Macedonem
2524 4473 2751 4540 epistola
2794 4471 2936 4525 inter
2973 4471 3106 4524 Acta
3147 4465 3363 4523 consilii
3418 4463 3517 4534 Cp.
3575 4462 3634 4522 4,
3670 4476 3722 4529 p.

2143 4557 2268 4622 653,
2304 4556 2395 4612 ubi
2435 4555 2732 4627 Σηλυϐρια,
2770 4557 2823 4608 in
2863 4568 3026 4622 quam
3053 4551 3346 4622 episcOpus
3390 4548 3479 4603 ille
3515 4545 3728 4614 migra-

2144 4639 2303 4707 verit,
2324 4639 2648 4710 appellatur.
2682 4638 2801 4691 Alia
2828 4637 3049 4706 quidem
3078 4633 3263 4688 omnia
3293 4632 3358 4687 Ι..
3385 4628 3728 4685 llolsteinius

2143 4725 2196 4779 in
2229 4724 2407 4780 Caroli
2433 4740 2464 4778 a
2499 4723 2560 4779 S.
2593 4721 2762 4778 Paulo
2817 4720 3015 4789 Geogr.
3048 4717 3110 4773 S.
3147 4715 3474 4778 autumavit,
3507 4710 3728 4768 Pisidia:

2143 4806 2538 4878 Eudoxiopolin
2585 4805 2714 4861 olim
2765 4802 3128 4859 Salambriam
3189 4799 3361 4855 fuisse
3411 4800 3724 4867 opinatus:

2143 4897 2237 4948 sed
2295 4893 2575 4947 Romanus
2622 4889 3152 4959 Eudoxiopolitanus
3185 4884 3406 4956 praesul,
3461 4895 3575 4952 quo
3625 4894 3727 4932 au-

2142 4985 2295 5033 ctore
2348 4976 2690 5046 potiSsimum
2758 4973 2986 5036 nititur,
3045 4970 3426 5026 auctoritatem
3491 4963 3724 5033 defugit,

2143 5077 2264 5116 cum
2299 5072 2428 5114 toni.
2460 5059 2514 5114 8.
2551 5057 2614 5114 (Σ.
2640 5059 2778 5126 Gen.
2811 5073 2866 5125 p.
2902 5056 3006 5112 527
3032 5055 3170 5110 actis
3191 5047 3727 5107 Chalcedonensibus

2146 5144 2370 5208 inserit,
2417 5141 2690 5196 Romanus
2749 5141 3025 5210 epist-Opus
3076 5133 3504 5203 Eudoxiopolis,
3557 5130 3613 5182 id
3648 5137 3728 5182 est

2146 5226 2454 5299 Selymbria
2473 5226 2757 5296 provinciae
2797 5223 3063 5288 Thraciaz,
3103 5219 3413 5286 subscripsi.
3453 5213 3731 5269 Videntur

2146 5323 2331 5366 autem
2355 5310 2719 5382 Selymbriaui
2765 5308 2913 5364 hunc
2963 5307 3182 5362 titulum
3224 5302 3543 5365 abstulisse,
3575 5304 3730 5382 post-

2145 5411 2306 5465 quam
2341 5379 2574 5459 Arcadio
2615 5409 2677 5449 se
2720 5392 3039 5464 imperatori
3100 5383 3594 5445 donassent.'Hinc
3623 5379 3731 5433 Ar-

2145 5481 2333 5537 cadius
2367 5489 2422 5533 et
2453 5478 2722 5534 llonorius
2757 5478 2796 5533 Ι.
2847 5477 2918 5532 42
2955 5477 3017 5532 C.
3078 5475 3176 5530 Th.
3213 5475 3278 5528 de
3333 5487 3479 5541 oper.
3531 5465 3678 5536 pubi.
3713 5480 3734 5518 :

2146 5563 2642 5632 Eudoxiopolitana:
2675 5563 2901 5617 civitatis
2931 5563 3066 5616 cives
3098 5577 3194 5630 pro
3241 5558 3422 5612 oblata
3453 5554 3604 5609 nobis
3627 5567 3738 5632 sua

2146 5648 2320 5716 patria
2364 5631 2675 5715 ,c’rgasteriis
2707 5647 3090 5705 condonamus.
3143 5643 3234 5702 Sic
3286 5643 3405 5713 lcge
3451 5649 3503 5697 et
3534 5635 3658 5692 vide
3690 5631 3734 5692 Ι.

2147 5729 2562 5789 Gothofredum.
