3958 6216
279 270 415 335 1077

347 384 464 468 Col.
498 385 621 440 Ml.
666 387 1001 457 Ἡράκλεια.
1034 394 1343 452 Secundum
1373 399 1650 468 dignitatis
1679 401 1855 456 locum

274 466 331 551 in
350 466 564 539 Europa
581 481 702 539 post
724 474 925 543 regiam
942 478 1131 534 urbem
1154 482 1394 547 tenebat,
1416 466 1678 551 Procopio
1695 483 1860 542 Fabr.

278 549 481 637 Justtn.
512 552 568 616 ιι,
602 554 656 615 9.
685 564 856 623 teste;
885 570 938 615 et
968 564 1223 630 quoniam
1257 564 1383 619 huic
1420 549 1701 637 metropoli
1731 567 1860 623 olim

272 635 551 690 subditum
592 637 908 709 Byzantium
956 653 1096 711 erat,
1154 651 1494 704 consuetudo
1553 635 1612 705 ut
1679 652 1859 706 Ilerao

272 717 506 775 cleensls
537 724 824 793 episcopus
863 726 1208 797 Cpolitanum
1241 733 1603 802 patriarcham
1637 736 1862 805 inaugu-

278 810 432 856 raret
461 812 625 873 atque
652 808 930 864 ordinaret
966 812 1225 883 deinceps
1265 816 1454 882 valuit,
1503 818 1665 873 sicuti
1695 818 1861 875 Codié-

273 898 383 938 nus
407 884 560 941 Ollio.
602 889 701 959 Cp.
731 905 781 945 c.
809 891 882 946 20
916 895 1217 950 admonuit.

349 966 488 1021 Ibid.
542 969 1051 1041 Ἀρκαδιούπολις.
1083 977 1348 1050 Berguleu
1371 981 1712 1040 Theodosius
1747 984 1863 1040 sive

273 1052 541 1139 Arcadius
574 1056 773 1125 (neque
828 1060 974 1113 enim
1029 1065 1390 1133 scriptoribus
1448 1068 1723 1139 convenit)
1780 1069 1866 1123 in-

269 1136 542 1188 stauravit
573 1147 631 1191 et
659 1139 875 1194 Arcadii
900 1144 1123 1199 nomine
1152 1149 1497 1214 praelustrem
1527 1164 1652 1207 esse
1672 1136 1860 1222 jussit.

278 1217 638 1302 Theophanes
701 1224 935 1281 Arcadio
965 1227 1259 1302 C/tronogr.
1331 1247 1385 1301 p.
1434 1233 1523 1300 66,
1581 1217 1861 1291 Cedrenus

271 1301 412 1367 patri
429 1302 757 1389 _Theodosio
792 1308 1082 1380 Compend.
1126 1301 1315 1385 p.266
1354 1317 1564 1373 tribuit.
1600 1316 1860 1389 Apposit'a

268 1395 391 1439 erat
428 1385 650 1456 Ergino,
685 1406 791 1459 quo
840 1393 910 1448 de
947 1396 1014 1450 ad
1049 1400 1176 1453 Aut.
1229 1398 1352 1454 Itin.
1384 1416 1441 1471 p.
1486 1402 1615 1467 250,
1651 1385 1814 1458 lluvio
1846 1419 1860 1455 :

272 1477 465 1553 auctor
494 1485 799 1543 anonynms
842 1477 907 1532 de
961 1478 1136 1535 Leone
1189 1487 1425 1539 Armeuo
1480 1499 1533 1553 p.
1569 1484 1676 1539 454
1708 1505 1718 1540 :
1750 1484 1862 1540 Καὶ

266 1548 526 1640 lii-reduco;
574 1553 679 1640 ἕως
723 1557 1228 1640 Ἀρκαδιοινιπόλεως
1265 1565 1362 1618 καὶ
1395 1548 1737 1637 περάσαντες
1766 1568 1865 1640 τὴν

282 1631 548 1721 Ῐξηγῖνᾳν
569 1638 837 1721 (ποταμὸς
866 1644 922 1697 δὲ
945 1639 1101 1710 οὗτός
1132 1648 1302 1719 ἐστιν)
1326 1631 1487 1721 εὖρον
1512 1652 1639 1706 λαὸν
1672 1631 1862 1709 πολύν.

275 1713 415 1807 ἕδη)
451 1715 702 1807 Rhegina
730 1740 837 1779 non
861 1726 1003 1783 alius
1031 1739 1115 1784 est
1148 1746 1211 1785 ac
1238 1713 1431 1803 Ergin'a
1466 1735 1578 1790 sive
1600 1735 1862 1807 Erginus.

272 1797 540 1883 Escerpta
574 1819 603 1857 θ
634 1806 921 1864 Strabonis
946 1810 979 1864 Ι.
1012 1810 1067 1877 7,
1099 1828 1152 1883 p.
1184 1814 1289 1869 550
1311 1797 1334 1867 ἶ
1357 1818 1477 1870 Ὅτι
1511 1819 1539 1871 ὁ
1569 1797 1866 1873 νῦννποτα-

275 1882 380 1972 pb;
426 1881 658 1972 Ϊξιτινία
715 1890 776 1942 ὲν
828 1890 1020 1966 Θρᾴκῃ
1094 1881 1433 1968 ᾆεαλούμενος
1480 1901 1712 1972 Ἐριγων
1770 1898 1859 1972 ἦν.

272 1961 405 2051 lino
428 1968 653 2037 Ῥηγῖνα
682 1982 735 2027 et
776 1961 1042 2046 ’Epyivoe,
1091 1961 1376 2051 Apollonio
1414 1961 1565 2040 Melae
1595 1961 1649 2041 et
1689 1961 1864 2044 Plinio

271 2048 581 2108 celebratus
612 2072 625 2108 :
656 2073 777 2111 nam
816 2058 1017 2131 Erigon
1054 2048 1376 2121 Macedonia:
1411 2078 1529 2123 erat
1565 2068 1788 2124 ﬂamen.

348 2130 483 2224 Ibid.
517 2137 712 2208 Βιξύη.
753 2142 893 2199 Urbs
922 2130 1005 2200 ex
1067 2146 1240 2204 Plinio
1292 2162 1344 2205 et
1376 2152 1670 2208 Ptolemaeo
1701 2163 1864 2224 atque

276 2216 502 2307 aliisest
531 2225 839 2307 notissima.
865 2229 938 2281 Τὸ
966 2231 1065 2301 τῆς
1094 2232 1299 2304 Βιζέῖης
1328 2236 1605 2307 πολίχνιον
1637 2237 1676 2291 Ζ
1698 2216 1864 2293 marte

278 2299 341 2391 in.
364 2300 630 2391 Michaele
658 2308 822 2364 Balbo
858 2327 909 2381 p.
949 2299 1073 2379 112,
1114 2299 1371 2388 Κάσέρον
1400 2299 1603 2391 Βιξύης
1633 2322 1682 2374 iu
1718 2323 1861 2377 Ilist.

281 2381 802 2473 liisputatablaximi
835 2406 886 2448 et
917 2394 1206 2453 Theodosii
1235 2381 1364 2455 tom.
1393 2400 1458 2455 Ill
1616 2404 1861 2459 Sirmon-

277 2466 331 2518 di
360 2482 435 2555 ⁸ρ.
486 2470 616 2524 355.
654 2474 796 2545 Βύζη
834 2477 887 2531 in
924 2479 1074 2534 Actis
1108 2484 1308 2541 concil.
1335 2466 1593 2555 Ephesini
1620 2499 1675 2543 et.
1702 2488 1862 2543 Chal-

277 2550 600 2608 cedonensis
628 2560 853 2624 passim,
890 2564 982 2614 sed
1015 2578 1321 2632 perperam,
1355 2550 1575 2624 dicitur.

351 2632 488 2718 Ibid.
524 2639 771 2693 Πάνιον.
818 2644 930 2698 lloc
956 2661 1019 2698 ex
1054 2645 1395 2703 Constantini
1429 2650 1463 2703 i.
1498 2667 1558 2718 ll,
1594 2648 1785 2704 Tltcm.
1833 2653 1853 2709 1

278 2715 498 2804 vulgato
528 2724 910 2792 praeponimus.
943 2726 1228 2783 Maritima:
1254 2730 1501 2786 Thracia:
1526 2715 1583 2784 al
1605 2734 1861 2804 παράλιοι

282 2798 381 2890 τῇς
433 2799 654 2890 Θρᾴκης
708 2807 891 2890 πόλεις
924 2852 939 2874 ,
994 2810 1055 2863 τό
1120 2828 1179 2864 τε
1237 2813 1435 2867 Πάνιον
1483 2817 1575 2870 καὶ
1617 2819 1650 2889 ὴ
1685 2798 1861 2890 1⁸11ρά-

282 2882 460 2966 alsia,
492 2896 617 2942 sunt
644 2889 694 2943 in
723 2888 955 2948 Ce'dreni
986 2892 1289 2964 Compend.
1320 2911 1378 2966 p.
1412 2899 1550 2964 M7;
1586 2882 1728 2956 unde
1751 2882 1863 2958 col-

281 2965 419 3034 ligas
454 2970 596 3024 haud
633 2973 863 3031 multum
900 2974 1160 3034 Heraclea
1206 2965 1473 3035 semotum
1513 2983 1679 3039 fuisse
1708 2985 1862 3054 oppi-

284 3049 431 3107 dum.
477 3052 689 3112 Clarins
732 3057 784 3111 id
830 3060 1013 3116 videas
1063 3078 1129 3116 ex
1178 3062 1345 3116 Suida
1383 3066 1433 3118 iu
1464 3065 1682 3133 Πάνεον,
1715 3049 1860 3123 εἶ’θκ

282 3135 514 3192 concilio
550 3138 826 3209 Ephesino
882 3159 938 3212 p.
974 3144 1099 3211 790,
1146 3144 1234 3200 ubi
1272 3145 1533 3204 Heraclea
1566 3158 1621 3204 et
1654 3149 1859 3206 Panion

279 3220 531 3276 eumdem
578 3224 892 3296 episcopum
936 3228 1155 3288 habent.
1192 3230 1380 3287 Postea
1425 3243 1603 3290 tamen
1635 3235 1863 3302 singulis

280 3302 548 3391 episcopis
566 3322 913 3391 paruerunt;
949 3315 1089 3368 unde
1109 3314 1337 3371 consilio
1371 3317 1468 3385 Cp.
1506 3334 1559 3389 p.
1586 3318 1692 3375 500
1731 3318 1858 3391 Ῥη-

282 3386 428 3473 give;
481 3388 777 3473 saluom;
831 3394 1033 3448 Πανίου
1077 3398 1178 3468 τῆς
1225 3397 1459 3470 Θρᾳκῶν
1504 3386 1689 3473 iunpo;
1727 3386 1860 3459 scr}-

280 3466 455 3525 bendo
484 3471 722 3530 adfuisse
753 3475 973 3535 dicitur.
1132 3466 1141 3468 ί
1273 3466 1285 3470 ⁷
1319 3466 1329 3470 ⁷
1504 3466 1567 3496 η’

350 3552 488 3608 Ibid.
522 3556 742 3623 Ὀρνοι.
777 3560 927 3618 Frid.
977 3562 1232 3622 Morellus
1283 3566 1335 3623 in
1381 3567 1724 3625 Constantini
1751 3569 1785 3625 Ι.
1819 3587 1858 3626 n

284 3630 463 3689 Tltcm.
498 3638 518 3689 I
565 3637 807 3723 ’Opstvbt;
853 3642 953 3715 legi
995 3661 1155 3715 posse
1185 3650 1496 3717 suspicatur
1520 3667 1618 3722 pro
1661 3653 1861 3723 oppido

176 3734 179 3743 π
283 3725 659 3775 montanorum
692 3722 938 3781 Thracia:
995 3730 1336 3797 populorum,
1382 3750 1520 3803 quos
1580 3722 1859 3805 Ὀρεινοὺς

281 3798 575 3887 Χᾼειιοριιοη
617 3805 653 3858 l.
684 3806 716 3860 7
748 3808 952 3879 Exped.
987 3811 1112 3883 Cyri
1144 3825 1317 3871 vocet.
1371 3798 1439 3871 At
1485 3798 1654 3887 hujus
1686 3798 1864 3874 nomi-

283 3885 367 3939 nis
392 3888 576 3969 urbem
600 3888 651 3946 iu
686 3891 920 3947 Thracia
960 3910 1118 3950 nemo
1150 3897 1339 3963 novit;
1382 3885 1573 3955 fuisset
1600 3911 1861 3969 praeterea

281 3977 434 4053 extra
473 3968 700 4042 Europa:
733 3975 867 4029 lines
903 3976 953 4029 in
1002 3975 1221 4048 Scythia
1249 3981 1526 4049 provincia
1549 3968 1619 4038 ob
1645 3998 1708 4039 ea
1743 4000 1863 4053 qua:

280 4049 579 4140 Xenophop
618 4056 757 4128 Exp.
788 4058 917 4131 Cyr.
971 4063 1001 4117 7
1048 4077 1101 4131 p.
1156 4063 1262 4119 520
1315 4076 1600 4123 memorat.
1636 4049 1864 4140 Ego-de

280 4137 421 4191 Arzo
450 4148 505 4192 et
540 4138 722 4197 Tonzo
766 4143 1135 4213 cogitaveram
1174 4164 1189 4201 :
1224 4148 1319 4202 sed
1358 4163 1482 4204 cum
1532 4137 1710 4219 plura,
1744 4166 1863 4221 quae

281 4218 537 4302 visapud
588 4224 728 4281 alios
777 4227 1040 4295 reperias,
1087 4227 1140 4283 in
1175 4218 1652 4302 Synecdetnosint
1676 4218 1860 4302 Obvia,

282 4300 412 4355 nihil
444 4306 842 4365 constituerim.

349 4382 761 4473 lbidzl‘droc.
816 4387 1014 4449 Suidas
1052 4393 1115 4448 τὸ
1155 4395 1294 4467 πρὸς
1328 4399 1397 4471 τῇ
1440 4397 1632 4472 Θρᾴκῃ
1662 4400 1788 4472 ὅρος
1825 4402 1859 4473 ἠ

283 4464 469 4555 Ιςάιίος.
496 4471 576 4525 Τὰ
600 4474 692 4526 τοῦ
724 4475 895 4532 Γάνον
915 4476 1018 4549 ὅρη
1050 4464 1317 4536 memorat
1344 4464 1862 4555 a'uctor'an'onymus

280 4550 346 4604 de
376 4550 554 4612 Leone
586 4558 825 4615 Armeno
872 4576 925 4629 p.
974 4561 1101 4619 455.
1148 4562 1287 4620 llinc
1316 4565 1589 4635 conjicere
1622 4550 1746 4624 licet
1772 4584 1864 4625 ur-

284 4637 401 4718 bem
425 4637 636 4695 Canum
664 4643 730 4697 ad
753 4642 1135 4715 Propontidem
1156 4648 1399 4718 ejusdem
1419 4652 1654 4709 nominis
1678 4664 1864 4711 monte

282 4717 446 4774 fuisse
482 4721 802 4788 inciuctam,
841 4728 1078 4795 pessime
1129 4717 1311 4784 autem
1362 4731 1606 4787 habitam
1660 4750 1782 4792 esse
1806 4735 1860 4791 in

282 4801 489 4890 Libanii
510 4804 666 4890 Apol.
703 4806 1039 4864 Demostlien.
1074 4821 1206 4865 tom.
1238 4811 1277 4876 Ι,
1309 4828 1362 4882 p.
1387 4813 1514 4879 451,
1548 4819 1636 4873 ubi
1670 4819 1861 4890 Σιριον

278 4887 455 4957 τεῖχος
488 4889 587 4942 καὶ
616 4891 879 4962 Δόρισκον
907 4895 1000 4949 καὶ
1021 4895 1298 4966 Μυρτίνον
1320 4899 1415 4951 καὶ
1443 4899 1608 4965 Pollio;
1636 4887 1861 4956 καὶξΣα-

279 4969 393 5056 νὲδα
432 4972 639 5045 χώραν·
684 4973 786 5029 εἷθ’
826 4976 969 5045 ὑπὲρ
1004 4978 1235 5045 τούτων,
1262 4973 1338 5036 ὧν
1363 4982 1483 5037 οὐδὲ
1518 4984 1588 5038 τὰ
1619 4985 1861 5056 ὀνόματα.

283 5055 464 5125 ἴσμεν,
513 5058 948 5131 ἐξανιστάμεθας
995 5063 1282 5133 scripsisse
1327 5065 1573 5138 Σέρριον,
1609 5055 1777 5135 Γάνὸς
1806 5081 1863 5129 et

281 5138 475 5192 Γανίδα.
507 5156 573 5197 ex
609 5141 890 5210 Ᾰξῖδοιιὶηε,
939 5160 1103 5215 quem
1137 5146 1381 5205 imitatur
1418 5151 1495 5219 (in
1534 5151 1858 5221 Ctesipltout.

280 5236 330 5291 p.
363 5222 452 5295 65)
505 5235 559 5279 et
601 5225 814 5282 Valesio
847 5228 916 5285 ad
950 5227 1397 5301 llarpocratiuuis
1442 5233 1734 5307 Μύρτανον
1768 5254 1859 5295 co-

278 5322 525 5374 guosces.

348 5390 485 5447 Ibid.
521 5396 913 5463 Καλλίπολις.
962 5397 1300 5454 Reccntioris
1326 5400 1428 5456 teri
1459 5400 1677 5459 Graecos
1709 5405 1859 5459 Καλ-

278 5472 391 5528 λίου
462 5476 618 5531 πόλιν
680 5480 980 5549 appellasse
1045 5481 1179 5534 alias
1241 5482 1676 5539 animadversum
1736 5488 1856 5543 fuit.

279 5558 515 5614 Causam
573 5562 811 5618 habuere
864 5563 1007 5634 quod
1054 5578 1171 5621 eam
1221 5579 1250 5618 a
1299 5564 1471 5622 Callia
1507 5609 1522 5632 ,
1560 5569 1857 5627 Athenien-

279 5641 415 5695 sium
471 5646 631 5709 duce,
687 5646 961 5704 conditam
1016 5646 1188 5705 fuisse
1237 5649 1639 5724 existimarent,
1672 5665 1724 5709 ut
1766 5654 1851 5713 Jo.

279 5724 578 5785 Cinnamus
615 5730 667 5798 ὃ,
698 5731 749 5785 5.

1132 283 1530 347 COMMENT.
1573 285 1653 346 ΙΝ
1699 285 2113 347 HIEROCLIS
2154 288 2700 354 SYNECDEMUM.

3412 293 3561 360 1078“

2034 402 2168 459 Ibid.
2200 405 2466 473 Μόριζος.
2501 406 2893 464 Constantinus
2938 410 3203 481 Μήριζος,
3243 411 3398 468 Unde
3430 413 3545 469 Mo-

1962 486 2129 542 rellus
2167 502 2181 541 :
2215 487 2445 543 Merizus
2477 506 2547 545 an
2582 490 2848 548 Meritus?
2880 503 2933 546 ut
2969 492 3179 548 Plinius
3212 506 3356 549 vocat
3398 514 3549 551 mou-

1964 579 2066 623 tent
2114 569 2375 638 Thraciw,
2426 574 2478 627 in
2526 591 2627 637 quo
2667 575 2874 643 [ortean
2914 576 3037 629 urbs
3064 579 3168 632 sita
3204 579 3350 648 fuit;
3386 596 3546 649 quam

1961 667 2086 707 eum
2120 669 2278 711 nemo
2323 657 2560 725 noverit,
2614 657 2947 727 conjecturae
2999 660 3140 714 haud
3196 664 3546 719 accesserim.

1964 736 2185 793 Rectius
2214 739 2316 795 huc
2346 740 2659 797 referuntur
2687 741 2931 810 ejusdem
2979 743 3135 798 Plinii
3167 760 3243 809 tv,
3268 746 3355 813 Il,
3388 747 3551 801 Mori-

1961 819 2102 883 seni,
2151 824 2243 891 qui
2292 824 2543 880 Thraciae
2602 835 2814 895 partem
2866 826 3226 894 incoluerint;
3278 828 3549 899 laudoque

1961 902 2044 959 Jo.
2079 904 2439 971 llarduinum,
2469 911 2614 977 quod
2668 908 2722 964 in
2781 920 3063 966 recentata
3112 911 3271 967 Plinii
3312 913 3567 969 editione

1964 986 2225 1042 Morinum
2261 991 2328 1042 ad
2368 1003 2466 1044 eos
2493 990 2791 1050 ﬁrmandos
2824 994 3196 1050 advocaverit.

2034 1109 2166 1166 Ibid.
2202 1112 2471 1182 Σιλτική.
2502 1112 2899 1175 Constantinus
2944 1118 3205 1189 Σαλτική.
3253 1118 3450 1175 Posses
3483 1133 3547 1172 ex

1963 1192 2145 1262 priore
2175 1195 2452 1267 Σιντικήν,
2481 1211 2547 1253 ex
2586 1200 2888 1268 posteriore
2930 1202 3260 1271 Βισαλτικήν
3290 1200 3548 1264 formare,

1965 1276 2068 1331 nisi
2106 1278 2392 1349 regionum
2446 1294 2508 1335 ea
2558 1290 2745 1337 essent
2776 1285 3106 1353 cognomina
3139 1294 3194 1339 et
3241 1283 3384 1339 ultra
3416 1284 3559 1338 lines

1967 1358 2198 1427 Europae
2230 1376 2423 1417 versus
2466 1361 2865 1420 Macedoniam.
2905 1364 2960 1420 Si
3004 1366 3238 1436 Σαλτική
3268 1366 3449 1436 potior
3479 1366 3552 1420 sit

1966 1442 2114 1506 (nam
2142 1439 2439 1497 Bisanthen
2471 1445 2522 1498 in
2560 1460 2693 1501 voce
2726 1447 2901 1502 latere
2928 1463 3035 1504 non
3076 1458 3323 1517 apertum
3367 1448 3495 1517 est),
3522 1462 3561 1502 ar

1968 1519 2227 1584 Saltibus.
2262 1531 2320 1577 ut
2353 1525 2599 1593 pluribus
2646 1528 2699 1581 in
2750 1528 3109 1597 Synecdemo,
3140 1545 3336 1586 nomen
3367 1531 3555 1583 venire

1965 1604 2159 1672 potuit.
2209 1604 2457 1679 [Σιντικὴ
2504 1608 2627 1664 cod.
2676 1608 2977 1676 Leidensis,
3023 1620 3080 1665 et
3127 1621 3293 1667 recte.
3348 1611 3555 1668 Sintice

1963 1687 2115 1757 regio
2147 1690 2345 1746 veteris
2388 1690 2739 1755 Macedoniae,
2787 1693 2854 1747 de
2883 1708 2986 1761 qua
3019 1692 3199 1748 Livius
3231 1694 3267 1749 l.
3318 1711 3467 1762 κων,
3500 1710 3552 1750 c.

1966 1770 2088 1835 ult.,
2132 1771 2473 1845 intelligitur.
2506 1774 2821 1847 Wesseling.
2862 1777 3111 1849 Prolegg.
3142 1794 3195 1848 p.
3231 1777 3381 1850 650.]

2036 1890 2168 1946 Ibid.
2207 1895 2493 1950 Σαυαδία.
2526 1894 2617 1952 Sic
2658 1898 2801 1951 man
2834 1913 2864 1953 e
2896 1914 2999 1953 ms.
3030 1913 3342 1970 quanquam
3371 1901 3553 1955 Σαϐα-

1961 1975 2051 2028 δεα
2084 1978 2262 2032 verius
2301 1979 2545 2035 videtur.
2585 1980 2736 2047 Sola,
2767 1984 2910 2052 quod
2946 1984 3149 2038 rescire
3171 1983 3347 2054 potui,
3378 1984 3553 2053 Ephe-

1964 2058 2069 2112 sini
2105 2061 2324 2115 concilii
2367 2064 2501 2119 Acta
2528 2066 2683 2120 urbis
2724 2068 3040 2121 memoriam
3073 2077 3383 2123 servarunt.
3411 2067 3553 2136 Sup-

1965 2142 2166 2210 plicant
2216 2145 2460 2214 patribus
2507 2148 2750 2219 episcopi
2798 2148 3025 2220 Europae
3056 2165 3111 2220 p.
3163 2149 3288 2212 790,
3323 2159 3455 2204 tom.
3483 2148 3550 2216 ν.

1963 2224 2026 2279 C.
2062 2223 2129 2282 G.
2163 2226 2246 2281 liis
2288 2229 2468 2284 verbis
2499 2247 2512 2283 :
2544 2229 2701 2285 Vetus
2734 2248 2846 2287 mos
2879 2234 3015 2303 viget
3052 2234 3103 2287 in
3130 2233 3412 2301 provinciis
3440 2230 3553 2286 Eu-

1966 2324 2126 2375 ropa',
2171 2313 2311 2380 quod
2360 2314 2559 2384 singuli
2590 2317 2819 2385 episcopi
2846 2316 2980 2372 duos
3011 2318 3089 2372 vel
3119 2327 3223 2373 tres
3246 2317 3342 2371 sub
3374 2334 3428 2371 se
3452 2317 3552 2370 lia-

1964 2392 2114 2445 boant
2143 2395 2496 2464 episcopatus.
2543 2396 2695 2452 Unde
2738 2397 3015 2456 Heraclea:
3042 2401 3313 2470 epismpus
3353 2400 3447 2454 sub
3495 2416 3551 2454 se

1962 2473 2112 2529 habet
2162 2474 2475 2532 Heracleam
2525 2490 2573 2533 et
2606 2478 2839 2549 Panion,
2868 2484 3141 2551 episcopus
3174 2492 3349 2537 autem
3379 2480 3563 2551 Byzes

1961 2557 2055 2610 sub
2090 2574 2144 2612 se
2174 2557 2347 2629 Bysm
2372 2570 2422 2614 et
2446 2564 2848 2634 Arcadiopollu,
2875 2566 3129 2623 Cwlensis
3157 2584 3275 2622 vero
3308 2566 3557 2620 similiter
3672 2578 3675 2582 ‘

1962 2637 2146 2694 Calan
2186 2655 2232 2697 et
2271 2642 2604 2715 Callipolin;
2640 2665 2797 2716 porro
2841 2653 3115 2720 episcopus
3148 2650 3426 2707 Sabsadia:
3453 2649 3573 2701 sub--

1961 2738 2015 2776 se
2075 2723 2228 2779 habet
2282 2724 2604 2783 Sabsadiam
2658 2740 2705 2783 et
2765 2734 3228 2799 Aphrodisiadem.
3277 2732 3319 2787 E
3350 2732 3549 2802 quibus

1962 2808 2320 2875 paucissimos
2349 2810 2477 2865 olim
2505 2812 2560 2867 in
2598 2811 2808 2885 Eumpa
2830 2815 3007 2886 fuisse
3036 2818 3320 2887 episcorios
3351 2831 3549 2887 cogno-

1962 2890 2187 2959 scimus,
2239 2903 2294 2948 et
2321 2894 2613 2952 Sabadiam
2667 2900 3054 2969 Aphrodisiadi
3082 2904 3316 2958 vicinam
3369 2916 3547 2953 :nam

1963 2972 2286 3030 Sabsadiam
2321 2979 2573 3034 eamdem
2606 2990 2768 3052 atque
2792 2984 2933 3037 hanc
2956 3000 3081 3040 esse
3112 3001 3271 3040 nemo
3305 2984 3504 3039 addubi
3525 3013 3549 3023 -

1963 3061 2180 3114 laverit.
2210 3059 2324 3115 Sita
2366 3064 2466 3119 luit
2521 3066 2572 3119 in
2612 3066 2862 3122 Thraci-.e
2907 3068 3128 3139 regione
3163 3069 3415 3139 Sapaica,
3444 3069 3548 3123 Σα-

1964 3145 2162 3213 παικῇ,
2201 3145 2265 3197 de
2295 3160 2396 3214 qua
2427 3146 2751 3204 Ptolemaeus
2777 3148 2831 3217 5,
2857 3150 2914 3214 2,
2949 3152 3035 3205 cui
3060 3168 3086 3205 a
3120 3152 3328 3222 StlptBiS
3360 3152 3412 3206 id
3447 3166 3549 3206 no-

1964 3240 2083 3281 men
2121 3227 2295 3283 Iuesit.
2345 3229 2518 3287 liabet
2547 3232 2821 3300 Appianus
2853 3235 2913 3289 Β.
2946 3236 3007 3290 C.
3046 3235 3100 3301 4,
3130 3251 3184 3305 p.
3224 3235 3365 3291 I057
3407 3251 3421 3287 :
3462 3234 3546 3287 Τὰ

1963 3310 2126 3363 στενὰ
2154 3312 2409 3368 Σαπαίων
2438 3314 2534 3369 καὶ
2564 3316 2884 3388 Τουρπίλων
2915 3319 3191 3389 angustias
3221 3319 3536 3389 Sapaeorttm

1963 3402 2018 3447 et
2042 3390 2390 3464 Turpilorum
2418 3398 2469 3453 in
2495 3398 2893 3471 Thraeia,quas
2919 3401 3209 3459 Norbanus
3232 3411 3288 3459 et
3306 3402 3570 3459 Ceditius

1959 3477 2312 3546 occuparint;
2351 3481 2492 3537 unde
2522 3496 2809 3553 perperam
2855 3498 2911 3553 p.
2948 3484 3087 3540 I025
3125 3484 3372 3556 ejusdem
3424 3485 3547 3539 libri

1958 3559 2028 3613 τὰ
2064 3562 2230 3617 στενὰ
2259 3564 2543 3637 Τορπίδων
2592 3570 2689 3623 καὶ
2720 3566 3052 3625 Σαλαπαίων
3085 3569 3248 3625 iidem
3283 3568 3550 3625 insedisse

1960 3642 2230 3701 feruntur.
2264 3646 2587 3720 Quanquam
2642 3666 2712 3708 ne
2767 3652 2849 3709 sic
2900 3653 3117 3724 quidem
3176 3653 3317 3708 bona
3363 3651 3547 3707 omnia

1962 3725 2166 3783 fuerint
2197 3745 2211 3782 :
2249 3730 2417 3799 ignoti
2458 3735 2605 3789 enim
2638 3736 2797 3804 plane
2845 3736 3055 3806 Turpili
3086 3744 3237 3801 sunt,
3268 3736 3326 3790 in
3352 3734 3550 3803 Corpi-

1961 3806 2044 3863 los
2068 3824 2133 3863 ex
2166 3809 2341 3868 Plinio
2369 3822 2423 3869 et
2454 3814 2642 3872 Solino
2678 3818 2946 3873 mutandi.
2978 3817 3218 3886 Sapaeos,
3257 3825 3317 3873 ut
3361 3818 3428 3872 ad
3453 3832 3569 3874 eos

1963 3890 2274 3958 redeamus,
2309 3894 2483 3952 Sabos
2508 3896 2720 3963 Σάϐους
2759 3899 2850 3954 alii
2875 3909 3098 3965 vocant,
3138 3908 3197 3952 ut
3228 3898 3551 3958 Eustathius

1962 3973 2017 4029 in
2044 3974 2264 4047 Dionys.
2289 3977 2564 4050 Perieges.
2589 3980 2751 4049 1069,
2776 3980 3121 4049 indidemque
3150 3979 3366 4037 Sabazii
3397 3982 3548 4038 lovis

1963 4064 2019 4111 et
2046 4056 2241 4114 Bacchi
2275 4062 2486 4116 titulum
2534 4073 2786 4135 repetunt
2823 4082 2837 4120 :
2883 4065 3221 4121 Seholiastes
3263 4066 3316 4118 in
3350 4066 3547 4121 comici

1965 4138 2187 4209 Vespas.
2227 4159 2276 4200 v.
2310 4146 2343 4201 9
2375 4163 2389 4200 :
2422 4146 2689 4212 Σαϐάζιον
2718 4147 2774 4201 δὲ
2804 4148 2896 4201 τδν
2929 4143 3184 4202 Διόνυ’σον
3222 4150 3273 4202 ol
3321 4148 3555 4221 Θρᾷκες

1962 4226 2227 4293 καλοῦσι,
2281 4231 2375 4305 καὶ
2423 4231 2634 4295 Σάϐους
2687 4234 2814 4296 τοὺς
2863 4234 3032 4305 ἱερεῖς
3082 4231 3271 4289 αὑτοῦ.
3310 4234 3352 4287 Α
3388 4233 3548 4289 Saliis

1964 4309 2267 4365 Thracibus
2314 4302 2529 4369 sabazii
2573 4302 2991 4381 sacerdotibus,
3047 4315 3210 4387 σάεη,
3267 4314 3543 4383 σαῦάζειν,

1962 4392 2231 4461 Σαϐάζιος
2263 4395 2606 4466 formarunt;
2643 4415 2883 4472 cumque
2927 4400 3194 4457 Sabadius
3252 4415 3358 4455 non
3406 4399 3546 4457 alius

1964 4481 2036 4537 sit
2053 4481 2385 4554 (Macrobius
2413 4483 2638 4541 Saturn.
2670 4486 2721 4554 1,
2750 4487 2817 4543 18
2844 4503 2857 4541 :
2888 4483 3027 4541 Item
3065 4488 3119 4541 in
3146 4485 3373 4541 Thracia
3396 4501 3546 4542 eum-

1961 4564 2079 4621 dem
2113 4565 2296 4622 haberi
2333 4566 2515 4623 Solem
2563 4580 2721 4640 atque
2752 4567 2997 4626 Liberum
3031 4569 3352 4641 accipimus.
3393 4585 3545 4639 quem

1962 4651 2043 4707 illi
2086 4651 2382 4707 Sabadium
2418 4663 2784 4723 nuncupantes
2812 4654 3096 4726 magniﬁca
3130 4654 3381 4725 religione
3409 4654 3546 4709 cele-

1963 4734 2164 4805 brant),
2209 4736 2369 4803 plane
2402 4737 2532 4791 mibi
2565 4738 2865 4807 persuadeo
2893 4740 3087 4795 urbem
3136 4736 3427 4795 Sabadiam
3453 4747 3547 4791 aut

1964 4816 2285 4873 Sabasdiam
2341 4833 2471 4873 vero
2522 4819 2690 4876 fuisse
2723 4823 2967 4887 nomine,
2998 4833 3164 4891 atque
3196 4838 3226 4876 a
3266 4821 3414 4877 cultu
3445 4820 3547 4876 Sa-

1962 4900 2129 4967 bazii,
2158 4911 2250 4956 aut
2277 4900 2520 4957 vicissim
2555 4901 2846 4959 Sabazium
2875 4905 2943 4961 ab
2973 4906 3125 4973 urbe,
3159 4920 3227 4962 eo
3242 4905 3403 4961 titqu
3424 4920 3546 4962 esse

1961 4995 2231 5039 ornatam.
2264 4982 2383 5039 Non
2422 4984 2639 5052 desunt,
2669 4987 2867 5053 lateor,
2891 4986 3333 5059 quiPhrygibus-
3360 4987 3545 5044 Saba-

1962 5066 2105 5121 sium
2162 5067 2347 5123 deberi
2402 5079 2666 5137 censent;
2716 5086 2839 5143 quae
2880 5087 2969 5129 res
3010 5071 3248 5142 Opinioni
3281 5073 3417 5130 nihil
3448 5088 3546 5130 no-

1962 5150 2179 5204 cuerit;
2216 5148 2523 5223 Phrygibus
2552 5152 2697 5209 enim
2733 5164 2789 5210 et
2830 5154 3139 5212 Thracibus
3191 5162 3360 5213 multa
3386 5166 3546 5213 erant

1959 5234 2271 5290 communia
2321 5250 2520 5301 sacra,
2568 5237 2766 5307 quibus
2817 5238 2888 5293 τὰ
2940 5236 3181 5303 Σαΰάζια
3232 5239 3430 5296 Strabo
3477 5241 3544 5295 10

1961 5332 2016 5386 p.
2064 5317 2163 5371 471
2205 5328 2459 5375 aceenset
2489 5336 2503 5376 :
2541 5336 2610 5378 ne
2646 5337 2790 5379 nunc
2829 5322 3005 5379 dicam
3042 5322 3283 5396 Phryges
3310 5338 3340 5380 e
3372 5324 3545 5379 'I‘bra-

1961 5416 2084 5455 cum
2138 5401 2336 5457 linibus
2397 5404 2450 5459 in
2495 5404 2683 5463 Asiam
2738 5408 3133 5477 commigrasse
3196 5407 3469 5479 perhiberi
3512 5424 3543 5463 a

1962 5485 2229 5541 Strabone
2280 5495 2336 5542 et
2378 5486 2651 5547 llerodoto
2677 5504 2778 5559 vit,
2812 5490 2899 5558 75,
2951 5500 3228 5563 utcunque
3261 5490 3541 5557 ceciderit,

1963 5569 2122 5639 digna
2156 5571 2341 5642 utique
2394 5573 2630 5631 Sabadia
2659 5574 2835 5630 fuerat
2863 5588 2983 5645 qua:
3030 5576 3175 5632 inter
3204 5574 3543 5647 episcopales

1959 5652 2187 5725 Europa:
2208 5658 2364 5716 sedes
2394 5659 2446 5718 in
2468 5658 2532 5716 C.
2558 5675 2588 5715 a
2614 5660 2670 5717 S.
2708 5658 2874 5717 Paulo
2902 5658 3096 5733 Ceogr.
3129 5660 3189 5718 S.
3214 5660 3390 5719 locum
3425 5672 3544 5717 tuc-

1958 5749 2125 5796 l‘ClUl‘.
