3958 6216
451 258 586 323 1071)

512 370 630 426 Col.
665 371 790 426 HI.
829 372 1182 441 Ἀφροδισία.
1231 372 1572 444 Ἀφροδτσίας
1608 379 1847 442 praestat.
1877 369 2001 425 Vid.

440 457 548 508 Ant
598 451 720 508 Itin.
751 471 802 524 p.
837 453 960 511 553.

515 532 650 592 Ibid.
691 541 919 594 Ko¢.1la.
956 540 1124 594 Κοῖλα
1169 549 1515 610 oportuerat;
1543 538 1683 608 quod
1716 553 1906 593 nomen
1942 550 2008 590 ex

443 623 546 676 loci
579 633 769 675 natura
812 633 1002 692 portus
1041 624 1370 694 impetravit,
1416 639 1638 692 prorsus
1672 631 1727 675 ιιι
1754 622 1821 673 τὰ
1855 620 2010 673 κοῖλα

441 706 542 774 τῆς
583 703 830 770 Εὖϐοίας,
865 707 931 759 de
958 707 1156 776 quibus
1184 718 1381 772 praeter
1409 701 1736 760 llerodotum
1763 717 1880 763 vut,
1919 702 2008 765 I5,

445 787 661 856 egregie
703 786 799 842 Dio
855 789 1276 857 Cbrysostomus
1334 800 1473 842 orat.
1515 789 1570 852 7,
1631 803 1681 854 p.
1730 785 1852 841 100.
1881 785 2012 840 Erat

449 867 536 922 hic
563 879 748 938 portus
780 870 921 925 circa
948 871 1182 938 Sestum,
1211 882 1266 924 ut
1298 887 1363 926 ex
1395 869 1577 925 Niccta
1612 869 1734 923 [ἔτι.
1768 867 2006 922 Μαιιιιει.

443 949 496 1012 εί,
531 967 583 1021 p.
609 952 671 1006 81
711 952 954 1008 Valesius
980 955 1046 1008 ad
1093 955 1366 1010 Attttnian.
1399 969 1533 1016 xxtt,
1573 953 1627 1011 8.
1663 951 1867 1015 docuit,
1910 965 2012 1004 nec

446 1035 599 1103 longe
632 1051 659 1088 a
705 1035 934 1106 Madyto.
971 1039 1124 1090 Anna
1159 1037 1306 1089 Alex.
1346 1036 1432 1099 11,
1466 1051 1519 1104 p.
1561 1034 1666 1089 429
1699 1052 1711 1086 :
1743 1035 1883 1096 Τοὺς
1911 1034 2010 1103 μὲν

443 1120 555 1180 τοῖς
587 1117 770 1186 λιμέσι
797 1118 1048 1172 Μαδύτου
1075 1119 1168 1172 καὶ
1195 1117 1403 1172 Κοξλων
1426 1117 1813 1187 προσορμίσαι.
1837 1117 2011 1184 Atque

447 1201 547 1254 hoc
576 1201 774 1254 clarius
800 1203 850 1254 in
884 1203 1037 1256 Actis
1063 1200 1280 1256 concilii
1315 1199 1516 1254 Nicecni
1546 1199 1769 1255 secundi
1800 1198 2010 1252 indica-

445 1289 552 1341 tur,
579 1293 700 1333 cum
731 1279 998 1334 Leonides
1038 1278 1336 1342 ἐπίσκοπος
1369 1278 1621 1333 Μαδύτου
1656 1279 1774 1348 ἧτοι.
1805 1276 2007 1344 Κόλης,

444 1377 496 1420 ιν.
530 1362 627 1415 551
667 1362 832 1416 fuisse
873 1361 1207 1430 perhibetur,
1242 1373 1296 1416 et
1339 1377 1391 1430 p.
1425 1361 1550 1424 571,
1591 1359 1848 1414 Μαδύτου
1890 1360 2010 1429 ἦτοι

443 1444 698 1497 Ἥκοιλαο
724 1445 1071 1513 quantumvis
1115 1446 1258 1498 enim
1297 1444 1438 1498 male
1469 1454 1658 1511 portus
1689 1443 1881 1495 edatur
1907 1455 2012 1494 no-

442 1541 563 1579 men
598 1526 831 1582 (Κοίλων
881 1527 1046 1588 enim,
1077 1527 1179 1579 nisi
1229 1534 1284 1579 et
1319 1525 1520 1594 Κοίλης
1547 1523 1920 1587 fortnaveriut,
1955 1531 2014 1578 ιιι

441 1608 646 1662 leam
684 1609 903 1662 Euboea:
961 1606 1210 1660 Valerius
1255 1624 1296 1673 ι,
1343 1608 1396 1672 8,
1445 1609 1536 1670 11,
1577 1615 1627 1660 et
1655 1605 1839 1660 Calan
1879 1608 2012 1659 Acta

441 1689 659 1744 concilii
710 1689 991 1758 Ephesiui,
1039 1690 1298 1756 appellari
1359 1690 1663 1757 debuerat),
1729 1688 1870 1748 licet.
1923 1687 2008 1740 iu-

441 1786 628 1836 quatn,
672 1771 724 1825 in
765 1772 982 1828 nomine
1012 1786 1167 1826 error
1209 1773 1299 1837 sit,
1345 1773 1552 1826 vici-nus
1606 1771 1771 1824 fuisse
1803 1779 2007 1838 portus,

441 1867 563 1905 cum
618 1853 793 1909 eidem
837 1855 1112 1925 paruerint
1161 1855 1412 1924 praesuli,
1458 1863 1700 1923 apparet.
1745 1852 2009 1906 Caeterum

443 1935 586 1990 nulla
619 1936 706 1991 hic
745 1936 928 1992 habita
967 1937 1103 1992 ratio
1132 1947 1215 1992 est
1242 1939 1473 2008 plurium
1499 1936 1731 2006 Europa:
1757 1937 2010 2000 urbium;

440 2033 562 2087 qua:
594 2035 702 2088 res,
732 2022 833 2076 uisi
871 2021 1036 2078 falsus
1065 2037 1207 2090 sum,
1252 2037 1358 2077 non
1399 2021 1681 2091 scriptori,
1723 2020 1814 2076 sed
1844 2023 2010 2073 Ama-

443 2104 748 2158 nuensibus
778 2105 1024 2158 debetur.

512 2183 644 2237 Ibid.
689 2184 834 2239 Ὑπὸ
880 2185 1167 2256 ἡγεμόνα.
1215 2186 1607 2244 Constantinus
1653 2187 1688 2240 Ι.
1729 2202 1789 2249 ιι,
1826 2184 2008 2240 ΤΙιεηι.

444 2263 466 2319 1
501 2266 771 2321 consulari
803 2278 860 2324 et
889 2269 1029 2326 hanc
1062 2273 1305 2337 mandat,
1331 2286 1360 2325 a
1395 2269 1579 2326 codice
1606 2285 1730 2335 suo,
1769 2269 1918 2338 plura
1954 2269 2010 2323 in

439 2347 543 2404 hac
595 2352 868 2419 provincia
929 2354 1220 2419 turbante,
1274 2355 1534 2423 deceptus
1584 2371 1598 2408 :
1652 2352 2009 2424 praesidialem

439 2433 609 2491 fuisse
643 2435 935 2506 Rhodopen
972 2437 1169 2494 Notitia
1211 2437 1342 2509 imp.
1375 2437 1584 2494 Orient.
1611 2452 1660 2492 c.
1693 2439 1717 2492 I
1752 2436 2007 2492 ostendit.

441 2516 573 2572 Erat
619 2520 834 2588 quidem
893 2521 1140 2592 praesidis
1183 2535 1380 2575 nomen
1421 2518 1702 2588 generale;
1746 2531 1921 2586 eoque
1957 2526 2013 2570 et

438 2602 798 2667 proconsules
839 2612 894 2658 et
938 2604 1097 2675 legati
1133 2603 1363 2660 Caesaris
1390 2612 1444 2658 et
1476 2616 1664 2656 omnes
1704 2600 2012 2669 provincias

441 2695 691 2752 regentes
739 2687 1000 2753 przesides
1054 2685 1489 2755 appellabantur,
1535 2691 1592 2735 ut
1637 2683 1688 2736 in
1741 2681 1780 2734 Ι.
1832 2681 1894 2735 1).
1945 2681 2012 2736 de

437 2764 580 2818 otllc.
617 2767 833 2834 praesid.
861 2776 942 2820 est
977 2783 991 2820 :
1022 2767 1184 2820 Valui‘t
1218 2774 1397 2820 tamen
1453 2780 1586 2820 usus
1623 2774 1680 2818 ut
1717 2762 2012 2834 provinciis

439 2846 765 2914 quibusdam
811 2849 1090 2917 prtcsidcs,
1120 2864 1149 2903 a
1183 2847 1562 2905 consularibus
1587 2859 1642 2904 et
1673 2846 2008 2904 correctori-

441 2928 542 2982 bus
569 2929 768 2984 divcrsi
821 2929 1036 2999 illisque
1091 2931 1402 3002 dignatione
1437 2929 1750 2997 inferiores,
1782 2931 1925 2984 unde
1955 2936 2012 2983 et

440 3007 547 3064 illis
573 3012 624 3064 itt
657 3009 692 3064 l.
724 3017 779 3078 8,
808 3027 858 3068 c.
889 3009 992 3067 Th.
1025 3013 1091 3068 de
1125 3014 1350 3069 Cohort.
1385 3022 1802 3085 postponuntur,
1833 3013 2012 3080 impo-

440 3105 701 3149 n'crcut'ur
727 3110 748 3162 ςΔ
781 3109 1011 3165 cumque
1064 3097 1376 3151 consulares
1406 3095 1646 3151 fascibus
1675 3103 1858 3149 essent
1884 3089 2010 3147 illu-

440 3187 604 3244 stres,
631 3177 823 3232 borum
861 3179 1002 3233 inter
1032 3179 1258 3248 insignia
1289 3177 1484 3234 vexilla
1520 3176 1840 3247 prazsidialia
1881 3177 1917 3232 I.
1954 3176 2010 3241 4,

437 3273 487 3314 c.
515 3261 617 3316 Th.
647 3262 713 3316 ad
755 3261 818 3317 L.
849 3262 956 3318 Jul.
999 3262 1066 3319 de
1093 3263 1294 3317 ambitu
1326 3272 1382 3318 et
1417 3259 1687 3317 Nutkerus
1725 3259 2010 3330 Martyrol.

439 3343 579 3412 prid.
613 3344 740 3398 Kal.
777 3345 916 3415 Aug.
959 3355 1266 3410 recensent,
1295 3360 1398 3414 qua
1441 3346 1507 3399 de
1557 3361 1614 3398 re
1648 3344 1688 3398 l.
1725 3344 2014 3398 Gothofre-

439 3439 561 3482 uus.
602 3426 756 3494 Quod
796 3443 921 3483 vero
959 3429 1303 3483 doctissimus
1340 3428 1561 3480 Dissert.
1587 3426 1842 3495 CImrogr.
1879 3425 2010 3480 Ital.

441 3518 654 3562 auctor.
700 3523 753 3576 p.
796 3507 940 3560 XXV
969 3509 1180 3570 scribit,
1221 3509 1322 3561 sub
1369 3507 1643 3576 provincia
1672 3507 1931 3575 Rhodope
1959 3510 2012 3561 in

442 3588 784 3658 Syuet-d‘emo
827 3591 860 3644 7
892 3590 1052 3645 urbes
1088 3591 1380 3660 designari,
1418 3590 1503 3643 vix
1543 3600 1720 3643 autem
1771 3589 1804 3644 5
1834 3590 2013 3644 nomi-

441 3672 586 3736 nari,
621 3671 672 3726 id
717 3671 997 3726 festinanti
1047 3662 1317 3728 excidisse
1347 3673 1478 3726 mihi
1513 3671 1835 3740 persuadeo.

516 3754 650 3811 l’bid.
676 3751 873 3822 Αἶνος.
923 3755 1007 3810 Ab
1041 3753 1214 3810 :Euea
1242 3755 1516 3811 conditam
1567 3755 1884 3826 perhibent:
1919 3772 2011 3812 ve-

443 3853 571 3896 rene
610 3856 678 3895 an
727 3840 962 3895 uouiinis
1009 3839 1240 3908 quadam
1295 3840 1726 3896 conformatione
1773 3840 2014 3910 impulsi,

440 3925 724 3994 disputant
768 3923 847 3978 CI.
899 3921 1199 3978 Salmasius
1244 3925 1298 3978 in
1354 3924 1529 3980 Solin.
1575 3940 1628 3994 p.
1681 3924 1805 3993 114,
1844 3919 2012 3978 ΙΙειιιῖ

440 4000 690 4060 Valesius
747 4006 798 4060 in
854 4005 1124 4060 Atntnian.
1179 4021 1317 4074 xxu,
1376 4007 1430 4070 8,
1487 4005 1628 4060 Picr.
1694 4006 2015 4061 Valerianus

441 4088 662 4143 ZEneid.
701 4103 785 4152 III,
835 4087 923 4143 18.
977 4087 1210 4143 llomcro
1241 4089 1287 4143 si
1320 4088 1432 4144 litis
1469 4089 1755 4143 arbitrium
1798 4088 2004 4143 defera-

443 4180 554 4232 tur.
618 4170 792 4227 Ᾰέιιιιε
856 4171 1029 4226 ιλΕιιρο
1081 4172 1231 4241 prior
1279 4171 1385 4226 erit
1448 4189 1463 4226 :
1527 4173 1650 4226 inde
1685 4171 1885 4226 auxilia
1945 4173 2012 4226 ad

441 4251 660 4322 Ti-ujam
698 4255 860 4309 mittit
895 4253 1047 4308 Iliad.
1085 4268 1158 4318 tv,
1203 4255 1306 4309 520
1335 4272 1348 4320 ;
1383 4269 1645 4322 quorsum
1675 4266 1800 4308 cum
1841 4253 2013 4326 Hesy-

441 4336 597 4391 chius
631 4337 930 4403 respexerit
982 4337 1035 4391 in
1074 4337 1320 4402 Αἰνόθεν,
1368 4335 1525 4401 forte,
1564 4348 1618 4390 ut
1653 4349 1822 4405 poetae
1854 4339 2013 4405 scho-

445 4419 533 4480 lia,
562 4418 671 4473 ἀπὸ
699 4419 859 4472 Αἴνου
892 4419 1130 4488 scripsit.
1164 4417 1462 4475 Utebantur
1495 4403 1684 4475 incola:
1729 4403 1889 4474 caelo.
1915 4421 2014 4474 1·ιί-

439 4501 768 4570 gittissimo;
815 4503 1165 4572 quamobrem
1201 4501 1569 4557 'Stratonicus
1623 4503 1680 4553 ἐν
1716 4501 1860 4570 Αἴνῳ
1906 4500 2011 4570 ἔφη

435 4587 564 4650 τοὺς
596 4587 696 4654 μὲν
716 4585 860 4639 ὀκτὼ
905 4587 1079 4656 μῆνας
1105 4581 1245 4640 εἶναι
1270 4584 1462 4654 ψῦχος,
1497 4585 1623 4645 τοὺς
1655 4583 1710 4635 δὲ
1745 4584 2014 4654 τέτταρας

438 4663 704 4732 χειμῶνα.
751 4664 877 4718 Fuit
924 4663 1119 4729 Alnus,
1158 4664 1203 4718 si
1239 4678 1345 4717 non
1387 4660 1582 4716 fallunt
1626 4665 1762 4716 Acta
1790 4663 2011 4716 concilii

439 4745 707 4812 Cpolitaui
735 4746 982 4814 secundi,
1015 4745 1307 4817 Rhodopes
1328 4747 1643 4816 metmpulis
1681 4762 1696 4799 :
1733 4746 2011 4804 collationi

437 4828 584 4883 enim
620 4828 654 4883 8
697 4844 751 4900 p.
789 4829 898 4884 240
927 4830 1219 4886 subscribit
1257 4830 1459 4886 Paulus
1493 4831 1782 4899 episcopus
1817 4828 2010 4886 ᾹΞιιιο-

436 4926 561 4965 rutn
611 4911 922 4982 (.lEniorum
966 4913 1308 4984 oportuerat)
1353 4913 1672 4983 metropolis
1717 4913 2012 4982 Rhodupize

438 4995 753 5063 provincia).
787 4995 904 5050 Noli
933 5006 1113 5050 tamen
1149 4997 1375 5051 credere
1413 5008 1432 5051 τ
1463 5011 1587 5050 nam
1624 5004 1678 5052 et
1718 4998 1902 5052 multa:
1932 4997 2009 5052 ibi

438 5079 765 5148 metropoles
799 5089 1153 5135 recensentur
1197 5081 1264 5136 de
1309 5082 1528 5150 quibus,
1565 5080 1672 5134 nisi
1705 5081 2012 5136 honoraria:

437 5162 662 5230 fuerint,
697 5163 1048 5218 meritissimo
1081 5162 1315 5219 dubites.
1342 5163 1574 5218 Constat
1603 5162 1764 5219 etiam
1793 5163 2012 5218 aliunde

437 5244 824 5317 Trajanopolin
885 5247 1096 5302 caeteris
1151 5247 1254 5302 hac
1303 5248 1564 5319 dignitate
1619 5247 2007 5318 prtecelluisse.

435 5329 559 5385 Vid.
611 5332 816 5386 Concil.
855 5332 1172 5387 Chalcedon.
1211 5342 1342 5386 tom.
1375 5332 1408 5386 8
1437 5333 1498 5388 C.
1531 5333 1597 5388 G.
1631 5349 1685 5403 p.
1715 5333 1804 5388 91.

504 5415 640 5472 Ibid.
672 5417 1002 5485 Μαρώνεια.
1040 5416 1153 5472 lloc
1178 5431 1243 5472 ex
1268 5415 1624 5471 Constantino
1657 5417 1694 5473 I.
1728 5432 1790 5481 tt,
1815 5417 2007 5476 Them.

432 5495 469 5548 2
519 5502 958 5568 praeoptavimus.
1000 5499 1203 5556 Urbem
1247 5501 1386 5555 hanc
1433 5510 1489 5555 et
1530 5499 2009 5573 Maxiruianopulin

433 5580 566 5633 Acta
613 5585 833 5638 concilii
865 5585 1203 5640 Chalcedon.
1242 5602 1293 5653 p.
1326 5586 1396 5641 96
1430 5585 1704 5655 Rhodopa:
1737 5587 2008 5645 tribuunt.

509 5661 642 5721 Ibid.
675 5670 974 5736 ἰ’όπειρος.
1007 5668 1172 5726 Recte
1195 5672 1391 5728 iterum
1423 5671 1810 5729 Constantinus
1839 5674 2010 5730 OI‘A-

1461 266 1835 327 ADDENDA.
1879 283 1948 299 -α-
1983 262 2051 323 Ρ.
2092 263 2603 328 WESSELINGII

3586 255 3755 321 1053

2116 375 2274 430 [ΠΛΟ
2304 372 2647 429 ΤΟΠΕΙΡυΥ
2677 371 2730 426 itt
2779 371 2930 428 Geta:
2958 379 3011 426 ct
3050 370 3209 426 Julia:
3252 369 3496 424 Damna:
3528 369 3758 422 nurui:

2109 457 2432 521 ccguomine
2481 455 2746 525 superbit.
2801 455 2932 508 Erat
2975 454 3149 509 vicina
3188 454 3347 517 mari,
3383 467 3506 506 nec
3558 454 3760 519 longe

2109 540 2178 594 ab
2225 541 2553 594 Abderitana
2612 539 2833 594 civitate
2890 538 3200 592 dissociata.
3249 537 3504 592 Rusiutn
3536 575 3553 595 .
3625 548 3756 602 quo

2110 622 2370 692 deinceps
2399 623 2615 678 nomine
2647 622 2771 684 fuit,
2801 622 2957 676 Anna
2999 621 3247 676 Alexiad.
3283 623 3316 674 7
3349 637 3407 689 p.
3453 619 3586 673 212
3635 619 3747 670 ha-

2112 703 2202 758 bet
2229 704 2492 773 lluvioque
2517 708 2792 772 admovet,
2834 705 2927 774 qui
2959 705 3097 760 forte
3123 703 3470 765 Cossinites,
3500 701 3584 756 de
3618 716 3754 769 quo

2113 787 2178 841 ad
2214 787 2340 843 Itin.
2371 789 2432 842 Α.
2474 804 2530 856 p.
2561 788 2686 842 521.

2182 869 2316 926 Ibid.
2364 872 2709 936 Νικόπολις.
2759 871 2913 926 Circa
2964 871 3198 926 Nessum
3255 884 3506 924 amnem
3557 868 3677 922 fuit
3723 886 3740 922 :

2112 957 2254 1008 unde
2301 954 2597 1017 Νικόπολις
2638 957 2670 1023 ή
2711 955 2839 1023 περὶ
2893 954 3096 1006 Νέστον
3134 953 3436 1008 Ptolemaeo
3482 967 3583 1016 ιιι,
3621 952 3739 1016 ιι;

2110 1039 2291 1092 nmuis
2348 1037 2557 1091 ΟΥΛΠ.
2618 1035 2995 1091 ΝΙΚΟΠΟΛΙΣ
3051 1037 3228 1092 ΠΡΟΣ
3275 1037 3566 1106 ,ΝΕΟΤῼ.
3611 1035 3740 1089 So-

2111 1119 2244 1170 crati
2269 1133 2364 1182 rtt,
2390 1119 2478 1184 '56,
2504 1119 2911 1189 Ntxdmltg‘rﬁ;
2929 1119 3171 1191 Θρᾴκης.
3197 1118 3466 1172 Thracia
3500 1118 3740 1171 laxiore

2111 1201 2534 1271 signiﬁcatione.
2567 1201 2753 1257 Serior
2791 1212 2924 1256 aetas
2957 1201 3326 1271 Christopolin
3360 1201 3628 1262 vocavit,
3665 1210 3729 1252 ut

2111 1284 2317 1339 scholia
2362 1284 2700 1340 Coisliniana
2732 1283 3008 1339 Ptolemari
3056 1285 3277 1339 docent.
3333 1283 3470 1337 lla-c
3523 1283 3734 1352 itaque

2112 1377 2195 1421 est
2232 1383 2394 1436 quam
2427 1369 2561 1422 Acta
2598 1366 2656 1422 S.
2689 1367 2944 1422 Germani
2971 1367 3190 1436 signant
3212 1383 3262 1422 c.
3303 1368 3364 1431 2,
3403 1381 3516 1421 nec
3546 1365 3736 1434 longe-

2112 1449 2375 1520 Philippis
2410 1463 2708 1508 removent.
2741 1451 2891 1507 Adde
2917 1451 3386 1522 TheOphylactum
3440 1447 3518 1502 11.
3554 1449 3720 1502 Ian-

2112 1534 2210 1590 ric.
2245 1551 2285 1598 ι,
2311 1536 2364 1588 7.

2181 1616 2317 1674 Ibid.
2351 1619 2780 1687 Κερεόπυρτος.
2809 1616 3196 1672 Constantinus
3239 1613 3716 1686 Κεραιὰπυρτος-

2109 1697 2195 1754 Jo.
2249 1699 2556 1756 Harduinus
2606 1700 2854 1771 (Emend.
2903 1698 2971 1752 56
3022 1698 3077 1753 in
3131 1696 3292 1752 Plinii
3336 1697 3374 1750 I.
3411 1697 3469 1758 4.
3522 1711 3578 1751 c.
3624 1695 3725 1762 11)

2112 1795 2233 1834 cum
2269 1781 2579 1853 Pyrogeris,
2639 1797 2777 1851 quos
2839 1781 3192 1851 Pyrgoceros,
3240 1795 3334 1834 seu
3364 1779 3724 1847 permutatis

2112 1864 2354 1934 syllabis,
2409 1867 2552 1935 quod
2603 1867 2792 1920 eodem
2839 1864 3083 1918 recidere
3163 1865 3261 1926 ait,
3309 1860 3718 1930 Cereopyrgos

2112 1962 2236 2004 esse
2271 1950 2448 2020 jubet,
2479 1949 2777 2020 componit.
2812 1947 2939 2002 Mihi
2993 1947 3153 2017 longe
3203 1961 3266 2001 ea
3318 1945 3703 2000 conﬁdentia.

2116 2034 2317 2090 Vellem
2342 2031 2616 2089 docuisset
2639 2049 2668 2086 a
2697 2031 3040 2101 Cereopyrgo
3065 2030 3214 2083 cives
3239 2027 3421 2098 gentili
3449 2027 3708 2081 nomine

2111 2118 2480 2187 Cereopyrgos
2516 2125 2660 2170 recte
2703 2114 2986 2184 appellari.
3018 2113 3130 2180 Ego
3169 2127 3442 2180 nusquam
3469 2110 3704 2166 Gereo-

2111 2214 2341 2272 pyrgum
2371 2199 2610 2268 reperire
2643 2198 2892 2253 memini.
2920 2197 3022 2250 nisi
3048 2196 3091 2249 si
3125 2195 3292 2249 lateat
3315 2195 3366 2248 in
3393 2193 3712 2264 Κηριοτεὲο

2114 2302 2225 2356 ρων
2248 2283 2489 2344 castello,
2538 2281 2683 2352 quod
2741 2281 2792 2335 in
2852 2280 3109 2350 Rhodope
3147 2279 3442 2347 Procop‘us
3503 2277 3696 2333 didii.

2111 2366 2310 2422 Justin.
2345 2365 2400 2430 4,
2434 2365 2520 2429 11,
2547 2363 2828 2419 describit.
3145 2384 3154 2404 ι

2183 2450 2318 2504 Ibid.
2370 2449 2512 2504 Ὑπὸ
2542 2445 3002 2515 κονσουλὰριον.
3031 2443 3479 2501 CONSULARIS
3525 2441 3697 2498 PRO~

2113 2532 2368 2590 VINCM‘J
2400 2530 2725 2587 THRACle
2774 2539 2859 2586 est
2889 2531 2942 2584 in
2976 2529 3170 2586 Thess.
3215 2545 3270 2601 p.
3303 2527 3638 2593 CCCLXIH,
3663 2527 3704 2579 9.

2112 2626 2167 2674 et
2198 2617 2366 2672 Notit.
2397 2616 2526 2684 imp.
2560 2612 2772 2684 Orien_t.
2807 2629 2858 2668 c.
2887 2613 2937 2666 1.

2181 2685 2314 2741 Ibid.
2350 2681 2563 2750 Πόλὲις
2594 2690 2659 2738 ε’.
2705 2681 2906 2738 Omnes
2943 2683 3041 2738 bas
3091 2681 3254 2737 urbes
3281 2683 3530 2752 praeterit
3565 2681 3697 2734 cod.

2113 2767 2292 2836 Vulc.,
2333 2767 2458 2822 huic
2488 2766 2781 2837 provinciae
2801 2767 2994 2836 oppida
3033 2762 3428 2844 H:_rtntintontis,
3461 2765 3540 2820 illi
3565 2780 3701 2819 vero

2111 2849 2313 2906 Mmsite
2349 2849 2722 2906 contribueris.
2757 2847 2930 2906 West.
2973 2849 3176 2918 Proleg.
3215 2863 3268 2916 p.
3304 2848 3430 2903 630.

2185 2931 2318 2988 lbid.
2350 2932 2556 3001 Βερόη.
2593 2932 2822 2987 Pulchre
2852 2933 2922 2987 ita
2953 2929 3344 2986 Constantinus
3365 2929 3484 2995 1.2,
3506 2925 3704 2982 Timr.

2113 3015 2166 3079 1,
2201 3029 2300 3070 nec
2325 3014 2548 3069 dissidet
2591 3014 2928 3072 Sozomenus
2979 3011 3044 3068 ll.
3074 3014 3134 3068 E.
3167 3015 3222 3080 6,
3248 3013 3336 3078 11,
3376 3029 3502 3068 cum
3531 3011 3702 3066 Libo.

2113 3097 2252 3152 rittm
2291 3098 2370 3160 εἰς
2404 3097 2610 3168 Βερόηςν
2639 3098 2737 3167 τῆς
2768 3097 2990 3168 Θρᾴκης
3025 3095 3322 3166 relegatum
3359 3095 3548 3149 tradit.
3590 3093 3701 3146 Se-

2112 3177 2398 3232 bastianus
2447 3175 2629 3244 Episc.
2685 3177 2788 3246 τῆς
2848 3175 3112 3247 Βεῤῥοίας
3167 3174 3400 3246 (Βερόης
3445 3189 3500 3243 p.
3552 3171 3701 3243 057)

2113 3257 2358 3314 Thracia:
2400 3257 2630 3314 concilio
2658 3258 2985 3314 Chalcedon.
3016 3273 3068 3327 p.
3089 3257 3193 3312 621
3224 3257 3418 3312 adfuit.
3453 3257 3522 3312 Ut
3550 3255 3702 3310 adeo

2113 3339 2410 3398 condonari
2450 3341 2539 3396 vix
2595 3342 2771 3410 possit
2827 3339 2890 3396 C.
2949 3356 2979 3395 a
3027 3339 3086 3394 S.
3135 3339 3302 3395 Paulo
3353 3338 3698 3409 negligentia

2113 3442 2218 3494 qua
2251 3427 2440 3481 urbem
2494 3425 2796 3495 praeteriit;
2846 3439 2967 3494 qua:
3012 3433 3194 3478 tamen
3236 3423 3307 3477 illi
3331 3437 3449 3476 cum
3491 3421 3701 3477 multis

2113 3508 2416 3562 communis
2445 3515 2552 3562 est.
2581 3505 2819 3576 Augusta
2855 3507 3034 3570 lrene,
3065 3515 3341 3576 postquam
3364 3501 3699 3572 prolapsam

2111 3590 2466 3654 excitaverat,
2503 3589 2809 3660 lrenopolin
2873 3589 3200 3659 appelavit,
3245 3587 3574 3658 TheOphane
3623 3601 3700 3655 ι)-

2112 3673 2218 3729 ’585
2249 3682 2488 3729 auctore.
2535 3672 2610 3728 De
2654 3673 2761 3729 situ
2806 3673 2874 3728 ad
2917 3673 3040 3728 ltin.
3069 3673 3134 3726 Α.
3160 3688 3212 3742 p.
3247 3673 3344 3727 251
3379 3672 3695 3742 disputavi-

2114 3769 2256 3813 "IIIS.

2181 3837 2315 3898 Ibid.
2349 3841 2850 3907 Σεϐαστούπολις.
2887 3839 3042 3894 Hanc
3069 3839 3245 3894 adhuc
3267 3852 3473 3909 quaero.

2185 3924 2320 3980 Ibid.
2369 3924 2670 3989 Διόπολις.
2711 3925 2995 3987 Aedui-coit;
3025 3924 3392 3994 praestiterat:
3438 3919 3689 3975 famosus

2113 4017 2194 4064 cst
2225 4007 2340 4078 ejus
2357 4009 2424 4061 ob
2448 4006 2841 4076 impudicitiam
2865 4010 3150 4076 episcopus
3173 4006 3498 4070 Alexander,
3525 4005 3555 4056 ὁ
3576 4003 3693 4057 ἀπὸ

2113 4089 2234 4152 Διὸς
2283 4088 2490 4152 πόλεως
2533 4088 2631 4159 τῆς
2667 4088 2888 4159 Θρᾴκης
2936 4089 3162 4159 ὀνόματι
3203 4086 3554 4154 Ἀλέξανδρος
3589 4083 3683 4138 lo.

2112 4173 2326 4229 Malalae
2357 4185 2485 4227 tom.
2521 4172 2586 4233 ll.
2625 4189 2676 4240 p.
2707 4173 2832 4237 167,
2873 4172 2965 4227 ubi
2995 4181 3053 4226 ιιι
3083 4171 3210 4242 quid
3237 4172 3335 4226 abs
3367 4168 3686 4226 Chilmcado

2113 4266 2436 4315 mutaretur.
2471 4255 2602 4310 nihil
2637 4269 2862 4310 necesse
2897 4253 3095 4310 fuerat.

2183 4338 2320 4394 Ibid.
2392 4337 2894 4406 Ἀδριανούπολις.
2954 4336 3248 4392 Provinciae
3311 4333 3690 4390 Haamimontis

2113 4432 2232 4482 erat
2259 4421 2608 4489 metropolis;
2653 4422 2795 4476 unde
2831 4420 3014 4476 collat.
3075 4421 3109 4476 8
3158 4421 3372 4476 concilii
3418 4420 3690 4474 Constan.

2116 4509 2284 4576 tinop.
2323 4522 2375 4573 p.
2415 4505 2519 4559 240
2550 4520 2563 4556 :
2601 4503 2835 4560 Joannes
2865 4507 3040 4576 gratia
3070 4505 3164 4560 Dei
3199 4506 3466 4573 episcopus
3491 4501 3689 4554 Adria-

2115 4590 2538 4659 nopolitanorum
2579 4589 2980 4642 eminentiorum
3035 4589 3322 4656 prouincia:
3369 4585 3688 4649 subscribit,

2113 4689 2210 4746 pro
2245 4671 2737 4727 llrcmimontiorum
2773 4687 2868 4726 seu
2897 4673 3257 4726 Haunimonti.

2183 4757 2316 4811 Ibid.
2365 4755 2687 4825 Ἀγχίαλος.
2745 4755 2910 4811 Recte
2975 4758 3048 4810 ita
3103 4756 3490 4812 Constantinus
3540 4754 3581 4808 I.
3628 4771 3690 4816 ιι.

2115 4841 2296 4896 Tltem.
2351 4841 2420 4906 1,
2455 4847 2508 4892 ct
2547 4855 2669 4894 mox
2721 4839 3000 4905 Δεόελτδς,
3060 4841 3126 4896 de
3175 4855 3282 4910 qua
3335 4849 3570 4908 utraque
3620 4840 3687 4894 ad

2109 4924 2238 4979 Ant.
2275 4924 2400 4978 Itin.
2435 4939 2487 4992 p.
2517 4921 2624 4978 229
2650 4923 2881 4978 concilio
2908 4923 3182 4994 Ephesino
3216 4922 3390 4977 adluit
3435 4922 3690 4977 Athana-

2110 5008 2224 5064 sius
2285 5007 2584 5068 ἐπίσκοπος
2638 5005 2738 5074 τῆς
2782 5006 2925 5060 κατὰ
2973 5007 3234 5061 Δουελτδν
3279 5008 3377 5060 καὶ
3429 5006 3690 5071 mcum-

2109 5091 2213 5145 λινο
2247 5090 2389 5160 quod
2417 5099 2736 5159 argumento
2764 5101 2846 5146 est
2873 5091 2968 5146 uni
2996 5091 3253 5162 episcopo
3282 5093 3428 5146 dicto
3456 5091 3692 5147 audien-

2113 5184 2195 5229 tes
2238 5173 2446 5239 fuisse;
2495 5188 2618 5242 quae
2669 5173 2808 5229 forte
2849 5190 3012 5230 causa
3064 5183 3146 5228 est
3185 5189 3354 5244 quare
3403 5173 3694 5245 Sozopolis

2115 5259 2207 5313 hic
2241 5257 2563 5328 negligatur.
2599 5256 2795 5314 Habuit
2835 5267 3014 5314 tamen
3069 5259 3330 5328 deinceps
3383 5273 3540 5313 suum
3583 5257 3692 5314 sibi

2113 5341 2438 5412 prtesulem:
2489 5355 2615 5394 nam
2669 5341 2871 5409 Πέτρος
2898 5342 2998 5412 τῆς
3042 5337 3430 5406 Σωζοπολιτῶν
3481 5342 3701 5406 πόλεως

2113 5425 2212 5493 τῆς
2244 5423 2616 5494 Λὶμιμοντῑων
2663 5424 2933 5494 ἐπαρχίας
2991 5426 3225 5480 concilio
3273 5427 3372 5493 Cp.
3422 5426 3582 5479 tertio
3637 5440 3692 5494 p.

2111 5509 2214 5562 507
2268 5506 2534 5560 interfuit.

2185 5590 2319 5646 Ibid.
2354 5589 2615 5657 Τζοῒὸης.
2650 5587 3046 5645 Constantinus
3074 5589 3318 5653 τζὸἳδος,
3358 5590 3450 5645 ubi
3489 5589 3690 5646 Marcio

2119 5677 2223 5743 lus,
2278 5673 2583 5729 lnaudt‘lum
2614 5689 2630 5728 .'
2663 5672 2914 5735 numquid
2971 5671 3259 5728 Tzut'ulum
3316 5676 3392 5731 ecl
3429 5674 3692 5730 Zurulu-n
