3980 6210
299 276 435 342 1031

301 393 584 448 Thraritr?
633 393 762 448 Male
802 410 817 446 :
851 409 971 448 nam
1014 394 1273 447 Zttrulum
1309 392 1605 461 provincia:
1642 390 1870 456 Europa:

302 480 422 543 luit,
461 476 714 533 lIeraclea
744 495 848 533 non
880 478 1034 548 longe
1064 486 1398 545 separatum,
1427 476 1492 529 de
1515 490 1622 545 quo
1653 474 1870 525 abunde

297 564 361 613 al
410 562 539 614 Aut.
574 571 627 616 et
660 561 870 616 Hieros.
901 561 1207 615 Itineraria.
1245 556 1476 611 Tzoides
1520 556 1714 610 mutari
1763 571 1869 608 non

298 643 456 698 debet
491 657 505 695 :
536 652 617 697 est
649 647 701 698 in
727 644 829 698 alia
861 641 1059 697 Notitia
1094 641 1207 695 Jac.
1238 641 1396 693 Goari
1446 655 1498 707 p.
1530 637 1633 692 578
1657 641 1683 691 ὁ
1714 638 1871 700 Τζοῖ-

298 723 404 776 δῶν
467 726 789 797 episcopus;
838 729 1002 783 habet
1034 736 1297 796 prmterea
1350 723 1653 791 Procopius
1708 721 1869 775 Fabr.

294 806 492 862 Justin.
525 825 598 871 νι,
637 812 721 872 11,
770 812 1052 865 castellum
1086 809 1378 873 Τζυείδων.

366 891 480 947 Col.
510 894 623 947 Ml.
651 895 1197 961 Μαρκιανούπολίς.
1228 892 1524 946 Provincizn
1549 889 1750 946 himsim
1782 904 1872 945 se-

298 978 486 1031 cundm
508 978 618 1032 haec
638 979 949 1047 metropolis
969 978 1067 1033 l‘nit
1092 990 1145 1031 et
1164 976 1410 1047 praesidis
1444 978 1620 1029 sedes.
1647 974 1783 1028 Hinc
1815 975 1869 1027 in

300 1062 484 1116 Severi
523 1062 810 1115 Alexandri
862 1077 1027 1115 numo
1066 1062 1176 1114 ΗΓ.
1212 1063 1287 1114 Μ.
1340 1056 1872 1112 ΤΕΡΕΒΕΝΤΙΝΟΥ

297 1143 1009 1198 ΜΛΡΚΙΑΝΟΠΟΛΕΙΤΩΝ
1039 1145 1075 1197 i.
1111 1159 1161 1198 e.
1190 1144 1457 1214 ἡγεμόνος
1497 1141 1727 1210 Μάρκου
1767 1139 1872 1191 Τε-

301 1228 630 1292 ρεὸεντίνου,
686 1231 917 1299 praeside
977 1228 1160 1282 Marco
1220 1228 1603 1282 Terebeutino.
1658 1223 1873 1292 Bulgari

302 1309 540 1365 Preslaw
572 1312 925 1381 Πρισθλάϐαν
978 1313 1260 1377 vocarunt,
1292 1313 1509 1380 egregie
1550 1310 1873 1378 descriptam

301 1394 368 1446 ab
397 1395 551 1448 Anna
582 1395 829 1450 Alexiad.
885 1395 938 1458 7,
975 1411 1027 1464 p.
1071 1397 1207 1457 I91;
1240 1411 1361 1466 qum
1394 1406 1573 1449 tamen
1627 1410 1745 1447 cum
1782 1411 1874 1462 με·

300 1478 476 1545 γάλην
520 1478 673 1531 πόλιν
710 1494 836 1533 vero
874 1480 1001 1533 olim
1058 1480 1279 1533 nomine
1338 1478 1503 1531 fuisse
1559 1477 1871 1539 arbitratur,

302 1576 331 1611 a
373 1570 518 1615 recto
577 1562 795 1615 tramite
850 1562 1098 1617 recessit.
1147 1562 1302 1618 Adde
1365 1560 1608 1617 Nicetam
1675 1560 1869 1613 Annal.

299 1642 434 1698 Isac.
467 1644 518 1708 I,
560 1662 609 1712 p.
654 1645 775 1698 185.

370 1729 507 1783 Ibid.
566 1730 898 1794 Ὀδυσσος.
963 1727 1077 1784 Imo
1133 1729 1400 1798 Ὀδησσος
1466 1727 1633 1801 [cum
1684 1727 1874 1782 codice

298 1809 501 1881 Leid.].
530 1810 681 1865 Facit
721 1821 897 1865 tamen
929 1827 1049 1865 cum
1110 1822 1300 1867 nostro
1342 1810 1645 1879 Procopius
1695 1809 1863 1863 (Edil'.

297 1890 494 1947 Justin.
521 1911 599 1958 vr,
632 1895 717 1956 II,
748 1904 802 1948 et
834 1893 1194 1963 TbeOpbanes
1224 1892 1492 1963 Cborogr.
1528 1908 1581 1961 p.
1626 1892 1750 1955 I90,
1782 1891 1871 1960 qui

299 1978 590 2045 cmteroqui
636 1976 1019 2030 Ὀδυσσόπολιν
1065 1977 1337 2047 appellare
1380 1977 1684 2038 consuevit,
1725 1986 1782 2029 ut
1818 1990 1872 2044 p.

301 2060 425 2123 137,
466 2068 519 2113 et
552 2060 782 2114 Varuam
822 2060 899 2113 illi
940 2061 1174 2113 vicinam
1214 2061 1288 2114 ait
1325 2074 1378 2128 p.
1407 2059 1535 2115 298.

370 2142 495 2196 Ibid.
527 2145 915 2211 Δοροστόλος.
944 2140 1321 2197 Theodoretus
1366 2143 1417 2195 in
1445 2141 1677 2196 Thracia
1708 2141 1874 2202 locat,

296 2245 397 2281 nsn
430 2228 580 2282 vocis
623 2228 813 2282 latiore
849 2245 862 2282 :
908 2228 997 2281 Ἐν
1028 2228 1358 2299 Δοροστόλῳ,
1403 2228 1595 2295 inquit,
1636 2229 1789 2290 πόλις
1818 2227 1875 2280 δὲ

295 2312 434 2381 αὕτη
468 2311 568 2379 τῆς
596 2311 817 2380 Θρᾴκης
844 2308 1135 2379 ἐπίσημος.
1163 2308 1286 2364 Vid.
1321 2310 1432 2365 Jos.
1460 2309 1788 2380 Scaligerum
1819 2311 1876 2363 in

300 2393 491 2449 Euseb.
529 2410 586 2447 n.
623 2391 1146 2456 MMCCCLXXVIII.
1184 2404 1237 2448 et
1278 2393 1404 2448 Itin.
1437 2396 1563 2447 Ant.
1591 2410 1642 2463 p.
1676 2395 1802 2448 22:2.

366 2476 501 2531 Ibid.
547 2476 898 2542 Νικόπολις.
965 2474 1272 2531 Jornandes
1325 2476 1449 2533 Rer.
1507 2477 1622 2533 Gel.
1678 2494 1728 2533 c.
1763 2480 1873 2534 I8:

299 2557 580 2626 Nicopolin
607 2557 827 2623 accedit,
859 2574 976 2629 qua:
996 2557 1160 2625 juxta
1184 2557 1399 2611 Jatrum
1428 2560 1623 2626 ﬂunten
1648 2571 1723 2613 est
1749 2578 1876 2616 can-

293 2642 484 2695 s:ituta
522 2641 816 2706 notissima,
864 2641 1113 2710 quoniam
1155 2640 1373 2694 devictis
1414 2640 1680 2699 Sarmatis
1739 2645 1876 2700 Tra-

286 2725 453 2792 janus
485 2741 600 2777 eam
646 2724 951 2791 fabricavit,
1002 2737 1047 2777 et
1081 2724 1363 2790 appellavit
1402 2723 1648 2780 Victoria:
1676 2729 1876 2784 civita-

298 2816 426 2862 tem.
452 2808 527 2860 Ad
563 2806 781 2877 quano.
806 2806 1115 2861 Ilarduinus
1148 2809 1202 2860 in
1232 2805 1427 2862 Numis
1463 2810 1632 2880 antiq.
1666 2811 1871 2867 illustr.

301 2887 384 2945 E1:
411 2892 492 2945 Itis
525 2888 816 2945 Jornandis
871 2890 1038 2944 verbis
1082 2906 1184 2944 non
1239 2906 1342 2944 uno
1377 2891 1491 2945 loco
1548 2891 1591 2945 Τ
1593 2894 1876 2951 Itesaurum

295 2989 450 3027 suum
507 2972 744 3027 Ortelius
798 2971 955 3026 Jatro
987 2988 1141 3025 antae
1181 2970 1490 3040 locupletat,
1518 2990 1635 3027 cum
1675 2974 1878 3030 Istrum

297 3054 399 3126 legi
430 3064 670 3125 oportere
700 3069 848 3108 nemo
876 3054 1102 3121 inﬁtiari
1134 3056 1323 3121 possit,
1351 3054 1442 3121 qui
1474 3071 1659 3110 numos
1688 3068 1879 3111 veteres

297 3138 372 3191 rel
399 3139 567 3193 obiter
592 3138 799 3202 viderit,
832 3136 1133 3206 cujusmodi
1161 3148 1285 3191 sunt
1320 3138 1657 3193 NIKOIIOA.
1699 3142 1879 3197 HPOC

297 3221 429 3275 ICT.
461 3230 516 3275 et
550 3221 1033 3274 ΝΙΚΟΠΟΛΙΤΩΝ
1084 3221 1195 3273 ΠΡ.
1238 3218 1461 3275 ΙΟΤΡΩ.
1505 3221 1674 3287 Quem
1706 3225 1749 3277 si
1781 3239 1879 3278 au-

298 3305 520 3369 diveris,
558 3303 743 3358 Jatrus
776 3313 895 3371 post
935 3302 1053 3357 haec
1103 3302 1284 3358 nullus
1346 3306 1471 3360 erit.
1517 3304 1715 3361 Verum
1748 3322 1880 3363 cave

299 3384 439 3441 faxis
491 3386 644 3441 :Tbv
698 3385 990 3456 λεγόμενον
1051 3384 1255 3457 Ἰατρὸν
1312 3388 1558 3457 ποταμόν
1614 3398 1881 3445 memorat

299 3468 734 3540 'I‘beopbylactus
766 3468 828 3522 II.
861 3469 930 3523 Μ.
963 3484 1060 3531 vn,
1093 3470 1179 3534 11,
1204 3486 1234 3523 e
1265 3484 1372 3536 quo
1402 3473 1730 3540 etoppositie
1759 3471 1876 3525 urbi

297 3550 431 3607 ιιιιί
468 3568 666 3606 nomen
700 3553 866 3618 venit,
896 3554 961 3607 de
1012 3569 1117 3622 qua
1149 3554 1216 3608 ad
1256 3555 1461 3610 Anton.
1499 3556 1623 3610 Itin.
1657 3572 1711 3626 p.
1747 3555 1874 3610 221.

300 3639 430 3691 Erat
464 3635 737 3705 Nicopolis
784 3637 847 3689 ad
896 3636 1228 3693 conﬂuentes
1270 3639 1393 3693 Istri
1423 3650 1477 3694 et
1511 3638 1669 3707 .Iatri,
1703 3649 1877 3695 recte-

298 3734 405 3789 que
440 3718 493 3773 in
523 3720 702 3771 numis
735 3717 901 3787 priori
934 3719 1257 3774 adstruitur.

370 3801 507 3858 Ibid.
538 3802 743 3859 Νοϐαί.
788 3800 935 3855 Binze
979 3812 1137 3856 erant
1191 3804 1243 3857 in
1300 3806 1402 3858 hac
1441 3805 1642 3859 vicinia
1698 3803 1874 3868 Novae,

296 3886 481 3941 alterm
524 3885 727 3952 Cuppis
770 3884 979 3947 vicinae,
1010 3899 1146 3951 quas
1181 3885 1281 3948 τὰς
1334 3886 1448 3940 ἄνω
1495 3887 1677 3950 Νοδὰς
1703 3886 1881 3943 Theo-

295 3970 582 4040 pbylactus
612 3965 678 4020 II.
713 3966 782 4022 Μ.
815 3981 912 4030 vn,
952 3967 983 4018 7
1010 3977 1202 4033 vocat;
1233 3967 1415 4022 altera:
1444 3970 1713 4039 App‘ariu?
1756 3985 1882 4038 pro-

295 4055 531 4122 priares,
562 4050 825 4105 Novensis
862 4048 1064 4104 Moesis:
1108 4050 1343 4106 civitatis
1392 4052 1627 4109 nomine.
1652 4051 1879 4108 Marcel-

298 4136 409 4189 Iino
441 4135 640 4189 Comlti
684 4140 842 4187 notas.
890 4134 961 4187 De
994 4133 1078 4187 his
1108 4133 1237 4198 Ant,
1274 4135 1327 4197 I,
1367 4150 1420 4203 p.
1455 4136 1582 4190 221.

368 4217 503 4272 Ibid.
543 4218 909 4283 Ἕϐραιττος.
942 4216 1164 4271 Rectius
1192 4216 1501 4287 ’Λΰριττος,
1530 4226 1586 4273 ιιι
1615 4219 1879 4289 Procopio

299 4297 405 4352 ﬁne
430 4300 465 4351 I.
494 4300 609 4353 Ade
635 4297 804 4353 zEdil‘.
840 4299 1058 4352 dicitur.
1090 4296 1353 4354 Jornandi
1386 4300 1656 4368 Abrittns,
1677 4301 1881 4356 Mnasias

298 4381 490 4435 civitas
534 4383 585 4434 in
628 4382 987 4437 Ambrosiano
1047 4400 1149 4439 ms.
1194 4395 1251 4455 ut
1296 4385 1536 4441 diximus
1586 4387 1742 4440 alias.
1774 4386 1878 4440 Fa-

299 4479 449 4519 mosa
485 4464 613 4519 urbs
636 4474 719 4519 est
744 4465 889 4519 Decii
924 4466 1273 4535 imperatoris
1307 4470 1473 4534 cmde,
1502 4470 1705 4538 passim
1740 4471 1880 4525 male

297 4549 519 4618 scripta,
550 4549 705 4604 sicuti
736 4551 1001 4619 exemplis
1030 4553 1254 4621 prolatis
1287 4554 1369 4608 III.
1416 4554 1660 4626 Scaliger
1683 4554 1735 4608 in
1770 4555 1879 4609 Eu-

298 4638 415 4687 seb.
448 4649 502 4687 ιι.
534 4632 909 4688 MMCCLXVII
942 4636 1221 4704 patefecit.
1259 4638 1372 4692 Sita
1412 4639 1512 4692 fuit
1545 4641 1685 4692 inter
1705 4639 1876 4694 Odes-

297 4729 451 4770 seum
485 4725 535 4769 et
578 4715 978 4782 Mesembriam,
1008 4720 1315 4789 diciturque
1347 4722 1400 4774 in
1442 4720 1622 4774 tabula
1655 4721 1877 4776 Peutin-

292 4813 546 4867 gerorum
603 4797 770 4855 Erite.
812 4801 1096 4857 Falluntur
1138 4805 1323 4875 itaque
1382 4806 1474 4875 qui
1518 4805 1747 4859 Decium
1801 4809 1872 4861 ad

294 4880 505 4936 Tanain
538 4883 785 4949 periisse,
816 4887 1269 4952 quemadmodum
1299 4887 1571 4954 Zusimus,
1602 4899 1693 4943 aut
1727 4900 1876 4946 trans

295 4964 619 5029 Danubium,
665 4968 741 5020 uti
777 4966 982 5033 Victor,
1024 4971 1329 5037 perhibent.

365 5046 501 5099 Ibid.
541 5047 832 5117 Ἐπαρχία
869 5052 1147 5117 Σκυθίας.
1177 5051 1299 5107 Ilaec
1329 5063 1601 5122 postrema
1639 5062 1722 5108 est
1745 5069 1878 5124 qua-

297 5137 418 5181 tuor
453 5129 704 5184 Thraciae
748 5133 1178 5201 provinciarum,
1223 5151 1344 5204 qua:
1385 5136 1710 5205 praesidibus
1744 5139 1873 5193 sub-

292 5221 470 5275 erant,
501 5221 556 5265 nt
593 5212 764 5267 Notit.
800 5215 929 5281 imp.
966 5215 1175 5271 Orient.
1213 5232 1264 5271 c.
1305 5219 1328 5271 I
1374 5220 1550 5273 docet.
1581 5220 1876 5275 Athanasio

291 5294 460 5346 variis
525 5293 659 5348 locis
696 5296 890 5350 Σισκὶα
929 5297 1130 5351 dicitur
1181 5299 1338 5369 Apol.
1396 5308 1584 5354 contra
1643 5302 1876 5357 Ariauos

291 5389 348 5440 ιι.
394 5375 493 5427 I23
543 5384 597 5428 et
642 5376 769 5431 155.
817 5388 871 5432 et
920 5379 1121 5434 llis-tor.
1160 5384 1351 5438 Ariau:
1414 5384 1481 5438 ad
1531 5383 1780 5440 Monach.
1812 5401 1866 5454 p.

293 5456 435 5539 560;
486 5458 687 5525 quibus
743 5476 867 5515 cum
931 5466 1239 5530 provincias
1296 5477 1585 5523 enumerat
1644 5486 1872 5539 quarum

293 5538 530 5608 episcopi
569 5553 663 5596 aut
687 5544 997 5601 Sardiceusi
1030 5552 1236 5615 synodo
1266 5551 1557 5605 adfuerunt
1580 5538 1673 5605 aut
1694 5570 1873 5609 causze

296 5638 411 5677 suae
471 5628 981 5694 patrocinabantur.
1026 5648 1130 5686 non
1187 5636 1426 5690 dubitem
1469 5637 1597 5706 qnitt
1639 5638 1871 5690 Σκυθίαν

298 5706 531 5764 voluerit
578 5728 591 5767 :
622 5726 798 5784 neque
837 5714 983 5770 enim
1021 5716 1192 5772 Siscia
1240 5715 1355 5786 ejus
1383 5728 1540 5777 aetate
1578 5722 1867 5791 provincia:

1156 264 1543 342 COMME-NT.
1589 280 1669 338 IN
1712 279 2127 341 IIIEROCLIS
2162 285 2705 353 SYNECDEMUM.

3416 300 3555 366 1082

1984 406 2179 447 nomen
2207 404 2345 463 erat,
2376 402 2468 452 sed
2516 401 2828 464 Paunonim,
2876 419 3039 473 quam
3088 408 3415 466 Athanasius
3450 415 3553 468 ibi—

1978 476 2098 561 dem
2160 478 2384 547 reliquis
2446 493 2702 537 accenset
2753 488 3084 555 provinciis,
3144 495 3427 561 oppidmn.
3492 497 3548 551 In

1977 555 2243 629 Procopio
2270 578 2458 619 errore
2497 568 2632 635 turpi
2670 584 2736 623 ex
2776 569 2994 640 Scythia
3041 555 3322 628 castellum
3366 582 3553 631 condi-

1977 640 2195 708 derunt,
2243 648 2553 717 pariterque
2606 665 2669 703 ex
2726 651 2914 723 Mysia,
2968 655 3071 710 line
3126 658 3158 710 l.
3217 659 3251 711 ιι
3285 661 3351 711 de
3386 661 3548 718 Fabr.

1977 737 2261 812 enumerat
2297 734 2547 803 egregius
2594 736 2825 802 scriptor
2868 740 3029 794 nrbes
3078 751 3131 794 et
3180 746 3400 797 castella
3436 762 3554 812 qua:

1975 805 2316 868 Justinianus
2359 827 2451 870 aut
2503 819 2890 874 instauraverit
2947 834 3039 875 aut
3090 825 3244 879 novis
3295 805 3552 888 operibus

1976 894 2290 961 exornarit;
2323 914 2553 968 cumque
2586 905 2649 956 de
2682 904 2891 974 Europa
2924 916 2975 960 et
3011 906 3269 976 Rhodope
3306 910 3551 971 dixissr-t,

1975 977 2140 1062 accipit
2174 976 2270 1046 μὲν
2322 984 2566 1051 ποταμὸν
2596 986 2824 1057 Ἴστρον,
2864 989 3104 1055 Μυσίας,
3156 992 3444 1062 Ἐρκουλέν
3470 1009 3549 1056 τε,

1975 1058 2280 1143 additisque
2310 1065 2525 1133 triginta
2558 1066 2677 1121 aliis
2705 1073 2876 1137 pergit
2901 1073 3135 1137 Σκυθὶας
3166 1058 3366 1143 Γραφώ
3390 1093 3443 1127 κ.
3469 1076 3498 1125 λ
3530 1114 3546 1138 ,

1977 1140 2102 1194 hinc
2144 1141 2359 1212 Mysiam
2386 1148 2573 1201 urbem
2601 1160 2654 1201 et
2684 1150 2961 1219 Scythiam
2990 1154 3186 1216 fecere.
3212 1140 3339 1209 cum
3374 1168 3550 1210 tamen

1976 1222 2122 1310 aliud
2156 1229 2285 1281 nihil
2319 1230 2443 1282 velit
2480 1245 2642 1298 quam
2684 1232 2863 1301 Mysiae
2895 1237 2959 1287 ad
3003 1237 3199 1292 Istrum
3240 1252 3288 1292 et
3321 1238 3554 1310 Scythiae

1978 1309 2043 1362 ad
2089 1311 2317 1364 eundem
2354 1328 2447 1367 eas
2492 1327 2615 1368 esse
2649 1316 2813 1369 urbes
2861 1325 2916 1369 et
2948 1319 3191 1370 castella.

2051 1412 2181 1468 Ibid.
2227 1415 2417 1483 Τόμις.
2463 1416 2698 1486 Scythiae
2732 1428 2846 1472 erat
2887 1420 3219 1489 metmpolis,
3250 1421 3406 1489 cujus
3432 1424 3548 1490 epi-

1979 1499 2126 1565 scopi
2148 1513 2292 1552 curaa
2322 1513 2513 1554 omnes
2539 1501 2832 1568 provincia:
2856 1502 3019 1556 urbes
3044 1512 3201 1556 erant
3224 1504 3552 1567 commissa;

1978 1597 2137 1648 quatn
2182 1584 2233 1635 itt
2262 1596 2373 1635 rem
2407 1582 2623 1649 egregia
2668 1592 2796 1636 sunt
2833 1581 3124 1637 Sozomeni
3176 1585 3245 1638 Il.
3280 1583 3344 1637 Ε.
3378 1602 3452 1649 γι,
3483 1586 3546 1637 2|

1979 1664 2174 1729 Verba;
2202 1679 2322 1733 qua:
2357 1665 2498 1733 quod
2542 1663 2947 1733 Prolegomenis
2982 1669 3089 1720 sint
3125 1668 3327 1720 intexta
3353 1709 3365 1731 ,
3417 1684 3556 1737 prai—

1981 1757 2150 1800 tereo.
2182 1747 2237 1800 Id
2269 1746 2429 1811 addo,
2457 1747 2544 1801 Jo.
2596 1748 2986 1802 Damascenum
3048 1745 3309 1802 Parallel.
3364 1766 3417 1818 p.
3451 1751 3546 1802 78l

1978 1845 2045 1883 ex
2076 1828 2361 1883 Theotimo
2384 1830 2484 1898 τῆς
2517 1831 2903 1893 Σκυθοπόλεως
2931 1832 3187 1900 episc0p0
3220 1832 3377 1884 verba
3407 1848 3555 1899 quae-

1979 1915 2100 1968 dam
2144 1915 2517 1982 excerpsisse;
2581 1916 2671 1985 qui
2708 1932 2831 1968 eum
2872 1916 3193 1970 Tomitanus
3223 1916 3386 1968 fuerit
3422 1924 3556 1969 trste

1980 1998 2282 2052 Sozomeno
2309 1996 2380 2050 Η.
2407 1997 2580 2060 E.vtt,
2599 1999 2691 2059 25,
2716 1999 2971 2053 maluisse
2996 1998 3156 2052 Micb.
3179 1998 3250 2051 Le
3264 1998 3435 2063 Quien
3458 1997 3556 2065 τῆς

1977 2083 2231 2145 Σκυθίας.
2269 2082 2545 2137 Potuisset
2595 2084 2804 2138 minore
2849 2084 3125 2138 molimine
3183 2082 3283 2151 τῆς
3332 2080 3557 2134 Σκυθῶν

1979 2167 2207 2227 πόλεως.

2050 2250 2184 2303 Ibid.
2227 2249 2684 2315 Διονυσόπολις.
2747 2248 2825 2304 Ita
2858 2259 2912 2303 et
2961 2259 3107 2304 recte
3142 2250 3555 2312 Constantinus,

1981 2333 2015 2387 I.
2069 2349 2106 2386 ιι
2156 2332 2334 2385 ΤΙιεηι.
2375 2333 2425 2386 1.
2470 2332 2828 2401 Theophanes
2860 2332 3162 2403 Cbronogr.
3207 2351 3261 2401 p.
3302 2333 3402 2388 191)
3440 2334 3560 2383 Διο-

1961 2406 2322 2478 ἤυσσόπολιν,
2370 2424 2427 2469 ιιι
2470 2415 2647 2468 editus
2682 2421 2737 2468 et
2768 2428 2869 2468 ms.
2912 2414 3309 2485 Synecdemus,
3341 2414 3555 2482 probat.

2051 2496 2186 2551 Ibid.
2231 2498 2453 2564 Ἄκραι.
2482 2497 2556 2550 1έο
2588 2496 2807 2551 nomine
2835 2497 3021 2550 urbem
3052 2497 3108 2550 in
3139 2497 3240 2550 hoc
3273 2504 3446 2550 tractu
3475 2510 3561 2548 re-

1978 2582 2156 2652 quiro.
2197 2580 2324 2633 Fuit
2352 2580 2570 2649 quidem
2600 2581 3035 2645 promontorium
3102 2579 3375 2643 Tiristris,
3414 2564 3560 2646 ἄκρα

1978 2664 2270 2737 Τιριστρῐα
2300 2662 2610 2726 Ptolemrco,
2664 2679 2786 2717 cum
2822 2662 3064 2732 ejusdem
3124 2662 3294 2715 ferme
3329 2661 3561 2718 nominis

1977 2748 2207 2818 oppido;
2244 2763 2343 2802 nec
2369 2747 2555 2801 dixero
2581 2755 2757 2800 tamen
2786 2746 2836 2800 id
2870 2744 3118 2813 intelligi.
3158 2744 3428 2812 ΑιιἋκρα
3458 2742 3561 2809 τῆς

1978 2832 2213 2895 Σκυθίας
2247 2832 2387 2900 apud
2414 2828 2792 2897 Stephanum?

2049 2914 2185 2969 Ibid.
2217 2914 2539 2977 Καλλατίς.
2572 2911 2686 2965 Iloe
2709 2926 2773 2963 ex
2808 2909 3168 2966 Constantino
3209 2918 3447 2978 pra-stat.
3485 2908 3560 2962 De

1982 3000 2116 3052 urbe
2141 3005 2195 3051 et
2220 2997 2342 3051 aliis
2378 2995 2537 3064 hujus
2571 3008 2682 3047 orae
2710 2994 2910 3048 Anton.
2949 2993 3070 3047 Itin.
3106 3010 3159 3063 p.
3199 2993 3326 3047 “2‘27.

2053 3082 2187 3135 Ibid.
2224 3082 2483 3147 Ἴστρος.
2545 3076 2654 3131 Jul.
2713 3076 3054 3144 Capitolinus
3115 3079 3169 3130 in
3220 3075 3459 3130 Maximo
3505 3084 3562 3129 et

1982 3164 2227 3228 Balbino,
2258 3179 2306 3217 c.
2348 3163 2425 3217 6:
2463 3159 2571 3216 Sub
2617 3161 2699 3214 his
2737 3170 3023 3229 pugnatum
3073 3178 3105 3212 a
3154 3159 3338 3226 Carpis
3377 3169 3560 3210 contra

1985 3247 2175 3303 Moesus
2205 3247 2330 3316 fuit.
2359 3256 2407 3301 et
2442 3243 2678 3315 Scythici
2711 3242 2831 3297 belli
2860 3244 3202 3311 principium,
3259 3251 3307 3295 et
3339 3241 3560 3294 Histria:

1981 3332 2248 3385 excidium
2276 3347 2335 3385 eo
2368 3338 2631 3395 tempore;
2663 3336 2718 3380 ut
2741 3337 2917 3379 autem
2973 3324 3241 3395 Dexippus
3269 3325 3416 3388 dicit,
3464 3323 3562 3375 lli-

1980 3415 2129 3468 stria:
2162 3414 2410 3466 civitatis.
2464 3410 2586 3464 Fuit
2621 3410 2738 3465 sine
2773 3408 2940 3464 dubio
2976 3408 3027 3462 iu
3068 3407 3306 3478 Dexippo
3343 3409 3559 3477 Ἴστρου

1982 3496 2231 3559 πόλεως,
2281 3494 2736 3564 quemadmodum
2788 3492 2839 3546 in
2899 3506 3000 3548 ms.
3050 3491 3325 3546 Ptolemaei
3362 3490 3560 3545 Coisli-

1983 3583 2174 3648 niano;
2211 3594 2372 3649 quam
2408 3578 2593 3633 urbem
2627 3577 2971 3645 Capitolinus
3005 3591 3127 3631 cum
3163 3590 3266 3629 non
3307 3575 3560 3628 recorda-

1983 3673 2153 3724 rctur,
2186 3663 2252 3715 de
2292 3661 2514 3724 IIistria,
2546 3660 2865 3727 longissimo
2895 3668 3162 3712 terrarum
3202 3658 3489 3711 intervallo
3528 3672 3559 3711 a

1983 3745 2168 3798 Mmsis
2195 3751 2248 3796 et
2278 3743 2491 3811 Carpis,
2530 3740 2649 3794 Istri
2677 3741 2861 3803 ﬂuvii,
2894 3750 2951 3791 ut
2981 3739 3250 3800 Zosimus,
3278 3755 3291 3790 I
3316 3777 3331 3800 ,
3368 3740 3430 3792 3|
3468 3743 3559 3791 do-

1984 3839 2089 3891 cet,
2121 3826 2343 3891 accolis,
2385 3834 2592 3878 remota
2618 3825 2863 3893 cogitare
2901 3823 3087 3891 coepit,
3112 3822 3561 3887 occasionemque

1984 3910 2189 3965 Ortelio
2222 3917 2382 3977 atque
2406 3907 2523 3961 aliis
2545 3948 2559 3973 ,
2594 3916 2650 3958 ut
2681 3905 2972 3959 IIistricam
3018 3906 3293 3960 civitatem
3320 3904 3387 3957 ab
3421 3902 3561 3959 Istro

1984 3993 2303 4047 distinctam
2337 3997 2727 4051 memorarem,
2763 3988 3017 4059 pra'buit.

2053 4099 2187 4153 Ibid.
2225 4096 2712 4151 Κωγσταντίανα.
2767 4095 2993 4150 Videtur
3036 4108 3160 4149 esse
3209 4093 3559 4150 CONSTAN-

1983 4182 2192 4236 'I‘IANA
2219 4178 2517 4244 DAPHNIS,
2536 4194 2700 4249 quam
2724 4194 2753 4234 e
2790 4194 2954 4233 uumo
2981 4178 3318 4232 Constantini
3344 4179 3560 4248 egregie

1985 4266 2275 4322 illustravit
2312 4264 2474 4317 Henr.
2504 4262 2685 4317 Vales.
2728 4263 2779 4316 iu
2812 4262 3081 4316 Ammian.
3104 4278 3274 4326 xxv",
3308 4263 3359 4315 5.
3386 4261 3555 4315 Obest

1984 4358 2165 4404 tamen
2198 4348 2489 4417 suspicioni
2521 4347 2818 4415 Pronpius
2854 4345 3014 4403 Fabr.
3048 4345 3244 4400 Justin.
3277 4360 3352 4407 tv,
3381 4344 3408 4395 7
3438 4358 3557 4396 eam

1983 4432 2036 4487 in
2072 4431 2258 4486 lllcnsia
2310 4431 2545 4484 secunda
2579 4429 2871 4482 collocans.
2907 4429 2986 4481 An
3015 4443 3142 4495 ergo
3175 4443 3238 4482 ex
3282 4426 3559 4495 snperiore

1983 4515 2034 4567 in
2066 4514 2203 4568 hanc
2246 4512 2585 4583 provinciam
2637 4511 2928 4580 migravit?
2957 4511 3351 4565 Constantinus
3387 4521 3555 4574 certe,

1982 4600 2020 4653 I.
2046 4615 2082 4653 tt
2112 4598 2292 4652 Tltem.
2315 4596 2366 4661 I,
2400 4596 2489 4649 ubi
2524 4593 2763 4662 reliquas
2788 4596 3084 4663 excerpsit,
3111 4595 3249 4648 hanc
3275 4593 3558 4664 praeteriit,

1984 4683 2051 4735 11
2084 4691 2287 4734 tantum
2326 4680 2511 4733 urbem
2557 4678 2851 4747 provincia
2916 4679 3174 4731 tribuens.
3229 4676 3426 4746 Utique
3465 4685 3560 4728 aut

1982 4763 2082 4816 hoc
2112 4772 2205 4815 aut
2247 4761 2410 4814 simili
2454 4761 2676 4813 nomine
2709 4760 2868 4812 aliam
2919 4760 2970 4812 in
3013 4760 3231 4827 Scythia
3269 4760 3437 4813 fuisse
3479 4757 3561 4811 di-

1981 4847 2209 4898 ccmlum
2237 4844 2378 4907 erit;
2408 4852 2629 4907 tmuque
2661 4840 2960 4906 Procopius
2992 4841 3195 4893 auxilio
3227 4850 3554 4901 arcessatur,

1981 4929 2034 4982 in
2068 4927 2289 4996 Scythia
2317 4924 2759 4980 Constantianam
2804 4922 2966 4977 Fabr.
2997 4921 3138 4978 Just.
3174 4924 3210 4977 I.
3238 4939 3313 4988 IV,
3368 4938 3418 4977 e.
3456 4922 3555 4977 ult.

1982 5025 2208 5079 ponens.

2051 5116 2187 5171 Ibid.
2241 5112 2543 5169 Σέλδαπα.
2578 5110 2692 5165 Iloc
2738 5112 3067 5182 recepimus,
3118 5113 3373 5180 quoniam
3426 5110 3577 5181 prog

1978 5207 2101 5278 pius
2128 5223 2156 5259 a
2189 5218 2317 5257 vero
2376 5203 2527 5257 abest
2549 5220 2561 5255 :
2584 5201 2838 5253 Σέιλδαπα
2866 5198 3324 5267 ProcopiO/Edif.
3345 5198 3551 5257 Justiti,

1981 5307 2054 5355 tv,
2110 5291 2196 5355 11,
2229 5286 2484 5340 Σαλπαδά
2539 5286 2592 5338 in
2646 5285 2899 5354 Excerpt.
2950 5282 3342 5352 Theopbylacti
3405 5284 3547 5350 apud

1981 5372 2274 5433 Labbeum,
2308 5385 2362 5439 p.
2398 5368 2521 5435 I78,
2579 5368 2674 5421 sed
2728 5367 2890 5431 male,
2944 5375 3005 5419 ut
3042 5379 3105 5418 ex
3147 5363 3289 5418 Hist.
3326 5363 3552 5420 Mauric.

1980 5471 2020 5521 ι,
2050 5455 2083 5509 8
2114 5468 2434 5523 cognosces.

2051 5551 2185 5606 Ibitl.
2219 5549 2524 5618 Τρόπαιος.
2582 5546 2739 5602 Frid.
2770 5547 3025 5603 Metellus
3059 5547 3125 5601 de
3146 5544 3345 5614 Topiro
3380 5545 3549 5598 Dolic-

1978 5650 2147 5704 roque
2177 5632 2468 5698 cogitavit,
2503 5646 2733 5699 quarum
2789 5642 3016 5700 utraque
3050 5632 3192 5684 citra
3230 5628 3388 5693 hujus
3422 5643 3546 5693 pro-

1982 5719 2172 5775 vinci:e
2204 5718 2338 5772 lines
2366 5714 2485 5770 fuit.
2511 5714 2688 5770 Credo
2716 5729 2744 5769 a
2786 5723 2985 5785 tropmo
3011 5715 3075 5771 de
3102 5714 3257 5771 victis
3294 5712 3541 5768 hostibus
