3980 6210
358 298 367 341 ἶ
473 297 610 366 1083

476 417 651 486 posito
681 414 782 471 loci
837 429 1030 470 nomen
1061 429 1181 470 esse
1209 432 1224 482 ;
1263 429 1571 483 quanquam
1599 428 1723 468 eum
1760 414 2044 479 hucusque

470 502 672 554 Irusua
702 500 950 568 quaesivi.
978 499 1051 553 De
1078 497 1320 567 Axiopoli
1353 499 1418 550 ad
1459 495 1583 550 Itin.
1620 497 1686 550 A.
1721 510 1776 564 p.
1809 492 1937 547 224.

539 583 660 641 Col.
693 583 813 637 141.
847 581 1175 637 Καπίδαϐα.
1209 580 1300 636 Sic
1330 589 1550 650 praestat
1579 596 1611 634 e
1648 595 1779 636 mss.
1819 587 1873 633 et
1904 577 2049 633 Con-

460 668 713 723 ‘stautino
742 668 812 723 ob
829 668 953 723 Itin.
977 668 1040 721 A.
1063 682 1411 723 consensum.
1439 665 1693 721 Morellus
1714 679 1837 719 cum
1856 662 2046 718 Comi-

459 754 607 825 -_dava
652 752 926 808 Ptolemaei
985 752 1115 807 Itin.
1146 769 1228 817 III,
1264 753 1297 808 8
1357 752 1544 806 eadem
1577 758 1784 814 censet,
1827 747 2047 804 Daciam

472 834 746 893 Ptolemaei
778 854 899 891 cum
933 836 1155 909 Scythia
1194 835 1503 891 confundit.

544 920 677 977 Ibid.
713 920 972 990 Κάρσος.
1024 922 1251 994 mpm;
1287 919 1427 975 male
1473 918 1881 974 Constantinus.
1924 914 2047 972 Vid.

476 1006 609 1060 ιιίη.
671 1004 736 1059 Α.
809 1021 861 1076 p.
911 1005 1019 1060 εει
1068 1016 1118 1060 et
1168 1020 1309 1075 seq.,
1365 1003 1453 1058 ubi
1502 1011 1556 1058 et
1605 1002 1685 1056 hae
1732 1001 1896 1057 urbes
1964 1014 2051 1055 re-

468 1099 787 1146 CCIISrEIIllII'.

547 1172 685 1228 Ibid.
743 1172 1047 1242 Ἀλμυρίς.
1106 1171 1228 1227 Vita
1292 1171 1350 1225 S.
1412 1168 1643 1238 Epicteti
1700 1176 1754 1222 et
1806 1166 2049 1221 Aslionis

472 1272 520 1311 c.
549 1256 582 1312 6
609 1275 625 1314 :
656 1256 722 1311 In
762 1255 1077 1326 Scytharum
1107 1254 1238 1320 ﬁnes
1273 1253 1498 1323 ingressi
1540 1252 1594 1304 in
1628 1251 2050 1320 Almyrideusem

473 1342 733 1394 civitatem
767 1341 1104 1393 devenerunt.
1155 1336 1213 1392 Si
1262 1336 1484 1393 Morello
1532 1336 1733 1398 credis,
1794 1349 1901 1388 non
1945 1333 2050 1386 alia

475 1421 747 1492 Ilalmyris
778 1430 862 1475 est
889 1435 953 1475 ac
989 1420 1389 1489 Salmydessus.
1429 1434 1604 1487 neque
1628 1419 1681 1471 in
1711 1416 1932 1471 dubium
1957 1430 2053 1469 vo-

472 1505 585 1559 cari
617 1519 774 1574 posse
807 1512 993 1572 putat;
1019 1511 1075 1556 et
1105 1512 1285 1557 tamen
1315 1501 1794 1563 falsissimumest.
1824 1499 2050 1570 Hahny-

474 1591 553 1644 ris
594 1589 648 1642 in
687 1587 872 1641 ultima
915 1586 1016 1640 fuit
1046 1576 1267 1657 Scythia
1312 1585 1581 1655 Procopio
1625 1584 1804 1654 Edif.
1842 1584 2047 1639 Justin.

473 1691 549 1737 Iv,
583 1675 613 1726 7
644 1680 889 1735 auctore,
932 1671 1178 1739 proxima
1227 1672 1365 1726 Istro
1408 1670 1608 1735 ﬂuvio;
1667 1669 2048 1741 Salmydessus

473 1770 604 1812 vero
631 1756 745 1811 sive
786 1753 1176 1826 Hahnydessus
1214 1755 1530 1810 vastissimo
1561 1765 1830 1808 terrarum
1873 1761 2045 1807 tractu

472 1838 597 1894 inde
647 1838 941 1893 dissociata
991 1847 1044 1893 et
1097 1837 1268 1895 Ponto
1326 1839 1379 1892 in
1426 1838 1609 1892 Astica
1667 1838 1886 1905 regione
1935 1838 2049 1892 sive

476 1921 733 2001 IthodOpe
757 1920 1037 1991 provincia
1067 1921 1337 1993 apposita.
1366 1919 1487 1975 Vid.
1521 1920 1737 1974 Arriani
1773 1917 2046 1989 Peliplum

471 2007 617 2060 circa
647 2006 835 2061 tinem.

541 2087 677 2143 Ibid.
708 2087 1000 2156 Ἔπαρχια
1015 2084 1368 2156 Ἰλλυρικοῦ.
1395 2082 1521 2139 Haec
1535 2092 1590 2138 et
1611 2091 1904 2153 sequentes
1925 2097 2052 2153 pro-

473 2170 664 2225 vinciae
686 2168 943 2239 praefecto
965 2167 1432 2240 prmtoriolllyrici
1461 2169 1721 2223 suberant
1746 2185 1759 2223 :
1780 2167 2051 2236 complec-

474 2254 839 2307 tebaturenim
856 2251 1127 2325 Illyricum
1141 2251 1402 2306 orientale
1413 2250 1781 2306 Macedoniam
1798 2252 2049 2320 primum,

472 2334 767 2390 secundam
796 2351 920 2405 qua:
949 2346 1003 2391 et
1035 2334 1313 2400 salutaris,
1360 2334 1720 2402 Thessaliam,
1768 2336 2049 2402 Achaiam,

477 2418 723 2483 Cretam,
760 2418 983 2491 Epirum
1019 2431 1257 2475 veterem
1285 2428 1341 2474 et
1378 2434 1598 2485 novam,
1622 2419 1841 2475 Daciam
1879 2421 2051 2474 medi-

476 2510 783 2557 terraneum
833 2511 890 2558 et
933 2503 1231 2570 ripensem,
1273 2500 1597 2555 Dardaniam
1644 2511 1698 2556 et
1748 2501 2050 2567 Praevalim,

472 2584 931 2651 quemadmodum
962 2582 1176 2639 Notiiia
1206 2584 1336 2651 imp.
1371 2582 1576 2639 On'eut.
1610 2599 1661 2639 c.
1709 2584 1735 2637 1
1777 2595 1829 2639 et
1851 2582 1923 2639 21
1961 2584 2053 2640 do-

471 2675 580 2722 cet.
601 2667 835 2724 Additur
862 2670 931 2723 ab
962 2666 1213 2723 Hierocle
1242 2667 1543 2731 Pannonia,
1563 2669 1705 2736 quod
1736 2680 1857 2721 eam
1881 2682 2052 2738 nuper

464 2749 833 2815 'luslittlanus,
858 2759 917 2806 ut
952 2755 1005 2806 in
1045 2750 1266 2806 Novella
1306 2750 1361 2804 11
1400 2761 1505 2817 est,
1534 2752 1890 2821 reciperarat.

541 2833 678 2891 Ibid.
721 2835 1166 2902 Θεσσαλονίκη.
1200 2831 1331 2888 Erat
1367 2832 1758 2891 Thessalonice
1782 2844 2054 2905 metropo-

473 2919 542 2975 lis
590 2929 647 2978 et
715 2929 879 2991 caput
928 2919 1333 2990 provinciarum
1379 2935 1499 2990 quae
1547 2922 1648 2976 sub
1698 2921 2053 2991 dispositione

473 3002 714 3073 praefecti
745 3004 1001 3075 pra-torio
1028 3003 1227 3076 Illyrici
1259 3013 1435 3059 erant.
1459 3003 1859 3070 'I‘heodoretus,
1882 3005 1951 3060 ll.
1980 3004 2048 3061 Ε.

472 3085 1060 3158 ν.17;Θεσσαλονικη
1107 3086 1260 3149 πόλις
1306 3088 1423 3141 ἐστὶ
1473 3088 1705 3159 μεγίστη
1759 3091 1855 3143 καὶ
1890 3087 2055 3144 reclu-

473 3170 784 3239 ἅνθρωπος,
824 3172 906 3235 εἰς
942 3170 1043 3241 μὲν
1101 3171 1165 3224 τὸ
1218 3172 1550 3226 Μακεδόνων
1599 3173 1753 3237 ἔθνος
1798 3174 2050 3241 τελοῦσα,

472 3252 757 3325 ήγουμινη
787 3253 843 3309 δὲ
873 3254 970 3308 καὶ
1009 3253 1307 3318 Θετταλίας
1354 3257 1449 3309 καὶ
1488 3255 1715 3325 ’Δχαῖας
1748 3257 1845 3311 καὶ
1872 3259 2053 3329 μέντοι

474 3337 573 3389 καὶ
609 3336 788 3392 ἄλλων
811 3337 1153 3408 παμπόλλων
1183 3336 1377 3402 ἐθνῶν,
1406 3339 1507 3392 ὅσα
1533 3339 1643 3392 τῶν
1658 3340 1931 3411 Ἰλλυρίων
1962 3341 2054 3394 τὸν

474 3418 724 3490 ὕπαρχον
766 3420 1068 3490 ἡγούμενον
1122 3419 1257 3489 ἔχει.
1296 3421 1428 3474 Vide
1461 3420 1625 3475 Henr.
1672 3421 1946 3477 Valesiunt
1986 3423 2054 3477 ad

471 3500 753 3555 Socratem
804 3500 878 3555 ll.
910 3500 979 3557 Ε.
1004 3518 1060 3566 v,
1096 3501 1186 3566 11,
1216 3511 1272 3556 et
1303 3500 1364 3557 P.
1396 3502 1466 3556 de
1500 3501 1681 3557 Marca
1731 3501 1958 3560 Dissert.
1990 3505 2055 3561 de

476 3582 763 3638 I'rimatib.
788 3583 881 3647 57,
906 3595 1014 3640 etc.

546 3680 685 3738 Ibid.
707 3682 1015 3752 Εὔρωπος.
1062 3684 1189 3741 Duae
1231 3695 1358 3740 snnt
1398 3686 1501 3743 hoc
1545 3687 1764 3744 nomine
1790 3687 1843 3742 iu
1879 3686 2057 3746 Mace-

473 3764 935 3837 donimcivitates,
961 3768 1131 3824 altera
1162 3768 1214 3823 in
1244 3771 1529 3840 Almopiis,
1563 3771 1732 3826 altera
1769 3771 1836 3826 ad
1860 3771 2054 3827 Axium

473 3844 696 3903 tI-nnen.
735 3846 975 3920 Utraque
1013 3865 1077 3906 ex
1112 3851 1407 3912 Ptolemwo
1452 3865 1507 3910 et
1554 3853 1729 3911 Plinio
1774 3855 2054 3912 notissima

474 3941 578 3987 est.
616 3930 736 3988 Mox
764 3932 885 3989 Δίον
916 3937 1257 4007 praestiterit,

549 4029 683 4087 lbid.
719 4033 991 4101 Βεῤῥοία.
1019 4032 1108 4089 Sic
1136 4034 1551 4103 Constantinus,
1582 4034 1674 4092 lib.
1708 4053 1748 4093 ιι
1780 4036 1960 4094 ΤΙιειιι.
1986 4039 2055 4107 2;

474 4129 584 4186 qua
615 4115 680 4171 de
713 4131 770 4170 re
799 4116 1003 4172 dictum
1034 4117 1170 4175 alias
1207 4128 1310 4174 est.

546 4208 682 4266 Ibid.
700 4211 989 4281 Ἐὀρδαῖα.
1023 4214 1136 4270 Iloc
1170 4224 1227 4271 ut
1258 4216 1443 4272 verius
1472 4216 1542 4272 ob
1567 4215 1875 4290 Polybium,
1919 4235 2054 4284 sm,

478 4293 548 4348 I9
608 4295 766 4366 elegi.
824 4294 994 4368 Vulgo
1055 4297 1302 4371 Ἕορδέα,
1364 4298 1727 4356 Constantino
1767 4300 2054 4374 Ἐορδαῖοι.

477 4374 738 4448 Hegionis
778 4390 861 4434 est
902 4378 1230 4437 Macedoniae
1281 4397 1501 4449 nomen,
1548 4398 1653 4439 non
1704 4385 1901 4442 urbis:
1933 4400 2057 4440 nam

473 4459 885 4519 Jo.Harduinus
914 4463 981 4518 ad
1016 4462 1178 4519 Plinii
1205 4464 1241 4520 Ι.
1272 4481 1349 4530 tv,
1375 4482 1427 4522 c.
1461 4467 1547 4533 ID,
1574 4464 1839 4521 Eordeam
1867 4468 2057 4524 urbem

474 4558 542 4598 ex
574 4543 727 4600 Livio
764 4558 1070 4604 memorans
1109 4564 1139 4603 a
1188 4563 1318 4605 vero
1357 4550 1656 4605 aberravit.
1718 4549 1857 4607 Vide
1895 4550 2060 4609 modo

478 4629 912 4694 praestantissimi
970 4631 1259 4701 scripturis
1308 4631 1345 4685 I.
1394 4648 1546 4696 xxxt,
1592 4647 1645 4688 c.
1683 4633 1753 4689 59
1794 4644 1845 4688 et
1879 4634 1969 4697 40,
2003 4644 2060 4691 et

477 4709 515 4763 I.
549 4723 681 4774 un,
725 4725 776 4768 c.
808 4712 901 4779 55,
923 4725 979 4768 et
1003 4715 1136 4769 nihil
1169 4714 1459 4774 dubitabis.
1505 4717 1723 4789 Ἐορδια
1754 4716 2057 4790 Thucydidi

478 4806 541 4860 ιι,
569 4792 662 4850 99.

481 4975 494 4990 .
551 4888 688 4948 Ibid.
725 4892 951 4990 Κξλλη.
973 4894 1154 4952 Placet
1176 4895 1282 4953 hoc
1306 4906 1504 4967 prmter
1536 4913 1669 4955 mss.
1699 4898 2061 4957 Constantino

481 4980 829 5047 imperatori;
881 4996 1055 5051 neque
1102 4998 1204 5051 ego
1241 4996 1341 5053 pro
1390 4984 1619 5053 rejiculo
1668 4986 1952 5044 habuerim
1992 4987 2063 5043 ob

479 5059 660 5118 Cellas
690 5062 825 5118 Itin.
865 5064 937 5119 ιι.
973 5064 1179 5135 p.606.

552 5154 689 5214 Ibid.
742 5160 1069 5232 Ἀλμωπια.
1098 5162 1243 5219 Bene
1284 5162 1358 5219 ita
1395 5165 1635 5220 correxit
1664 5163 1978 5222 Harduiuus
2007 5167 2060 5222 in

480 5238 643 5297 Plinii
673 5242 711 5298 I.
740 5259 815 5307 tv,
838 5258 887 5301 c.
916 5245 1002 5302 l0.
1035 5244 1294 5312 Regionis
1325 5262 1522 5304 nomen
1555 5257 1660 5315 est,
1686 5251 1841 5322 cujus
1873 5251 2062 5307 incolae

486 5325 786 5397 ’Δλμωπες
816 5326 1118 5400 Thucydidi
1152 5346 1211 5396 II,
1243 5332 1333 5390 99.

556 5423 692 5480 Ibid.
728 5425 1024 5496 Λάρισσα.
1064 5428 1327 5485 Exsulare
1384 5431 1526 5487 hanc
1575 5446 1643 5487 ex
1701 5432 2062 5494 Constantino

485 5503 524 5558 I.
552 5520 588 5560 ιι
624 5506 806 5565 Them.
848 5510 916 5575 2,
973 5515 1061 5568 ubi
1103 5511 1383 5570 Hierocles
1434 5515 1786 5580 esscribitur,
1856 5520 2066 5575 monuit

489 5585 551 5671 1..
586 5588 918 5651 llosteiuius.
966 5596 1126 5652 Forte
1173 5614 1279 5656 non
1315 5600 1495 5654 male:
1534 5616 1708 5671 neque
1741 5601 1883 5658 enim
1923 5615 2065 5661 tuter

1521 298 1900 360 ADDENDA.
1945 319 2012 331 -—
2055 294 2125 357 P.
2183 293 2697 356 WESSELINGII
2736 262 2737 265 γ

3603 294 3748 363 1084

2153 407 2293 465 haue
2327 409 2519 465 referri
2558 412 2774 481 possit:
2816 410 2919 468 nisi
2963 410 3009 468 si
3047 425 3113 468 ea
3157 408 3321 468 fuerit
3349 426 3514 483 quam
3552 412 3651 470 hic
3692 416 3744 470 iu

2151 490 2289 548 0:83
2329 495 2584 550 collocat.

2226 576 2363 632 Ibid.
2411 578 2673 634 Λάκκου.
2721 577 2837 635 Hoc
2879 578 3296 649 Constantinus,
3334 581 3557 637 Λαόκου
3608 598 3741 640 mss.

2151 657 2484 727 praeierunt:
2516 672 2695 717 utrum
2728 662 2912 719 verius
2958 664 3053 731 sit,
3102 679 3211 720 non
3265 674 3472 722 temere
3516 666 3739 722 dixero.

2152 741 2361 797 Tamen
2392 744 2588 815 ecquid
2627 745 2752 801 inde
2779 746 3025 820 exsculpi
3057 747 3228 818 possit
3267 762 3606 816 quaeramus.
3642 749 3742 804 In-

2154 824 2497 895 tclligendam
2544 843 2666 885 esse
2701 827 3016 887 Heracleam
3061 830 3385 900 Pelagoniae,
3444 831 3739 888 concilium

2153 905 2566 982 Constantinop.
2605 915 2904 969 secundum
2939 915 3179 972 ostendit
3210 932 3224 969 :
3252 914 3553 972 subscribit
3592 919 3737 972 enim

2155 992 2335 1051 collat.
2368 993 2428 1056 8,
2465 1010 2518 1065 p.
2553 994 2678 1061 528.
2715 996 2980 1069 Benignus
3031 997 3437 1054 Heracleotarum
3481 1000 3738 1063 ciuitatis,

2155 1092 2270 1143 qum
2293 1086 2369 1131 est
2408 1079 2594 1147 prima
2631 1079 2987 1147 Macedonica,
3027 1084 3334 1153 episcopus,
3374 1085 3545 1138 vicem
3579 1101 3737 1153 agens

2157 1155 2294 1213 Elia:
2329 1162 2718 1233 archiepiscopi
2748 1162 3297 1220 Tliessalonicensium
3330 1167 3601 1231 civitatis;
3648 1168 3737 1236 qui

2154 1241 2348 1297 Collat.
2378 1243 2690 1316 lBeniguus
2716 1245 2993 1303 Heracleae
3014 1248 3318 1321 Pelagoniae
3348 1250 3566 1306 dicitur.
3588 1250 3737 1305 Nihil

2157 1324 2415 1381 Heraclea
2448 1327 2567 1383 haec
2590 1330 2861 1400 discrepat
2890 1331 2958 1387 ab
2986 1332 3074 1387 illa
3104 1346 3269 1402 quam
3284 1331 3630 1400 Ptolemaeus,
3653 1349 3734 1398 ιιι,

2154 1409 2224 1463 15
2257 1409 2310 1465 in
2341 1409 2667 1483 Lyncestide
2697 1414 2872 1483 ponit,
2929 1416 3036 1471 sita
3083 1415 3284 1488 quippe
3340 1418 3398 1471 in
3448 1417 3735 1484 utriusque

2156 1494 2391 1567 regionis
2424 1495 2656 1562 ﬁnibus;
2694 1513 2813 1567 quae
2838 1514 2998 1555 causa
3057 1510 3142 1555 est
3182 1514 3281 1555 cur
3307 1499 3580 1569 Norisius,
3623 1500 3737 1555 Dis-

2154 1587 2282 1633 sert.
2337 1581 2400 1633 de
2441 1579 2658 1649 Synado
2696 1579 2762 1644 ν,
2791 1593 2847 1636 et
2888 1598 2991 1650 ego
3035 1582 3198 1637 nimis
3247 1581 3322 1637 illi
3371 1583 3631 1638 credulus
3668 1583 3733 1637 ad

2155 1666 2283 1717 Ant.
2322 1661 2444 1719 Itin.
2480 1680 2537 1734 p.
2561 1666 2686 1729 519,
2711 1682 2778 1723 ex
2806 1666 2956 1722 Actis
2986 1667 3200 1722 concilii
3224 1666 3560 1722 Chalcedon.
3589 1681 3643 1735 p.
3665 1667 3732 1721 93

2158 1745 2466 1817 Dionysium
2514 1749 2829 1821 episcopum
2874 1748 3151 1805 Heracleae
3183 1748 3570 1819 Lyncestidum
3610 1749 3733 1803 huic

2154 1828 2279 1883 urbi
2332 1830 2674 1899 imposuerit,
2725 1833 2780 1888 in
2811 1848 2934 1887 eum
2983 1847 3226 1890 errorem
3276 1832 3473 1889 Latina
3522 1832 3731 1888 consilii

2155 1915 2404 1970 wrsione
2437 1915 2735 1986 impulsus;
2771 1931 2944 1987 neque
2985 1917 3129 1973 enim
3174 1918 3222 1974 is
3258 1916 3532 1975 Heracleae
3565 1916 3732 1972 Haec.

2156 1995 2332 2053 dnnim
2360 1998 2574 2069 primm,
2607 1999 2692 2055 cui
2723 1998 3187 2058 Chalcedonensis
3217 2002 3426 2057 concilii
3484 2011 3729 2069 tempore

2155 2078 2449 2145 Quintilius
2498 2093 2727 2153 praeerat
2787 2098 2853 2139 ex
2911 2084 3064 2142 Actis
3128 2085 3481 2149 notissimus,
3534 2085 3728 2153 prasul

2156 2164 2277 2228 iuit.
2314 2167 2407 2222 sed
2437 2167 2706 2224 Heraclea:
2729 2167 2903 2224 Latini
2940 2171 2991 2224 in
3021 2169 3203 2232 Caria,
3231 2179 3287 2224 ut
3307 2169 3494 2224 Graeca
3524 2168 3655 2222 inibi
3678 2177 3727 2223 et

2157 2267 2211 2320 p.
2255 2249 2360 2305 667
2393 2251 2658 2308 indicant.
2703 2250 2824 2307 Jam
2861 2268 2983 2307 cum
3016 2250 3271 2307 Heraclea
3307 2256 3423 2308 hznc
3453 2252 3723 2307 AYNKII-

2157 2334 2397 2387 ΣΤΙΔΟΣ
2428 2337 2703 2391 diceretur
2725 2347 2780 2390 et
2816 2334 3102 2406 Pelagonia
3155 2335 3307 2408 regio
3365 2336 3435 2390 ab
3488 2334 3725 2390 Hiarocle

2157 2417 2486 2474 Macedoniae
2523 2417 2776 2474 secunda:
2815 2419 3195 2475 contribuatur
3218 2459 3234 2484 ,
3289 2419 3521 2475 fortasse
3562 2419 3725 2474 ΛΑΚ-

2156 2502 2302 2555 ΚΟΥ
2343 2502 2562 2557 titulum
2589 2501 2714 2556 inde
2737 2500 2946 2556 librarii
2970 2540 2987 2568 ,
3018 2516 3141 2557 cum
3186 2503 3239 2559 in
3272 2502 3472 2559 mendo
3498 2503 3726 2558 vocabu-

2156 2586 2266 2638 lum
2302 2593 2467 2652 esset,
2500 2586 2660 2641 nobis
2697 2584 3056 2655 reliquerunt,
3094 2594 3150 2640 ut
3182 2585 3350 2641 multa
3380 2586 3510 2643 alia.

2227 2668 2363 2725 Ibid.
2411 2670 2721 2740 Ἆγτιιτνία
2748 2669 3070 2739 reple-60v.
3098 2669 3516 2733 Constantinus.
3546 2670 3723 2726 Ἀνταο

2156 2752 2265 2817 νεα,
2296 2753 2588 2825 Γέμινδος³
2629 2752 2827 2823 quibus
2861 2768 2960 2824 ego
2997 2753 3309 2810 nominibus
3332 2752 3388 2808 in
3425 2752 3722 2809 Hacedonia

2159 2836 2324 2891 urbes
2354 2836 2552 2905 legisse
2580 2850 2688 2891 non
2718 2837 2992 2891 recordor.
3013 2833 3319 2891 Videndum
3348 2845 3433 2893 est
3464 2852 3533 2891 an
3565 2838 3725 2891 ’Av-n-

2157 2918 2346 2987 γόνεια
2384 2919 2719 2988 Μυγδονξας,
2762 2919 2834 2974 de
2864 2933 2970 2989 qua
3019 2918 3230 2974 Plinius
3257 2917 3583 2977 Ptolemaeus
3613 2921 3726 2976 Ste-

2158 3005 2370 3076 phanus
2408 3012 2574 3072 atque
2596 3003 2710 3069 alii,
2739 3002 2865 3060 huic
2890 3003 3160 3073 originem
3190 3002 3425 3059 dederit.

2228 3087 2361 3144 Ibid.
2394 3086 2670 3156 Νικέδης.
2694 3085 2936 3142 Nicetam
2962 3085 3209 3145 Thracia:
3237 3087 3428 3144 urbem
3456 3103 3522 3142 ex
3544 3087 3580 3143 l.
3610 3104 3731 3145 utr

2157 3170 2302 3227 Hist.
2330 3171 2555 3228 Miscell.
2581 3171 2716 3230 Abr.
2733 3170 2971 3228 Ortelius
2992 3169 3277 3227 Thesauro
3304 3173 3569 3231 inseruit:
3591 3190 3729 3239 eam,

2158 3259 2204 3314 si
2231 3258 2386 3314 bona:
2416 3258 2541 3316 fidei
2567 3266 2733 3322 esset,
2783 3258 2891 3314 huc
2937 3271 3303 3313 arcesserem.
3337 3257 3516 3315 Verba
3568 3269 3728 3316 sunt:

2161 3340 2307 3395 Tunc
2346 3342 2665 3396 Anchialum
2708 3349 2759 3396 et
2801 3343 3005 3396 Beroen
3067 3343 3385 3397 dimittenm
3439 3340 3732 3398 Christiani

2158 3426 2433 3497 fugerunt,
2459 3428 2663 3482 nemine
2684 3435 3044 3497 persequente,
3068 3425 3118 3479 Ν
3125 3425 3409 3497 icelamque
3437 3434 3487 3478 et
3514 3426 3734 3481 Brobati

2158 3518 2391 3564 castrum
2413 3520 2460 3565 et
2487 3511 2599 3564 alia
2629 3511 2870 3581 quadam
2904 3508 3181 3579 prwsidia.
3202 3508 3316 3575 Quo
3345 3506 3521 3564 minus
3550 3516 3737 3565 tamen

2157 3591 2448 3647 Anasmsio
2478 3592 2660 3661 ﬁdam,
2691 3591 3071 3664 Theophanes,
3091 3605 3253 3664 quem
3277 3591 3594 3662 exscripsit.
3616 3591 3737 3646 facit

2159 3673 2560 3746 Chronograph.
2609 3691 2664 3746 p.
2698 3676 2804 3733 120
2832 3690 2848 3732 :
2880 3676 3014 3730 Τότε
3056 3677 3155 3729 καὶ
3196 3675 3485 3745 Ἀγχίαλον
3518 3676 3614 3728 καὶ
3642 3675 3734 3728 Bs-

2161 3755 2315 3835 ροεην
2338 3757 2569 3829 ἀφέντες
2589 3760 2910 3830 Χριστιανοὶ
2930 3758 3154 3827 ἔφυγον,
3177 3758 3403 3830 μηδενὸς
3429 3756 3733 3822 διώκοντος,

2159 3841 2397 3897 Νίκαιάν
2425 3860 2486 3897 τε
2517 3844 2612 3897 καὶ
2638 3841 2734 3897 τοῦ
2759 3842 3043 3915 Προϐἀτου
3067 3844 3304 3915 κάστρον
3330 3845 3424 3897 καὶ
3455 3842 3592 3897 ἄλλα
3620 3859 3734 3896 τινα

2161 3924 2515 3999 ὀχυρώματα.
2548 3926 2704 3985 Unde
2731 3926 2965 3981 Nicmam
2992 3967 3008 3994 ,
3041 3925 3292 3983 Thraciae
3328 3925 3585 3997 episcopo
3611 3926 3734 3981 sub.

2159 4011 2356 4079 ditam,
2414 4020 2476 4067 ut
2524 4010 2818 4068 concilium
2866 4010 3142 4067 Nicetium
3202 4008 3503 4067 secundum
3553 4026 3607 4081 ι).
3636 4010 3739 4065 590

2160 4102 2429 4150 monstrat
2450 4133 2466 4160 ,
2498 4095 2685 4152 urbem
2707 4133 2724 4160 ,
2758 4104 2975 4151 vertere
3002 4094 3189 4150 debuit
3225 4103 3280 4149 et
3304 4092 3543 4151 fortasse
3575 4095 3739 4149 etiam

2160 4177 2405 4249 scripsit.
2435 4179 2576 4236 Sunt
2612 4180 2757 4235 enim
2800 4177 2859 4233 in
2917 4177 3146 4234 historia
3200 4191 3265 4232 ea
3319 4177 3535 4233 urbium
3599 4178 3737 4232 tituli

2162 4264 2366 4335 passim
2391 4263 2826 4334 corruptissimi,
2856 4262 2962 4318 levi
2982 4277 3185 4335 opera,
3217 4261 3264 4318 si
3293 4259 3662 4334 Theophanes
3690 4263 3737 4317 in

2160 4346 2454 4403 consilium
2511 4347 2785 4412 mittatur,
2834 4344 3158 4417 reiingendi,
3221 4353 3277 4400 et
3322 4359 3468 4416 sape
3504 4345 3743 4400 maxime

2163 4427 2322 4499 hujus
2350 4430 2656 4495 commodo,
2679 4431 2827 4486 velut
2853 4444 2978 4485 cum
3003 4428 3201 4484 ibidem
3217 4436 3483 4484 memorat
3508 4445 3525 4483 :
3557 4426 3741 4498 Ἐξῆλ-

2163 4512 2256 4567 θεν
2301 4511 2526 4585 Μιχαὴλ
2573 4514 2715 4569 κατά
2769 4513 3097 4584 Βουλγάρων
3129 4510 3559 4581 συνεξελθούσης
3595 4510 3745 4582 αὑτῷ

2162 4596 2258 4650 καὶ
2302 4595 2617 4666 Προκοπιας
2646 4594 2752 4662 ἕως
2783 4597 3061 4662 Τζουλοῦο
3116 4596 3207 4653 ubi
3256 4593 3625 4668 Τζουρουλοῦ,
3681 4593 3747 4649 de

2164 4693 2271 4748 quo
2299 4676 2427 4734 Aut.
2463 4679 2592 4735 Itin.
2626 4694 2680 4750 p.
2714 4681 2841 4747 159,
2874 4680 3044 4737 fuisse
3078 4680 3412 4737 Anastasius
3433 4677 3745 4743 testabitur,

2166 4771 2437 4818 vertens:
2482 4761 2740 4834 Egressus
2785 4774 2859 4818 est
2931 4765 3220 4834 imperator
3275 4761 3504 4817 Michael
3561 4770 3747 4816 contra

2167 4843 2427 4917 Bulgares
2453 4856 2504 4902 et
2538 4863 2655 4901 cum
2683 4863 2743 4901 eo
2768 4846 2930 4901 sintut
2961 4845 3224 4915 Procopio
3259 4862 3421 4915 usque
3468 4842 3746 4900 Ζετιιιιιιιι.

2165 4930 2342 5001 Atque
2398 4933 2498 4986 hoc
2534 4930 2732 4985 obiter.
2794 4928 3052 4986 Nicedem
3111 4929 3346 4985 inveniri
3416 4944 3607 4999 posse,
3648 4926 3750 4983 nisi

2166 5030 2324 5084 opem
2370 5013 2625 5070 meliores
2660 5027 2824 5069 manu
2867 5013 3080 5070 exarati
3134 5011 3352 5071 codices
3395 5012 3618 5080 terant,
3661 5012 3750 5066 de-

2165 5112 2346 5169 spero.

2237 5180 2372 5237 Ibid.
2407 5181 2704 5251 Διόόορος.
2762 5179 2955 5236 Verum
3006 5193 3130 5237 esse
3176 5178 3422 5252 Δόϐηρος
3476 5179 3532 5235 in
3594 5176 3757 5234 Plinii

2166 5266 2203 5321 I.
2257 5280 2348 5331 tv,
2400 5280 2449 5320 c.
2491 5264 2559 5321 10
2616 5264 2928 5322 Ilarduinus
2982 5264 3219 5320 monuit.
3273 5265 3404 5333 Ejus
3463 5264 3757 5333 episcOpus

2165 5350 2594 5408 Chalcrdoneusi
2628 5352 2836 5421 synodo
2868 5349 3044 5405 adfuit
3065 5390 3081 5415 ,
3114 5363 3511 5421 perperamque
3548 5363 3606 5418 p.
3653 5345 3753 5402 Sl’t

2168 5435 2468 5497 ἐπίσκοπος
2505 5432 2783 5505 Δουὸήρου
2826 5432 3167 5509 Μακεδονίας
3192 5433 3423 5505 πρώτης
3467 5444 3757 5501 nuncupa-

2168 5532 2276 5585 tur,
2314 5535 2368 5589 p.
2407 5519 2530 5574 671.

2240 5604 2374 5661 Ibid.
2433 5602 2725 5673 Ἰδομένη.
2784 5603 2901 5659 Νοιι
2959 5606 3122 5663 aliter
3181 5605 3474 5661 Ptolemreo
3524 5600 3754 5657 dicitur.

489 5669 757 5763 Earissas,
787 5694 922 5747 quas
944 5680 1266 5738 scholiastcs
1285 5684 1551 5752 Apollonii
1585 5669 1806 5754 Rhodii,
1839 5688 1986 5754 1,40,
2011 5699 2067 5745 ct
2169 5689 2470 5762 Thucydidi
2504 5669 2563 5756 n,
2599 5669 2699 5745 I00
2734 5690 3000 5763 Εἰδομένη
3026 5732 3042 5756 ,
3088 5705 3119 5746 c
3171 5706 3280 5760 quo
3318 5689 3523 5760 pariter
3569 5682 3762 5763 videas

492 5756 797 5826 Stephanus
835 5778 1173 5835 enumerant,
1207 5769 1313 5825 ulla
1347 5782 1428 5828 est
1459 5788 1576 5843 quae
1603 5772 1668 5831 ad
1691 5772 2060 5834 Macedoniam

2174 5776 2392 5833 Debere
2435 5772 2580 5831 haud
2618 5772 2773 5846 longe
2798 5762 3016 5833 affuisse
3052 5790 3065 5828 :
3120 5774 3339 5831 TabuBac
3366 5767 3649 5829 Idomcuia
3681 5762 3756 5819 BI.
