3980 6210
252 288 389 357 1085

250 409 310 462 1⁸.
346 406 414 459 55
450 421 477 458 a
515 404 699 461 S:obis
735 414 787 462 et
820 407 887 463 5'5
915 423 941 459 a
974 406 1391 466 Thessalonica.
1428 411 1590 467 Forte
1623 416 1689 467 ab
1715 414 1839 468 Ido~

251 507 444 545 tueneo
482 489 732 546 Cretensi
788 500 841 546 et
890 490 1107 546 llomeri
1157 496 1411 550 versibus
1465 496 1744 551 celebrato
1787 497 1838 549 id

249 574 369 627 urbi
407 589 607 628 nomen
658 584 761 629 est.
818 572 952 630 Vide
995 574 1069 629 Is.
1122 576 1370 631 Vossium
1416 579 1469 632 in
1522 577 1834 644 Catullum,

321 739 440 792 Cui.
481 739 605 793 141.
627 740 938 809 Βράγιλος.
960 740 1317 796 Probanthoc
1342 755 1471 795 mss.
1503 740 1839 814 [quanquam

249 826 308 879 L.
346 822 637 893 βρὰγυλος]
668 823 801 877 editi
837 826 1139 893 Δράγυλος,
1166 824 1581 890 Constantinus,
1616 825 1837 894 Βράγυ-

250 924 371 971 Αος·
399 922 430 962 e
454 905 654 976 quibus
696 905 801 961 nisi
837 908 1095 976 νΑγριλος
1138 909 1230 972 sit,
1268 910 1335 961 de
1369 922 1475 977 qua
1524 924 1629 961 non
1682 908 1842 975 longe

252 1011 279 1046 ιι
317 993 610 1060 Strymone
666 998 830 1056 atque
861 990 1173 1060 Amphipoli
1219 1000 1426 1046 remota
1460 990 1831 1062 Thucydides,

255 1076 478 1142 ιν,105,
505 1072 638 1126 nihil
668 1073 923 1141 expedio.

324 1158 456 1211 Ibid.
499 1156 813 1225 Τρίμουλα.
849 1156 979 1211 Mss.
1018 1157 1330 1226 Πρίμουλα,
1364 1158 1506 1226 quod
1549 1173 1745 1212 nomen
1782 1157 1841 1211 [ι.

255 1240 554 1296 llolsteinio
590 1241 657 1293 ad
688 1237 889 1308 Georg.
953 1237 1011 1291 S.
1064 1239 1193 1295 Car.
1253 1256 1283 1295 a
1337 1239 1398 1295 S.
1440 1240 1607 1295 Paulo
1663 1241 1845 1295 verius

252 1327 468 1379 videtur
499 1330 723 1391 propter
751 1321 1102 1376 Timmheum
1139 1323 1464 1391 Primopolis
1497 1325 1842 1394 episcopum,

252 1411 342 1477 qui
377 1407 610 1463 concitio
640 1405 1057 1475 Constantinop.
1111 1407 1212 1461 sub
1256 1406 1518 1461 Flaviano
1549 1406 1744 1460 adfuit.
1777 1405 1847 1460 At

257 1492 392 1546 nihil
420 1490 511 1543 ille
536 1488 713 1557 juvat,
745 1486 1014 1557 siquidem
1058 1488 1431 1559 Primopoleos
1476 1490 1529 1543 in
1564 1488 1842 1558 Pamphy-

257 1577 347 1639 lia,
383 1577 483 1643 τῆς
515 1570 939 1641 Πριμουπόλεως
978 1572 1078 1641 τῆς
1113 1572 1472 1640 Παμφυλίας,
1523 1581 1581 1625 ιιι
1635 1587 1688 1639 p.
1718 1571 1841 1626 1‘27.

255 1658 426 1713 Conc.
459 1655 938 1718 Chalcedonensis,
987 1655 1076 1708 ubi
1128 1654 1263 1710 Acta
1296 1654 1490 1725 synodi
1526 1653 1843 1709 Constanti-

257 1739 582 1809 uopolitanm
639 1744 979 1805 repetuntur,
1032 1738 1231 1804 ιιι-ξηειιὶ
1290 1738 1409 1791 fuit.
1460 1734 1709 1791 Viderint
1749 1736 1844 1791 alii

258 1825 497 1877 lateatne
542 1821 597 1874 in
640 1836 770 1874 voce
826 1820 1099 1876 Ptolemaei
1154 1821 1451 1891 Τρίστο).ος
1507 1821 1561 1875 in
1598 1820 1841 1887 Sentica,

260 1908 369 1962 illis
397 1920 514 1971 qua:
544 1920 669 1958 mox
707 1914 1005 1971 sequentur
1038 1905 1241 1975 vicina.

331 1988 465 2044 Ibid.
508 1987 973 2054 Παρθικόπολις.
1028 1986 1321 2043 Ptolemaeo
1347 1988 1748 2059 Παροικόπολις
1778 1987 1846 2041 Ii—

262 2070 566 2125 brariornm
596 2079 837 2139 peccato,
868 2068 1390 2126 ΠΑΡΘΙΚΟΠΟΛΙΝ
1429 2072 1484 2126 in
1508 2070 1843 2124 HAPOIKO-

264 2154 476 2209 ΠΟΛΙΝ
543 2152 908 2219 ululantium;
961 2167 1124 2221 quem
1181 2154 1433 2209 eumdem
1493 2168 1736 2209 errorem
1789 2152 1843 2207 in

266 2237 549 2303 Longaavis
580 2234 891 2304 Phlegoutis
920 2233 1183 2290 Tralliani
1215 2250 1265 2291 c.
1304 2237 1327 2291 1
1366 2245 1451 2292 ter
1473 2244 1795 2293 erraverunt
1831 2250 1844 2288 :

275 2320 537 2381 Ἀἱδέσιος
562 2318 697 2382 Alta.
730 2319 1184 2388 Παροικοπόλεως
1215 2320 1487 2375 Μακεδών
1508 2338 1522 2355 ·
1552 2319 1713 2381 Βίθυς
1761 2322 1851 2371 Δι-

263 2404 469 2466 ζάστου
503 2400 962 2471 Παροικοπόλεως
1012 2400 1115 2470 τῆς
1146 2404 1477 2457 Μακεδόνων
1500 2420 1514 2436 ο
1560 2402 1846 2456 Ζαικεδέν-

262 2489 362 2557 οης
418 2485 715 2538 Μουκάσου
762 2481 1242 2553 Παροικοπολίτης
1295 2485 1585 2541 Μακεδών.
1644 2485 1845 2541 verum

261 2585 379 2625 esse
409 2568 584 2629 urbis,
625 2566 767 2634 quod
814 2563 1097 2621 Hierocles
1139 2565 1318 2632 oﬂ'ert,
1374 2583 1696 2638 cognomen,
1737 2582 1847 2622 non

266 2667 477 2709 tantum
510 2650 677 2705 Jonas
716 2665 747 2703 a
802 2649 1115 2706 Macedonia
1146 2654 1213 2709 de
1237 2652 1607 2724 Parthicopoli
1629 2695 1644 2721 ,
1687 2668 1847 2723 quem

265 2738 394 2793 alibi
427 2750 491 2791 ex
523 2733 713 2789 Hilarii
758 2732 1078 2802 fragmentis
1129 2738 1507 2805 produximus,
1564 2737 1849 2807 patefacit,

266 2823 361 2879 sed
389 2819 627 2875 Joannes
658 2816 1181 2886 Παρθικουπόλεως,
1218 2821 1307 2890 qui
1348 2822 1584 2877 concilio
1634 2820 1852 2877 Chalce-

268 2904 485 2958 doneini
507 2918 559 2971 p.
594 2901 696 2956 100
726 2912 780 2955 et
810 2901 908 2955 67l
942 2902 1309 2971 subscripsit,
1346 2904 1473 2959 licet
1504 2919 1666 2973 prave
1698 2905 1851 2976 Παρ-

267 2986 697 3047 Θενικουπόλεως
722 2984 1010 3053 episcopus
1035 3000 1087 3052 p.
1125 2985 1233 3039 566
1264 2987 1589 3054 appelletur.

339 3071 471 3124 Ibid.
513 3066 847 3137 Στρυμνοῦ.
886 3067 998 3122 Ιιιιο
1030 3068 1356 3140 Στρύμονος.
1400 3070 1619 3126 Sentica
1655 3068 1848 3127 intelli-

276 3157 436 3223 g'tur,
467 3151 539 3203 illi
565 3150 730 3205 ﬂuvio
764 3151 964 3205 vicina.

343 3236 474 3291 Ibid.
503 3234 735 3304 Σέρῤαι.
784 3235 835 3290 J.
871 3234 1187 3293 Harduinus
1226 3236 1279 3293 in
1319 3237 1488 3292 Plinii
1526 3237 1562 3290 I.
1591 3253 1664 3304 tv,
1704 3253 1753 3292 e.
1788 3236 1855 3290 10

271 3320 470 3390 Δέρῤαι
519 3319 745 3385 corrigit
773 3359 790 3382 ,
839 3335 948 3388 quo
990 3321 1110 3390 ejus
1156 3322 1441 3391 scriptoris
1488 3320 1690 3376 Derrha
1733 3334 1857 3376 esse

271 3412 468 3471 queat;
505 3402 591 3455 cui
620 3403 988 3457 emendationi
1022 3403 1384 3461 Maximianus
1412 3406 1702 3475 episcopus
1719 3403 1855 3458 Der-

275 3485 488 3541 thensis
518 3483 755 3537 civitatis
795 3485 1125 3543 Macedoniae
1156 3502 1222 3543 ex
1253 3488 1485 3543 concilio
1525 3487 1850 3543 Chalcedon.

275 3587 328 3639 p.
361 3569 462 3622 ’587
507 3563 728 3629 faveret,
789 3567 892 3620 nisi
947 3569 1169 3641 Σερρὦ
1212 3581 1266 3624 et
1295 3570 1580 3643 Σερῤαεων
1626 3569 1855 3642 πρώτης

275 3652 615 3715 Μακεδονίας
668 3666 723 3719 p.
766 3649 866 3703 100
920 3661 975 3704 et
1022 3653 1125 3707 517
1159 3666 1471 3719 vocaretur,
1523 3665 1580 3710 et
1635 3654 1856 3707 aliunde

276 3737 471 3789 Serras
504 3733 639 3786 bene
671 3733 871 3787 habere
900 3741 1204 3787 constaret.
1249 3735 1323 3789 De
1361 3736 1469 3789 situ
1504 3736 1608 3789 alia
1642 3736 1708 3790 lis
1748 3744 1854 3789 est.

275 3819 338 3874 L.
378 3815 678 3871 IIolsteinio
728 3815 773 3869 si
807 3814 1072 3881 accredis,
1121 3815 1300 3870 Serrze
1331 3823 1386 3869 et
1415 3817 1643 3885 Philippi
1678 3816 1857 3870 nomi-

276 3902 435 3954 nibus
470 3900 735 3952 duntaxat
767 3898 1038 3952 distincta:
1070 3897 1240 3953 fuere.
1307 3896 1433 3951 Fuit
1479 3900 1603 3952 dein
1629 3938 1644 3964 ,
1682 3899 1858 3968 inquit

272 3985 343 4038 ad
372 3981 566 4049 Geogr.
597 3979 656 4036 S.
691 3980 818 4035 Car.
865 3996 895 4035 a
925 3979 983 4037 S.
1024 3980 1189 4035 Paulo
1234 3980 1302 4035 de
1344 3981 1629 4052 Philippis,
1663 3991 1856 4035 metro-

272 4066 405 4133 polis
440 4064 765 4118 Macedonia:
810 4065 1046 4119 Thracia:
1077 4064 1182 4118 sive
1230 4065 1498 4128 secundae,
1526 4081 1644 4134 quae
1679 4074 1729 4119 et
1755 4064 1860 4118 Sa-

276 4149 491 4212 lutaris,
524 4146 696 4201 Serra:
722 4156 901 4216 postea
944 4147 1108 4214 dicta,
1142 4156 1197 4200 ut
1231 4157 1277 4201 et
1306 4147 1402 4201 hoc
1434 4158 1681 4215 tempore,
1722 4149 1860 4201 unde

280 4230 496 4285 Nicetas
530 4232 560 4284 ὁ
588 4230 833 4302 Σερῤῶν.
856 4231 925 4285 At
964 4232 1108 4285 enim
1156 4246 1264 4286 non
1299 4231 1350 4284 in
1399 4229 1860 4287 Chalcedonensis

278 4323 486 4369 tantum
516 4316 729 4370 concilii
758 4314 912 4369 Actis
945 4313 1227 4369 Serrensi-s
1259 4323 1314 4369 et
1339 4312 1708 4384 Philippensis
1738 4314 1857 4384 epi-

277 4396 429 4465 scopi
463 4406 723 4466 perpetuo
759 4397 1147 4463 dissociantur,
1184 4398 1277 4452 sed
1318 4406 1374 4451 et
1413 4397 1632 4452 Notitiis
1675 4397 1863 4452 cccle-

278 4480 545 4546 siasticis;
594 4488 652 4534 ut
680 4480 810 4535 satis
841 4495 903 4535 ea
941 4480 1043 4533 viri
1075 4479 1278 4549 egregii
1308 4481 1467 4535 verba
1518 4480 1704 4535 mirari
1748 4496 1859 4535 non

279 4565 500 4632 possim.
537 4564 669 4619 Abr.
695 4563 901 4620 Ortelio
934 4563 1112 4619 Serra:
1140 4564 1208 4619 ad
1241 4563 1445 4636 Tempe
1476 4566 1749 4635 pertinere
1778 4566 1861 4621 vi-

279 4650 482 4701 dentur
514 4648 657 4703 circa
683 4648 961 4703 Larissam
991 4647 1457 4717 Berrboeamque;
1492 4651 1576 4704 cui
1610 4652 1857 4719 OpitllOtll

280 4732 491 4786 forteau
519 4733 788 4803 originem
814 4731 1033 4787 Nicetas
1051 4730 1350 4786 Choniates
1373 4731 1424 4785 in
1449 4731 1576 4786 Reb.
1606 4732 1862 4788 Baldnini

280 4832 334 4884 p.
366 4815 475 4869 295
502 4817 750 4885 praebuit.
800 4816 912 4871 Καὶ
952 4814 1052 4878 τὰς
1096 4814 1304 4878 πόλεις,
1356 4815 1557 4883 inquit,
1591 4816 1858 4884 μέτεισιν,

276 4901 483 4954 ὅσαιτε
513 4901 645 4972 περὶ
674 4901 885 4973 Σέρῤας
928 4898 1362 4963 καθυπτιάζουσι
1417 4900 1512 4951 καὶ
1554 4903 1669 4963 τοῖς
1712 4902 1861 4972 ὅροις

276 4986 379 5053 τῆς
410 4986 673 5058 Βερροίας
700 4987 1102 5056 προσήνωνται,
1119 4984 1218 5038 καὶ
1245 4984 1371 5036 ὅσαι
1397 4984 1532 5055 πρὸς
1558 4985 1626 5038 τὰ
1662 4986 1860 5057 Τέμπη

278 5069 390 5121 τῶν
419 5069 709 5124 Θετταλῶν
734 5069 1151 5140 παρατείνουσι.
1204 5066 1335 5134 Quae
1375 5076 1555 5124 tamen
1586 5084 1711 5124 eum
1750 5086 1861 5126 non

278 5163 535 5223 poterunt
567 5155 787 5210 ﬁrmare
815 5155 981 5209 situm
1003 5193 1019 5217 ,
1053 5154 1321 5221 siquidem
1356 5152 1557 5221 Serrze,
1602 5154 1861 5210 Berrhma

281 5248 337 5293 rt
360 5238 564 5308 Tempe
596 5250 655 5293 ut
676 5239 1061 5294 diversissima:
1089 5239 1377 5307 positionis
1408 5239 1524 5293 loca
1554 5255 1863 5295 memoran-

282 5334 392 5377 tur.
434 5322 705 5375 Putavero
734 5321 877 5376 circa
920 5321 1265 5391 Strymonem
1314 5321 1501 5389 fuisse,
1538 5337 1711 5393 eaque
1739 5336 1864 5391 pro-

1061 298 1447 361 COMMENT.
1493 300 1574 361 IN
1615 302 2030 367 HIEROCLIS
2073 309 2613 376 SYNECDEMUNI.

3411 322 3545 386 108i

2018 418 2500 505 l_llid.-q’[.1lltﬂOl.
2536 424 2736 481 Verius
2773 427 2869 492 ita,
2931 439 2987 483 ct
3038 445 3162 487 mox
3207 435 3542 505 ’Λμφίπθλις

1943 503 2111 556 codex
2146 502 2493 559 Constantini
2526 506 2561 560 Ι.
2594 524 2631 563 ιι
2675 508 2856 565 ΤΙιεηι.
2900 511 2921 563 1
2965 520 3019 565 ct
3049 511 3105 566 2.

2020 584 2158 671 ibid.
2196 586 2596 644 Ἀπολλωνία.
2631 591 2743 646 Sita
2774 604 2889 649 erat
2924 594 2978 648 in
3021 595 3356 664 Chalcidice,
3382 617 3543 671 quam

1945 667 1997 721 in
2024 669 2316 737 Olynthum
2358 686 2480 727 cum
2508 674 2576 728 5?.
2608 675 2729 730 aliis
2775 678 3002 733 urbibus
3039 678 3354 750 Philippum
3391 667 3546 740 ever-

1946 750 2077 805 tis=e
2111 752 2505 813 Demosthenes
2536 757 2774 828 Philipp.
2810 777 2903 827 ιιι,
2944 778 2995 830 p.
3034 762 3131 827 68,
3170 776 3227 818 ct
3258 767 3452 822 Snidas
3491 770 3543 823 in

1945 832 2196 904 Κάρανος
2235 835 2452 895 docent.
2493 841 2669 911 Atque
2700 844 2807 898 huc
2864 860 3007 915 saepe
3066 848 3316 903 rhetores
3373 853 3543 918 respi~

1944 918 2118 977 ciunt.
2178 927 2239 970 ut
2293 919 2562 976 Aristides
2616 934 2745 981 tom.
2781 928 2847 991 ll,
2902 944 2953 998 p.
2989 930 3117 994 255,
3178 941 3231 985 ct
3283 932 3546 988 Libauins

1953 1009 2090 1084 tom.
2115 999 2155 1064 I,
2185 1015 2241 1068 p.
2275 999 2398 1055 106.
2448 1002 2745 1071 Ὀλυνθίοις
2776 1011 2928 1079 ὴφὶει
2962 1030 3014 1064 τι
3046 1015 3261 1084 χωρίων
3293 1018 3368 1077 ὡς
3398 1017 3546 1084 ams-

1945 1081 2326 1165 δωρρςηκαὶ
2385 1087 2585 1154 μικρὸν
2642 1088 2871 1157 ὕστερον
2924 1081 3161 1165 οὐδαμοῦ
3233 1081 3541 1159 Ὀλύνοιοι,

1950 1164 2150 1232 μᾶλλον
2176 1163 2231 1216 δὲ
2266 1166 2578 1233 Χαλκιδεῖς,
2613 1169 2707 1221 δύο
2740 1172 2833 1223 καὶ
2857 1163 3156 1243 τριάκοντα
3186 1178 3393 1241 πόλεις,
3429 1182 3543 1234 sive

1946 1246 2127 1330 potius
2156 1246 2252 1300 xui.
2277 1247 2371 1300 δύο
2399 1266 2457 1302 κ.
2479 1250 2560 1315 λ.,
2634 1260 2692 1305 ut
2728 1268 2791 1306 ex
2821 1255 3065 1323 ejusdem
3102 1260 3323 1330 Apolog.
3354 1262 3544 1315 Dento-

1946 1329 2117 1382 stlten.
2152 1344 2206 1399 p.
2235 1331 2330 1385 451
2372 1344 2710 1402 compertum
2738 1346 2841 1389 est.

1985 1412 2156 1550 hIbid.
2189 1414 2402 1484 Béprq.
2434 1414 2570 1470 Male
2597 1417 2994 1475 Constantinus
3019 1420 3231 1493 Βέρπη.
3272 1425 3405 1480 Vide
3432 1427 3547 1481 Stc-

2026 1511 2218 1550 annm.

1948 1511 2218 1566 pnanum.

2017 1580 2137 1634 Col.
2233 1581 2357 1635 141.
2432 1584 2743 1652 ’Λραυρος.
2831 1586 3197 1643 Constantino
3281 1591 3543 1660 Ἀραλος.

1948 1660 2203 1719 Fortasse
2228 1665 2473 1735 Ἀρωλος
2502 1664 2780 1744 Ptolemaei
2816 1677 2938 1735 est,
2993 1670 3045 1724 in
3074 1671 3407 1728 Bisaltarum
3458 1691 3544 1729 re-

1947 1760 2130 1815 gtone.

2018 1829 2153 1884 Ibid.
2192 1831 2391 1900 Κλίμα
2424 1833 2749 1887 Μεστικόν.
2804 1832 2957 1889 Frid.
3006 1834 3291 1890 Morellum
3350 1838 3543 1891 Νεστί-

1946 1911 2043 1964 κὸν
2092 1914 2477 1969 emendantem
2537 1924 2687 1970 recte
2746 1918 2994 1986 coarguit
3047 1917 3541 1975 Sclturzlleiscbius

1947 1995 2117 2051 Notit.
2148 1997 2279 2053 bibl.
2316 1997 2505 2055 Vinar.
2536 2015 2588 2069 p.
2625 2000 2714 2067 7t,
2773 2016 3091 2071 quanquam
3120 2002 3307 2055 urbem
3335 2002 3543 2072 impru-

1949 2078 2139 2134 denter
2187 2081 2512 2136 arbitratus.
2567 2082 2818 2138 Thracite
2852 2083 3075 2138 fluvium
3122 2082 3345 2137 Nestum
3393 2086 3541 2137 numi

1948 2161 2230 2215 ΜΕΣΤΟΝ
2257 2163 2314 2217 et
2341 2179 2474 2218 mss.
2513 2164 2683 2218 Soliui
2719 2175 2772 2219 et
2797 2165 2983 2232 Plinii,
3015 2175 3152 2221 teste
3180 2166 3456 2221 Salmasiu
3484 2168 3540 2221 itt

1950 2259 2001 2312 p.
2035 2245 2161 2311 “'2,
2195 2245 2537 2315 appellitant.
2573 2248 2760 2317 Κλίμα
2794 2258 3029 2303 tractum
3086 2250 3347 2321 regionis,
3391 2265 3545 2306 more

1948 2327 2154 2383 Graecis
2185 2330 2583 2385 recentioribus
2605 2340 2892 2396 consueto,
2928 2340 3117 2395 notat;
3147 2333 3287 2384 unde
3311 2331 3544 2401 κλιματ-

1948 2410 2117 2479 ἁρχαι
2175 2411 2457 2480 regionum
2543 2412 2822 2481 praepositi
2878 2412 3020 2481 apud
3073 2410 3542 2482 Theophylactnm

1955 2492 2025 2547 11.
2063 2492 2138 2546 Μ.
2178 2509 2261 2559 ιιι,
2295 2494 2361 2559 9;
2420 2494 2509 2563 qui
2543 2510 2664 2549 cum
2702 2493 2975 2549 Arabibus
3020 2495 3161 2548 haud
3188 2510 3346 2550 secus
3382 2505 3545 2563 atque

1951 2576 2230 2632 Hierocles
2283 2578 2340 2630 tit
2386 2578 2560 2645 prior,
2591 2593 2887 2647 eorumque
2923 2577 3298 2649 GeOgraphica
3326 2593 3432 2633 non
3467 2581 3544 2631 vi-

1950 2661 2143 2715 deatur
2175 2668 2460 2723 tractasse,
2510 2676 2616 2714 non
2674 2662 3007 2717 accesserim
3062 2662 3266 2731 Cangio
3306 2661 3543 2717 climatis

1950 2760 2073 2799 cum
2105 2760 2263 2800 usum
2293 2744 2360 2798 ab
2394 2745 2669 2799 Arabibus
2715 2746 2983 2800 derivanti
3014 2761 3027 2808 ;
3070 2745 3374 2814 praesertim
3418 2761 3541 2799 cum

1950 2830 2170 2884 divinus
2201 2827 2401 2883 Paulus
2425 2828 2607 2882 Galat.
2635 2845 2672 2893 ι,
2705 2828 2770 2882 21
2822 2827 2892 2881 τὰ
2934 2827 3179 2897 κλίματα
3209 2830 3305 2896 τῆς
3346 2827 3544 2899 Συρίας

1953 2915 2048 2966 καὶ
2080 2912 2357 2977 Κιλικίας,
2419 2920 2472 2965 et
2535 2911 2577 2964 Il
2624 2909 2872 2965 Corinth.
2909 2927 2985 2975 xl,
3031 2912 3097 2965 10
3149 2912 3392 2981 κλίματα
3441 2912 3543 2979 τῆς

1968 2996 2213 3065 Ἀχαΐας,
2275 3004 2328 3048 et
2365 3003 2564 3062 przeter
2596 3007 2719 3048 eum
2753 2993 2936 3061 plures
2974 2992 3064 3046 alii
3103 2995 3361 3048 dixerint.
3406 2991 3539 3046 Nata

1956 3082 2100 3135 haud
2128 3079 2290 3134 dubie
2329 3077 2419 3133 illa
2448 3078 2568 3132 voci
2622 3076 2949 3147 significatio
2981 3085 3086 3142 est,
3140 3078 3281 3145 quod
3309 3092 3543 3147 geogra-

1956 3165 2047 3234 plti
2106 3162 2328 3216 climata
2357 3160 2483 3216 cteli
2526 3160 2905 3214 inclinationes
2945 3168 3000 3213 et
3055 3159 3328 3228 subjectas
3388 3170 3546 3213 ternae

1957 3248 2207 3317 regiones
2240 3250 2641 3313 nuncuparent.
2678 3242 2867 3311 Itaque
2909 3242 3074 3298 clima
3102 3242 3366 3296 Mesticon
3411 3242 3547 3295 nihil

1955 3331 2061 3387 erit
2080 3328 2222 3381 aliud
2258 3343 2321 3381 ac
2359 3330 2511 3397 regio
2556 3326 2629 3379 illi
2665 3325 2830 3379 fluvio
2865 3326 3066 3390 vicina,
3121 3340 3227 3395 qua
3260 3325 3326 3379 de
3366 3324 3546 3380 Livius

1954 3427 2082 3477 va,
2119 3410 2209 3467 29.
2250 3410 2574 3463 Acontisma
2611 3408 2737 3462 alibi
2775 3408 3077 3477 tetigimus.

2029 3495 2166 3551 Ibid.
2202 3495 2437 3547 Στόλοι.
2489 3491 2679 3544 Στόὸοι
2738 3501 3090 3560 oportuerat;
3151 3500 3342 3559 estque
3393 3497 3548 3544 vetns

1959 3580 2060 3634 hoc
2088 3587 2392 3648 peccatum,
2426 3574 2537 3645 jam
2578 3584 2706 3629 ante
2742 3572 3085 3629 Constantini
3125 3571 3548 3643 Porphyrogcn-

1958 3671 2100 3715 neue
2130 3670 2345 3712 :etatem
2379 3658 2701 3711 admissum.
2738 3657 2891 3711 Stobi
2935 3657 3263 3712 Macedoniae
3293 3656 3547 3711 secundae

1959 3746 2075 3799 sive
2103 3742 2391 3803 Salutaris,
2420 3750 2478 3792 ut
2504 3740 2721 3793 Notitim
2748 3740 2881 3807 imp.
2915 3739 3133 3793 Orient.
3168 3740 3395 3801 dicitur,
3429 3755 3549 3793 me—

1959 3824 2189 3893 tropolis
2215 3830 2370 3886 erat;
2403 3821 2545 3875 unde
2584 3821 2817 3890 primam
2850 3830 2904 3874 et
2937 3822 3267 3890 praecipuam
3302 3819 3549 3874 Macedo.

1960 3908 2067 3961 uiae
2123 3906 2336 3967 urbem,
2388 3902 2613 3975 πρώτην
2664 3904 2761 3973 τῆς
2814 3903 3157 3965 Μακεδονίας
3208 3903 3365 3955 πόλιν
3421 3904 3550 3965 τοὺς

1961 3989 2217 4053 Στὸὅους,
2268 3986 2727 4058 quemadmodum
2761 3988 2980 4056 egregie
3018 3986 3081 4039 I..
3119 3985 3451 4041 IIolsteinins
3493 3986 3547 4040 in

1962 4075 2228 4143 Stephan.
2276 4070 2535 4136 correxit,
2596 4069 2845 4125 Malcbus
2905 4070 2957 4123 in
3012 4070 3267 4141 Excerpt.
3322 4070 3546 4125 llmsch.

1964 4174 2018 4228 p.
2045 4157 2106 4212 GI
2139 4156 2398 4226 appellat.

2036 4238 2169 4293 Ibid.
2193 4240 2421 4307 Ἄργος.
2454 4239 2628 4309 Argos
2652 4237 2988 4309 Pelasgicum
3014 4236 3239 4305 intelligi
3269 4236 3545 4305 putabam,

1961 4324 2116 4392 cujus
2151 4322 2417 4379 Homerus
2462 4333 2517 4379 et
2564 4333 2722 4379 vetus
2773 4324 2916 4392 apud
2971 4320 3405 4393 Hephaestionem
3440 4317 3551 4370 Eli-

1962 4408 2155 4463 chirid.
2186 4424 2239 4478 p.
2270 4408 2340 4462 55
2378 4417 2537 4478 poeta
2584 4406 2870 4473 meminit;
2903 4406 3045 4475 quod
3088 4413 3266 4459 tamen
3319 4418 3444 4456 cum
3493 4402 3546 4455 in

1918 4529 1927 4536 -
1963 4492 2241 4548 Thessalia
2295 4492 2456 4546 fuerit
2484 4531 2498 4555 ,
2549 4492 2755 4547 rectius
2800 4489 2925 4545 hinc
2968 4489 3165 4544 aberit.
3236 4485 3324 4540 Sit
3364 4486 3550 4553 itaque

1962 4579 2141 4646 Argos
2181 4574 2488 4631 Oresticum
2521 4595 2533 4631 :
2562 4591 2686 4630 nam
2737 4574 2988 4630 Orestias
3048 4573 3163 4628 sive
3208 4569 3444 4632 Orestis,
3495 4569 3547 4621 in

1963 4676 2068 4730 qua
2122 4660 2257 4715 illud
2318 4660 2517 4729 Argos,
2573 4660 2777 4730 pariter
2845 4673 2910 4714 ac
2956 4657 3246 4727 Pelagonia
3283 4651 3550 4724 superiori

1966 4742 2298 4798 Macedoniae
2341 4752 2498 4797 erant
2553 4744 2897 4807 contributae,
2953 4751 3093 4797 teste
3144 4739 3412 4795 Strabone
3448 4750 3551 4799 vn,

1967 4843 2019 4897 p.
2052 4825 2179 4881 526.
2228 4824 2383 4879 Licet
2418 4834 2604 4880 autem
2639 4825 2977 4895 Pelasgicum
3003 4826 3181 4893 Argos
3230 4825 3283 4877 in
3334 4822 3550 4875 urbium

1966 4909 2437 4965 Macedonicarnm
2489 4923 2716 4965 censum
2766 4908 2952 4962 venire
3016 4908 3164 4962 haud
3208 4906 3413 4975 possit,
3455 4917 3553 4956 cur

1966 5008 2125 5063 opem
2154 4991 2324 5048 veteri
2354 4990 2756 5059 Hephaestionis
2794 5000 2989 5060 poetze,
3021 5005 3124 5059 qua
3160 4989 3402 5058 indigere
3435 5000 3551 5039 (ναις

1967 5079 2067 5146 pit,
2097 5074 2461 5147 negabimus?
2483 5074 2645 5145 Χαῖρ’
2671 5068 2716 5127 ὦ
2746 5074 3101 5145 χρυσόκερως
3121 5113 3135 5136 ,
3171 5074 3266 5137 ait,
3303 5070 3552 5141 βαὸἀκτα

1966 5160 2207 5226 Γάλλων,
2242 5160 2351 5212 πᾶν
2379 5157 2721 5226 Πελασγικὸν
2756 5157 2963 5226 Ἀργος
2997 5154 3336 5227 ἐμϐατεύων,
3384 5154 3457 5206 ita
3498 5153 3553 5206 in

1967 5258 2173 5313 nupera
2196 5243 2439 5298 editione
2469 5241 2573 5296 hos
2603 5256 2798 5295 versus
2826 5240 2910 5294 vir
2931 5239 3012 5295 Cl.
3037 5237 3310 5301 distinxit,
3333 5237 3552 5304 insuper

1965 5326 2327 5381 adscribens:
2373 5326 2517 5379 Illud
2560 5325 2668 5377 πᾶν
2698 5342 2797 5378 non
2828 5333 2994 5393 potest
3036 5322 3258 5393 pendere
3283 5322 3345 5373 ab
3380 5320 3551 5389 ἐμϐα-

281 5415 402 5474 pter
430 5405 499 5458 τὰ
532 5406 663 5475 περὶ
692 5405 903 5474 Σέρῤας
928 5406 1021 5457 καὶ
1068 5406 1357 5476 Στρυμόνα
1394 5406 1573 5478 χωρία
1616 5405 1859 5462 Nicetam

1963 5409 2170 5463 τεύων’
2213 5426 2337 5463 nam
2369 5409 2446 5462 sic
2485 5407 2720 5474 ineptum
2772 5416 2927 5461 esset.
2976 5406 3342 5476 Sequebantur
3387 5404 3552 5469 igitur

280 5487 412 5544 Rcr.
446 5487 626 5542 Alexii
657 5487 846 5554 Angeli
884 5488 919 5541 Ι.
962 5488 1022 5553 it,
1054 5502 1108 5556 p.
1144 5488 1244 5543 2M
1286 5490 1638 5559 conjungere,
1684 5500 1737 5543 et
1766 5488 1861 5544 Ni-

282 5574 581 5643 cephorum
613 5571 909 5642 Gregoram
945 5588 1021 5637 tx,
1049 5572 1081 5626 6
1117 5573 1405 5630 Thraciam
1440 5575 1581 5629 inter
1600 5584 1654 5629 et
1690 5573 1863 5631 Thes-

283 5659 606 5723 salonicam,
659 5666 824 5727 atque
874 5658 1087 5711 Annam
1140 5657 1291 5714 Alex.
1347 5660 1398 5727 9,
1460 5674 1511 5732 p.
1549 5659 1656 5717 255
1717 5660 1859 5718 haud

283 5744 507 5807 multum
538 5759 567 5800 a
594 5742 922 5817 Christopoli
953 5755 1179 5816 poncrc.

1964 5492 2096 5558 alia,
2125 5507 2246 5567 cum
2268 5492 2456 5562 quibus
2482 5502 2601 5560 apte
2629 5492 2893 5545 conterere
2922 5499 3122 5557 poterat
3150 5504 3168 5543 :
3195 5496 3362 5541 totum
3383 5486 3552 5553 Argos

1965 5576 2301 5645 Pelasgicon,
2337 5576 2565 5629 simulac
2599 5575 2901 5635 intraveris,
2947 5574 3135 5626 latitia
3183 5571 3343 5642 ofﬁcis
3383 5580 3428 5624 et
3457 5584 3551 5623 e1-

1966 5660 2170 5715 sultare
2205 5659 2338 5729 facis
2368 5659 2485 5712 tibi.
2508 5656 2621 5710 Hoc
2644 5656 2922 5711 autsimile
2950 5656 3075 5725 quid
3098 5656 3325 5711 dixerint
3346 5652 3552 5708 θηρία.

1965 5744 2033 5800 Et
2091 5744 2164 5799 sic
2214 5754 2461 5817 piratarum
2492 5752 2607 5813 post
2639 5740 2859 5799 Γάλλων
2892 5741 3049 5798 etiam
3098 5739 3547 5812 appositissimttm
