3980 6210
431 252 568 320 1087

426 375 529 422 ωε.
560 364 691 429 Quae
724 376 824 432 ego
863 360 1009 417 dicta
1041 357 1258 414 nollem.
1295 355 1518 411 Dedisse
1548 356 1648 409 has
1679 353 1872 407 turbas
1900 347 2011 403 Pan

430 449 485 501 in
513 443 761 500 versibus
802 441 1110 498 reconditus
1161 440 1396 504 videtur,
1437 438 1575 493 satis
1622 432 1912 502 c:eteroqui
1949 445 2015 483 ex

431 529 607 584 titulis
645 525 1080 596 conspiciendus.
1124 522 1305 594 Ipsum
1356 522 1486 578 illud
1533 517 1855 591 ἐμϐατεύων
1889 529 2012 569 eum

433 609 787 679 requirebat:
818 608 947 669 quid
975 609 1120 663 enim
1152 607 1325 676 poetis
1365 605 1539 675 magis
1565 601 1834 658 familiare
1852 612 2015 668 quam

432 692 663 748 dc'locis
704 690 912 745 numini
949 690 1184 745 sacratis
1232 689 1286 744 id
1338 686 1646 756 usurpare?
1702 682 2014 753 lEschylus,

436 775 619 831 Persis
648 791 700 845 p.
748 774 888 831 M6:
926 774 1109 844 Νῆστίς
1159 791 1245 837 τις
1296 773 1413 826 ἔστι
1457 769 1662 843 πρόσθε
1711 768 2017 839 Σαλαμῖνος

431 860 639 923 τόπων,
698 859 849 930 βαιὰ,
880 858 1153 929 δύσορμος
1197 858 1409 921 ναυσὶν,
1465 858 1531 927 ἢν
1578 855 1864 925 φιλόκορος
1902 850 2017 905 Πὰν

434 942 754 1014 ἐμϐατεύει.
777 943 985 1010 Quibus
1013 942 1204 1013 tragici
1222 941 1472 996 versibus
1498 937 1634 992 alios
1664 951 1730 992 ex
1749 935 2019 1005 Sophocle

434 1034 492 1080 et
535 1024 792 1097 Euripide
837 1036 1107 1096 praestans
1128 1024 1437 1081 eruditione
1468 1020 1688 1089 juvenis
1752 1017 2019 1086 Georgius

438 1109 728 1164 D’Arnaud
779 1110 1149 1165 Animadvers.
1198 1122 1249 1161 c.
1301 1105 1371 1161 54
1428 1104 1698 1174 apposuit.
1751 1102 2018 1156 Aristides

435 1198 571 1245 tam.
599 1187 664 1255 ll,
719 1206 773 1260 p.
798 1189 901 1244 507
934 1206 946 1241 :
985 1190 1047 1242 Οἱ
1076 1186 1310 1241 Μουσῶν
1353 1186 1449 1239 καὶ
1490 1183 1747 1253 Χαρίτων
1776 1180 1930 1253 χοροὶ
1967 1182 2016 1233 οἱ

434 1270 504 1326 δι’
533 1272 730 1336 αἰῶνος
751 1272 850 1343 τὴν
875 1272 1030 1324 πόλιν
1055 1268 1470 1340 ἑμϐατεύοντες.
1490 1266 1748 1321 Libanius
1761 1264 2016 1319 Antioch.

436 1372 488 1423 ιι.
516 1355 661 1411 550:
702 1356 790 1418 Ὠς
835 1355 863 1406 ὁ
896 1354 1029 1416 Θεὸς
1073 1352 1430 1423 ὲμϐατεῖοτὸν
1455 1349 1640 1413 τόπον,
1685 1349 1802 1402 sive
1841 1346 2020 1416 potius

436 1438 759 1507 ἐμϐατεύει.
792 1437 1082 1507 Euripides
1109 1436 1248 1504 apud
1285 1433 1601 1506 Dionysium
1630 1432 1697 1488 de
1726 1428 2017 1499 Composit.

445 1521 665 1577 Verbor.
700 1537 752 1589 p.
790 1520 899 1574 256
936 1520 1072 1575 edit.
1128 1518 1365 1573 Londin.
1421 1519 1546 1572 ὅστε
1581 1516 1783 1586 πέτρον
1820 1514 2020 1586 Ἀρκὰ⁴

435 1602 543 1656 δων
572 1602 945 1675 δυσ-χειμέριον
976 1600 1403 1673 ὲπεμϐατεύεις.
1468 1600 1633 1671 Igitur
1669 1599 2022 1659 distinctione

440 1702 549 1740 non
607 1695 691 1742 est
744 1687 896 1757 prior
949 1702 979 1741 a
1031 1685 1336 1755 posteriore
1376 1699 1539 1739 versu
1593 1681 2019 1747 dissociandus;

437 1783 674 1838 cumque
699 1768 947 1839 βαϐἀκτα
968 1768 1188 1823 Γάλλων
1211 1769 1396 1823 minus
1428 1766 1710 1822 commode
1744 1764 1855 1818 Pan
1881 1780 2020 1818 nntt-

437 1863 691 1920 eupetur,
729 1854 974 1924 praeferri
1016 1862 1332 1921 oportuerat
1365 1852 1506 1923 quod
1553 1851 1606 1904 in
1642 1864 1743 1905 ms.
1800 1849 2023 1903 Floren-

438 1934 556 1991 tino
585 1938 655 1993 Is.
685 1935 911 1995 Vossius
942 1939 996 1994 in
1031 1937 1301 1995 Catullum
1340 1953 1394 2007 p.
1429 1936 1534 1990 165
1565 1934 1729 2005 legit,
1768 1933 2023 2003 βαϐάκτα

438 2025 642 2096 κήλων.
675 2022 742 2077 Ει
769 2030 920 2078 tanto
950 2022 1169 2093 quidem
1218 2022 1413 2092 magis,
1441 2020 1701 2091 quoniam
1743 2018 2023 2089 Etymolo—

439 2121 540 2173 gus
569 2121 676 2161 non
708 2104 867 2161 aliter
913 2121 1130 2160 versum
1187 2106 1332 2160 hunc
1393 2103 1623 2168 Cratini,
1677 2117 1807 2159 non.
1858 2111 1920 2156 ut
1956 2101 2019 2156 D.

440 2190 696 2245 Heinsius
726 2190 779 2244 in
811 2188 932 2245 Silii
969 2189 1005 2242 l.
1037 2204 1160 2255 xm,
1187 2188 1315 2253 329,
1364 2202 1678 2259 quanquam
1716 2186 1899 2258 κήλων
1926 2199 2024 2253 ap-

440 2274 706 2345 probans,
732 2272 952 2344 Diphili,
982 2272 1245 2341 scriptum
1276 2272 1567 2328 invenerit.
1606 2271 1804 2341 Κήλων
1842 2277 2023 2324 autem

439 2371 563 2411 cum
601 2356 740 2412 idem
768 2356 838 2411 sit
861 2371 927 2411 ac
954 2354 1157 2427 θερμὸς
1203 2355 1285 2418 εἰς
1311 2354 1412 2426 τὴν
1443 2353 1758 2418 συνουσίαν,
1785 2352 1915 2423 quin
1956 2351 2025 2406 de

438 2438 732 2510 capripede
762 2439 867 2495 deo
890 2439 1175 2494 verissime
1223 2437 1625 2507 pronuntietur,
1679 2451 1839 2490 nemo
1866 2434 2024 2489 dubi-

442 2523 660 2579 taverit.
697 2523 875 2593 Atque
902 2523 1007 2577 hoc
1034 2522 1253 2577 obiter:
1288 2534 1414 2575 nam
1449 2519 1657 2573 Cratini
1683 2517 2022 2586 Pelasgicum

437 2604 617 2675 Argos
640 2606 1022 2678 quodnam‘sit
1053 2605 1252 2674 (neque
1282 2602 1427 2657 enim
1453 2600 1835 2655 Thessalicum
1864 2598 2017 2653 vide-

441 2687 548 2757 tur)
580 2686 665 2742 Ti.
693 2687 1139 2742 IIemsterbusius
1179 2684 1487 2754 propediem
1523 2698 1623 2738 nos
1652 2682 1893 2737 docebit.

511 2768 628 2823 Col.
672 2769 797 2823 144.
842 2767 1206 2837 Εὑστράτον.
1250 2766 1369 2823 Non
1408 2766 1568 2822 aliter
1609 2765 2023 2822 Constantinus.

439 2850 669 2907 Rectum
725 2867 848 2909 esse
900 2855 1195 2925 Αἴστραιον
1224 2851 1549 2910 Ptolemaeus
1573 2859 1630 2908 et
1656 2851 2021 2909 Estraenses

439 2933 613 2991 Plinii
650 2951 726 3000 tv,
761 2936 827 2992 l0
852 2939 1171 2994 ostendunt.

512 3018 652 3076 Ibid.
687 3023 1048 3092 Πελαγονία.
1082 3023 1205 3079 Non
1239 3022 1393 3078 urbis
1414 3064 1431 3089 ,
1467 3022 1611 3093 quod
1655 3021 1788 3078 olim
1831 3021 2024 3092 opina-

443 3105 566 3169 bar,
595 3104 692 3160 sed
721 3104 959 3174 regionis
980 3114 1065 3161 est
1090 3121 1309 3163 nomen.
1340 3105 1467 3161 Fuit
1494 3107 1683 3175 utique
1711 3120 1777 3162 eo
1805 3106 2025 3161 nomine

398 3236 402 3244 λ
439 3186 722 3256 oppidum,
755 3188 851 3244 sed
881 3189 949 3244 ab
978 3187 1238 3245 Ileraclea
1266 3186 1595 3260 Pelagonia,
1625 3203 1790 3259 quam
1823 3188 1878 3243 itt
1912 3186 2024 3241 Ma-

438 3270 669 3327 cedonia
701 3272 877 3341 prima
938 3272 1196 3340 vidimus,
1262 3288 1373 3329 non
1420 3273 1718 3328 diversum.
1763 3273 2024 3343 Regionis

445 3349 667 3423 Strabo,
703 3354 935 3419 Plinius,
966 3352 1295 3411 Ptolemmus
1322 3364 1486 3424 atque
1504 3354 1593 3409 alii
1627 3355 2020 3411 meminerunt.

519 3437 660 3493 Ibid.
691 3436 1005 3507 Βάργαλα.
1037 3434 1154 3490 Νοη
1186 3436 1291 3490 alia
1321 3437 1533 3490 videtur
1577 3450 1645 3491 ac
1691 3434 1830 3490 Livii
1870 3453 2020 3504 χιιι,

452 3521 522 3576 12
547 3518 840 3589 Bargulum
864 3558 881 3584 ,
929 3518 1163 3573 fortasse
1196 3518 1325 3572 hinc
1356 3517 1718 3588 adiuvandum
1749 3536 1762 3573 :
1797 3519 2023 3589 conSpi-

443 3610 567 3658 rant
598 3602 746 3659 enim
781 3600 835 3655 in
864 3601 1016 3656 urbis
1045 3601 1265 3656 nomine
1307 3616 1464 3667 mss.,
1514 3616 1616 3657 nec
1644 3600 1789 3657 aliud
1816 3603 2023 3674 Δαρδάρ

438 3685 923 3757 νιος-Βαργάλων,
969 3687 1061 3757 qui
1107 3687 1339 3742 concilio
1372 3687 1790 3743 Chalcedonensi
1823 3706 1877 3760 p.
1916 3689 2024 3746 402

439 3770 785 3842 subscripsit,
837 3769 1087 3839 requirit.
1146 3770 1469 3841 Appellatur
1515 3771 1733 3842 quidem
1800 3789 1856 3842 p.
1918 3774 2024 3832 I00

438 3856 730 3925 episcopus
758 3855 1031 3926 Βαργάων
1063 3864 1118 3910 et
1148 3870 1203 3924 p.
1231 3853 1332 3909 671
1372 3855 1621 3927 Παρλαᾶ,
1652 3856 1746 3911 sed
1786 3857 2018 3929 quisque

439 3937 591 3992 videt
621 3951 688 3992 ex
719 3946 909 3992 nostro
938 3949 998 3988 ea
1031 3950 1154 3991 esse
1185 3935 1501 4006 depravata,
1550 3938 1853 4007 praasertitn
1892 3955 2015 3995 cum

439 4029 657 4078 vetusta
694 4020 875 4077 versio
907 4018 1236 4075 Dardanium
1273 4022 1585 4091 episc0putu
1616 4022 1859 4093 Bargalre
1913 4040 2013 4093 po-

440 4102 675 4160 steriore.
703 4102 824 4158 loco
851 4101 1126 4172 pr.elerat.
1169 4101 1421 4158 Peccavit
1449 4119 1580 4175 ergo
1611 4105 1673 4159 C.
1710 4122 1740 4159 a
1761 4107 1821 4161 S.
1850 4107 2020 4163 Paulo

443 4194 556 4240 tum
588 4185 732 4256 quod
761 4186 888 4242 huic
932 4186 1050 4240 urbi
1091 4187 1235 4241 inter
1285 4186 1667 4246 Macedonicas
1711 4191 1893 4245 locum
1927 4207 2010 4247 nc-

348 4316 353 4321 .
442 4268 668 4339 gaverit,
701 4278 812 4326 tum
858 4279 1116 4341 praeterea
1168 4272 1311 4340 quod
1346 4270 1674 4327 Dardanium
1719 4274 2005 4346 Bargylina,

441 4354 617 4411 Cariae
642 4355 788 4421 urbi,
824 4355 1134 4426 praesulem,
1165 4369 1327 4426 quem
1345 4354 1588 4413 Joannes
1621 4372 1747 4428 pars
1771 4359 2016 4430 ejusdem

443 4437 661 4494 concilii
694 4438 1052 4511 ejusdemque
1101 4437 1283 4510 Oppidi
1323 4438 1612 4511 cpiscopus
1668 4457 1776 4497 non
1818 4443 2019 4511 poterit

446 4520 611 4587 ferre,
638 4521 871 4579 dederit.

515 4605 651 4661 Ibid.
682 4607 1078 4663 Κελαινίδιον.
1104 4608 1216 4665 Iloc
1244 4622 1310 4663 ex
1327 4607 1687 4663 Constantino
1709 4611 2020 4679 prmoptavi,

447 4688 573 4743 licet
600 4688 944 4745 verissimum
987 4706 1109 4747 esse
1137 4706 1239 4762 pro
1282 4702 1567 4761 comperto
1603 4708 1708 4747 non
1742 4695 1970 4751 habeam
2006 4712 2021 4751 :

448 4774 557 4828 imo
579 4787 709 4828 vero
735 4772 1008 4830 Celetrum
1058 4792 1200 4841 esse,
1249 4777 1394 4847 quod
1432 4777 1484 4832 itt
1512 4774 1765 4835 Oresride
1802 4779 2023 4850 regione

445 4855 626 4912 Livius
663 4873 812 4924 xxxv,
840 4858 909 4914 40
934 4860 1216 4924 describit,
1249 4861 1560 4917 credidero.

517 4939 653 4997 Ibid.
687 4942 984 5011 Ἁρμονία.
1025 4942 1304 5012 Nusquam
1356 4947 1497 5000 hanc
1545 4945 1724 5017 legere
1775 4948 2023 5009 memini.

444 5024 543 5079 Est
594 5027 650 5080 in
683 5026 893 5098 Illyrico
923 5027 1131 5097 τύμϐος
1168 5027 1465 5099 ’Λρμονιης
1513 5030 1654 5099 apud
1707 5030 2024 5103 Dionysium

447 5105 716 5179 Perieges.
752 5108 850 5165 39I
877 5118 930 5164 et
961 5109 1117 5176 alios,
1147 5110 1305 5179 cujus
1357 5122 1535 5166 tamen
1580 5114 1668 5167 hic
1711 5116 1849 5169 ratio
1905 5128 2029 5171 esse

444 5191 658 5262 nequit.
700 5192 939 5282 yldetur
968 5193 1037 5248 ab
1073 5189 1262 5282 eadem
1298 5193 1592 5282 Harmonia
1623 5196 1740 5253 sive
1767 5198 2026 5269 oppidum

444 5290 543 5332 seu
579 5265 861 5332 castéﬂum
891 5277 941 5332 id
975 5278 1211 5333 nominis
1241 5280 1540 5348 accepisse.

517 5355 652 5416 Ibid.
683 5358 954 5427 Ζάπαρα.
991 5359 1126 5415 Huic
1159 5362 1277 5417 urbi
1300 5363 1593 5432 cpiscopus
1631 5364 1731 5419 fuit
1775 5364 2029 5422 Sabinia-

450 5457 578 5509 nus,
607 5457 768 5512 quem
800 5444 1092 5497 Concilium
1141 5444 1802 5515 Constantinopolitauunt
1838 5466 2030 5505 secun-

453 5524 577 5576 dum
608 5524 801 5579 Collat.
833 5541 893 5591 ιι,
931 5542 983 5595 p.
1016 5526 1087 5582 23
1114 5526 1413 5599 Zaparenze
1441 5530 1683 5587 civitatis
1712 5532 2031 5604 Illyricianm

456 5605 731 5689 dioecesim
760 5618 819 5663 ut
843 5608 903 5665 L.
934 5611 1263 5670 Ilolsteinius
1287 5614 1490 5671 dudum
1518 5618 1751 5682 monuit,
1770 5622 2025 5689 appellat.

452 5686 661 5744 Eodem
694 5692 968 5762 pertinere
998 5694 1211 5755 diceres
1245 5697 1534 5771 Cyriacum
1588 5686 1901 5774 episcopum
1927 5707 2025 5761 Zu-

1694 5826 1722 5855 Ι

1475 240 1853 306 ADDENDA.
1897 263 1965 273 -·
2000 236 2065 297 P.
2112 235 2627 300 WESSELINGIE

3572 232 3727 304 1088

2125 349 2318 419 πάρων
2340 365 2404 405 ex
2439 350 2587 405 Actis
2609 344 2826 404 concilii
2854 342 3060 401 Niceni
3085 344 3313 402 secundi
3346 358 3400 416 p.
3432 344 3547 403 349
3566 386 3588 413 ,
3615 350 3720 404 nisi

2120 429 2538 502 Drizuparorum
2608 428 3013 502 Δριξουπάρων
3087 427 3207 483 urbi
3281 427 3579 499 praefuisse
3652 447 3719 488 ex

2117 531 2171 585 p.
2214 515 2319 571 588
2357 516 2614 583 liqueret.
3479 524 3490 532 '

2187 598 2323 653 Ibid.
2362 599 2567 667 Θῆϐαι.
2616 597 2819 654 Thebzr
2876 604 3007 652 sunt
3042 595 3365 652 Phthiotica:
3387 636 3406 663 ,
3438 607 3501 652 ut
3532 596 3717 666 Livio,

2118 682 2233 739 sive
2262 682 2612 748 Thessalicae,
2646 692 2707 737 ut
2730 681 2909 736 Plinio
2938 679 3223 735 dicuntur.

2190 765 2321 822 Ibid.
2367 765 2690 834 Ἐχιναῒος.
2725 766 2804 820 Ita
2856 778 2923 818 ex
2966 764 3330 818 Constantino
3356 775 3612 835 praestat
3650 770 3733 824 ob.

2117 848 2364 919 Procopii
2402 847 2565 904 Fabr.
2618 864 2693 915 tv,
2743 849 2779 904 5
2820 862 3174 903 consensum.
3230 848 3565 905 Theodorus
3604 855 3720 922 epi-

2117 946 2314 1001 scopus
2354 930 2628 1001 Ἐχιναίου
2659 932 2871 996 πόλεως
2898 931 3174 1002 ἐπαρχίας
3204 930 3520 996 Θεσσαλίας
3550 944 3636 988 est
3664 936 3714 988 in

2118 1013 2350 1068 concilio
2380 1013 2572 1076 Ephes.
2608 1031 2661 1084 p.
2687 1013 2816 1077 Mil,
2840 1024 2894 1068 et
2926 1013 3122 1069 Petrus
3158 1012 3432 1084 Ἐχιναίου
3460 1016 3516 1069 in
3547 1013 3715 1071 Chal-

2118 1097 2301 1151 cedon.
2338 1112 2393 1163 p.
2424 1097 2548 1150 101.
2586 1096 2704 1151 Non
2739 1097 2939 1151 alia‘ac
2980 1095 3214 1151 Echieus
3242 1097 3482 1153 videtur.

2188 1178 2323 1234 Ibid.
2352 1180 2609 1234 “ratam.
2632 1179 2868 1235 Additur
2894 1180 2964 1233 ab
2996 1179 3161 1235 editis
3190 1188 3246 1235 et
3273 1196 3436 1236 manu
3463 1185 3719 1241 exaratis

2122 1263 2481 1333 μητρόπολις,
2510 1264 2624 1319 acsi
2657 1263 2867 1334 Hypata
2898 1262 3402 1333 Thessalim'caput
3431 1274 3483 1320 et
3505 1278 3711 1323 metro-

2118 1347 2252 1414 polis
2288 1344 2499 1402 iuisset.
2544 1347 2689 1409 Idem
2736 1347 2875 1402 velle
2928 1347 3143 1403 diceres
3183 1349 3471 1418 Apuleium
3529 1350 3713 1407 Heta-

2121 1430 2325 1499 morph.
2358 1448 2399 1493 1,
2457 1446 2508 1500 p.
2542 1430 2643 1485 104
2676 1447 2689 1483 :
2733 1428 3014 1497 Comperto
3057 1431 3234 1501 itaque
3283 1431 3508 1501 Hypnus
3536 1474 3555 1499 ,
3593 1452 3713 1504 quc

2120 1514 2307 1569 civitas
2337 1525 2539 1568 cuncta:
2580 1513 2939 1570 Thessalonice
2987 1514 3293 1583 antepollet,
3347 1532 3461 1570 esse
3490 1534 3705 1573 cautus

2120 1610 2397 1653 recentem.
2447 1598 2553 1654 Sed
2607 1614 2694 1656 res
2756 1613 2915 1655 secus
2970 1599 3176 1654 habet:
3215 1599 3435 1656 Larissa
3488 1603 3707 1657 urbium

2122 1682 2420 1739 Thessaliae
2446 1694 2566 1739 erat
2595 1694 2779 1755 caput.
2810 1683 3037 1740 Rectius
3068 1683 3251 1754 itaque
3278 1685 3621 1755 μητρόπολις
3649 1687 3703 1741 in

2122 1765 2457 1821 Constantini
2483 1767 2520 1822 l.
2553 1782 2590 1821 tt
2644 1767 2825 1822 Them.
2851 1766 2888 1820 2
2924 1766 2994 1821 ab
3025 1766 3126 1822 hac
3159 1769 3546 1838 distinguitur;
3612 1786 3709 1826 nec

2121 1850 2266 1905 aliud
2298 1851 2466 1905 voluit
2498 1849 2797 1919 Hierocles,
2843 1859 2902 1904 ut
2934 1864 3000 1905 ex
3035 1849 3253 1906 urbium
3282 1852 3529 1923 catango
3576 1869 3707 1923 pro-

2121 1934 2315 1989 vincias
2343 1933 2666 2003 praescripto
2688 1942 2935 2003 apparet.

2197 2017 2335 2071 Ibid.
2368 2018 2751 2087 Μητρόπολις
2778 2017 3076 2074 Thessalia
3101 2019 3240 2073 hanc
3283 2018 3465 2074 urbem
3485 2033 3557 2075 ex
3586 2019 3713 2089 plu-

2122 2099 2278 2157 ribus
2302 2100 2515 2171 oppidis
2542 2098 2832 2157 conﬂatam
2871 2109 2927 2155 et
2951 2099 3163 2157 Triccae
3178 2110 3243 2156 et
3269 2100 3533 2172 Gomphis
3570 2103 3707 2157 vici-

2130 2201 2255 2240 nam
2302 2194 2572 2242 memerat
2611 2184 2874 2242 Strabo].
2903 2202 2981 2250 ιχ,
3006 2202 3061 2257 p.
3107 2186 3235 2242 457.
3268 2184 3384 2243 IIuc
3428 2187 3701 2257 pertinent

2123 2269 2675 2324 ΜΗΤΡΟΠΟΛΙΤΩΝ
2712 2270 2862 2324 numi
2891 2309 2905 2334 ,
2941 2284 3083 2340 equo
3117 2268 3433 2324 Thessalico
3467 2269 3702 2338 insignes

2125 2359 2266 2423 apud
2298 2352 2588 2409 Goltzium.
2614 2353 2738 2409 Fuit
2766 2363 2970 2416 autem,
2998 2352 3139 2423 quod
3166 2352 3359 2423 negligi
3399 2354 3585 2419 nolim,
3610 2367 3704 2422 po-

2125 2447 2241 2491 stea
2271 2435 2546 2492 Novarum
2573 2436 2862 2492 Patrarum
2894 2437 3014 2491 urbi
3051 2438 3354 2508 cognomen
3384 2452 3398 2489 :
3436 2436 3703 2491 Constan-

2125 2520 2274 2575 tinus
2301 2520 2650 2590 Μητρόπολις
2690 2521 2744 2574 αἱ
2778 2518 2876 2574 νῦν
2920 2520 3056 2574 Νέαι
3106 2520 3343 2593 Πάτραι.
3397 2520 3533 2575 Huic
3575 2536 3715 2589 ergo-

2122 2603 2410 2672 episcopus
2438 2603 2539 2658 fuit
2581 2601 2903 2675 Euthymius
2931 2603 3040 2657 τῶν
3076 2604 3235 2657 Νέων
3281 2604 3517 2674 Πατρῶν
3560 2606 3700 2675 apud

2123 2684 2372 2740 Nicetam
2391 2687 2693 2743 Choniaten
2713 2688 2863 2743 Ann.
2889 2688 3133 2743 Andron.
3153 2688 3410 2743 Conmen.
3431 2706 3471 2746 ιι
3500 2706 3552 2760 p.
3582 2691 3699 2753 I65.

2123 2770 2189 2825 de
2223 2769 2382 2841 cujus
2423 2770 2552 2826 sede
2582 2770 2766 2827 omnia
2798 2770 3009 2827 incerta
3036 2772 3172 2827 Abr.
3205 2772 3414 2830 Ortelio
3451 2773 3705 2829 videban-

2126 2859 2235 2903 tur.
3706 2882 3711 2886 .

2192 2931 2332 2987 Ibid.
2365 2931 2602 3002 Τρικκη.
2634 2934 2729 2990 Sic
2757 2935 3021 3006 oportuit,
3056 2944 3115 2991 ut
3142 2936 3225 2992 vel
3256 2952 3321 2992 ex
3346 2935 3581 2993 Homero
3609 2953 3706 2994 no-

2124 3022 2238 3070 tum
2277 3025 2382 3071 est.
2426 3015 2726 3088 Procopius
2772 3017 2954 3086 ίΕᾱὶῑ.
2985 3019 3126 3074 Just.
3178 3033 3251 3083 tv,
3301 3021 3337 3074 3
3378 3020 3712 3090 Τρικάττους

2123 3097 2381 3168 appellat,
2431 3100 2524 3155 sed
2560 3100 2794 3156 aliorum
2827 3110 3052 3172 peccato
3098 3120 3113 3157 :
3164 3103 3489 3173 scripserat,
3524 3103 3711 3167 credo,

2122 3181 2218 3234 καὶ
2254 3179 2432 3235 ἄλλων
2475 3181 2586 3236 τῶν
2624 3183 2717 3236 ἐπὶ
2754 3182 3061 3249 Θεσσαλίας
3108 3184 3317 3238 πόλεων
3360 3185 3613 3252 ἁπασῶν,
3656 3188 3713 3238 ὲν

2122 3260 2213 3328 αἷς
2246 3265 2566 3336 Δημητρίας
2604 3266 2665 3320 τέ
2725 3267 2844 3320 ἐστι
2882 3268 2979 3321 καὶ
3023 3269 3378 3340 Μητρόπολις
3415 3270 3589 3339 ὄνομα
3618 3271 3717 3323 καὶ

2121 3348 2333 3419 Γόμφοι
2371 3349 2465 3402 καὶ
2482 3349 2718 3420 Τρίκκα,
2738 3351 2864 3415 τοὺς
2892 3352 3216 3422 περιϐόλους
3239 3353 3711 3423 ἀνανεωσάμενος.

2121 3430 2306 3487 Serior
2328 3442 2461 3486 aetas
2481 3433 2697 3489 Tricala
2719 3435 3030 3505 appellavit.
3048 3435 3334 3506 Catalogus
3352 3433 3563 3488 urbium
3586 3449 3720 3504 quas

2123 3529 2322 3570 nomen
2358 3524 2667 3582 mutarunt,
2708 3518 2919 3574 Codino
2954 3534 2986 3574 a
3018 3519 3138 3575 Jac.
3169 3517 3344 3574 Gauro
3379 3534 3437 3589 p.
3463 3517 3571 3573 404
3605 3519 3713 3574 ad-

2101 3599 2309 3657 ditus:
2346 3599 2559 3672 Τρίκκη
2582 3601 2648 3656 τὰ
2669 3602 2765 3657 νῦν
2785 3603 3051 3674 Τρίκαλα.
3086 3602 3197 3660 Nec
3226 3603 3333 3659 alio
3357 3603 3579 3658 nomine
3607 3604 3713 3657 An—

2123 3700 2209 3739 na:
2237 3683 2482 3740 Alea-iud.
2516 3702 2546 3742 v
2574 3703 2627 3757 p.
2658 3687 2760 3743 158
2790 3697 2916 3743 nota
2945 3697 3031 3743 est
3062 3705 3076 3742 :
3115 3696 3172 3744 et
3217 3687 3433 3743 Tzctzaa
3478 3685 3709 3740 Cltiliad.

2122 3784 2201 3835 tx,
2226 3766 2334 3823 280
2375 3786 2391 3824 :
2428 3768 2628 3838 Χώραν
2671 3770 2771 3842 τὴν
2818 3771 3117 3825 Θετταλίαν
3161 3770 3220 3825 δὲ
3269 3769 3595 3839 συνεκτικὴν
3626 3786 3721 3839 μοι

2121 3853 2254 3919 νόει,
2272 3853 2437 3918 Φθίας
2461 3855 2554 3908 καὶ
2579 3854 2928 3926 Φαρασαλίας
2954 3854 3032 3921 δὲ,
3063 3854 3346 3925 Λαρίσσης
3374 3854 3470 3908 καὶ
3498 3854 3543 3907 Τ
3550 3853 3713 3923 pucd-

2121 3937 2252 4003 λων,
2288 3934 2693 4007 Δημητριάδος,
2738 3938 2954 3993 Ἰώλκου
2983 3939 3079 3993 καὶ
3102 3937 3409 4010 Γλαφυρῶν
3476 3938 3570 3991 καὶ
3592 3937 3721 3989 Φοί-

2122 4020 2247 4089 6ης.
2282 4019 2341 4075 In
2375 4020 2575 4089 quibus
2602 4021 2663 4073 τὸ
2688 4021 2889 4091 Φοίϐης
2923 4022 3223 4078 absurdum
3257 4029 3366 4087 est,
3400 4037 3468 4076 ex
3515 4018 3714 4088 Βοίϐης

2126 4113 2344 4170 natum,
2381 4104 2544 4160 sicuti
2587 4102 2753 4159 Iliad.
2787 4104 2828 4158 Β
2858 4104 2963 4160 712
3000 4105 3285 4160 docentur.
3320 4104 3508 4173 Itaque
3545 4103 3724 4170 longo

2122 4195 2397 4243 terrarum
2430 4193 2611 4244 tractu
2646 4202 2678 4242 a
2710 4202 2842 4243 vero
2876 4189 3098 4244 aberrat
3121 4186 3387 4256 Congius,
3426 4200 3549 4242 cum
3579 4182 3719 4238 Not.

2122 4270 2175 4323 in
2204 4269 2451 4327 Alexiad.
2479 4286 2533 4342 ρ.
2564 4269 2667 4326 100
2695 4271 2907 4327 Tricala
2936 4269 3125 4326 urbem
3150 4271 3219 4324 ad
3246 4270 3590 4342 Strymonem
3623 4267 3721 4320 Ilu-

2124 4352 2270 4408 vium
2302 4369 2427 4410 esse
2461 4355 2728 4428 decernit.

2193 4436 2331 4494 Ibid.
2366 4439 2716 4508 Καισάρεια.
2758 4438 2993 4496 Pulchre
3037 4440 3112 4495 ita
3157 4439 3573 4495 Constantinus.
3604 4434 3723 4489 Ila—

2122 4520 2215 4575 bet
2237 4535 2357 4576 eam
2388 4521 2684 4578 Thessaliae
2716 4525 2929 4587 urbem,
2955 4539 2983 4577 a
3004 4521 3315 4579 Iustiniano
3338 4524 3729 4586 instauratam,

2123 4605 2424 4678 Procopius
2462 4607 2631 4666 Fabr.
2673 4627 2747 4676 tv,
2776 4611 2832 4665 5.

2196 4696 2330 4751 Ibid.
2373 4694 3008 4766 Διοκλητιανυύῑεολις.
3057 4695 3320 4766 Apposita
3360 4703 3480 4749 crat
3529 4692 3727 4765 paludi

2122 4781 2422 4848 Castorite;
2451 4781 2765 4851 quamdein
2812 4795 2843 4834 a
2891 4779 3141 4834 barbaris
3192 4780 3431 4832 dirutam
3478 4775 3725 4847 egregiis

2125 4865 2386 4937 operibus
2417 4863 2763 4920 Justinianus
2798 4863 3033 4918 munivit
3068 4861 3330 4932 Procopio
3379 4860 3517 4917 Fab.
3566 4856 3720 4912 Just.

2126 4967 2199 5014 tv,
2226 4951 2259 5004 4
2306 4958 2549 5004 auctore.
2582 4947 2839 5004 Fortasse
2887 4963 2992 5002 non
3041 4946 3145 5001 alia
3186 4956 3269 5003 est
3313 4960 3378 5000 ac
3423 4942 3723 5007 Castoria,

2124 5035 2280 5102 cujus
2305 5036 2455 5089 Anna
2487 5035 2538 5088 in
2579 5035 2677 5089 hac
2706 5035 2906 5091 vicinia
2934 5034 3179 5089 Alexiad.
3209 5050 3329 5104 v,p.
3355 5033 3458 5088 I52
3476 5040 3534 5087 et
3559 5031 3724 5089 Caul’.

2126 5117 2416 5175 Malaterra
2456 5117 2598 5174 Hist.
2640 5118 2817 5175 Sicut.
2852 5135 2936 5184 ιιι,
2966 5120 3037 5175 29
3065 5128 3229 5190 atque
3258 5118 3350 5172 alii
3390 5116 3510 5185 ejus
3542 5116 3735 5171 (etatis

2129 5203 2516 5258 meminerunt.

2202 5287 2341 5342 Ibld.
2384 5286 2728 5357 Φάρσαλος.
2780 5285 2895 5343 Hoc
2946 5301 3010 5342 ex
3058 5284 3424 5341 Constantino
3474 5289 3725 5352 praestat.

2131 5371 2226 5426 Est
2249 5372 2302 5425 in
2332 5373 2603 5443 Epltesino
2630 5388 2787 5430 conc.
2832 5388 2888 5441 ρ.
2920 5370 3025 5425 456
3079 5368 3380 5440 Πεῤῥέϐιος
3421 5365 3725 5437 Φαρμάλου

2131 5471 2231 5527 pro
2262 5456 2570 5528 Φαρσάλου.
2592 5456 2747 5524 Quod
2771 5471 2897 5511 vero
2921 5469 3032 5524 prae
3063 5454 3252 5524 primis
3275 5467 3451 5519 oper-re
3478 5451 3722 5520 pretium

2134 5539 2297 5594 fuerit
2325 5542 2525 5600 notari.
2564 5541 2704 5596 idem
2740 5539 2937 5609 praesul
2970 5554 3021 5609 p.
3068 5537 3175 5607 478
3206 5536 3316 5589 τῶν
3368 5533 3723 5588 Θετταλικῶν

2131 5622 2373 5688 Σαλτῶν,
2413 5623 2851 5678 Tltcssalicorutn
2884 5622 3154 5683 Saltuttm,
3196 5632 3527 5689 quamquam
3577 5617 3724 5671 male

2138 5724 2192 5778 p.
2218 5704 2320 5762 5‘26
2346 5704 2450 5760 τῶν
2470 5703 2910 5763 Θεσσαλονικέων
2936 5700 3155 5759 Σαλτῶν
3182 5700 3413 5767 dicitur;
3435 5697 3580 5755 unde
3606 5708 3726 5751 non
