1990 3105
122 146 194 178 1089

122 203 218 237 injuria
242 202 352 236 colligas
377 203 479 235 Saltus,
501 204 546 237 qui
574 211 634 229 mox
663 208 825 238 sequentur,
847 204 909 231 huic

122 245 193 276 urbi,
211 244 343 279 siquidem
359 244 479 278 ejusdem
493 245 613 279 episcopi
627 252 701 271 cura:
714 245 821 272 luerunt
840 253 911 272 com-

122 286 208 317 missi,
230 286 334 312 vicinos
350 286 443 313 fuisse.
460 286 555 320 Itaque
572 290 598 312 et
615 286 665 312 hac
683 286 746 312 sedc
766 286 913 320 episcopali

121 327 286 362 Geugraphia
302 328 332 355 S.
347 328 436 355 Caroli
453 336 467 354 a
484 329 512 354 S.
529 327 612 354 Paulo
629 332 771 361 augeatur.

157 369 217 395 Col.
242 369 303 396 144.
314 371 406 395 Σαλα
412 370 635 403 ϐουριιμίνσιον.
646 368 841 395 Constantinus
850 368 915 393 Βου-

124 410 293 444 ροαμίνσιος,
308 411 378 437 utnle
395 412 485 438 verius
498 411 634 437 videbitur
647 410 746 440 Σαλτὸς
759 409 914 443 Βουραμίν-

124 460 190 483 σιος,
204 457 249 478 aut
261 451 494 478 utConslantinus
505 452 578 485 legit,
589 456 615 477 et
626 459 685 477 mox
698 450 798 481 Σαλτὺς
809 450 913 482 Ίόόιος,

124 501 172 526 pro
193 501 246 527 quo
260 494 453 519 Constantinus
478 492 602 518 Ἰωάννου
621 492 688 526 βίος.
704 492 808 519 Nomen
833 496 874 518 est
899 499 913 516 a

120 535 203 568 jngis,
223 534 327 561 crebris
349 534 491 561 arboribus
516 535 649 565 consitis,
669 541 729 567 quae
744 534 769 560 in
792 532 914 559 Pharsali

126 576 221 602 vicinia
240 581 324 602 erant.
344 575 467 602 Lucanus
491 583 526 607 vt,
541 576 594 601 576
614 577 695 609 :‘qua
711 575 776 608 juga
803 575 914 600 devexus

126 616 268 643 Pharsalia
290 617 400 650 porrigit
427 616 469 642 lla
479 625 547 642 mus.
565 616 628 649 Cui,
644 617 714 650 quod
736 615 858 642 Ihetnum
880 622 914 641 ex

124 657 216 684 ultima
233 658 347 685 Thracia
365 659 416 685 huc
436 659 617 690 transtulerit,
638 660 659 685 si
686 658 767 685 lidere
785 658 864 689 nolis,
882 664 914 683 ex

124 697 258 726 Strabone
278 705 305 726 et
328 700 434 726 Cir-sate
456 700 529 726 nullo
547 700 655 735 negotio
676 706 824 734 cognosces
841 699 914 733 iugis

124 745 151 765 et
166 742 280 768 saltibus
296 742 368 767 httne
386 745 501 767 tractum
517 740 600 768 fuisse
617 749 754 775 asperutn.
775 740 810 767 De
832 740 915 766 titulis

126 782 222 808 horum
241 783 357 809 saltuum
373 782 396 809 si
414 783 563 816 rogaveris,
578 783 632 809 alio
651 783 697 809 tibi
711 790 778 816 opus
796 782 849 808 erit
865 781 914 807 do-

124 830 198 851 ctore
215 834 221 852 :
242 833 290 859 ego
304 826 374 852 enim
390 834 450 852 cum
468 825 650 860 ignarissimis
663 825 730 851 scio.

162 866 227 892 Ibid.
251 866 353 900 Νῆσες
376 868 540 899 Σκόπελος.
563 866 647 893 llnbet
669 873 729 893 eam
754 865 914 892 Ptolctnmus

123 907 194 933 circa
205 907 393 934 Thermaicum
403 909 502 935 sinum.
515 908 607 934 Ituben
621 907 765 941 episcopus
775 906 913 932 Σκοπέλου

124 950 267 977 scribendo
283 950 369 977 adfuit
393 950 515 977 Concilio
530 949 636 976 Nicaeno
654 949 791 979 secundo;
809 955 857 974 nec
871 955 914 973 as-

125 992 306 1018 severaveritn
332 996 438 1024 tatttcn,
457 1000 517 1019 cutn
543 991 632 1025 plures
657 997 690 1017 eo
711 990 766 1017 sittt
792 989 912 1020 nomine,

124 1033 187 1060 huic
204 1034 298 1060 insulae
312 1034 465 1068 impositum
487 1033 580 1060 fuisse.

159 1075 226 1102 Ibid.
250 1075 318 1101 Ὑπὸ
343 1075 527 1101 ἀνθύπατον.
546 1075 602 1101 Duo
618 1077 696 1100 erant
719 1072 839 1099 Orientis
863 1071 914 1097 itn-

125 1116 190 1150 pcrii
207 1116 392 1150 proconsules,
409 1116 479 1142 Asiw
502 1119 529 1142 et
551 1114 669 1146 Achaia;
692 1120 721 1141 ut
738 1112 824 1139 Notit.
851 1112 913 1145 imp.

93 1162 98 1169 λ’
126 1161 172 1185 Ur.
186 1166 210 1184 c.
224 1158 233 1183 l
248 1159 336 1185 docet.
357 1157 505 1192 Utriusque
522 1157 704 1184 meminerunt
728 1156 914 1189 imperatores,

125 1201 196 1227 illius
212 1201 237 1226 in
254 1200 271 1226 l.
288 1201 316 1232 ι,
333 1207 357 1227 c.
373 1201 422 1227 Th.
441 1200 473 1227 de
488 1200 625 1227 Patrocin.
639 1198 778 1228 Vicorum,
796 1197 874 1230 hujus
886 1195 906 1222 Ι.

125 1244 172 1269 ult.
197 1242 229 1268 de
254 1242 321 1268 lion.
341 1241 454 1268 Vacant.
476 1240 626 1267 VE'I‘TIUS
647 1239 800 1267 AGOIIIUS
819 1238 915 1265 PII/E-

125 1283 314 1310 TEX'I‘ATUS
334 1282 538 1310 l‘llOCOASUL
557 1281 698 1309 ACllAI/E
717 1286 758 1308 est
783 1281 808 1307 in
837 1279 914 1306 Tllet.

126 1335 151 1360 ι).
168 1326 250 1358 MCll,
266 1326 293 1352 ‘2.
312 1325 408 1352 St‘dent
424 1326 546 1353 Corinthi
564 1325 690 1351 habuisse
699 1332 731 1350 ex
746 1323 763 1349 ι.
778 1322 804 1348 2.
821 1330 846 1349 c.
863 1322 914 1348 Th.

124 1371 157 1398 de
175 1370 301 1397 Ατιιιειιι.
315 1369 467 1403 eLAristide
479 1373 544 1396 tom.
562 1368 581 1401 l,
597 1375 622 1401 p.
637 1368 671 1394 45
688 1371 759 1394 recte
769 1366 915 1400 colligitur.

160 1412 228 1439 Ibid.
245 1412 389 1445 Σκαρφια.
401 1411 540 1446 Σκάρφεια
555 1410 656 1437 rectius
670 1409 726 1436 alii.
742 1408 806 1435 Erat
817 1408 917 1436 Locro-

125 1462 184 1480 rutn
207 1452 455 1487 Epicnemidiorum
469 1453 542 1484 urbs,
561 1458 614 1477 non
630 1450 742 1476 multum
759 1458 773 1476 a
786 1449 918 1476 Thermo-

125 1496 212 1531 pylis;
230 1502 284 1529 qua
305 1494 338 1521 de
355 1494 404 1521 viri
423 1494 495 1521 docti
515 1494 549 1521 ad
571 1493 701 1527 Stephan.
718 1496 744 1518 ct
769 1491 918 1518 l’ulmerius

123 1538 157 1566 C.
170 1539 201 1564 Α.
222 1545 248 1569 v,
265 1537 291 1563 5.

160 1579 227 1606 Ibid.
246 1578 398 1605 Ἐλατίνα.
413 1576 458 1605 Sic
472 1584 537 1604 mss.
550 1574 746 1603 Constantinus
758 1573 776 1600 I.
790 1581 820 1606 tt,
832 1573 917 1600 them.

125 1621 142 1648 5
163 1620 304 1648 Ἐλευσῖνα
322 1620 387 1655 legit
398 1641 405 1652 ,
421 1626 481 1654 qum
498 1623 588 1645 tamen
604 1625 665 1645 cum
680 1617 706 1644 in
721 1616 809 1643 Attica
825 1614 918 1648 fuerit,

126 1663 232 1697 longius
248 1663 281 1690 ab
299 1662 420 1694 urbibus,
438 1661 536 1695 quibus
551 1660 601 1687 ltoc
622 1659 682 1687 loco
698 1659 787 1686 cincta
803 1662 855 1690 cst,
878 1664 917 1684 re-

126 1705 208 1731 cedit.
221 1705 307 1731 Credo
319 1703 445 1730 Ἐλατείσ.
461 1703 569 1729 venisse
584 1702 618 1729 ab
631 1700 765 1732 Hierocle,
777 1706 838 1734 qua:
850 1699 920 1726 Pho-

126 1746 194 1773 citlis
211 1747 276 1773 urbs
290 1753 342 1772 non
366 1745 435 1772 male
453 1745 496 1771 hic
518 1743 662 1770 Iocabitur.
682 1742 837 1768 lleddamus
858 1747 917 1767 eam

127 1787 239 1814 Libattio
255 1792 320 1814 tom.
335 1785 356 1818 l,
367 1785 519 1819 p.110,ubi
534 1785 566 1812 de
577 1783 706 1811 [Esehine
718 1792 723 1809 :
734 1783 852 1809 Ἐκεῖνον
864 1781 919 1815 ἐγὼ

127 1829 175 1855 καὶ
198 1828 247 1862 τῆς
269 1829 297 1854 ὲν
316 1827 471 1862 Χαιρωνείᾳ
492 1826 622 1859 αἰτιῶμαι
646 1825 809 1859 συμφορᾶς·
826 1825 843 1858 ἡ
870 1824 919 1857 μὲν

127 1871 182 1905 γὰρ
197 1869 271 1904 μάχη
281 1869 368 1895 ταῦτα
388 1867 510 1901 ἐποίησε,
523 1867 572 1901 τὴν
588 1866 616 1892 δὲ
637 1866 725 1897 ἔξοδον
745 1865 843 1891 ΕΩΤΕΙ
855 1872 920 1889 κατ-

126 1913 295 1947 ειλημμένη.
319 1910 365 1937 Sic
392 1910 476 1937 edunt
508 1909 706 1941 emendantque
731 1907 760 1931 ὲν
789 1905 918 1947 Betui-cla}.

127 1955 236 1987 Quanto
249 1953 344 1980 melior
361 1951 584 1983 Eii-remquam
600 1948 694 1974 critice
705 1947 845 1973 addicente
858 1946 920 1973 rhe-

129 1997 180 2023 tori
206 1995 327 2023 restituit
348 1994 389 2020 vir
408 1992 532 2027 egregius
556 1989 598 2017 Ti.
615 1988 836 2016 Ilemsterhusius
872 1989 920 2013 tir-

127 2044 238 2072 matque
249 2037 369 2071 ejusdem
381 2035 497 2062 oratoris
515 2032 604 2060 verbis
616 2036 684 2058 tom.
700 2030 720 2062 l,
735 2038 761 2064 p.
774 2030 826 2056 155
840 2028 922 2072 ;Ἐγῲ

128 2081 155 2106 δὲ
171 2071 216 2106 noti.
230 2079 284 2105 τῶν
298 2080 327 2105 ὲν
344 2076 499 2113 Χαιρωνείᾳ.
520 2074 613 2101 κακῶν
625 2072 756 2107 αἰτιῶμαι
768 2072 813 2098 τδν
831 2071 923 2106 Αἰσχί-

129 2131 188 2156 νην.
203 2122 260 2148 Οὐκ
272 2121 305 2147 ἂν
320 2120 376 2154 γὰρ
396 2118 508 2153 ἐξῆλθεν
524 2119 564 2149 εἰς
579 2115 751 2151 Χαιρώνειαν
773 2114 921 2149 Ἀθηναῖοι,

131 2164 170 2199 μὴ
198 2163 310 2197 κατειλη
316 2162 422 2197 μμὲνης
444 2159 584 2190 Ἐλατείας
590 2178 596 2185 .

168 2205 236 2231 Ibid.
254 2204 310 2230 Βοὲ
334 2203 382 2230 καὶ
400 2202 520 2236 Δριμύα.
538 2198 672 2235 Conjungi
696 2198 754 2225 haec
773 2197 799 2224 itt
820 2197 923 2224 Farne-

129 2246 214 2274 siauis
231 2245 339 2273 schedis
352 2244 380 2271 L.
393 2243 558 2271 Ilolsteinins
574 2242 689 2273 tuonuit,
705 2239 775 2275 quod
787 2239 864 2265 facile
875 2246 923 2273 pa-

131 2289 193 2320 tiar,
212 2287 291 2315 modo
308 2294 342 2314 tte
361 2294 408 2321 pro
421 2286 515 2313 eadem
532 2283 694 2311 habeantur.
709 2282 787 2308 I‘rius
803 2281 830 2307 in
846 2281 923 2307 Βοίον

130 2330 213 2365 Bojon
237 2329 313 2356 abire
332 2328 426 2359 debet,
442 2326 569 2361 oppidum
591 2324 698 2352 Doridis
722 2324 790 2350 Satis
810 2328 921 2355 notum,

129 2373 244 2400 alterum
258 2372 283 2397 in
299 2370 451 2406 Δρυμαίαν,
467 2376 529 2403 quae
545 2368 616 2395 inter
633 2366 757 2392 I‘hocidis
773 2365 895 2398 regiones
908 2372 923 2391 a

129 2415 230 2447 I’linio,
248 2413 347 2440 rectius
364 2412 398 2439 ab
413 2411 473 2437 aliis
488 2411 557 2437 inter
571 2408 652 2435 nrbes
667 2405 796 2433 refertur.

166 2456 233 2483 Ibid.
248 2454 371 2481 Δαυλία.
391 2452 508 2479 Δαυλιαν
529 2450 578 2484 τῆς
590 2448 708 2479 Φωκίδος
725 2447 805 2474 habet
818 2446 924 2482 Thucy-

129 2499 205 2526 dides
221 2496 307 2530 n,‘29,
324 2503 404 2531 quam
422 2493 560 2521 Daulldem
584 2492 628 2520 alii
655 2493 762 2523 vocant,
778 2496 830 2525 qua
847 2490 879 2517 de
894 2496 924 2517 re

128 2541 161 2568 L.
179 2539 265 2567 Holst.
288 2539 314 2566 in
330 2537 504 2570 Stephanum.
624 2565 627 2567 1

166 2581 232 2609 Ibid.
258 2580 415 2614 Xspdwam.
431 2578 487 2606 Imo
497 2576 664 2613 Χαιρώνεια,
676 2581 706 2604 ιιι
718 2575 922 2605 Constantinus.

128 2625 306 2651 Chaeroneam
332 2622 442 2649 Boaulia:
467 2621 572 2652 urbem,
599 2620 646 2647 sed
672 2619 798 2647 Phocidis
826 2618 924 2645 linibus

129 2668 304 2702 proximam,
331 2665 485 2699 Stephanus
516 2671 529 2690 a
555 2663 707 2696 Clunrone,
735 2662 869 2698 Apollinis
896 2666 924 2690 et

130 2709 240 2736 Therus
256 2706 363 2741 Θηροῦς
380 2707 446 2738 ﬁlio,
465 2706 540 2733 initia
558 2710 585 2733 ct
598 2713 695 2733 nomen
711 2705 851 2739 accepisse
873 2712 923 2732 re-

130 2751 193 2783 l-rt,
207 2753 234 2776 et
252 2753 315 2776 ante
328 2755 389 2775 eum
408 2755 440 2774 ex
459 2747 575 2774 Hesiodo
589 2746 739 2775 Pausanias
765 2746 875 2774 Boeotio.
897 2754 921 2774 c.

129 2792 176 2820 40.
206 2789 300 2818 Fuerit
330 2795 420 2817 tamen
445 2789 585 2816 Chaeronis
608 2794 695 2816 mater
721 2796 786 2816 vero
815 2789 924 2816 nomine

130 2834 224 2861 'I‘huro
243 2831 339 2868 Θουρὼ
364 2835 487 2867 oportet,
505 2830 527 2857 si
551 2830 609 2857 urbi
634 2831 697 2858 huic
719 2831 824 2859 vicinus
847 2831 923 2859 collis

130 2875 244 2911 Θούριος
253 2880 279 2903 ct
293 2873 512 2910 Apollo’l‘hurius
529 2873 701 2913 indeﬂnomen
718 2874 880 2913 acceperint,
894 2879 923 2903 ut

531 146 728 179 COMMENT.
751 146 791 178 IN
812 148 1020 179 IIIEROCLIS
1041 150 1313 184 SYNECDEMUM.

1685 158 1755 192 1090

965 205 1127 234 Plutarchus
1143 208 1170 235 in
1187 209 1263 236 Sulla
1278 218 1303 245 p.
1319 211 1371 238 465
1384 217 1479 239 auctor
1504 218 1559 246 est;
1577 215 1648 248 quod
1666 216 1755 250 ipsunt

964 251 990 273 et
1004 254 1098 275 eorum
1123 251 1288 284 opinatione,
1302 260 1382 287 quam
1396 253 1495 281 ibidem
1510 254 1670 283 Plutarchus
1683 264 1757 284 com-

965 294 1107 330 memorat.
1124 292 1286 325 ﬁrmabitur,
1303 294 1347 328 qui
1365 302 1379 321 ει
1395 295 1473 327 bove,
1487 303 1540 330 quo
1552 296 1670 325 Cadmus
1688 300 1757 327 duce

939 339 941 345 τ
965 328 1072 373 itineris
1090 336 1149 358 erat
1165 340 1240 365 usus,
1255 342 1390 369 quemqu
1405 336 1462 371 θὼρ
1476 328 1618 365 Phoauices
1638 339 1759 373 appella—

965 370 1041 404 bant,
1067 374 1184 403 nominis
1200 383 1309 403 causam
1329 370 1495 411 repetebant.
1510 379 1592 406 Miror
1604 370 1693 407 autem
1706 381 1758 408 Or~

965 414 1088 441 chouteni
1105 416 1205 442 nullam
1219 417 1262 443 hic
1275 418 1406 445 rationem
1426 419 1534 453 haberi;
1548 428 1608 455 qua:
1625 422 1651 448 in
1667 426 1757 449 trans-

966 461 1047 482 cursu
1068 455 1217 489 jnvabitur.
1240 457 1334 486 Refert
1349 459 1479 487 Diodorus
1496 468 1530 492 tv,
1549 469 1576 496 p.
1594 461 1647 488 226
1662 466 1689 490 et
1706 463 1757 490 hoc

966 496 1036 540 inter
1050 497 1174 540 llercnlis
1189 501 1321 540 stupenda
1338 508 1419 535 opera
1441 510 1448 528 :
1472 502 1517 528 'Ev
1540 503 1568 529 δὲ
1589 505 1622 539 τῇ
1640 504 1757 540 Βοιωτίᾳ

963 538 1120 565 τούναντίον
1138 539 1281 574 ἐμφράξας
1295 540 1326 566 τὺ
1339 542 1403 575 περὶ
1419 543 1464 570 τὸν
1477 538 1620 572 Μινυεινὸν
1634 538 1755 580 ρεῖϐρονξ

965 581 1077 614 ἐποίησε
1092 581 1233 615 λιμνάζειν
1249 581 1298 615 τὴν
1314 581 1418 616 χώραν.
1435 583 1586 612 Palmcrius
1608 586 1754 614 Exercitu.

965 630 991 657 p.
1011 622 1062 649 100
1073 623 1163 649 nescio
1178 622 1249 655 quod
1263 622 1341 649 nobis
1358 623 1489 658 Μινυήῖον
1500 626 1609 660 ῥεῖθρον
1625 627 1756 661 obtrudit,

966 673 1018 698 quo
1037 665 1058 691 si
1075 672 1139 691 mss.
1157 664 1236 691 lectio
1256 665 1370 699 margini
1385 666 1493 699 appicta
1511 667 1537 692 in
1552 668 1694 695 consilium
1710 670 1759 695 ad-

966 706 1102 737 hibeatur,
1120 705 1199 732 facile
1214 705 1386 732 carebimus:
1403 707 1464 734 inde
1479 707 1551 734 cuitu
1570 708 1640 735 haud
1659 716 1758 744 magno

966 748 1103 774 nmlimine
1112 751 1239 781 exsurget
1253 747 1283 772 τὸ
1300 748 1363 782 περὶ
1374 748 1419 774 τὸν
1440 748 1568 775 Μινύειον
1595 748 1759 785 Ὀρχομενὸν

965 790 1084 824 ῥεῖθρον.
1107 788 1205 816 Verum
1223 789 1274 815 hoc
1292 797 1352 816 esse
1379 789 1512 817 Ilomerus
1529 790 1611 817 Iliad.
1628 791 1648 816 Β
1663 791 1715 819 515
1730 797 1758 819 et

966 831 1137 866 Thucydides
1153 839 1189 862 tv,
1206 830 1249 862 76,
1265 831 1430 866 Ὀρχομενὸν
1454 832 1500 858 τὸν
1512 832 1640 858 Μινύειον
1663 834 1757 867 ιιβριλΐο

966 874 1065 905 lanles,
1081 873 1235 899 ostendunt.
1250 872 1360 899 Fluvius
1376 878 1416 900 est
1431 873 1521 906 Melas,
1537 874 1688 901 ἀνατέλλων
1703 875 1758 901 ὑπὸ

965 916 1015 951 τὴν
1042 915 1119 941 πόλιν
1140 914 1194 941 τῶν
1214 914 1400 949 Ὀρχομενίων
1425 914 1510 947 πολὺς
1527 916 1574 942 καὶ
1590 916 1713 950 πλώϊμος
1729 917 1759 942 ὲν

966 956 1068 991 πηγαῖς
1086 954 1166 990 μόνος
1181 954 1236 981 τῶν
1262 954 1428 988 Ἑλληνικῶν
1443 955 1585 990 ποταμῶν,
1603 962 1631 982 ιιι
1654 955 1761 983 Plutar-

966 998 1033 1024 chus
1051 998 1077 1024 iu
1095 996 1173 1024 Sulla
1194 1004 1219 1031 p.
1233 995 1286 1023 465
1300 997 1347 1023 ait.
1362 995 1518 1023 Firmantur
1533 998 1634 1031 reliqua
1651 998 1759 1032 egregio

966 1039 1065 1073 lapide,
1079 1038 1157 1073 cujus
1170 1038 1336 1072 epigramma
1353 1037 1468 1065 Donian.
1488 1038 1616 1074 Inscript.
1630 1038 1716 1066 Class.
1740 1047 1759 1070 ι,

966 1080 1001 1107 98
1017 1087 1103 1114 nuper
1118 1080 1249 1106 inscrtum
1263 1083 1315 1109 est,
1337 1079 1385 1106 sed
1411 1080 1567 1107 mendosius
1589 1085 1758 1114 excerptum.

972 1121 1047 1148 Adde
1062 1120 1187 1148 eumdem
1205 1119 1380 1147 Plutarchum
1399 1121 1425 1147 in
1441 1120 1567 1154 Pelopida
1584 1129 1611 1155 p.
1625 1121 1687 1148 286.

1003 1162 1070 1189 Ibid.
1090 1162 1257 1196 Ἄμφισσα.
1277 1161 1342 1188 Erat
1365 1162 1390 1188 in
1415 1162 1560 1189 Ozolarum
1584 1168 1611 1189 et
1634 1163 1761 1190 Phocidis

969 1204 1079 1237 ﬁnibus,
1102 1204 1199 1231 stadiis
1224 1202 1276 1230 120
1305 1203 1415 1237 Delphis
1442 1208 1582 1238 separata.
1610 1205 1760 1231 Pausanias

967 1245 1051 1274 I’ltoc.
1068 1254 1092 1273 c.
1110 1246 1156 1273 58.

1003 1287 1070 1315 Ibid.
1084 1286 1203 1321 Τιοώρα.
1221 1286 1278 1314 Sita
1292 1290 1351 1313 erat
1368 1287 1401 1313 ad
1415 1287 1579 1314 Parnassum
1597 1287 1694 1314 stadiis
1707 1287 1762 1314 cir-

967 1330 1035 1357 citer
1046 1329 1080 1356 80
1092 1338 1105 1355 a
1129 1329 1248 1363 Delphis,
1268 1328 1411 1360 Pausania,
1428 1329 1469 1355 cui
1486 1329 1604 1364 Τιθορέα
1634 1335 1661 1355 et
1678 1328 1759 1355 Τιθο-

968 1371 1043 1406 pata,
1060 1371 1131 1404 qtmd
1143 1375 1170 1397 et
1183 1369 1338 1404 Stephanus
1350 1377 1383 1396 ex
1399 1377 1432 1396 eo
1449 1370 1542 1401 habet,
1557 1375 1624 1397 teste
1638 1370 1721 1397 Phoc.
1735 1378 1760 1399 ι,

967 1420 1055 1440 xxxtt.
1070 1412 1230 1439 Plutarchus
1245 1412 1270 1438 in
1285 1410 1360 1438 Sulla
1373 1418 1398 1445 p.
1408 1411 1456 1437 .IGI
1473 1419 1554 1446 poene
1567 1419 1628 1438 cutn
1638 1410 1763 1439 Hierocle

968 1455 1116 1485 consentit,
1131 1454 1248 1488 Τιθόραν
1262 1452 1409 1486 appellant.

1003 1497 1071 1524 Ibid.
1092 1496 1265 1530 Ἀμϐροσος.
1293 1493 1463 1528 ’Δμὸρυσος,
1477 1494 1519 1520 vel
1541 1494 1675 1528 geminata
1696 1494 1763 1521 sibi-

969 1539 1052 1570 laute,
1076 1542 1105 1564 ut
1131 1537 1201 1571 apud
1226 1535 1391 1564 Pausaniam
1419 1535 1527 1562 Phaeic.
1557 1544 1582 1564 c.
1606 1543 1698 1569 xxxw,
1717 1537 1762 1564 ubi

970 1581 1107 1609 Parnasso
1134 1579 1291 1614 apponitur.

1005 1622 1072 1649 Ibid.
1087 1621 1237 1655 Κωρωνία.
1257 1619 1417 1654 Κορώνεια,
1433 1618 1489 1646 Sita
1507 1618 1630 1646 Coronea
1649 1624 1705 1646 erat
1730 1620 1763 1646 ad

969 1664 1107 1691 Phliarum
1121 1669 1247 1693 amnem,
1261 1661 1283 1688 si
1299 1660 1445 1688 Plutarcho
1464 1661 1490 1687 in
1512 1660 1648 1695 Lysandro
1669 1668 1695 1695 p.
1710 1660 1764 1688 450

969 1705 1077 1737 credis;
1091 1705 1114 1731 si
1126 1703 1268 1731 Pausanias
1282 1702 1392 1730 Bwotic.
1407 1710 1432 1729 c.
1447 1709 1537 1734 xxxiv,
1552 1702 1591 1728 Ad
1606 1701 1763 1735 Phalarum;

970 1748 1039 1776 utin
1058 1747 1145 1773 altero
1165 1749 1226 1772 utro
1245 1745 1340 1771 vitium
1360 1744 1434 1776 insit,
1452 1744 1532 1770 siculi
1548 1743 1607 1770 sine
1621 1743 1703 1770 dubio
1719 1749 1762 1770 est

970 1792 997 1818 in
1013 1790 1130 1817 Isocrate
1147 1788 1180 1815 de
1196 1786 1254 1821 Big.
1271 1794 1298 1821 p.
1313 1786 1362 1813 521
1381 1786 1446 1813 edit.
1465 1785 1546 1812 Basil.
1570 1783 1598 1811 Ὀ
1619 1784 1647 1810 δὲ
1671 1784 1764 1819 πατὴρ

970 1832 1053 1858 αὑτοῦ
1073 1830 1229 1865 μαχόμενος
1245 1829 1273 1854 ἐν
1293 1827 1451 1862 Χαιρωνείᾳ
1467 1828 1523 1858 τοῖς
1538 1825 1681 1860 πολεμίοις
1695 1826 1765 1852 ἀπέ-

971 1873 1052 1899 οανεν
1069 1880 1076 1898 :
1094 1871 1144 1904 legi
1160 1870 1232 1896 enim
1246 1869 1274 1894 ὲν
1286 1868 1430 1902 Κορωνείᾳ
1451 1868 1542 1902 debet,
1560 1867 1765 1900 adstipulorque

970 1911 1127 1941 emendanti
1141 1908 1346 1937 Hentsterhusio
1358 1908 1501 1935 nostro.lbi
1513 1907 1614 1934 Clinias
1625 1906 1764 1938 occubuit,

972 1954 1087 1982 testibus
1103 1952 1213 1979 Platone
1229 1951 1254 1977 in
1274 1949 1409 1976 Alcibiade
1423 1956 1443 1982 t,
1460 1956 1487 1984 p.
1503 1948 1554 1975 112
1571 1952 1597 1975 et
1619 1946 1766 1974 Plutarcho

971 1996 1057 2022 Alcib.
1073 2002 1099 2029 p.
1115 1993 1176 2021 ιρι.

1008 2037 1075 2064 Ibid.
1092 2035 1231 2069 Στήραις.
1247 2032 1360 2060 Videtur
1381 2039 1443 2059 esse
1461 2032 1570 2067 Στῖρις,
1584 2031 1764 2059 Pltocensimn

972 2077 1112 2112 Oppidum.
1130 2077 1163 2103 de
1175 2082 1229 2110 quo
1243 2074 1390 2101 Pausanias
1408 2073 1514 2100 Pliocic.
1531 2081 1556 2100 c.
1573 2081 1654 2100 xxxv.

1009 2119 1076 2146 Ibid.
1099 2116 1298 2148 Ἀναστάσιος
1317 2115 1381 2142 Mss.
1405 2116 1577 2146 ’Δναστάσις,
1590 2122 1643 2150 quo
1657 2115 1766 2141 nomine

973 2163 1036 2189 licet
1062 2160 1161 2187 nuilam
1181 2159 1261 2193 hujus
1281 2164 1336 2184 ora:
1357 2157 1450 2183 urbem
1471 2157 1602 2188 noverim,
1627 2161 1653 2183 et
1673 2155 1765 2190 plures

973 2210 1033 2231 sese
1054 2202 1112 2236 ejus
1129 2204 1300 2234 occupatura:
1319 2198 1410 2225 locum
1427 2197 1559 2230 offerant,
1583 2197 1648 2224 nihil
1675 2202 1764 2223 tatncu

973 2250 1079 2272 mutare
1104 2243 1226 2270 sustineo
1251 2249 1257 2268 :
1279 2240 1344 2275 quid
1368 2240 1390 2267 si
1418 2240 1491 2266 enim
1518 2239 1700 2267 Bmoticarunt
1718 2243 1765 2265 aut

974 2287 1100 2314 Phocidis
1123 2285 1211 2318 aliqua
1227 2290 1325 2310 nomen
1348 2281 1479 2309 mutavit?
1497 2285 1685 2316 exspectemus
1700 2287 1765 2314 ergo

974 2329 1060 2356 donec
1082 2327 1186 2354 meliori
1204 2333 1284 2352 manu
1307 2324 1408 2352 exarati
1424 2324 1531 2351 codices
1552 2323 1622 2350 aliud
1641 2322 1763 2355 jubeant.

1009 2369 1076 2397 Ibid.
1095 2369 1240 2402 "Euadne.
1257 2366 1334 2394 [land
1358 2367 1414 2393 scio
1436 2374 1470 2392 an
1494 2364 1622 2400 Αἵδηψος,
1650 2364 1765 2391 Euboea:

973 2411 1112 2445 oppidum,
1131 2409 1226 2441 fuerit;
1244 2415 1293 2434 nec
1308 2408 1406 2434 morari
1422 2414 1583 2441 quemquam
1600 2407 1678 2434 debet
1693 2406 1765 2441 quod

975 2452 1070 2480 insula:
1098 2455 1275 2485 praepoaatur
1291 2457 1298 2477 ε
1312 2449 1514 2483 apertissimum
1542 2448 1643 2483 quippe
1665 2453 1705 2475 est
1723 2447 1767 2481 ju-

974 2499 1046 2522 stum
1061 2492 1197 2524 ordinem,
1220 2490 1396 2526 negligentia,
1415 2494 1444 2517 ιιι
1461 2495 1536 2524 puto,
1552 2488 1703 2520 librarium,
1723 2488 1767 2516 hic

974 2543 1034 2564 esse
1051 2534 1216 2569 neglectum,
1232 2539 1319 2566 neque
1334 2537 1489 2560 accuratatn
1505 2532 1574 2559 situs
1588 2529 1707 2558 habitam
1722 2537 1767 2557 ra-

975 2578 1087 2605 tionem.
1100 2575 1216 2604 Carolus
1231 2583 1245 2602 a
1259 2575 1289 2603 S.
1307 2574 1390 2601 Paulo
1402 2575 1485 2609 νήσου
1504 2573 1621 2604 Εὐϐοίας
1641 2572 1765 2600 emendat

974 2625 1002 2647 et
1019 2619 1082 2647 huic
1102 2617 1163 2645 urbi
1187 2616 1354 2652 agglutinat;
1371 2624 1424 2651 quo
1449 2616 1529 2644 modo
1543 2613 1677 2643 omniain
1698 2613 1767 2641 vado

975 2661 1087 2689 fuerint.

1010 2704 1076 2731 Ibid.
1098 2702 1276 2738 Βουμέλιτα.
1293 2700 1430 2735 Nusquam
1449 2701 1520 2728 hanc
1535 2699 1624 2733 legere
1643 2697 1764 2726 memini.

974 2745 1100 2779 Possem,
1124 2746 1146 2772 si
1168 2745 1330 2772 vocabulum
1352 2747 1503 2774 secaretur,
1536 2742 1597 2768 inde
1622 2737 1716 2771 Βοῦλις
1738 2744 1766 2767 et

973 2789 1084 2821 Λίλαια,
1100 2787 1226 2815 Phocidis
1242 2787 1333 2820 urbes,
1346 2785 1437 2818 nasci;
1456 2785 1527 2821 quod
1543 2791 1610 2812 mss.
1627 2791 1679 2811 non
1691 2783 1766 2810 addi-

974 2832 1099 2860 centibus
1109 2839 1171 2859 cum
1187 2828 1458 2865 temerariumjideri
1472 2831 1566 2863 queat,
1576 2823 1591 2855 ὅ
1603 2826 1765 2861 corrigendo

976 2880 1129 2910 temperare
1147 2873 1232 2902 satius
1249 2872 1310 2899 crit.
