3958 6216
389 292 395 299 ’
480 313 615 380 1091

518 427 636 483 Col.
668 422 791 477 144.
830 418 1037 483 ’Ὑττης
1061 412 1311 467 Θύσθαι.
1336 407 1579 461 Monstra
1605 404 1718 457 haec
1745 406 1899 483 sunt,
1923 405 2044 464 qua?

447 529 515 567 an
540 481 809 581 profligari
843 481 1057 556 valeant
1081 496 1388 581 videamus:
1408 490 1537 581 Mss.
1564 481 2029 581 "ratoreiallaif,

541 563 657 661 'quo
686 563 990 658 posteriore
1016 579 1115 634 levi
1152 592 1317 647 opera
1354 572 1527 642 θίσϐη
1558 568 1881 630 exstruitur,
1909 563 2039 616 urbs

449 659 688 736 ιιωόιιω,
721 669 899 725 Statio
928 664 1183 720 Thebaid.
1210 677 1305 728 vn,
1334 659 1433 713 261
1473 673 1488 710 :

659 778 1000 847 Dionwisque
1038 774 1219 828 avibus
1244 771 1580 824 circumsona
1616 761 1826 826 Thisbe,

446 882 512 945 ex
558 888 795 944 Homero
839 884 990 940 lliad.
1034 882 1074 935 Β
1116 880 1241 936 502.
1280 878 1530 933 Alterum
1568 869 1738 943 Hylen
1770 870 1902 923 dare
1946 877 2043 933 po-

456 985 588 1037 teSI,
622 975 810 1026 urbem
844 969 1089 1038 ejusdem
1127 980 1238 1019 ora:
1272 960 1631 1022 maritimam,
1659 954 1833 1038 eidem
1865 948 2041 1038 Statio

446 1073 501 1110 ν.
558 1032 661 1111 9.67
720 1032 1096 1109 memoratam.
1154 1047 1211 1102 Si
1277 1056 1566 1112 utramque
1616 1032 2035 1108 improbaveris,

458 1138 772 1209 Ὑποθήϐας
801 1152 867 1190 an
907 1133 1166 1189 malueris
1208 1125 1505 1209 perpende,
1547 1132 1706 1178 notas
1751 1115 2038 1175 Homerico

448 1208 689 1276 carmine
716 1229 771 1274 et
804 1218 953 1286 Infra
988 1215 1185 1268 Thebas
1223 1209 1398 1263 Plinio
1428 1208 1621 1263 dictas.

520 1316 654 1371 Ibid.
692 1315 896 1382 Θῆϐαι.
931 1310 1114 1365 Dionis
1140 1303 1529 1377 Chrysostomi
1569 1310 1730 1356 aetate
1758 1296 2040 1382 majorgnr-

450 1399 533 1452 bis
558 1412 682 1465 pars
714 1377 773 1449 in
800 1394 973 1449 ruinis
1004 1400 1117 1446 erat
1138 1432 1153 1457 ,
1191 1398 1245 1442 ut
1277 1396 1420 1442 orat.
1470 1401 1565 1447 vn,
1595 1399 1649 1452 p.
1682 1381 1785 1434 I25
1820 1377 2038 1465 profite-

454 1460 573 1545 ιιιιξ
609 1493 706 1533 nec
734 1478 881 1532 aliud
912 1476 980 1530 de
1011 1488 1111 1528 suo
1137 1483 1380 1540 tempore
1412 1467 1732 1528 Pausanias,
1771 1477 1801 1515 a
1832 1460 2041 1545 Casauf

451 1541 593 1618 bono
638 1561 929 1622 excitatus,
973 1570 1152 1610 arcem
1205 1563 1415 1607 tantum
1460 1549 1757 1605 Cadmeam
1807 1541 2038 1600 habitari

451 1647 743 1700 :illirmaus.
790 1642 987 1697 Utrum
1022 1655 1053 1694 e
1082 1624 1373 1692 ruderibus
1402 1630 1784 1697 resurrexerit,
1812 1642 1881 1681 an
1904 1624 2041 1680 Cad-

454 1745 571 1785 mea
600 1728 944 1799 potissimum
976 1723 1170 1779 incolis
1200 1720 1364 1776 fuerit
1404 1720 1505 1776 sub
1536 1714 1860 1774 Christianis
1897 1711 2041 1768 cele-

454 1817 629 1879 brata,
656 1813 708 1867 in
746 1813 980 1866 obscuro
1012 1816 1118 1864 est.
1153 1806 1351 1861 Ilahuit
1386 1817 1543 1858 suum
1576 1800 1679 1856 sibi
1706 1799 2040 1879 episcopum,

454 1877 667 1968 quiia;
700 1893 953 1956 Ἑλλάδος
978 1892 1031 1945 in
1054 1889 1326 1952 conciliis,
1352 1885 1520 1968 veluti
1541 1883 1806 1951 Epheaino
1830 1895 1885 1949 p.
1916 1877 2042 1968 διδ,

455 1961 582 2045 dici,
610 1961 668 2033 ut
716 1992 746 2032 a
778 1974 1117 2033 Thessalicis
1150 1971 1352 2027 Thebis
1387 1967 1774 2036 distinguatur,
1819 1961 2041 2045 assolet.

456 2044 765 2132 Metropolis
805 2068 985 2115 autem
1047 2073 1153 2113 non
1200 2051 1573 2110 ecclesiastica
1627 2048 1722 2104 sed
1767 2044 2050 2132 civilishtt

458 2128 745 2201 honoraria
768 2143 886 2209 iuit,
908 2156 1135 2212 prorsus
1162 2150 1219 2194 ut
1236 2138 1461 2191 Athenae
1477 2133 1829 2189 Lacedmmon
1846 2139 1900 2183 et
1917 2128 2047 2212 Elis.

461 2228 634 2282 Unam
675 2211 939 2281 duntaxat
991 2224 1044 2278 in
1092 2220 1324 2293 singulis
1358 2217 1655 2289 provinciis
1704 2211 2051 2282 metropolim

458 2324 692 2363 canones
725 2306 1087 2363 ecclesiastici
1117 2310 1444 2375 agnoscunt,
1470 2308 1532 2355 ut
1565 2297 1856 2355 concilium
1889 2294 2052 2351 Chal-

457 2393 577 2447 ced.
607 2402 735 2447 tom.
771 2407 846 2457 ix,
881 2408 935 2462 p.
966 2390 1072 2446 105
1099 2389 1261 2445 docet
1286 2404 1301 2442 :
1328 2387 1394 2441 ab
1425 2384 1542 2454 eius
1565 2383 1824 2452 episcopo
1857 2377 2049 2445 reliqui

458 2476 817 2547 provinciales
841 2476 1334 2545 inattgurabantur,
1366 2470 1594 2539 ejusque
1628 2465 1865 2521 decretis
1900 2475 2053 2532 pare-

402 2626 403 2629 ,
461 2546 623 2627 bant;
658 2575 763 2628 qua
810 2560 1074 2630 dignitate
1110 2556 1165 2611 in
1204 2553 1411 2609 Achaia
1448 2551 1749 2606 Corinthus
1793 2547 1894 2601 fuit
1927 2546 2051 2630 illn-

460 2643 607 2698 stris.
644 2643 753 2698 Nec
806 2629 1072 2711 impedire
1104 2650 1283 2694 tamen
1314 2643 1526 2705 poterat
1564 2634 1698 2700 quin
1732 2631 1915 2699 plures
1956 2629 2053 2682 ho-

461 2726 689 2779 neraria:
715 2725 783 2779 ab
816 2723 1265 2793 imperatoribus,
1289 2718 1486 2788 quibus
1507 2716 1637 2771 solis
1658 2715 1711 2768 id
1740 2714 1832 2783 jus
1853 2711 2049 2767 concil.

461 2808 785 2871 Chalcedon.
820 2823 874 2875 p.
908 2806 1034 2860 619.
1068 2813 1180 2857 ιοιιι
1204 2804 1237 2856 8
1270 2800 1547 2864 tribuitur,
1571 2799 2051 2861 constituerentur;

459 2901 508 2943 et
546 2890 589 2945 si
624 2891 906 2959 potuisset,
950 2888 1085 2942 nihil
1131 2884 1423 2941 admodum
1465 2890 1585 2939 erat
1630 2898 1730 2937 cur
1773 2890 1984 2936 vetaret
2035 2898 2047 2932 :

463 2982 669 3027 tantum
708 2973 853 3029 enim
885 2972 1183 3042 diplomate
1222 2968 1577 3038 imperatorio
1608 2976 1806 3021 creata:
1849 2965 2054 3018 honore

462 3057 722 3126 ampliore
777 3058 1107 3125 gaudebant,
1148 3051 1475 3123 σωζομένων
1527 3053 1593 3122 τῇ
1636 3048 1758 3103 κατ’
1798 3047 2056 3116 ἀλήθειαν

466 3141 800 3212 μητροπόλει
830 3139 939 3192 τῶν
967 3138 1191 3191 οἰκείων
1223 3135 1467 3201 δικαίων,
1502 3135 1578 3190 uti
1606 3147 1778 3188 canon
1808 3130 1877 3184 1‘2
1899 3128 2055 3185 Chal-

463 3225 781 3280 cedonensis
809 3222 1022 3278 concilii
1055 3222 1266 3276 sciscit.

539 3320 674 3375 Ibid.
704 3318 938 3386 Χαλκή.
973 3316 1322 3385 Oportuerat,
1355 3322 1411 3367 ut
1444 3311 1697 3366 Carolnm
1727 3325 1755 3363 a
1796 3310 1855 3364 S.
1888 3307 2055 3363 Paulo

471 3403 776 3472 conjecisse
799 3402 976 3463 video,
1010 3399 1218 3461 Χαλκὶς
1250 3398 1418 3466 νήσου
1450 3394 1707 3455 Εὐϐοίας.
1743 3392 1945 3446 Vitium
1975 3405 2058 3444 sa-

468 3489 538 3539 tis
580 3493 855 3538 vetustutn
913 3495 1150 3546 auguror
1194 3481 1423 3546 ipsoque
1455 3474 1820 3530 Constantino
1854 3474 2005 3542 prius
2037 3485 2053 3524 :

465 3566 607 3632 quod
635 3564 779 3617 enim
821 3563 886 3615 de
922 3559 1170 3614 llierocle
1199 3560 1238 3612 ι.
1296 3574 1359 3622 ιι,
1391 3557 1585 3611 Them.
1615 3557 1647 3609 5
1679 3553 1881 3624 prodit,
1934 3570 2058 3606 συν-

465 3646 691 3715 αριθμεῖ
722 3644 778 3696 δὲ
812 3642 1039 3705 ταύταις
1064 3642 1156 3694 καὶ
1199 3642 1364 3711 νῆσον
1396 3641 1496 3705 τὴν
1533 3638 1787 3703 Εὔϐοιαν,
1815 3637 1884 3707 ἦν
1912 3653 2058 3702 τινες

468 3729 637 3785 Χάλιν
662 3729 696 3799 ἢ
727 3727 973 3782 Χαλκίδα
1010 3725 1388 3796 ὀνομάζουσιν,
1440 3725 1494 3779 id
1538 3726 1663 3780 hinc
1711 3738 1862 3777 suam
1895 3723 2049 3794 origi-

470 3830 588 3868 nem
614 3814 889 3883 accepisse
933 3810 1199 3879 suspicor.
1234 3808 1501 3864 IIesiodus
1528 3824 1624 3863 cur
1646 3807 1891 3861 Χαλκίδα
1925 3807 2059 3861 καλ-

466 3898 763 3967 λιγύναικα
837 3895 1062 3960 dixerit,
1103 3894 1341 3963 explicat
1383 3893 1739 3950 Casaubouus
1791 3894 1846 3948 in
1892 3891 2062 3948 Athe-

471 3982 569 4038 nazi
612 3982 648 4035 I.
690 3996 808 4041 xui,
844 3995 895 4035 c.
938 3978 992 4033 9.

538 4064 674 4121 Ibid.
735 4065 1022 4134 Πορθμός.
1076 4061 1427 4119 Creberrime
1486 4060 1645 4129 hujus
1689 4061 1832 4130 apud
1869 4061 2065 4115 Demo-

467 4151 715 4204 sthenem
755 4158 838 4204 est
876 4149 1098 4214 mentio,
1145 4147 1221 4200 ιιιὶ
1260 4142 1496 4212 Philipp.
1545 4159 1626 4209 in,
1667 4158 1721 4213 p.
1766 4144 1878 4200 69:
1909 4143 2061 4212 Πέμο

469 4249 563 4286 πει
607 4232 663 4285 δὲ
712 4232 917 4296 ξένους,
964 4233 1091 4293 τοὺς
1131 4230 1229 4300 μὲν
1281 4228 1363 4291 είς
1424 4227 1702 4297 Πορθμδν,
1750 4227 1843 4281 τὸν
1889 4227 2063 4298 δῆμον

469 4315 838 4379 ἐκϐαλοῦντας
870 4315 980 4369 τῶν
1024 4312 1377 4383 Ἐρετριέων,
1423 4311 1511 4365 tibi
1563 4311 1823 4381 Ulpianus
1869 4310 2064 4365 navale

472 4401 641 4455 fuisse
674 4400 1062 4455 Eretriensium
1104 4397 1284 4452 docet.
1316 4394 1551 4463 Philipp.
1587 4395 1642 4457 4,
1686 4410 1740 4463 p.
1773 4394 1840 4449 76
1869 4411 1881 4448 :
1923 4397 2065 4448 Κατ.

469 4485 713 4538 ἐσκαπτε
739 4483 995 4555 Πορθμὸν
1032 4485 1129 4534 καὶ
1158 4479 1455 4550 τυραννίδα
1478 4478 1786 4547 ἀπαντικρὺ
1814 4478 1913 4546 τῆς
1941 4479 2064 4531 Ἀτ-

468 4567 627 4636 τικῆς
649 4567 991 4637 ἐπετείχισεν
1020 4565 1149 4634 ὑμῖν
1180 4565 1239 4617 ἐν
1275 4567 1339 4632 τῇ
1380 4560 1607 4630 Εὐϐοίᾳ.
1637 4558 1711 4613 De
1751 4558 1911 4628 legat.
1941 4559 2061 4617 fals.

470 4665 523 4719 p.
565 4650 671 4704 ‘218
718 4668 732 4704 :
788 4651 896 4703 Καὶ
924 4647 1032 4717 μὴν
1092 4647 1186 4698 καὶ
1255 4645 1396 4714 μετὰ
1458 4642 1632 4695 ταῦτα
1690 4643 1878 4705 ὁσάκις
1930 4644 2065 4714 πρὸς

474 4733 713 4804 Πορθμῷ
745 4732 777 4799 ἢ
817 4731 955 4802 πρὸς
994 4728 1277 4798 Μεγάροις
1326 4725 1622 4790 ἀκούοντες
1674 4726 1902 4797 δύναμιν
1944 4728 2066 4780 Φιλ-

472 4816 640 4869 ίππου
675 4815 772 4868 καὶ
812 4814 997 4878 ξένους
1040 4812 1374 4882 ἐθορυϐεῖτε.
1416 4809 1550 4864 llinc
1600 4810 1779 4864 hausit
1810 4810 2063 4864 Aristides

476 4911 604 4954 lout.
634 4916 695 4967 ιι,
723 4914 778 4969 p.
808 4898 915 4953 240
954 4916 967 4951 :
995 4896 1085 4951 Ἐν
1127 4895 1370 4966 Πορθμῷ
1393 4894 1681 4958 Φίλιππος,
1706 4896 1762 4947 ὲν
1784 4894 2064 4966 Μεγάροις

471 4984 758 5048 Φίλιππος,
786 4982 925 5053 quod
951 4994 1241 5051 perperam
1264 4979 1493 5033 vertitur
1516 4977 1581 5031 In
1611 4978 1743 5045 freto
1766 4975 2062 5046 Philippus.

473 5068 603 5133 Quae
633 5083 753 5121 cum
796 5066 915 5135 ejus
965 5066 1017 5119 in
1056 5064 1260 5118 Euboan
1301 5062 1465 5117 situm
1500 5061 1640 5115 haud
1673 5062 1901 5115 obscure
1938 5076 2066 5115 cou-

471 5150 720 5216 stituant,
756 5166 861 5206 non
888 5150 1074 5219 utique
1104 5162 1269 5217 opera
1306 5148 1652 5201 recentiores
1687 5146 1916 5199 fuissent
1944 5159 2065 5215 geo-

472 5235 682 5304 graphi,
723 5235 766 5289 si
804 5233 1058 5304 oppidum
1094 5246 1191 5285 sua
1230 5244 1359 5283 cura
1394 5229 1618 5283 fuissent
1657 5227 1885 5298 dignati.

543 5318 679 5372 Ibid.
717 5317 1049 5386 Χάρυστος.
1094 5312 1405 5381 Κάρυστος
1447 5327 1546 5368 suo
1588 5326 1856 5367 marmore
1902 5313 2063 5367 nobi-

480 5402 660 5467 litata,
700 5412 756 5457 et
790 5417 912 5457 mox
948 5397 1239 5454 Πλαταιαί.

548 5486 685 5539 Ibid.
709 5486 1064 5555 Αἰγόσθενα.
1095 5482 1362 5554 Oppidum
1390 5490 1510 5535 erat
1539 5478 1894 5547 .‘llegaridis,a
1926 5479 2062 5534 Pau-

472 5570 651 5631 sauia,
687 5570 777 5638 qui
825 5570 879 5624 in
930 5568 1081 5623 vocis
1133 5583 1269 5623 sono
1320 5566 1516 5630 variat,
1564 5563 1767 5619 dudum
1816 5566 1885 5619 ab
1930 5566 2060 5621 Abr.

474 5650 721 5706 Betkelio
753 5652 991 5719 adjutus,
1029 5651 1193 5706 Attic.
1230 5666 1280 5706 c.
1316 5666 1440 5703 κων
1475 5650 1764 5719 signatum.
1830 5670 1843 5675 ~

548 5735 682 5790 Ibid.
719 5737 924 5805 Haj'al.
963 5735 1151 5793 Itidem
1203 5736 1255 5790 in
1300 5734 1567 5805 Megaridc
1622 5741 1816 5799 erant,
1860 5733 1954 5789 sed
2001 5734 2054 5793 in

1510 291 1887 356 ADDENDA.
1920 313 1985 323 —
2027 282 2096 344 P.
2130 278 2646 344 WESSELINGII

2158 390 2423 447 Boeotiam
2464 393 2744 457 vergente,
2780 383 2823 439 si
2877 382 3177 439 Pausanias
3225 397 3335 439 non
3389 380 3554 437 fallit
3593 396 3612 432 :
3665 397 3779 433 In!!!

2154 475 2349 531 Strabo
2402 483 2459 529 et
2496 472 2819 526 Ptolemaeus
2868 468 3013 524 sinui
3066 468 3424 523 Corinthiaco
3454 478 3777 535 apponunt

2151 557 2285 613 Vide
2309 557 2413 612 Ch.
2448 554 2737 611 CeIIarium
2766 552 2831 609 G.
2870 554 2934 606 A.
2968 569 3030 618 ιι,
3072 552 3160 617 15,
3192 566 3245 621 p.
3277 550 3454 606 1168.

2221 640 2354 695 Ibid.
2404 638 2726 708 Ἑμπόριον
2759 636 3071 705 Κρομμών.
3131 632 3473 705 Κρομμυὼν
3509 642 3778 702 oportet.

2146 732 2252 789 rat,
2285 721 2619 777 maritimum
2655 720 2709 774 in
2736 719 2983 774 Corinthi
3007 727 3064 773 et
3090 716 3382 788 Megaridis
3408 717 3651 771 ﬁnibus
3682 731 3776 784 οξξ-

2147 805 2354 877 pidum.
2399 804 2622 860 Seriore
2650 811 2814 858 atate
2857 809 3219 857 mercatorum
3251 798 3600 869 frequentia
3638 801 3779 853 cclc-

2148 890 2245 945 bre
2291 888 2462 945 fuisse
2499 896 2555 944 et
2593 894 2883 957 propterea
2932 882 3172 954 Emporii
3221 897 3428 939 nomen
3482 882 3778 952 indeptum

2145 972 2389 1028 videtur.

2220 1071 2356 1128 Ibid.
2392 1072 2630 1142 Αἴγινα.
2660 1068 2967 1140 Superbum
2991 1068 3111 1138 ejus
3144 1067 3306 1122 estin
3338 1067 3459 1121 vita
3493 1066 3563 1121 S.
3596 1066 3775 1121 Theo-

2146 1157 2293 1212 dora:
2308 1154 2807 1212 Thessalonicensis
2835 1152 3068 1222 elogium
3097 1166 3148 1206 c.
3170 1166 3186 1205 ι
3208 1151 3387 1221 quinti
3408 1151 3640 1219 Aprilis
3664 1167 3775 1205 ma-

2146 1238 2237 1306 gni
2271 1246 2580 1294 sanctorum
2613 1236 2794 1305 operis
2824 1252 2840 1289 :
2874 1235 3030 1288 Ἐστι
3056 1234 3237 1287 τοίνυν
3263 1233 3409 1302 αὕτη
3443 1235 3652 1302 νῆσος,
3692 1236 3776 1286 iu-

2147 1322 2266 1389 quit
2298 1321 2434 1375 Vita:
2460 1318 2577 1388 ejus
2608 1329 2819 1385 auctor,
2848 1317 2961 1371 τῶν
2988 1318 3048 1370 ὲν
3082 1315 3291 1371 Ἐλλάδι
3321 1318 3673 1385 κεφάλαιον,
3700 1317 3774 1377 ὡς

2147 1405 2332 1457 εἵνεκα
2381 1402 2477 1473 μὲν
2523 1402 2790 1472 μεγέθους
2824 1401 2917 1455 καὶ
2942 1400 3171 1463 κάλλους
3202 1400 3295 1454 καὶ
3325 1400 3553 1463 θέσεως
3593 1400 3775 1470 μείζω

2148 1487 2406 1551 καθάπαξ
2433 1486 2540 1540 τῶν
2584 1485 2894 1554 προσοίκων
2919 1485 3286 1556 ἀναφανῆναι,
3347 1488 3451 1537 καὶ
3486 1484 3649 1556 ρῦτω
3684 1480 3775 1552 με·

2148 1569 2320 1642 τίστῳ
2360 1569 2760 1640 παραλλάττειν
2797 1569 2876 1638 τῷ
2910 1567 3061 1638 μέσῳ
3097 1554 3175 1632 ὡξ
3218 1569 3312 1621 καὶ
3338 1554 3541 1621 δοκεῖν
3582 1567 3767 1630 πάσας

2146 1656 2247 1719 τὰς
2284 1657 2501 1726 νήσους,
2534 1654 2725 1725 ὥσπερ
2775 1653 2878 1706 οὐκ
2936 1652 3215 1722 ἀνταίρειν
3245 1651 3491 1722 ἐχούσας
3540 1652 3771 1722 Αἰγίνῃ,

2152 1738 2273 1809 μεθ’
2296 1738 2490 1809 ἡδονῆς
2534 1737 2646 1791 τῶν
2694 1734 3003 1807 πρεσϐείων
3044 1738 3423 1807 παραχωρεῖν.
3463 1735 3772 1790 Addunlnr

2151 1822 2309 1892 plura
2338 1822 2392 1877 in
2435 1820 2671 1885 Iaudem,
2702 1834 2824 1892 qua
2853 1835 2961 1875 non
3005 1822 3298 1877 exscribo:
3331 1820 3389 1875 id
3420 1820 3624 1876 obiter
3651 1834 3771 1874 mo-

2154 1906 2313 1971 nebo,
2346 1920 2450 1961 non
2485 1905 2658 1960 videri
2694 1904 2756 1959 Ι).
2781 1903 3208 1973 Papebroehium
3236 1911 3384 1958 recte
3410 1902 3763 1957 sententiam

2154 1990 2348 2046 horum
2407 1989 2697 2045 verborum
2747 1986 3082 2058 percepisse,
3133 1987 3229 2040 καὶ
3287 1987 3555 2055 χορηγεῖν
3610 1984 3769 2055 ἔχειν

2154 2074 2409 2129 ἐντεῦθεν
2461 2073 2602 2144 μετὰ
2640 2071 2840 2127 πολλοῦ
2908 2070 3197 2142 περιόντος
3232 2071 3303 2124 δι’
3332 2063 3404 2124 ὧν
3448 2072 3507 2122 αἱ
3561 2072 3767 2130 πόλεις

2160 2159 2443 2229 ἀμείνους,
2504 2149 2627 2212 εΐιιιι
2662 2164 2900 2211 verteret
2922 2172 3026 2225 quo
3057 2155 3119 2223 ﬁt
3151 2162 3205 2208 ιιι
3251 2155 3401 2208 urbes
3432 2154 3488 2207 in
3540 2170 3613 2208 ea
3661 2154 3763 2209 sint

2157 2240 2399 2309 plurima:
2430 2239 2521 2294 :id
2560 2240 2704 2294 enim
2744 2239 2941 2293 falsum
2981 2247 3085 2302 est,
3126 2250 3227 2292 nec
3256 2236 3450 2292 θεωρῇ
3494 2237 3760 2300 iunuunt,

2163 2333 2393 2388 tantum,
2438 2323 2640 2377 habere
2671 2337 2790 2377 eam
2832 2336 2953 2391 qua:
2985 2318 3460 2375 abundantissime
3490 2319 3630 2373 aliis
3669 2336 3758 2372 ur~

2157 2407 2339 2469 bibus.
2378 2406 2519 2461 unde
2543 2406 2801 2461 meliores
2827 2405 3081 2468 evadant,
3124 2403 3381 2472 prebeat,
3428 2402 3755 2457 indicantia.

2157 2490 2309 2546 Adde
2334 2490 2626 2544 Pindarum
2652 2488 2706 2543 in
2733 2488 2921 2545 laudes
2953 2488 3143 2543 insula:
3164 2487 3371 2555 passim
3394 2496 3456 2541 et
3484 2485 3541 2541 in
3567 2487 3757 2557 primis

2156 2574 2270 2631 Ode
2305 2574 2338 2629 5
2376 2573 2701 2628 Nemeorum
2731 2582 3130 2629 excurrentetn.

2228 2676 2365 2732 Ibid.
2399 2676 2783 2730 Ποιτοίσυσα.
2812 2672 2920 2729 Nec
2967 2674 3154 2729 urbem
3192 2686 3372 2743 neque
3411 2670 3654 2725 insulam
3695 2684 3760 2723 eo

2158 2760 2376 2817 nomine
2417 2760 2557 2813 novi.
2605 2758 2738 2815 Fors
2788 2758 2950 2813 fuerit
2984 2759 3112 2812 olim
3152 2758 3428 2827 Ποιήεσσα
3476 2755 3669 2817 Κὲας,
3702 2765 3755 2807 ιιι

2158 2846 2388 2900 Poeessa
2424 2843 2612 2897 insula:
2652 2842 2772 2896 Cea:
2803 2841 2897 2904 sit,
2938 2857 3099 2911 quam
3142 2841 3194 2896 in
3241 2840 3534 2896 ruderibus
3588 2840 3754 2893 fuisse

2162 2930 2451 2987 Strabonis
2476 2938 2529 2983 et
2560 2928 2721 2981 Plinii
2748 2935 2928 2992 retate,
2962 2927 3051 2981 ille
3080 2926 3114 2979 Ι.
3144 2926 3231 2992 10,
3258 2942 3310 2996 p.
3341 2926 3470 2990 486,
3503 2926 3600 2979 hic
3632 2926 3668 2980 I.
3703 2926 3754 2987 1,

2158 3030 2209 3070 c.
2245 3031 2323 3069 xu
2358 3015 2544 3079 docet;
2581 3026 2612 3066 e
2638 3012 2832 3081 quibus
2866 3024 3148 3080 resurgere
3173 3010 3414 3081 potuisse
3447 3025 3550 3063 cur
3595 3024 3753 3075 nego:-

2161 3098 2318 3161 mns?
2349 3098 2475 3166 quia
2511 3095 2732 3149 dubium
2801 3102 2983 3148 tamen
3034 3095 3086 3149 id
3126 3104 3229 3161 CSI,
3266 3094 3388 3149 vide
3427 3108 3495 3147 an
3530 3090 3758 3162 Pityusa

2161 3182 2310 3236 Melae
2347 3196 2407 3245 ιι,
2445 3181 2496 3245 7,
2530 3178 2597 3233 80
2625 3190 2747 3231 esse
2775 3185 2959 3245 queat.

2235 3284 2367 3338 Ibid.
2392 3281 2643 3346 Κύθνος.
2679 3277 2801 3332 Cea:
2830 3277 3006 3333 locum
3039 3278 3090 3333 in
3117 3294 3219 3333 ms.
3258 3277 3467 3341 Κύθνος
3497 3287 3759 3345 occupat,

2163 3381 2326 3436 quam
2364 3364 2438 3418 illi
2471 3362 2774 3433 proximam
2812 3361 2865 3414 in
2902 3360 3172 3431 integrum
3206 3362 3492 3415 restituere
3520 3360 3755 3429 placuit.

2237 3448 2369 3503 Ibid.
2404 3445 2599 3515 Δῆλος
2640 3436 2888 3511 ἅδηλοξε.
2922 3442 3056 3498 Mss.
3089 3444 3207 3515 haec
3239 3444 3563 3511 conjungere
3624 3446 3757 3499 Hol-

2164 3531 2362 3586 steinio
2392 3512 2595 3584 doctori
2624 3527 2917 3591 credimus;
2956 3540 3055 3580 nec
3083 3512 3215 3581 sane
3246 3536 3557 3595 perperam:
3587 3529 3762 3595 quis-

2165 3610 2285 3680 quis
2324 3607 2467 3663 enim
2501 3606 2630 3661 Delo
2663 3606 2849 3661 insula:
2878 3605 2930 3659 id
2959 3597 3259 3674 cognomen
3291 3605 3503 3673 indidit,
3533 3607 3593 3659 in
3632 3609 3759 3659 ani-

2167 3709 2254 3747 :uo
2284 3701 2444 3761 atque
2476 3689 2649 3745 oculis
2682 3687 3023 3743 notissimum
3048 3687 3267 3759 Sibylla:
3302 3702 3518 3743 versum
3550 3690 3750 3743 habuit

2165 3793 2195 3832 e
2222 3777 2258 3831 Ι.
2290 3792 2348 3831 ιιι
2375 3782 2429 3827 et
2459 3787 2555 3828 νιιι
2604 3789 2618 3825 :
2672 3772 2866 3824 Ἔσται
2896 3772 2993 3824 καὶ
3045 3772 3227 3841 Σάμος
3275 3770 3491 3840 ἄμμος,
3549 3774 3757 3824 taetra:

2166 3862 2334 3932 Δῆλος
2355 3858 2547 3932 ἄδηλος
2582 3856 2677 3909 καὶ
2702 3854 2911 3932 -Ῥὼμη
2945 3853 3118 3925 ῥύμη.
3178 3854 3596 3909 Ilallucinantur
3624 3869 3755 3923 ergo

2168 3929 2257 4015 qui
2293 3930 2519 3999 insulam
2545 3929 2770 3998 Adcltim
2798 3940 3013 3994 caeteris
3044 3939 3428 3994 mediterranei
3460 3940 3630 3993 maris
3669 3938 3749 3991 in-

2169 4036 2375 4083 serunt.

2240 4128 2377 4184 Ibid.
2421 4125 2753 4196 Ταλαμένη.
2787 4122 3118 4192 Conspirant
3149 4124 3200 4176 in
3233 4120 3364 4177 vitia
3398 4124 3513 4178 hmc
3537 4122 3665 4177 editi
3698 4132 3755 4177 et

2171 4229 2335 4281 mss.;
2371 4226 2490 4282 quae
2521 4211 2568 4263 si
2612 4208 2818 4285 medica
2868 4222 3027 4285 manu
3071 4209 3516 4272 contreetaveris,
3552 4219 3748 4260 sanum

2171 4279 2407 4351 colorem
2456 4292 2613 4346 facile
2669 4279 2988 4358 receperint.
3035 4287 3365 4360 Ταλαμένη,
3414 4300 3471 4342 ιιι
3525 4288 3752 4357 pulchre

2172 4378 2397 4436 Carolus
2444 4392 2472 4432 a
2518 4375 2576 4431 S.
2626 4372 2810 4437 Paulo,
2866 4373 3349 4429 obstetricautibus
3398 4371 3639 4426 librariis
3690 4386 3749 4424 ex

2172 4461 2414 4530 Σαλαμὶς
2462 4458 2624 4527 νῆσος
2674 4466 2798 4510 nata
2822 4455 3084 4511 (videtur.
3121 4454 3369 4525 Reliqua,
3404 4453 3493 4508 ubi
3563 4468 3749 4523 parum

2173 4544 2413 4607 auxeris,
2452 4541 2616 4611 μέχρι
2642 4538 3012 4611 Θερμοπυλῶν
3052 4539 3278 4603 dabunt,
3327 4538 3483 4593 sicuti
3518 4552 3582 4590 ex
3620 4536 3754 4591 Ilico

2174 4628 2320 4686 rocle
2350 4643 2380 4682 a
2406 4623 2764 4691 Constantino
2796 4625 2832 4677 I.
2864 4639 2901 4677 ιι
2931 4623 3122 4679 Them.
3167 4623 3201 4676 5
3227 4621 3532 4693 profertur;
3570 4618 3753 4673 Lucas

2173 4713 2358 4784 itaque
2394 4709 2733 4766 Ilolsteinins
2772 4723 2878 4762 non
2910 4706 3101 4775 injuria
3137 4707 3188 4759 id
3222 4705 3487 4775 probabit,
3518 4718 3754 4774 ιιι-ωςετ-

2174 4799 2269 4851 tim
2297 4811 2418 4852 eum
2456 4795 2522 4865 μὲ
2556 4791 2927 4864 Θερμοπυλῶν
2969 4790 3022 4844 in
3070 4790 3317 4860 principe
3365 4790 3436 4843 sit
3488 4790 3750 4843 editione.

2173 4880 2285 4935 Etsi
2315 4894 2445 4934 vero
2478 4880 2612 4932 bene
2643 4878 2902 4929 hactenus
2936 4874 3282 4943 processerit,
3305 4873 3535 4929 deficere
3573 4884 3749 4927 tamen

2172 4980 2237 5020 ea
2307 4978 2412 5018 non
2473 4958 2832 5014 dubitandum
2885 4966 2968 5012 est
3019 4956 3217 5027 quibus
3269 4957 3502 5024 scriptor
3569 4958 3751 5011 omnia

2172 5046 2390 5104 Achaia:
2423 5043 2539 5097 loca
2572 5056 2743 5111 usque
2771 5042 2834 5095 ad
2861 5040 3251 5112 Thermopylas
3278 5040 3621 5112 proconsulis
3654 5040 3754 5094 im-

2172 5131 2324 5203 perio
2360 5127 2671 5183 mandabat.

2243 5226 2379 5282 Ibid.
2414 5225 2720 5291 Κόρινθος.
2766 5218 2999 5275 IIellatlis
3049 5220 3372 5288 metropolin
3401 5218 3573 5276 fuisse
3604 5220 3754 5275 locu-

2173 5313 2285 5385 ples
2318 5309 2468 5363 testis
2492 5318 2573 5362 est
2603 5304 2859 5377 Apuleius
2896 5305 2930 5357 Ι.
2959 5320 3012 5364 ιι,
3039 5319 3089 5373 p.
3112 5304 3216 5359 247
3250 5322 3263 5358 :
3296 5305 3554 5357 oriundus
3578 5306 3750 5371 patria

2172 5393 2447 5458 Corintho,
2500 5406 2616 5458 qua:
2667 5398 2821 5455 caput
2877 5390 3040 5441 totius
3070 5387 3289 5442 Achaiw
3314 5388 3626 5457 prorinciw,
3660 5402 3750 5441 nec

2174 5480 2281 5534 alia
2314 5475 2468 5532 Dioni
2496 5474 2885 5543 Chrysostomo
2905 5479 3042 5526 orat.
3074 5488 3282 5550 xxxytt,
3311 5487 3363 5541 p.
3390 5471 3499 5526 465
3528 5471 3601 5527 de
3625 5473 3751 5526 urbe

2170 5560 2435 5620 sententia
2460 5556 2581 5622 fuit,
2601 5570 2722 5609 eum
2752 5554 2899 5609 cives
2925 5554 3212 5624 compellat
3244 5555 3467 5625 ε’Υμεῖς
3489 5554 3603 5627 γάρ
3635 5556 3749 5607 ἐστε

2171 5645 2288 5711 νῦν,
2321 5643 2381 5696 τὸ
2410 5642 2474 5711 δὴ
2499 5639 2790 5720 λεγόμενον
2822 5637 3017 5709 πρὼρα
3043 5638 3136 5691 καὶ
3170 5637 3395 5708 πρύμνα
3418 5638 3520 5708 τῆς
3560 5638 3751 5693 Ἐλλά-

2178 5734 2289 5797 δος.
2340 5726 2492 5784 Adde
2536 5723 2824 5781 Aristidem
2881 5733 3010 5779 tom.
3060 5722 3102 5792 I,
3158 5738 3208 5794 ιι.
3254 5723 3345 5793 45,
3383 5737 3505 5779 mox
3538 5724 3574 5789 ἦ
3628 5739 3752 5777 ποτε
