3958 6216
179 286 209 349 1
220 288 344 353 093

193 400 443 471 Ἐφύρα,
492 413 549 455 re
590 401 703 471 ipsa
756 402 1125 473 adstipulante
1159 420 1225 460 ex
1253 402 1635 467 Constantino,
1681 402 1716 456 l.
1751 402 1787 455 2

180 480 396 538 Them.
427 485 461 539 6
496 487 815 555 ρτιιξοριιιγί.

267 568 392 624 Col.
433 570 554 624 III.
590 570 714 623 Νέα
748 574 999 627 Σικυών.
1026 571 1164 627 Olim
1203 571 1399 642 Sicyon
1430 569 1786 625 Corinthiaco

185 651 349 706 sinui
380 652 698 719 accubabat,
720 654 841 709 inde
857 670 885 708 a
909 654 1180 709 Demetrio
1197 652 1503 708 Poliorcete
1522 652 1573 704 in
1606 651 1787 720 proxi-

190 750 354 789 mum
372 744 425 789 et
456 744 647 789 natura
676 738 945 792 munitum
975 738 1167 793 collem
1200 735 1483 799 translata,
1522 743 1658 788 teste
1693 734 1791 787 Dio

188 819 339 871 tloro
368 832 460 882 xx,
495 834 547 887 p.
580 817 687 871 827
721 829 775 874 et
803 819 1092 876 Plutarcho
1121 818 1357 874 Demetr.
1403 832 1459 887 p.
1500 814 1640 882 90οἱ
1670 830 1793 886 quae

191 914 403 955 novam
434 916 540 957 non
566 903 706 957 male
734 905 839 957 dici
873 904 1162 958 alﬁrmant.

272 984 410 1039 Ibid.
441 985 700 1054 Alretpa,
727 988 952 1055 Αἴγιον.
988 988 1079 1042 Sic
1122 986 1381 1056 oportuit.
1416 983 1519 1040 Ms.
1550 984 1791 1053 Αἷγηροιι

190 1069 429 1135 Λὶγίων.
486 1067 726 1134 Utraque
774 1069 903 1123 urbs
958 1069 1160 1123 veteris
1211 1067 1431 1121 Achaiae
1484 1082 1550 1121 ex
1610 1067 1790 1120 tabula

197 1149 629 1218 Pcutingerana,
659 1166 778 1220 qua:
813 1150 883 1203 12
915 1149 988 1204 Μ.
1015 1150 1074 1206 P.
1106 1150 1283 1218 spatio
1316 1156 1551 1214 separat,
1568 1158 1621 1202 et
1654 1147 1794 1201 Pau-

192 1232 355 1287 siana
390 1248 482 1297 ιιι,
506 1234 576 1287 '24
605 1244 662 1287 et
690 1234 760 1287 26
788 1234 1071 1289 notissima
1101 1240 1206 1287 est.
1237 1231 1391 1285 Prior
1428 1231 1629 1284 ultimae
1662 1241 1794 1283 teta-

195 1316 274 1369 tis
325 1314 548 1371 Gracia:
592 1315 857 1370 Botstitza
914 1305 1189 1379 dicta'est,
1251 1327 1396 1383 saepe
1450 1327 1515 1366 eo
1573 1313 1793 1365 nomine

195 1400 350 1467 apud
383 1398 675 1466 Georgium
706 1397 1009 1453 Phranzam
1046 1397 1227 1459 obvia,
1261 1405 1320 1450 ut
1345 1396 1383 1450 l.
1411 1410 1470 1460 ιι,
1506 1394 1562 1457 2,
1595 1393 1651 1447 9.

279 1481 416 1534 Ibid.
474 1478 745 1548 Μεθώνη.
792 1479 922 1535 Mss.
985 1480 1087 1534 hoe
1142 1479 1373 1549 probant
1428 1493 1443 1531 :
1493 1474 1724 1531 Carolus
1763 1488 1793 1527 a

198 1563 265 1617 S.
303 1562 470 1617 Paulo
500 1564 727 1617 Μευοινα
754 1563 1010 1633 vulgavit.
1046 1563 1200 1617 Prius
1234 1560 1564 1631 Thucydidis
1610 1567 1797 1628 patro.

197 1647 353 1701 einio
401 1657 571 1700 tutum
627 1657 711 1702 est
759 1647 796 1701 l.
831 1663 905 1711 tv,
942 1662 992 1702 c.
1026 1648 1119 1711 45,
1174 1644 1446 1714 posterius
1486 1642 1796 1707 Strabonis,

200 1728 245 1782 I.
291 1743 413 1791 vut,
462 1744 516 1798 p.
556 1730 662 1783 574
702 1738 758 1784 et
808 1728 1087 1784 Pausaniae
1119 1729 1155 1783 Ι.
1194 1744 1255 1792 ιι,
1310 1741 1364 1783 c.
1398 1727 1489 1781 54.
1517 1724 1792 1795 Oppidum

197 1820 326 1864 erat
354 1812 619 1865 munitum
645 1814 697 1865 in
731 1812 934 1867 istbnto
967 1810 1276 1866 Trmzenio.

278 1892 417 1950 Ibid.
463 1893 739 1962 Τρυζένα.
792 1893 903 1949 lmo
969 1893 1229 1966 Τροιζὴν,
1276 1901 1368 1948 aut
1422 1888 1697 1963 Τροιζήνη
1726 1902 1792 1946 ex

203 1976 520 2041 Ptolemaeo,
554 1977 659 2032 nisi
690 1986 747 2032 et
780 1978 833 2033 id
863 1978 915 2032 in
948 1978 1079 2032 vitio
1103 1979 1194 2031 sit.

280 2058 417 2115 Ibid.
461 2060 756 2127 Πίλαυρα.
808 2060 920 2115 lIoc
968 2070 1061 2114 aut
1117 2058 1369 2129 ιιίναυρα
1420 2070 1552 2113 mss.
1603 2058 1797 2129 pracfe-

206 2150 361 2197 runt.
388 2141 585 2195 Verum
634 2153 716 2197 est
763 2143 1109 2213 Ἐπίδαυρος,
1164 2141 1314 2196 cultu
1371 2139 1673 2210 Esculapii
1713 2139 1795 2195 ia-

207 2238 362 2279 mosa
392 2234 448 2279 et
480 2223 725 2279 Trmzeni
761 2226 955 2279 vit-ina.

280 2305 417 2361 Ibid.
492 2307 635 2375 Ἱερὰ
690 2310 873 2377 μόνη.
916 2307 1204 2377 Ἑρμιόνη,
1250 2322 1371 2377 qua:
1418 2315 1473 2362 et
1532 2306 1792 2378 Ἑρμιόνι,

206 2399 268 2444 ιιι
293 2392 430 2445 bene
456 2391 509 2443 iu
542 2392 815 2459 Stephano
850 2391 953 2444 viri
987 2390 1132 2443 docti
1162 2390 1521 2443 reﬁnxerunt.
1584 2388 1797 2459 Euripi-

205 2474 303 2527 des
360 2472 518 2526 Ilere.
557 2471 683 2526 For.
731 2472 840 2525 615
889 2490 901 2523 :
952 2470 1189 2533 Χθονίας
1222 2488 1304 2523 νιν
1338 2471 1499 2534 ἄλσος
1555 2470 1795 2541 Ἑρμιών

204 2554 397 2624 τ’ἔχει
430 2553 604 2616 πόλις.
655 2552 957 2624 Hesychius
982 2554 1058 2607 ait
1101 2566 1223 2606 esse
1268 2552 1424 2605 πόλιν
1469 2554 1527 2605 ὲν
1575 2554 1792 2623 Ἀργει,

210 2653 311 2709 pro
352 2637 574 2707 Ἀργείᾳ
600 2640 713 2691 sive
737 2636 1008 2705 Argolide,
1036 2634 1185 2704 quod
1230 2634 1403 2705 ipsum
1442 2636 1506 2690 de
1535 2635 1796 2693 Trmzene

209 2722 488 2791 Epidauro
528 2731 691 2789 atque
746 2720 915 2788 Alope
970 2719 1156 2775 itidem
1209 2721 1487 2789 praedicat.
1536 2722 1797 2775 Colcbant

212 2804 639 2859 Ilertttioneuses
665 2801 940 2872 praecipuo
1011 2802 1236 2857 honore.
1298 2802 1550 2857 Cererem
1593 2802 1797 2858 Chtho-

211 2888 381 2952 niam,
418 2885 562 2956 quod
614 2892 808 2954 praeter
853 2882 1184 2938 Pausaniam
1231 2883 1561 2938 Corinthiac.
1613 2901 1666 2940 c.
1728 2886 1795 2940 55

210 2970 657 3040 cgregium-nos
725 2980 969 3021 marmor
1024 2965 1183 3020 docet
1257 2966 1505 3037 Inscript.
1566 2967 1792 3021 Donian.

211 3052 280 3107 cl.
316 3067 389 3118 tv,
417 3051 481 3117 9;
511 3051 563 3106 in
588 3064 698 3120 quo
732 3050 831 3105 etsi
862 3063 1005 3104 nunc
1035 3047 1200 3104 Ceres
1228 3064 1259 3103 a
1290 3049 1559 3104 Chthonia
1604 3049 1795 3104 distin-

210 3146 428 3206 guatur,
455 3136 689 3191 dubitari
738 3150 843 3189 non
876 3142 1055 3205 potest
1078 3133 1207 3203 quin
1243 3134 1675 3205 exscriptoribus
1704 3148 1798 3188 ac-

210 3230 423 3288 ceptum
454 3219 506 3274 id
536 3217 754 3283 referri,
781 3226 838 3271 ut
864 3219 1016 3288 plura
1056 3218 1107 3271 in
1141 3231 1205 3272 eo
1237 3217 1434 3286 lapide,
1462 3218 1670 3287 legique
1694 3231 1797 3269 non

212 3302 329 3355 ΚΑΙ
372 3301 675 3355 AAMATPI
726 3303 847 3355 ΚΑΙ
893 3300 1178 3354 ΧΘΟΝΙΛΙ
1223 3300 1317 3355 sed
1351 3300 1462 3353 TAI
1492 3300 1794 3352 ΔΔΜΑΤΡΙ

212 3384 321 3439 TAI
354 3386 635 3440 XOONIAI
666 3394 934 3455 oporteat.

282 3469 414 3525 Ibid.
442 3468 788 3539 Θὰρπουσα.
818 3469 879 3524 C.
903 3468 1216 3533 Θάλπουσα,
1239 3465 1484 3522 Arcadiae
1503 3468 1653 3531 urbs,
1675 3465 1797 3519 Ste-

211 3554 410 3623 phauo.

283 3635 416 3689 Ibid.
474 3634 823 3688 Μαντίνεια.
852 3633 935 3686 Ab
963 3633 1235 3702 Antigono
1258 3633 1438 3703 Argivi
1465 3634 1605 3686 dono
1643 3646 1798 3686 accc-

214 3733 352 3790 ptam
390 3720 757 3787 Antigoniant,
796 3733 904 3787 quo
946 3720 1164 3771 nomine
1196 3717 1485 3785 Plutarchi
1526 3727 1704 3778 actate,
1740 3726 1799 3768 ut

219 3808 268 3859 in
300 3803 467 3856 Arato
500 3801 758 3870 prodidit,
800 3816 853 3868 p.
888 3798 1047 3863 IOI8,
1085 3810 1292 3852 tantum
1356 3808 1480 3851 nota
1533 3806 1669 3861 erat,
1704 3812 1797 3847 vn-

216 3894 427 3940 catunt.
466 3882 764 3937 Pristinum
809 3895 1006 3935 nomen
1041 3880 1308 3934 beneﬁcio
1357 3878 1617 3932 Hadriani
1659 3878 1797 3933 reci-

216 3970 442 4039 peravit,
483 3966 753 4021 Pausania
784 3965 1033 4017 Arcadic.
1073 3977 1123 4018 c.
1156 3978 1255 4017 vut
1287 3972 1443 4017 teste.

286 4053 418 4105 Ibid.
476 4050 825 4118 Γερένθραι.
880 4046 1078 4101 Verum
1121 4059 1319 4099 nomen
1355 4052 1439 4098 est
1472 4044 1796 4118 I‘sp_dVOpat,

219 4145 275 4191 ιιι
324 4134 643 4205 Sylburgius
698 4131 764 4186 ad
811 4135 1046 4189 Pausan.
1085 4127 1285 4181 Lacon.
1337 4141 1386 4182 e.
1436 4142 1549 4182 χχιι
1595 4128 1796 4185 docuit.

218 4218 476 4288 Oppidum
506 4224 623 4271 erat
657 4213 1225 4268 Eleutherolaconum.

286 4301 417 4355 Ibid.
456 4302 667 4368 Φαραί.
711 4296 944 4353 Carolus
975 4311 1003 4350 a
1046 4294 1106 4351 S.
1144 4294 1312 4351 Paulo
1337 4296 1506 4367 Φεραί
1532 4310 1598 4351 εχ
1625 4294 1800 4350 Ptole-

221 4398 349 4439 ιιιεο
377 4385 632 4453 corrigit;
663 4397 770 4452 quo
801 4381 962 4438 facile
987 4380 1315 4447 carebimus,
1342 4382 1644 4451 praesertim
1677 4396 1798 4435 cum

224 4468 346 4522 vitio
375 4481 481 4521 non
515 4468 583 4521 sit
614 4466 843 4521 liberum
884 4480 901 4517 :
936 4462 1113 4534 Φηραί
1151 4462 1321 4529 enim,
1367 4465 1509 4533 quod
1559 4465 1697 4517 idem
1736 4478 1801 4514 ac

220 4551 407 4620 οιιαραί,
441 4558 780 4620 oportuerat,
812 4558 869 4603 ut
899 4546 1066 4602 Henr.
1103 4545 1346 4602 Valesius
1379 4548 1429 4599 in
1463 4544 1672 4616 Polybii
1706 4560 1799 4599 ex-

221 4642 373 4701 cerpt.
409 4649 463 4700 p.
500 4632 569 4685 I5
602 4633 863 4686 ostendit.
906 4630 1050 4685 Urbs
1083 4638 1203 4685 erat
1234 4630 1347 4698 agri
1379 4630 1653 4685 Messenii.

288 4719 419 4773 Ibid.
476 4715 832 4779 Ἀσώπολις.
870 4713 1172 4769 Conﬂatum
1212 4715 1312 4767 hoc
1346 4727 1599 4782 perverse
1627 4724 1796 4767 estex

232 4801 469 4862 Ἀσωπὸς
514 4798 701 4862 πόλις,
760 4806 818 4850 ιιι
866 4811 932 4851 ex
982 4794 1276 4849 Ptolemreo
1324 4795 1360 4847 l.
1417 4810 1504 4858 ιιι,
1543 4812 1593 4849 c.
1634 4797 1700 4849 Iti
1744 4806 1800 4850 et

225 4886 480 4940 Pausania
527 4881 724 4935 Lacon.
762 4898 813 4934 c.
860 4880 933 4932 22
974 4886 1316 4947 compertum
1354 4878 1634 4932 habemus.
1694 4876 1797 4931 Ve-

222 4971 325 5025 rius
354 4970 417 5021 ad
454 4968 595 5021 hanc
626 4967 816 5020 urbem
849 4978 1015 5034 quam
1052 4964 1118 5016 ad
1166 4962 1527 5032 ASOpitidem,
1564 4962 1677 5032 agri
1709 4962 1795 5015 Si-

225 5054 391 5124 cyonii
440 5060 673 5118 partem,
712 5051 1016 5120 elegantem
1061 5062 1091 5101 ο
1119 5046 1284 5101 Thes.
1322 5046 1527 5099 Britan.
1563 5055 1693 5101 tom.
1734 5044 1795 5109 Il,

224 5156 269 5206 p.
322 5136 429 5190 217
501 5151 722 5189 ιιιιιιιιιιιι
778 5134 1053 5196 ιοιιιιριὶε,
1106 5131 1158 5184 itt
1219 5130 1375 5199 cujus
1426 5130 1594 5183 altera
1646 5142 1797 5199 parte

222 5222 509 5273 (ΙΟΥΔΒΙΛ
579 5220 1001 5272 ΠΛΑΥΤΙΛΛΑ.
1052 5213 1257 5277 CER,
1327 5215 1493 5268 altera
1555 5213 1797 5267 Nemesis

224 5313 343 5358 rotzc
378 5305 564 5374 pedem
603 5304 907 5371 imponens,
958 5301 1145 5354 addito
1177 5296 1566 5351 ΑΣΩΠΕΙΤΩΝ
1596 5310 1797 5367 cOgno-

226 5387 378 5449 mine,
404 5386 757 5455 conspicitur.

285 5469 415 5522 Ibi'd.
468 5469 718 5537 Ἀκρεαί.
758 5469 973 5538 ’Λκριαί
1004 5477 1263 5537 prtestaut
1300 5481 1363 5519 cx
1400 5462 1626 5533 Polybio
1646 5477 1697 5526 ι’,
1730 5462 1794 5517 19

222 5564 268 5606 ct
296 5552 561 5607 Pausania
604 5553 803 5609 Lacon.
860 5569 994 5617 χχιι,
1032 5556 1103 5606 tit)
1148 5551 1341 5606 stadiis
1386 5550 1567 5617 Asopo
1614 5562 1792 5602 semo-

222 5646 387 5692 vente.
420 5636 708 5694 Ptolemaeo
742 5640 997 5709 'Axpsza,
1054 5634 1308 5692 Straboni
1354 5634 1608 5703 'Axpaia,
1652 5632 1793 5687 haud

226 5736 343 5779 sane
374 5724 531 5778 bene.

1021 294 1411 355 COMMENT.
1457 292 1537 353 ΙΝ
1582 291 1994 353 IIIEROCLIS
2034 294 2575 357 SYNECDEMUM.

3321 297 3464 361 IOQI

1970 402 2103 458 Ibid.
2135 404 2407 461 Φιάλαια.
2445 406 2671 459 Φιάλεια
2706 412 2910 460 rectum
2953 412 3057 470 est,
3109 420 3217 477 quo
3255 412 3477 465 nomine
3557 396 3591 406 ”

1896 486 2144 541 Arcadiae
2175 488 2431 555 oppidum
2474 488 2596 554 fuit,
2632 488 2760 543 olim
2806 488 3065 557 Φιγάλεια
3106 490 3329 545 dictum.
3367 492 3474 545 Cn-

1895 566 2109 623 Iebatur
2151 569 2223 623 ibi
2281 567 2545 633 Bacchus,
2592 580 2651 624 ut
2696 586 2761 625 ex
2798 572 3031 625 Diodoro
3077 571 3113 625 I.
3165 588 3253 639 xv,
3286 588 3339 642 p.
3369 574 3475 628 557

1896 651 2114 717 videas;
2146 654 2286 706 unde
2316 652 2660 723 Lchphroni
2692 654 2848 708 Alex.
2876 654 2982 707 212
3010 653 3223 722 δαίμων
3245 656 3479 727 ἐνόρχης

1896 732 2163 801 Φιγαλεὺς
2221 737 2577 806 φαυστήριος.
2648 736 2840 790 Incolae
2888 738 3191 791 ΦΙΑΛΕΩΝ
3256 743 3481 796 nomine

1898 814 1952 868 in
1982 816 2158 869 numis
2194 816 2378 871 Severi
2412 830 2465 871 et
2502 818 2731 872 aliorum
2766 819 3008 889 insignes
3034 830 3184 874 sunt.

1971 896 2105 953 Ibid.
2175 901 2467 967 Κορωνία.
2518 901 2749 971 Κορώνη
2798 917 2927 956 vero
2967 904 3185 957 nomine
3213 903 3326 974 agri
3363 904 3479 959 haec

1897 979 2220 1037 Messeniaci
2261 982 2391 1037 urbs
2444 982 2563 1049 fuit,
2615 986 2789 1038 vicina
2841 983 3057 1040 Pantiso
3103 984 3283 1053 IIuvio,
3316 1002 3482 1057 quem

1897 1065 2220 1121 Ptolemaeus
2288 1064 2545 1120 Panis-um
2605 1066 2748 1121 haud
2809 1077 2957 1124 recte
3010 1068 3288 1139 appellat,
3336 1074 3477 1140 apud

1890 1146 2220 1204 Pausaniam
2258 1148 2574 1204 Meuaniac.
2602 1163 2655 1203 c.
2682 1150 3040 1220 [54,turpiter
3071 1152 3123 1206 in
3163 1168 3229 1207 eo
3258 1152 3481 1208 ﬂumine

1899 1231 2127 1287 adluesit
2181 1229 2298 1287 Jac.
2365 1229 2641 1286 Pontanus
2695 1248 2709 1285 :
2764 1247 2887 1286 nam
2950 1248 3077 1289 cum
3130 1236 3183 1289 in
3248 1236 3481 1306 Georgio

1898 1313 2148 1369 Phranza
2180 1328 2241 1378 tt,
2276 1313 2313 1367 2
2352 1315 2645 1384 Πάμμισον
2681 1314 2931 1384 ποταμόν
2974 1316 3025 1369 in
3074 1321 3253 1372 sinum
3283 1318 3481 1374 Messe-

1901 1395 2116 1449 niacum
2163 1396 2339 1448 evolvi
2381 1396 2621 1465 legisset,
2653 1397 2907 1453 omnibus
2964 1398 3213 1453 odiosum
3260 1399 3480 1454 ﬂuvium

1902 1476 2025 1529 inde
2061 1474 2209 1529 fecit.
2245 1476 2433 1542 Asine,
2474 1491 2595 1547 qua:
2641 1479 2908 1547 sequitur,
2953 1480 3184 1535 Coronae
3224 1480 3485 1536 viciniam

1903 1557 2122 1631 insedit.

1970 1640 2108 1695 Ibid.
2166 1644 2439 1710 Μοθώνη.
2502 1640 2771 1698 Tuebitur
2826 1654 2885 1696 se
2949 1642 3227 1697 Ηίοτοοιθε
3284 1646 3478 1700 tabulm

1902 1722 2311 1793 Peutingerante
2363 1735 2417 1781 el
2474 1724 2757 1779 Pausaniae
2802 1723 3081 1794 suiI‘ragio.
3133 1726 3227 1795 qui
3278 1729 3481 1793 passim

1900 1805 2167 1877 Μοθώνην
2218 1817 2274 1861 et
2324 1808 2530 1862 incolas
2575 1800 2953 1872 Μοθωναίους,
3003 1817 3061 1860 ιιι
3094 1807 3133 1861 I.
3176 1823 3255 1871 tv,
3291 1822 3342 1863 c.
3388 1811 3486 1873 55,

1900 1888 2158 1956 appellat.
2190 1888 2559 1959 Thucydides,
2595 1889 2816 1955 Strabo,
2849 1888 3167 1945 Ptolemaeus
3198 1898 3359 1958 atque
3386 1893 3483 1945 alii-

1901 1970 2160 2040 Μεθώνην
2210 1972 2437 2027 malunt.
2493 1972 2802 2027 Mathonem
2866 1989 2966 2027 suo
3012 1987 3225 2041 quoque
3270 1974 3481 2028 calculo

1902 2067 2076 2109 ratam
2104 2056 2291 2110 habuit
2326 2056 2648 2111 Ammianus
2682 2071 2830 2124 xxvi,
2862 2056 2928 2110 I0
2952 2066 3005 2112 et
3033 2071 3172 2127 quos
3210 2068 3375 2114 testes
3408 2059 3480 2113 ibi

1900 2137 2192 2205 appellavit
2228 2138 2394 2193 Ilenr.
2433 2137 2701 2194 Valesius.

1972 2218 2103 2276 Ibid.
2141 2221 2505 2289 Κυπαρισίιι.
2544 2221 2773 2276 Gemina
2813 2222 3069 2279 sibilante
3118 2239 3311 2280 omnes
3340 2224 3483 2280 scri-

1901 2302 2056 2369 bunt,
2087 2303 2140 2358 in
2172 2304 2323 2359 vocis
2366 2320 2593 2359 numero
2619 2306 2916 2360 variantes.
2965 2304 3248 2362 Pausaniae
3282 2309 3483 2361 Κυπα-

1903 2387 2107 2457 ρισσίαι
2173 2385 2403 2443 Messen.
2457 2404 2510 2445 e.
2562 2403 2749 2453 χχχιιι,
2797 2388 3050 2443 Straboni
3100 2405 3221 2455 vm,
3271 2404 3328 2457 p.
3380 2390 3480 2445 561

1902 2471 2275 2541 Κυπαρισσία.
2333 2471 2599 2541 Oppidum
2631 2480 2747 2527 erat
2791 2470 3182 2528 Messeniorum
3222 2473 3275 2526 in
3319 2473 3493 2527 Elidis

1904 2552 2123 2617 ﬁnibus,
2161 2555 2228 2607 I5
2270 2553 2339 2607 II.
2380 2554 2439 2609 P.
2467 2570 2495 2608 a
2527 2554 2676 2626 Pylo,
2707 2565 2763 2609 ut
2794 2554 3020 2621 Tabula,
3043 2556 3128 2610 cui
3162 2555 3475 2626 Cyparissa,

1901 2637 2159 2692 ostendit.

1972 2718 2106 2776 Ibid.
2138 2716 2337 2787 Ἦλις.
2371 2720 2501 2775 Novi
2533 2720 2817 2777 Elidenses
2834 2731 2887 2776 et
2917 2720 3127 2778 [Etolos
3159 2723 3483 2792 cognatione

1905 2804 2070 2860 fuisse
2094 2805 2163 2859 ob
2202 2805 2431 2874 Oxylum
2454 2804 2696 2873 iunctos,
2744 2808 2836 2861 sed
2874 2821 3062 2859 eorum
3096 2808 3283 2860 urbem
3328 2804 3485 2859 [Etu-

1904 2888 1989 2941 liaa
2018 2896 2275 2956 tauquam
2301 2898 2461 2953 caput
2488 2886 2657 2941 fuisse
2685 2888 2996 2957 impositam
3025 2888 3313 2943 diﬂiculter
3354 2888 3483 2941 inihi

1902 2970 2219 3037 persuaderi
2262 2970 2459 3039 patior.
2500 2970 2723 3035 Desunt,
2754 2972 2947 3039 quibus
2988 2986 3051 3025 ea
3095 2972 3330 3041 dignitas
3361 2972 3478 3023 urbi

1906 3053 2175 3119 ﬁrmetur,
2222 3063 2585 3123 argumenta;
2620 3055 2830 3123 longius
2866 3064 3127 3122 prieterea
3161 3057 3228 3107 ab
3280 3054 3489 3108 (Etolia

1904 3144 2022 3189 erat
2048 3134 2323 3204 disparata
2369 3151 2530 3205 quam
2569 3136 2765 3203 utejns
2806 3135 2972 3190 fuisse
3010 3135 3330 3203 metropolin
3365 3139 3486 3204 opi-

1907 3219 2022 3272 nari
2048 3218 2242 3288 possis.
2294 3220 2433 3273 Puto
2479 3218 2710 3272 deiicere
2743 3218 2828 3272 hic
2860 3216 3071 3282 Patras,
3117 3216 3352 3271 nobilem
3387 3234 3484 3271 nr-

1906 3304 2048 3368 bem,
2089 3313 2277 3357 contra
2328 3300 2587 3355 Aitoliam
2645 3301 2875 3371 positam
2922 3318 2936 3355 :
2990 3314 3110 3353 eam
3158 3300 3491 3369 metrOpolin

1906 3384 2075 3441 fuisse
2103 3401 2166 3439 ex
2197 3384 2428 3454 epistola
2486 3384 2682 3439 Leonis
2719 3382 3068 3453 imperatoris
3093 3383 3384 3451 additoque
3412 3383 3487 3436 illi

1905 3469 2152 3539 catologo
2196 3476 2342 3520 tnmo
2378 3464 2450 3519 IX
2484 3464 2690 3521 Concil.
2728 3464 2922 3519 Labbci
2980 3481 3033 3535 p.
3071 3464 3179 3519 ‘267
3211 3467 3348 3519 citra
3392 3468 3492 3518 du-

1906 3553 2053 3607 bium
2086 3561 2187 3605 est.
2226 3550 2401 3605 IIabet
2445 3551 2671 3603 eandem
2717 3549 2860 3602 inter
2891 3548 3218 3615 metropoles
3248 3563 3313 3603 ex
3358 3548 3489 3601 Ilie-

1908 3635 2054 3690 rocle
2086 3633 2484 3688 Constantinus
2552 3632 2589 3685 Ι.
2658 3647 2693 3685 ιι
2750 3628 2943 3684 Them.
2992 3630 3046 3684 6.
3115 3629 3227 3684 Nec
3286 3631 3487 3685 morari

1906 3730 2229 3785 quamquam
2252 3716 2389 3769 situs
2416 3714 2565 3767 urbis
2590 3725 2744 3766 ειη-ιι
2780 3711 3033 3765 ΑΞιοΙὶιιιιι
3068 3714 3228 3766 debet
3258 3730 3273 3766 :
3312 3727 3493 3780 nequo

1906 3798 2051 3853 enim
2092 3796 2248 3865 longo
2300 3795 2527 3863 trajectu
2571 3795 2698 3848 inde
2730 3793 3023 3847 dissociata
3074 3793 3207 3858 fuit;
3246 3802 3298 3846 et
3346 3808 3487 3860 pra:-

1910 3889 2055 3934 terea
2084 3878 2247 3932 multa
2279 3878 2560 3943 Augustus
2593 3876 2890 3943 imperator
2920 3890 2986 3929 ex
3024 3878 3275 3944 Opposita
3312 3875 3487 3928 conti—

1908 3972 2069 4017 nenle
2098 3962 2291 4030 oppida
2327 3959 2507 4013 Patris
2553 3960 2904 4021 condonavit,
2934 3956 3002 4010 de
3049 3958 3243 4025 quibus
3284 3956 3491 4010 Pausa-

1908 4045 2028 4100 nias
2056 4059 2111 4110 χ,
2144 4043 2235 4098 58.
2274 4042 2406 4097 Vide
2455 4056 2669 4111 quoque
2709 4055 2808 4105 vti,
2855 4040 2921 4094 I8
2948 4050 3001 4095 et
3035 4039 3230 4093 Ezech.
3271 4039 3487 4107 Sphau-

1908 4130 2150 4184 hemium
2210 4128 2431 4182 dissert.
2491 4126 2549 4181 II
2610 4128 2675 4180 de
2733 4141 2833 4179 usu
2896 4134 2944 4179 et
2998 4134 3176 4193 prwst.
3239 4125 3493 4178 numism.

1908 4228 1963 4283 p.
2000 4210 2128 4266 ενι.

1980 4294 2112 4348 Ibid.
2157 4292 2364 4361 Νῆσος
2406 4291 2739 4361 Πάνορμος.
2791 4291 2943 4347 Ilaud
2996 4305 3185 4361 parum
3228 4290 3490 4346 molestiae

1911 4382 2022 4434 lucc
2052 4378 2180 4433 mihi
2213 4377 2386 4432 insula
2416 4376 2710 4447 adspersit,
2746 4390 2923 4444 neque
2952 4377 3218 4430 hactenus
3250 4388 3369 4429 eam
3402 4375 3490 4427 de-

1908 4478 2109 4535 ponere
2152 4463 2298 4531 potui
2349 4481 2362 4517 :
2436 4467 2643 4516 tantum
2694 4476 2814 4530 qua:
2848 4461 2901 4513 in
2948 4468 3180 4514 mentem
3221 4457 3498 4519 venerint,

1909 4547 2235 4603 adscribam.
2270 4545 2600 4600 Panormum
2632 4544 2862 4599 insulam
2905 4552 3120 4598 veteres
3150 4542 3356 4596 circum
3394 4541 3491 4594 Pc-

1910 4634 2264 4699 loponnesum
2298 4630 2551 4700 ignorant
2599 4644 2612 4680 :
2662 4626 2822 4681 habet
2846 4626 2966 4695 ejus
3006 4625 3238 4679 nominis
3276 4633 3488 4693 portum

1909 4728 2075 4784 prope
2110 4712 2308 4766 Rhium
2359 4713 2410 4765 in
2461 4710 2721 4779 Naupacti
2754 4710 2990 4765 adverso
3032 4708 3213 4763 littore
3238 4705 3497 4776 Polybius

1910 4813 1963 4859 ν,
1997 4796 2103 4851 I02
2138 4802 2191 4849 et
2217 4793 2518 4849 Pausanias
2549 4793 2762 4846 Achaic.
2794 4792 2886 4853 ‘22.
2917 4793 3008 4859 qui
3043 4792 3228 4861 utique
3257 4789 3393 4844 nihil
3423 4790 3492 4841 ad

1910 4882 2050 4933 hanc
2083 4876 2344 4931 insulam.
2391 4877 2565 4928 Aliam
2605 4876 2657 4927 in
2696 4874 3039 4942 Cephallenia
3077 4876 3228 4927 novit
3256 4872 3491 4925 Artemi-

1909 4963 2073 5017 dorus
2144 4960 2283 5029 apud
2346 4957 2702 5027 Porphyrium
2762 4956 2830 5009 de
2899 4954 3265 5026 Nympharum
3330 4962 3497 5007 antro

1908 5059 1959 5111 p.
1992 5044 2118 5105 IM,
2143 5043 2272 5096 edit.
2308 5042 2510 5093 Barnes
2544 5058 2555 5091 :
2588 5040 2696 5108 Τῆς
2730 5038 3117 5109 Κεφαλληνίας
3144 5036 3251 5091 ἀπὸ
3275 5032 3487 5105 Πανόρη

1910 5144 2011 5197 μου
2066 5126 2284 5194 λιμένος
2325 5124 2461 5196 πρὸς
2508 5122 2773 5189 ἀνατολὴν
2828 5122 3035 5175 δώδεκα
3087 5122 3275 5174 στάδια
3328 5122 3491 5191 νῆσός

1906 5212 2056 5263 ἐστιν
2093 5209 2273 5277 Ἰθάκη
2308 5207 2540 5261 σταδίων
2570 5206 2900 5276 ὀγδοήκοντα
2936 5208 3117 5257 πέντε.
3174 5203 3239 5257 Et
3264 5204 3494 5269 Antipa-

1908 5303 1989 5347 ter
2040 5294 2093 5347 in
2147 5293 2542 5362 epigrammate
2603 5292 2670 5343 ab
2724 5288 3029 5344 IIolsteinio
3090 5288 3156 5341 ad
3221 5284 3491 5355 Stephani

1908 5378 2195 5446 Πάνορμος
2258 5376 2528 5445 publicato
2576 5394 2589 5429 :
2643 5375 2801 5428 Φοῖϐε
2850 5373 3216 5443 Κεφαλλήνων
3266 5370 3493 5440 λιμενὸα

1907 5479 2097 5525 axona,
2150 5462 2270 5515 οἴνα
2327 5462 2613 5532 Πανόρμου
2676 5460 2843 5513 ναίων
2891 5459 3153 5530 τρηχείης
3186 5454 3495 5523 ἀντιπέρην

1906 5546 2145 5615 Ἰθάκης.
2177 5544 2313 5600 IIinc
2334 5559 2432 5614 ego
2470 5545 2685 5599 dedisse
2719 5542 3016 5597 Ilierocletn
3049 5540 3231 5611 Νήσου
3266 5537 3495 5607 Κεφαλ-

1904 5629 2093 5699 ληνίας
2139 5627 2427 5699 Πάνορμος
2471 5626 2851 5696 conjiciebam,
2885 5633 2977 5679 aut
3008 5633 3157 5681 certo
3200 5638 3265 5678 ex
3321 5632 3490 5691 portu

1908 5713 2065 5771 nobis
2099 5712 2331 5769 insulam
2375 5711 2591 5768 Iecissc.
2630 5709 2748 5776 Quo
2784 5711 2963 5766 minus
2992 5718 3169 5764 tamen
3196 5721 3382 5765 secure
3425 5708 3490 5760 in-
