3980 6210
475 297 617 364 1005

462 416 549 469 bis
578 409 942 479 acquiescam,
972 405 1315 461 Marcellinus
1345 405 1541 461 Comes
1584 406 1770 470 ellirit,
1801 406 2037 460 Zenonis

464 493 808 566 imperatoris
851 492 1003 560 jussu
1040 490 1239 559 Pelagii
1275 491 1451 560 gulam
1488 491 1539 544 in
1574 491 1768 554 insula,
1804 506 1922 559 qua:
1945 490 2042 542 Pa-

463 590 684 630 normus
718 574 934 636 dicitur,
977 573 1169 641 laqueo
1207 575 1432 628 fractam
1471 589 1522 626 a.
1571 573 1675 626 590
1714 588 2042 626 memorans.

462 659 578 713 Etsi
606 659 771 721 enim,
801 657 889 709 ubi
918 656 1092 723 posita
1121 653 1282 710 fuerit
1314 656 1510 719 insula,
1541 655 1739 709 addere
1786 653 2044 724 neglexeo

465 742 552 802 rit,
588 739 701 792 ﬁeri
735 739 909 806 potuit
938 747 994 791 ut
1023 754 1128 792 non
1161 739 1318 791 aliam
1353 739 1602 808 signarit.

536 821 653 876 Col.
690 821 810 874 UH.
842 823 1124 888 Κυθηρία.
1159 822 1494 875 Ριίιιειίιθιιιι
1539 821 1773 892 Κύθηρα
1818 828 1872 874 et
1921 831 2043 872 mox

472 906 821 974 Στρόφαδες,
894 916 1037 958 nota:
1096 903 1394 973 Virgiliano
1438 920 1598 957 versu
1647 923 1660 958 :
1723 903 2042 972 Strophades

464 989 626 1040 (it-nio
658 998 799 1042 stant
827 989 1032 1040 nomine
1057 988 1210 1040 dich
1233 987 1423 1040 insula:
1445 986 1597 1039 Ionio
1623 989 1676 1039 in
1707 1002 1912 1055 magno.

535 1070 700 1124 Idem.
742 1067 984 1122 Μυλῶν.
1016 1067 1180 1122 Forte
1205 1067 1470 1128 Μύκωνος
1499 1068 1566 1120 ab
1595 1067 1842 1122 Hierocle
1870 1067 2038 1131 venit,

463 1152 566 1205 nisi
593 1152 636 1204 si
697 1160 750 1204 ct
795 1161 943 1203 recto
994 1165 1124 1204 casn
1167 1148 1372 1202 Μύκων
1416 1148 1588 1202 insula
1637 1150 1778 1203 dicta
1832 1167 1845 1201 :
1896 1158 2043 1202 certe

463 1235 801 1304 σμικρότητα
851 1235 948 1301 τῆς
995 1235 1261 1294 Μύκωνος
1303 1233 1467 1299 νήσου
1523 1233 1686 1286 habet
1733 1225 2047 1300 Apostolitts

463 1327 604 1370 cont.
640 1333 765 1377 xm,
801 1317 891 1378 3‘2,
921 1327 974 1370 ct
1004 1331 1162 1382 quem
1191 1305 1478 1382 scripsisse
1508 1315 1737 1379 videtur,
1771 1314 2041 1367 Zenobins

462 1408 610 1453 ecnt.
639 1414 691 1459 ν,
732 1399 838 1464 21,
863 1400 1000 1451 hanc
1031 1399 1080 1449 in
1120 1412 1228 1449 rem
1257 1411 1284 1448 a
1315 1395 1375 1448 Ι..
1410 1395 1706 1448 llolsteiuio
1729 1396 1839 1462 jam
1869 1393 2045 1460 appel-

451 1481 622 1538 latus.
670 1481 801 1535 Vide
841 1481 925 1534 'I‘i.
989 1479 1453 1534 Ilemsterhusium
1502 1478 1554 1530 in
1590 1477 1812 1530 Luciani
1849 1477 1976 1530 dial.
2010 1477 2036 1530 I

463 1561 647 1626 Μυι·ι.,
695 1564 780 1615 ubi
830 1563 956 1631 μίαν
993 1561 1259 1613 Μύκωνον
1307 1559 1524 1630 egregie
1552 1559 1881 1629 Iepidissimo
1905 1559 2044 1628 scri-

461 1647 601 1714 ptori
635 1654 686 1697 et
718 1644 869 1712 plura
898 1644 962 1697 de
986 1643 1161 1696 insula
1198 1644 1450 1698 reddidit.

535 1727 696 1778 Idem.
756 1724 963 1793 Νῆσος
1018 1727 1244 1787 Μόλος.
1298 1723 1500 1778 ΜοΙιιιιι
1563 1725 1796 1780 insulam
1850 1733 2038 1779 contra

460 1807 780 1861 Corinthum
826 1808 1003 1860 adhuc
1059 1822 1265 1876 quaero.
1303 1808 1416 1876 Τὴν
1470 1807 1675 1877 πέτραν
1708 1809 1807 1878 τὴν
1836 1809 2043 1862 Μολου-

465 1889 606 1958 piae,
662 1907 726 1943 ex
783 1906 887 1958 qua
947 1905 1005 1944 se
1057 1889 1152 1943 luo
1206 1889 1629 1945 eumMelicerte
1690 1892 1742 1944 in
1793 1890 2040 1945 Saronici

462 1971 613 2024 sinus
657 1986 828 2040 aquas
881 1972 1215 2042 pratcipitem
1273 1972 1502 2036 dederit,
1565 1973 1620 2026 in
1681 1973 1782 2027 hac
1838 1974 2036 2027 vicinia

464 2054 760 2108 Pausanias
788 2056 952 2109 Attic.
981 2054 1047 2108 ιι
1079 2064 1135 2110 et
1170 2053 1404 2110 Tzetzes
1438 2055 1505 2109 ad
1533 2054 1905 2125 Lycophronis
1930 2057 2036 2112 2‘29

460 2145 910 2192 commemorant.

533 2217 666 2270 Ibid.
717 2219 1018 2287 Δωροῦσιι.
1073 2219 1272 2274 Samus
1322 2219 1450 2272 olim
1497 2219 1768 2285 Δρυοῦσα,
1812 2219 2040 2274 testibus

466 2299 747 2355 Ilt-raelide
771 2302 838 2356 de
871 2303 1025 2356 Polit.
1059 2313 1112 2356 et
1143 2301 1434 2372 l‘lesychio,
1463 2303 1549 2356 cui
1585 2312 1763 2357 tamen
1796 2302 1901 2356 alio
1925 2302 2041 2356 loco

467 2381 716 2452 Δόρυσσα
767 2394 874 2444 est,
911 2385 1328 2454 appellabatur;
1371 2400 1489 2452 quae
1513 2399 1633 2438 cum
1664 2383 1789 2438 alibi
1825 2383 1891 2436 ab
1919 2382 2041 2437 Ille-

467 2467 614 2518 rocle
646 2476 1007 2530 recensentur,
1037 2467 1164 2521 hinc
1184 2470 1374 2521 abesse
1408 2467 1586 2521 debet.
1614 2467 1786 2521 Habet
1816 2468 2042 2519 Οἰνούσ-

465 2565 567 2609 σας
597 2548 803 2604 insulas
828 2551 878 2604 in
909 2551 1032 2605 sinu
1065 2549 1336 2605 Messenio
1357 2549 1658 2603 Pausanias
1687 2549 1912 2602 Messen.
1933 2549 2036 2603 διε

465 2632 589 2695 illac,
643 2643 733 2687 aut
773 2635 950 2704 potius
994 2635 1228 2703 Donysa,
1277 2648 1440 2700 quam
1501 2631 1728 2684 viridem
1789 2630 2042 2704 Virgilius

465 2724 638 2778 vocat,
665 2703 1066 2783 hocpertinere
1094 2720 1364 2771 videntur.
2017 2703 2023 2708 ’

535 2792 667 2848 Ibid.
717 2795 982 2864 Λῆμνος.
1040 2797 1188 2851 lianc
1242 2809 1297 2851 et
1337 2807 1649 2865 sequentem
1710 2796 2045 2867 proconsulis

463 2876 678 2928 Achaia:
715 2877 936 2945 imperio
968 2878 1140 2933 fuisse
1173 2881 1567 2944 contributam,
1603 2897 1723 2934 ctnn
1752 2881 1820 2934 ab
1839 2879 2043 2935 Achaia

465 2957 778 3026 longissime
821 2974 1008 3015 versus
1065 2961 1352 3015 Thraciam
1395 2961 1505 3016 sint
1563 2970 1806 3029 semotae,
1851 2964 2046 3017 miran-

463 3041 590 3093 dum
643 3052 745 3096 εει.
805 3041 1216 3108 Constantinus,
1276 3046 1321 3099 si
1383 3045 1566 3100 hacin
1621 3060 1682 3100 re
1741 3044 2042 3099 Hieroclem

472 3121 638 3178 inerit
674 3134 915 3188 secutus,
949 3136 1152 3194 septem
1185 3126 1450 3180 duntaxat
1483 3129 1685 3183 insulas
1717 3129 1860 3182 circa
1889 3125 2046 3182 Pelo-

463 3221 760 3276 ponnesum
797 3209 833 3262 l.
870 3223 932 3274 ιι,
969 3210 1162 3265 Them.
1191 3212 1224 3266 6
1260 3212 1487 3268 invenit.
1539 3214 1806 3280 Quoniam
1866 3218 2045 3282 itaque

462 3291 686 3344 dubium
722 3291 773 3345 id
808 3307 928 3346 esse
973 3302 1171 3362 potest,
1217 3296 1392 3350 notari
1420 3311 1598 3365 opera:
1623 3298 1852 3366 pretium
1882 3297 2044 3351 fuerit

466 3374 536 3428 Μ.
565 3374 978 3430 Constantinum
1009 3377 1321 3445 praelectum
1380 3382 1616 3449 praetorii
1658 3379 1893 3435 Orientis
1926 3396 2044 3435 am-

464 3457 704 3523 plissima
742 3465 1006 3526 poteState
1041 3459 1386 3526 instruxisse,
1422 3471 1469 3515 et
1503 3472 1704 3530 praeter
1745 3462 2042 3516 Asiaticum

468 3540 856 3609 l’onticamque
884 3539 1148 3595 diwcesin
1207 3559 1398 3597 omnes
1446 3544 1518 3597 illi
1556 3543 1793 3600 Orientis
1823 3544 2045 3613 provin-

462 3624 575 3676 cias
605 3637 729 3676 cum
768 3623 1006 3694 Egypto
1032 3637 1086 3678 ct
1117 3625 1469 3682 Thraciarum
1503 3627 1725 3682 αἰωρθεί
1765 3643 1925 3697 atque
1962 3629 2044 3682 in-

465 3705 597 3758 sulis
666 3703 991 3776 Cycladibus
1063 3710 1350 3765 mandasse
1387 3750 1400 3774 ,
1469 3711 1590 3782 δίχα
1658 3713 1879 3782 Λήμνου
1950 3713 2045 3765 καὶ

469 3787 698 3858 Ἴμϐρου
745 3790 838 3842 καὶ
893 3791 1290 3863 Σαμοθρᾴκης,
1337 3811 1456 3863 qua:
1498 3796 1732 3866 praefecti
1794 3797 2044 3866 preatorio

465 3871 658 3940 IILyrici
722 3873 948 3943 imperio
1008 3877 1210 3931 relictae
1265 3890 1412 3944 sunt,
1471 3892 1528 3934 ut
1577 3880 1824 3935 Zosimus
1865 3896 1926 3944 tt,
1975 3880 2044 3934 55

465 3955 645 4008 tIOt'et.

536 4037 669 4092 Ibid.
723 4039 870 4094 ’Υπὸ
905 4043 1381 4111 κονσουλάριον.
1419 4043 1474 4097 In
1518 4059 1677 4098 manu
1706 4055 1927 4101 exarato
1952 4061 2044 4101 co-

468 4120 588 4174 dice
638 4125 1089 4180 accuratissimus
1143 4126 1472 4180 Holsteinius
1519 4127 1591 4180 ita
1641 4127 1791 4198 legit,
1824 4130 2045 4185 verissi-

468 4219 719 4274 mumqne
773 4209 927 4263 nobis
973 4210 1204 4263 videtur.
1233 4209 1370 4264 Olim
1413 4211 1571 4264 Creta
1612 4213 1900 4282 provincia:
1936 4215 2043 4284 Cy-

464 4289 693 4343 renaica:
726 4292 1017 4360 conjuncta
1068 4294 1376 4359 proconsuli
1407 4295 1616 4364 paruit;
1661 4298 1802 4350 umle
1831 4297 1896 4363 ρ.
1925 4298 2044 4352 Cte-

463 4371 617 4427 cilius
672 4372 898 4428 Rulinus
949 4375 1000 4427 itt
1059 4374 1316 4433 Thesaur.
1369 4391 1423 4446 ι).
1461 4375 1628 4432 MXCI
1672 4378 1705 4432 6
1736 4379 2042 4443 ἀνθύπατος

466 4457 690 4526 Κρήτης
740 4459 834 4510 καὶ
879 4460 1139 4529 Κυρήνης
1195 4461 1415 4517 dicitur.
1471 4459 1596 4515 Post
1645 4462 1791 4526 dein,
1839 4472 2044 4518 mutata

466 4536 722 4593 Itomanze
768 4542 1074 4610 reipublicae
1129 4558 1159 4596 a
1208 4542 1401 4608 Magno
1452 4542 1807 4596 Constantino
1846 4543 2041 4611 forma,

467 4622 832 4690 distractaque
904 4626 1030 4678 hinc
1113 4625 1344 4688 Cyrene,
1411 4624 1626 4679 Zosimo
1650 4640 1707 4688 tt,
1771 4627 1836 4680 57
1883 4635 2042 4691 teste,

468 4705 744 4770 provincia
800 4705 903 4759 fuit
951 4707 1294 4773 consularis,
1327 4719 1383 4760 ut
1429 4707 1634 4761 Notitia
1673 4709 1800 4775 imp.
1836 4709 2042 4765 Orient.

467 4804 519 4840 e.
584 4788 605 4840 I
674 4790 949 4853 ostendit,
991 4800 1046 4844 et
1098 4790 1199 4846 hoc
1267 4805 1298 4844 c
1359 4790 1634 4844 Thesauro
1690 4791 2042 4861 epigramnia,

469 4886 522 4940 p.
556 4869 769 4925 MXCIV
809 4872 843 4926 4
893 4890 906 4927 :
955 4875 1050 4929 Φλ.
1095 4875 1356 4929 ’Υπὰτιον
1388 4876 1481 4928 τὸν
1519 4875 1904 4947 λαμπρότατον
1937 4879 2046 4932 ἀπὸ

472 4954 735 5024 ὑπάρχων
776 4958 1112 5027 πραιτωρίου
1139 4958 1367 5027 δόγματι
1407 4957 1501 5011 τοῦ
1539 4958 1718 5012 κοινοῦ
1743 4959 1924 5029 πάσης
1947 4962 2045 5031 τῆς

471 5039 745 5108 ἐπαρχίας
761 5042 1110 5110 Οἰκουμένιος
1122 5041 1370 5104 Δοσίθεος
1386 5042 1834 5112 Ἀσκληπιόδοτος
1862 5045 1888 5095 ὁ
1909 5043 2048 5112 λαμ-

468 5122 740 5188 πρότατος
764 5122 1029 5188 ὕπατικδς
1048 5125 1150 5194 τῆς
1171 5125 1405 5194 Κρητῶν
1433 5125 1700 5193 ἐπαρχίας
1722 5125 2040 5194 ἀνέστησεν.

470 5203 756 5270 ῐι¹ιιι1ιιιιυε,
799 5207 888 5275 qui
920 5207 1182 5262 Flavium.
1211 5208 1384 5262 virum
1425 5208 1763 5262 consularem
1795 5207 2044 5263 clarissi-

468 5303 614 5341 nmm
661 5303 727 5343 ex
765 5289 866 5344 hoc
897 5289 1084 5345 Flavio
1117 5291 1348 5361 Hypatio
1393 5290 1541 5354 fecit,
1578 5291 1746 5346 risum
1792 5291 2042 5347 omnibus

466 5371 668 5424 debet:
703 5379 756 5424 ιιι
811 5370 892 5425 FI.
948 5371 1234 5442 Hypatium
1292 5373 1551 5441 intellige,
1603 5373 1694 5439 qui
1751 5373 2043 5441 prad'ectus

468 5453 726 5519 pra-torio
756 5453 922 5508 Italiae
968 5455 1066 5508 fuit
1108 5456 1344 5510 Antonio
1371 5465 1424 5508 et
1449 5455 1676 5526 Syagrio
1706 5456 2040 5523 consulibus,

466 5535 648 5585 vitum
702 5536 870 5602 quieti
927 5537 1232 5607 placidique
1299 5537 1507 5592 consilii
1557 5538 1806 5606 interque
1853 5553 2042 5595 onmcs

468 5616 831 5672 adolescentia
871 5629 925 5674 et
991 5623 1248 5675 virtutum
1304 5619 1704 5689 pulchritudine
1767 5635 2044 5675 commen-

471 5696 728 5764 dabilem,
779 5717 885 5770 quo
931 5717 1050 5758 eum
1077 5703 1249 5773 elogio
1269 5703 1811 5760 ornavitAnnnianus
1837 5704 2042 5769 xstx,2

1494 295 1876 356 ADDENDA.
1917 320 1984 329 --
2017 294 2085 354 Ρ.
2123 288 2638 354 WESSELINGII

3581 282 3716 350 1096

2153 407 2270 460 Jam
2299 424 2418 461 cum
2456 407 2614 477 hujus
2645 397 3052 472 epigrammatis
3077 395 3488 466 Asclepiodotus
3507 399 3722 470 ὓπαθη-

2152 490 2244 552 κὸς
2270 491 2368 559 τῆς
2410 487 2643 559 Κρητῶν
2667 483 2937 553 ἐπαρχίας
2973 479 3238 535 Thesauri
3274 496 3327 548 p.
3367 481 3510 535 ΜοΧ
3535 481 3614 537 20
3642 485 3722 538 ιιι-

2149 576 2311 634 citur,
2347 571 2486 625 eoin
2525 569 2678 622 titulo
2701 568 2888 620 vitium
2922 579 3040 618 esse
3073 579 3230 617 nemo
3261 564 3628 618 addubitabit.

2223 653 2352 705 Ibid.
2399 653 2613 717 Πόλεις
2643 651 2759 714 κβκ
2801 647 2938 704 Olim
2989 657 3203 700 centum
3231 647 3455 700 urbibus
3494 648 3720 704 insulani

2152 733 2320 788 fuisse
2361 736 2628 788 celebrem
2667 747 2754 786 res
2783 739 2867 785 est
2925 730 3206 784 tritissima
3238 747 3253 782 :
3287 729 3422 782 bella
3456 738 3514 782 et
3544 745 3721 784 rerum

2153 818 2508 870 humanarum
2540 813 2936 869 vicissitudines
2978 813 3158 882 plures
3188 811 3314 865 dein
3345 811 3680 865 sustulerunt
3706 831 3720 879 ;

2149 915 2376 969 quarum
2409 910 2584 953 tamen
2617 912 2737 951 eum
2777 896 2942 950 fuisse
2967 909 3271 960 numerum,
3293 905 3351 948 ut
3381 896 3724 963 paucissima:

2149 983 2466 1052 superstites
2495 981 2814 1034 manserint.
2847 978 2972 1032 licet
2999 978 3172 1033 Servii
3202 987 3366 1032 aetate
3391 980 3462 1030 ita
3495 977 3720 1044 ferrent,

2152 1081 2422 1134 nunquam
2471 1078 2756 1119 censuere.
2809 1061 2994 1115 Primo
3038 1061 3244 1130 quidem
3291 1069 3495 1114 centum
3545 1063 3724 1116 habuit

2151 1145 2307 1202 Creta
2339 1149 2596 1210 ciritates,
2627 1145 3013 1215 grammaticus
3041 1145 3092 1197 in
3127 1141 3348 1196 Αῐιιιὶιι.
3377 1159 3460 1207 ιιι,
3497 1143 3604 1197 106
3631 1156 3721 1210 att,

2150 1233 2287 1284 unde
2337 1228 2722 1296 IIecatom‘polis
2768 1229 2913 1280 dicta
2948 1236 3022 1280 est
3063 1243 3080 1280 :
3114 1239 3230 1294 post
3272 1227 3453 1294 rigmti
3475 1236 3718 1296 quatuor,

2149 1313 2292 1376 inde,
2348 1322 2401 1364 ut
2448 1312 2666 1372 dicitur,
2728 1311 2886 1374 duas,
2951 1307 3164 1362 Gnoson
3216 1319 3262 1362 et
3318 1307 3719 1376 llierapidnam,

2150 1395 2384 1463 qnnntvis
2423 1392 2601 1447 Livius
2640 1395 2812 1460 plures
2843 1410 2875 1446 a
2934 1391 3144 1446 Metello
3185 1403 3510 1460 expugnatas
3551 1393 3717 1446 ditat.

2151 1474 2317 1530 Recte
2347 1476 2571 1532 Servius
2607 1476 2814 1530 Livium
2844 1475 2917 1528 illi
2951 1476 3154 1528 rumori
3188 1473 3415 1549 opponit
3446 1490 3460 1527 :
3503 1475 3599 1526 sed
3637 1489 3720 1528 se-

2151 1559 2331 1613 verius
2395 1573 2518 1614 cum
2589 1572 2657 1612 ex
2725 1556 2813 1613 sui
2866 1557 3127 1624 temporis
3187 1556 3342 1612 factis
3399 1555 3718 1626 castigatore

2148 1642 2360 1696 vellem.

2219 1709 2669 1793 Ibid.'l‘opttirq.
2692 1723 2983 1794 Gortynam
3002 1721 3177 1776 Creta:
3196 1723 3537 1791 metropolim
3556 1721 3720 1780 fuisse

2148 1823 2214 1862 ex
2243 1807 2384 1860 Actis
2417 1809 2623 1860 concilii
2651 1807 2898 1876 Ephesiui
2931 1823 2983 1876 p.
3014 1807 3121 1860 453
3150 1806 3284 1860 citra
3316 1807 3542 1860 dubium
3566 1817 3666 1860 est.

2221 1893 2354 1946 Ibid.
2399 1891 2659 1956 Ἵνατος.
2713 1890 2942 1953 Εῐνατος
2991 1890 3258 1960 llesychio
3307 1889 3624 1959 Etymologo
3669 1901 3718 1943 et

2156 1973 2470 2043 Stephano.
2511 1961 2836 2028 Ptolemmhs
2904 1983 3092 2027 nostro
3160 1974 3442 2028 consentit.
3502 1971 3719 2025 Tabula:

2151 2058 2301 2113 Inata
2352 2058 2424 2113 LI.
2460 2058 2520 2113 P.
2550 2058 2621 2113 52
2654 2058 2723 2112 ab
2751 2055 3091 2126 Hierapydna
3139 2055 3191 2109 in
3222 2065 3369 2125 parte
3404 2055 3598 2110 insula:
3631 2070 3718 2110 au-

2149 2143 2320 2199 strali.

2221 2226 2357 2280 Ibid.
2395 2226 2632 2280 Βίεννα.
2657 2224 2801 2306 Vjtio
2821 2224 3215 2306 exscriptornm
3248 2220 3468 2306 Tabula:
3494 2220 3714 2306 meum,

2152 2307 2293 2362 unde
2324 2306 2609 2362 Ravennas
2642 2303 2904 2362 Blentiam
2948 2305 2982 2358 l.
3018 2321 3070 2370 v,
3104 2321 3156 2360 c.
3189 2306 3250 2360 21
3290 2304 3442 2369 fecit,
3485 2303 3708 2362 dicitur;

2151 2391 2428 2460 Stephano
2466 2390 2702 2454 Βίεννος,
2743 2393 2974 2444 fortasse
3023 2389 3192 2443 invito
3240 2407 3254 2442 :
3297 2402 3421 2442 nam
3452 2401 3483 2440 a
3516 2385 3710 2441 Vienna

2150 2475 2353 2530 Gallica
2406 2474 2602 2543 gentile
2652 2488 2950 2543 cognomen
3009 2471 3246 2534 Βιέννιος
3297 2479 3354 2524 et
3412 2469 3711 2538 Βίεννήσιος

2151 2555 2376 2611 formari
2409 2558 2504 2622 ait,
2541 2557 2641 2626 τῆς
2682 2555 2740 2609 δὲ
2778 2556 2999 2622 Βιέννης
3031 2553 3326 2618 Βιενναίος,
3360 2551 3503 2620 quod
3533 2551 3712 2618 utique

2150 2649 2205 2693 et
2262 2638 2431 2692 l‘orma
2488 2649 2543 2690 et
2596 2636 2861 2691 orationis
2909 2637 3053 2691 serie
3102 2635 3172 2690 ad
3211 2637 3350 2690 hanc
3381 2633 3710 2690 Cretensium

2153 2719 2414 2774 Biennam
2452 2720 2722 2788 pertinere
2755 2719 2986 2774 videtur.

2223 2803 2356 2860 Ibid.
2402 2802 2776 2870 Ἶεράπυδνα.
2810 2802 2942 2856 Dion
2967 2801 3138 2871 princ.
3173 2800 3213 2858 l.
3244 2816 3406 2856 xxxv:
3437 2799 3507 2853 τὰ
3545 2796 3712 2868 Ἰερὰ-

2153 2887 2328 2941 πυδνα
2383 2895 2557 2940 vocat.
2603 2884 2825 2940 Tabulae
2881 2883 3040 2938 Iliera
3093 2884 3164 2938 20
3218 2883 3289 2938 ΔΙ.
3329 2883 3388 2938 I’.
3423 2899 3453 2935 a
3496 2881 3712 2943 Bienna,

2155 2970 2449 3026 Itavcnnati
2492 2968 2782 3038 Jerapina;
2818 2970 2884 3022 ad
2917 2983 3077 3036 quam
3120 2967 3349 3021 formam
3382 2969 3433 3020 in
3463 2966 3715 3036 synodica

2151 3055 2489 3111 Cretensium
2531 3052 2597 3106 ad
2649 3051 2883 3106 Leonem
2925 3051 3302 3118 imperatorem
3353 3049 3577 3118 epistola
3615 3046 3718 3100 En-

2153 3138 2415 3210 pbronius
2470 3137 2753 3206 episcOpus
2799 3133 3123 3204 Hierapinae.
3180 3133 3374 3187 Verius
3418 3142 3499 3187 est
3544 3131 3718 3201 Ἱερά-

2153 3239 2368 3285 πυτνα,
2419 3228 2476 3274 ut
2527 3220 2730 3289 lapides
2781 3217 3026 3286 inscripti
3096 3216 3406 3270 ostendunt.
3465 3215 3595 3269 Vide
3659 3214 3719 3268 Β.

2155 3303 2515 3358 Maul‘attconii
2564 3301 2709 3356 Diar.
2744 3301 2863 3355 Ital.
2894 3315 2946 3369 ιι.
2993 3301 3058 3354 Ὴ
3089 3297 3153 3353 C.
3201 3299 3290 3362 ιη,
3317 3300 3402 3353 tibi
3436 3313 3718 3367 perperam

2154 3391 2310 3442 IISPA
2362 3386 2616 3452 ΠΥΓΝΗ,
2671 3393 2726 3440 et
2781 3385 2939 3439 Edtn.
2990 3383 3256 3439 Chishulli
3307 3383 3487 3450 Amiq.
3543 3382 3713 3436 Asiel.

2153 3488 2362 3608 ρ.
2400 3551 2663 3620 Καμάρα.
2705 3548 2843 3604 Olitn
2875 3549 3030 3612 Lato,
3071 3558 3206 3602 teste
3245 3546 3535 3613 Stephano,
3562 3543 3725 3611 cujus

2152 3640 2316 3692 verbo
2346 3635 2432 3691 .lo.
2474 3637 2742 3690 Meursius
2781 3636 2817 3688 ι.
2852 3649 2864 3686 ι
2895 3631 3064 3687 Creta:
3102 3648 3210 3685 sutr
3234 3645 3281 3684 c.
3305 3645 3373 3685 vn
3408 3639 3555 3684 recte
3589 3643 3726 3683 con-

2153 3732 2357 3845 milia:
2403 3790 2722 3858 ’Ἃλλυγοᾳ
2791 3786 2942 3840 Ilanc
2995 3784 3181 3841 insula:
3232 3785 3418 3838 urbem
3486 3781 3721 3836 nondum

2155 3877 2350 3944 reperi.
2383 3874 2629 3942 Suspicio
2662 3875 2726 3927 de
2752 3871 2946 3926 mendo
2991 3886 3112 3926 esse
3159 3879 3356 3939 polcst,
3387 3869 3488 3923 nisi
3523 3869 3575 3921 in
3615 3865 3724 3921 Noe

2155 3959 2296 4025 tilia,
2330 3973 2488 4026 quam
2538 3955 2653 4010 Jac.
2693 3955 2836 4009 Goar
2888 3953 3095 4008 Codino
3142 3953 3368 4014 addidit,
3413 3952 3558 4006 inter
3594 3949 3725 4004 Creo

2157 4052 2335 4096 tenses
2363 4040 2643 4109 episcopos
2667 4040 2695 4090 ὁ
2722 4037 3017 4104 ’Λλλύγγου
3059 4048 3474 4091 memoraretur.

2227 4123 2358 4178 Ibid.
2395 4123 2800 4190 Χερσόνησος.
2837 4120 3034 4175 Natale
3066 4129 3182 4174 erat
3207 4119 3377 4189 Lycti,
3404 4115 3558 4184 cujus
3584 4129 3724 4184 prir-

2153 4209 2237 4263 sul
2290 4205 2567 4261 Nisinnius
2617 4204 2847 4260 Nic-eme
2895 4203 3146 4258 secunda.-
3198 4202 3404 4272 syuodo
3438 4197 3730 4255 scribendo

2144 4291 2325 4367 ladl'nit
2357 4305 2410 4359 p.
2440 4289 2565 4344 554.
2591 4289 2936 4358 Χερσόνησος
2971 4287 3194 4358 Κρήτης
3230 4286 3282 4339 in
3321 4285 3466 4339 Actis
3513 4283 3730 4337 consilii

2155 4374 2408 4444 Epltesiui
2433 4390 2486 4443 p.
2519 4374 2622 4429 457
2659 4371 2877 4426 dicitur.

2225 4460 2361 4512 Ibid.
2405 4459 2658 4521 Λύκιος.
2703 4455 2903 4510 Urbem
2946 4456 3083 4510 hanc
3125 4453 3332 4510 Δύττον
3367 4453 3628 4524 Polybius
3656 4469 3732 4520 tv,

2155 4545 2224 4600 55
2253 4542 2507 4612 appellat,
2530 4551 2584 4595 et
2613 4548 2738 4593 ante
2768 4555 2914 4602 emn,
2946 4537 3213 4592 Strabone
3246 4547 3407 4600 teste,
3438 4537 3735 4600 Homerus,

2154 4627 2256 4681 sita
2305 4623 2505 4678 eratin
2553 4620 2935 4676 excellentior-tt
2981 4620 3142 4684 colle,
3192 4632 3315 4687 qua:
3363 4628 3447 4672 est
3487 4621 3737 4673 nominis

2154 4709 2272 4776 ejus
2307 4722 2468 4762 causa
2512 4723 2525 4759 :
2579 4704 2652 4758 Τὸ
2685 4703 2793 4773 γὰρ
2833 4703 2969 4759 ἄνω,
3025 4701 3198 4770 inquit
3249 4700 3589 4771 Stephanus,
3641 4703 3739 4756 καὶ

2155 4790 2358 4860 ὑψηλὸν
2398 4788 2588 4842 tum»;
2635 4788 2789 4856 φασί.
2829 4788 3005 4854 Atque
3045 4783 3183 4839 hanc
3224 4783 3525 4837 scribenda:
3583 4785 3742 4839 urbis

2152 4873 2595 4928 coosuclndinem
2642 4869 2740 4936 ipsi
2786 4866 2977 4920 incola:
3007 4875 3134 4921 sunt
3164 4868 3356 4934 secuti,
3399 4879 3458 4920 ut
3496 4867 3553 4919 in
3593 4865 3741 4920 The-

2151 4971 2302 5009 saur.
2338 4969 2390 5024 p.
2425 4950 2716 5006 MLXXXV
2748 4950 2782 5004 5
2819 4967 2832 5003 :
2863 4950 3166 5004 Ματτιδίαν
3185 4949 3463 5019 Σεϐαστὴν
3480 4950 3741 5004 Auctin

2152 5040 2356 5110 ἡπόλις
2382 5036 2470 5090 διὰ
2495 5035 2888 5106 πρωτοκόσμου
2906 5033 2970 5087 Τ.
2994 5033 3254 5086 Φλαουῐου
3281 5035 3566 5103 Κωμαστᾶ
3588 5035 3655 5087 τὸ
3675 5034 3743 5102 β’.

2153 5120 2252 5176 Ubi
2307 5120 2694 5190 πρωτόκοσμος
2738 5126 2823 5172 est
2871 5117 3224 5185 magistratus
3275 5132 3604 5186 cognomen,
3641 5120 3741 5189 qui

2153 5207 2294 5260 inter
2341 5194 2596 5266 collegas,
2652 5201 2893 5270 κόσμους
2938 5200 3116 5256 dictos
3151 5209 3206 5252 et
3247 5214 3471 5253 numero
3503 5200 3746 5269 quidem

2150 5289 2358 5350 decem,
2397 5295 2454 5337 nt
2488 5284 2806 5338 Aristoteles
2851 5280 3012 5334 Polit.
3049 5297 3109 5344 ιι,
3145 5281 3210 5337 10
3248 5281 3453 5345 docuit,
3486 5281 3749 5353 principe

2153 5378 2270 5423 erat
2304 5368 2445 5422 loco.
2480 5367 2538 5420 In
2565 5367 2743 5420 numis
2773 5379 2877 5418 non
2912 5365 3056 5417 aliud
3091 5365 3409 5432 probarunt,
3441 5380 3549 5432 qua
3585 5365 3666 5418 de
3693 5380 3752 5422 re

2153 5450 2512 5520 Spanhetnins
2539 5450 2593 5504 in
2641 5447 2962 5503 Callimachi
3009 5447 3204 5518 Hymn.
3236 5451 3289 5500 in
3318 5446 3498 5516 Apoll.
3532 5463 3748 5504 xxsttt.

2150 5535 2284 5590 Vide
2316 5535 2547 5604 Hesych.
2585 5533 3054 5601 Καρνησσόπο).ις.

2222 5620 2357 5674 Ibid.
2409 5617 2706 5687 Ἀρκαδία.
2759 5615 2980 5671 Tabulae
3035 5616 3269 5681 Arcade,
3330 5617 3472 5670 unde
3515 5615 3757 5686 Arpade

2153 5703 2438 5759 Harennas
2464 5701 2754 5769 exstruxit,
2786 5701 2856 5758 50
2885 5701 2952 5758 Μ.
3001 5701 3062 5760 P.
3097 5717 3128 5756 a
3175 5701 3400 5771 Bienna,
3428 5715 3526 5775 pro
3554 5700 3757 5758 Arca-
