3980 6210
297 421 394 475 jes
448 434 463 472 :
516 414 702 472 urbem
746 414 895 470 enim
965 415 1238 486 Ἀρκάδας
1287 423 1342 471 et
1390 416 1684 488 Ἀρκαδίαν
1734 429 1869 476 teste

295 502 574 571 Stephano
600 498 968 569 appellabant.
1002 497 1236 552 Arcadia
1271 497 1488 554 hotitiis
1523 500 1864 556 ecclesiasti-

293 589 398 647 cis.
431 593 494 639 ut
512 582 752 646 Ioannes
783 583 880 653 τῆς
916 581 1208 653 Ἀρκαδίας
1265 583 1590 649 ἐπίσκοπος,
1617 585 1712 656 qui
1744 599 1872 655 pars

295 669 526 725 Nicena:
585 667 838 722 secundae
889 665 1081 737 synodi
1139 665 1264 729 luit,-
1306 667 1462 722 testis
1509 669 1621 722 erit
1673 668 1868 738 placet.

294 751 431 806 βιαιο
454 764 586 805 vero
613 750 744 806 huic
772 750 894 804 urbi
931 751 982 804 in
1015 748 1345 820 Geographie
1380 747 1552 804 Sacra
1585 749 1810 806 Carolus
1839 766 1872 806 a

292 834 354 890 S.
387 834 557 889 Paulo
590 833 770 888 locum
799 834 1040 903 negavit.

359 918 480 974 Col.
501 917 626 972 1“.
646 917 980 986 Σούόριτος.
996 916 1317 972 Theodorus
1328 916 1626 981 ἐπίσκοπος
1645 915 1873 987 2006p!-

293 1019 402 1058 των
419 1001 572 1058 estin
595 1001 743 1057 Actis
759 999 957 1055 Νιοωηί
973 1000 1200 1057 secundi
1214 1001 1434 1057 concilii
1455 1017 1505 1071 p.
1521 1000 1649 1056 554.
1669 999 1873 1056 Subriti

299 1087 520 1141 nomine
555 1087 610 1140 in
660 1085 837 1140 tabula
873 1084 1270 1156 Peutiogerana
1313 1086 1542 1156 insignis
1561 1095 1685 1150 est;
1733 1086 1876 1139 unde

295 1170 556 1241 Σύσριτος
601 1185 707 1225 non
753 1169 895 1222 male
925 1170 1221 1234 diceretur,
1263 1169 1565 1238 praesertim
1599 1171 1642 1222 si
1674 1161 1874 1239 Σίϐυρὲ

293 1271 408 1319 τος,
436 1268 598 1323 quam
629 1267 696 1307 ex
727 1251 952 1322 Polybio
983 1251 1293 1320 Stephanus
1321 1251 1506 1315 habet,
1549 1251 1677 1306 hinc
1703 1252 1876 1320 origi-

293 1354 416 1393 nem
438 1337 732 1408 acceperit.
765 1336 1076 1405 Creteroqui
1129 1334 1368 1406 Σύὸριτα
1419 1335 1632 1406 Scylaci
1661 1345 1718 1391 et
1749 1335 1876 1390 Pto-

293 1421 491 1478 Eemaao
534 1435 661 1476 esse
701 1420 868 1475 solet.
925 1418 1170 1474 Pertinet
1194 1420 1301 1473 huc
1330 1417 1567 1489 Cyrillus
1595 1419 1879 1489 episcopus

297 1499 568 1567 Subtuus,
601 1509 664 1556 ιιι
713 1501 1065 1557 vitiosissime
1117 1502 1170 1556 in
1225 1502 1487 1571 synodica
1526 1500 1876 1557 Cretensium

293 1589 364 1643 ad
419 1588 652 1642 leonem
691 1586 1077 1654 imperatorem
1113 1586 1347 1654 epistola
1386 1585 1670 1640 scribitur.
1710 1582 1878 1638 Paulo

294 1673 494 1727 melius
522 1672 577 1725 in
599 1671 746 1754 Actis
784 1669 1320 1754 Chalcedonensibus
1345 1678 1474 1724 tom.
1511 1666 1650 1733 VIII,
1682 1683 1735 1739 p.
1770 1666 1870 1723 67!
1907 1747 1915 1754 .

296 1755 570 1827 Κύριλλος
588 1753 890 1815 ἐπίσκοπος
905 1753 1112 1814 πόλεως
1141 1751 1451 1822 Σοὺδριτος.

367 1835 503 1895 Ibid.
564 1836 818 1903 ‘Odétoc.
865 1836 975 1889 lino
1009 1835 1224 1899 ’οαξος.
1283 1836 1484 1889 Aberat
1531 1834 1677 1889 haud
1740 1834 1880 1888 mul-

298 1933 415 1978 tum
461 1921 832 1977 I'lleutlternis.
878 1916 1010 1974 Vide
1056 1917 1214 1972 Ednt.
1270 1916 1510 1972 Chisull.
1543 1917 1666 1971 Ant.
1699 1917 1875 1971 Asial.

553 2087 936 2154 ‘EJevdépra.
972 2084 1198 2140 Multum
1234 2086 1338 2140 hoc
1385 2083 1602 2154 vulgato
1637 2091 1879 2154 praestat,

301 2174 432 2228 licet
461 2171 580 2228 Dio.
618 2171 656 2225 l.
692 2185 854 2224 xxxvi
888 2169 1158 2239 principio
1189 2171 1289 2240 τὴν
1341 2169 1667 2238 Ἐλευθέραν
1698 2176 1877 2225 vocet.
1899 2216 1920 2225 -

301 2257 366 2311 In
395 2255 542 2310 edito
571 2253 852 2324 probando
881 2253 1034 2307 numi
1070 2253 1274 2322 lapides
1325 2253 1732 2325 scriptorcsqne
1766 2253 1884 2320 pln-

301 2337 449 2400 rimi,
480 2337 608 2390 licet
637 2336 689 2389 in
723 2349 951 2389 numero
980 2336 1130 2389 vocis
1176 2337 1467 2400 variantes,
1516 2337 1834 2407 conspirant
1863 2353 1878 2388 :

299 2419 400 2482 τὰς
436 2417 792 2489 Ἑλευθέρνας
821 2416 1038 2488 Scylax,
1082 2416 1311 2483 Plinius,
1351 2418 1704 2491 Ἑλευθέρνην
1753 2435 1885 2475 con.

298 2500 553 2556 citiorum
595 2499 1066 2554 Chalcedonensis
1119 2509 1174 2554 et
1227 2500 1430 2556 Nicaeni
1460 2504 1681 2557 secundi
1729 2505 1882 2568 Acta,

300 2586 720 2654 Stepltanusque
742 2593 799 2638 et
823 2581 1048 2650 Tabula,
1075 2598 1199 2654 quae
1228 2583 1264 2639 8
1314 2583 1384 2639 II.
1420 2585 1480 2642 P.
1511 2584 1718 2642 Subriti
1752 2587 1885 2643 urbe

303 2675 570 2732 semovet,
609 2665 834 2720 malunt.

377 2752 512 2806 Ibid.
543 2749 805 2816 Λάιιπαι.
843 2749 1071 2820 Λᾶμπη.
1116 2749 1252 2806 Iiinc
1283 2751 1382 2806 luit
1425 2752 1756 2819 Demetrius,
1788 2753 1884 2824 qui

303 2833 542 2906 pessime
591 2834 646 2887 in
697 2830 1105 2887 Chalcedonensi
1153 2836 1379 2889 concilio
1419 2837 1624 2905 p.100,
1660 2837 1886 2907 Πάλπης

227 2951 260 2980 ο
303 2919 528 2981 dicitur,
559 2925 618 2970 ut
645 2932 710 2971 ex
748 2931 803 2986 p.
836 2915 933 2970 101
965 2927 1298 2986 cmupertum
1324 2929 1430 2973 εει.
1468 2919 1648 2987 Lappa
1678 2919 1882 2988 Δάππη

305 3004 363 3059 in
395 3001 618 3065 Tabula,
645 3015 766 3070 qua:
801 3014 830 3053 a
866 3000 1151 3070 superiore
1197 3000 1265 3054 ll.
1307 3001 1370 3054 P.
1419 3000 1488 3056 32
1519 3001 1797 3066 dissociat,
1833 3009 1887 3055 et

304 3088 604 3160 lapidibus,
646 3095 702 3140 ttt
737 3084 1072 3140 Gruteriatto
1103 3101 1156 3154 p.
1194 3083 1392 3151 MXCI,
1422 3085 1492 3140 9:
1516 3087 1822 3140 Λαππαῐων
1851 3086 1885 3155 ἡ

307 3174 461 3236 πόλις
489 3172 584 3225 τὸν
631 3169 860 3239 Μάρκον
903 3167 1172 3239 Δῦρήλιον
1212 3168 1537 3238 Κλὴσιππον
1570 3168 1767 3238 τειμῆς
1793 3169 1887 3221 καὶ¹

309 3255 534 3326 μνήμης
572 3254 754 3323 χάριν.
809 3250 905 3305 Sic
935 3251 1078 3305 enim
1127 3251 1337 3320 expleri
1377 3252 1505 3306 illttd
1552 3254 1886 3323 epigramma

309 3341 488 3402 debet,
539 3349 599 3391 ιιι
621 3336 986 3407 )Iabillonius
1033 3336 1160 3388 Itin.
1193 3335 1322 3388 Ital.
1349 3350 1403 3405 p.
1441 3336 1512 3392 23
1545 3346 1598 3390 et
1631 3335 1886 3391 Doniana:

315 3419 568 3490 Inscript.
598 3419 759 3472 class.
796 3434 850 3480 v,
889 3416 986 3470 176
1016 3417 1335 3474 docuerunt.

381 3504 515 3559 Ibid.
553 3501 854 3556 Κύδωνέα.
890 3501 1162 3554 Κυδωνία.
1206 3501 1462 3572 Cydonea
1512 3511 1690 3557 tamen
1713 3502 1876 3557 Floro

310 3603 394 3652 ιιι,
413 3587 470 3651 7,
495 3586 587 3638 ubi
621 3583 890 3638 Dttkrrum
914 3585 1057 3646 vide,
1087 3594 1140 3637 et
1167 3584 1490 3640 llavcnuati.
1524 3586 1884 3650 Κυδωνεὰτας

311 3671 480 3725 habes
518 3669 571 3721 itt
602 3665 769 3720 Dione
819 3681 893 3730 ιι,
923 3680 979 3734 p.
1006 3665 1128 3719 507.

380 3750 518 3806 Ibid.
568 3747 902 3811 Καντανὶα,
959 3749 1141 3800 verius
1170 3759 1252 3803 est
1309 3750 1609 3812 Κάντανος.
1665 3748 1885 3804 Tabula:

308 3837 557 3892 Cantano
588 3831 658 3885 Μ.
679 3831 738 3883 P.
769 3817 862 3892 εὶ,
892 3829 1127 3894 Cisamo,
1159 3832 1368 3899 Apterte
1392 3831 1889 3886 navali.Catamen-

309 3924 386 3975 sis
432 3920 717 3987 episcopus
761 3922 842 3967 est
872 3912 922 3966 in
963 3913 1222 3983 synodica
1270 3912 1608 3967 Cretensium
1654 3914 1884 3982 epistola

309 4005 377 4057 ad
409 4002 642 4056 Leonem
684 3997 1068 4064 imperatorem
1101 4011 1120 4061 ;
1149 4009 1215 4048 ex
1247 4010 1350 4063 qua
1374 3995 1746 4050 Cisamenscm
1783 3995 1886 4051 Ca-

307 4087 460 4140 rolus
487 4099 516 4136 a
547 4082 606 4135 S.
624 4079 794 4133 Paulo
824 4076 978 4140 facit,
1010 4091 1132 4132 cum
1159 4076 1559 4132 Cantanensem
1592 4079 1881 4134 debuisset.

379 4167 515 4222 Ibid.
554 4163 837 4230 Ἔλυρος.
900 4159 1172 4215 Montibus
1208 4159 1378 4216 luisse
1413 4163 1708 4217 incinctam
1740 4165 1885 4217 Pau-

312 4253 495 4306 sanias
559 4246 786 4300 Phocit'.
824 4241 891 4296 16
926 4242 1108 4296 docet.
1134 4242 1396 4298 Joannem
1437 4243 1729 4300 Meursinm
1757 4246 1888 4301 Cre-

312 4344 381 4387 ta:
407 4348 444 4396 t,
478 4331 533 4394 9,
562 4330 700 4384 ride.

384 4417 524 4470 Ibid.
583 4413 833 4474 Λίσσος.
909 4407 1140 4462 Iloccine
1173 4422 1240 4462 an
1273 4409 1486 4473 Λάσσος
1533 4413 1882 4482 amplectare,

313 4498 549 4554 dubites.
623 4493 827 4547 Plinius
870 4505 944 4555 tv,
988 4491 1076 4544 12.
1134 4490 1310 4546 Lason
1358 4493 1410 4546 in
1489 4496 1885 4554 mediterraneo

316 4582 468 4651 ponit
507 4577 695 4632 insula:
725 4581 900 4627 tractu
929 4589 943 4637 ;
972 4571 1188 4636 Lissum
1223 4572 1545 4632 Ptolcnmus
1580 4579 1630 4632 in
1659 4581 1885 4636 australi

312 4663 492 4718 Creta:
521 4669 692 4730 parte,
725 4669 842 4725 quze
869 4653 1088 4708 Tabula:
1120 4653 1188 4708 Μ.
1222 4654 1283 4711 Ρ.
1314 4655 1405 4721 l6,
1433 4673 1461 4710 a
1488 4657 1730 4715 Cautano
1759 4660 1887 4719 Liso

316 4745 534 4800 dicitur.
587 4744 761 4808 Atque
799 4739 915 4790 hinc
949 4737 1126 4804 potior
1153 4739 1280 4802 erit,
1319 4748 1428 4793 tum
1463 4743 1607 4810 quod
1642 4743 1884 4799 Pliuiana

314 4828 482 4883 Lasos
527 4825 599 4880 sit
641 4820 1048 4886 obscurissima,
1098 4829 1206 4874 tum
1253 4823 1416 4877 etiam
1452 4825 1593 4894 quiut
1626 4826 1654 4878 ὀ
1682 4826 1884 4881 Λίσσου

309 4913 597 4982 episcopus
639 4915 694 4962 et
720 4902 840 4957 aliis
867 4901 998 4956 insit
1049 4901 1290 4960 Noliliis.
1344 4907 1496 4963 Adde
1555 4907 1778 4966 Scholia
1831 4915 1884 4968 in

313 4995 510 5064 Odyss.
544 4995 615 5057 Γ,
646 4988 772 5043 295.

382 5078 518 5134 Ibid.
593 5075 860 5145 Φοινήκη
927 5076 1059 5144 ἤτοι
1113 5074 1424 5143 Ἀρτιδένα.
1514 5073 1591 5130 Ita
1630 5093 1764 5135 mss.
1825 5091 1886 5136 ut

317 5162 653 5220 IIolsteinius
709 5161 1010 5216 admonuit.
1045 5161 1100 5214 in
1132 5160 1358 5224 Notitia,
1393 5174 1558 5228 quam
1593 5159 1708 5217 Jac.
1741 5163 1888 5220 Goar

315 5246 629 5314 publicavit,
646 5247 675 5299 ὁ
701 5246 970 5315 Φοινήκης
990 5244 1108 5316 ἦτοι
1152 5243 1435 5313 ’Λριάδνης
1463 5246 1652 5313 prmsul
1677 5250 1888 5305 cancris

310 5331 649 5387 Cretensium
689 5337 1007 5384 acecnsetur
1039 5345 1055 5384 :
1087 5329 1176 5396 qui
1211 5343 1329 5382 cum
1361 5328 1490 5382 vitio
1519 5328 1589 5384 sit
1620 5330 1888 5386 deforma-

312 5426 427 5481 tus,
502 5429 692 5483 parum
767 5413 997 5480 iuverit.
1050 5410 1246 5467 Fuisse
1298 5422 1432 5482 puto
1492 5413 1714 5485 Φοινίκη
1767 5417 1886 5487 ἦτοι

309 5497 568 5567 Ἀραδὴν,
605 5511 768 5564 quam
822 5495 1180 5564 posteriorem
1235 5494 1542 5565 Stephanus
1594 5501 1886 5567 agnoseit;

307 5581 562 5652 ’Δραδὴν,
634 5580 831 5646 inquit,
886 5577 1043 5640 πόλις
1086 5579 1400 5650 Κρήτης,ῆ
1441 5580 1537 5634 καὶ
1590 5579 1889 5648 ’Λνώπολις

306 5665 528 5732 λέγεται
564 5659 652 5714 διὰ
676 5659 737 5712 τὸ
769 5655 910 5713 εἶναι
956 5660 1088 5714 ἄνω.
1147 5663 1212 5713 de
1250 5661 1508 5716 Plttnnice
1553 5678 1637 5717 res
1667 5665 1772 5718 alia
1807 5678 1891 5721 est.

316 5761 401 5800 vix
450 5744 572 5800 alibi
624 5743 805 5796 obvia.
839 5743 932 5796 Est
959 5742 1011 5797 in
1054 5751 1204 5809 parte
1251 5743 1435 5798 iusqu
1473 5749 1694 5804 australi
1739 5754 1881 5820 apud

631 5836 903 5900 Ρλῖιιοι..
937 5836 1054 5898 Gn.
1082 5836 1291 5898 CXIII.

1112 309 1506 378 COMMENT.
1552 311 1634 374 IN
1674 314 2090 382 HIEROCLIS
2130 312 2675 386 SYNECDEMUM.

1979 421 2325 480 Ptolemannu
2357 430 2555 496 Φοῖνιξ,
2589 429 2742 500 cujus
2771 423 3106 500 episcopum,
3143 429 3198 485 in
3219 427 3438 487 Nicaeae
3462 430 3548 488 se;

1975 509 2156 562 eundo
2175 511 2403 566 concilio
2424 527 2481 582 p.
2509 513 2616 568 551
2641 525 3022 579 memoratum,
3053 515 3384 584 negligenter
3403 516 3511 570 Geo
3527 546 3546 556 -

1973 589 2208 658 graphia:
2228 589 2287 646 S.
2305 593 2571 649 Conditor
2585 597 2919 665 prteteriitea
2936 598 2978 651 si
3001 609 3183 652 nostra
3203 607 3310 664 est,
3336 610 3549 666 oportet

1978 686 2099 727 cum
2149 675 2399 732 Arodene
2437 679 2698 747 deinceps
2743 680 3171 746 coaluerit;aut
3200 681 3255 734 id
3299 682 3345 735 si
3397 698 3548 750 spre-

1977 757 2143 820 veris,
2176 767 2232 813 ut
2261 761 2496 829 At'aden,
2553 763 2759 818 incerta
2801 765 2960 820 nobis
3007 780 3194 830 causa,
3251 765 3547 822 Plitenices

1978 852 2172 895 nomen
2217 843 2540 912 impetravit.

2053 922 2190 980 Ibid.
2238 926 2445 995 Νῆσος
2512 931 2807 998 Κλαῦὸος.
2865 933 2960 990 Sic
3009 946 3065 990 et
3125 935 3446 994 Ptolentazus
3495 951 3551 996 et

1977 1002 2180 1089 Nolitia
2223 1005 2339 1064 lac.
2364 1009 2508 1065 Guar
2537 1015 2773 1082 appellat
2797 1033 2812 1082 ;
2839 1015 2997 1073 Lucre
3028 1019 3144 1073 Act.
3193 1019 3375 1089 Apost.
3400 1038 3548 1086 xxvr.

1980 1088 2048 1143 l6
2085 1090 2328 1163 Κλαύδη,
2361 1093 2698 1150 variantibus
2732 1105 2915 1154 tamen
2956 1116 3087 1156 mss.
3125 1113 3180 1156 et
3208 1088 3552 1161 versionibus

1976 1173 2253 1244 plerisque
2307 1176 2362 1230 in
2404 1175 2629 1231 Gaudeo
2689 1180 2801 1234 sive
2842 1181 3066 1237 Caudon
3124 1186 3548 1254 iudinantilms,

1974 1271 2082 1327 qua
2117 1258 2182 1312 de
2216 1273 2273 1313 ne
2305 1259 2454 1328 [Iugo
2494 1258 2740 1317 Grotius.
2785 1261 3025 1319 Joannes
3068 1266 3264 1323 “illius
3300 1271 3549 1337 Κλαύδην

1980 1342 2147 1396 divini
2201 1345 2486 1413 scriptoris
2533 1343 2811 1401 Ptolemaei
2857 1349 3180 1403 auctoritate
3224 1353 3368 1406 haud
3413 1356 3552 1410 male

1978 1423 2187 1493 ﬁrmat,
2233 1426 2326 1481 sed
2393 1427 2732 1493 Athenzeum,
2813 1444 2971 1497 quem
3031 1433 3238 1486 auxilio
3292 1440 3550 1500 arcessit,

1983 1507 2174 1563 vellem
2221 1510 2447 1563 missum
2494 1508 2731 1564 fecisset.
2769 1509 2942 1564 Verba
3006 1513 3472 1585 DeipnoSOpbisuc
3519 1506 3574 1574 e-

1982 1589 2157 1655 Iib.\'t,
2182 1607 2233 1646 c.
2260 1592 2321 1657 9,
2350 1602 2477 1647 sunt
2506 1609 2520 1649 τ
2543 1593 2846 1666 Ἀντίδοτος
2869 1593 2916 1646 6‘
2942 1597 2998 1648 ἐν
3025 1595 3103 1666 τῷ
3131 1599 3553 1672 ἐπιγραφομένῳ

1982 1673 2321 1746 Πρωτοχόρῳ
2354 1675 2590 1746 παράγει
2643 1675 2761 1728 τινα
2812 1678 3192 1748 παραπλήσιον
3240 1684 3352 1741 τοίς
3394 1685 3452 1736 ὲν
3479 1686 3554 1752 τῷ

1982 1757 2234 1827 Κλαυδίῳ
2251 1757 2344 1811 νῦν
2360 1757 2788 1828 σοφιστεύουσιν,
2806 1754 2880 1812 ὧν
2897 1760 3018 1812 οὐδὲ
3043 1764 3350 1833 μεμνῆσθαι
3366 1767 3549 1822 καλόν.

1981 1837 2140 1895 Putat
2171 1841 2254 1894 vir
2285 1841 2730 1912 diligentissimus
2764 1841 2820 1895 τ’)
2853 1843 3118 1898 Κλαύδιον
3150 1860 3272 1900 esse
3294 1849 3437 1903 hunc
3468 1850 3554 1902 in-

1981 1923 2177 1987 sulam,
2212 1938 2374 1994 quam
2405 1925 2449 1978 si
2478 1925 2773 1980 Athenaeus
2820 1925 3106 1997 signasset,
3157 1932 3342 1999 utique
3383 1933 3443 1984 ἐν
3485 1937 3550 2004 τῇ

1983 2007 2212 2078 Κλαὺδῳ
2259 2008 2590 2079 scripsisset.
2637 2009 2826 2065 Verius
2856 2005 2925 2067 Is.
2951 2009 3304 2068 Casattbontts
3329 2019 3388 2070 in
3420 2015 3554 2070 Sue-

1979 2098 2093 2143 ten.
2129 2090 2324 2146 Claud.
2351 2108 2402 2146 c.
2441 2108 2508 2146 ιι.
2554 2093 2933 2147 animadvertit
2957 2094 3247 2149 Claudium
3306 2100 3550 2152 Athenrei

1984 2186 2093 2226 non
2125 2173 2358 2227 insulam
2391 2177 2484 2228 sed
2523 2190 2932 2240 museumcsse,
2959 2176 3101 2245 quod
3135 2177 3202 2230 ab
3232 2179 3556 2248 imperatore

1983 2253 2214 2310 Claudio
2263 2272 2328 2311 ex
2377 2271 2477 2312 suo
2515 2257 2736 2312 nomine
2776 2259 3016 2313 additum
3049 2269 3136 2315 est
3161 2251 3554 2324 Alexandrino.

1986 2347 2042 2392 ut
2078 2339 2375 2394 Suetonius
2424 2340 2602 2394 docet.

2057 2407 2192 2464 Ibid.
2255 2411 2585 2475 Νικόπολις
2645 2409 2711 2464 de
2759 2424 2820 2464 ea
2862 2409 2920 2464 in
2958 2412 3080 2465 Ant.
3143 2411 3272 2470 Itin.
3320 2432 3374 2485 p.
3423 2415 3553 2470 525.

1988 2491 2326 2563 Metropolim
2381 2493 2581 2548 veteris
2624 2493 2770 2563 Epiri
2819 2493 2986 2548 fuisse
3021 2497 3378 2552 conciliorum
3424 2501 3559 2554 Acta

1986 2586 2041 2631 et
2085 2577 2284 2631 Leonis
2327 2578 2670 2648 imperatoris
2723 2577 2956 2647 epistola
3024 2588 3160 2634 tom.
3217 2579 3287 2636 IX
3344 2584 3558 2639 (.‘oacil.

1985 2657 2176 2714 Gener.
2223 2677 2275 2729 p.
2301 2662 2427 2726 268,
2465 2661 2777 2716 ostendunt.

2061 2744 2194 2798 Ibid.
2228 2743 2523 2800 Δωδῶνίιι.
2573 2746 2663 2800 Sic
2696 2763 2799 2804 ms.
2831 2764 2928 2819 pro
2958 2749 3211 2823 Δωδώνη,
3239 2750 3396 2818 cujus
3425 2749 3546 2819 epi-

1986 2842 2186 2896 scOpus
2227 2827 2545 2885 Theodorus
2565 2833 2803 2888 concilio
2844 2833 3118 2904 liphesino
3173 2834 3471 2890 subscribit
3498 2849 3551 2902 p.

2060 2994 2197 3050 Ibid.
2247 2994 2486 3064 Εὔβοια.
2521 2997 2723 3054 Urbem
2755 2999 2925 3054 fuisse
2969 3001 3277 3070 antiquam,
3310 3012 3386 3066 et,
3412 3002 3557 3071 quod

1990 3081 2149 3150 aquis
2189 3088 2336 3134 esset
2365 3081 2758 3149 cupiesissimis
2783 3082 2984 3149 cincta,
3021 3086 3326 3138 eonomine
3359 3086 3556 3139 dictum

1990 3163 2288 3231 Procopius
2331 3162 2492 3217 Fabr.
2544 3162 2835 3220 Justiniani
2870 3179 2943 3232 tv,
2984 3165 3034 3231 l,
3063 3165 3311 3219 aﬂirmat.
3347 3166 3559 3219 Ilat'cns

1992 3246 2222 3316 Εὐροίας
2274 3261 2416 3314 saepe
2473 3246 2526 3300 in
2582 3247 2731 3300 Actis
2785 3245 3318 3304 Cbalcedoucusilnts
3364 3264 3558 3302 uccur-
3631 3287 3635 3292 .

1994 3329 2083 3392 rit,
2121 3340 2179 3382 ut
2206 3344 2255 3397 p.
2315 3329 2439 3393 126,
2492 3337 2548 3382 (ιι.
2580 3344 2634 3400 p.
2672 3329 2799 3397 566,
2847 3332 2936 3385 ubi
2980 3348 3263 3401 perperam
3326 3331 3560 3391 Εὐὸοξας

1993 3413 2190 3484 prmsul
2229 3413 2448 3468 dicitur.
2486 3411 2619 3467 Vide
2647 3411 2918 3468 Valesitzm
2953 3413 3004 3468 in
3033 3417 3312 3470 Sozomen.
3337 3432 3432 3480 vn,
3464 3416 3558 3470 Elii.

2056 3496 2194 3550 Ibid.
2254 3496 2519 3550 ’Axrlov.
2569 3493 2832 3566 Vitipsutn
2873 3507 2928 3551 et
2958 3513 3020 3551 et
3076 3501 3299 3552 ’Λκτιον
3371 3489 3587 3551 mttunt

1983 3592 2091 3636 est.
2123 3581 2244 3635 Fuit
2273 3581 2484 3634 Actium
2516 3579 2727 3634 colonia
2759 3580 2826 3633 ad
2854 3580 3031 3636 sinum
3061 3583 3426 3650 Ambracium,
3457 3598 3560 3651 qua

1989 3668 2055 3720 de
2085 3665 2293 3719 Plinius
2335 3682 2407 3731 tv,
2456 3665 2503 3720 Ι.

2065 3747 2195 3802 ibid.
2235 3746 2751 3814 Ἀδριανούπολτς.
2788 3750 3121 3804 Instaurasse
3141 3763 3261 3802 eam
3283 3750 3560 3804 civitatem

1989 3835 2047 3883 et
2072 3843 2175 3882 suo
2203 3832 2416 3884 nomine
2447 3831 2710 3900 insignem
2736 3831 2928 3886 fecisse
2951 3829 3310 3886 Iustinianum
3341 3847 3409 3886 ex
3432 3830 3560 3884 Pro-

1990 3914 2152 3983 copio
2193 3914 2461 3968 novimus.
2504 3915 2698 3968 Sedcm
2736 3915 2921 3969 habuit
2955 3916 3008 3968 in
3040 3916 3475 3980 mediterraneis,
3513 3917 3561 3968 si

1991 3993 2214 4049 Tabula:
2251 3995 2464 4065 scripta:
2507 3997 2635 4052 lides
2665 4006 2786 4052 est:
2823 4013 2946 4052 nam
2994 3997 3123 4050 Acta
3161 3998 3217 4054 S.
3253 3998 3435 4052 Leucii
3495 3999 3549 4051 Il

1989 4077 2220 4135 Ianuar.
2260 4084 2392 4134 mari
2447 4068 2765 4138 adurerent.
2793 4082 2935 4136 Tum:
2967 4083 3174 4152 quidem
3234 4084 3558 4151 navigantes,

1990 4163 2164 4229 aiam,
2195 4163 2375 4218 diebus
2412 4163 2475 4218 l5
2501 4177 2838 4232 pervenerunt
2859 4166 2914 4219 in
2941 4175 3202 4218 ctrtlalent
3228 4166 3561 4234 Adrianome

1995 4247 2111 4312 lim,
2143 4257 2188 4300 et
2219 4245 2335 4299 illic
2391 4247 2609 4300 adha’st'l
2644 4248 2741 4300 sibi
2765 4247 2896 4301 duos
2933 4249 3226 4301 sacerdotes
3255 4247 3479 4301 Leonem
3510 4261 3557 4301 at

1992 4327 2270 4392 Sabinum,
2310 4339 2357 4382 et
2398 4329 2606 4382 inventa
2652 4331 2771 4381 navi
2802 4331 2865 4382 de
2890 4325 3083 4398 Rhegio
3123 4332 3350 4398 (iitroque
3399 4333 3556 4383 uaulo
3589 4321 3594 4326 ’

1991 4413 2227 4467 ascendit
2247 4413 2300 4466 in
2323 4428 2439 4464 eam
2459 4411 2897 4481 [lychnum-tque
2920 4413 3150 4479 pervenit
3172 4428 3194 4465 :
3218 4430 3392 4481 neque
3415 4417 3559 4466 enim

1995 4497 2216 4550 dubiant
2265 4504 2348 4550 est
2378 4496 2506 4566 quin
2550 4495 2813 4551 barbarus
2872 4496 3110 4566 scriptor
3158 4498 3298 4552 hanc
3349 4497 3561 4552 intelle-

1992 4579 2150 4634 xerit.

2063 4661 2196 4718 Ibid.
2234 4661 2505 4716 'szwr.
2538 4661 2712 4732 Argos
2737 4659 3178 4732 Amphilochium
3209 4663 3262 4717 in
3296 4664 3396 4719 hac
3431 4676 3562 4716 voce

1991 4746 2182 4808 latere.
2218 4748 2262 4799 si
2293 4746 2423 4814 quid
2452 4745 2639 4799 auxilii
2671 4761 2702 4798 a
2743 4761 2872 4800 mss.
2907 4755 3072 4810 esset,
3111 4746 3240 4800 mihi
3263 4750 3554 4814 persuade-

1993 4842 2126 4882 rcm.
2153 4825 2235 4880 De
2268 4824 2523 4880 Phoenice
2553 4827 2674 4880 vide
2697 4827 2821 4880 Aut.
2859 4827 2981 4880 Itin.
3013 4844 3069 4896 p.
3093 4829 3219 4883 521.
3325 4868 3330 4873 -

2061 4909 2195 4965 Ibid.
2223 4908 2592 4978 ’Λγχιασμός.
2637 4907 2934 4978 Episcopus
3001 4909 3332 4979 Ἀγχιασμοῦ
3376 4909 3567 4960 Ἦπεῦ

1994 5011 2112 5065 pou,
2175 4992 2436 5057 παλαιᾶς,
2491 4992 2582 5061 (ιιιί
2639 4992 2901 5048 Anchiaxi
2960 4994 3010 5047 in
3058 4994 3327 5057 versione,
3381 4995 3557 5048 estin

1991 5075 2418 5131 Chalcedoncusi
2481 5075 2716 5129 concilio
2764 5091 2817 5144 p.
2847 5075 2970 5130 126.
3033 5077 3195 5130 Forte
3235 5083 3422 5145 portus
3475 5085 3560 5127 est

1993 5160 2354 5219 Onchesmus,
2388 5159 2453 5211 de
2481 5169 2586 5226 Quo
2616 5173 2679 5212 ex
2718 5158 2990 5215 Strabone
3019 5171 3073 5214 ct
3106 5159 3399 5214 Ptolemaeo
3437 5157 3560 5211 Pal-

1996 5243 2197 5297 mcrius
2231 5240 2403 5294 Grec.
2438 5241 2566 5295 Αηι.
2601 5256 2661 5306 ιι,
2695 5241 2750 5308 ‘2,
2781 5257 2833 5311 p.
2871 5243 2998 5297 215.

2062 5326 2176 5380 Ibid
2219 5325 2532 5392 Βούτριτος
2587 5325 2927 5393 Βουθρωτὸς,
2976 5327 3043 5381 de
3078 5342 3185 5395 qua
3235 5325 3388 5380 alias.
3433 5324 3559 5387 Stc-

1993 5413 2171 5482 pbano
2209 5408 2522 5478 Βουθρωτὸς
2552 5407 2714 5478 νῆσος
2741 5409 2868 5478 περὶ
2900 5408 3189 5478 Κέρκυραν
3236 5408 3287 5462 ἰιι
3322 5409 3559 5462 editione

1993 5494 2185 5550 Aldina
2228 5491 2642 5561 Flore-mitraque
2671 5503 2726 5545 ct
2769 5491 3032 5552 Vossiano
3082 5510 3180 5548 ms.
3212 5492 3561 5546 ιιιΒειιιιιςιίιις

1997 5576 2246 5643 advertit,
2278 5591 2405 5640 non,
2442 5575 2516 5628 uti
2548 5574 2720 5639 addit,
2780 5577 3216 5644 corruptissime.
3255 5575 3377 5630 Fuit
3427 5590 3560 5628 sane

1996 5662 2287 5716 Buthrotus
2317 5659 2372 5712 in
2419 5658 2780 5722 Chersoneso,
2829 5674 2926 5714 nec
2971 5668 3150 5714 tamen
3191 5661 3559 5715 necessarium

2002 5759 2116 5807 erat
2145 5758 2195 5802 ut
2225 5745 2565 5814 Χὲρρὀησος
2595 5745 2805 5799 urbium
2831 5746 3145 5815 descriptori
3176 5744 3556 5802 inculcaretut:

2550 5935 2648 5942 ιω..
