3980 6210
449 297 601 366 10119

451 426 595 479 δωμθ
624 408 700 462 illi
742 400 932 459 insulae
961 400 1215 456 dicuntur
1252 411 1372 468 quze
1403 394 1669 479 proxime,
1827 386 2018 444 insula:

455 472 756 550 rideantur,
788 486 1073 540 aecetlunt.
1106 480 1240 535 Vide
1270 480 1395 532 Ant.
1433 476 1564 531 Itin.
1602 493 1655 545 p.
1686 472 1810 528 522.

524 575 644 630 C01.
682 571 801 625 144.
840 563 1094 632 diutini.
1135 566 1249 618 Sita
1295 563 1347 616 in
1380 559 1719 629 depressiore
1750 556 1848 610 fuit
1884 553 2022 615 loco,

453 659 578 729 aqni
606 650 984 722 stagnantibus
1021 649 1375 729 circumdata,
1408 645 1675 729 Procopio
1703 638 1879 706 zEdif.
1914 634 2020 690 Ju-

460 726 587 794 stin.
626 735 752 798 ιν,1
789 743 1031 786 auctore.
1083 728 1330 784 Meminit
1373 726 1613 795 ejusdem
1646 734 1833 776 auctor
1873 735 2025 774 com-

464 830 632 879 ment.
670 819 741 874 De
766 817 927 872 Petro
949 824 1001 869 ct
1032 813 1195 867 Paulo
1223 826 1273 867 c.
1299 827 1359 865 tu
1393 827 1406 863 :
1437 810 1495 873 ἐξ
1536 801 1605 881 ἧς
1634 803 1906 875 (Ῥώμης)
1948 803 2028 866 εἰς

463 902 795 959 Μεδιόλανον
846 898 943 953 καὶ
1001 895 1270 959 Φωτικὴν,
1338 892 1521 953 πόλεις
1608 886 2023 956 Ἦπειρώτιδας,

457 989 701 1058 ἔρχεται.
733 981 964 1050 Conjicit
987 981 1203 1051 quidem
1237 976 1373 1058 God.
1407 969 1776 1058 llensclienius
1794 965 2026 1058 SimmY,

667 1068 812 1123 Junii
848 1049 909 1134 7p.
948 1049 1072 1123 M7)
1106 1060 1295 1115 urbem
1346 1056 1546 1110 Lucam
1579 1068 1608 1107 a
1642 1054 1761 1107 luce
1784 1049 2030 1134 ιξιωτικὴν

457 1152 710 1224 scriptori
765 1133 870 1204 dici
907 1167 920 1203 :
954 1162 1069 1217 qum
1102 1143 1443 1224 Epirotarum
1493 1152 1768 1224 nunquam
1798 1133 1942 1224 fuit_:
1974 1139 2030 1185 at

456 1214 700 1292 nosiram
732 1214 1005 1299 intelligit,
1049 1221 1503 1296 quam-imperite
1553 1217 1855 1273 Mediolano
1902 1214 2029 1284 jun-

456 1322 574 1375 xit:
635 1316 830 1386 oppida
886 1314 1052 1375 enim,
1110 1307 1253 1380 quod
1322 1305 1688 1361 Callimachus
1752 1302 1850 1367 ait,
1896 1300 2020 1354 τάδε

455 1402 647 1455 τόσσον
677 1400 799 1452 ὅσον
827 1396 915 1449 διὰ
940 1394 1190 1446 πλείςτον
1228 1391 1432 1460 ἔχουσι.

525 1483 662 1537 Ibid.
720 1480 793 1534 Ἠ
840 1476 1039 1545 Θρᾳκὶ]
1106 1474 1319 1540 νῆσος.
1369 1470 1459 1524 Sic
1494 1482 1675 1533 mss.;
1728 1464 1870 1519 unde
1915 1462 2032 1516 sine

455 1564 825 1621 controversia
848 1544 1087 1614 eruenda
1119 1558 1221 1611 erit
1245 1552 1453 1623 ’16άχη,
1481 1559 1538 1605 ιιι
1562 1550 1687 1605 Car.
1719 1563 1748 1602 a
1785 1546 1842 1600 S.
1870 1544 2033 1600 Paulo

457 1661 511 1706 et
537 1648 600 1703 L.
638 1642 971 1701 llolsteinius
1009 1639 1277 1694 viderunt.

526 1732 641 1787 Col.
697 1728 820 1784 145.
907 1723 1055 1778 Ὑπὸ
1127 1718 1596 1789 κονσουλάριον.
1653 1716 1797 1770 Idem
1837 1713 1892 1767 in
1937 1726 2035 1767 suo

457 1816 641 1870 codice
670 1809 1062 1870 Constantinus
1101 1806 1136 1861 l.
1174 1821 1233 1870 tl,
1278 1804 1471 1858 Them.
1507 1804 1541 1856 9
1570 1800 1723 1869 legit,
1750 1807 1804 1853 et
1841 1796 2033 1850 falsum

456 1907 640 1954 tamen
666 1909 787 1950 esse
830 1891 1104 1947 arbitror:
1144 1903 1266 1944 nam
1294 1897 1349 1942 et
1386 1883 1594 1938 Notitia
1639 1884 1763 1948 imp.
1825 1877 2031 1933 Orient.

459 1997 509 2037 c.
539 1997 577 2043 ι,
613 1978 850 2047 utrique,
888 1984 943 2032 et
994 1987 1149 2028 nova:
1190 1977 1247 2026 et
1281 1968 1473 2031 veteri,
1532 1965 1694 2034 Epiro
1748 1960 2034 2047 praesidem

458 2063 710 2134 imponit,
740 2043 819 2116 iet
866 2063 1220 2128 imperatores
1272 2049 1683 2106 Valentinianus
1731 2056 1785 2134 et
1834 2043 2035 2134 Valens

458 2129 839 2202 ad-Zosimum
872 2157 1023 2197 novze
1064 2137 1211 2209 Epiri
1245 2136 1527 2207 praesidem
1584 2136 1711 2187 dant
1741 2130 1776 2184 1.
1821 2129 2035 2183 unicam

459 2232 578 2287 cod.
606 2228 814 2284 'l‘heod.
851 2226 917 2282 de
946 2222 1297 2285 stratoribus,
1334 2221 1669 2287 ittnuuntque
1697 2211 2038 2284 Appolloniae

460 2330 621 2385 agere
660 2312 907 2368 solitum.
946 2307 1134 2378 itaque
1159 2303 1251 2358 ὑπ’
1287 2303 1532 2375 ἡγεμόνα
1565 2297 1896 2385 praestiterit.

532 2398 663 2451 lbid.
711 2392 1062 2463 Διιρῤάχιον.
1122 2388 1432 2458 Metropolis
1476 2394 1595 2441 erat
1628 2381 1777 2453 Epiri
1835 2394 1983 2435 nova:
2020 2396 2036 2447 ;

463 2482 606 2536 unde
661 2478 836 2533 Lucas
894 2474 1194 2534 ἐπίσκοπος
1255 2467 1584 2540 Δυρῤαχίου,
1644 2463 2039 2537 μητροπόλεως

463 2565 589 2627 νέας
613 2562 874 2633 Ἰἰπείρου
908 2556 1107 2614 concil.
1138 2553 1387 2610 Chalced.
1428 2568 1481 2621 p.
1516 2549 1639 2605 565.

533 2626 669 2701 Ibid.
693 2626 965 2712 Σκξὶμπα.
1006 2641 1082 2694 lta
1113 2647 1259 2693 recte
1285 2633 1671 2688 Constantinus
1705 2630 1757 2684 in
1786 2626 2025 2712 editione

466 2729 663 2782 Batava
704 2745 724 2785 ι
751 2709 872 2779 nam
894 2725 1152 2791 Σκάμπα,
1170 2718 1311 2788 quod
1335 2716 1467 2769 Ans.
1490 2712 1792 2766 Bandurius
1816 2709 2041 2780 recepit,

471 2812 598 2867 hinc
635 2810 909 2864 detortum
958 2816 1066 2860 est.
1095 2802 1229 2856 Vide
1276 2801 1342 2854 ad
1376 2799 1500 2853 Ant.
1530 2797 1660 2851 Itin.
1690 2811 1742 2866 p.
1775 2793 1900 2850 5l8.

541 2892 672 2947 Ibid.
693 2889 933 2956 Βοῦλις.
955 2886 1241 2942 Ptolemzeo
1263 2881 1503 2948 Βουλλίς,
1527 2880 1805 2950 Stephano
1828 2876 2039 2941 Βυλλίς.

471 2978 611 3035 Urbs
637 2984 756 3031 erat
799 2971 1097 3035 maritima,
1143 2966 1441 3038 Apollonia:
1483 2964 1687 3028 vicina,
1732 2962 1874 3017 unde
1899 2961 2043 3031 ejus-

468 3065 586 3117 dem
662 3058 899 3130 episcopi
970 3071 1116 3109 θυι-ιε
1177 3052 1394 3107 fuerunt
1460 3048 1785 3109 commissae,
1838 3046 1928 3114 qui
1990 3043 2043 3098 in

468 3127 742 3218 Ephesiae
774 3127 1003 3198 concilio
1030 3138 1215 3211 μου
1252 3131 1740 3218 ’Λπολλωνιαςοιαὶ
1761 3127 2044 3218 Bai-haee;

466 3212 602 3299 ei'p.
634 3230 737 3285 sat
787 3222 1151 3286 ’Δπολλωνεας
1189 3220 1285 3274 και
1342 3218 1555 3281 causa;
1587 3217 1779 3271 vitiose
1822 3212 2042 3269 dicitur.

473 3313 606 3369 Vide
638 3312 811 3367 Holst.
844 3311 895 3365 in
923 3305 1182 3377 Stephani
1208 3301 1421 3365 Βυλλίς.
1458 3314 1462 3318 ‘

535 3396 673 3451 ibid.
727 3391 1024 3461 Ἀμαντία.
1092 3386 1216 3441 Fuit
1252 3384 1306 3437 in
1343 3380 1489 3437 Oriri
1519 3379 1735 3447 ﬁnibus,
1768 3378 1835 3435 ab
1861 3379 2045 3432 Aban-

471 3480 613 3533 tibus
632 3478 924 3532 eonditaet
950 3466 1256 3527 dicta.Vide
1276 3464 1599 3521 Palmerium
1623 3463 1688 3517 G.
1712 3464 1777 3515 A.
1809 3476 1849 3525 ι,
1875 3461 1963 3514 51.
1990 3475 2043 3529 p.

472 3562 598 3615 171.
634 3557 874 3612 Eulalius
923 3554 1207 3623 episcopus
1241 3550 1307 3601 ab
1340 3545 1589 3600 Amantia
1643 3552 1728 3599 est
1759 3544 1811 3597 iu
1847 3543 2041 3612 fragili.

478 3659 567 3707 ιιι,
604 3658 657 3711 p.
690 3638 851 3696 1525.
887 3636 1048 3706 Oper.
1076 3633 1205 3687 hist.
1235 3628 1450 3686 Hilarii.
1690 3709 1727 3711 _
1773 3710 1779 3711 γ
1878 3709 1886 3711 Α
1939 3709 1946 3711 Α
2020 3630 2023 3633 ⁷

543 3709 677 3779 Ibid.
725 3717 1294 3788 Πουλχεριούπολις.
1343 3714 1507 3768 [tecte
1536 3711 1637 3767 hoc
1686 3709 2045 3766 llolsteinium

474 3810 734 3882 probasse
785 3802 1172 3863 Constantinus
1217 3801 1260 3882 1.
1310 3815 1369 3864 ιι,
1412 3797 1605 3882 Theti].
1659 3794 1714 3861 9,
1749 3793 2043 3882 __ostendit.

473 3877 678 3947 Nomen
708 3898 793 3946 est
822 3903 850 3942 a
884 3884 1175 3941 Pulcheria
1212 3879 1507 3936 Theodosii
1561 3877 1785 3933 secundi
1837 3891 2048 3941 sorore,

475 3975 611 4031 situs
639 3987 770 4027 vero
812 3969 1277 4032 obscurissimos;
1314 3963 1430 4035 qui,
1459 3961 1504 4016 si
1531 3976 1727 4015 nomen
1783 3976 1890 4030 quo
1922 3968 2049 4014 ante

476 4074 572 4113 usa
605 4058 724 4121 fuit,
772 4063 919 4111 esset
960 4052 1324 4121 exploratum,
1374 4045 1733 4117 _commodius
1771 4044 2044 4100 tiniretur.

475 4140 796 4197 l‘alimerius
818 4138 884 4192 de
905 4134 1185 4206 Bulgarica
1208 4130 1475 4203 Belgrado
1509 4130 1869 4200 suspicionem
1894 4128 2047 4198 jecit,

476 4241 600 4295 qua:
631 4235 691 4279 ut
723 4221 936 4292 probari
985 4219 1151 4288 possit
1189 4217 1546 4272 vehementer
1573 4228 1785 4269 vereor.
1833 4213 1907 4268 De
1939 4213 2051 4268 Au-

478 4310 601 4363 lone
640 4304 771 4360 Itin.
798 4304 923 4357 Ant.
957 4317 1009 4371 p.
1042 4300 1169 4355 524.

545 4391 682 4445 ibid.
703 4385 1035 4451 Αὺλύνιδος
1056 4381 1451 4452 μητρόπολις.
1477 4377 1596 4433 Fuit
1619 4378 1747 4433 olim
1771 4376 2046 4448 onwség,

480 4478 543 4531 ut
564 4475 700 4529 bene
750 4468 1077 4530 Palnicrius,
1110 4480 1230 4535 quae
1281 4479 1405 4519 cum
1438 4462 1705 4517 llieroclis
1746 4477 1859 4515 a‘vo
1902 4459 2049 4530 Epiri

479 4555 796 4625 metropolis
826 4567 932 4608 non
964 4550 1144 4614 fuerit,
1203 4546 1465 4621 credibile
1517 4555 1601 4600 est
1657 4544 2049 4615 μητροπόλεως

478 4636 664 4696 vocem
728 4641 834 4693 huc
872 4650 901 4688 a
941 4631 1242 4705 Dyrrachio
1300 4630 1587 4698 migrasse,
1633 4636 1726 4680 ant
1773 4626 2050 4696 Lychnido

482 4742 511 4779 a
549 4723 851 4779 recentiore
903 4715 1127 4773 librario
1156 4712 1324 4767 tuisse
1382 4711 1683 4780 appositam
1721 4725 1741 4765 :
1772 4708 1871 4763 [ait
1904 4709 2048 4762 enim

479 4808 690 4864 seriore
742 4812 900 4859 :rtate
949 4801 1051 4856 sub
1098 4796 1341 4869 Bulgaris
1405 4793 1717 4865 tnetr0p0lis
1754 4836 1770 4860 ,
1806 4793 1945 4862 quod
1995 4802 2051 4846 nt

482 4897 764 4962 appareat,
792 4886 1069 4942 sciendum
1096 4892 1179 4937 est
1210 4882 1398 4935 urbem
1430 4882 1567 4934 hanc
1601 4893 1629 4931 a
1664 4890 1822 4945 gente
1854 4878 2051 4945 Bulga-

480 4959 590 5030 rica
622 4972 914 5027 Achridam
968 4967 1140 5022 fuisse
1191 4972 1576 5033 nuncupatam.
1626 4961 1921 5020 Cedrenus,
1959 4959 2052 5011 Ni-

479 5059 702 5131 cephori
740 5048 1023 5124 'Gregoras
1045 5062 1097 5105 et
1134 5048 1410 5131 Callistus,
1434 5047 1649 5131 quibus
1689 5042 2053 5131 testimonium

478 5126 815 5200 denuntiavit
840 5135 1139 5191 Palmerius
1166 5131 1231 5187 V.
1267 5130 1334 5185 (ἱ.
1363 5146 1400 5195 ι,
1433 5129 1524 5194 35,
1557 5128 1606 5182 id
1645 5126 1783 5181 haud
1812 5126 2049 5179 obscure

481 5231 719 5284 indicant
744 5244 758 5292 ;
785 5239 882 5279 nec
915 5221 1016 5275 alia
1045 5217 1145 5272 fuit
1172 5216 1479 5272 scholiastae
1527 5211 1880 5275 Coisliniano,
1926 5223 2052 5264 cum

479 5314 771 5368 Ptolemaro
799 5305 1129 5362 adscriberet
1156 5299 1412 5370 Λυχνιδὸς
1430 5298 1463 5366 ἡ
1496 5295 1738 5366 Ἀκρίδα,
1767 5294 2054 5360 sententia,

480 5401 578 5453 sub
620 5396 808 5450 iisdem
855 5388 1099 5460 Balgaris
1137 5385 1373 5439 Achrida
1421 5379 1739 5437 Justiniana:
1770 5377 1958 5460 prima:
2002 5385 2056 5431 et

484 5479 767 5548 metropoli
852 5459 1010 5529 titulo
1046 5465 1597 5548 Stiperbiit,_testiht_ts
1628 5471 1857 5531 utroque
1898 5459 2055 5548 bice-

482 5542 734 5631 phoro-et
781 5556 1066 5613 Willtelmo
1120 5550 1286 5622 Tyrio
1337 5545 1478 5602 Hist.
1529 5542 2058 5631 Hieros._xx,2.llic

487 5627 614 5695 vero
658 5659 762 5697 non
811 5639 1083 5695 immerito
1140 5633 1478 5707 quaesiveris,
1536 5629 1678 5684 sitne
1742 5627 2057 5699 Lychnidus

484 5722 674 5778 eadem
707 5738 767 5780 ac
801 5721 1091 5781 Justiniani
1143 5719 1371 5792 patria:
1417 5715 1653 5789 patriam
1702 5713 1846 5773 enim
1899 5727 2053 5771 suam

1474 281 1851 347 ADDENDA.
1890 304 1957 316 —
1993 263 2057 338 ιῖ.
2096 272 2609 337 WESSELINGII

3544 264 3691 329 nco

2135 388 2429 455 imperator
2460 380 2783 450 cognomine
2808 377 3137 434 Iustinianze
3168 378 3353 447 prima:
3382 377 3611 435 Novella
3638 379 3703 433 11

2133 470 2395 522 illustrem
2424 482 2543 522 esse
2569 466 2754 534 jussit.
2790 462 3307 531 Milii,~quatunwis
3342 463 3397 516 in
3426 478 3548 517 eam
3585 478 3711 531 opt-

2134 554 2353 607 uioncm
2398 550 2748 605 doctissimus
2795 548 3099 602 Palnierius
3129 558 3183 601 et
3212 549 3391 616 plures
3439 548 3530 602 alii
3564 563 3708 602 con-

2132 634 2419 698 cesserint,
2471 633 2616 686 nullo
2661 632 2819 685 modo
2867 630 3166 700 plausibilis
3210 632 3441 683 videtur.
3489 631 3713 685 Dissen-

2136 718 2299 770 tiendi
2339 730 2530 771 cauSaS
2566 717 2737 769 bal-eo
2768 729 2961 783 graves
2980 723 3036 766 et
3061 714 3243 767 varias
3268 730 3283 766 :
3308 712 3439 781 quid
3464 713 3507 766 si
3535 714 3713 782 primo

2135 797 2466 869 Lychnidum
2524 799 2736 853 comtita
2780 796 3084 851 Justtniana
3130 797 3300 867 prima
3355 797 3712 864 superstitem

2134 881 2302 947 fuisse
2330 881 2659 939 ostendero?
2693 882 2987 935 Exstructa
3018 896 3080 933 ca
3112 892 3194 934 est
3223 890 3348 933 ante
3389 879 3711 935 Belisarium

2133 965 2411 1020 consulem
2442 965 2553 1020 sive
2582 976 2709 1019 ante
2761 980 2959 1018 annum
2994 964 3121 1026 555,
3157 975 3293 1019 teste
3336 962 3557 1019 Novella
3596 965 3655 1019 11
3694 982 3710 1030 ;

2136 1048 2448 1118 Lychnidus
2503 1049 2825 1119 gravissimo
2881 1056 3039 1102 terra:
3086 1058 3235 1101 motu
3285 1048 3494 1102 corruit
3536 1046 3714 1102 Justi-

2136 1134 2297 1186 niano
2354 1131 2619 1200 principe,
2655 1148 2781 1195 non,
2809 1142 2864 1186 ut
2894 1131 3214 1195 Palmerius,
3266 1128 3482 1185 Justino
3511 1133 3714 1201 primo,

2135 1218 2275 1286 apud
2311 1212 2632 1283 Procopium
2660 1215 2799 1269 Hist.
2832 1215 3033 1267 Arcmi.
3071 1230 3121 1268 c.
3150 1228 3304 1267 xvtu.
3336 1212 3505 1270 Movit
3527 1225 3711 1270 autem

2136 1307 2277 1352 terra
2310 1311 2404 1365 per
2429 1297 2688 1351 Achaiam
2713 1310 2765 1351 et
2788 1298 3009 1367 Epirum
3037 1312 3179 1351 anno
3207 1297 3332 1353 belli
3383 1295 3599 1355 Gothici
3624 1300 3713 1366 13,

2133 1381 2326 1435 eodem
2347 1391 2567 1437 auctore
2587 1380 2646 1435 B.
2667 1379 2733 1436 G.
2753 1398 2834 1445 ιιι,
2856 1382 2950 1436 181
2970 1382 3278 1449 ,pluresque
3295 1384 3457 1436 urbes
3476 1382 3719 1449 disiecit.

2137 1463 2388 1519 Tremuit
2429 1478 2691 1534 praeterea
2739 1481 2882 1520 anno
2933 1466 3053 1521 belli
3082 1466 3321 1535 ejusdem
3362 1465 3714 1533 17,Β.1;.ιν,

2135 1545 2317 1612 95,et
2353 1548 2663 1602 horribilem
2713 1549 2942 1618 quidem
2993 1550 3043 1603 in
3078 1549 3321 1604 modum.
3364 1549 3549 1604 Altero
3595 1560 3716 1605 utro

2139 1639 2282 1682 motu
2325 1628 2636 1699 Lychnidus
2668 1633 2873 1686 corruit
2904 1649 2918 1686 :
2950 1646 3130 1700 neque
3175 1633 3321 1688 enim
3349 1633 3487 1689 alius
3518 1633 3573 1688 in
3614 1633 3715 1689 hoc

2140 1719 2311 1765 tractu
2360 1724 2711 1769 memoratur.
2769 1716 3029 1784 Adeoque
3080 1715 3123 1768 si
3156 1716 3358 1784 priore,
3409 1716 3478 1772 12
3546 1716 3715 1771 ferme

2136 1796 2293 1850 annis
2327 1807 2446 1865 post
2481 1800 2756 1853 conditam
2788 1798 3148 1854 .lnstinianam
3222 1802 3478 1870 primam,
3515 1803 3563 1857 si
3609 1817 3706 1872 po-

2138 1879 2385 1945 steriore,
2422 1879 2487 1934 16
2536 1893 2655 1951 post
2707 1898 2827 1937 eam
2879 1882 3038 1937 annis
3068 1885 3117 1936 in
3157 1886 3341 1940 ruinas
3366 1887 3517 1940 abiit.
3552 1885 3716 1954 Igitur

2137 1974 2260 2015 cum
2314 1960 2628 2030 Lychnidus
2702 1964 2967 2020 mdilirata
3030 1965 3329 2020 Justiniana
3380 1969 3553 2037 prima
3600 1968 3717 2035 pri-

2139 2046 2344 2100 Stinum
2394 2061 2588 2104 nomen
2630 2050 2902 2104 mordicus
2932 2050 3239 2113 retinuerit,
3268 2049 3618 2119 l'lnrueritque
3654 2050 3707 2102 iu

2141 2130 2323 2200 plores
2345 2146 2534 2199 annos,
2564 2148 2844 2204 perperam
2882 2134 2953 2188 ab
2987 2132 3292 2187 Justiniano
3335 2149 3400 2188 ex
3431 2133 3720 2188 ruderibus

2140 2213 2376 2267 excitata
2401 2223 2455 2269 et
2488 2231 2627 2271 novo
2654 2219 2870 2271 nomine
2900 2214 3157 2269 decorata
3190 2217 3522 2284 perhibetur.
3564 2214 3713 2281 Quod

2142 2295 2347 2366 ipsum,
2404 2297 2448 2352 si
2499 2313 2620 2367 qua:
2672 2300 2738 2354 de
2798 2308 3028 2367 utraque
3076 2300 3207 2352 urbe
3256 2299 3616 2367 praedicantur
3662 2298 3714 2352 in

2140 2393 2368 2435 examen
2441 2382 2675 2447 miseris,
2733 2380 2988 2450 liquidius
3024 2382 3248 2451 patebit.
3318 2381 3609 2451 Procopius
3660 2382 3713 2436 in

2146 2461 2351 2516 Hister.
2388 2463 2588 2518 Arcan.
2636 2464 2899 2534 Λυχνιδὸν
2949 2464 3049 2535 τὴν
3081 2465 3139 2517 ὲν
3173 2464 3551 2534 Ἠπειρώταις
3602 2465 3716 2520 sive

2148 2546 2477 2617 Epiroticam
2506 2549 2745 2618 appellat
2784 2567 2799 2605 :
2835 2560 2891 2603 at
2919 2550 3267 2620 imperatoris
3305 2550 3537 2620 patriam
3557 2550 3713 2604 Febr.

2154 2647 2232 2697 vr,
2270 2633 2326 2698 1,
2360 2632 2412 2686 in
2444 2632 2731 2700 Dardanis,
2770 2633 2864 2703 qui
2913 2634 3051 2689 ultra
3080 2634 3526 2702 Epidamniorum
3585 2633 3718 2688 lines

2143 2718 2370 2788 agitent,
2402 2716 2633 2772 collocat
2673 2733 2689 2784 ;
2724 2732 2846 2787 qua:
2872 2731 3007 2773 sane
3064 2717 3313 2786 regiones
3362 2732 3559 2789 magno
3604 2726 3717 2785 ter-

2146 2815 2330 2855 rarum
2377 2799 2658 2856 intervallo
2700 2798 3087 2855 dissociantur.
3143 2799 3463 2869 Promptum
3499 2801 3715 2870 quidem

2147 2893 2232 2938 est
2265 2898 2388 2939 cum
2439 2882 2709 2938 Palmerio
2768 2882 3011 2952 proﬁteri
3064 2882 3381 2953 Promptum
3440 2900 3548 2939 non
3591 2885 3719 2938 satis

2146 2967 2395 3023 edoctum
2470 2966 2638 3021 fuisse
2704 2965 2906 3022 limites
2970 2981 3159 3022 earum
3233 2970 3524 3037 regionum
3567 2986 3584 3036 ;
3627 2982 3722 3021 nec

2152 3048 2305 3105 facile
2340 3059 2517 3104 tamen
2556 3048 2631 3102 illi
2664 3049 2997 3118 persuaserit
3030 3050 3120 3118 qui
3152 3048 3269 3117 ejus
3310 3052 3377 3105 de
3417 3050 3569 3106 bellis
3618 3049 3726 3105 Go—

2150 3132 2297 3187 thico
2336 3132 2626 3187 Vandalico
2678 3140 2733 3186 et
2786 3131 3009 3187 Persico
3043 3134 3216 3203 deque
3266 3133 3514 3190 aediliciis
3557 3133 3727 3189 Justi-

2149 3216 2294 3273 niani
2315 3217 2478 3272 libros
2503 3231 2623 3271 cum
2647 3230 2773 3271 cura
2792 3215 3052 3271 evolt'erit
3076 3233 3091 3271 :
3118 3232 3185 3271 ne
3206 3233 3348 3273 nunc
3367 3219 3541 3273 dicam
3555 3217 3729 3288 impe-

2148 3309 2382 3354 ratorem
2395 3308 2581 3369 aperte
2598 3298 2730 3353 satis
2742 3296 2929 3353 Novel.
2949 3301 3005 3353 11
3028 3300 3256 3366 patriam
3281 3316 3433 3355 suam
3452 3304 3595 3355 circa
3618 3299 3727 3353 Da-

2149 3384 2287 3437 ciam
2310 3383 2761 3437 mediterraneam
2794 3382 2955 3452 ﬁgere
2974 3395 3024 3438 et
3041 3383 3289 3453 Procopii
3307 3384 3555 3453 partibus
3571 3400 3727 3440 accc-

2148 3465 2296 3520 dere.
2321 3467 2398 3518 Ad
2424 3465 2537 3521 lucc
2568 3466 2745 3520 omnia
2776 3466 2981 3520 accedit
3013 3466 3301 3521 Justiniani
3324 3465 3496 3520 natale
3545 3467 3729 3520 solum

2150 3556 2249 3601 aut
2305 3546 2627 3603 Tanrcsium
2656 3559 2752 3603 aut
2811 3549 3127 3604 Bederinam
3156 3551 3269 3605 sive
3315 3548 3671 3603 Baderianain
3702 3566 3734 3603 ο

2149 3630 2412 3701 Prompio
2433 3640 2487 3686 et
2502 3631 2729 3702 Agathia
2745 3647 2873 3687 vero
2896 3633 3113 3687 nomine
3138 3632 3393 3701 appellari
3417 3649 3432 3688 :
3469 3647 3577 3701 qua
3599 3647 3733 3703 ergo

2151 3713 2359 3769 ratione
2389 3714 2695 3785 Lychnidus
2728 3716 2870 3772 erit?
2904 3731 3065 3787 porro
3095 3715 3400 3786 Lychnidus
3444 3715 3727 3770 excellenti

2150 3799 2271 3854 colli
2303 3808 2422 3854 erat
2452 3800 2702 3869 imposita
2719 3811 2773 3854 et
2807 3801 3047 3855 fontibus
3075 3801 3546 3855 abundantissima
3588 3801 3728 3869 apud

2152 3882 2419 3938 Malchum
2463 3882 2517 3937 in
2582 3880 2827 3951 Excerpt.
2879 3881 3159 3938 Hazsrhelii
3213 3899 3268 3951 p.
3323 3882 3412 3937 61.
3443 3893 3730 3953 utrumque

2151 3964 2321 4021 defuit
2350 3962 2669 4019 .lustinianae
2708 3964 2895 4034 prima:
2926 3965 3214 4036 debuitque
3248 3966 3545 4036 imperator
3578 3979 3733 4035 aqua:

2153 4048 2411 4104 ductibus
2455 4049 2743 4118 magniﬁco
2771 4064 2934 4118 opere
2964 4050 3259 4106 exstructis
3305 4051 3597 4105 subvenire
3648 4049 3733 4103 ci-

2153 4133 2331 4199 vibus,
2376 4148 2444 4188 ne
2473 4133 2710 4198 sitirent,
2768 4131 3031 4202 Proc0pio
3076 4133 3279 4188 indice.
3327 4132 3586 4194 Tandem,
3658 4145 3733 4184 ne

2157 4215 2379 4285 longum
2431 4214 2727 4279 faciamus,
2764 4215 2808 4270 si
2844 4213 3144 4269 lnstiniana
3193 4215 3368 4283 prima
3407 4215 3588 4269 eadem
3645 4220 3737 4265 est

2154 4316 2217 4356 ac
2242 4297 2574 4371 Lychnidus,
2626 4299 2810 4353 debuit
2851 4299 3044 4367 Epirus
3073 4314 3235 4362 nova,
3272 4298 3323 4350 in
3359 4314 3463 4368 qua
3495 4315 3556 4351 ea
3602 4296 3739 4350 urbs

2156 4382 2339 4437 sedem
2373 4381 2678 4446 obtinebat,
2708 4380 3030 4436 Justiniana:
3048 4381 3234 4451 prima‘
3255 4395 3375 4435 esse
3399 4377 3738 4441 eontribnta,

2155 4475 2248 4520 aut
2294 4465 2482 4519 saltem
2514 4462 2630 4532 ejus
2666 4477 2791 4532 pars
2828 4465 3016 4533 :atqui
3068 4478 3159 4520 res
3194 4479 3351 4518 secus
3409 4461 3589 4516 habet.
3638 4460 3746 4513 De.

2155 4549 2332 4603 cernit
2382 4545 2721 4601 Justinianus
2780 4544 2968 4601 Novel.
3028 4546 3126 4609 11,
3202 4557 3261 4601 ιιι
3318 4546 3507 4616 prima:
3563 4543 3747 4599 Justi-

2158 4632 2334 4685 niana:
2358 4670 2372 4696 ,
2403 4631 2588 4700 patria:
2642 4638 2841 4685 nostra:
2867 4670 2882 4695 ,
2920 4646 3021 4701 pro
3062 4641 3304 4700 tempore
3349 4638 3747 4683 sacrosanctus

2157 4716 2389 4770 antistes
2483 4730 2587 4769 non
2644 4714 2820 4767 solum
2916 4714 3374 4783 metropolitanus
3422 4715 3516 4767 Sed
3566 4713 3747 4766 etiam

2166 4798 2614 4868 archiepiscopus
2642 4796 2734 4851 tiat
2760 4813 2777 4860 ;
2808 4804 2858 4853 et
2893 4808 3105 4853 caeteras
3137 4798 3429 4867 provincia:
3474 4797 3575 4851 sub
3614 4795 3751 4865 ejus

2160 4882 2272 4936 sint
2341 4882 2687 4945 auctoritate,
2750 4879 2804 4935 id
2848 4890 2932 4935 est
2984 4890 3090 4934 tam
3147 4880 3263 4950 ipsa
3343 4880 3751 4933 mediterranea

2163 4964 2498 5033 Daciaquam
2529 4962 2686 5016 Dacia
2728 4963 2982 5033 ripensis,
3024 4978 3235 5018 necnon
3270 4962 3454 5019 Moesia
3496 4963 3751 5016 secunda

2159 5047 2461 5109 Dardania,
2520 5056 2575 5101 el
2638 5046 2991 5102 Pncvalitana
3035 5046 3313 5117 provincia
3365 5056 3418 5101 et
3474 5047 3753 5109 secunda,

2160 5131 2515 5193 Macedonia,
2593 5145 2717 5197 pars
2822 5132 2985 5185 etiam
3061 5131 3315 5184 secun'a:
3420 5126 3753 5182 Pannonian

2157 5214 2316 5268 Nulla
2372 5227 2593 5281 prorsus
2641 5213 2728 5267 hic
2756 5211 2907 5282 Epiri
2944 5213 3166 5277 mentio,
3219 5213 3272 5265 in
3326 5226 3428 5281 qua
3491 5224 3605 5263 neu
3664 5212 3759 5264 iu-

2160 5297 2285 5353 timo
2322 5295 2439 5351 loco
2477 5295 2804 5366 Lychnidus.
2842 5296 2998 5350 Dices
3038 5295 3331 5349 Achridam
3374 5292 3757 5349 Justinianam

2160 5382 2388 5452 primam
2452 5380 2622 5435 fuisse
2687 5382 2911 5445 dictam,
2961 5394 3083 5433 eam
3155 5391 3336 5432 autem
3381 5393 3412 5431 a
3462 5375 3761 5447 Lychnido

2164 5464 2296 5519 nihil
2336 5462 2652 5533 discrepare
2686 5479 2700 5527 ;
2740 5464 2882 5532 quod
2928 5470 2986 5516 ut
3014 5462 3201 5515 libenti
3245 5461 3427 5513 animo
3482 5459 3758 5521 admitto,

2161 5548 2237 5603 ita
2284 5561 2347 5600 ea
2400 5560 2520 5615 quae
2562 5544 2833 5614 disputavi
2894 5545 3188 5613 prohibent
3229 5554 3289 5598 ut
3317 5544 3382 5597 ab
3430 5542 3760 5597 Justiniano

2159 5645 2227 5687 eo
2285 5631 2502 5685 nomine
2569 5628 2879 5699 insignitam
2934 5626 3101 5699 fuisse
3169 5641 3487 5697 agnoscam.
3542 5625 3760 5681 Omnia

2163 5713 2269 5773 nisi
2300 5727 2385 5770 me
2429 5710 2644 5783 fallant,
2692 5710 2940 5782 Bulgaris
2993 5711 3059 5767 ad
3092 5709 3528 5767 Christianorum
3585 5723 3767 5765 sacra
