3980 6210
297 310 431 381 1101

291 427 586 491 traductis,
639 424 941 498 Lychnido,
984 440 1103 497 quae
1137 423 1315 496 gentis
1357 421 1632 492 praecipua
1664 420 1719 473 in
1752 420 1855 474 hoc

293 520 470 566 tractu
511 511 665 573 urbs,
709 519 764 565 et
800 510 1116 581 metropolis
1178 507 1414 577 dignitas
1451 505 1598 558 venit
1636 513 1689 557 et
1735 503 1865 557 Jus-

294 596 512 649 tiniana:
559 594 748 664 prima:
772 608 1069 663 cognomen
1110 610 1124 645 :
1164 589 1423 657 religione
1450 588 1596 640 enim
1642 586 1864 640 meliore

296 689 538 744 recepta,
586 684 641 730 et
676 675 1053 730 sacerdotibus
1093 682 1169 738 et,
1215 672 1306 742 qui
1349 684 1444 724 eos
1485 669 1862 737 inauguraret,

301 761 558 825 episcopo
608 758 712 811 luit
757 774 911 827 opus.
952 757 1116 812 Lecta
1151 769 1282 823 ergo
1312 754 1439 806 urbs
1464 765 1584 820 quae
1625 750 1869 817 Bulgaris

293 854 459 913 caput
492 853 635 905 erat,
677 852 733 896 et
767 842 1188 911 metmpolitano
1218 837 1520 906 assignata,
1564 832 1863 916 appellata-

295 942 402 995 que
428 924 732 979 Justiniana
756 926 948 993 prima,
968 926 1079 978 sive
1100 923 1239 992 quod
1256 920 1524 984 eamdem,
1558 931 1869 987 quanquam

300 1026 407 1065 non
440 1011 556 1064 sine
584 1024 805 1071 errore,-
829 1010 945 1079 ejus
987 1007 1246 1076 temporis
1271 1004 1442 1058 Graeci
1477 1004 1867 1072 opinarentur;

298 1110 398 1149 seu
430 1094 606 1162 potius
658 1091 800 1161 quod
832 1107 961 1146 vera
1003 1089 1309 1146 Justiniana
1350 1088 1549 1157 prima,
1571 1094 1647 1163 ,ιιι
1684 1083 1870 1154 plures

312 1178 368 1232 iu
410 1178 515 1235 hac
575 1176 771 1230 vicinia
832 1176 969 1241 alia,
1026 1190 1121 1241 per
1178 1182 1348 1226 tracta
1406 1172 1494 1224 diu
1541 1169 1677 1223 bella
1731 1177 1874 1222 esset

300 1260 569 1323 desolata,
615 1274 713 1313 nec
747 1258 885 1312 alius
916 1258 1104 1312 titulus
1153 1256 1221 1310 ad
1286 1270 1479 1308 novam
1532 1251 1872 1321 metropolim

295 1344 663 1400 decorandam
696 1342 970 1397 videretur
1013 1340 1488 1395 accommodatior.

369 1428 487 1482 Col.
528 1426 651 1479 145.
694 1422 966 1492 Λιστρὼν
1014 1423 1109 1476 καὶ
1154 1420 1419 1476 Σκεπῶν.
1466 1417 1730 1489 Λυστρῶν
1783 1416 1878 1470 καὶ

299 1511 595 1565 Σκεύπτων
645 1510 813 1564 codex
854 1506 1120 1561 Vult-anii.
1172 1505 1295 1561 Ilaec
1344 1504 1471 1576 quid
1518 1503 1704 1563 velint.
1766 1516 1875 1556 non

299 1593 463 1647 facile
502 1594 708 1647 dixero.
748 1589 862 1645 Viri
897 1591 1060 1655 docti,
1112 1591 1202 1660 qui
1252 1589 1541 1644 occasione
1604 1587 1782 1641 oblata
1820 1585 1876 1638 in

186 1742 197 1755 λ
298 1691 363 1730 ea
416 1675 741 1739 inciderunt,
768 1674 1117 1743 coniecturis,
1141 1675 1235 1727 sed
1262 1687 1448 1742 parum
1472 1669 1660 1736 certis,
1698 1666 1877 1721 indul-

299 1767 511 1813 serunt.
552 1756 822 1811 Palmerio
869 1756 932 1810 (ἓ.
968 1756 1032 1811 Α.
1069 1756 1119 1819 1,
1156 1756 1247 1819 51,
1296 1753 1437 1823 quod
1485 1751 1879 1808 Constantinus

303 1839 339 1893 I.
380 1840 437 1904 2,
475 1839 672 1895 Them.
703 1841 757 1894 9.
829 1837 1039 1906 Αὖλων,
1072 1840 1355 1910 Λήστρων,
1400 1835 1694 1890 Σκεύπτων
1736 1848 1878 1904 prte-

303 1923 491 1988 I‘erret,
530 1924 583 1978 in
616 1935 847 1979 mentem
882 1924 1031 1979 venit
1072 1937 1232 1993 posse
1272 1922 1376 1989 legi
1439 1920 1750 1990 Ληστὴριον
1790 1916 1876 1971 vel

300 2005 465 2059 etiam
513 2006 761 2075 Ληστῶν,
818 2016 878 2061 ιιι
940 2008 1013 2060 sit
1061 2006 1207 2061 velut
1254 2002 1555 2075 epithetum
1633 2000 1879 2065 Aulonis,

307 2090 498 2144 navale
554 2090 847 2159 piraticum
885 2089 965 2143 νει
997 2089 1321 2157 piratarum,
1378 2086 1516 2140 utin
1554 2084 1730 2137 Attica
1761 2088 1881 2137 erat

300 2173 505 2243 Φώρων
548 2171 735 2244 λιμὴν,
791 2172 967 2226 furum
1022 2183 1259 2241 portus:
1300 2169 1384 2223 cui
1412 2169 1708 2240 suspicioni
1742 2181 1875 2222 mss.

307 2260 593 2310 verborum
643 2256 891 2310 ordinem
946 2255 1107 2309 aliter
1152 2255 1480 2324 digerentes,
1540 2261 1727 2306 contra
1781 2266 1877 2305 ve-

305 2340 457 2392 ιιίιιιιι
481 2356 496 2404 ;
525 2338 740 2393 obstant
768 2353 983 2407 quoque
1010 2337 1379 2391 Romanorum
1406 2336 1573 2405 leges,
1599 2333 1881 2402 piraticam

305 2422 724 2489 proseribentes.
771 2420 831 2474 L.
882 2420 1212 2475 llolsteinius
1235 2420 1288 2473 in
1319 2418 1583 2473 Thesauri
1616 2416 1882 2471 Or-teliani

307 2502 597 2558 {Estraaum
651 2504 898 2573 Αἶστρων
970 2512 1255 2571 pra-optat,
1328 2501 1733 2571 Estrreumqne
1782 2516 1883 2569 pa-

311 2587 440 2642 riter
466 2597 523 2640 ut
552 2586 781 2642 Carolus
829 2601 860 2640 a
905 2583 965 2640 S.
999 2584 1166 2641 Paulo
1220 2585 1474 2655 intelligit
1502 2602 1517 2651 ;
1543 2583 1687 2653 quod
1721 2583 1885 2653 oppi-

309 2670 437 2723 dum
512 2683 632 2723 cum
684 2668 739 2722 in
805 2668 1115 2723 Macedonia
1176 2669 1414 2724 secunda
1495 2667 1564 2721 ab
1635 2664 1886 2723 Hierocle

313 2752 474 2804 fuerit
526 2750 876 2816 collocatum,
910 2752 998 2806 hic
1026 2752 1211 2807 sedem
1267 2752 1513 2806 obtinere
1546 2765 1650 2805 non
1685 2759 1883 2821 potest.

314 2835 390 2888 De
421 2834 597 2889 altero
634 2834 862 2888 Σκεπῶν
920 2847 1030 2889 neu
1084 2834 1262 2889 minor
1308 2834 1578 2890 haesitatio
1610 2850 1624 2887 :
1657 2835 1885 2888 Carolus

310 2934 342 2971 a
377 2918 437 2973 S.
482 2917 646 2972 Paulo
683 2919 972 2974 videndum
1023 2932 1147 2973 esse
1204 2928 1384 2972 monet
1430 2932 1497 2972 an
1554 2917 1887 2970 Καισκεπῶν

314 3001 418 3071 legi
482 3002 716 3071 possit;
764 3003 856 3057 ubi
935 3004 1306 3070 maximOpere
1387 3000 1577 3056 vellem
1628 3010 1691 3056 ut
1757 3002 1888 3071 quid

313 3083 531 3139 tandem
558 3084 847 3155 Crescepon
876 3083 1059 3148 fuerit,
1100 3084 1399 3139 docuisset.
1456 3082 1727 3138 Palmerio
1754 3082 1888 3135 Σκε-

317 3167 437 3223 πῶν
468 3184 592 3239 qute
623 3169 821 3223 sitnon
867 3169 1159 3224 succurrit.
1195 3168 1479 3239 Equidem,
1516 3166 1561 3222 si
1600 3166 1877 3223 sententia

320 3254 392 3307 sit
474 3252 720 3318 ferenda,
785 3252 1038 3324 Λιστρῶν
1093 3265 1222 3309 esse
1280 3254 1470 3307 dixero
1533 3267 1684 3306 nova:
1737 3250 1888 3320 Epiri

317 3337 623 3403 castellum,
678 3337 765 3391 cui
796 3338 937 3408 apud
968 3335 1296 3407 Procopium
1335 3336 1505 3393 Fabr.
1541 3336 1687 3392 Just.
1732 3350 1806 3401 tv,
1830 3337 1885 3403 4,

318 3434 515 3476 nomen
546 3429 631 3475 est
660 3420 985 3492 ’Ἅλιστροςς
1020 3421 1071 3474 in
1106 3422 1331 3475 Σκεπών
1351 3432 1530 3479 autem
1563 3422 1679 3476 sive
1718 3420 1889 3476 Σκεύο

318 3518 469 3555 πτων
547 3517 680 3558 voce
751 3503 921 3560 latere
983 3504 1228 3573 ejusdem
1296 3503 1442 3576 Epiri
1501 3506 1713 3570 urbem,
1762 3519 1885 3575 qua:

321 3585 593 3649 Σκιδρέων
626 3586 765 3641 etin
814 3588 1130 3658 Augustauo
1170 3589 1360 3644 codice
1402 3589 1654 3644 Σκυδεὼν
1707 3589 1885 3645 eidem

321 3667 585 3738 Procopio
623 3669 793 3724 audit.

392 3749 528 3805 Ibid.
596 3750 735 3804 Ὑπὸ
800 3751 1259 3823 κονσουλάριον.
1331 3753 1618 3810 Consulari
1669 3755 1887 3810 Daciam

320 3836 777 3892 mediterraneam
809 3836 1066 3906 paruisse
1103 3836 1309 3890 Notitia
1343 3839 1469 3906 imp.
1509 3836 1716 3893 Orient.
1750 3852 1803 3893 c.
1834 3836 1887 3904 1,

319 3920 624 3975 continuat.
675 3917 769 3973 Est
807 3918 862 3974 in
897 3918 1025 3983 1.1ι,
1060 3933 1110 3973 c.
1161 3918 1371 3975 Theod.
1426 3921 1490 3973 de
1549 3919 1745 3975 inollic.
1806 3930 1890 3975 te-

324 4013 490 4057 stam.
522 4000 777 4057 Claudius
832 4015 1033 4072 praeses
1086 3998 1450 4070 Daciaa;quae
1497 4017 1619 4057 cum
1662 4011 1717 4057 et
1759 4003 1891 4057 Sar-

323 4087 458 4141 dica:
516 4085 861 4149 tnerninerit,
911 4084 1119 4139 diceres
1174 4083 1390 4137 Daciam
1438 4085 1891 4141 mediterraneum

325 4169 494 4225 fuisse
550 4167 907 4237 prtesidialem
991 4167 1512 4235 provinciam;quae
1575 4175 1754 4223 tamen
1806 4184 1893 4225 res

324 4264 481 4305 secus
501 4250 930 4305 habet.Sardica2
951 4263 981 4303 a
996 4249 1356 4305 Constantino
1378 4248 1448 4304 Μ.
1471 4265 1532 4304 ea
1560 4250 1642 4305 lex
1669 4251 1789 4305 data
1811 4261 1890 4307 est

329 4333 397 4387 ad
426 4334 703 4402 przesidem
749 4332 925 4387 Dacia:
942 4334 1031 4402 qui
1068 4343 1350 4403 pr0pterea
1386 4332 1602 4388 Daciam
1636 4336 1893 4390 mediter-

333 4430 514 4470 ranea:
540 4430 737 4483 praeses
765 4432 869 4469 non
902 4415 1027 4479 fuit,
1057 4427 1113 4469 ut
1146 4415 1186 4471 I.
1214 4415 1580 4471 Gothofredus
1608 4419 1887 4473 censebat.

398 4497 531 4553 Ibid.
599 4497 880 4566 Σαρδική.
911 4498 1087 4553 Daciae
1128 4498 1471 4568 metropolim
1508 4499 1673 4555 fuisse
1715 4498 1893 4555 Theo-

328 4580 552 4636 doretus
614 4579 687 4634 11.
727 4580 791 4635 E.
820 4597 880 4646 ιι,
925 4582 979 4647 4,
1025 4581 1203 4634 docet.
1251 4580 1626 4646 Constantius,
1688 4583 1887 4651 inquit,

328 4663 658 4735 προσέταξεν
681 4667 758 4727 εἰς
774 4664 870 4734 τὴν
888 4664 1155 4734 Σαρδικὴν
1179 4663 1465 4735 (Ἰλλυρικὴ
1483 4664 1539 4716 δὲ
1555 4666 1693 4733 αὕτη
1717 4666 1887 4731 πόλις,

327 4746 422 4801 τοῦ
441 4748 631 4800 Δακῶν
654 4747 837 4811 ἔθνους
862 4745 1215 4818 μητρόπολις)
1241 4748 1479 4809 καὶτοὺς
1514 4747 1611 4816 τῆς
1636 4749 1775 4818 ἑῴας
1800 4751 1893 4802 καὶ

327 4834 427 4901 τῆς
480 4831 719 4901 ἑσπέρας
799 4830 1125 4901 συνδραμεῖν
1188 4828 1539 4892 ἐπισκόπους.
1594 4829 1693 4885 Ubi
1728 4847 1793 4885 ue
1825 4833 1891 4886 ad

327 4913 595 4984 Illyricam
635 4914 822 4967 urbem
860 4912 1174 4975 ollendaris,
1201 4912 1276 4964 ita
1310 4912 1412 4967 dici
1440 4913 1614 4966 obiter
1639 4915 1890 4978 observa,

327 4995 473 5064 quod
534 4995 788 5064 pra‘lecto
850 4994 1087 5064 prauorii
1141 5010 1237 5064 per
1288 4993 1555 5064 Illyricum
1619 5001 1891 5062 subesset,

324 5094 445 5148 quae
495 5080 633 5132 ratio
680 5089 734 5133 et
766 5078 1058 5133 Iordanem
1113 5077 1177 5131 R.
1211 5077 1367 5131 Cotti.
1413 5093 1461 5130 c.
1498 5078 1588 5143 56,
1630 5081 1895 5149 permovit

327 5171 383 5214 nt
419 5157 668 5215 Naissum
720 5160 936 5230 Illyrico
966 5162 1360 5216 contribueret.
1398 5160 1531 5215 Vide
1561 5162 1630 5216 de
1664 5161 1892 5217 Sardica

326 5244 453 5297 Ant.
485 5243 612 5297 Itin.
655 5259 709 5312 p.
761 5243 888 5297 155.

397 5326 536 5379 Ibid.
590 5318 918 5380 Πανταλίαῗ
977 5326 1256 5379 Παυταλῑα
1306 5342 1434 5381 vero
1496 5327 1712 5383 nomine
1759 5327 1891 5397 fuit,

326 5410 507 5464 numis
555 5411 861 5464 OTAIIIAC
921 5411 1312 5464 ΠΑΥΤΑΛΙΑΟ
1369 5412 1541 5466 titulis
1595 5412 1893 5482 inscriptis.

326 5505 379 5546 et
412 5491 619 5556 tabula,
650 5508 770 5561 qua-
799 5492 1096 5547 I’eutaliam
1123 5494 1191 5548 28
1219 5493 1287 5547 Μ.
1315 5494 1371 5548 Ρ.
1404 5496 1623 5549 Sardica
1657 5510 1890 5565 separat,

328 5576 625 5630 indicibus.
669 5576 776 5630 'l‘er
809 5578 948 5632 idem
989 5582 1335 5633 commissum
1391 5588 1473 5634 est
1505 5592 1782 5648 peccaturo
1841 5583 1892 5636 in

330 5658 520 5716 Malchi
586 5659 845 5730 Excerpt.
917 5659 1104 5731 Legat.
1187 5659 1470 5717 Ilceschelti
1528 5677 1581 5731 p.
1639 5662 1729 5727 62,
1778 5680 1896 5733 qum

334 5745 790 5805 accuratissimus
838 5742 898 5801 L.
937 5743 1268 5805 lIulstcinius
1317 5744 1381 5801 ad
1436 5744 1695 5816 Slcpbaui
1761 5748 1892 5802 Παι-

1108 308 1495 374 COMMEN'I‘.
1540 307 1627 371 IN
1663 304 2078 370 HIEROCLIS
2112 305 2658 371 SYNECDEMUM.

3394 306 3537 371 1102

1968 417 2157 471 τακίαν
2186 420 2387 486 optime
2431 420 2578 475 eluit.
2653 418 2764 473 Sita
2811 427 2929 475 erat
2979 436 3083 476 non
3115 421 3272 491 longe.
3302 440 3329 475 a
3359 425 3534 482 Thra-

1967 506 2063 559 ciae
2106 506 2327 558 introitu
2361 522 2376 571 ;
2410 508 2787 576 παραγγείλας
2814 508 3000 578 χώραν
3036 510 3134 578 μὲν
3160 511 3306 579 αὐτῷ
3351 512 3535 569 δοῦναι

1966 592 2025 642 ἐν
2096 591 2394 662 Παυταλῐᾳ,
2476 590 2669 645 Malcbi
2738 595 2902 646 verba
2963 604 3111 659 sunt,
3178 594 3345 664 ἣτῆς
3433 600 3533 666 μὲν

1967 672 2276 743 Ἰλλυρικῆς
2356 675 2549 744 μοίρας
2623 676 2771 727 ἐστὶν
2841 677 3099 745 ἐπαρχία,
3170 680 3229 730 οὐ
3282 679 3415 731 πολῦ
3479 682 3537 733 δὲ

1971 756 2252 824 ἀπέχουσα
2275 758 2382 809 τῶν
2422 756 2804 828 εἰσϐολῶντῆς
2833 758 3073 829 Θρᾴκης.
3123 760 3388 830 Proropio
3434 779 3537 817 nou
3619 790 3623 801 -

1972 839 2220 891 dissimili
2250 840 2378 890 vitio
2414 840 2733 894 Παντὰλεια.
2759 840 2939 910 ίΕιΙίῙ.
2960 842 3101 895 Just.
3141 858 3215 905 tv,
3250 846 3536 908 I,dicitur.

2042 919 2177 974 Ibid.
2209 920 2469 989 Γερμάη.
2509 924 2903 978 Constantinus
2936 925 2969 978 Ι.
3002 941 3064 991 ιι,
3112 928 3279 980 them.
3308 926 3361 991 9,
3408 929 3541 998 Γερ-

1977 1006 2146 1075 μανὸς
2200 1006 2381 1061 babet.
2447 1005 2640 1058 Verum
2701 1019 2782 1061 est
2841 1010 3116 1081 Γερμανὴ,
3168 1027 3274 1078 quo
3325 1014 3542 1066 nomine

1973 1087 2270 1157 Procopius
2331 1086 2681 1154 EdifJnst.
2720 1105 2792 1151 tv,
2827 1091 2881 1153 1,
2925 1093 2976 1145 in
3021 1093 3121 1147 hac
3173 1092 3333 1147 Dacia
3395 1096 3544 1148 novit

1973 1172 2183 1225 urbem.
2256 1171 2364 1226 Nec
2403 1172 2637 1233 diversa,
2699 1182 2848 1241 puto,
2891 1187 2972 1227 est
3007 1176 3323 1240 Germania,
3379 1194 3540 1246 quam
3632 1181 3639 1189 ’

1975 1254 2035 1306 Β.
2070 1251 2241 1308 Vand.
2299 1269 2339 1320 I,
2371 1255 2459 1317 11,
2494 1254 2545 1307 in
2575 1254 2770 1308 linibus
2804 1254 2997 1325 Illyrici
3033 1267 3085 1309 et
3111 1256 3376 1324 Thracim,
3400 1260 3546 1331 Θρᾳ·

1976 1337 2087 1389 κῶν
2128 1354 2188 1390 τε
2220 1338 2313 1391 καὶ
2347 1337 2618 1407 Ἰλλυρίων
2672 1338 2901 1407 μεταξὺ,
2956 1340 3124 1406 ponit,
3176 1342 3421 1398 Belisarii
3453 1359 3545 1413 pa-

1977 1420 2158 1475 triam.
2194 1419 2325 1474 Vide
2357 1420 2421 1475 N.
2454 1424 2809 1475 Alemanuum
2842 1422 2892 1474 in
2923 1420 3128 1476 Hister.
3169 1423 3365 1477 Arcan.
3415 1440 3462 1479 c.
3483 1441 3546 1491 ιι,

1977 1510 2031 1554 et
2059 1516 2191 1557 cave
2220 1504 2409 1558 credas
2445 1502 2495 1556 in
2524 1502 2900 1558 sanctionibus
2946 1505 3248 1558 antistitum
3297 1507 3549 1560 Orientas

1980 1583 2133 1648 lium,
2182 1586 2326 1653 quod
2355 1585 2486 1639 inibi
2523 1587 2749 1639 lideuter
2776 1596 2831 1639 et
2868 1583 3370 1675 Ortelianis.verbis
3394 1603 3546 1642 asse-

1984 1667 2141 1732 ritur,
2195 1668 2516 1736 metropolin
2576 1683 2751 1723 esse:
2809 1668 2963 1737 longe
3021 1667 3181 1722 enim'
3224 1669 3338 1724 lucc
3374 1671 3441 1723 ab
3483 1686 3545 1726 ea

1981 1749 2249 1819 dignitate
2280 1752 2475 1807 abluit.

2053 1829 2188 1888 Ibid.
2231 1834 2480 1901 Ναισός.
2537 1833 2703 1889 Recto
2737 1834 2806 1896 ita
2853 1848 2981 1889 mss.
3035 1842 3090 1887 et
3139 1832 3550 1887 Constantinus.

1980 1914 2101 1969 vide
2135 1915 2302 1972 Holst.
2359 1919 2423 1972 ad
2461 1918 2726 1988 Stepltau.
2748 1927 2800 1971 et
2831 1933 2948 1987 qua:
2975 1916 3162 1971 ltiner.
3207 1918 3278 1970 Η.
3335 1932 3388 1987 p.
3423 1916 3547 1983 5136,

1979 2000 2248 2070 adscripta
2280 2012 2427 2057 sunt.
3426 2054 3433 2059 .

2054 2088 2183 2141 Ibid.
2224 2087 2593 2157 Ῥεμεσιὰνα.
2633 2087 2705 2141 De
2733 2087 2833 2142 bac
2866 2088 2999 2142 urbe
3027 2085 3091 2140 ad
3116 2086 3313 2140 Anton.
3358 2084 3551 2140 Itiner.

1979 2170 2190 2242 p.135,
2236 2171 2649 2239 disputavimus.
2690 2170 2749 2224 Id
2789 2170 3102 2224 mirandum
3153 2179 3258 2233 est,
3293 2169 3344 2223 in
3393 2170 3546 2223 Actis

1982 2253 2487 2310 Chalcedonensibus
2535 2252 2601 2323 ip.
2651 2254 2779 2320 323,
2830 2254 3191 2326 Ἀψρούπολιν
3238 2254 3547 2325 appellari:

1982 2337 2277 2393 subscribit
2352 2336 2690 2405 Διογενιανὸς
2753 2338 3050 2401 ἐπίσκοπος
3131 2338 3554 2409 Ἀφρουπὸλεως

1994 2419 2415 2491 Ῥεμεσσιάνων,
2463 2420 2552 2488 qui
2588 2420 2643 2472 in
2668 2418 2878 2475 Latinis
2926 2422 3092 2475 veteri
3129 2425 3381 2476 versione
3425 2424 3545 2490 cpi-

1984 2518 2181 2573 scopus
2210 2503 2446 2557 civitatis
2477 2502 2996 2557 Itemissianensium
3027 2514 3080 2557 et
3107 2521 3158 2571 ιι.
3201 2504 3318 2569 126,
3365 2505 3557 2573 Ῥεμε-

1985 2586 2175 2657 σιάνης
2220 2587 2317 2655 τῆς
2375 2586 2584 2647 Δακίας
2634 2593 2782 2639 recte
2815 2587 3035 2642 dicitur.
3079 2586 3265 2642 Putem
3310 2588 3556 2642 librarios

1995 2666 2408 2738 Ἀφρουπόλεως
2430 2682 2552 2722 esse
2582 2669 2910 2732 conditores.
2936 2680 2985 2724 et
3013 2685 3133 2725 cum
3166 2672 3218 2725 in
3248 2673 3389 2725 Actis
3416 2682 3558 2726 esset

1984 2752 2331 2819 Διογενιανὸς
2360 2752 2659 2815 ἐπίσκοπος
2702 2754 2931 2822 ’Δερρου,
2969 2753 3313 2821 Διογενιανὸς
3333 2755 3558 2806 ἐπίπκου

1985 2851 2085 2897 πος
2106 2835 2313 2897 πόλεως
2342 2835 2717 2907 Ῥεμεσιάνης,
2739 2837 2980 2907 neglecto
3001 2838 3222 2892 alterius
3242 2837 3555 2907 Diogeniani

1988 2917 2205 2971 nomine
2239 2931 2392 2971 nova:
2434 2918 2579 2972 urbis
2634 2919 2986 2973 fundamenta
3042 2921 3305 2987 posuisse.
3346 2922 3556 2989 ’Λζιρου

1986 2999 2304 3064 ἐπίσκοπος,
2351 3010 2408 3055 ιιι
2443 3004 2544 3055 hoc
2596 3003 2808 3066 addam,
2866 3005 3152 3072 episcnpus
3196 3003 3328 3058 Afer
3358 3005 3411 3059 in
3477 3006 3560 3059 bis

1988 3084 2338 3138 conciliorum
2378 3084 2529 3139 Actis
2557 3099 2680 3139 esse
2713 3086 2870 3149 solet,
2913 3096 2970 3145 ut
2997 3102 3050 3156 p.
3085 3087 3207 3142 102.

2058 3165 2191 3224 Ibid.
2233 3167 2312 3236 Τῇ
2349 3167 2508 3237 παρὰ
2546 3207 2562 3223 .
2605 3206 2622 3223 .
2667 3209 2682 3224 .
2727 3209 2742 3224 .
2783 3170 2902 3225 ὑπὸ
2954 3162 3429 3240 κονσουλὰριονξ
3465 3173 3560 3226 Ri-

1989 3251 2173 3319 pensis
2202 3249 2363 3306 Dacia
2408 3268 2532 3305 cum
2568 3251 2922 3321 intelligatur,
2963 3253 3194 3309 fortasse
3237 3256 3338 3322 τῆς
3376 3272 3560 3326 πειρα-

1989 3333 2263 3405 ποταμιας
2295 3333 2498 3396 Δακιας
2519 3333 2725 3404 justum
2756 3336 2859 3389 erit
2888 3353 2902 3390 :
2929 3334 3190 3405 Procopio
3218 3336 3391 3407 zEdr'f.
3425 3355 3499 3400 tv,
3527 3339 3562 3393 5

1999 3417 2258 3487 Ῥιπησία
2295 3426 2379 3472 est
2406 3419 2600 3471 Δακία.
2637 3416 2790 3483 Quod
2821 3429 3001 3474 autem
3032 3421 3299 3474 consulari
3330 3424 3563 3476 admini-

1988 3500 2209 3554 stranda
2232 3501 2536 3562 mandatur,
2567 3498 2619 3553 id
2654 3515 2683 3552 a
2717 3511 2863 3554 recto
2888 3501 3045 3571 longe
3074 3502 3269 3558 abest:
3296 3503 3395 3557 l‘uit
3417 3506 3559 3557 enim

1990 3581 2325 3652 praesidialis
2356 3583 2655 3653 provincia,
2682 3585 2758 3638 uti
2780 3595 2974 3653 praeter
3000 3583 3171 3639 Nam.
3206 3587 3332 3653 imp.
3357 3586 3558 3641 Orient.

1988 3679 2040 3720 c.
2073 3679 2092 3718 ι
2120 3679 2183 3719 ex
2216 3664 2253 3718 l.
2283 3681 2321 3720 ιι
2354 3680 2402 3720 c.
2436 3663 2645 3721 Tltcod.
2676 3666 2743 3720 de
2775 3664 2972 3721 inoIIic.
3004 3676 3126 3723 test.
3157 3683 3255 3738 pro
3285 3682 3562 3738 comperto

1989 3746 2269 3801 habemus.

2063 3828 2197 3884 Ibid.
2252 3828 2547 3897 Ῥαξαρια.
2597 3828 2882 3899 Ῥατιαρία
2933 3839 3266 3899 oportuerat.
3310 3832 3457 3888 IIanc
3509 3846 3563 3888 et

1992 3911 2125 3967 duas
2170 3922 2457 3981 sequentes
2504 3911 2864 3981 TheOpbanes
2913 3912 3313 3984 Chronograplz.
3364 3932 3418 3985 p.
3457 3918 3561 3973 ιιι-ι

1993 4009 2096 4049 non
2126 3995 2403 4064 praeteriit.
2428 3994 2814 4066 καταστρέψας
2842 3996 2941 4067 τήν
2976 4013 3036 4049 τε
3091 3997 3433 4071 ⁹Ρατιάρνιν,
3479 4002 3563 4055 in-

1993 4079 2129 4148 quit,
2162 4079 2254 4133 καὶ
2281 4080 2575 4133 Κωνωνίαν
2615 4079 2718 4135 καὶ.
2745 4079 2910 4142 Ἀκὺς
2958 4082 3053 4134 καὶ
3083 4084 3422 4160 Δωροστόλον
3466 4087 3561 4139 καὶ

1992 4159 2248 4215 Ζάνδαπα
2281 4162 2374 4215 καὶ
2394 4162 2895 4233 Μαρκιανούπολιν.
2915 4162 3044 4228 Qua:
3070 4179 3133 4217 ex
3158 4159 3561 4237 Theophylacto

1996 4242 2061 4298 II.
2096 4244 2165 4299 M.
2198 4259 2238 4307 ι,
2266 4242 2300 4298 8
2343 4244 2593 4312 decerpta
2630 4245 2862 4299 indidem
2902 4247 3055 4301 facile
3100 4251 3370 4303 saniorem
3420 4253 3560 4305 reci-

1994 4327 2144 4397 pient
2175 4327 2429 4382 colorem.
2469 4325 2601 4382 Vide
2628 4330 2753 4382 Aut.
2784 4328 2918 4382 Itin.
2955 4346 3004 4397 p.
3033 4328 3159 4385 219.

2064 4412 2198 4468 Ibid.
2239 4414 2528 4481 Βηνοπία.
2563 4413 2793 4467 Βονοπία
2818 4415 2984 4470 codex
3020 4413 3285 4470 Vulcanii.
3330 4418 3563 4471 wavia

1994 4506 2098 4563 est,
2138 4506 2195 4550 ut
2231 4495 2391 4551 llenr.
2430 4497 2671 4553 Valesius
2696 4499 2748 4551 in
2778 4498 3059 4551 Ammiam.
3092 4515 3241 4563 χχιι,
3274 4500 3327 4553 11
3361 4503 3561 4554 dudum

1996 4580 2148 4635 vidit.
2185 4580 2337 4647 Quod
2369 4582 2612 4650 sequitur
2645 4580 2898 4647 Ἀκοίνες,
2941 4579 3115 4635 Latini
3147 4582 3352 4651 Aquas,
3388 4583 3560 4638 αναξρί

1995 4662 2158 4726 Ἀκὺς
2188 4666 2454 4731 vocitant;
2487 4678 2589 4733 qua
2617 4666 2681 4719 de
2711 4680 2768 4717 re
2790 4665 2988 4718 dictum
3015 4666 3149 4720 alias
3177 4673 3280 4720 est.

2068 4745 2201 4800 Ibid.
2238 4746 2481 4813 Κάστρα
2524 4746 2764 4814 Μάρτις.
2808 4748 3139 4804 Sozomenus
3177 4748 3246 4801 11.
3283 4753 3348 4805 E.
3395 4767 3479 4815 ιιι,
3530 4751 3564 4805 5

1996 4829 2226 4897 Κάστρα
2256 4827 2463 4896 Μάρτις
2494 4829 2648 4880 πόλιν
2681 4830 2777 4897 τῆς
2812 4831 3028 4892 Μυσίας
3062 4832 3312 4898 appellat,
3344 4844 3487 4886 recte
3517 4836 3560 4886 si

1998 4914 2146 4966 urbis
2174 4926 2366 4965 nomen
2388 4919 2618 4980 spectes,
2649 4926 2752 4964 non
2781 4913 2906 4964 item
2941 4914 2984 4964 si
3021 4916 3350 4981 provinciam
3381 4933 3394 4967 :
3433 4902 3607 4968 [ηρ-’⁸

2000 5005 2125 5048 rttnt
2158 4994 2301 5047 enim
2337 4995 2450 5047 haec
2492 4992 2683 5047 Castra
2721 4996 2772 5048 in
2821 4994 2999 5060 Dacia,
3042 4998 3127 5049 ubi
3167 4998 3461 5066 I'rocOpins
3498 5016 3559 5051 ea

1999 5076 2166 5132 Fabr.
2198 5077 2340 5130 Just.
2376 5092 2451 5143 tv,
2481 5076 2515 5131 6
2547 5078 2789 5147 agnoscit
2820 5088 2869 5131 et
2906 5097 2933 5129 a
2967 5078 3193 5133 Danubii
3226 5081 3338 5147 ripa
3385 5096 3562 5133 remo-

1998 5170 2124 5229 vet;
2153 5162 2292 5229 quod
2329 5175 2460 5215 sane
2500 5158 2801 5214 mirandum
2830 5171 2933 5223 εει,
2973 5162 3237 5231 siquidem
3272 5163 3587 5219 Gratianus

1998 5255 2273 5315 permeato
2306 5244 2546 5297 Danubio
2581 5243 2787 5297 delatus
2827 5243 3141 5307 Bononiam,
3174 5246 3432 5300 Sirmium
3479 5249 3560 5301 in-

2002 5329 2168 5386 troiit.
2200 5339 2252 5381 et
2292 5328 2635 5396 quatriduum
2668 5329 2737 5381 ibi
2777 5340 3015 5382 moratus
3047 5346 3142 5399 per
3186 5330 3327 5383 idem
3362 5330 3558 5385 ﬂumen

1999 5412 2061 5465 ad
2083 5410 2267 5466 Martis
2283 5413 2472 5465 Castra
2498 5412 2772 5466 descendit
2789 5414 2927 5481 apud
2944 5414 3280 5466 Annuianum
3301 5430 3448 5475 xxxi.
3474 5414 3560 5469 11.

2071 5497 2201 5550 Ibid.
2240 5498 2455 5560 Ἴσκος.
2491 5496 2564 5549 Ita
2599 5510 2727 5550 mss.
2773 5496 2932 5550 Ilenr.
2970 5494 3161 5551 Valesii
3197 5499 3560 5568 conjecturam

2000 5580 2354 5635 afﬁrmantes.
2388 5578 2521 5634 Vide
2549 5584 2668 5633 Aut.
2706 5580 2836 5632 Lin.
2872 5596 2921 5647 p.
2959 5579 3086 5634 221.

2073 5662 2204 5719 Ibid.
2242 5663 2589 5732 Δαρδανίας.
2621 5664 2734 5717 Sita
2767 5664 2877 5718 hare
2907 5664 3182 5732 provincia
3211 5674 3328 5721 erat
3356 5667 3422 5720 ad
3459 5666 3563 5719 .lla-

2005 5748 2246 5806 cedonia:
2298 5749 2637 5805 occidentem
2698 5748 2910 5822 plagam
2969 5763 2983 5803 :
3044 5751 3211 5807 codex
3278 5752 3565 5806 missorqu
