3958 6216
505 446 840 510 Theodosii,
888 446 955 500 ab
1004 446 1356 502 Einmanuele
1407 446 1744 504 Scbelstrate
1811 458 1939 497 tom.
1990 442 2071 508 ll,

499 531 680 598 Antiq.
726 530 927 585 Eccles.
960 547 1014 600 p.
1060 532 1165 586 5'26
1195 532 1749 590 editursdlucedonia
1797 540 1844 585 et
1900 528 2077 583 Helle-

499 624 716 681 spontus
770 624 818 668 et
865 630 989 682 pars
1037 614 1193 670 l’onti
1240 616 1505 683 liniuntur
1563 616 1626 669 ab
1682 614 1880 668 oriente
1939 609 2075 688 mari

503 696 750 762 Pontico,
794 699 859 752 ab
904 700 1170 755 occidente
1201 701 1416 755 desertis
1445 700 1753 764 Dardania',
1804 713 1837 751 a
1875 704 2078 763 septen-

499 782 674 835 trione
710 780 930 849 [lumine
956 782 1163 843 Histro,
1187 802 1217 836 (ι
1251 777 1721 850 ηιὲτὶιιὶμᾹΞςιεο.
1742 777 2075 840 Hardninus,

500 866 592 934 qui
625 865 690 920 ad
741 864 896 918 Plinii
945 881 1020 931 tv,
1076 867 1130 922 II
1179 868 1398 924 deserta
1435 866 1723 923 Candavia:
1772 860 2074 926 substituit,

501 964 721 1003 causam
762 948 960 1002 nullam
1001 950 1212 1005 habuit.

570 1032 691 1087 Col.
724 1031 847 1086 M5.
881 1032 942 1086 Β.
965 1034 1244 1089 recurret.
1274 1033 1366 1090 Sic
1401 1034 1738 1095 Ptolemzeus,
1774 1027 2083 1099 Stephanus

502 1113 746 1178 Σκόπους
775 1124 931 1170 vocat
958 1133 971 1169 :
1006 1115 1245 1187 Scupum
1275 1116 1616 1172 Marcellinus
1639 1116 1835 1171 Comes
1871 1127 1920 1166 a.
1953 1109 2078 1170 518.

504 1213 626 1252 cum
673 1198 740 1253 de
793 1199 1130 1254 terunmabili
1171 1199 1455 1256 Dardaniae
1505 1199 1835 1265 calamitate,
1875 1194 2083 1261 Scupus

505 1298 728 1351 namque
764 1282 1095 1349 metropolis,
1139 1284 1243 1348 ait,
1285 1284 1407 1338 licet
1455 1286 1568 1338 sine
1617 1283 1810 1337 civium
1865 1288 2084 1334 suorum

503 1366 701 1419 hostem
750 1365 1062 1436 fugientium
1117 1367 1303 1430 clade,
1351 1367 1594 1436 funditus
1637 1375 1811 1420 tamen
1863 1362 2082 1416 corruit.

504 1446 694 1503 Melius
722 1448 985 1505 Paulinus
1018 1449 1228 1520 Scupos
1259 1449 1637 1559 Propctnptico
1668 1448 1734 1502 ad
1765 1446 2048 1500 Nicetum:

727 1561 798 1615 Tu
843 1558 1143 1630 Philipreos
1179 1546 1438 1615 Macetrim
1480 1575 1572 1627 per
1599 1546 1811 1629 agros,

720 1631 826 1705 Per
840 1630 1196 1705 ἱΤοιιιὲιιιιηιιη
1234 1630 1491 1705 gradieris
1521 1629 1699 1705 urbem
1719 1667 1735 1689 ,

721 1699 907 1754 lbis'et
943 1701 1142 1768 Scupos
1172 1700 1360 1768 patria-
1388 1699 1704 1767 propinquos

1076 1769 1357 1822 Dardanus
1386 1770 1590 1837 hospes.

509 1866 824 1935 Quanquam
863 1865 909 1921 si
952 1866 1055 1919 iter
1103 1866 1419 1920 consideres
1466 1877 1575 1933 quo
1610 1862 1843 1916 amicum
1893 1860 2091 1915 Reme-

508 1953 741 2014 sianam,
775 1949 1006 2018 patriam
1045 1949 1095 2003 in
1137 1948 1347 2011 urbem,
1389 1947 1574 2010 mittit,
1608 1944 1875 1999 maximas
1901 1943 2088 1998 amba-

510 2046 603 2099 ges
633 2032 981 2087 meritissimo
1014 2031 1232 2086 mirere.
1268 2028 1407 2095 Quid
1435 2043 1570 2099 opus
1594 2026 1902 2098 Philippeos
1934 2026 2093 2097 agrbs

509 2126 562 2167 et
589 2113 930 2168 Tomitanam
954 2114 1167 2178 urbem,
1195 2122 1253 2167 ut
1282 2113 1490 2181 Scupos
1514 2111 1793 2175 devenias,
1822 2109 2094 2165 invisere?

512 2196 641 2249 Am.
659 2193 855 2265 Pagius
881 2193 1071 2251 Critic.
1090 2209 1141 2250 a.
1163 2194 1489 2263 cccxcvn,9,
1507 2209 1615 2266 quo
1629 2193 1912 2250 Paulinum
1945 2191 2095 2262 igno-

512 2288 647 2333 ratae
672 2278 1014 2349 geographia!
1044 2277 1201 2349 culpa
1249 2277 1461 2345 liberet,
1510 2278 1694 2335 nescio
1719 2291 1859 2348 quos
1890 2274 2096 2344 Philip-

512 2375 641 2427 peos
666 2376 847 2431 agros,
882 2376 1147 2432 tulitquam
1190 2362 1384 2427 lectos,
1410 2360 1872 2424 comminiscitur,
1905 2368 1961 2414 et
1998 2372 2096 2428 pro

512 2442 798 2499 Tomitana
852 2445 986 2500 urbe
1033 2445 1372 2501 Stobitanam
1421 2444 1657 2502 restituit
1706 2444 1824 2499 sive
1869 2441 2092 2499 Stobos.

512 2526 777 2597 Equidem
825 2544 854 2583 a
908 2526 1094 2584 Stobis
1125 2527 1450 2585 Stobensem
1482 2537 1630 2584 recte
1680 2527 1925 2593 formari,
1963 2538 2097 2581 nus—

510 2628 674 2680 quam
718 2612 1084 2675 Stobitanum,
1129 2611 1254 2681 legi.
1297 2611 1369 2665 At
1412 2612 1601 2666 demus
1630 2610 1734 2665 hoc
1766 2628 1780 2665 :
1811 2609 1897 2664 cui
1954 2609 2099 2664 bono

513 2709 610 2760 per
683 2696 952 2765 geminam
1035 2694 1258 2763 Epirum
1338 2691 1778 2748 Thessalonicem
1850 2691 2094 2749 Nicetam

514 2778 808 2840 atuandat,
847 2791 970 2831 cum
1022 2775 1242 2830 brevius
1296 2788 1393 2843 per
1432 2772 1846 2829 Prmvalitanam
1890 2773 2095 2828 Darda-

514 2855 771 2925 niamque
803 2856 1113 2925 provincias
1167 2857 1294 2922 iter,
1342 2857 1394 2912 in
1430 2856 1634 2912 Tabula
1683 2857 1992 2928 signatum,
2041 2855 2096 2910 in

516 2940 828 3008 Scuposct
865 2938 1248 2996 Remesianam
1297 2953 1490 2996 versus
1537 2940 1791 3009 pateret?
1838 2938 1941 2995 Sed
1984 2942 2099 2996 haec

517 3022 680 3077 missa
725 3021 1011 3079 iaciamus.
1054 3020 1171 3078 Sita
1214 3022 1342 3079 urbs
1374 3022 1477 3078 fuit
1520 3023 1588 3077 ad
1633 3022 1832 3077 Axium
1866 3025 2002 3088 sive,
2039 3031 2099 3077 ut

515 3107 691 3160 serior
719 3115 852 3162 telas
885 3104 1095 3171 maluit,
1127 3106 1468 3162 Bardarium.
1511 3104 1850 3175 Nicephorus
1894 3103 2098 3177 Bryen-

484 3188 640 3245 ‘nius
681 3187 973 3245 Comment.
1027 3204 1103 3257 tv,
1140 3188 1207 3245 18
1239 3206 1255 3245 :
1296 3189 1354 3244 '0
1391 3188 1449 3243 δὲ
1497 3188 1798 3260 Βαρδάριος
1832 3187 2100 3259 καταρῤεϊ

518 3273 616 3342 μὲν
664 3274 732 3330 ἑκ
768 3274 876 3328 τῶν
909 3275 1006 3345 τῆς
1033 3274 1162 3339 νέας
1217 3273 1433 3338 Μυσίας
1478 3272 1656 3342 ὁρῶν,
1688 3273 1781 3326 καὶ
1824 3270 1973 3327 διῖὼν
2011 3271 2099 3324 διὰ

516 3358 777 3413 Σκούπων
816 3358 1031 3414 κάτεισι
1080 3357 1285 3430 μεταξὺ
1332 3358 1771 3429 Στρουμπίττης.
1823 3356 1956 3423 Quae
1999 3368 2100 3410 cur

518 3440 775 3496 Pessinus
809 3450 1022 3496 vertere
1062 3441 1382 3510 neglexerit,
1415 3440 1662 3493 divinare
1703 3454 1809 3493 non
1842 3453 2097 3507 possum;

517 3523 652 3577 nihil
684 3524 869 3591 utique
914 3523 1188 3577 habebunt
1217 3522 1468 3587 obscuri,
1501 3521 1546 3574 si
1594 3520 1930 3588 Nicephorus
1962 3520 2098 3575 Gre-

518 3610 678 3673 εμπ-εις
710 3605 762 3657 in
789 3603 1077 3660 consilium
1107 3604 1451 3668 adhibeatur,
1484 3602 1705 3672 Scopia,
1744 3617 1852 3671 quo
1879 3604 2098 3659 nomine

521 3688 775 3755 deinceps
805 3686 1021 3753 claruit,
1052 3685 1413 3743 Triballorum
1439 3687 1491 3740 lu
1520 3686 1794 3743 montibus
1819 3686 2096 3756 Oppidum,

519 3771 658 3824 Axio
693 3768 897 3824 llntnini
932 3778 1182 3826 astruens
1228 3769 1269 3824 Ι.
1300 3785 1417 3837 rm,
1449 3786 1499 3826 c.
1534 3769 1872 3841 antepenult.
1916 3785 1967 3841 p.
1992 3768 2101 3825 266

518 3853 650 3909 edit.
680 3854 881 3911 Gener.

593 3938 727 3992 Ibid.
770 3936 1036 4005 Μηριων.
1077 3936 1332 3993 Fortasse
1363 3937 1477 3992 tunc
1517 3934 1788 3992 delitescit
1836 3936 1978 3990 inter
2008 3949 2102 3992 ca-

520 4024 673 4077 stella
714 4036 835 4091 qua:
875 4022 1027 4092 plura
1069 4020 1356 4076 Dardania:
1386 4021 1680 4091 Procopius
1725 4018 1904 4090 Aidif.
1955 4021 2098 4077 Just.

520 4122 596 4171 tv,
653 4106 707 4173 ι,
757 4106 912 4161 nobis
960 4104 1325 4173 atniutnerat;
1378 4105 1623 4174 proxime
1667 4105 1927 4160 accedere
1969 4105 2103 4178 Βερ-

527 4188 715 4258 μέριον
746 4189 911 4259 ’Δρια
935 4199 992 4241 et
1016 4187 1275 4258 Μαριανὰ
1297 4186 1566 4243 videntur.

597 4270 729 4328 Ibid.
787 4269 1118 4325 Οὐλπιανὰ.
1177 4270 1377 4326 Urbem
1429 4271 1572 4326 hanc
1632 4268 1794 4340 longa
1846 4269 2103 4337 temporis

522 4354 718 4422 injuria
761 4354 1032 4409 labantem
1071 4352 1413 4410 Justiniauus
1459 4352 1635 4410 erexit
1674 4361 1730 4410 et
1777 4352 2102 4410 Iustiniana:

523 4437 775 4492 secunda:
796 4437 1116 4507 cognomine
1134 4437 1419 4507 superbire
1434 4437 1597 4508 jussit
1617 4438 1757 4508 apud
1779 4437 2100 4507 Procopium

522 4519 721 4589 elidi/2,
743 4520 886 4574 Just.
920 4535 995 4584 tv,
1028 4520 1080 4574 1.
1113 4518 1291 4575 llabes
1331 4522 1576 4575 eamdem
1608 4519 1661 4574 iu
1704 4520 1789 4575 his
1811 4519 2102 4578 Jornandis

526 4600 650 4656 Rer.
685 4599 852 4655 Getic.
884 4614 934 4656 (ξ.
960 4617 1045 4655 ιγι
1071 4619 1083 4655 :
1113 4601 1155 4655 Τ
1160 4601 1437 4657 lteodcmlr
1468 4600 1723 4655 Naissum
1751 4604 1978 4671 primam
2013 4618 2105 4657 ur-

525 4688 637 4736 tmn
672 4685 868 4737 iuvudtt
907 4684 1134 4752 Illyrici,
1168 4682 1383 4750 ﬁlioque
1413 4699 1508 4736 suo
1557 4683 1879 4739 Theoderico
1902 4685 2102 4757 {como-

527 4769 700 4822 cintus
731 4768 904 4832 adstat
933 4778 980 4823 et
1011 4770 1065 4822 iu
1093 4766 1275 4823 villam
1316 4768 1529 4823 comites
1563 4783 1656 4837 per
1693 4783 1925 4824 castrum
1961 4774 2101 4829 Her-

524 4851 658 4906 culis
698 4852 1007 4906 transmittit
1050 4850 1369 4921 Ulpianam,
1404 4853 1494 4923 qui
1545 4853 1801 4908 venientes
1844 4863 1952 4910 tam
1985 4872 2101 4911 eam

524 4946 753 5005 quamet
775 4953 894 5005 opes
913 4952 1034 4992 mox
1056 4938 1110 4990 in
1139 4937 1458 4991 deditionem
1481 4939 1765 5006 accipiunt.
1794 4938 1887 4995 Sic
1913 4941 2098 5007 edunt,

525 5021 994 5078 intricatissimam
1021 5021 1308 5076 verborum
1339 5021 1661 5076 sententiam
1692 5037 1895 5091 susque
1926 5023 2101 5093 deque

527 5108 810 5179 habentes.
844 5104 1027 5161 Codex
1060 5105 1451 5161 Ambrosianus
1478 5121 1495 5162 :
1520 5105 1734 5159 sociatis
1766 5108 1944 5160 adstat
1968 5116 2015 5161 et
2046 5110 2100 5162 in

525 5192 649 5245 uilia
693 5191 970 5245 comitibus
1024 5197 1078 5245 et
1134 5199 1245 5244 tam
1286 5205 1404 5245 eam
1450 5205 1610 5259 quant
1668 5188 1925 5245 Mestulus
1982 5207 2104 5246 mox

525 5273 745 5345 prafert
769 5290 783 5330 :
811 5276 954 5329 unde
973 5289 1072 5345 ego
1090 5270 1256 5330 fuisse
1274 5272 1554 5329 credidero
1581 5272 1795 5343 filioque
1821 5289 1918 5328 suo
1943 5275 2105 5330 Theo-

523 5361 706 5415 derico
736 5360 958 5414 sociatis
987 5360 1165 5415 adstat
1200 5366 1255 5413 et
1302 5356 1366 5411 III
1405 5356 1574 5411 millia
1621 5373 1650 5412 e
1694 5356 1974 5411 comitibus
2012 5373 2105 5426 per

523 5455 756 5498 rastrum
799 5434 1043 5498 [ferculis
1080 5440 1392 5496 transmittit
1420 5437 1742 5509 Ulpiauam;
1773 5440 1863 5511 qui
1893 5442 2102 5496 venien-

526 5537 599 5583 tes
626 5540 734 5583 tam
767 5544 882 5583 eam
918 5544 1077 5600 quam
1110 5525 1367 5581 Metulum
1395 5538 1516 5580 mox
1548 5524 1603 5578 in
1644 5524 1963 5580 deditionem
2005 5541 2097 5579 ae-

525 5612 745 5677 eipiunt.
779 5613 1032 5668 Castrum
1061 5610 1332 5677 Herculis,
1361 5620 1422 5666 ut
1463 5608 1642 5666 obiter
1676 5623 1739 5664 ea
1793 5610 2057 5667 illustrem
2082 5639 2112 5676 ,-

528 5691 729 5750 Tabula
762 5696 826 5753 14
858 5696 925 5751 Μ.
972 5695 1033 5752 P.
1073 5696 1266 5752 Naisso
1300 5703 1572 5776 semovet;
1616 5692 1870 5750 Metulum
1923 5704 2103 5751 autem

529 5794 582 5834 III
630 5778 735 5835 bac
786 5779 989 5835 vicinia
1034 5778 1292 5852 oppidum
1333 5787 1451 5846 crat
1502 5787 1698 5837 natura
1743 5786 1798 5835 ct
1850 5777 2106 5850 operibus

1528 301 1917 397 ADDENDA.‘
1952 358 2021 370 —-
2051 318 2115 392 Ρ.
2161 312 2676 391 WESSELINGII
2864 306 2879 321 “

3697 271 3807 376 nu

2188 442 2472 494 nnmitum.
2506 439 2779 507 Appianus
2807 436 2958 506 "lyr.
3003 451 3055 508 p.
3094 436 3178 503 11),
3202 435 3286 490 ed.
3319 431 3601 489 Ilmsch.
3621 425 3752 482 Ἐπὶ
3774 429 3809 479 ἴε

2184 525 2375 595 ἑτέραν
2401 522 2555 574 πόλιν
2589 521 2784 594 ἐχώρει
2808 521 3104 583 Μετοῦλον,
3140 522 3173 593 ή
3214 520 3324 575 τῶν
3361 514 3695 571 Wand-6cm
3724 513 3812 564 ἑτέ

2184 607 2418 678 κεφαλὴ.
2455 610 2628 660 κεῖται
2664 606 2721 659 δὲ
2761 607 2819 659 ὲν
2856 605 2972 675 ὄρει
3025 605 3231 675 σφόδρα.
3281 603 3547 665 ὑλώδει,
3588 597 3699 652 ἐπὶ
3743 597 3810 648 5}.

2185 690 2383 760 λόφων,
2414 688 2508 753 οὓς
2532 690 2734 760 διαιρεί
2759 689 3010 760 χαράδρα
3053 689 3239 760 στενή.
3270 687 3541 754 Reliqua
3584 697 3624 736 a
3666 684 3811 736 vati-

2187 772 2287 844 giis
2324 788 2482 826 manu
2521 772 2727 826 exarati
2757 772 2960 827 codicis
2992 773 3235 839 proxime
3275 769 3615 824 recedunt.

2259 854 2394 908 Ibid.
2436 853 2805 924 Πρεόἁλεως.
2857 853 3139 911 Provincia
3196 851 3623 909 Praevali‘ana
3696 846 3813 901 inter

2190 937 2412 1009 Epirum
2457 954 2648 993 novam
2695 947 2751 992 et
2798 935 3115 991 Dalmatiam
3149 936 3215 989 ad
3275 934 3682 990 Adriaticum
3714 941 3811 984 erat

2189 1031 2437 1090 protenta
2463 1023 2663 1087 sinum,
2698 1019 2961 1091 Procopio
2991 1019 3050 1074 Β.
3077 1018 3146 1075 G.
3191 1035 3235 1085 I,
3267 1018 3339 1072 15
3383 1027 3687 1072 auctore.
3724 1013 3810 1069 Pr

2191 1104 2368 1159 ruisse
2397 1104 2615 1174 praesidi
2652 1102 2861 1157 Notitia
2891 1103 3018 1170 imp.
3058 1100 3261 1157 Orient.
3292 1117 3347 1155 c.
3390 1118 3410 1156 ι
3465 1100 3758 1154 afﬁrmat.

2262 1187 2395 1243 Ibid.
2439 1185 2716 1254 Σκόδραι.
2765 1184 2961 1240 Verius
3013 1183 3160 1256 [cum
3210 1182 3275 1256 L]
3320 1184 3601 1256 Σκόδρα.
3650 1180 3813 1237 Sitsm

2192 1271 2342 1325 urbis
2373 1270 2559 1327 Livius
2590 1286 2735 1333 thv,
2769 1269 2858 1334 3I,
2890 1268 3172 1323 describit.

2268 1353 2400 1407 Ibid.
2441 1352 2692 1420 Λίσσος.
2737 1350 2863 1407 llzec
2890 1360 2945 1405 et
2969 1351 3084 1420 ejus
3106 1366 3202 1405 arx
3236 1349 3588 1407 Acrolissus
3614 1365 3689 1405 ex
3718 1347 3812 1404 Pb-

2198 1435 2340 1506 lybio
2370 1452 2485 1498 rm,
2511 1436 2577 1491 10
2603 1446 2656 1490 et
2685 1435 2839 1491 Livio
2866 1449 3021 1497 xun.
3053 1436 3123 1491 20
3157 1435 3461 1489 notissima
3494 1443 3610 1487 est.
3636 1433 3813 1486 1-212:-

2197 1530 2310 1580 αος.
2362 1519 2715 1574 Constantino
2755 1517 2959 1573 dicitur
3005 1517 3319 1589 imperatori
3375 1520 3450 1572 de
3508 1516 3807 1570 Αάικὶιὶιι.

2197 1601 2278 1656 Im
2317 1619 2394 1657 er.
2438 1619 2488 1657 ι’.
2531 1603 2621 1658 30.

2269 1684 2402 1739 Ibid.
2446 1683 2766 1754 Δωράκιον.
2811 1683 3031 1740 Diceres
3079 1684 3204 1739 hinc
3244 1684 3425 1739 fuisse
3468 1680 3811 1737 ﬂuebat-iani

2198 1767 2478 1839 Δωρακὶου
2510 1768 2815 1838 praesulem,
2841 1768 2935 1839 qui
2959 1783 3085 1835 pars
3121 1768 3381 1834 Ephesini
3413 1766 3528 1821 fuit
3563 1768 3807 1827 concilii,

2160 1851 2300 1933 ῑὶιιῙεὶ
2338 1866 2390 1921 p.
2419 1851 2526 1907 436
2560 1850 2849 1907 adderetur
2872 1852 2971 1921 τῆς
2998 1852 3128 1915 νέας
3163 1850 3456 1919 Ἠπείρου,
3484 1860 3673 1933 atque
3696 1849 3813 1901 inde

2178 1930 2612 2005 'Dyrrhachinus
2643 1943 2809 1990 esSct.
2851 1934 2947 1989 Est
2980 1935 3123 1990 inter
3164 1933 3441 1990 Cudianas
3466 1948 3539 1987 ex
3582 1932 3809 2003 Ligeris

2202 2018 2586 2088 inscriptiones
2617 2034 2671 2089 p.
2708 2017 2920 2074 CLXXI
2955 2019 3058 2073 hoc
3092 2019 3424 2089 epigramma
3454 2030 3471 2074 :
3510 2014 3579 2069 D.
3618 2016 3710 2071 Μ.
3760 2014 3806 2068 S.

2199 2101 2263 2159 C.
2302 2100 2566 2159 IULIUS.
2607 2102 2672 2158 C.
2730 2100 2789 2157 F.
2846 2100 3130 2157 ΑΞΜΙΗΑ.
3181 2100 3417 2157 RUFUS
3470 2099 3807 2157 DURRACI

2202 2185 2347 2243 ΜΠ..
2387 2184 2545 2242 COH.
2584 2184 2704 2242 XII.
2746 2184 2907 2244 URB.
2970 2185 3124 2251 Quod
3175 2192 3229 2240 ct
3277 2199 3379 2255 ego
3433 2186 3504 2238 ad
3568 2184 3807 2254 Dyrrha-

2202 2270 2382 2324 chium
2417 2269 2694 2342 pertinere
2722 2269 3052 2325 existimem.
3084 2267 3220 2334 Quid
3244 2282 3376 2337 ergo
3407 2267 3543 2321 huic
3578 2266 3805 2321 Duratio

2203 2352 2338 2409 ﬁet?
2385 2351 2650 2422 Equidem
2687 2351 2867 2423 legere
2927 2353 2979 2407 id
3041 2366 3308 2420 nusquam
3363 2348 3632 2404 memini.
3691 2348 3803 2403 Fuit

2203 2444 2467 2507 praeterea
2500 2434 2871 2490 Pratvalitana:
2899 2434 3191 2505 provinciae
3216 2431 3547 2500 metropolis
3571 2430 3800 2493 Scodra,

2207 2527 2265 2574 ut
2297 2533 2362 2574 ex
2391 2517 2638 2586 Gregorii
2675 2516 2746 2572 Μ.
2782 2517 2819 2572 Ι.
2862 2517 2932 2574 ιι)
2971 2516 3134 2586 epist.
3168 2516 3240 2572 3t
3277 2525 3559 2586 apparet;
3614 2528 3797 2583 quare.

2205 2606 2381 2661 donec
2414 2603 2637 2658 aliunde
2680 2601 2921 2658 firmiore
2955 2600 3234 2656 Doracium
3282 2602 3386 2655 hoc
3419 2598 3654 2654 tibicine
3696 2598 3799 2651 fal-

2203 2687 2405 2753 ciatnr,
2463 2684 2776 2741 arbitrabor
2825 2684 3074 2741 Docleain
3130 2684 3244 2739 sive
3309 2683 3645 2748 Diocleam,
3698 2697 3794 2734 non

2204 2768 2423 2839 quidem
2461 2767 2782 2838 metropolin
2831 2770 2926 2823 sed
2969 2767 3236 2821 celebrem
3277 2774 3462 2821 tamen
3513 2774 3648 2836 post
3686 2764 3795 2818 Dio-

2206 2853 2491 2908 cletianum
2530 2851 2652 2922 ejus
2698 2851 3125 2907 instauratorem
3181 2850 3415 2916 urbem,
3492 2851 3591 2906 bie
3645 2863 3790 2903 suam

2204 2935 2368 2991 etiam
2405 2934 2581 2989 locum
2626 2930 2951 2990 obtinuisse.
3004 2932 3137 2988 Vide
3179 2933 3246 2987 de
3297 2946 3361 2986 ea
3419 2930 3791 2987 Constantini.

2207 3017 2490 3074 Adm‘inist.
2527 3016 2659 3086 Imp.
2694 3032 2745 3072 ιε.
2773 3016 2844 3072 35
2880 3026 2934 3072 et
2958 3016 3281 3070 Cinnamum
3313 3013 3518 3070 llistor.
3561 3029 3643 3079 ﬂ,
3678 3014 3729 3067 1.

2277 3101 2412 3158 Ibid.
2440 3103 2700 3170 Μυσίας.
2732 3100 2926 3164 Moesia,
2943 3101 3055 3154 haec
3077 3100 3251 3170 prima
3273 3108 3356 3153 est
3380 3100 3497 3153 sive
3520 3098 3791 3169 superior,

2209 3197 2266 3241 ut
2299 3185 2518 3241 Tabulas
2547 3186 2777 3251 dicitur;
2813 3184 3024 3240 Socrati
3066 3181 3138 3237 Η.
3182 3181 3249 3236 Ε.
3288 3197 3327 3245 ι,
3363 3180 3434 3236 9.7
3466 3183 3499 3253 ἡ
3532 3182 3660 3236 ἅνω
3689 3179 3794 3236 Μυ-

2209 3271 2321 3325 σία.
2361 3270 2516 3325 LEG.
2558 3268 2721 3325 AUG.
2765 3267 2875 3322 PR.
2917 3267 3026 3323 PR.
3068 3258 3387 3323 PROVINC.
3426 3265 3643 3327 PANN.
3689 3264 3789 3320 ετ.

2206 3353 2475 3410 MOESI/li
2504 3350 2655 3409 SUP.
2690 3352 2790 3408 sub
2814 3350 3079 3422 Septimio
3110 3349 3312 3404 Severo
3331 3358 3410 3404 est
3442 3350 3498 3403 in
3525 3349 3789 3404 Tueatur.

2210 3454 2262 3508 p.
2306 3437 2597 3494 CCCCVII.
2647 3437 2697 3491 I.
2752 3446 2937 3508 postea
3007 3434 3356 3507 praesidialem
3404 3431 3587 3489 ﬁxisse
3651 3434 3793 3491 testis

2210 3521 2421 3575 Notitia
2458 3522 2644 3590 imper.
2684 3512 2893 3575 Orient.
2926 3535 2977 3576 c.
3022 3533 3039 3575 ι
3071 3526 3177 3574 est.

2280 3601 2416 3657 Ibid.
2463 3600 2808 3672 Βιμενάκιν.
2847 3601 3175 3671 Βιμενάκιον
3210 3597 3410 3654 rectius
3441 3596 3794 3671 Theophyla-

2210 3694 2330 3741 ctus
2361 3683 2427 3740 ΙΙ.
2460 3684 2531 3740 Μ.
2588 3703 2626 3753 I,
2660 3685 2724 3752 5,
2757 3687 2847 3755 qui
2902 3686 3055 3739 πόλιν
3107 3681 3365 3755 λαμπρὰν
3400 3682 3466 3737 ad
3519 3681 3791 3753 Illyricum

2209 3768 2570 3836 pertinentem
2608 3768 2859 3837 appellat.
2892 3768 2952 3825 In
2976 3768 3233 3824 Gordiani
3268 3774 3323 3821 et
3351 3764 3586 3834 Philippi
3619 3765 3791 3819 nornis

2210 3852 2271 3909 P.
2311 3854 2387 3908 Μ.
2426 3851 2485 3907 S.
2521 3850 2679 3907 COL.
2716 3851 2880 3919 VIM.,
2908 3866 3047 3922 quos
3081 3849 3308 3905 ridicule
3334 3849 3628 3903 admodum
3664 3848 3785 3901 Har-

2210 3937 2408 3994 duinus
2440 3937 2492 3992 in
2547 3934 2715 3990 Num.
2753 3936 2869 3989 urb.
2911 3936 3168 3990 illustrat.
3206 3931 3443 4002 explicat
3474 3933 3541 3987 de
3576 3933 3789 4002 provin-

2211 4021 2311 4076 ciae
2326 4019 2650 4076 Macedonia:
2670 4019 2973 4088 superioris
2994 4019 3207 4074 colonia
3230 4016 3556 4072 Viminacio.
3577 4017 3786 4070 Adeone

2212 4102 2403 4159 Maesia
2450 4101 2702 4173 superior
2741 4103 2985 4172 ignorata
3021 4101 3142 4168 fuit,
3186 4110 3243 4155 ut
3286 4100 3371 4155 his
3412 4100 3463 4154 in
3496 4099 3672 4154 nautis
3700 4113 3788 4153 co-

2211 4185 2395 4258 gnosci
2427 4185 2569 4240 haud
2599 4184 2874 4255 potuerit?

2282 4269 2422 4325 Ibid.
2465 4267 2835 4338 Σιγγιδόνος.
2856 4265 3124 4335 Σιγγιδὼν
3146 4275 3237 4321 aut
3263 4263 3608 4334 Σιγγῐδουνον
3633 4277 3783 4333 opor-

2215 4363 2414 4410 tuerat.
2465 4352 2719 4410 Socrates
2771 4350 2839 4404 ll.
2887 4350 2952 4407 E.
2994 4368 3034 4416 ι,
3063 4350 3134 4405 27
3167 4360 3221 4404 et
3266 4365 3327 4414 ιι,
3376 4347 3445 4402 12
3479 4348 3781 4416 episcopum

2214 4438 2529 4508 Σιγγιδόνος
2566 4438 2663 4509 τῆς
2707 4437 2821 4492 ἄνω
2859 4435 3078 4499 Μυσίας
3115 4431 3402 4489 Ursacium
3445 4430 3591 4485 inter
3637 4430 3781 4482 Aria-

2212 4522 2376 4576 nismi
2431 4520 2752 4576 defensores
2798 4527 3051 4573 numerat
3090 4526 3197 4572 :ut
3248 4517 3417 4571 mirer
3463 4512 3723 4569 Cat-olom
3758 4523 3780 4561 ι

2212 4604 2272 4660 S.
2294 4602 2462 4658 Paulo
2480 4602 2761 4658 So'eratcm
2784 4612 3005 4657 notasse
3024 4603 3095 4657 ob
3118 4600 3475 4671 Singidunum
3498 4593 3783 4650 Pannonia

2215 4688 2621 4758 transcriptum.
2677 4685 2839 4741 Certe
2872 4688 2911 4739 I.
2942 4701 2978 4752 ι,
3024 4701 3078 4740 c.
3122 4683 3216 4749 20,
3259 4696 3518 4755 quorsum
3566 4680 3784 4735 lectores

2214 4772 2493 4838 atuandat,
2526 4769 2660 4826 nihil
2704 4767 2867 4838 lmjus
2916 4769 3135 4838 legitur.
3167 4765 3303 4822 Vide
3333 4766 3461 4821 Ant.
3503 4762 3698 4819 Itiuer.
3737 4775 3781 4832 ρ.

2212 4855 2336 4911 152.

2286 4937 2421 4994 Ibid.
2463 4935 2781 5006 Γρατιανὰ.
2823 4936 2919 4992 Est
2955 4937 3008 4991 in
3050 4934 3262 4990 Notitia
3292 4933 3422 4999 imp.
3479 4929 3694 4985 Orient.
3742 4940 3782 4982 c.

2215 5024 2319 5079 I53
2348 5023 2489 5077 inter
2530 5020 2728 5075 Mmsiu:
2759 5023 2946 5091 prima:
2978 5021 3161 5087 urbes,
3193 5017 3368 5089 deque
3400 5030 3466 5073 ea
3496 5013 3785 5082 disputatio

2214 5122 2334 5162 mus
2367 5104 2434 5160 ad
2467 5102 2654 5158 ltiuer.
2688 5102 2759 5157 Η.
2797 5118 2849 5172 p.
2887 5102 3011 5159 566.

2283 5189 2417 5245 Ibid.
2446 5188 2788 5258 Πρικορνία.
2817 5188 2927 5242 lmo
2952 5182 3079 5243 vero
3108 5184 3407 5258 Τρικὸρνια
3440 5191 3537 5238 aut
3564 5178 3783 5255 Τρικόρ-

2212 5290 2324 5327 νιον
2354 5272 2553 5343 potius.
2584 5270 2719 5325 Vide
2747 5270 2886 5325 idem
2917 5268 3104 5323 Itiuer.
3141 5283 3194 5336 p.
3224 5268 3351 5323 565.

2284 5356 2420 5412 Ibid.
2463 5355 2880 5426 Ὀρθέμαρχος.
2915 5354 3020 5409 Pro
3047 5353 3254 5435 Ὀῥρεο
3290 5351 3525 5424 μάργον,
3554 5359 3619 5405 ιιι
3650 5348 3784 5405 dixi-

2213 5458 2334 5501 mus
2364 5445 2429 5498 ad
2459 5443 2581 5499 Ant.
2623 5442 2757 5497 Itin.
2789 5458 2846 5513 p.
2885 5441 3009 5498 151.
3130 5440 3134 5447 ’

2284 5526 2418 5582 Ibid.
2455 5527 2812 5591 Παννονίας.
2871 5524 3148 5580 Pannonia
3204 5521 3446 5578 secunda
3501 5530 3633 5585 est,
3674 5530 3783 5587 qn:

2211 5611 2340 5667 olim
2371 5608 2629 5680 praelecto
2674 5608 2912 5677 prtctorii
2931 5608 3114 5663 Italia:
3144 5607 3388 5676 parebat,
3416 5620 3546 5676 pars
3580 5601 3784 5673 imperii

2211 5693 2548 5758 Occidentis,
2580 5702 2636 5745 ut
2675 5692 2881 5747 Notitiu
2918 5694 3043 5760 imp.
3080 5691 3265 5746 Orrid.
3297 5706 3347 5745 c.
3382 5706 3419 5745 ιι
3456 5691 3616 5744 docet
3640 5698 3784 5769 :catn

2214 5781 2396 5838 autem
2430 5790 2551 5834 cum
2587 5776 2927 5835 lustiniauus
2966 5777 3345 5846 reciperasset,
3373 5773 3536 5829 sicuti
3574 5769 3790 5826 Nord-’8
