3980 6210
293 245 432 314 1105

290 364 348 417 II
382 360 677 431 significat,
707 359 999 430 provinciis
1022 360 1263 418 Orientis
1291 362 1566 419 Hierocles
1595 374 1871 419 aceenset.

286 446 440 512 Quod
467 454 644 500 autem
664 445 879 514 praesidi
913 445 1220 509 mandatur,
1247 446 1295 500 itl
1326 445 1655 511 Iustiniano,
1685 449 1875 513 credo,

290 530 555 592 debetur;
590 541 673 583 est
731 544 863 583 sane
902 528 1174 584 Munatius
1228 528 1459 583 Plancus
1495 545 1545 584 v.
1595 546 1642 583 c.
1680 545 1879 599 pt-zeses

288 610 584 666 Pannonia:
617 629 711 680 per
746 629 917 667 annos
946 613 1017 665 Q-l
1048 613 1100 667 in
1135 612 1311 679 lapide
1353 612 1679 667 llcittesiano
1710 614 1871 668 class.

290 711 364 757 vt,
399 695 495 757 71;
532 697 626 749 sed
677 696 722 748 is
770 696 1061 750 Pannonia:
1110 697 1301 765 prima:
1352 697 1677 765 prepositus
1729 699 1870 752 fuit:

288 793 412 829 nam
453 779 748 831 secundam
781 776 1123 833 consularem
1160 779 1329 834 fuisse
1359 778 1568 832 Notitia
1601 779 1789 833 eadem
1819 795 1870 835 c.

293 877 306 913 ι
343 860 649 913 confirmat.

354 942 472 997 Col.
510 942 627 996 HS.
672 943 941 1011 Σὲρμιον.
984 942 1210 997 Urbittm
1248 951 1419 998 mater
1449 952 1502 997 et
1530 946 1785 1014 populosa
1817 956 1871 1003 et

286 1027 513 1081 celebris
543 1026 826 1081 Ammiano
856 1043 969 1091 XXI,
1018 1026 1105 1079 10.
1137 1025 1291 1082 Unde
1314 1029 1384 1082 in
1424 1030 1651 1084 coneiliu
1682 1032 1868 1097 ‘Aqui-

294 1110 479 1165 Iciensi
521 1111 621 1164 sub
656 1109 884 1164 Damaso
925 1110 1187 1164 Amenius
1231 1120 1410 1177 caput,
1439 1111 1629 1179 inquit,
1660 1112 1869 1183 Illyrici

289 1211 390 1247 non
446 1196 550 1247 nisi
603 1195 788 1248 civitas
848 1203 924 1247 est
975 1194 1320 1257 Sirmiensia,
1376 1206 1505 1250 tom.
1543 1212 1600 1251 ιιι
1661 1196 1862 1253 Concil.

294 1275 503 1339 Labbei,
550 1294 601 1343 p.
635 1277 765 1331 591.
806 1276 922 1329 Non
954 1275 1242 1331 dissimilia
1287 1276 1435 1345 leges
1472 1276 1763 1332 Iustiniani
1814 1284 1863 1337 in

292 1357 509 1412 Novella
542 1359 628 1422 Il,
670 1359 825 1425 cujus
859 1368 1036 1413 tamen
1063 1358 1228 1413 verba
1251 1359 1298 1415 si
1336 1358 1407 1415 ita
1448 1362 1722 1428 acceperis
1755 1363 1864 1416 acsi

286 1439 757 1494 Thessalonicensi
777 1439 1032 1495 Ecclesia:
1051 1450 1173 1511 post
1193 1442 1373 1497 Attila:
1398 1451 1453 1496 et
1478 1441 1661 1497 Sirmii
1689 1444 1863 1498 eversi

289 1534 531 1589 tempora
580 1523 791 1577 demum
839 1538 903 1578 ea
949 1523 1187 1589 dignitas
1234 1525 1529 1580 accesserit
1576 1539 1680 1595 qua
1717 1526 1864 1580 omni

288 1604 499 1673 Illyrico
538 1608 848 1672 prmstabat,
899 1606 1103 1660 erroris
1137 1605 1530 1663 Tribonianum
1582 1608 1865 1664 absolvere

288 1701 393 1739 non
436 1689 637 1755 poteris
668 1708 679 1741 :
721 1690 905 1743 multis
936 1689 1079 1745 enim
1110 1698 1234 1744 ante
1274 1691 1454 1756 annis,
1495 1700 1553 1745 ut
1582 1707 1645 1746 ex
1683 1691 1861 1747 Theo-

283 1768 476 1823 doreto
525 1784 684 1837 supra
749 1772 1099 1835 monuimus,
1146 1771 1419 1844 Illyricum
1466 1775 1742 1831 Orientale
1787 1776 1863 1831 illi

287 1851 405 1905 urbi
441 1853 639 1925 paruit.
679 1852 811 1908 Vide
839 1853 898 1909 P.
935 1858 1001 1911 de
1039 1854 1219 1911 Marca
1261 1856 1491 1913 Dissert.
1525 1859 1588 1913 de
1628 1857 1871 1917 Primat..

283 1949 332 1985 ι’.
364 1934 455 2001 58,
488 1947 542 1993 et
570 1937 639 1993 de
684 1937 932 1995 Basianis
979 1940 1098 1996 sive
1147 1939 1423 1998 Bassianis
1466 1940 1653 1998 ltiner.
1698 1944 1765 1997 A.
1803 1959 1855 2013 p.

286 2016 406 2070 151.

357 2102 487 2156 Ibid.
536 2102 670 2157 Ὑπὸ
731 2106 1097 2162 ἀνθύπατον.
1132 2110 1378 2176 Aristidi,
1434 2120 1565 2167 tom.
1600 2127 1640 2175 I,
1668 2126 1721 2182 p.
1756 2110 1853 2165 6H

281 2186 466 2255 ἄρχων
494 2187 593 2257 τῆς
634 2189 841 2254 Ἄσίας,
888 2200 942 2245 et
989 2208 1042 2261 p.
1079 2193 1182 2247 572
1234 2209 1297 2249 ac
1341 2194 1446 2250 600
1494 2194 1716 2266 ἡγεμὼν
1760 2197 1859 2265 τῆς

283 2268 488 2332 Ἀσίας,
526 2270 722 2338 quibus
750 2283 912 2341 atque
964 2275 1086 2331 aliis
1135 2276 1190 2331 in
1239 2276 1371 2331 locis
1419 2292 1537 2332 cum
1573 2287 1857 2347 pra:torem

282 2360 375 2402 aut
425 2354 709 2418 prtesitletn
762 2357 1031 2425 interpres
1085 2359 1344 2424 verterit,
1392 2362 1613 2430 praebita
1665 2375 1860 2430 magno

282 2433 503 2489 Usscrio
540 2435 592 2489 in
627 2438 1031 2508 Smyrnemium
1060 2441 1231 2510 Epist.
1278 2457 1328 2509 p.
1367 2444 1457 2508 46,
1492 2446 1577 2500 ed.
1613 2445 1859 2500 Ruinarti

283 2528 339 2572 ut
369 2519 632 2575 scriberet
668 2523 882 2578 occasio
930 2534 1042 2590 est,
1099 2525 1266 2581 tetius
1302 2528 1593 2596 provincia:
1645 2529 1858 2597 proprie

281 2603 438 2659 dicta:
498 2604 638 2659 Asia:
697 2607 1076 2674 proconsulem
1136 2618 1263 2665 tunc
1317 2609 1483 2667 fuisse
1535 2613 1852 2681 prasidem;

278 2685 421 2752 quod
470 2693 648 2740 tamen
698 2708 729 2741 at
780 2704 906 2742 vero
950 2690 1136 2759 procul
1190 2693 1378 2749 abesse
1424 2695 1854 2765 cognitissimmn

277 2781 385 2825 est.
435 2772 564 2825 Erat
611 2774 951 2839 proconsulis
1009 2777 1294 2846 imperium
1343 2777 1695 2845 latissimum,
1744 2782 1856 2836 suis

279 2854 525 2909 terminis
562 2856 629 2911 ab
664 2860 849 2911 eodem
884 2859 1147 2925 Aristide,
1187 2870 1318 2916 tom.
1357 2862 1429 2929 II,
1480 2879 1533 2930 p.
1579 2864 1703 2928 SOI,
1747 2865 1855 2920 cir-

277 2940 664 3007 cumscriptum
710 2939 915 3009 :longe
960 2951 1137 2998 tamen
1184 2946 1509 3009 accuratius,
1546 2962 1852 3018 quanquam

276 3020 392 3090 ejus
437 3022 716 3091 scriptoris
751 3033 912 3078 actate
963 3034 1167 3079 tantum
1200 3044 1304 3081 non
1344 3038 1481 3093 erat,
1512 3032 1579 3083 ab
1611 3030 1855 3101 Eunapio

275 3103 330 3157 in
380 3101 637 3170 Maximo,
692 3120 744 3174 p.
790 3106 912 3164 Illi.
961 3109 1028 3163 ed
1073 3107 1305 3163 Plantiu.
1362 3112 1502 3164 Ἀλλ’
1546 3114 1626 3176 εἰς
1677 3115 1853 3186 ἀρχὴν

277 3187 577 3259 μετέστησε
615 3187 837 3258 μείζονα
868 3191 1090 3255 (Valens
1136 3192 1501 3262 Clearclmm),
1545 3196 1853 3253 ἀνθύπατον

273 3268 436 3323 αὑτὸν
468 3271 769 3341 ἐπιστήσας
802 3274 903 3344 τῆς
951 3274 1045 3329 νῦν
1089 3274 1232 3339 ἰδίως
1261 3277 1448 3342 Ἀσίας
1488 3280 1849 3352 καλουμένης.

273 3352 420 3436 Αὐτὴ
469 3355 523 3406 δὲ
555 3355 664 3408 ἀπὸ
699 3358 991 3428 Περγάμου
1027 3358 1085 3411 τὸ
1114 3358 1362 3427 ἁλιγενὲς
1391 3362 1662 3431 ἐπέχουσα
1713 3365 1851 3436 πρὸς

272 3434 371 3505 τὴν
396 3435 793 3508 ὑπερκειμένην
816 3441 1045 3514 ἤπειρον
1070 3443 1197 3514 ἄχρι
1227 3446 1437 3516 Καρίας
1458 3434 1845 3516 ἀποτέμνεται,

273 3521 368 3572 καὶ
418 3522 459 3572 'I‘
466 3521 644 3589 μῶλος
696 3523 863 3592 αὐτῆς
928 3533 1261 3599 περιγράφει
1313 3532 1375 3585 τὸ
1431 3533 1569 3603 πρὸς
1626 3533 1844 3587 Λυδίαν.

278 3603 433 3655 Ἐστι
564 3606 746 3675 ἀρχῶν
793 3607 1144 3681 ἐνδοξοτάτη,
1201 3613 1294 3666 καὶ
1348 3614 1409 3667 οὐ
1454 3618 1721 3687 κατήκοος
1751 3617 1846 3670 τοῦ

271 3685 371 3752 τῆς
402 3684 571 3753 αὐλῆς
605 3688 867 3757 ἐπάρχου.
924 3690 1042 3744 Jam
1092 3694 1136 3747 si
1184 3695 1496 3750 observaris
1550 3684 1675 3752 huic
1723 3716 1820 3767 pro

268 3768 476 3822 consuli
512 3768 839 3838 Hellesponti
887 3774 1225 3829 consularem
1279 3788 1332 3833 et
1382 3779 1681 3834 insularum
1713 3798 1845 3849 prte-

269 3853 440 3906 sidem
475 3853 617 3907 dicto
654 3853 821 3909 fuisse
866 3857 1193 3919 audientem,
1235 3862 1622 3929 amplissimam
1658 3866 1844 3935 utique

269 3944 592 4003 potestatrm
652 3936 729 3990 illi
797 3938 1091 4004 injnnttam
1149 3954 1430 4007 agnosces.
1488 3946 1642 4011 Quod
1710 3963 1842 4001 vero

267 4018 506 4087 pra-fecti
549 4021 784 4089 praetorii
833 4022 1060 4091 imperio
1109 4036 1415 4095 exemptum
1468 4029 1630 4085 fuisse
1678 4032 1841 4086 adfir-

268 4111 403 4163 mat,
433 4102 507 4165 id,
547 4117 873 4171 quamquam
906 4106 974 4159 ab
1005 4121 1070 4161 eo
1096 4108 1162 4161 ad
1205 4110 1518 4176 praefectum
1552 4114 1840 4182 appellatio

269 4180 321 4234 itt
365 4182 400 4238 Ι.
440 4183 505 4239 19
548 4184 666 4238 cod.
704 4186 771 4240 de
805 4186 1075 4256 Appellat.
1123 4191 1473 4258 permittitur,
1524 4180 1601 4248 exi
1627 4180 1836 4253 ‘l‘lotitia

270 4267 399 4334 imp.
440 4267 646 4322 Orient.
681 4284 730 4323 c.
765 4269 818 4335 I,
847 4287 1065 4340 quoque
1104 4290 1440 4343 cognoscas;
1474 4294 1650 4348 neque
1696 4282 1839 4336 enim

265 4346 393 4401 Asia
424 4351 717 4416 provinciis
745 4365 1139 4409 annumeratur
1170 4372 1288 4424 qua:
1337 4358 1439 4414 sub
1484 4346 1840 4431 dis—positione

267 4430 505 4500 praefecti
550 4436 804 4502 prmtorio
849 4452 945 4507 per
975 4439 1249 4495 Orientem
1287 4440 1527 4500 fuerunt.
1563 4446 1836 4501 Caeterum

266 4515 318 4599 iu
354 4513 575 4599 Ennapii
611 4518 809 4583 verbis,
841 4520 983 4589 quod
1013 4537 1115 4577 nec
1148 4522 1498 4593 interpretem
1534 4528 1687 4599 fugit,
1729 4546 1834 4585 nun

256 4598 323 4651 τὸ
352 4598 596 4667 ἁλιγενὲς
622 4601 717 4656 sed
744 4602 805 4655 τὸ
836 4603 1097 4668 ἁλιτενές,
1119 4615 1176 4659 ιιι
1208 4608 1348 4676 apud
1377 4598 1654 4678 Polybium
1676 4614 1835 4678 tv,’59

262 4683 330 4737 de
375 4698 470 4736 ora
520 4682 681 4738 Ponti
725 4686 831 4739 πᾶν
872 4686 916 4738 δ’
948 4687 1099 4739 ἐστὶν
1140 4689 1399 4753 ἁλιτενές,
1449 4691 1548 4760 legi
1598 4705 1831 4764 oportet.

263 4766 457 4820 Simile
486 4765 678 4819 vitium
707 4782 737 4821 e
762 4766 1031 4823 Strabone
1062 4769 1100 4823 Ι.
1129 4785 1249 4839 xnt,
1277 4787 1333 4842 p.
1359 4773 1483 4839 595,
1509 4774 1638 4830 eluit
1678 4776 1829 4832 Paul.

259 4847 568 4917 Leopartlus
596 4848 878 4904 Emendat.
909 4868 981 4915 tv,
1018 4854 1107 4909 15.

328 4930 460 4986 lbitl.
515 4932 730 4998 Πόλεις
768 4932 884 5003 μγ’.
931 4933 1070 4989 Olim
1117 4937 1427 5008 quingenta:
1481 4943 1641 4999 urbes
1688 4944 1830 5002 Asiae.

254 5015 599 5085 proconsulis
651 5016 1016 5083 jurisdictioni
1071 5032 1227 5075 erant
1285 5025 1635 5092 contribttta‘;
1686 5031 1828 5083 unde

251 5099 488 5167 Agrippa
529 5100 672 5170 apud
712 5099 1007 5171 Ioserdntm
1041 5104 1101 5158 Β.
1135 5103 1186 5160 l.
1237 5121 1297 5170 ιι,
1325 5108 1390 5160 16
1418 5106 1444 5177 §
1473 5108 1541 5161 ὧς
1576 5109 1641 5163 Τί
1686 5110 1742 5165 δὲ
1772 5114 1829 5166 αἱ

253 5182 608 5238 πεντακόσιαι
654 5184 753 5255 τῆς
784 5186 966 5249 Ἀσίας
1009 5188 1229 5254 πό).εις;
1261 5190 1382 5262 οὐχὶ
1425 5192 1547 5261 δίχα
1589 5197 1830 5264 φρουρᾶς

250 5265 349 5315 ἕνα.
380 5268 779 5335 προσκυνοῦσιν
818 5270 1059 5339 ἡγεμόνα
1100 5272 1193 5325 καὶ
1236 5273 1334 5337 τὰς
1381 5275 1652 5340 ὑπατικὰς
1696 5278 1830 5347 ῥάδι-

246 5348 416 5412 δους;
460 5358 686 5417 tumque
733 5352 783 5403 iu
828 5353 1008 5420 plures
1040 5356 1309 5427 descripta
1345 5369 1462 5413 erat
1504 5371 1826 5428 conventus,

249 5433 318 5485 de
355 5431 557 5497 quibus
598 5431 804 5486 Plinius
850 5449 901 5500 v,
947 5437 1037 5489 29.
1076 5438 1315 5494 Detnintti
1364 5441 1481 5509 ejus
1530 5446 1827 5515 amplitudo

248 5521 427 5578 coepta
460 5523 566 5574 est,
622 5524 907 5583 postquam
962 5521 1156 5573 vicinis
1208 5526 1499 5591 provinciis
1538 5530 1618 5581 sui
1667 5533 1827 5601 magi.

249 5605 457 5647 stratus
493 5607 622 5651 sunt
651 5598 913 5666 impositi,
958 5612 1012 5656 et
1056 5604 1276 5661 alterius
1302 5611 1531 5680 imperio
1572 5598 1818 5685 subjecti.

256 5678 388 5735 Vide
423 5680 702 5739 USSCI'IIIIII
731 5686 795 5740 de
824 5685 948 5742 Asia
981 5704 1228 5758 procons.
1265 5706 1317 5761 ιν.
1347 5678 1415 5748 δὲ).
1440 5704 1545 5752 ctc.

1103 251 1491 314 COMMENT.
1536 252 1614 311 ΙΝ
1653 248 2065 312 HIEROCLIS
2102 254 2643 323 SYNECDEMUM.

3398 271 3550 342 ll06

2056 364 2189 422 Ibid.
2248 372 2524 441 Ἔφεσος.
2583 376 2880 436 Provinciae
2946 390 3065 438 erat
3110 389 3453 458 metmpolis;
3496 408 3551 454 et

1983 464 2288 521 quanquam
2335 459 2462 511 olitn
2517 474 2636 513 eam
2680 463 2796 518 urbi
2830 465 3143 534 dignitatem
3175 470 3367 526 vicina:
3414 474 3552 528 invi-

1981 538 2206 602 debant,
2253 541 2321 594 ab
2353 543 2589 598 Antonio
2630 553 2807 601 tamen
2861 548 3185 617 imperatore
3237 561 3548 624 proconsuli

1981 624 2277 677 necessitas
2337 625 2583 694 imposita
2646 638 2729 683 est
2778 646 2873 699 per
2929 650 3079 689 mare
3135 638 3407 706 applicare
3456 644 3551 697 καὶ

1976 703 2084 756 τῶν
2147 710 2534 778 μητροπόλεων
2582 715 2820 782 Ἔφεσον
2873 718 2933 785 (ἰ.
3004 735 3053 773 c.
3108 703 3248 776 inter
3296 726 3550 780 matrices

1977 788 2190 840 urbium
2244 791 2539 861 Ephesum)
2580 800 2806 866 primatu
2852 803 3123 871 attingere
3182 817 3239 859 ιιι
3284 806 3549 876 Ulpiantts

1975 870 2014 923 l.
2052 886 2125 932 tv,
2163 871 2191 942 ξ
2226 873 2258 925 5
2286 874 2345 928 Β.
2379 879 2442 930 de
2473 880 2612 935 ollic.
2650 882 2904 940 Procons.
2940 870 3339 945 admone-LNec
3370 901 3549 945 tamen

1976 952 2246 1021 Ephesum
2319 959 2613 1027 imperator
2673 966 2915 1038 Smyrna:
2976 978 3072 1025 aut
3142 971 3403 1042 Pergamo
3458 975 3546 1028 ita

1973 1040 2263 1105 praeposuit
2293 1052 2353 1094 ut
2398 1059 2508 1112 pra:
2540 1045 2642 1100 illis
2675 1051 2880 1117 primas
2924 1054 3167 1110 auferret
3196 1075 3209 1112 :
3248 1040 3453 1113 tantum
3488 1069 3547 1113 ut

1971 1130 2001 1171 e
2038 1124 2427 1191 metropolibus
2470 1128 2763 1196 provincia:
2792 1135 3021 1199 primam
3056 1153 3175 1192 eam
3222 1142 3393 1194 adiret
3426 1142 3543 1195 rdi—

1974 1204 2072 1266 xit,
2123 1216 2183 1259 ut
2235 1209 2462 1275 pulchre
2507 1212 2902 1270 demonstravit
2950 1219 3146 1274 Ezeclt.
3182 1224 3544 1290 Spaultemius

1969 1285 2199 1375 giase‘rt.
2258 1306 2308 1375 tu
2368 1293 2434 1347 de
2496 1291 2630 1350 Usu.
2662 1310 2710 1351 et
2762 1296 2952 1353 ﬁrmat.
3008 1285 3271 1360 Numisnt.
3328 1323 3378 1375 p.
3417 1311 3543 1365 6M.

1971 1368 2233 1437 Sequiorc
2260 1373 2473 1428 demum
2497 1388 2654 1431 :etute
2689 1381 2909 1451 reliquis
2932 1394 3014 1438 est
3051 1368 3546 1453 ειιιιριίιιίι,ἰ“ειοιιιδ-

1971 1464 2080 1519 que
2133 1452 2252 1520 ejus
2284 1456 2568 1525 episcopus
2603 1462 2812 1517 Asianae
2845 1467 3141 1523 dioeceseus
3168 1452 3458 1540 exarchus,
3490 1485 3545 1528 et

1962 1538 2084 1601 jure
2117 1538 2332 1606 quidem
2392 1539 2794 1610 Patriarchico,
2842 1550 2981 1615 apud
3016 1550 3304 1620 Evagriuut
3348 1538 3541 1614 H.713.

1970 1632 2055 1704 ut,
2085 1620 2136 1674 6.
2170 1621 2321 1677 Adde
2350 1622 2635 1679 Usseriutn
2673 1630 2737 1681 de
2765 1629 2889 1683 Asia
2926 1630 3180 1689 Procons.
3222 1654 3273 1704 p.
3307 1637 3394 1692 49.

2036 1702 2172 1760 Ibid.
2213 1706 2402 1763 Ἑνέα.
2459 1709 2652 1765 Ἀναξα
2701 1728 2883 1769 verum
2935 1719 3134 1786 oppidi,
3185 1702 3327 1789 quod
3369 1721 3541 1780 Carize

1920 1858 1929 1863 _
1965 1785 2288 1845 Ptolemzeus
2328 1799 2383 1845 et
2432 1791 2761 1863 Stephanus,
2797 1785 3217 1872 St-ylaxILydizc—
3249 1804 3391 1859 circa
3426 1806 3539 1859 Ma-

1948 1872 2208 1947 gnesiam
2242 1875 2510 1942 attribuit,
2560 1892 2856 1946 cognomen
2897 1894 3032 1938 erat.
3069 1884 3281 1941 Snticus
3333 1890 3539 1952 πόλεως

1966 1954 2183 2019 Ἀναίας
2214 1957 2355 2013 inter
2384 1960 2522 2015 Asiae
2548 1964 2829 2032 cpiscopus
2856 1966 3277 2023 Chalcedonensi
3308 1975 3539 2027 concilio

1965 2054 2019 2107 ι).
2069 2040 2174 2094 675
2213 2043 2544 2111 Subscribit,
2587 2048 2819 2102 concilio
2857 2066 2986 2104 vero
3036 2051 3322 2121 Cpolitann
3379 2060 3539 2112 tertio

1964 2139 2017 2193 p.
2064 2123 2168 2179 666
2224 2123 2464 2184 Ioannes
2509 2129 2806 2197 ἐπίσκοπος
2851 2132 3050 2188 ’Λνέων
3108 2138 3209 2206 τῆς
3274 2142 3536 2196 ’Λσιανῶν

1962 2206 2253 2277 ἐπαρχίας,
2290 2209 2381 2278 qui
2421 2226 2473 2279 p.
2509 2212 2614 2267 500
2639 2217 2738 2280 τῆς
2767 2216 3038 2271 Ἀνεατῶν
3084 2221 3291 2285 πόλεως
3317 2223 3533 2281 dicitur.

1961 2288 2136 2345 Prave
2162 2307 2291 2361 ergo
2323 2293 2374 2346 in
2411 2295 2644 2352 concilio
2677 2297 2873 2366 Ephes.
2913 2318 2964 2371 p.
2992 2302 3098 2357 I65
3129 2303 3399 2362 Modestus
3430 2309 3537 2364 fer-

1962 2382 2051 2461 tur
2078 2374 2177 2461 τῇς
2226 2375 2426 2461 Ἀνέων
2456 2377 2665 2442 πόλεως
2706 2381 2803 2449 τῆς
2839 2384 3079 2455 Φρυγίας
3122 2398 3174 2440 et
3208 2404 3260 2456 p.
3304 2391 3408 2445 527
3436 2397 3533 2461 τῆς

1961 2454 2188 2509 Νεατῶν
2240 2457 2448 2521 πόλεως
2498 2461 2716 2529 praesul.
2762 2454 2920 2534 Apud
2958 2454 3291 2538 Stephanum
3338 2454 3534 2539 gentili.

1959 2554 2155 2593 nomen
2191 2550 2274 2596 est
2302 2541 2513 2606 ’Δναῖος
2537 2553 2590 2597 et
2622 2544 2893 2619 ’Λναῒτης,
2928 2552 2993 2604 ad
3019 2568 3181 2623 quau:
3216 2556 3443 2625 'ormam
3468 2573 3536 2612 ea

1958 2638 2077 2691 qum
2108 2625 2334 2693 produxi
2372 2625 2532 2681 facile
2557 2631 2921 2700 corrigentur.
3230 2634 3263 2670 ν’

2027 2719 2164 2805 Ibid.
2212 2724 2535 2805 Μαγνησία
2576 2726 2907 2796 Μεάνὸρου.
2950 2730 3195 2788 Nummis
3242 2736 3534 2805 Βῖαγνησία

1958 2804 2174 2890 ὴ-ττρδςγ
2204 2804 2281 2875 τῷ
2321 2807 2642 2880 Μαιάνδρῳ.
2688 2813 2921 2869 concilio
2967 2816 3248 2884 Cpolitano
3290 2804 3449 2874 tertio
3478 2837 3530 2890 ρ.

1959 2887 2064 2941 666
2122 2889 2431 2958 Μαγνήτων
2501 2894 2534 2961 ἡ
2597 2895 3274 2970 Πρωτομαιανδρούπολις.
3335 2887 3534 2959 Aberat

1958 2971 2098 3056 haud
2151 2974 2378 3029 multum
2400 2976 2659 3056 __preso.
2718 2980 2849 3034 Vide
2897 2982 3093 3038 Ezeelt.
3140 2986 3530 3056 Spanbemitnn

1960 3052 2183 3107 Disserl.
2213 3071 2265 3110 ιχ
2299 3056 2364 3110 de
2394 3054 2525 3112 Usu.
2559 3069 2605 3111 et
2639 3059 2828 3116 Pra'st.
2860 3062 3129 3121 Numism.
3249 3070 3373 3124 656.

2027 3150 2163 3205 Ibid.
2209 3152 2512 3221 Τράλλεις.
2544 3154 2728 3226 Neque
2757 3157 2870 3213 lucc
2895 3157 3051 3229 longe
3082 3161 3296 3232 Epheso
3325 3177 3531 3223 remota

1956 3233 2075 3289 fuit.
2105 3232 2333 3290 Oracula
2381 3253 2501 3308 qua:
2546 3239 2763 3311 Sibylla:
2793 3251 3012 3312 accepta
3058 3244 3322 3309 feruntur,
3354 3249 3393 3303 I.
3430 3267 3524 3306 tn:

1953 3318 2188 3388 Τράλλις
2234 3320 2302 3374 δι’
2349 3323 2381 3392 ἡ
2438 3323 2637 3391 γείτων
2694 3325 2923 3394 Ἐφέσου
2979 3330 3189 3400 σεισμῷ
3234 3334 3530 3390 καταλύσει

1951 3403 2158 3475 τείχεα.
2193 3403 2427 3461 Dubium
2467 3418 2646 3463 autem
2697 3418 2800 3477 est,
2852 3410 3083 3468 fueritne
3125 3413 3396 3472 lllmandro
3437 3420 3531 3474 ad-

1952 3498 2179 3543 structa.
2232 3487 2539 3559 Stephanus
2597 3489 2826 3547 affirmat
2864 3511 2879 3549 :
2922 3496 3234 3563 negantium
3286 3502 3532 3569 partibus

1953 3572 2150 3627 Strabo
2172 3574 2382 3627 accedit
2408 3575 2446 3630 l.
2476 3590 2590 3641 xlv,
2620 3591 2671 3644 p.
2700 3576 2837 3643 658;
2870 3580 2955 3634 cui
2989 3578 3147 3636 Wltel
3169 3599 3275 3637 -rus
3307 3601 3528 3640 numum

1949 3655 2395 3708 ΤΡΑΛΛΙΑΝΩΝ
2429 3659 2644 3712 nomine
2671 3659 2987 3728 inscriptum
3013 3672 3067 3718 et
3093 3667 3270 3721 amnis
3302 3667 3526 3737 figuram

1950 3737 2323 3800 praeferentem
2367 3737 2554 3791 Itiuer.
2589 3755 2643 3806 p.
2691 3740 2797 3793 288
2828 3743 3066 3810 opponit.
3105 3745 3216 3800 Nec
3254 3747 3299 3801 is
3348 3757 3525 3805 tamen

1952 3816 2114 3872 fluvio
2165 3820 2483 3873 acetthuisse
2517 3821 2788 3876 Mananter
2836 3826 3179 3892 probaverit,
3222 3838 3333 3882 tum
3382 3834 3525 3900 quod

1950 3902 2099 3955 ttutui
2130 3901 2356 3957 subinde
2381 3901 2621 3967 fluvium,
2648 3906 2739 3973 qui
2766 3908 2915 3961 urbis
2941 3924 3129 3979 agrum
3159 3912 3319 3976 radit,
3344 3926 3528 3970 osrctz-

1952 3995 2084 4046 tent,
2142 3996 2199 4038 ut
2247 3984 2606 4042 NiCiBCttSium
2654 4004 2814 4047 amne
2867 3991 3053 4063 Sagarl
3102 3994 3360 4065 insignes,
3412 4009 3524 4055 tum

1950 4070 2186 4122 maxime
2216 4070 2359 4138 quod
2393 4072 2539 4125 numi
2580 4072 2697 4141 ejus
2723 4073 2919 4131 ﬂumen
2954 4079 3124 4146 possit
3157 4095 3277 4135 esse
3312 4082 3524 4138 Eudon.

1948 4165 2109 4218 quem
2145 4152 2288 4205 circa
2320 4153 2716 4210 'I'rallianorum
2750 4159 2936 4214 urbem
2971 4160 3264 4219 deﬂuxisse
3297 4164 3521 4235 Etytuo-

1946 4233 2099 4302 logus
2134 4248 2254 4288 cuttt
2286 4235 2461 4292 Plinio
2492 4237 2671 4295 docet.

2014 4330 2150 4386 Ibitl.
2182 4334 2421 4388 Νύσσα.
2467 4334 2622 4389 Νύσα
2672 4337 2923 4392 Straboni
2974 4348 3134 4409 atque
3185 4343 3326 4398 aliis.
3367 4346 3515 4403 Actis

1942 4415 2153 4470 concilii
2185 4416 2458 4484 Epltesini,
2489 4434 2543 4488 p.
2580 4418 2680 4473 527
2714 4421 3007 4478 subscribit
3039 4424 3351 4483 Theodotus
3396 4432 3479 4498 cpi
3500 4461 3513 4471 -

1942 4514 2139 4566 scopus
2177 4500 2424 4569 Μνάσης,
2472 4502 2562 4571 qtti
2612 4502 2800 4571 Νύσης
2849 4502 2967 4559 fuit.
3017 4508 3311 4564 Νυσσαέων
3361 4512 3516 4577 πόλις

1938 4582 2175 4637 concilio
2202 4583 2613 4655 Coustantinnp.
2642 4587 2825 4653 tertio,
2856 4603 2907 4655 p.
2939 4588 3062 4645 667.

2011 4679 2149 4734 Ibid.
2180 4682 2508 4748 Πρίοιολνια.
2560 4683 2792 4754 Βρίουλα
2840 4697 3194 4756 oportuerat,
3254 4699 3314 4744 ut
3370 4693 3511 4760 apud

1940 4762 2261 4817 Strabonem
2290 4766 2357 4817 Η
2388 4780 2440 4833 p.
2470 4767 2573 4819 650
2600 4778 2651 4821 ct
2684 4769 2736 4820 in
2767 4771 2978 4840 egregio
3014 4770 3266 4828 Thesaur.
3298 4773 3507 4829 Brilau.

1941 4854 2072 4900 tom.
2112 4845 2177 4910 ll,
2221 4861 2273 4915 p.
2324 4847 2426 4901 102
2460 4849 2916 4904 ΒΙῚΟΥΛΕΙΤΩΝ
2972 4869 3151 4907 numo.
3186 4855 3328 4911 Idem
3362 4860 3511 4911 aliir-

1938 4930 2169 4984 maverit
2204 4929 2433 4985 Rufinus
2460 4933 2746 5003 episcopus
2770 4935 2978 4999 πόλεως
3000 4938 3272 5010 Βριοωων
3299 4940 3505 4995 Nicarn.

1933 5012 2133 5067 concil.
2168 5028 2278 5068 sec.
2312 5014 2435 5069 549.
2459 5013 2680 5083 Corrige
2702 5033 2851 5087 ergo,
2893 5035 3049 5087 quem
3077 5021 3128 5074 in
3160 5022 3304 5076 Actis
3338 5020 3510 5093 Ephe-

1932 5097 2035 5151 εἰη.
2082 5113 2135 5165 p.
2172 5096 2277 5151 528
2321 5098 2594 5166 reperies,
2636 5100 2995 5171 Βαριουλιτῶν
3038 5107 3339 5173 ριωειιιειιι.
3374 5108 3507 5173 Qua:

1934 5180 2185 5249 sequitur
2216 5178 2512 5244 Mastaura,
2554 5198 2581 5236 a
2618 5182 2885 5239 Strabone
2921 5186 3197 5257 Stephano
3228 5199 3282 5243 et
3319 5193 3505 5247 conci-

1933 5262 2130 5317 liorum
2164 5262 2309 5316 Actis
2338 5277 2478 5332 sepe
2504 5277 2854 5322 memoratur.
3092 5268 3099 5277 "

1999 5359 2135 5414 Ibid.
2191 5360 2483 5415 Ἀνὶνετα.
2534 5363 2809 5434 ’Λνίνητον
2867 5366 3077 5421 videtur
3129 5378 3387 5436 praestare
3439 5374 3507 5427 ob

1931 5442 2279 5498 Theodorum
2315 5445 2624 5515 episcopum
2655 5446 2937 5519 ’Λνινήτου
2974 5453 3023 5503 in
3058 5451 3329 5520 Ephesiuo
3358 5471 3409 5509 c.
3450 5473 3501 5527 p.

1928 5528 2053 5594 466,
2074 5528 2201 5582 licet
2232 5544 2393 5597 prave
2426 5546 2477 5599 p.
2511 5531 2613 5583 528
2636 5531 2999 5602 ’Λνηνυσσίων
3027 5546 3247 5591 vocetur
3272 5542 3463 5607 prmsul
3487 5558 3502 5597 :

1929 5613 2134 5667 Mutuus
2168 5613 2309 5666 enim
2346 5614 2623 5685 ’Λνινήτου
2657 5614 3095 5674 Chalcedonensis
3129 5638 3274 5675 conc.
3320 5638 3370 5689 p.
3400 5623 3506 5678 52?.

1931 5698 2057 5753 illud
2097 5713 2191 5752 sua
2236 5699 2630 5770 Subscriptioue
2666 5706 2861 5771 lirtuat,
2907 5706 3258 5775 quantumvis
3291 5723 3341 5777 p.
3376 5708 3500 5774 6‘34,
