3980 6210
509 253 650 320 1107

503 363 802 431 ἐπίᾶκοπος
839 367 1045 431 πόλεως
1074 367 1357 438 Ἀνηρίστου
1398 367 1503 423 dici
1535 369 1805 424 videatur.
1853 369 1926 423 De
1966 370 2072 424 situ

507 454 636 507 nihil
676 451 921 506 finivero.

578 535 698 590 Col.
722 536 841 590 MS.
880 536 1126 601 Ὗπητα.
1146 535 1424 599 ’Υπαιπα,
1445 536 1586 591 unde
1603 534 1852 589 Julianus
1873 534 2076 602 cpisco-

496 633 599 688 pus
630 618 834 678 πόλεως
850 616 1134 670 ’Υπαίπων
1164 617 1216 671 in
1239 616 1555 672 Chalcedon.
1584 619 1790 687 synodo
1822 633 1873 685 p.
1901 616 2004 670 665
2024 626 2077 671 et

498 700 767 753 Antonius
810 699 1163 769 ’Υπαιπηνῶν
1214 700 1419 763 πόλεως
1457 715 1612 754 conc.
1656 698 2071 767 Cunstantinop.

499 792 622 835 teri.
667 796 718 845 ιι.
760 783 899 848 500;
935 784 1075 852 quod
1130 784 1398 851 posterius
1449 797 1589 848 smne
1622 782 1676 835 in
1718 782 1895 836 numis
1929 783 2071 851 apttd

498 865 831 919 llardninum
893 866 1234 920 Vaillautium
1282 876 1336 920 et
1386 864 1667 935 IIayntium
1717 867 2068 934 conSpicitur.

495 949 760 1017 ttppidum
821 947 1010 1003 Tmolo
1066 949 1389 1004 accubabat.
1439 947 1665 1004 Ovidius
1716 948 2065 1014 Metamorph.

494 1046 572 1094 XI,
626 1030 765 1086 15ος
798 1046 919 1084 nam
968 1030 1107 1084 {rcta
1155 1030 1492 1099 prospiciens
1538 1030 1643 1084 late
1690 1032 1828 1100 riget
1867 1033 2069 1087 arduus

492 1112 602 1165 alto
631 1112 852 1167 Tmolus
875 1114 929 1167 in
963 1114 1263 1177 adscensu;
1289 1112 1538 1181 clivoque
1560 1122 1813 1169 extentus
1841 1122 2068 1183 utroque

494 1192 756 1249 Sardibus
789 1196 932 1259 hinc.
961 1196 1108 1249 illinc
1147 1195 1329 1263 parvis
1365 1196 1549 1249 ﬁnitur
1582 1194 1851 1266 Hypaepis.

565 1277 696 1331 lbid.
738 1277 1169 1344 Ἀδριούπολις.
1200 1278 1398 1333 Verum
1451 1292 1576 1334 esse
1617 1277 2064 1348 ’Δρκαδιοὺπολις

491 1361 580 1414 Alc
592 1362 792 1414 xander
811 1361 1308 1430 ’Δρκαδιουπόλεως
1321 1362 1421 1432 τῆς
1439 1361 1623 1425 Ἀσίας
1645 1364 1843 1418 concil.
1864 1363 2060 1434 Ephes.

492 1458 545 1509 p.
580 1442 686 1497 465
722 1454 774 1498 et
808 1443 911 1497 5%
932 1444 1252 1512 testabitur,
1298 1444 1387 1512 qui
1436 1445 1481 1500 si
1517 1460 1739 1510 nomen,
1774 1460 1883 1515 quo
1931 1448 2063 1503 urbs

492 1536 650 1581 antea
680 1526 853 1581 fuerat
877 1543 999 1593 usa,
1026 1527 1381 1596 apposuisset,
1409 1530 1526 1598 ejus
1548 1529 1728 1584 sedem
1758 1544 1919 1600 quam
1950 1530 2061 1584 I'ru-

488 1618 598 1662 srra
632 1609 981 1676 vestigatuns,
1016 1611 1204 1666 eadem
1242 1626 1405 1680 Opera
1443 1610 1760 1667 indicasset.

558 1692 692 1745 Ibid.
734 1694 866 1757 Διὸς
895 1692 1060 1760 ἱεροῦ
1088 1692 1197 1748 imo
1243 1693 1406 1764 ἱερὸν,
1461 1693 1623 1749 lenite
1664 1695 1936 1749 Lebedum
1975 1695 2060 1749 in-

486 1784 571 1827 ter
617 1784 671 1830 et
726 1776 1090 1843 Colophonem
1151 1779 1295 1846 apud
1371 1777 1708 1847 Stephanum
1763 1780 2058 1849 oppidum:

486 1873 679 1911 numos
725 1859 1167 1914 AIOCIEPITQN
1219 1861 1380 1916 habet
1446 1860 1789 1925 Harduiuus,
1846 1863 1933 1931 qui
1990 1876 2055 1917 ex

486 1941 720 1997 concilio
744 1944 1160 2015 Constantinop.
1193 1949 1351 2002 tertio
1381 1964 1436 2018 p.
1457 1949 1561 2003 500
1584 1950 1669 2001 θοι.
1698 1950 1895 2004 Labhei
1923 1950 2057 2018 Xpt-

490 2025 774 2079 στούπο).ιν
805 2027 1060 2098 deinecps
1090 2030 1255 2085 fuisse
1286 2045 1391 2086 non
1420 2031 1702 2100 przeteriit.

559 2108 695 2161 Ibid.
737 2109 949 2171 Εὕαζὶι.
970 2110 1257 2166 Liberatus
1276 2112 1546 2168 Diaconus
1572 2112 1812 2168 Breviar.
1832 2128 1884 2168 c.
1910 2129 2007 2169 xm
2036 2132 2062 2170 ιη

487 2188 646 2243 Nono
677 2206 880 2258 quoque
924 2191 1222 2248 Secrelario
1256 2205 1379 2248 acta
1404 2204 1480 2248 est
1514 2195 1673 2261 actio,
1715 2196 1805 2250 ubi
1838 2195 2054 2249 Bassia-

484 2285 605 2334 nus,
649 2274 738 2342 qui
786 2275 856 2326 ad
888 2276 1153 2329 civitatem
1187 2275 1535 2330 Evazcnsium
1581 2279 1852 2345 episcopus
1905 2280 2050 2333 ordi-

480 2362 639 2407 natus
683 2364 783 2416 est,
834 2365 883 2409 et
920 2357 1170 2413 Ecclesia:
1201 2359 1511 2413 incubuerat
1540 2358 1840 2427 Ephesium.
1879 2363 2049 2427 Quam

480 2436 753 2491 civitatem
791 2453 888 2492 cur
925 2441 976 2494 in
1014 2440 1297 2496 Labbeana
1329 2441 1568 2498 editione
1604 2444 1842 2500 asterico
1894 2455 2052 2499 nota-

478 2519 610 2586 rint,
638 2535 856 2577 eausam
891 2540 999 2578 non
1026 2525 1185 2580 video
1210 2540 1226 2579 :
1254 2525 1392 2581 bene
1419 2526 1566 2581 enim
1605 2527 1788 2582 omnia
1823 2528 2045 2583 habent.

478 2602 676 2658 Fuerat
701 2604 994 2662 Bassianus
1015 2607 1219 2663 invitus
1236 2606 1460 2671 Εὐάζων
1483 2608 1690 2663 civitati
1715 2624 1745 2663 a
1764 2607 2049 2666 Memnone

477 2684 711 2754 Ephesio
745 2689 1031 2758 episcopus
1069 2689 1360 2758 impositus
1420 2706 1435 2745 :
1492 2689 1777 2745 Memnone
1826 2700 1880 2745 et
1927 2692 2046 2762 ejus

475 2782 792 2822 successore
817 2770 1014 2823 Basilio
1044 2770 1156 2824 fato
1175 2770 1374 2824 functis
1397 2770 1536 2825 idem
1555 2771 1771 2840 Epheso
1797 2782 1880 2828 est
1910 2790 2044 2843 pra:-

476 2850 723 2917 nositus;
749 2865 870 2921 quae
897 2852 1077 2907 omnia
1107 2852 1282 2909 fusius
1308 2855 1521 2910 concilii
1544 2853 1876 2912 Chalceden.
1910 2859 2040 2913 Acta

472 2940 608 2987 tom.
644 2931 714 2987 IX
756 2950 807 3004 p.
838 2935 887 2990 7.
916 2933 978 2989 [ι.
1008 2935 1341 2992 Iloisteiuius
1401 2938 1451 2992 in
1513 2938 1638 2993 Car.
1684 2955 1711 2992 a
1774 2938 1833 2994 S.
1874 2940 2041 2998 Paulo

475 3016 669 3087 Gcoyr.
704 3018 763 3073 S.
814 3018 920 3074 huc
971 3020 1140 3074 refert
1172 3019 1360 3075 Basilii
1390 3022 1547 3090 epist.
1580 3021 1680 3078 25!
1722 3038 1845 3078 nev.
1879 3027 2037 3092 edit.,

473 3102 586 3164 τοῖς
611 3103 938 3173 Εὑαισηνοῖς
958 3105 1292 3174 inscriptam.
1318 3115 1615 3177 auctorque
1638 3117 1723 3163 est
1750 3117 1807 3162 ut
1828 3109 2041 3180 Εὐαζη-

472 3187 584 3248 νοῖς
618 3186 848 3257 legatur.
882 3185 1034 3252 Mihi,
1067 3203 1201 3259 pace
1232 3188 1349 3258 ejus
1380 3190 1629 3255 dixerim,
1663 3192 1763 3246 alia
1800 3203 1882 3248 est
1912 3208 2038 3249 sen-

472 3268 666 3322 tentia.
708 3268 763 3322 lu
798 3267 982 3324 Basilii
1014 3271 1175 3339 epist.
1216 3270 1320 3326 278
1349 3270 1558 3342 Εὗησος
1587 3272 1798 3331 Euesus
1825 3277 2037 3347 Cappa-

469 3351 638 3406 dociae
665 3353 945 3408 montibus
987 3355 1254 3424 proxima,
1288 3364 1345 3409 ut
1390 3369 1452 3409 ex
1494 3356 1637 3411 serie
1678 3360 1919 3427 epistolae
1947 3376 2038 3416 co-

468 3449 736 3501 gnoscas,
772 3436 1078 3501 invenitur;
1139 3437 1301 3506 hujus
1369 3438 1562 3495 incolis
1636 3442 1857 3497 missam
1915 3458 2033 3500 eam

466 3516 752 3583 epistolam
777 3518 1033 3585 arbitror,
1066 3528 1461 3592 proptereaque
1485 3524 1806 3596 Εὐησηνοῖς,
1847 3529 2037 3597 praeci-

470 3612 577 3663 pue
603 3600 744 3667 quod
775 3601 1075 3667 posteriore
1112 3602 1163 3656 iu
1199 3603 1423 3668 epistola
1456 3620 1616 3661 manu
1647 3610 1857 3663 exarati
1882 3611 2035 3666 codi-

466 3696 583 3745 ces,
614 3696 717 3736 non
743 3683 868 3738 item
895 3688 1095 3756 priore,
1142 3686 1195 3741 in
1230 3688 1472 3745 vocabuli
1502 3690 1773 3762 scriptura
1806 3708 2034 3752 censen-

470 3766 571 3820 tire
600 3764 900 3832 videantur,
944 3780 1203 3838 prazopto.

538 3848 675 3903 Ibid.
726 3851 989 3921 Κολοσή.
1038 3851 1195 3908 Manu
1238 3855 1447 3910 exarati
1500 3856 1717 3915 codices
1766 3861 2032 3929 Κολοασὶς

463 3931 760 4001 praeferunt
794 3950 808 3988 :
841 3950 942 4004 ego
990 3945 1243 3991 neutrum
1287 3937 1608 4007 probavero,
1661 3946 1873 3999 tametsi
1924 3961 2031 4015 quo

463 4031 596 4072 vero
619 4021 840 4073 nomine
870 4017 1033 4074 fuerit
1063 4034 1163 4089 pro
1188 4033 1470 4091 comperto
1502 4024 1740 4079 nondum
1776 4025 2028 4084 habeam.

461 4095 521 4152 In
562 4098 704 4153 binis
729 4096 846 4155 Jac.
874 4099 1021 4155 Goar
1052 4100 1273 4157 Notitiis
1303 4101 1443 4157 inter
1486 4104 1630 4160 Asiae
1663 4108 1919 4174 praesules
1947 4120 2031 4165 est

460 4182 491 4234 ὁ
532 4180 771 4251 Καλόης,
806 4184 1208 4252 subscribitque
1251 4182 1470 4241 Niszeno
1516 4188 1757 4244 secundo
1795 4193 2028 4250 concilio

457 4278 513 4334 p.
528 4263 750 4348 50.550
768 4276 931 4334 atque
949 4265 1074 4321 alibi
1099 4266 1463 4337 'I‘heOphanes
1484 4269 1787 4337 ἐπίσκοπος
1810 4275 2027 4348 Καλόης

455 4354 510 4431 ct
536 4362 590 4415 ιι.
621 4346 724 4403 155
768 4348 1026 4405 mendose
1056 4348 1309 4420 Κάλπης.
1358 4350 1578 4408 Diceres
1631 4354 1814 4425 itaque
1838 4346 2023 4431 Καλόη

448 4428 657 4500 justum
694 4446 814 4487 esse
849 4432 1000 4488 urbis
1031 4433 1265 4498 titttlutu,
1320 4435 1421 4491 nisi
1465 4436 1769 4505 Aphobius,
1813 4441 1903 4508 qui
1933 4428 2023 4511 sy;

457 4514 600 4567 nodo
635 4512 923 4582 Ephesium
970 4514 1162 4583 adfuit,
1198 4517 1517 4583 contrairet,
1565 4530 1619 4574 et
1666 4535 1726 4575 se
1772 4523 2023 4589 Κολῶνος

455 4610 509 4663 ιι.
536 4595 643 4649 465
686 4597 799 4650 sive
825 4595 1086 4665 Κολώνης
1129 4614 1179 4666 p.
1214 4598 1317 4652 5‘28
1347 4610 1460 4663 aut,
1512 4602 1653 4670 quod
1691 4619 1825 4659 mss.
1865 4607 2019 4674 dant,

450 4678 663 4747 Κολόης
713 4679 1030 4748 episcopum
1077 4680 1248 4735 fuisse
1307 4691 1630 4751 testaretur;
1679 4687 1765 4742 cui
1831 4689 2021 4747 ultimo

454 4770 649 4816 caztera
680 4772 1085 4832 postponerem,
1120 4763 1302 4831 illique
1333 4781 1529 4821 nomen
1565 4771 1777 4828 venisse
1810 4772 2021 4831 aColoe

456 4845 572 4900 lacu
598 4847 739 4900 haud
762 4845 987 4902 multum
1010 4863 1038 4901 a
1060 4848 1319 4904 Sardibus
1341 4851 1479 4916 apud
1506 4849 1831 4911 Strabonem
1857 4858 1894 4912 Ι.
1916 4875 2016 4914 xm

451 4935 506 4991 ι).
559 4929 684 4995 696,
726 4929 770 4983 si
820 4931 1107 4985 aberrandi
1158 4941 1333 4987 metus
1363 4933 1600 4997 abesset,
1655 4948 2014 5000 autumarem.

445 5013 709 5079 Quamvis
749 5026 928 5068 autem
978 5014 1045 5067 de
1090 5015 1240 5068 urbis
1281 5017 1497 5071 nomine
1546 5018 1803 5090 pleraque
1854 5026 2014 5083 dubia

450 5096 581 5160 sint,
610 5111 717 5150 non
748 5097 949 5167 poterit
981 5094 1109 5151 Car.
1144 5113 1175 5152 a
1217 5098 1277 5153 S.
1332 5099 1498 5157 Paulo
1535 5105 1915 5176 negligentiam
1959 5111 2011 5165 in

450 5196 513 5235 ea
548 5181 924 5246 praetereunda
953 5196 1236 5236 excusare.

526 5262 662 5319 Ibid.
717 5263 963 5331 Ὰλγίζα.
994 5263 1106 5319 lloc
1143 5265 1273 5319 Acta
1301 5269 1513 5323 concilii
1552 5269 1748 5326 Nirteni
1791 5279 2011 5331 secundi

448 5361 501 5414 ιι.
538 5347 642 5401 155
681 5358 843 5415 atque
885 5348 1035 5413 alibi,
1070 5349 1265 5417 quibus
1300 5351 1409 5405 Leo
1441 5354 1737 5418 ἐπίσκοπος
1754 5355 2015 5425 ’Λλγίζων

450 5446 643 5484 nomen
689 5431 1000 5498 adst-ripsit,
1037 5432 1348 5488 iirmabunt.
1383 5433 1437 5487 lu
1474 5436 1801 5493 ChalcedOu.
1841 5457 1893 5508 p.
1942 5446 2011 5500 96

441 5512 668 5566 habebis
717 5512 966 5568 I’roclum
998 5515 1258 5584 Ἀργίζης
1289 5527 1343 5569 et
1382 5535 1431 5587 p.
1463 5518 1567 5573 398
1613 5523 1900 5591 Ἀργίζων.
1940 5527 2012 5582 De

439 5591 557 5657 ejus
590 5604 642 5646 et
679 5594 969 5662 Nicopolis,
1005 5614 1166 5666 quam
1209 5600 1406 5655 frustra
1459 5617 1665 5672 qua'ro,
1701 5608 1827 5674 situ,
1873 5607 2003 5667 Sce-

439 5674 613 5742 pticos
641 5677 897 5747 imitatus,
931 5682 1062 5736 nihil
1087 5683 1334 5739 ﬁuivero.

1523 257 1904 318 ADDENDA.
1935 281 2006 293 --
2044 259 2111 320 Ρ.
2149 257 2665 320 WESSELINGII

3619 259 3758 329 1108

2265 370 2397 425 Ibid.
2428 370 2657 425 Παλαιὰ
2676 372 2873 437 πόλις.
2905 358 3165 428 Eamdem
3195 387 3317 429 esse
3353 373 3543 430 volunt
3563 391 3631 430 ac
3654 379 3755 431 Ila-

2182 454 2338 509 λαιὰν
2360 453 2746 518 κατοικίαν,’‹1‹ι
2761 470 2868 524 qua
2889 456 2986 509 150
2999 458 3192 512 sudiis
3207 458 3276 512 ab
3293 460 3526 513 Anderis
3550 473 3758 515 remota

2180 536 2379 591 Strabo
2408 538 2443 590 l.
2480 553 2579 591 χιιι
2600 553 2651 607 ιι.
2679 538 2806 603 614,
2840 540 2999 593 dubia
3028 552 3210 596 tamen
3237 541 3555 611 conjectura
3584 562 3601 597 :
3628 561 3752 600 nam

2178 619 2433 673 Παλαιῶν
2465 620 2663 689 pratsul
2702 619 2756 673 in
2804 620 3025 676 Nicmno
3074 622 3317 677 secundo
3366 639 3419 691 ιι.
3482 624 3544 680 51
3619 626 3755 681 inter

2177 699 2579 771 Ilellespontios
2613 703 2910 759 subscribit
2952 715 3006 759 et
3033 722 3063 759 a
3095 705 3518 774 Palmupolitano
3555 709 3754 765 distin-

2175 785 2379 853 guitur.
2428 784 2557 853 Ejus
2602 786 2842 855 episcopi
2889 787 2944 841 in
2974 788 3327 843 conciliorum
3386 791 3542 846 Actis
3610 808 3749 862 sepe

2173 867 2315 921 obvii
2340 877 2488 923 sunt.
2515 869 2640 923 Vide
2657 866 2933 924 Nicaenum
2957 872 3255 927 secundum
3281 889 3335 944 p.
3363 873 3468 929 155
3489 884 3546 929 et
3577 875 3751 946 Ephe-

2173 951 2351 1005 sinum
2380 967 2434 1021 p.
2466 952 2593 1007 457.

2243 1034 2379 1091 Ibid.
2398 1037 2681 1104 Βαρέττα.
2706 1036 3031 1094 (Σειιιειιιῑιίιῑι
3052 1039 3223 1095 hocce
3245 1040 3427 1111 oppidi
3445 1057 3747 1111 cognomen

2168 1118 2407 1175 Joannes
2467 1121 2757 1190 Βαρεττῶν
2807 1123 3095 1190 episcopus
3155 1123 3208 1177 iu
3277 1124 3433 1178 Actis
3484 1124 3743 1182 Chalced.

2168 1217 2222 1272 ιι.
2258 1202 2383 1256 675.
2418 1203 2672 1271 Βαρέτων
2703 1205 2898 1272 praesul
2928 1217 3012 1259 est
3045 1205 3097 1258 iu
3131 1204 3550 1277 CousmutinOp.
3583 1210 3742 1263 tertio

2168 1300 2222 1354 p.
2250 1285 2353 1339 667
2393 1296 2447 1340 et
2480 1285 2704 1343 Nicmno
2734 1288 2975 1343 secundo
3009 1303 3064 1355 p.
3096 1288 3223 1343 155.

2237 1375 2370 1431 Ibid.
2400 1378 2633 1433 Αὐλίον
2664 1379 2857 1447 Κὼμη.
2883 1378 3122 1435 Thomas
3148 1380 3360 1445 πόλεως
3386 1382 3578 1437 Αὖλὶου
3613 1385 3737 1440 Κώ-

2167 1476 2276 1529 μης
2302 1470 2387 1515 est
2417 1461 2470 1513 in
2505 1460 2834 1516 Chalcedon.
2860 1462 3095 1517 concilio
3124 1478 3176 1531 p.
3211 1464 3280 1517 96
3307 1475 3362 1518 et
3392 1465 3519 1521 675,

2235 1543 2368 1600 Ibid.
2393 1545 2660 1613 Νεαύχη.
2680 1545 2794 1598 Νέα
2814 1546 2962 1615 Auiti]
2985 1555 3302 1615 oportuerat
3327 1546 3399 1601 ob
3428 1548 3735 1620 Philippum

2162 1625 2307 1687 Νέας
2336 1626 2517 1696 Auiti};
2552 1632 2603 1680 in
2644 1627 2900 1683 Chalced.
2927 1644 3086 1683 conc.
3117 1645 3169 1699 p.
3200 1629 3289 1693 96,
3326 1630 3417 1698 qui
3450 1645 3735 1700 perperam

2160 1721 2216 1776 p.
2259 1708 2363 1763 675
2392 1709 2683 1781 Μεναύλης
2734 1720 2789 1763 et
2823 1711 2874 1764 iu
2915 1710 3103 1764 Latina
3143 1712 3397 1767 versione
3448 1712 3732 1778 Naulochi.

2160 1792 2306 1846 unde
2334 1791 2459 1846 Car.
2490 1808 2542 1850 a.
2587 1792 2645 1848 S.
2697 1792 2862 1847 Paulo
2909 1792 3244 1849 Naulochum
3282 1795 3512 1851 urbibus
3565 1799 3731 1864 Asiae,

2159 1874 2358 1941 quibus
2392 1875 2519 1929 olim
2550 1878 2837 1945 epiScopns
2866 1876 3053 1939 fuerit.
3091 1878 3375 1933 adstruxit.

2228 1955 2362 2011 Ibid.
2405 1960 2716 2027 Κολοφὼν.
2755 1960 3007 2014 Emman.
3044 1960 3477 2017 Schelslrateuns
3507 1973 3561 2017 et
3585 1963 3728 2019 Ans.

2157 2040 2342 2095 Bandu
2354 2042 2464 2097 rius
2486 2041 2783 2112 Colophoni
2808 2044 3119 2097 arctissime
3140 2033 3533 2113 Μητροπόλεως
3561 2061 3733 2101 voca-

2158 2122 2340 2178 bulum
2361 2124 2699 2191 astringunt;
2718 2141 2822 2195 qua
2844 2125 3055 2180 ratione
3073 2124 3346 2195 COIOIlbOII
3378 2130 3717 2196 ιιιειιτοιιοιίς,

2154 2206 2458 2275 cnjusmodi
2487 2223 2595 2263 non
2628 2208 2750 2273 fuit,
2793 2220 3029 2272 creatur.
3065 2206 3335 2278 Ionithne
3369 2212 3502 2264 urbs
3528 2210 3717 2266 Metro

2154 2288 2295 2357 polis
2331 2306 2561 2361 prorsus
2601 2292 2931 2361 praeteritur.
2967 2293 3185 2348 Rectius
3230 2293 3415 2362 itaque
3443 2294 3722 2352 Carolus:

2154 2372 2211 2427 S.
2241 2373 2410 2429 Paulo
2439 2374 2713 2430 distinxit.
2745 2376 2911 2431 Abest
2942 2376 3246 2444 Colophon.
3282 2378 3326 2431 si
3381 2388 3530 2432 recta
3574 2380 3722 2434 navi-

2151 2471 2267 2526 ges,
2293 2455 2507 2529 Epheso
2534 2458 2724 2513 stadiis
2756 2460 2845 2523 70,
2876 2459 3142 2515 Strabone
3170 2468 3305 2516 teste
3327 2459 3365 2513 l.
3398 2477 3490 2515 xiv
3514 2478 3566 2529 p.
3594 2462 3716 2527 6L5,

2151 2550 2265 2605 aut,
2292 2549 2352 2594 ut
2380 2540 2683 2609 Xenophon
2713 2541 2980 2611 Ephesius
3015 2544 3051 2597 1.
3089 2560 3101 2597 l
3132 2560 3183 2611 p.
3221 2543 3275 2607 8.
3313 2546 3504 2600 stadiis
3528 2545 3612 2601 80.

2222 2620 2765 2693 1ὺὶι1.Μητρόπολις.
2792 2623 3567 2693 ΝιιιιιίιΜΗΤΡΟΠΟΛΕΙΤΩΝ
3585 2629 3718 2682 ΤΩΝ

2149 2701 2241 2755 ΕΝ
2272 2703 2458 2758 ΙΩΝΙΔ
2480 2712 2536 2758 et
2558 2698 2699 2766 οἶνος
2723 2704 3143 2775 Μητροπολιτης
3177 2706 3462 2761 Strabonis
3495 2708 3529 2762 l.
3550 2724 3636 2762 xiv
3664 2725 3712 2777 p.

2147 2783 2289 2851 657,
2337 2796 2394 2842 et
2451 2785 2801 2841 Marcellinus
2845 2789 3249 2859 Μητροπόλεως
3301 2791 3597 2860 episcopus
3652 2807 3715 2845 ex

2143 2883 2298 2924 conc.
2342 2868 2668 2925 Chalcedon.
2706 2887 2760 2941 p.
2791 2872 2861 2928 96
2890 2872 2996 2927 huc
3035 2875 3337 2942 pertinent.
3377 2872 3509 2927 Mox
3543 2874 3715 2939 Τέως,

2144 2953 2506 3010 Anacreontis
2533 2953 2712 3026 Lyrici
2748 2968 2921 3019 poetae
2950 2957 3144 3026 patria,
3178 2957 3355 3026 petior
3376 2958 3507 3014 erit.

2212 3039 2347 3093 Ibid.
2388 3037 2682 3107 Σωίώτη.
2716 3039 2828 3093 Nisi
2864 3038 3047 3093 omnia
3078 3053 3163 3094 me
3194 3039 3416 3107 fallunt,
3454 3039 3717 3112 Ἐρυθραε

2141 3119 2196 3175 in
2257 3135 2388 3176 voce
2440 3122 2655 3175 latent:
2708 3136 2771 3176 ea
2826 3122 2950 3177 huic
2997 3121 3115 3176 loco
3149 3124 3716 3179 accommodatissima

2139 3205 2271 3258 urbs
2296 3214 2402 3271 εει,
2434 3213 2486 3259 et
2523 3204 2648 3259 huic
2695 3204 2985 3274 provinciae
3022 3222 3051 3259 a
3097 3208 3445 3261 conciliorum
3477 3208 3622 3268 Actis
3660 3218 3719 3262 et

2141 3286 2361 3342 Nolitiis
2415 3288 2761 3357 transcripta.
2795 3287 2965 3344 Paulo
3007 3298 3136 3345 ante
3174 3290 3523 3361 Κλαζομεναὶ
3578 3307 3749 3362 ιιτκοτ

2138 3371 2416 3426 stiterant.

2206 3453 2346 3509 Ibid.
2367 3456 3011 3523 Μαγνησιασούπολις.
3035 3455 3123 3512 Sic
3150 3472 3387 3525 mss.pro
3405 3456 3715 3523 Μαγνησει

2136 3537 2391 3596 Σιπύλου.
2413 3538 2570 3593 Unde
2598 3541 2805 3594 nummi
2826 3541 3209 3595 MAI‘NIITQN
3232 3541 3548 3595 ΣΙΠΥΛΟΥ.
3563 3538 3717 3595 Pec-

2134 3631 2257 3676 calo
2303 3636 2412 3676 non
2469 3621 2715 3676 dissimili
2775 3623 3006 3678 Basilius
3068 3625 3351 3694 cpiscopus
3380 3624 3714 3692 Μαγνησίας

2146 3704 2373 3758 Ἦπίλου
2400 3705 2631 3759 concilio
2668 3704 2893 3760 Nira'no
2922 3710 3162 3761 secundo
3178 3707 3469 3762 subscribit
3498 3724 3550 3776 p.
3580 3708 3707 3763 571.

2208 3785 2341 3843 Ibid.
2384 3786 2588 3855 ‘Andn.
2620 3786 2817 3844 Natum
2846 3790 2951 3844 hoc
2987 3790 3275 3845 videturex
3317 3790 3512 3860 ‘Ayd'q.
3546 3790 3705 3859 eujus

2132 3871 2422 3941 episcopus
2455 3871 2723 3928 Constans
2763 3875 2817 3927 in
2851 3873 3070 3929 Nicaruo
3107 3874 3348 3929 secundo
3377 3890 3432 3944 p.
3464 3875 3569 3929 550
3606 3875 3707 3926 πό-

2130 3955 2269 4019 λεως
2304 3955 2509 4025 ’Λγὰης
2554 3956 2773 4011 dicitur.
2814 3957 2871 4012 Id
2915 3973 3044 4013 vero
3072 3973 3137 4013 ex
3169 3958 3347 4036 Αζγάη
3384 3976 3398 4012 :
3431 3961 3573 4013 unde
3596 3958 3707 4029 Cy—

2134 4038 2314 4091 riacus
2352 4036 2557 4108 Αῐγλης
2592 4053 2689 4106 pro
2721 4040 2931 4110 Αἰγάης
2956 4041 3101 4094 Actis
3140 4040 3478 4095 Chalcedon.
3512 4057 3561 4109 p.
3600 4040 3704 4094 127

2133 4118 2414 4182 inseritur,
2456 4120 2547 4189 qui
2582 4137 2635 4190 p.
2673 4121 2782 4176 522
2818 4123 3020 4192 Αἰγέας
3074 4134 3127 4177 et
3172 4139 3226 4193 p.
3263 4122 3365 4177 508
3405 4124 3599 4191 Αἰγὲης
3640 4132 3703 4176 et

2132 4218 2189 4271 p.
2213 4201 2316 4256 664
2346 4202 2553 4273 Αξγάης
2588 4203 2820 4269 πόλεως.
2855 4205 3236 4275 lntelliguntur
3264 4203 3419 4276 Egze
3452 4205 3705 4273 diuitem,

2128 4299 2356 4354 quarum
2388 4302 2585 4341 nomen
2628 4288 2836 4343 seriore
2874 4298 3031 4344 aetate
3060 4289 3112 4343 in
3147 4289 3308 4344 aliam
3346 4289 3571 4344 formant
3614 4290 3707 4344 di-

2127 4382 2280 4424 ceres
2328 4384 2641 4438 procusum,
2693 4372 2738 4425 si
2787 4371 2915 4439 quid
2964 4372 3048 4427 his
3097 4371 3300 4427 inesset
3355 4374 3707 4429 auctoritatis

2126 4453 2492 4507 monumentis
2546 4470 2560 4506 :
2591 4452 2844 4508 ducimur
2873 4454 3020 4508 enim
3058 4454 3166 4510 illis
3197 4457 3263 4509 ad
3311 4456 3512 4525 Αἱγέαν
3536 4468 3709 4528 atque

2124 4533 2355 4601 Αἰγάην.
2394 4533 2647 4589 Florente
2695 4536 2903 4590 Graecia
2938 4552 3048 4591 non
3107 4536 3279 4606 Αἰγὰς
3327 4548 3537 4594 tantum
3593 4542 3707 4595 sed

2122 4616 2354 4683 Αἰγαίας
2384 4616 2757 4687 appellabant;
2787 4620 2930 4689 quod
2966 4621 3237 4690 posterius
3266 4622 3369 4676 etsi
3399 4617 3533 4677 certi
3563 4639 3711 4679 usus

2122 4708 2225 4759 est.
2274 4715 2383 4753 nou
2438 4709 2620 4755 tamen
2673 4703 2847 4758 solum
2903 4719 3000 4771 pro
3035 4705 3177 4759 bono
3218 4716 3296 4760 est
3359 4707 3703 4765 habendum.

2123 4779 2319 4835 Suidas
2344 4782 2552 4854 Πόλλης
2579 4784 2821 4853 Αἰγιεὺς.
2853 4786 2962 4839 ἀπὸ
2991 4788 3173 4856 Αἰγῶν
3209 4788 3308 4857 τῆς
3339 4789 3549 4855 Ἄσίας.
3582 4795 3706 4845 κεῖ-

2119 4879 2209 4915 ται
2246 4863 2301 4916 δὲ
2347 4864 2572 4935 πλησίον
2612 4870 2936 4938 Μαγνησίας
2970 4872 3066 4924 καὶ
3094 4871 3367 4943 Σμύρνης.
3403 4872 3463 4927 In
3498 4876 3710 4944 quibus

2120 4944 2493 5015 Gramtnalici,
2531 4951 2660 5006 licet
2685 4951 2857 5022 (Egas
2886 4954 3203 5021 longissimo
3230 4966 3498 5010 terrarum
3529 4958 3708 5012 inter-

2119 5028 2262 5081 vallo
2291 5030 2523 5101 Smyrna
2570 5042 2805 5090 remotas
2851 5051 2954 5088 non
3002 5036 3213 5100 dixero,
3268 5039 3468 5094 rectius
3502 5048 3700 5108 putent

2120 5111 2212 5164 καὶ
2236 5113 2484 5183 Μυρίνης
2518 5132 2532 5167 :
2560 5113 2636 5169 illi
2669 5119 2810 5170 enim
2844 5119 3103 5185 proxima:
3127 5133 3287 5173 crant
3316 5129 3370 5174 et
3399 5132 3701 5190 propterea

2116 5195 2282 5262 Αἰγαὶ
2313 5197 2370 5248 ἐν
2409 5198 2663 5269 Μυρῤῑνῃ
2713 5199 2993 5268 Stephano
3024 5203 3210 5257 dicta'.
3246 5203 3393 5258 Idem
3447 5203 3702 5261 Galenus

2120 5278 2248 5348 περὶ
2285 5279 2552 5350 εὐχυμίας
2580 5297 2634 5350 ιι.
2689 5284 2795 5339 ’558
2842 5285 2953 5339 edit
2987 5285 3149 5340 Basil.
3185 5287 3366 5341 lirtnat
3399 5306 3413 5340 :
3448 5286 3704 5352 τοιοῦτος

2115 5362 2172 5414 δέ
2216 5364 2334 5415 ἐστι
2378 5364 2508 5431 παρ’
2566 5367 2699 5433 ἡμῖν
2740 5367 2799 5417 ὲν
2843 5368 3035 5434 Αἰγαῖς
3080 5370 3175 5422 καὶ
3224 5370 3572 5443 Περπερῐνιι,
3620 5377 3700 5443 τῇ

2119 5445 2216 5513 μὲν
2242 5447 2427 5517 ὁμόρῳ
2456 5448 2693 5519 Μυρίνῃ,
2723 5452 2789 5519 τῇ
2828 5450 2883 5503 δὲ
2919 5451 3217 5521 Περγάμῳ.
3245 5453 3308 5506 Et
3342 5456 3489 5509 brevi
3524 5468 3649 5523 post
3679 5476 3696 5511 :

2112 5531 2141 5581 ὁ
2169 5529 2225 5582 δὲ
2268 5532 2325 5581 ἐν
2359 5532 2549 5597 Αἰγαῖς
2594 5534 2689 5584 καὶ
2715 5534 3045 5607 ιΙερπερίνῃ,
3084 5537 3240 5607 μέσοι
3271 5539 3478 5592 τούτων
3518 5540 3692 5595 εἰσιν.

2113 5614 2244 5676 Qure
2289 5615 2473 5682 utique
2503 5614 2674 5681 Αἰγὰς
2700 5626 2753 5669 et
2793 5628 3033 5671 nostram
3067 5620 3693 5701 conjecturam‘probaz-

2112 5697 2274 5753 bilem
2306 5697 2799 5774 taciu‘nt._Possuut
2827 5701 2941 5757 haec
2982 5717 3104 5759 cum
3147 5702 3353 5763 'I‘beod.
3381 5697 3695 5763 Laurentio
