3980 6210
362 310 496 375 Ili?)

357 418 631 474 Gronovio
662 419 713 473 in
746 419 1001 476 Marmor.
1028 420 1209 475 Basia.
1231 437 1277 475 c.
1308 419 1379 475 52
1415 421 1469 474 in
1502 417 1754 488 Αἰγαίας,
1784 418 1926 489 quod

361 503 518 556 unice
561 517 747 556 verum
796 503 1165 568 existimabat,
1219 504 1483 571 perverti,
1544 511 1600 555 at
1660 517 1771 555 non
1814 501 1931 555 sine

361 594 551 654 aperta
587 585 635 636 vi
675 586 882 638 incolas
932 585 1152 639 Tacitus
1207 585 1403 638 Annal.
1448 600 1509 647 tt,
1558 584 1627 637 47
1672 583 1932 652 {Egeatas

363 666 617 734 appellat,
667 668 755 733 qui
800 668 1146 734 quantumvis
1174 666 1417 735 xii-genta:
1451 682 1555 719 ms.
1597 665 1929 729 Florentino,

364 758 422 801 ιιι
450 750 529 800 vir
550 751 894 803 doctissimus
922 750 1301 803 animadvertit
1330 789 1346 813 ,
1385 758 1672 813 vocentur,
1700 763 1805 801 non
1837 763 1933 801 au-

359 830 464 885 sim
493 839 669 883 tainen
702 830 961 899 IEgeatas
984 847 1203 901 prorsus
1243 846 1499 898 spernere
1535 844 1752 898 :neqne
1787 829 1932 881 enim

359 906 504 977 οἶνος
525 914 791 983 Αἰγεάτης
811 913 928 981 ejus
951 918 1049 968 lem
1068 913 1255 968 Caleni
1281 914 1380 967 Met
1396 913 1521 967 liud.
1548 912 1773 979 Tlierap.
1798 911 1835 971 Ι.
1856 927 1934 964 ιιι

362 1011 419 1067 p.
444 997 548 1052 164
567 999 616 1052 id
641 998 969 1066 permiserit,
986 998 1077 1065 qui
1102 1012 1385 1066 perperam
1415 997 1625 1063 ’Υγιεῖν
1648 996 1683 1048 l.
1703 994 1735 1047 5
1759 1009 1810 1063 p.
1827 994 1935 1047 270

362 1081 660 1149 Λίγαυσίης
690 1081 970 1134 scribitur.
1001 1079 1133 1134 Vide
1167 1093 1221 1134 et
1262 1081 1460 1133 Anton.
1499 1080 1681 1131 ltiner.
1722 1093 1774 1145 p.
1810 1073 1932 1129 146.

435 1162 551 1215 Col.
587 1163 707 1216 MS.
753 1162 992 1231 Τέμνος.
1024 1162 1135 1215 Ιιιιο
1177 1162 1415 1230 Τῆμνος,
1450 1176 1549 1230 pro
1571 1176 1678 1229 quo
1710 1158 1925 1227 Τύμνος

372 1250 423 1298 in
454 1246 685 1300 concilio
715 1246 932 1299 Nieaano
962 1246 1199 1299 secundo
1236 1261 1267 1315 p
1320 1245 1426 1299 550
1456 1255 1509 1298 et
1542 1260 1660 1296 mox
1691 1242 1931 1296 Φώκαια.

438 1326 574 1380 Ibid.
613 1328 869 1394 Mvpt'ra.
899 1325 1070 1380 Sicuti
1106 1327 1261 1394 hujus
1290 1328 1464 1381 locum
1502 1326 1555 1379 itt
1587 1326 1748 1379 Suida
1775 1341 1937 1381 occu-

372 1410 519 1477 pavit
550 1408 807 1478 Smyrna,
841 1410 913 1462 ita
942 1408 1172 1463 subinde
1206 1410 1258 1463 in
1292 1410 1653 1463 conciliorum
1696 1408 1839 1460 Actis
1871 1417 1939 1460 ct

370 1492 618 1543 Aristidis
642 1489 883 1547 Sermo».
915 1491 1069 1546 Sacr.
1099 1506 1127 1542 v
1152 1502 1286 1546 tom.
1313 1491 1403 1560 Ip.
1430 1491 1532 1546 6l8
1554 1502 1603 1545 et
1626 1489 1751 1555 619,
1777 1488 1936 1543 sit-uti

370 1570 671 1626 Paltncrius
688 1572 1043 1642 Exercitat.p.
1056 1573 1152 1627 471
1171 1572 1618 1638 admonuit,idem
1635 1572 1814 1625 tnolita
1833 1582 1943 1631 est.

441 1654 578 1710 Ibid.
620 1657 817 1723 Μύκη.
869 1655 1057 1711 Scribe
1108 1657 1296 1727 Κύμη,
1333 1672 1440 1725 quo
1506 1657 1637 1709 vitio
1692 1654 1941 1709 laborant

370 1739 503 1790 Arta
531 1737 863 1793 Chalcedon.
893 1756 944 1808 p.
982 1740 1106 1803 675,
1136 1755 1254 1792 cum
1297 1741 1707 1811 Chrysogonum
1731 1737 1939 1801 πόλεως

370 1818 565 1890 Μύκης
594 1822 878 1888 prtesulem
907 1823 1073 1877 fuisse
1114 1822 1405 1877 ailirinant.

444 1905 575 1957 Ibid.
617 1907 847 1961 Ἐλαία.
873 1906 1328 1977 Pergamenorum
1351 1912 1470 1961 erat
1498 1905 1711 1971 navale,
1748 1904 1939 1961 stadiis

372 1988 473 2042 1:20
503 1988 571 2043 ab
596 2004 781 2043 eorum
805 1991 937 2045 urbe
965 1991 1173 2045 distans
1198 1991 1338 2059 apud
1362 1990 1685 2045 Strabonem
1711 1989 1748 2043 l.
1768 2005 1861 2044 xm
1882 2006 1936 2060 p.

369 2073 493 2137 615,
519 2073 609 2128 cui
641 2076 935 2130 Aristidem
967 2076 1134 2145 junge
1172 2074 1339 2129 tont.l
1374 2090 1427 2143 p.
1459 2074 1564 2127 6‘20
1594 2085 1648 2128 et
1671 2073 1936 2128 Calenum

370 2156 407 2207 Ι.
434 2171 446 2208 t
470 2158 537 2211 de
572 2159 812 2212 Autidot.
834 2172 887 2226 p.
913 2158 1036 2210 427.
1070 2158 1258 2213 Incolae
1283 2156 1555 2211 EAAITAI
1589 2158 1640 2211 in
1683 2157 1863 2213 numis
1883 2166 1941 2213 et

369 2239 699 2295 Chalcedon.
728 2255 882 2295 conc.
910 2254 962 2307 p.
986 2239 1112 2301 598,
1139 2255 1246 2293 non
1271 2240 1601 2304 EAAII'I‘AI,
1627 2248 1683 2295 ut
1706 2239 1941 2308 Stepha-

371 2335 492 2384 nus,
529 2322 614 2375 cui
655 2334 943 2391 propterea
985 2333 1130 2375 recte
1178 2322 1433 2375 subvenit
1475 2322 1538 2376 L.
1584 2321 1939 2377 llolsteinius.

440 2403 721 2471 Πιττάνη.
759 2405 985 2473 Πιτάνη.
1029 2406 1094 2458 de
1145 2419 1250 2472 qua
1288 2404 1485 2459 Strabo
1517 2405 1554 2459 l.
1587 2421 1683 2458 xm
1726 2420 1779 2474 p.
1812 2405 1939 2459 6H.

372 2483 578 2538 Pardus
601 2484 887 2555 episcopus
924 2486 1138 2547 Πόλεως
1176 2486 1449 2557 Πιττάνης
1491 2488 1680 2543 eodem
1716 2496 1941 2555 peccato

371 2570 425 2623 in
449 2565 668 2621 Nica'no
700 2567 938 2622 secundo
970 2586 1021 2637 p.
1053 2568 1181 2622 571.

442 2649 576 2704 Ibid.
626 2650 844 2703 Τιὰναι.
888 2651 998 2705 Nisi
1058 2667 1085 2702 a
1142 2666 1269 2707 vero
1328 2652 1544 2715 abcrro,
1596 2652 1776 2706 Κάναι
1808 2651 1941 2710 fuit:

368 2732 515 2801 quod
550 2732 862 2801 oppidulum
887 2734 953 2785 ad
972 2733 1213 2800 ejusdem
1249 2735 1484 2787 nominis
1512 2734 1941 2803 promontorium

373 2814 514 2869 idem
546 2813 744 2870 Strabo
775 2814 810 2869 I.
843 2830 941 2869 IIII
969 2831 1021 2884 ρ.
1052 2814 1156 2869 615
1190 2817 1427 2884 apponit.
1466 2817 1612 2871 Mela!
1645 2817 1943 2887 Pomponio

372 2914 414 2961 ι.
451 2897 510 2951 18
541 2897 708 2952 Caua.
767 2896 961 2969 [codex
1008 2895 1160 2952 Leid.
1208 2898 1433 2968 Τιάραι,
1476 2900 1618 2966 quod
1650 2914 1833 2952 verum
1861 2907 1946 2953 est

370 2979 442 3033 ob
466 2978 624 3033 Plinii
658 2996 713 3045 ν,
741 2980 810 3035 50
852 2978 1045 3034 Tiareu
1082 2995 1176 3035 seu
1209 2979 1400 3034 Tiaras
1450 2981 1645 3050 potius.
1680 2978 1769 3036 W.
1808 2979 1946 3035 Pro-

374 3063 531 3131 legg._
548 3078 601 3131 p.
636 3061 788 3133 650.]

443 3141 577 3198 Ibid.
610 3144 935 3199 Θεοδοσίου
972 3147 1226 3210 πόλεως.
1259 3146 1421 3210 Πόλις
1477 3155 1716 3216 prtestat.
1769 3146 1945 3201 Situm

375 3227 523 3281 ttrbis
555 3227 954 3297 ignoraremus,
1008 3229 1110 3283 nisi
1144 3246 1205 3283 cx
1250 3229 1447 3283 Notitia
1482 3228 1597 3285 Jac.
1636 3228 1780 3286 Guar
1816 3229 1945 3284 Pcr-

375 3311 616 3378 pcriueni
638 3312 883 3364 eamdem
904 3327 1030 3366 esse
1058 3322 1339 3367 constaret
1362 3331 1374 3367 :
1402 3327 1463 3367 ea
1504 3328 1634 3368 vero
1664 3314 1802 3366 haud
1826 3313 1946 3368 lon-

386 3407 451 3460 ge
487 3393 656 3446 abluit
687 3392 971 3462 Pergamo,
1013 3404 1068 3447 ut
1091 3411 1153 3449 ex
1188 3394 1396 3449 Caleno
1425 3395 1554 3465 περὶ
1580 3395 1845 3465 εὐχυμίας
1890 3409 1944 3464 p.

372 3476 479 3531 558
505 3486 735 3531 constat.
777 3478 1066 3532 Ptolemaeo
1124 3477 1402 3553 Τερμέρη,
1440 3490 1496 3534 ct
1542 3495 1644 3534 ms.
1700 3478 1946 3533 Palatino

376 3558 657 3628 Περμέρη,
687 3559 1017 3614 Coisliniano
1042 3561 1299 3632 Περπὲρη
1333 3563 1552 3624 dicitur,
1587 3561 1727 3614 unde
1758 3575 1943 3615 verum

379 3642 521 3693 nttlla
561 3657 725 3710 opera
767 3644 995 3698 eruitur.
1036 3643 1244 3700 Nobilis
1298 3656 1415 3701 erat
1446 3647 1564 3714 ejus
1602 3646 1753 3699 urbis
1784 3657 1946 3715 atque

377 3723 491 3791 agri
525 3724 730 3789 vinum,
760 3723 828 3777 de
862 3739 972 3792 quo
1000 3724 1238 3780 Galenus
1268 3728 1474 3781 eisdem
1506 3727 1639 3780 locis
1665 3727 1717 3778 in
1748 3726 1947 3794 quibus

378 3809 445 3859 de
466 3804 715 3873 ZEgeate.
760 3804 893 3860 Vide
939 3806 1285 3863 Sirmondutn
1328 3811 1381 3863 iit
1422 3808 1648 3877 Triplic.
1697 3823 1860 3863 Immo
1891 3818 1947 3864 ει

378 3887 798 3942 Anti-Trislano
824 3886 887 3941 II.

452 3971 588 4025 Ibid.
645 3970 1090 4040 ’Λὸραμύττιον.
1146 3972 1222 4027 De
1265 3988 1331 4028 eo
1357 3974 1423 4027 ad
1449 3974 1650 4028 Anton.
1711 3990 1765 4044 p.
1821 3975 1945 4031 555.

379 4053 498 4108 Mox
557 4055 885 4125 Ἄντανδρος
915 4054 1097 4108 verius
1127 4058 1250 4120 erit,
1305 4057 1520 4113 tametsi
1570 4056 1808 4113 Marinus
1832 4057 1949 4127 epi-

377 4152 577 4204 scopus
600 4136 806 4200 πόλεως
828 4136 1153 4207 Ἀντάνδρου
1174 4139 1225 4193 itt
1247 4139 1392 4192 Actis
1412 4139 1483 4194 sit
1504 4138 1706 4194 Niemui
1727 4138 1947 4195 secundi

377 4236 430 4290 p.
461 4221 588 4276 589.

448 4302 580 4358 Ibid.
602 4303 868 4372 Γάδαρα.
896 4305 1159 4378 Γάργαρα
1188 4304 1325 4374 lege,
1350 4314 1404 4361 et
1437 4303 1762 4362 Strabonem
1795 4306 1832 4362 I.
1856 4321 1948 4363 xm

379 4400 432 4454 p.
464 4386 569 4440 606
608 4388 713 4443 adi.
752 4389 1052 4460 Γαργὰρων
1096 4387 1468 4460 πρεσϐύτερος
1503 4386 1840 4459 Nicephorus
1868 4397 1951 4445 est

380 4470 433 4522 in
467 4467 686 4525 Nicaano
715 4471 952 4527 secundo
977 4486 1135 4526 conc.
1171 4486 1223 4538 p.
1257 4470 1380 4525 550.

458 4552 597 4605 Ὑπὸ
647 4555 1115 4623 κονσουλάριον.
1156 4553 1347 4609 Fuisse
1403 4554 1543 4607 banc
1606 4555 1948 4611 consularem

378 4636 716 4703 provinciam
756 4636 965 4691 Notitia
990 4638 1119 4707 imp.
1146 4635 1351 4690 Ot'ient.
1403 4651 1454 4690 c.
1492 4637 1515 4689 1
1551 4644 1605 4689 et
1628 4636 1663 4690 l.
1699 4638 1856 4691 unica
1896 4652 1945 4692 c.

378 4721 447 4771 tle
474 4717 616 4772 ollic.
649 4719 834 4772 comit.
871 4734 1012 4772 sacr.
1055 4719 1271 4787 patrim.
1307 4717 1620 4772 ostendunt.
1658 4718 1791 4772 llinc
1820 4720 1952 4774 Atti—

378 4799 498 4855 eius
525 4798 786 4869 Paulinus
812 4802 1006 4854 'l‘bcss.
1038 4819 1089 4870 p.
1138 4799 1280 4855 MXC
1307 4800 1372 4855 I9
1417 4801 1608 4855 consul
1658 4803 1949 4871 provincia:

377 4885 523 4940 Asire
561 4895 613 4941 et
655 4884 1008 4954 Hellesponti.

450 4967 585 5023 Ibid.
630 4969 899 5034 Kt'ttfmoc.
936 4968 1291 5023 Nobilissimze
1320 4967 1438 5022 urbi
1479 4967 1789 5035 metropolis
1824 4968 1950 5024 [lel-

379 5049 611 5118 Iesponti
648 5053 966 5121 dignitatem
1002 5050 1109 5105 Leo
1166 5053 1460 5118 imperator
1513 5059 1568 5103 et
1618 5047 1703 5103 ιι).
1760 5050 1949 5106 Malala

378 5143 508 5189 tom.
548 5134 590 5198 I,
639 5151 689 5202 p.
728 5136 833 5189 564
862 5145 1118 5189 asserunt
1151 5152 1164 5187 :
1198 5134 1418 5199 ἔπαθεν,
1453 5134 1648 5201 inquit,
1681 5134 1785 5186 ὑπὸ
1834 5135 1950 5187 οεο-

376 5216 577 5287 μηνὲας
602 5218 826 5285 σεισμὸν
915 5216 1172 5281 Κύζικος,
1190 5218 1310 5286 ἥτις
1332 5217 1447 5269 ἐστὶ
1478 5216 1811 5287 μητρόπολις
1848 5233 1948 5287 με·

375 5301 515 5370 γάλη
540 5304 637 5371 τῆς
681 5302 1076 5371 Ἑλλησπόντου
1103 5302 1393 5372 ἐπαρχίας.

450 5384 584 5439 Ibid.
622 5388 1055 5455 Προικόνησος.
1102 5386 1155 5440 In
1201 5386 1442 5455 principe
1472 5384 1710 5439 editione
1739 5385 1949 5454 Προκό-

377 5462 576 5537 meos,
638 5470 796 5523 sicuti
848 5481 902 5523 et
963 5471 1016 5523 in
1072 5470 1348 5539 Stephano
1401 5473 1542 5523 inest
1590 5484 1603 5521 :
1658 5467 1949 5523 Ptoletna‘o

378 5550 802 5621 ΙΙροικὸννησος,
843 5553 981 5606 unde
1006 5551 1243 5606 Joannes
1276 5552 1677 5623 Προικόννησον
1706 5551 1757 5604 in
1806 5551 1951 5605 Actia

379 5635 578 5703 ISpbt-s.
610 5650 664 5706 p.
701 5637 805 5690 456
831 5647 884 5690 ct
924 5637 1158 5692 Aeacius
1185 5638 1589 5707 Προικοννήσου
1636 5637 1685 5690 in
1719 5634 1953 5688 Chalce-

378 5719 606 5775 dontrns.
663 5735 718 5791 p.
768 5720 892 5776 675.
927 5721 1149 5779 (laeteris
1190 5720 1566 5793 Προκόννησος
1625 5736 1743 5778 esse
1789 5718 1949 5775 solet.

1141 311 1526 375 COMMENT.
1572 310 1654 375 IN
1695 310 2109 375 IIIEROCLIS
2144 309 2681 374 SYNECDEMUM.

2041 417 2205 475 Vocis
2236 421 2653 491 originationem
2686 416 2863 473 critici
2898 415 2950 470 in
2998 413 3339 483 Apollonium
3373 434 3431 482 ιι,
3466 418 3594 481 278,

2036 521 2171 574 quos
2197 506 2543 576 Etymologus
2569 502 2638 557 ab
2673 502 2741 557 Is.
2766 502 2960 557 Vossio
2984 504 3049 557 ad
3075 500 3350 569 Scylacem
3378 503 3600 569 optime,

2036 598 2091 639 ut
2117 576 2351 644 indidem
2382 598 2627 656 apparet,
2656 587 2937 641 restitutus
2971 583 3281 653 exscripsit.
3312 586 3601 639 tradidero.

2036 670 2110 725 Dc
2142 686 2410 726 marmore
2456 671 2823 725 Proconnesio
2880 668 3276 726 Gothofredum
3331 669 3384 722 in
3447 667 3482 721 Ι.
3546 683 3599 721 ix

2034 752 2216 815 c.J£;Tb.
2245 754 2308 806 de
2340 754 2507 807 indui.
2536 754 2699 807 debit.
2727 754 2869 809 vide.

2107 832 2236 886 Ibid.
2295 834 2356 888 Ἠ
2383 835 2639 903 Ἐξορία.
2688 835 2949 905 Regionis
2980 836 3243 890 insultene
3291 848 3485 888 nomen
3510 833 3601 896 sit,

2038 915 2303 969 incertum
2339 928 2442 971 est.
2488 918 2564 971 De
2607 920 2946 989 Pmpontidis
2981 920 3154 974 insula
3201 918 3448 986 qutedam
3492 931 3605 969 me-

2039 999 2226 1055 moria:
2251 1017 2314 1055 ex
2345 1000 2667 1055 Sanctorum
2711 1004 2854 1056 Actis
2888 1003 3172 1066 inhterent,
3205 1002 3297 1055 sed
3341 1001 3599 1062 obscura;

2036 1096 2263 1148 quorum
2298 1100 2417 1137 cum
2468 1099 2568 1137 mc
2612 1094 2802 1137 auctor
2828 1100 2926 1139 nec
2956 1087 3118 1139 verba
3151 1082 3218 1138 ad
3248 1080 3479 1137 oﬂicium
3513 1094 3601 1134 re-

2034 1162 2217 1227 deant,
2247 1180 2351 1219 non
2388 1166 2593 1234 liquere
2630 1166 2941 1232 pronuntio.

2108 1246 2242 1302 Ibitl.
2283 1250 2582 1317 Βαρίσπη.
2646 1248 2840 1302 Fuitne
2882 1248 3142 1317 Ἀρίσϐη,
3204 1249 3390 1319 Abydo
3444 1254 3604 1314 atque

2039 1326 2131 1381 Ilio
2190 1330 2332 1385 haud
2396 1332 2623 1386 multum
2695 1331 2977 1400 separata?
3028 1332 3162 1383 Acta
3216 1330 3275 1385 S.
3328 1328 3603 1382 Parthenii

2041 1411 2399 1479 Lampsaceni
2446 1429 2495 1467 e.
2530 1413 2565 1464 2
2600 1430 2614 1466 :
2652 1414 2979 1466 Alexandria
3031 1422 3205 1479 autem
3262 1411 3503 1480 quaedam
3542 1424 3606 1462 ea:

2040 1496 2251 1559 Arisba,
2287 1512 2403 1564 quw
2451 1507 2523 1549 est
2570 1497 2731 1561 juxta
2789 1495 3049 1563 Abydum.
3107 1494 3354 1547 Lucanus
3398 1491 3602 1545 Idalia.

2044 1581 2078 1633 I.
2110 1593 2191 1641 ιιι,
2218 1578 2325 1631 201
2351 1578 2605 1646 appellat,
2632 1578 2775 1646 quod
2808 1577 2921 1646 agri
2949 1587 3094 1630 esset
3122 1575 3340 1642 'l‘rojani
3375 1585 3429 1629 ct
3460 1574 3605 1629 circa

2039 1663 2186 1718 Idam
2215 1680 2228 1716 :
2272 1663 2547 1731 Mysiaque
2567 1672 2613 1715 et
2642 1661 2814 1729 gelido
2850 1659 3003 1713 tellus
3034 1662 3247 1727 perfusa
3277 1658 3460 1723 Caico,
3486 1657 3607 1710 Ida-

2039 1746 2105 1799 lis
2140 1754 2187 1797 et
2216 1745 2435 1796 nimium
2470 1744 2631 1813 g’ebil
2663 1743 2820 1795 exilis
2857 1742 3058 1795 Arisbe.
3097 1740 3291 1795 Carolo
3323 1753 3350 1793 a
3386 1741 3442 1794 S.
3472 1739 3610 1792 Pau-

2042 1828 2091 1883 lo
2122 1827 2285 1882 Bares
2316 1821 2379 1881 ex
2407 1828 2627 1893 Barispe
2667 1824 2863 1892 placet,
2896 1824 3055 1891 cujus
3099 1822 3413 1892 episcopum
3444 1820 3608 1887 Euty-

2036 1910 2293 1963 cbianum
2346 1908 2789 1962 Chalcedonense
2837 1905 3128 1961 concilium
3181 1920 3235 1975 p.
3283 1904 3387 1957 675
3433 1901 3609 1957 Ilelle-

2039 1991 2270 2060 spontiis
2296 1999 2635 2044 annumerat.

2113 2071 2245 2127 Ibid.
2290 2073 2531 2141 Πάριον.
2584 2071 2885 2142 Lampsaco
2914 2072 3018 2126 270
3048 2071 3261 2133 stadiis,
3307 2067 3467 2123 sicuti
3513 2067 3612 2121 Po-

2042 2158 2246 2228 lymnus
2272 2157 2376 2211 6:24
2420 2158 2643 2222 indicat,
2689 2160 2948 2213 distabat.
3000 2160 3298 2228 Sequentes
3330 2158 3491 2212 urbes
3542 2157 3611 2211 ad

2040 2240 2243 2293 Anton.
2278 2237 2409 2293 Itin.
2450 2254 2503 2307 p.
2535 2240 2642 2294 554
2675 2242 2978 2311 attigimus.

2113 2321 2250 2376 Ibid.
2303 2321 2718 2390 Σκάμανδρος.
2768 2322 2996 2377 \"idetur
3042 2320 3395 2377 Scatnandria
3446 2334 3611 2390 parva

2042 2404 2261 2471 civitas,
2292 2404 2360 2460 de
2389 2419 2496 2475 qua
2531 2403 2738 2460 Plinius
2765 2422 2818 2469 v,
2852 2403 2942 2470 50,
2974 2418 3117 2460 esse.

2113 2485 2242 2542 Ibid.
2285 2489 2575 2557 Πόλιχνα.
2605 2485 2834 2542 Troadis
2865 2487 3023 2557 ιΙιιιιιιι
3053 2488 3195 2540 circa
3226 2485 3488 2554 Aﬂsepum
3520 2499 3610 2537 ur-

2044 2570 2163 2624 bem
2197 2568 2395 2623 Strabo
2447 2585 2542 2623 xm
2596 2584 2651 2635 p.
2704 2568 2809 2624 605
2835 2577 2888 2622 ει
2920 2569 3125 2624 Plinius
3156 2584 3211 2634 ν,
3257 2568 3326 2623 50
3375 2575 3610 2631 norunt;

2043 2667 2144 2706 nec
2185 2652 2342 2705 aliam
2389 2652 2540 2705 multi
2578 2658 2806 2706 censent
2833 2666 2993 2721 quam
3026 2650 3371 2723 Thucydides
3394 2665 3516 2713 vut,
3546 2650 3612 2703 14

2043 2744 2098 2790 et
2128 2734 2201 2788 21
2248 2750 2277 2787 ιι
2324 2732 2688 2789 Clazomeniis
2740 2735 3002 2789 munitam
3054 2743 3465 2789 commemorat.
3504 2733 3614 2802 Ego

2044 2833 2174 2873 vero
2196 2817 2520 2872 accesserim
2545 2816 2761 2879 Acacio,
2785 2816 3256 2871 Clazomeniorum
3284 2831 3400 2869 eam
3428 2816 3612 2871 urbem

2045 2899 2116 2956 ab
2144 2900 2245 2953 hac
2275 2900 2627 2967 distinguenti
2673 2917 2687 2954 :
2740 2898 3039 2953 clarissime
3088 2898 3233 2952 enim
3269 2897 3615 2966 Thucydides

2046 2999 2165 3038 eam
2200 2983 2249 3037 in
2275 2983 2589 3037 continente
2611 2991 2800 3035 contra
2821 2982 3173 3035 Clazomenas
3195 2981 3458 3051 longeque
3480 2981 3615 3036 adro

2047 3079 2077 3119 a
2108 3064 2339 3119 Troadis
2371 3064 2627 3118 l‘olichna
2657 3064 2910 3118 collocat.

2119 3149 2255 3202 Ibid.
2310 3146 2741 3216 Ποιμὰνεννος.
2768 3145 2909 3215 Lege
2950 3146 3313 3214 Ποιμανητός.
3349 3146 3615 3201 Aristides

2050 3240 2180 3285 tom.
2211 3230 2227 3284 Ι
2268 3245 2321 3299 p.
2355 3230 2460 3285 596
2490 3247 2504 3283 :
2536 3229 2616 3281 ἔτι
2644 3230 2700 3281 δὲ
2742 3227 3102 3297 Ποιμανητδς,
3140 3227 3337 3296 χωρίον
3370 3228 3469 3295 τῆς
3498 3230 3616 3280 Μυ-

2050 3314 2193 3377 σίας,
2237 3316 2327 3366 καὶ
2362 3314 2420 3367 ὲν
2465 3312 2613 3380 αὐτῷ
2664 3310 2808 3381 ἱερδν
2840 3309 3173 3380 Ἀσκληπιοῦ
3217 3310 3370 3377 ἅγιόν
3405 3326 3463 3361 τε
3525 3310 3617 3362 καί

2047 3395 2365 3465 ὀνομαστόν.
2401 3395 2661 3448 Ἐνταῦθα
2701 3394 3028 3463 ὲτελέσαμεν
3056 3392 3303 3455 σταδίους
3350 3393 3617 3461 ἑξήκοντα

2050 3478 2286 3549 μάλιστα
2308 3478 2403 3530 καὶ
2436 3477 2649 3530 ἑκατόν.
2679 3476 2801 3531 Fuit
2824 3490 2954 3544 ergo
2978 3474 3163 3545 Mysia:
3182 3475 3435 3542 oppidum
3469 3474 3616 3543 (nam

2053 3577 2244 3630 agrum
2303 3560 2441 3615 male
2491 3564 2735 3626 vertunt)
2777 3559 2877 3613 160
2916 3560 3137 3615 circiter
3184 3558 3377 3612 stadiis
3411 3560 3477 3611 ab
3508 3557 3616 3610 lla-

2048 3644 2272 3706 drianis,
2301 3643 2557 3698 AriSIidis
2592 3645 2788 3712 patria.
2815 3641 3094 3711 Stephano
3139 3650 3195 3693 et
3242 3638 3442 3696 Niceta:
3475 3640 3620 3696 Cho-

2048 3726 2210 3781 niata:
2241 3726 2437 3781 Annal.
2469 3726 2503 3777 I.
2536 3727 2630 3778 ult.
2659 3741 2712 3792 p.
2741 3725 2846 3779 206
2893 3735 2976 3777 est
3007 3725 3356 3791 Ποιμανινὸν,
3387 3736 3440 3777 ει
3469 3724 3617 3777 Actis

2050 3807 2400 3861 conciliorum
2436 3823 2450 3860 :
2482 3806 2784 3861 subscribit
2824 3807 2968 3859 enim
3010 3806 3620 3872 Constantinopolitano

2049 3892 2213 3945 tertio
2242 3904 2294 3958 p.
2328 3889 2426 3943 501
2470 3888 2772 3942 Mercurius
2821 3891 3116 3957 episcopus
3162 3888 3369 3950 πόλεως
3417 3889 3621 3958 Ποιμα-
3698 3934 3708 3944 .

2050 3972 2194 4027 νινοῦ
2220 3974 2320 4041 τῆς
2361 3970 2793 4041 Ἑλλησποντίων
2840 3972 3132 4041 ἐπαρχίας,
3193 3981 3245 4025 et
3294 3969 3510 4025 Nica'no
3529 3986 3619 4025 se-

2050 4056 2231 4112 eundo
2264 4070 2319 4125 p.
2357 4055 2463 4110 572
2513 4055 2619 4109 Leo
2670 4053 3044 4125 Ποιμανινοῦ;
3094 4053 3187 4122 qui
3255 4070 3375 4107 cum
3432 4069 3484 4122 ιι.
3552 4053 3613 4108 51

2051 4139 2337 4209 cpiscopus
2384 4136 2748 4208 Ποιμανηνῶν
2804 4136 3033 4201 feratur,
3081 4144 3133 4191 et
3169 4134 3254 4189 Jo.
3296 4136 3531 4202 lllasson,
3564 4146 3622 4190 ut

2051 4222 2105 4276 in
2142 4220 2395 4275 Aristidis
2452 4219 2571 4274 Vita
2621 4235 2703 4286 nt,
2758 4220 2790 4273 6
2826 4219 3182 4289 perscriptum
3233 4228 3340 4282 cst,
3398 4217 3621 4274 Parisiis

2052 4318 2273 4359 numuin
2326 4302 2685 4372 Ποιμανηνῶν
2738 4303 3072 4365 tractaverit,
3127 4315 3233 4355 non
3291 4300 3508 4355 dubium
3539 4308 3623 4354 est

2051 4387 2179 4458 quin
2205 4388 2547 4457 Ποιμανηνδς
2575 4385 2853 4457 Stephano
2881 4386 3026 4440 reddi
3063 4385 3275 4440 debeat.
3308 4382 3436 4438 Scio
3456 4384 3617 4436 aliam

2052 4471 2224 4525 virum
2258 4471 2632 4527 doctissimum
2670 4471 2972 4539 ingressum
3005 4483 3129 4524 esse
3162 4469 3301 4521 viam
3330 4478 3384 4522 et
3412 4468 3621 4536 Ποιμα-

2050 4554 2209 4624 νιινὺν
2237 4555 2459 4609 Aristidi
2487 4554 2791 4610 restituisse
2822 4572 2837 4607 :
2870 4552 2962 4608 sed
2989 4568 3112 4607 cum
3155 4552 3623 4622 Ethnicograplms

2051 4637 2114 4691 τὸ
2146 4637 2360 4692 ὲΟνικὸν
2380 4636 2583 4708 ὁμοίως
2621 4636 2819 4692 inﬂecti
2851 4636 3110 4701 afﬁrmet,
3142 4635 3487 4706 Ποιμανηνὸς
3515 4636 3623 4689 uti-

2052 4737 2158 4791 que
2185 4724 2338 4776 abeo
2366 4723 2533 4776 venit.
2559 4721 2829 4776 Caeterum
2855 4720 3024 4776 series
3046 4720 3332 4775 Aristidem
3356 4720 3622 4775 orationis

2052 4805 2167 4856 ἐστι
2208 4804 2264 4856 δὲ
2314 4804 2661 4872 Ποιμανηνὺς
2688 4803 2968 4871 requirere
3002 4803 3238 4858 videtur.

2124 4885 2255 4939 Ibid.
2299 4884 2592 4954 Ἀρτεμέα.
2647 4886 2933 4939 Assentior
2960 4883 3009 4940 J.
3063 4884 3340 4938 llarduino
3375 4886 3428 4938 in
3465 4885 3621 4939 Plinii

2053 4984 2106 5034 v,
2148 4968 2217 5023 50
2245 4968 2518 5039 Ἀταρνέα
2570 4968 2790 5037 legenti.
2835 4966 3005 5021 Ilabct
3051 4968 3343 5021 Atarncatn
3396 4968 3622 5032 Plinius,

2053 5069 2171 5122 quae
2203 5052 2454 5106 Straboni
2487 5052 2807 5119 ’A‘rapvebg,
2854 5050 3129 5121 Stephano
3168 5051 3441 5123 I’Atdpva.

2124 5135 2262 5188 Ibid.
2305 5134 2567 5188 Ῥέιιετα.
2601 5134 2714 5188 Nisi
2761 5134 3019 5189 Ῥοίτειον
3048 5134 3102 5190 in
3130 5150 3261 5189 voce
3288 5134 3624 5188 reconditum

2054 5217 2146 5281 sit,
2180 5216 2313 5271 nihil
2342 5218 2406 5270 de
2435 5233 2497 5271 ea
2526 5232 2745 5273 novero.
2774 5217 3073 5272 Iibooeeutn
3108 5234 3136 5270 a
3162 5216 3338 5271 Plinio
3358 5216 3625 5272 Strabone

2054 5310 2217 5368 atque
2247 5299 2368 5353 aliis
2397 5315 2501 5353 non
2533 5310 2613 5353 cst
2649 5300 2974 5369 neglectum.

2129 5383 2259 5437 Ibid.
2300 5382 2553 5448 Βλάδος.
2598 5382 2824 5435 niuem
2848 5383 2962 5435 sive
2993 5379 3257 5435 Βλαῢνδον
3296 5380 3470 5448 potius
3496 5395 3624 5436 con-

2059 5465 2241 5520 cilium
2273 5466 2710 5519 Cbalcedunense
2756 5481 2807 5534 p.
2860 5464 2964 5517 575
3033 5465 3255 5519 urbibus
3286 5464 3466 5533 Lydia:
3500 5479 3625 5516 cou-

2063 5551 2284 5615 tribuit;
2340 5565 2437 5602 nec
2502 5550 2765 5603 dissident
2804 5559 3013 5602 veteres
3048 5548 3279 5603 Notitia‘.
3315 5546 3624 5602 Βλαυνδέων

2064 5631 2238 5697 nutni,
2278 5632 2551 5701 inquibus
2584 5633 2778 5686 ﬂuvius
2828 5630 3156 5702 Ἱππούριος,
3200 5642 3321 5686 sunt
3365 5631 3416 5686 itt
3473 5631 3623 5685 Thes.

2069 5714 2281 5772 lirium.
2312 5722 2443 5772 tom.
2468 5717 2534 5782 Il,
2570 5716 2689 5771 100.
2720 5717 2951 5772 Βλαῦδον
2986 5716 3037 5771 in
3075 5715 3254 5787 Lydia:
3285 5714 3479 5771 ﬁnibus
3510 5724 3628 5768 me-
