1990 3105
170 154 240 188 1113

170 213 322 240 Protostas.
340 211 417 241 Nunc
439 213 549 249 quidem
560 222 592 242 ea
606 216 716 250 praesidi
734 217 859 253 Phrygue
878 217 962 245 Palae-

170 255 250 281 stina:
265 254 431 287 inscribitur,
441 257 512 290 quod
527 253 578 284 nou
592 258 665 285 aliud
680 264 731 292 est,
750 266 832 294 quam
847 259 962 286 humano

170 297 253 329 capiti
277 297 400 324 territent
426 298 511 331 pictor
531 299 651 333 equinam
670 299 782 334 jungere
805 302 829 328 si
851 302 922 333 velit,
938 306 962 327 et

170 339 259 364 varias
275 339 398 366 inducere
409 339 513 372 plumas
529 341 644 375 undique
660 341 762 368 collatis
782 343 916 375 membris,
935 347 962 368 ut

170 381 282 413 turpiter
299 387 386 407 atrum
401 382 505 409 desinat
522 383 548 408 in
561 384 655 416 piscem
677 383 772 409 mulier
786 384 902 417 formosa
916 392 962 411 ru-

167 427 257 451 perne.
274 421 474 450 Animadvertit
489 429 513 450 ct
531 424 582 451 hoc
597 424 800 452 ertntitissimus
814 425 962 453 Gothofre-

168 462 230 494 dus,
254 462 301 490 sed
323 463 422 491 infelici
448 465 603 498 conjectura
631 465 723 500 Hygim
749 466 907 499 Palat-stium,
932 472 963 493 ut

169 503 310 531 Palmstina
327 504 460 533 Salutaris
474 506 520 538 sit,
536 505 643 533 nomina
661 506 801 534 substituit
817 517 824 534 :
844 512 873 534 ttt
888 507 961 534 enim

169 544 313 573 Palu-siina
330 546 463 574 Salutaris
476 548 534 575 sive
549 548 720 582 Σαλουταρία
738 548 764 575 in
779 556 858 576 conc.
875 549 962 583 Ephe-

169 586 228 614 sino
241 595 267 622 p.
285 587 338 614 470
354 592 381 615 et
395 587 495 615 Notitia
512 590 576 623 itnp.
595 589 701 616 Orient.
718 594 799 624 atque
816 590 880 617 alibi
897 590 962 624 legi-

169 632 222 659 tur,
236 629 297 662 quis
308 636 427 663 ttnqttam
439 629 551 664 Hygia")
565 631 710 664 appellavit
721 635 769 657 aut
779 631 869 658 vocari
882 638 962 665 posse

168 670 297 696 censuit?
313 671 419 698 cautius
436 673 602 705 navigasset,
624 672 646 698 si
669 672 813 707 Phrygiam
836 672 960 699 Pacatia-

167 718 243 741 nam.
260 719 342 745 quam
360 711 422 739 aliis
446 712 515 739 ltattd
541 713 740 747 displicituram
765 714 960 748 augurabatur,

169 752 310 787 amplexus
332 758 407 781 esset
430 762 437 780 :
459 762 520 781 nam
542 756 613 789 quod
637 757 687 783 sub
713 755 865 783 Theodosio
889 755 960 782 nulla

168 793 227 827 cjus
242 794 268 821 itt
282 794 370 822 indice
384 796 585 829 provinciarum
600 795 828 824 Schoonhoviano
842 797 871 824 lit
885 804 962 824 men-

170 835 217 866 tio,
235 835 260 862 id
276 837 414 864 enimvero
431 838 612 865 emendationi
630 839 697 866 nihil
713 839 812 867 oberit.
832 838 960 865 Scribuut

169 878 345 911 imperatores
356 878 558 907 Valentinianum
567 884 592 907 et
602 880 701 908 Valens
710 880 842 915 episcopis
853 880 960 907 Asiante

168 918 317 945 aliteceseos
328 919 451 954 interque
466 929 513 948 eos
523 922 578 952 τοῖς
591 922 750 954 ἐπισκόποις
763 921 959 957 Καροφρυγίας

168 960 344 995 ΙΙακατιανῆς
368 964 437 994 apud
452 962 654 991 Thcodoretunt
681 964 715 991 Ii.
736 964 769 991 Ε.
792 973 828 996 tv,
854 964 870 991 8
890 968 916 991 et
931 963 957 996 9,

169 1002 324 1037 nttllutnqtte
333 1003 365 1029 de
378 1003 520 1032 Pacatiaua
532 1006 685 1033 Theodosio
698 1007 860 1039 imperatore
870 1005 959 1040 priore

167 1043 276 1070 dubium
291 1045 456 1079 relinquunt.
474 1046 580 1073 Maneat
594 1055 658 1081 ergo
670 1047 806 1081 provincia
824 1047 881 1074 luce
892 1054 959 1082 prte-

168 1084 282 1115 sidialis,
296 1093 377 1119 quam
393 1087 444 1114 etsi
458 1088 635 1122 Capatianam
648 1097 709 1116 cutn
723 1089 902 1117 Constantino
913 1089 960 1116 im-

169 1131 292 1159 peratore
307 1127 324 1153 l.
344 1135 349 1154 I
364 1127 459 1155 Thcm.
478 1129 490 1155 l
506 1135 532 1156 et
548 1129 674 1157 Patribns
688 1131 782 1166 synodi
798 1130 959 1158 Laodiceam

169 1169 238 1199 apud
256 1167 429 1202 Bcveregium
447 1175 512 1198 tom.
527 1171 547 1203 l,
567 1179 593 1205 p.
612 1171 664 1199 453
678 1177 704 1199 et
716 1180 781 1200 mss.
796 1172 958 1205 quibusdam

167 1207 296 1236 Paullina:
321 1210 354 1236 ad
372 1210 542 1239 Timotheum
564 1213 691 1248 Epistolas
717 1219 809 1241 noster
832 1213 958 1248 appellet,

169 1254 258 1275 tanien
277 1249 460 1284 Pacalianam,
472 1252 565 1281 fretus
582 1254 777 1288 imperatorum
792 1260 819 1281 et
831 1255 959 1282 concilio-

169 1298 228 1317 rutu
251 1291 388 1326 Ephesini,
409 1294 650 1328 Chalcedonensis,
667 1296 957 1330 Constantinopolitani

169 1333 240 1359 tertii
254 1332 409 1368 Nic-antique
421 1335 544 1368 secundi,
558 1341 743 1371 prtelcreaque
755 1336 875 1364 Novella:
886 1337 920 1363 20
931 1341 959 1364 et

168 1374 284 1407 plurium
299 1375 420 1408 epistola:
436 1375 562 1403 Paulliua
578 1378 700 1405 codicum
714 1378 885 1410 attctoritale,
900 1386 957 1405 nta-

169 1415 252 1442 htero.
268 1415 339 1443 Idem
355 1417 476 1444 vocabuli
492 1418 568 1452 origo
581 1418 689 1451 suadet,
702 1427 783 1453 qttam
796 1418 901 1447 Latinis
914 1427 959 1446 ac-

168 1461 273 1490 ceptam
289 1457 376 1485 refero
387 1477 395 1489 ,
412 1459 518 1486 tametsi
546 1459 664 1486 nominis
676 1460 703 1486 in
721 1460 838 1487 obscuro
854 1468 956 1493 causa;

168 1498 238 1530 quod
249 1498 320 1525 enim
331 1499 364 1526 de
377 1499 535 1533 I’acatiauo,
544 1501 590 1535 qtti
605 1508 676 1527 anno
683 1501 735 1528 552
745 1508 806 1528 cum
818 1501 958 1529 Ililariano

167 1540 262 1566 consul
278 1543 411 1575 processit
434 1547 461 1569 et
475 1542 526 1569 sub
549 1541 727 1570 Constantino
745 1543 864 1577 praetorii
888 1551 957 1578 prte—

167 1580 302 1608 facturam
320 1579 544 1615 ’a-hninistravit,
570 1584 602 1612 (ἶ.
628 1584 787 1612 Pancirolus
803 1585 828 1612 in
856 1584 958 1612 Nolilia

168 1624 232 1658 imp.
251 1623 355 1652 Orient.
371 1633 395 1653 c.
414 1626 464 1653 125
483 1626 561 1660 jecit,
578 1626 605 1653 id
624 1627 650 1653 in
670 1635 762 1655 eorum
780 1635 879 1663 genere
893 1635 958 1655 cen-

167 1671 243 1693 setur
252 1675 311 1702 qua:
323 1668 440 1701 speciem
452 1676 507 1703 pra:
520 1676 549 1696 se
564 1669 664 1701 ferunt,
674 1674 702 1696 at
717 1676 782 1697 vero
793 1674 855 1697 sunt
868 1676 957 1701 cassa,

168 1709 316 1742 proraet-lim
341 1717 404 1737 cum
422 1711 579 1745 prmlectum
598 1712 717 1746 prtetorii
736 1711 866 1744 Orientis,
886 1711 957 1746 quod

166 1750 209 1777 vir
232 1751 329 1779 doctus
353 1752 511 1786 allirmahat,
539 1754 627 1788 egisse
655 1762 706 1781 nott
731 1759 880 1788 appareat;
903 1754 958 1780 into

167 1798 234 1818 vero
246 1792 400 1826 prtel'cctum
414 1794 498 1821 Italia:
513 1794 596 1822 fuisse
611 1795 628 1821 l.
641 1804 670 1828 tt,
683 1803 707 1822 c.
723 1794 773 1822 Th.
787 1796 819 1822 de
829 1794 955 1829 Sponsa].

168 1837 195 1859 ct
209 1833 228 1860 I.
243 1836 263 1866 t',
277 1842 301 1861 c.
314 1834 365 1862 Tit.
380 1837 413 1863 de
426 1836 519 1869 Suar.,
534 1839 604 1871 quod
622 1837 788 1865 Gotltol‘redo
801 1845 852 1863 non
870 1837 956 1867 latuit,

169 1875 274 1903 docent.
291 1875 477 1912 Carophrygia
495 1885 572 1911 vero,
588 1883 618 1905 ut
636 1886 668 1905 eo
689 1879 808 1911 redeant,
825 1878 876 1904 nisi
894 1885 956 1905 cum

171 1916 276 1944 Valesio
290 1925 383 1945 vocem
402 1919 428 1945 itt
444 1921 510 1946 duas
526 1919 680 1953 provincias
700 1920 869 1952 distraxeris,
883 1919 957 1946 dicta

169 1959 276 1986 censeri
294 1960 403 1993 poterit.
421 1962 491 1994 quod
506 1961 594 1988 Cariae
608 1961 730 1995 proxime
746 1961 955 1989 adhteresceret.

201 2003 261 2032 Col.
275 2004 337 2031 MSS.
354 2005 521 2032 Λαοδίκεια.
538 2004 613 2032 Hanc
638 2004 781 2038 provincia:
796 2004 956 2037 ntetropolin

166 2047 329 2081 subscriptio
338 2046 464 2081 Epistolas
471 2047 599 2075 Paullinre
609 2048 701 2081 primm
711 2048 742 2073 ad
750 2046 920 2073 Timotheum
930 2051 957 2073 et

168 2089 282 2115 concilia
295 2088 504 2124 Constantinop.
523 2089 632 2116 tertiunt
656 2097 682 2124 p.
702 2089 753 2116 496
764 2096 791 2116 et
809 2088 958 2116 Chalcedo-

168 2137 251 2157 ncnse
262 2130 409 2164 imponunt;
419 2138 534 2165 quorum
543 2131 623 2157 etiam
633 2131 767 2165 posterius
773 2130 957 2166 Τριμιταρίαν

169 2179 239 2198 novo
253 2172 331 2199 titulo
348 2172 465 2206 appellat
483 2180 509 2207 p.
529 2172 591 2199 I27.
609 2173 707 2200 Latina
733 2173 843 2207 quidem
866 2172 956 2199 versio

169 2219 196 2246 p.
223 2212 257 2240 92
278 2212 445 2240 Nunecbium
472 2214 629 2249 metropolis
658 2213 781 2249 Phrygiae
806 2213 957 2241 Pacatianae

169 2254 332 2281 Trimitariae
347 2256 503 2290 episcopum
521 2256 596 2288 facit,
612 2262 644 2283 ac
660 2262 739 2290 pmne
755 2255 786 2283 L.
807 2255 956 2283 Holsteiuio

168 2297 201 2322 ad
227 2295 405 2330 Stephanum,
428 2302 458 2324 ut
485 2297 629 2332 provincia:
656 2297 682 2324 id
703 2296 786 2324 fuisse
806 2304 954 2331 cognomen

168 2336 327 2370 conjiceret,
342 2338 476 2373 persuasit
489 2347 496 2365 :
514 2344 542 2365 at
559 2343 656 2373 praeter
669 2337 762 2365 Grzcca
776 2337 835 2370 ejus
847 2338 954 2365 concilii

168 2378 250 2405 verba
263 2379 338 2406 urbis
354 2386 414 2407 esse
425 2379 532 2407 titulum
544 2379 610 2406 Acta
624 2378 728 2406 Cosmus
747 2383 773 2406 et.
791 2379 915 2406 Datniani
927 2380 955 2406 in

168 2419 278 2447 Memno
293 2421 413 2447 secundo
429 2420 545 2448 concilio
559 2427 586 2455 p.
607 2420 661 2447 272
674 2420 816 2454 perspicue
833 2420 930 2447 docent
945 2428 954 2447 :

172 2462 302 2492 Ἐπιστὰς
325 2462 364 2494 δὲ,
390 2463 526 2496 inquiunt,
544 2463 577 2497 τῇ
604 2462 758 2488 Λαοδικέων
781 2462 868 2494 πόλει,
893 2464 955 2498 ἣτις

167 2504 351 2539 ἐπωνομάσθη
368 2505 385 2538 ἡ
404 2504 581 2540 Τριμιταρία.
607 2504 663 2531 Cur
686 2508 775 2530 autem
799 2503 953 2532 Triutitaria

166 2546 222 2572 sive
236 2544 396 2573 Trimetaria
413 2546 486 2581 (nam
505 2545 680 2581 Τριμηταρὶι
699 2551 725 2572 et
742 2546 923 2581 Τριμητανία,
940 2554 955 2574 e

167 2594 232 2614 mss.
247 2587 370 2614 Actorum
383 2587 528 2622 profertur)
545 2588 626 2615 fuerit
639 2592 794 2622 nuncupata
812 2587 953 2621 Laodicea,

166 2636 220 2656 non
238 2633 340 2656 temere
364 2630 469 2657 dixero.
493 2629 553 2657 Fuit
569 2637 631 2657 cum
658 2630 785 2663 opinarer
806 2637 838 2657 cx
862 2630 915 2656 situ
929 2631 954 2657 id

166 2671 283 2698 nominis
300 2678 360 2697 eam
377 2672 525 2705 accepisse,
542 2678 622 2706 quem
638 2671 663 2698 in
679 2671 802 2707 Phrygia:
815 2671 954 2707 Cariaeque

167 2711 277 2742 ﬁnibus,
288 2716 318 2738 ut
332 2719 364 2738 ex
381 2712 547 2739 Philostrato
560 2717 587 2740 ct
600 2712 739 2740 rarissimo
753 2720 845 2745 numo,
857 2714 889 2740 dc
901 2721 954 2749 quo

165 2751 209 2779 ιο.
225 2752 331 2780 Masson
352 2753 418 2781 Vita:
432 2754 558 2781 Aristidis
572 2762 595 2786 ν,
612 2754 655 2785 Η,
668 2759 782 2787 constat,
800 2755 955 2790 pariterque

165 2799 193 2821 et
217 2793 319 2829 Lydite,
336 2795 378 2821 cui
396 2799 538 2829 propterea
560 2795 713 2830 Stephanus
735 2795 869 2829 attribuit,
885 2797 954 2824 obti-

166 2837 257 2865 nebat.
272 2837 293 2863 Α
308 2843 376 2864 meta
392 2837 528 2865 Arnobius
543 2838 671 2865 melarias
687 2839 953 2874 circumscriptiones

166 2878 310 2908 formavit:
335 2879 396 2908 hinc
408 2878 539 2908 Laodicea
553 2879 725 2915 'I'rintctaria,
740 2887 798 2916 quae
813 2881 840 2909 in
852 2881 951 2910 finibus

558 160 753 192 COMMENT.
774 162 815 192 ΙΝ
835 138 1042 194 HIEIIOCLIS
1062 162 1330 198 SYNECDEIlUM.

1727 163 1797 201 I114

1018 220 1099 248 trium
1127 227 1199 250 esset
1222 224 1443 258 provinciarum,
1467 223 1520 252 dici
1546 232 1626 260 posse
1651 225 1803 255 vidchatur.

1016 261 1115 289 Verttm
1132 271 1227 298 urgere
1243 266 1287 292 illa
1301 273 1352 292 non
1368 266 1466 294 ausim.

1048 302 1116 331 Ibid.
1141 304 1316 340 'Iepdzolic.
1334 307 1520 342 Metropolium
1542 309 1666 344 catalogo
1690 313 1715 336 et
1734 310 1804 336 hanc

1013 343 1126 372 Carolus
1139 354 1153 373 a
1168 345 1195 373 S.
1211 346 1294 373 Pattlo
1308 349 1421 376 inseruit
1439 357 1492 376 non
1509 351 1569 377 sine
1584 343 1717 378 consensu
1734 358 1801 377 cono

1013 386 1067 427 cilii
1082 386 1288 423 Constantinop.
1303 390 1386 421 tertii,
1403 391 1445 417 ctti
1463 391 1580 419 Sisiuius
1594 393 1737 427 episcopus
1751 392 1803 426 τῆς

1017 426 1203 469 Ἰεροπολιτῶν
1228 430 1421 465 μητροπόλεως
1451 432 1501 465 τῆς
1525 433 1640 467 Φρυγῶν
1664 433 1798 469 ἐπαρχίας

1012 474 1039 501 p.
1056 467 1107 495 496
1121 469 1276 496 subscribit.
1293 470 1346 498 Nec
1360 472 1496 499 ccnsemla
1510 477 1598 500 tamen
1614 474 1668 501 veri
1684 467 1803 502 nominis

1011 512 1054 535 est
1078 510 1246 544 metropolis,
1277 512 1323 538 sed
1351 513 1513 545 honoraria;
1543 521 1596 548 qtto
1617 513 1677 547 jure
1698 523 1748 542 nec
1775 515 1802 542 in

1012 549 1148 583 Ephesiuo
1159 559 1245 585 neque
1254 551 1484 587 Cltalcedonensi,
1496 555 1546 582 etsi
1559 556 1592 582 de
1602 555 1691 589 priore
1703 555 1733 583 L.
1746 554 1804 582 Hol-

1011 591 1124 619 steinius
1145 593 1328 627 suspicionem
1349 594 1450 628 injecit,
1468 603 1515 622 usa
1534 596 1594 623 l'uit.
1613 595 1682 624 Vide
1704 596 1802 631 Ephesi

1011 633 1076 660 Actu
1092 642 1116 668 p.
1135 634 1188 661 553
1203 639 1230 661 et
1243 635 1339 662 Anton.
1355 635 1421 662 Itin.
1440 644 1467 670 p,
1482 637 1544 664 557.

1046 674 1114 702 Ibid.
1131 676 1267 702 Μόσυνα.
1283 676 1441 704 Gennadius
1455 677 1583 713 Μοσύνης
1597 679 1675 706 estin
1691 679 1803 707 Chalce-

1011 714 1074 742 don.
1095 723 1121 749 p.
1141 716 1194 742 2‘28
1211 721 1238 743 et
1253 717 1387 744 Μοσύνων
1401 727 1426 753 p.
1443 718 1507 752 668,
1524 719 1549 746 itt
1565 719 1801 754 Constantinopol.

1012 757 1102 787 tertio,
1119 764 1146 791 p.
1160 756 1217 784 678
1230 756 1349 785 Joannes
1363 759 1413 792 τῆς
1432 760 1581 787 Μοωνέων
1596 761 1701 793 πόλεως
1715 762 1803 796 ἐπαρ-

1010 797 1073 832 χίας
1086 798 1209 836 Φρυγῶν,
1229 804 1308 833 atqtte
1324 800 1385 827 hinc
1401 800 1523 835 Mossyni
1541 808 1690 830 conventus
1703 802 1803 838 Perga-

1011 839 1084 866 meni
1109 840 1179 874 apud
1198 840 1313 868 Plinium
1341 850 1366 874 ν,
1382 842 1427 869 50.
1443 842 1548 869 Nomen
1573 843 1633 869 urbi
1651 844 1684 870 ab
1700 844 1802 871 :cdihus

1012 881 1186 916 turribusque
1207 881 1302 916 ligneis
1325 883 1431 910 venisse
1448 883 1576 913 videtun:
1593 885 1695 917 μόσσυν
1715 883 1802 919 Ilesy-

1012 922 1074 949 chio
1098 928 1124 950 et
1145 923 1285 957 Apollonio
1306 924 1411 952 Rhodio
1425 932 1457 957 tt,
1474 924 1525 952 585
1540 930 1580 952 est
1595 926 1709 961 πύργος.
1725 926 1801 952 M6:-

1012 971 1097 997 συνοι,
1122 962 1281 992 scholiastcs
1306 966 1439 1000 Apollonii
1470 966 1516 998 ait,
1543 966 1574 993 Οί
1599 966 1699 999 ξύλινοι
1719 964 1799 994 οἴκοι.

1009 1004 1087 1037 Quod
1115 1006 1202 1039 ipsum
1227 1006 1342 1033 allirmat
1375 1006 1522 1041 Xenophon
1552 1007 1651 1041 Emped.
1684 1008 1745 1042 Cyr.
1773 1015 1799 1039 v,

1009 1053 1036 1080 p.
1059 1046 1135 1073 276:
1159 1047 1188 1074 '0
1205 1047 1234 1073 δὲ
1258 1047 1385 1082 βασιλεὺς
1406 1048 1495 1075 αὐτῶν
1517 1049 1530 1074 ὁ
1551 1049 1579 1074 ὲν
1597 1049 1636 1083 τῷ
1653 1049 1747 1084 μόσυνι
1760 1049 1801 1084 τῷ

1008 1088 1051 1114 ἐπ’
1064 1088 1148 1123 ἄκρου
1161 1088 1363 1124 ᾠκοδομημένῳ
1373 1089 1422 1117 οὐκ
1441 1089 1537 1125 ἢθελεν
1548 1090 1678 1123 ἐξελθεῖν,
1696 1090 1758 1117 οὐδὲ
1774 1091 1799 1116 οἱ

1008 1130 1037 1155 ὲν
1048 1129 1086 1164 τῷ
1098 1130 1231 1164 πρότερον
1246 1131 1383 1165 αἱρεθέντι
1395 1132 1498 1166 χωρίῳ,
1513 1131 1572 1158 ἀλλ’
1584 1131 1667 1158 αὑτοῦ
1685 1132 1734 1158 σὺν
1743 1133 1800 1162 τοῖς

1010 1170 1136 1205 μοσύνοις
1149 1171 1369 1207 κατεκαύθησαν.
1381 1172 1412 1199 Et
1427 1171 1550 1207 Orpheus
1564 1173 1711 1208 Argonattt.
1725 1174 1777 1200 759
1790 1181 1798 1199 :

1008 1212 1075 1239 Λαοῖ
1087 1221 1116 1239 τε
1134 1213 1253 1249 βὶχειρες
1287 1214 1390 1249 μίγδην
1405 1214 1434 1240 ὲν
1452 1214 1594 1249 pectit/stat.
1614 1215 1694 1241 πέδον
1721 1224 1800 1249 περι-

1008 1255 1174 1281 ναιετάουσι.
1189 1256 1234 1283 Sic
1248 1255 1319 1282 cnim
1332 1256 1440 1290 scripsit
1453 1264 1460 1283 :
1478 1263 1539 1282 natu
1547 1256 1607 1283 λαοί
1623 1256 1646 1282 τ’
1661 1256 1802 1291 ὲπίχειρες

1007 1296 1201 1323 obstetricante
1216 1296 1323 1324 inscitia
1340 1297 1480 1324 librarium
1493 1297 1575 1332 geniti
1593 1302 1666 1329 sunt,
1687 1302 1715 1323 ttt
1731 1297 1801 1324 bene

1008 1336 1184 1364 llolsteiuius.
1209 1337 1300 1373 Longe
1320 1338 1428 1372 quidem
1446 1339 1609 1373 Mosyuoeci,
1629 1346 1699 1373 quos
1713 1337 1800 1365 Xeno-

1007 1379 1078 1415 phon
1091 1384 1117 1407 et
1132 1379 1288 1415 Apollonius
1300 1380 1468 1412 describunt,
1479 1388 1493 1407 a
1506 1380 1623 1415 Phrygia
1639 1380 1776 1407 distabant
1790 1390 1797 1409 :

1006 1422 1072 1457 quid
1092 1426 1183 1449 autem
1207 1422 1331 1456 prohibet
1346 1423 1417 1457 quod
1437 1423 1526 1450 minus
1541 1421 1625 1449 multa
1647 1428 1708 1449 cttm
1730 1421 1800 1449 auti-

1007 1463 1137 1498 quissima
1168 1463 1302 1498 Phrygum
1330 1469 1427 1498 gente,
1455 1463 1478 1490 si
1504 1469 1658 1491 sermonem
1681 1469 1799 1498 spectes,

1007 1505 1161 1533 communia
1176 1504 1303 1532 habuisse
1318 1504 1471 1532 fateantur!

1042 1546 1110 1574 Ibid.
1124 1546 1271 1579 εἈττυδα.
1293 1546 1403 1574 Rectius
1418 1546 1560 1579 Ἃττουδα,
1579 1546 1651 1574 unde
1670 1546 1796 1582 Symma-

1007 1588 1086 1615 chius
1107 1588 1211 1619 πόλεως
1230 1587 1380 1614 Ἀττούδων
1396 1588 1422 1615 in
1446 1586 1661 1615 Chalcedonensi
1685 1596 1711 1623 p.
1734 1588 1797 1615 674.

1008 1628 1040 1655 Et
1057 1629 1194 1664 Ephesino
1208 1637 1233 1663 p.
1249 1629 1302 1657 555
1317 1628 1478 1656 Hermolaus
1490 1628 1596 1660 πόλεως
1613 1629 1797 1661 Σαττουδὲων,

1008 1671 1096 1698 littera
1125 1672 1224 1706 prioris
1243 1671 1370 1698 vocabuli
1393 1670 1487 1697 ultima
1513 1670 1704 1708 intempestive
1723 1672 1799 1698 urbis

1008 1713 1139 1740 vocabulo
1161 1720 1304 1744 connexa.
1327 1712 1404 1747 pejus
1432 1712 1457 1739 in
1483 1712 1691 1746 Constantinop.
1718 1712 1798 1739 tertio

1007 1763 1033 1789 p.
1047 1755 1098 1783 678
1111 1755 1264 1789 Stephanus
1274 1755 1376 1786 πόλεως
1388 1754 1516 1782 Ἀττάδου
1527 1755 1641 1790 Φρυγῶν
1653 1755 1799 1790 ἐπαρχίας.

1007 1796 1108 1824 Numos
1134 1797 1307 1830 ’Λττουδέων,
1334 1796 1418 1824 Diana
1444 1796 1560 1831 Ephesia
1590 1801 1617 1823 ct
1642 1796 1741 1831 Cybele
1766 1803 1799 1823 ac

1008 1838 1111 1866 Baccho
1143 1839 1307 1874 inscriptos.
1342 1838 1473 1866 Tlternur.
1506 1838 1610 1866 Britan.
1644 1843 1798 1866 exstructor

1007 1879 1039 1906 Ν.
1060 1879 1189 1915 Ilayutius
1212 1886 1277 1907 tom.
1295 1879 1327 1912 Il,
1354 1887 1380 1914 p.
1396 1880 1427 1907 9i
1450 1879 1524 1906 dedit
1542 1880 1683 1914 egregios;
1709 1887 1800 1913 neque

1008 1922 1136 1955 prmtcriil
1147 1921 1315 1954 Ilarduiuus,
1329 1921 1379 1948 clsi
1395 1922 1465 1949 male
1478 1922 1558 1948 Plinii
1571 1929 1597 1953 v.
1614 1922 1649 1948 52
1662 1922 1797 1955 Attusam,

1007 1963 1106 1998 quippe
1130 1963 1262 1998 Bithyniae
1278 1963 1372 1991 urbem
1389 1968 1415 1990 et
1429 1962 1509 1990 l’linii
1529 1967 1609 1991 a:talc
1625 1963 1797 1996 subversam,

1007 2012 1068 2033 cum
1081 2005 1132 2032 hac
1145 2005 1326 2032 contenderit.

1041 2047 1110 2074 Ibid.
1142 2046 1387 2080 Τραπεζούπολις.
1419 2047 1551 2074 Memorat
1580 2051 1679 2083 prtcter
1707 2045 1798 2074 Ptole‘

1007 2095 1104 2116 inicum
1118 2088 1188 2116 hanc
1199 2088 1323 2124 Phrygia:
1336 2090 1430 2119 urbem
1446 2089 1574 2117 Socrates
1591 2090 1617 2116 Il
1640 2088 1673 2116 Ε.
1690 2097 1737 2123 vn,
1750 2089 1796 2119 56,

1007 2129 1084 2164 cujus
1099 2130 1241 2165 episcopus
1259 2131 1285 2158 itt
1303 2130 1420 2159 consilio
1434 2131 1577 2159 Constant.
1595 2130 1676 2157 tertio
1695 2137 1722 2164 p.
1743 2130 1797 2157 (3M

1006 2170 1145 2206 Eugenius
1172 2172 1277 2204 πόλεως
1302 2171 1455 2208 Τραπεζῶν
1483 2171 1659 2206 Πακατιανῆς
1686 2171 1796 2199 dicitur.

1007 2211 1164 2241 llarduinus
1180 2221 1241 2241 cutn
1266 2221 1326 2241 eam
1346 2214 1373 2241 iu
1399 2215 1495 2242 iterata
1515 2213 1593 2241 Plinii
1620 2213 1739 2240 editione
1762 2213 1797 2240 ad

1005 2255 1220 2290 promontorium
1236 2255 1384 2295 Trapcsam
1399 2256 1578 2291 Hellesponti,
1588 2263 1644 2290 quo
1655 2255 1687 2282 de
1703 2254 1739 2281 Ν.
1761 2254 1797 2282 Ii.

1005 2304 1032 2328 v,
1053 2296 1097 2329 30,
1113 2296 1206 2330 refert,
1224 2302 1251 2325 ct
1268 2297 1403 2325 Ptolemaei
1418 2303 1446 2325 et
1459 2297 1537 2324 Plinii
1554 2297 1609 2330 sui,
1623 2297 1796 2332 Trapczopo-

1005 2339 1066 2366 Iitas
1080 2339 1151 2367 haud
1166 2347 1232 2367 sane
1247 2341 1418 2375 negligentis,
1429 2340 1530 2368 oblitus
1544 2340 1663 2367 videtur.

1040 2381 1109 2408 Ibid.
1131 2383 1297 2410 Κυλίω-σαί.
1318 2383 1431 2410 Rectum
1449 2383 1500 2409 ltoc
1516 2386 1557 2410 est
1576 2391 1583 2410 :
1601 2383 1630 2409 ὲν
1640 2381 1796 2409 Κολασσαίς

1004 2422 1056 2456 τῆς
1070 2423 1191 2457 Φρυγίας
1205 2423 1347 2459 Polyaenus
1360 2431 1408 2455 vtt,
1421 2424 1464 2450 16.
1477 2423 1663 2450 Thcodorelus
1681 2423 1707 2448 in
1721 2421 1794 2448 Pauli

1005 2465 1038 2491 ad
1058 2464 1137 2498 hujus
1156 2465 1233 2492 urbis
1251 2465 1351 2491 incolas
1373 2465 1515 2499 epistolam
1535 2474 1541 2492 :
1558 2464 1608 2498 τῆς
1627 2464 1655 2489 δὲ
1673 2462 1795 2498 Φρυγίας

1005 2507 1033 2532 al
1060 2505 1217 2532 Κολασδοιί·
1245 2507 1413 2541 μητρόπολις
1436 2506 1464 2533 δὲ
1481 2506 1565 2541 αὐτῆς
1587 2507 1634 2532 καὶ
1653 2505 1751 2539 γείτων
1776 2505 1794 2538 ή

1005 2547 1162 2574 Λαοδίκεια.
1187 2547 1263 2575 Unde
1281 2548 1352 2575 haud
1374 2548 1451 2583 longe
1467 2547 1602 2575 Laodicea
1618 2546 1792 2574 dissociatam

1005 2588 1089 2616 fuisse
1105 2595 1217 2623 apparet
1232 2599 1238 2617 :
1254 2589 1406 2617 llcrodotus
1422 2597 1471 2623 vn,
1488 2590 1522 2617 50
1537 2589 1608 2623 Lyco
1626 2589 1698 2615 atntti
1715 2595 1794 2622 appo-

1006 2631 1054 2661 nit.
1071 2636 1096 2658 et
1118 2632 1195 2658 πόλιν
1220 2632 1341 2667 μεγάλην
1359 2632 1479 2667 Φρυγίας
1505 2631 1631 2666 appellat.
1654 2627 1750 2657 Inculti:
1764 2629 1791 2656 in

1006 2673 1097 2701 multis
1110 2673 1227 2700 Pauliute
1245 2673 1372 2708 Epistola:
1390 2682 1455 2701 mss.
1479 2674 1631 2705 Καλασσείς
1647 2678 1673 2699 et
1693 2671 1790 2699 concil.

1005 2716 1076 2742 Actis
1093 2715 1230 2742 dicntttur.
1249 2715 1344 2742 Serior
1365 2722 1432 2743 :ctas
1454 2715 1562 2750 Clt_ouas
1585 2715 1699 2747 vocavit,
1722 2714 1792 2740 unde

1005 2756 1149 2785 Dositheus
1178 2757 1321 2792 episcopus
1348 2756 1449 2784 Χωνῶν
1478 2758 1504 2784 in
1536 2756 1643 2784 Nicazno
1671 2756 1793 2783 secundo

1005 2806 1031 2832 p.
1047 2797 1114 2830 596;
1130 2806 1214 2832 quare
1231 2806 1374 2833 perperam
1389 2798 1458 2825 idcnt
1475 2798 1572 2833 praisul
1589 2805 1615 2833 p.
1632 2798 1684 2825 574
1694 2797 1792 2824 Ψόνων

1004 2840 1063 2875 ἦτοι
1081 2839 1227 2866 Κολασσῶν
1245 2844 1272 2867 et
1285 2847 1312 2876 ι).
1325 2840 1377 2868 557
1394 2840 1546 2873 Ψονοῦντος
1558 2841 1617 2877 ἦτοι
1629 2839 1790 2867 Κολασσὲων

1005 2883 1090 2912 audit.
1111 2881 1179 2911 Vide
1193 2888 1221 2911 et
1237 2881 1369 2919 Nicctam,
1382 2883 1459 2919 cujus
1473 2891 1504 2912 ca
1521 2884 1606 2920 patria
1618 2884 1678 2917 fuit,
1690 2881 1788 2911 Annal-
