3958 6216
415 305 558 374 1115

1440 297 1823 360 ADDENDA.
1855 317 1926 329 --
1951 291 2018 354 Ρ.
2060 283 2568 352 WESSELINGII

3533 274 3704 340 ωε

398 428 437 481 I.
469 425 566 479 ult.
603 438 655 494 p.
689 421 797 476 313
826 427 879 474 et
913 433 965 487 p.
999 417 1090 483 89,
1126 414 1216 470 ubi
1250 413 1466 480 Χώνας,
1503 414 1658 467 πόλιν
1682 408 1974 494 εὐδαίμονα

2106 399 2308 471 Ξμύρνῃ
2327 398 2390 452 τὸ
2416 399 2447 469 β
2469 398 2634 452 fuisse
2661 394 2914 451 traditur.
2949 393 3092 450 Asia
3110 389 3476 494 sacerdotium
3503 393 3714 494 malm

399 509 493 561 xui.
536 488 798 575 μήαλην,
848 501 1012 555 πάλαι
1043 499 1139 562 τὰς
1182 498 1475 562 Παλασσὰς
1520 497 1572 551 itt
1605 495 1769 550 Basil.
1810 488 1973 551 edil.,

425 604 712 656 turpi-rant.

766 663 1476 735 Κερετάπα.Κερεταπέων
1493 658 1638 712 numi
1668 655 1807 725 apud
1843 652 1979 708 Iiar-

403 757 630 808 dttiuum
655 763 708 807 et
735 749 1078 804 Vaillautiuttt
1106 750 1207 802 ltoc
1238 747 1474 798 ﬁrmant.
1499 740 1708 808 Corrigi
1733 752 1862 806 ergo
1882 735 1982 790 de-

404 837 532 890 bent
559 833 870 888 Tlteodnlus
909 830 1272 900 Χαιρετάπων
1302 826 1403 893 τῆς
1442 824 1676 893 Φρυγίας
1707 820 1844 889 apud
1878 819 1982 873 So-

401 930 608 975 cratem
636 916 706 970 11.
724 915 788 968 Ε.
822 931 882 975 tt,
918 913 1008 976 10,
1026 912 1370 977 Philetasque
1392 908 1598 968 πόλεως
1620 903 1983 974 Χαιρετὰπων

409 1003 736 1057 Chalcedon.
769 1013 821 1067 p.
854 996 978 1061 674,
1015 1003 1068 1048 ct
1103 993 1327 1047 Michael
1365 991 1720 1062 Χαιρετόπων
1761 988 1814 1041 in
1843 985 1984 1040 Actis

405 1082 606 1138 l‘iicmni
641 1079 861 1136 secundi
887 1077 1083 1132 concil.
1100 1093 1151 1146 p.
1172 1075 1299 1138 556,
1323 1087 1484 1142 atque
1503 1074 1746 1126 Andreas
1773 1071 1983 1139 cpisco-

406 1181 506 1235 pus
535 1161 897 1234 Ἀερυγαπῶν
921 1160 1270 1230 Πακατιανῆς
1298 1159 1349 1212 itt
1380 1156 1794 1223 Constantittop.
1823 1152 1986 1207 tertio

423 1265 460 1304 ι.
481 1248 606 1302 674.

423 1266 460 1304 ι,
481 1266 606 1302 οη.

408 1266 426 1320 ι
481 1331 614 1386 Ibid.
649 1332 1030 1400 Θεμεσόνιος.
1062 1327 1136 1379 Ita
1169 1341 1331 1378 manu
1363 1322 1577 1378 exarati
1617 1320 1850 1382 codices,
1893 1317 1986 1386 qui

409 1415 750 1484 Θεμεσὼνιον
795 1413 980 1466 verius
1010 1411 1332 1481 probassent
1365 1409 1433 1459 ob
1465 1404 1754 1459 Strabonis
1795 1402 1992 1456 Pausa-

2081 493 2199 536 erat
2251 482 2649 552 amplissimum
2693 495 2758 534 ac
2811 480 3024 550 magnis
3069 476 3266 546 opibus
3309 475 3626 545 Prazslabat.
3680 489 3704 524 :

2079 566 2351 635 Στέφανος
2395 565 2452 618 δὲ
2483 558 2639 627 οὗτος
2689 563 2858 626 πολὺς
2888 563 2982 616 καὶ
3028 560 3168 629 ὑπὲρ
3206 559 3422 614 πολλῶν
3452 558 3696 631 χρημὰα

2080 666 2221 714 των,
2252 649 2427 716 inquit
2459 649 2509 703 itt
2540 646 2862 717 Scopeliauo
2889 645 3271 700 Philostratus.
3293 643 3489 704 Sacra,
3521 645 3682 697 cari

2083 733 2292 787 monias
2336 733 2635 801 ludosque,
2668 733 2809 785 unde
2849 731 2902 784 in
2946 727 3352 797 Apltrod'rsiensi
3393 741 3696 781 marmore

2086 814 2320 882 Apulius
2360 831 2422 868 ea
2457 815 2678 869 mandat
2721 829 2840 882 quae
2882 813 3036 867 ludos
3065 819 3334 880 spectant,
3359 809 3646 863 curabant
3673 826 3701 872 ;

2085 897 2228 966 quod
2256 898 2431 968 ipsum
2485 898 2704 951 urbium
2739 910 2960 964 quoque
3005 892 3384 949 sacerdotibus
3433 901 3562 944 erat
3600 894 3692 942 in-

2079 978 2354 1048 junctum.
2395 979 2466 1034 De
2501 979 2852 1050 Pergatneuis
2881 991 3011 1032 sane
3051 991 3080 1029 a
3112 975 3319 1031 Galeno
3356 975 3692 1029 Commcn’.

2087 1064 2215 1133 περὶ
2237 1063 2430 1133 ἀγμῶν
2457 1078 2539 1124 ttt,
2579 1077 2634 1129 p.
2653 1061 2758 1115 565
2789 1063 3069 1124 docemur,
3113 1057 3411 1129 quotannis
3445 1072 3692 1110 munera

2087 1146 2407 1214 gladiatoria
2457 1147 2619 1200 edere
2663 1145 2848 1200 solitos
2894 1163 2909 1200 :
2954 1145 3066 1198 Kal.
3111 1142 3348 1213 μάλιστα
3390 1142 3455 1193 ὲν
3501 1141 3694 1210 Θέμι,

2090 1229 2211 1282 καθ’
2237 1229 2296 1281 ὂν
2319 1228 2510 1298 καιρὸν
2527 1227 2614 1281 ἀεὶ
2645 1229 2774 1297 παρ’
2799 1228 2930 1297 ἡμῖν
2955 1228 3013 1280 ἐν
3046 1225 3324 1296 Περγάμῳ
3344 1223 3462 1276 τῶν
3485 1224 3684 1294 ἀρχιεο

2093 1310 2230 1378 ρέων
2267 1312 2366 1374 τὰς
2401 1310 2742 1378 καλουμένας
2777 1308 3112 1380 μονομαχίας
3146 1307 3690 1374 ὲπιτελοῦντωνοιμιὶ

2091 1395 2339 1461 quamvis
2371 1394 2744 1449 multitudinis
2786 1402 2970 1448 utatur
3003 1406 3251 1456 numero,
3292 1392 3461 1444 tmitts
3492 1402 3689 1442 tamen

412 1473 516 1550 nite
544 1507 600 1550 et
629 1495 893 1566 Stephani
930 1473 1298 1548 concordiam.
1334 1488 1678 1559 Θεμισονέων
1711 1497 1990 1538 nummum
2091 1475 2413 1547 Pergameni
2444 1477 2632 1532 eodem
2660 1486 2904 1544 tempore
2932 1474 3126 1529 sttmmi
3164 1473 3410 1542 praesulis
3438 1473 3684 1540 disposi-

411 1579 576 1634 babet
598 1564 752 1632 Thes.
776 1577 982 1632 Britan.
1009 1587 1140 1630 tom.
1173 1575 1214 1638 I,
1240 1590 1292 1644 p.
1316 1572 1441 1626 269.
1472 1567 1836 1639 Θεμισωνέων
1866 1564 1988 1633 pltt-

415 1676 503 1716 res
535 1659 872 1725 Vaillantius,
912 1661 954 1713 si
1004 1672 1182 1713 tamen
1199 1655 1533 1711 ‘earumdem
1567 1652 1782 1707 urbium
1817 1647 1890 1704 illi
1918 1647 1994 1702 itt-

414 1744 546 1800 cola:
579 1744 802 1809 fuerint,
833 1761 936 1814 qua
969 1745 1037 1798 de
1066 1759 1122 1795 re
1153 1743 1288 1796 alias
1316 1752 1638 1808 qumremus.

487 1827 626 1882 Ibid.
657 1829 1009 1881 Oi'aJt-zrrla.
1038 1826 1332 1878 Pantaleon:
1355 1824 1645 1892 episcopus
1666 1815 1994 1876 Οὐαλεντίας

415 1907 636 1964 Νἰαιειιο
672 1911 909 1965 secundo
941 1926 995 1978 ιι.
1041 1908 1147 1962 ’556
1180 1907 1370 1971 adfuit,
1407 1917 1768 1973 perverseque
1805 1917 1858 1971 p.
1889 1898 1994 1954 597

416 1991 682 2055 Γαλατίας
711 1992 878 2048 fuisse
901 1992 1120 2045 dicitur.
1143 1989 1410 2042 Potuisset
1434 1986 1660 2041 Carolus
1685 2000 1714 2038 ει
1746 1983 1804 2039 S.
1833 1981 1996 2039 Paulo

417 2075 520 2129 bac
558 2076 690 2130 utbe
719 2075 1014 2144 Ccograplt.
1057 2072 1210 2127 Sacr.
1254 2069 1605 2140 locupletare.

491 2158 622 2212 Ibid.
656 2159 909 2222 Σαναός.
941 2157 1032 2210 Sic
1053 2166 1106 2210 et
1139 2154 1336 2208 Strabo
1367 2169 1465 2220 χιι,
1495 2169 1548 2221 p.
1577 2152 1681 2208 576
1699 2160 1753 2206 et
1781 2148 2002 2205 Chalce-

420 2240 550 2298 don.
585 2242 782 2298 concil.
824 2257 875 2308 p.
909 2240 1034 2301 671,
1063 2238 1152 2292 ubi
1186 2237 1484 2291 Antiochus
1512 2235 1719 2292 πόλεως
1754 2232 1996 2286 Σαναῶν.

496 2325 636 2379 ibid.
664 2325 1082 2388 Κονιούπολις.
1111 2322 1296 2377 Contta
1347 2329 1403 2374 et
1446 2319 1587 2388 apud
1625 2317 1995 2371 l’toletnzeutu.

422 2415 479 2461 et
507 2407 735 2461 Coninm
775 2407 916 2474 inter
950 2405 1198 2474 Phrygia:
1231 2404 1392 2458 nrbes
1419 2403 1472 2456 itt
1505 2400 1679 2456 Plinio
1711 2413 1764 2464 ν,
1797 2396 1887 2462 ⁸52,
1909 2395 2002 2450 sed

420 2505 488 2544 ex
515 2488 770 2544 Ilarduini
805 2489 1184 2544 emendatione
1218 2505 1234 2543 :
1265 2496 1390 2540 ante
1421 2485 1660 2540 Iconium
1681 2489 1816 2537 erat.
1853 2479 2004 2536 Situ-

431 2571 595 2640 pulis,
623 2588 741 2642 quae
770 2575 1036 2644 sequitur,
1069 2571 1303 2625 nondum
1335 2569 1461 2622 alibi
1497 2567 1656 2621 lecta.

492 2652 627 2710 Ibid.
672 2657 926 2724 Κράσος.
979 2656 1224 2724 Phrygiae
1267 2654 1454 2707 urbem
1483 2650 1736 2715 Crasum,
1785 2645 2005 2715 Κράσον

425 2737 527 2804 τῆς
554 2738 820 2806 Φρυγίας,
853 2741 919 2790 ad
954 2754 1116 2805 quatn
1152 2735 1486 2803 Nil-ephorus
1518 2732 1816 2800 imperator
1845 2745 1874 2781 a
1903 2729 2004 2783 Sa-

421 2822 638 2876 racenis
685 2823 871 2891 ιιι-ωηο
922 2821 1087 2874 Ini-rit
1133 2820 1330 2886 victus,
1376 2818 1738 2885 Theophanes
1770 2817 2005 2871 Chrono-

421 2907 612 2976 grnplt.
655 2921 708 2975 p.
773 2904 879 2960 406
930 2905 1110 2960 obiter
1151 2915 1442 2961 memorat.
1493 2903 1665 2970 Quam
1717 2917 1847 2956 vero
1899 2902 2006 2957 huc

425 2990 608 3044 retulit
645 3004 707 3044 ex
747 2987 952 3044 Caleno
983 2990 1111 3059 περὶ
1139 3005 1296 3062 τροφ.
1327 2986 1526 3057 δυνάμ.
1557 3002 1609 3056 p.
1640 2985 1750 3040 3I2
1781 2985 2009 3041 Crasso-

424 3073 570 3140 polin
593 3073 724 3129 Abr.
755 3072 1018 3141 Ortelius,
1049 3089 1112 3129 ea
1142 3072 1518 3128 diversissima
1545 3079 1652 3136 est,
1680 3077 1739 3126 ut
1763 3085 1862 3125 suo
1891 3069 2010 3126 loco

423 3158 728 3214 Ostendam.
1210 3216 1232 3223 ν

499 3240 632 3295 Ibid.
667 3241 928 3297 Λοῦνὸα.
957 3243 1179 3298 Rectum
1217 3245 1320 3298 hoc
1344 3257 1465 3298 esse
1525 3238 1864 3309 Nicephortts
1895 3239 2012 3310 epi-

424 3336 456 3378 s
487 3339 622 3392 opus
679 3325 886 3388 πόλεως
952 3324 1203 3380 Δούνδων
1257 3325 1313 3380 in
1369 3325 1513 3380 Actis
1562 3322 1764 3378 Nic-teni
1792 3322 2012 3377 secundi

427 3421 483 3473 p.
517 3405 642 3468 574,
672 3407 886 3462 tametsi
917 3421 971 3473 p.
1001 3407 1106 3461 357
1131 3407 1370 3460 Δουῒδων
1391 3407 1601 3460 feratur
1623 3405 1842 3473 praesul,
1867 3415 2014 3474 pate-

427 3485 579 3541 I'acit.
610 3486 824 3541 Nicetas
863 3489 1004 3541 inter
1040 3487 1286 3556 Phrygia:
1319 3487 1463 3541 circa
1498 3485 1826 3540 Maaandrum
1853 3486 2013 3542 urbes

427 3570 496 3622 τὰ
531 3568 722 3637 Δοῦμα
769 3568 964 3621 Annal.
1004 3568 1240 3621 Manuel.
1281 3583 1358 3634 vt,
1389 3582 1444 3635 p.
1472 3567 1541 3623 97
1576 3578 1849 3633 recenset;
1893 3583 2012 3637 qua:

429 3651 475 3704 si
512 3652 626 3705 haec
657 3651 881 3715 fuerint,
913 3650 980 3703 de
1028 3651 1135 3706 situ
1177 3667 1284 3706 non
1317 3652 1498 3706 omnia
1547 3650 1776 3706 obscura
1828 3660 2009 3706 erunt.

430 3731 716 3802 Utcunque
737 3733 1059 3795 ceciderint.
1091 3749 1193 3788 non
1221 3735 1408 3804 utique
1441 3733 1718 3802 indignum
1751 3734 2009 3804 Oppidum

427 3816 570 3884 quod
593 3813 973 3886 Geographiam
994 3814 1214 3872 Sacram
1234 3816 1411 3872 Caroli
1437 3833 1465 3870 a
1493 3816 1552 3872 S.
1577 3815 1742 3872 Paulo
1762 3828 2006 3886 ornaret,

429 3899 629 3954 fuerat.

500 3981 638 4037 Ibid.
674 3983 913 4048 Μόλπη.
938 3982 1066 4038 Mss.
1089 3983 1297 4054 Μὸλτη,
1326 3985 1467 4055 quod
1493 3984 1538 4038 si
1565 3999 1754 4052 parum
1779 3984 2008 4055 jttveris,

427 4066 496 4120 ad
535 4081 723 4120 verum
771 4083 869 4122 nos
900 4069 1080 4122 ducet.
1115 4066 1314 4121 Πέλται
1347 4076 1508 4134 sunt,
1547 4083 1682 4137 quas
1709 4066 2007 4137 Xenophon

427 4147 656 4218 (Exped.
693 4151 817 4218 Cyr.
849 4150 902 4212 I,
944 4166 996 4220 p.
1044 4150 1163 4211 I96)
1192 4151 1258 4204 10
1292 4151 1462 4206 ferme
1491 4152 1804 4219 parasangis
1846 4152 2012 4207 Celae-

429 4233 516 4287 nis
564 4241 828 4289 semovet.
869 4231 1159 4303 Perpcram
1197 4236 1380 4304 itaque
1429 4234 1571 4288 Pella
1614 4235 1668 4288 in
1718 4232 1921 4289 Tabula
1955 4245 2010 4292 et

425 4313 690 4384 Georgius
757 4315 1037 4385 cpiscopus
1108 4316 1326 4370 Πὲτλων
1395 4317 1591 4372 concil.
1663 4316 2001 4372 Chalcedon.

427 4415 482 4467 ιι.
517 4399 621 4453 574
646 4399 868 4466 rectius,
900 4416 954 4469 p.
979 4399 1086 4454 556
1115 4410 1168 4455 et
1188 4399 1601 4468 Constantinop.
1631 4400 1791 4455 tertio
1815 4417 1872 4471 p.
1901 4401 2008 4456 674

428 4482 670 4551 Πέμπων
698 4482 1072 4554 Πακατιανῆς.

496 4565 630 4620 ibid.
652 4565 936 4633 Εὐμενίιι.
963 4565 1194 4635 Scriptis
1207 4567 1482 4622 codicibus
1498 4568 1811 4636 Εὐμενεία,
1825 4580 2002 4637 neque

425 4646 582 4698 aliter
617 4646 760 4699 Actis
799 4645 1002 4700 Niczrtti
1039 4649 1262 4702 secundi
1298 4649 1535 4702 concilii.
1576 4648 1866 4716 Vulgatum
1899 4649 2009 4704 'I‘a-

314 4794 317 4797 1
427 4726 548 4780 bula
605 4727 929 4781 Ptolemretts
981 4740 1035 4783 et
1087 4728 1283 4783 Strabo
1335 4741 1510 4785 ratum
1561 4731 1784 4786 habent.
1842 4730 2004 4788 Numi

317 4881 322 4892 ι
426 4811 718 4881 Εὑμενὲων
741 4813 1087 4867 sacerdotum
1113 4813 1423 4870 numinibus
1448 4814 1560 4871 fere
1586 4815 1834 4888 inscripti
1857 4827 2004 4885 sunt;

318 4895 326 4922 ~'
424 4909 534 4962 quo
577 4893 630 4947 itt
666 4909 862 4964 genere
905 4897 1156 4966 egregius
1188 4906 1272 4952 est
1319 4897 1473 4954 Thes.
1525 4897 1734 4953 Britan.
1770 4911 1900 4956 tom.
1937 4899 2004 4968 Il,

425 4994 479 5045 p.
540 4975 664 5042 186,
721 4978 809 5034 ttbi
865 4981 1152 5050 Εὐμενὲων
1203 4980 1421 5046 Ἰούλιος
1473 4983 1662 5037 Κλέων
1715 4986 2006 5056 ἀρχιερεὺς

316 5099 318 5101 μ
423 5062 634 5125 Ἀσίας.
669 5060 893 5117 Videtur
919 5062 1095 5118 Julius
1123 5063 1316 5128 Cleon,
1353 5077 1410 5119 ut
1435 5066 1612 5122 obiter
1653 5069 1772 5137 ejus
1813 5071 2004 5139 digna-

429 5144 629 5198 tionem
663 5145 950 5211 illustrem,
979 5146 1121 5200 Asize
1146 5157 1199 5200 ct
1225 5149 1413 5216 patriae
1447 5150 1596 5204 urbis
1625 5149 1794 5206 fuisse
1823 5166 2006 5204 sacer-

422 5229 523 5283 dos
553 5243 834 5296 summus;
867 5243 978 5300 quo
1010 5235 1166 5285 modo
1200 5231 1252 5284 itt
1284 5231 1614 5302 'I‘hyatircna
1647 5235 2004 5304 inscriptione

423 5312 612 5382 Sponii
646 5312 772 5367 Itin.
813 5322 944 5368 tom.
987 5313 1030 5377 l,
1067 5329 1119 5382 ιι.
1156 5314 1260 5370 594
1294 5315 1364 5370 Μ.
1402 5317 1654 5372 Aurelius
1700 5317 2003 5375 Diadochus

423 5397 716 5468 ἀρχιερεὺς
763 5397 862 5468 τῆς
895 5398 1083 5462 Ἀσίας
1124 5398 1270 5453 ναῶν
1319 5399 1429 5454 τῶν
1475 5401 1534 5452 ὲν
1581 5402 1857 5474 Περγάμῳ
1907 5405 2003 5458 καὶ

423 5480 720 5550 αρχιξρετκ
757 5481 899 5536 κατὰ
944 5482 1036 5535 τὸν
1081 5483 1241 5535 αὑτὸν
1283 5484 1472 5555 καιρὸν
1504 5485 1603 5554 τῆς
1641 5487 1913 5556 πατρίδος,
1947 5496 2004 5543 el.

425 5559 497 5616 ll.
551 5563 741 5634 Inpius
797 5565 1058 5635 Appttlius
1115 5567 1166 5620 itt
1229 5569 1636 5636 Aphrodisiensi
1703 5587 1997 5637 marmore,

424 5643 582 5712 cujus
620 5659 828 5713 partem
858 5651 1142 5720 exscripsit
1191 5650 1275 5706 Jo.
1328 5652 1541 5709 Masson
1604 5650 1705 5707 Vit.
1748 5654 1999 5710 Aristidis

429 5741 481 5783 ε.
513 5741 568 5783 ν.
597 5743 644 5785 c.
677 5729 781 5787 918
817 5731 902 5800 12,
945 5733 1232 5803 ἀρχιερεὺς
1276 5736 1460 5802 Ἀσίας
1499 5736 1640 5793 ναῶν
1680 5741 1772 5792 καὶ
1797 5738 1906 5796 τᾶν
1941 5741 1996 5796 ὲν

2018 2113 2048 2142 ά

2094 1560 2226 1616 tioni
2259 1575 2414 1615 sacra
2459 1561 2741 1615 suberant.
2780 1559 2898 1613 Bini
2929 1557 3158 1628 singulis
3180 1557 3359 1623 annis,
3394 1558 3534 1612 alter
3573 1562 3691 1611 sub

2093 1645 2358 1708 autumni,
2388 1644 2490 1699 sub
2519 1645 2664 1698 veris
2692 1645 2830 1699 alter
2863 1643 3098 1704 initium,
3133 1641 3484 1706 creabantur,
3509 1641 3686 1696 sicuti

2095 1727 2234 1780 idem
2265 1726 2394 1796 περὶ
2432 1743 2685 1797 φαρμακ.
2725 1727 2866 1780 κατὰ
2899 1725 3034 1794 γένη
3065 1725 3101 1778 2
3139 1741 3193 1794 p.
3233 1724 3340 1780 350
3375 1724 3682 1794 signiﬁcat.

2095 1808 2247 1876 Quod
2287 1825 2417 1864 vero
2457 1810 2602 1864 ναῶν
2644 1808 2752 1863 τῶν
2792 1810 2850 1862 ἐν
2895 1807 3120 1879 Σμύρνῃ
3168 1816 3223 1862 et
3267 1807 3412 1860 ναῶν
3458 1807 3567 1861 τῶν
3618 1809 3686 1859 ὲν

2096 1883 2372 1963 Περγάμῳ
2403 1892 2508 1947 illis
2548 1907 2678 1946 cura
2711 1892 3088 1955 committitur,
3119 1889 3258 1945 forte
3286 1905 3348 1944 ex
3392 1905 3451 1944 ea
3503 1905 3688 1942 causa

2097 1986 2204 2041 est,
2229 1977 2485 2044 quoniam
2509 1976 2614 2030 illa:
2645 1978 2788 2031 aedes
2817 1975 3195 2031 communibus
3223 1975 3531 2028 Asianorum
3556 1973 3687 2026 im-

2100 2059 2280 2128 pensis
2307 2067 2466 2112 sarta:
2502 2069 2655 2114 tecta:
2685 2069 2856 2113 erant.
2882 2058 3016 2124 Ilor,
3051 2059 3153 2113 nisi
3198 2057 3367 2116 fallor.
3395 2056 3684 2123 signiﬁcat.

2103 2141 2198 2195 Dio
2226 2141 2646 2214 Chrysostomus
2662 2151 2800 2197 orat.
2832 2157 2998 2205 xxxv,
3033 2157 3089 2210 p.
3123 2139 3357 2206 434,ubi
3377 2139 3682 2208 Apamieu-

2099 2223 2248 2279 sibus
2272 2226 2367 2280 καὶ
2407 2225 2514 2296 μὴν
2552 2225 2658 2279 τῶν
2690 2225 2852 2294 ἱερῶν
2883 2225 2984 2295 τῆς
3008 2223 3198 2286 Ἀσίας
3245 2221 3493 2294 μέτεστιν
3542 2221 3686 2288 ὑμῖν

2098 2308 2199 2377 τῆς
2228 2325 2288 2361 τε
2313 2309 2559 2380 δαπάνης
2587 2308 2846 2362 τοσοῦτον
2871 2308 2996 2362 ὅσον
3018 2306 3255 2369 ἐκείναις
3284 2307 3404 2367 ταῖς
3433 2304 3681 2368 πόλεσιν,

2102 2391 2161 2444 ἐν
2199 2385 2287 2455 αἷς
2333 2393 2452 2446 ἐστι
2487 2393 2556 2446 τὰ
2607 2391 2748 2460 ἱερά.
2779 2389 2902 2444 Jam
2937 2390 2982 2445 si
3013 2388 3304 2460 ἀρχιερεὺς
3339 2387 3442 2456 τῆς
3489 2387 3682 2450 Ἀσίας

2103 2475 2356 2545 princeps
2386 2475 2597 2546 collegii
2632 2473 2730 2530 fuit
2752 2473 3163 2538 Asiarchartmt,
3188 2471 3335 2540 quod
3367 2471 3452 2524 vir
3479 2470 3682 2523 doctis-

2103 2556 2273 2612 simus
2297 2559 2618 2621 autumavit.
2659 2565 2872 2628 oportet
2912 2561 2966 2611 in
3017 2555 3289 2610 communi
3335 2551 3514 2620 gentis
3546 2565 3680 2605 ceu-

2105 2640 2230 2695 cilio
2256 2655 2320 2695 ex
2345 2641 2490 2696 Asia:
2512 2642 2742 2696 urbibus
2773 2656 2872 2710 pro
2904 2639 3128 2695 arbitrio
3163 2638 3469 2710 legatorum
3516 2634 3682 2690 fuerit

2107 2722 2279 2778 lectus
2321 2740 2334 2776 :
2378 2725 2612 2778 vidimus
2653 2724 2798 2779 enim
2846 2719 3260 2778 Eutttctiiensent
3302 2731 3353 2774 ct
3389 2719 3684 2791 Thyatire-

2107 2819 2266 2871 num;
2315 2805 2696 2876 Scopcliauum
2742 2805 2968 2876 ejusque
3016 2804 3250 2874 majores
3301 2802 3686 2858 Clazomenius

2107 2885 2464 2943 Philostratus
2495 2889 2560 2944 V.
2608 2889 2776 2958 Soph.
2828 2905 2871 2954 t,
2910 2890 3002 2953 21,
3040 2887 3096 2952 2,
3131 2886 3441 2954 Philippum
3481 2883 3686 2938 Tralli-

2107 2985 2267 3024 anum
2298 2973 2426 3024 Acta
2455 2972 2513 3027 S.
2553 2972 2830 3044 I‘olycarpi
2861 2988 2912 3029 c.
2945 2972 3011 3027 21
3039 2971 3292 3026 oll'cruttt.
3329 2967 3530 3024 Verum
3569 2969 3688 3022 lta'c

2110 3057 2347 3109 nondum
2380 3057 2448 3109 ad
2491 3057 2752 3127 liquidtttn
2785 3057 3052 3126 perducta
3090 3053 3469 3125 spatiosiorem
3501 3052 3687 3120 reuni-

2113 3148 2236 3192 rttut
2264 3154 2537 3210 campum.
2585 3141 2720 3195 Vide
2747 3140 2834 3194 ιο.
2865 3139 3170 3194 Massonum
3195 3146 3252 3193 et
3278 3137 3476 3194 Ezech.
3507 3137 3689 3204 Span-

2113 3220 2259 3276 ltcm.
2296 3222 2517 3278 Dissert.
2549 3237 2622 3277 ιιι
2650 3224 2712 3277 de
2747 3222 2808 3278 V.
2831 3232 2878 3277 et
2920 3222 2987 3277 P.
3021 3228 3183 3275 Nam.
3221 3237 3277 3291 p.
3308 3219 3432 3275 M6.

2184 3305 2314 3360 Ibid.
2346 3307 2573 3360 Σιΰλία.
2602 3306 2890 3362 Ptolemteo
2921 3305 3156 3370 Σίλϐιον,
3203 3303 3343 3358 unde
3372 3301 3528 3356 Plinii
3552 3309 3688 3356 sunt

2113 3391 2363 3446 Silhiani.
2398 3392 2622 3449 Nicmno
2653 3393 2889 3448 secundo
2914 3393 3166 3455 concilio,
3205 3407 3257 3459 p.
3283 3389 3403 3444 574.
3435 3388 3687 3442 Joannes

2114 3476 2342 3541 Σισὲως,
2387 3478 2478 3547 qui
2529 3477 2762 3533 t'ersioni
2817 3478 3104 3547 cpiscOpus
3143 3473 3332 3529 Silbios
3363 3481 3415 3525 et
3457 3488 3512 3539 ιι.
3541 3472 3688 3530 596.

2111 3560 2371 3613 Σουὸλιου
2409 3560 2630 3626 dicitur,
2686 3575 2880 3615 nomen
2929 3559 3238 3626 adscripsit,
3274 3554 3680 3610 Clu-lectionem

2112 3645 2155 3699 si
2186 3660 2315 3699 vero
2349 3643 2590 3700 Eulalius
2620 3644 2827 3707 πόλεως
2859 3643 3138 3707 Σιϐλεῑαςφ
3163 3643 3298 3704 sive,
3332 3649 3388 3694 ut
3415 3650 3571 3694 vetus
3601 3640 3685 3692 iu-

2116 3739 2351 3799 tcrpres,
2377 3729 2618 3784 civitatis
2657 3729 2833 3793 Silbii,
2871 3744 2924 3797 p.
2960 3728 3065 3783 688
3095 3725 3358 3778 Σούϐλεον
3395 3723 3557 3779 etiam
3601 3722 3684 3776 Ni-

2112 3829 2260 3874 cetas
2292 3814 2466 3872 Cbon.
2501 3817 2640 3869 Ann.
2669 3811 2903 3867 Mannel.
2940 3829 3012 3878 rt,
3047 3828 3100 3882 p.
3136 3812 3225 3867 88.

2186 3901 2317 3954 Ibid.
2349 3897 2642 3958 Πέπουζὶι.
2677 3896 2923 3968 Phrygia:
2956 3897 3142 3951 urbem
3178 3896 3563 3959 desertamque
3586 3907 3684 3946 suo

2111 3992 2353 4053 tempore
2369 3992 2426 4038 et
2455 3982 2852 4052 soloa‘quatam
2881 3979 3215 4051 Epiphanius
3238 3976 3450 4031 lintres.
3487 3977 3579 4038 48.
3619 3975 3684 4029 Il

2113 4066 2365 4120 allirmat.
2384 4065 2463 4121 Ab
2488 4064 2833 4134 eaPepuzitis
2855 4079 3050 4119 nomen
3067 4063 3215 4116 venit
3239 4062 3292 4116 itt
3323 4062 3358 4116 I.
3383 4077 3558 4128 th,c.
3575 4059 3680 4117 To.

2112 4151 2180 4205 de
2207 4151 2406 4206 Παῖτοι.
2433 4168 2448 4216 ;
2481 4164 2618 4219 quos
2640 4163 2762 4203 cum
2794 4146 2960 4218 probe
2987 4145 3102 4201 Jac.
3130 4145 3494 4201 Gothofredus
3521 4158 3678 4198 nere-

2114 4232 2204 4294 rit,
2240 4234 2436 4289 mirere
2465 4232 2651 4301 utique
2683 4232 2783 4302 τὴν
2823 4229 3100 4294 Πέτουζαν
3140 4229 3240 4298 τῆς
3263 4227 3508 4298 Φρυγίας
3535 4227 3685 4294 apud

2109 4315 2526 4389 Pbilostorgium
2551 4314 2622 4370 Η.
2746 4330 2823 4377 tv,
2851 4314 2884 4368 8
2913 4314 2986 4367 illi
3013 4311 3284 4380 negetium
3317 4311 3684 4389 facessivissc.

2113 4398 2353 4456 Valesius
2383 4381 2501 4455 urbi
2541 4413 2698 4453 suum
2733 4411 2928 4451 nomen
2971 4395 3226 4451 reddidit.
3273 4381 3548 4466 ποὶίάνιον
3583 4397 3686 4464 τῆς

2106 4483 2350 4553 Φρυγίας
2370 4485 2471 4553 τὴν
2497 4482 2776 4544 Πέζουσαν
2804 4481 3141 4535 Aristantaus
3167 4478 3456 4534 Comment.
3492 4478 3546 4531 in
3578 4478 3687 4532 Ca-

2110 4579 2236 4618 non.
2277 4563 2310 4618 8
2340 4563 2553 4618 concilii
2584 4563 2876 4620 Laodiccni
2923 4563 3064 4634 apud
3097 4561 3444 4631 Beveregiunt
3473 4569 3605 4614 tum.
3639 4557 3687 4625 Ι,

2109 4662 2162 4718 p.
2197 4647 2300 4701 456
2339 4646 2596 4716 appellat.

2180 4730 2313 4786 Ibid.
2338 4729 2582 4799 Βριάνα.
2601 4729 2921 4800 Suspicarer
2937 4728 3138 4798 gentile
3165 4727 3326 4796 Itnjtts
3344 4726 3537 4779 Ovidio
3565 4742 3691 4782 esse

2107 4814 2458 4880 reddendum,
2481 4815 2524 4868 si
2557 4813 2714 4883 paulo
2768 4812 2898 4865 tttilti
2935 4811 3114 4864 notius
3135 4822 3303 4873 esset,
3331 4808 3687 4875 Metanmrplt.

2108 4913 2222 4962 vnt,
2248 4897 2348 4952 7l9
2371 4914 2384 4950 :
2409 4896 2630 4951 ostendit
2656 4894 2825 4948 adhuc
2855 4893 2964 4946 illic
2996 4892 3258 4962 Tyancius
3288 4891 3461 4945 incola
3497 4892 3565 4942 de
3598 4908 3689 4960 ge.

2106 4985 2249 5037 mina
2287 4985 2480 5038 vicinos
2503 4984 2687 5036 arbore
2707 4991 2944 5035 truncos.
2970 4980 3155 5050 Neque
3176 4982 3346 5040 enim,
3375 4981 3520 5048 quod
3552 4979 3688 5033 Far-

2106 5069 2300 5121 nabius
2330 5067 2553 5136 pulchre
2585 5065 2839 5128 advertit,
2879 5064 3154 5135 Tyaneius
3191 5073 3402 5117 rectum
3423 5078 3551 5116 esse
3587 5077 3688 5130 po-

2105 5152 2251 5205 teril.
2277 5150 2456 5222 Tyana
2489 5159 2644 5203 erant
2672 5149 2724 5202 itt
2761 5148 3125 5218 Cappadocia,
3170 5147 3324 5216 longe
3356 5158 3629 5199 terrarum
3658 5164 3689 5199 a

2103 5233 2335 5305 Phrygia
2368 5241 2619 5288 semota:
2664 5233 2715 5285 itt
2754 5230 2987 5300 Phrygia
3040 5229 3406 5285 Philemonem
3452 5239 3506 5280 et
3543 5228 3690 5281 Bau-

2103 5318 2275 5372 cidem
2308 5317 2360 5370 in
2389 5318 2613 5370 arbores
2651 5328 2940 5370 conversos
2967 5327 3088 5368 esse
3115 5322 3269 5382 poeta
3296 5327 3350 5367 ν.
3375 5311 3480 5364 6ἳο
3514 5312 3689 5374 signi-

2106 5403 2230 5455 Iicat
2264 5420 2278 5454 :
2310 5400 2436 5453 tilia!
2481 5400 2802 5453 contermina
2854 5413 3079 5467 quercus
3128 5396 3351 5450 collibus
3390 5405 3467 5450 est
3509 5393 3690 5463 Phry-

2103 5485 2200 5554 giis
2229 5485 2432 5538 modico
2457 5483 2782 5537 circumdata
2811 5497 2978 5533 muro.
3011 5481 3295 5534 Brianeitts
3315 5479 3360 5533 si
3389 5478 3686 5547 legeretur,

2105 5584 2190 5623 res
2224 5567 2359 5622 foret
2405 5564 2807 5622 diﬂ‘tcultatibus
2853 5572 3099 5634 exempta
3147 5571 3201 5619 et
3239 5571 3410 5634 poeta:
3442 5577 3540 5618 sua
3571 5561 3689 5617 laus

2102 5655 2217 5709 sine
2247 5666 2434 5706 errore
2464 5654 2759 5704 constaret.

2176 5736 2291 5796 Col.
2346 5733 2468 5792 H8.
2551 5731 2844 5802 Σεϐάστη.
2922 5731 3091 5801 iiujus
3170 5732 3454 5806 cpiscopus
3527 5726 3686 5785 Plato
