3980 6210
474 329 604 394 I117

465 444 672 510 πόλεως
722 443 1002 515 Σεϐάστης
1046 447 1400 517 ῐιακατιανῆς
1448 448 1501 501 ἰιι
1536 463 1691 502 eone.
1725 447 2036 504 Constanti-

467 544 593 596 nop.
636 528 816 590 tertia,
844 543 895 596 p.
926 529 1032 583 674
1063 528 1278 598 legitur.
1314 529 1430 585 Huc
1455 530 1593 585 citra
1619 532 1842 585 dubium
1879 533 2045 601 perti-

466 621 557 665 net
618 610 975 680 Σεϐαστηνῶν
1021 627 1216 665 uulnus
1272 611 1454 665 Thess.
1527 612 1736 667 Britan.
1794 623 1922 668 tom.
1974 616 2040 681 II,

1251 332 1647 397 COMMENT.
1690 334 1773 396 IN
1812 335 2229 399 HIEROCLIS
2267 339 2810 403 SYNECDEM'UM.

3562 338 3704 404 IIIS

2152 454 2450 507 eruetaucti
2484 454 2843 508 incumbentis
2878 452 3064 524 figura.
3100 448 3344 506 Similem
3384 448 3707 508 Vailiantius
3751 492 3761 498 ι

2146 533 2197 586 in
2229 531 2390 591 Num.
2422 536 2585 606 itnpp.
2618 535 2845 604 Grmcis,
2895 552 2945 603 p.
2999 535 3101 589 I85
3149 535 3375 603 profert,
3409 534 3503 587 sed
3541 535 3704 589 alium

2139 614 2479 679 archonteut,
2514 618 2615 671 nisi
2647 619 2692 672 si
2726 632 2917 672 nomen
2951 616 3068 684 ejus
3118 616 3363 671 vitiosius
3410 618 3482 670 sit
3514 633 3704 672 excer-

466 710 518 762 p.
552 695 672 748 M8.
705 691 930 748 .Iuvenis
951 693 1178 764 Phrygia
1200 698 1334 748 tiara
1359 704 1413 749 et
1448 696 1597 750 ha‘sta
1621 698 2041 767 conspiciendus
2138 708 2307 765 ptum,
2352 699 2471 756 sine
2524 699 2705 756 Ilermi
2758 702 3031 771 adscripta
3081 701 3339 756 vocabulo
3365 741 3379 766 ,
3427 709 3704 757 ostentan-

466 778 627 837 hane,
664 792 768 828 non
807 774 1167 844 Tectosagum
1200 776 1424 831 Galatia:
1453 778 1699 846 requirit.

533 860 649 913 Col.
702 860 829 914 148.
892 859 1151 921 ’1λουζα.
1193 861 1459 917 Patricius
1518 862 1728 927 πόλεως
1793 865 2038 931 Ἷλούζων

354 943 364 950 ’
459 940 732 1013 ἐπαράίας
756 942 1112 997 Πακατιανῶν
1134 945 1328 998 concil.
1349 944 1631 1001 Constant.
1658 947 1905 1017 tertio,p.
1930 948 2036 1005 554

465 1026 618 1078 urbis
646 1039 843 1079 nomen
883 1025 1021 1078 bene
1056 1024 1254 1081 habere
1284 1028 1563 1095 patefacit.

532 1105 663 1160 Ibid.
732 1103 1023 1176 ’Λκμῶνα.
1095 1107 1356 1176 Ἀκμονια
1419 1119 1753 1179 oportuerat,
1810 1111 1886 1166 uti
1928 1110 2030 1167 Cit.

459 1187 725 1243 Cellarins
769 1188 835 1244 ϐ.
871 1189 937 1243 Α.
967 1206 1050 1253 ttt,
1085 1191 1140 1252 4,
1177 1206 1233 1260 p.
1269 1191 1370 1244 I50
1394 1190 1504 1260 jam
1546 1194 1776 1247 monuit.
1805 1191 2029 1248 Genua.

457 1272 583 1327 dius
635 1271 981 1340 Ἀκμοναίων
1023 1271 1486 1328 Chalcedonensis
1533 1275 1754 1330 concilii
1801 1279 2033 1333 decretis

456 1368 655 1409 nomen
682 1354 956 1425 apposuit,
995 1369 1047 1423 p.
1081 1354 1186 1408 668
1214 1369 1311 1424 pro
1343 1356 1678 1425 ’Λκμονέων,
1714 1368 1770 1410 ιιι
1804 1374 1853 1426 p.
1890 1360 2028 1415 400:

455 1436 744 1506 ’Λκμονεῖς
786 1437 929 1491 enim
978 1438 1030 1491 in
1067 1440 1249 1491 numls
1300 1436 1505 1497 incola:
1538 1438 1813 1504 dicuntur,
1854 1441 2033 1509 cujus-

457 1520 602 1572 modi
635 1517 797 1573 Thes.
840 1520 1045 1573 Britan.
1082 1528 1216 1575 tom.
1248 1518 1315 1584 II,
1353 1535 1407 1589 p.
1453 1521 1572 1577 I89.
1623 1519 1752 1575 Jure
1801 1536 1931 1591 ergo
1964 1525 2031 1580 ab

456 1600 659 1656 Ezech.
694 1602 1023 1671 Spanhemio
1066 1601 1286 1657 Disserl.
1340 1619 1379 1657 tt
1425 1604 1491 1658 de
1551 1601 1610 1658 γ.
1638 1613 1690 1658 et
1732 1604 1799 1662 P.
1835 1606 2027 1673 Νιωι..

461 1697 515 1753 p.
540 1683 669 1740 280.
688 1684 946 1754 Stephani
969 1686 1291 1754 Ἀκμονιεὺς
1322 1687 1700 1756 proscribitur.

526 1764 661 1822 Ibid.
710 1765 901 1821 Ἀδιοί.
920 1766 1033 1821 1ηιο
1052 1766 1243 1823 Ἀλιοί.
1264 1768 1373 1823 Leo
1400 1769 1687 1839 episcopus
1724 1768 1923 1824 ’Δλεῶν
1944 1770 2027 1826 in-

455 1858 537 1903 ter
580 1848 826 1920 Phrygas
862 1851 914 1903 in
958 1848 1178 1905 Nicaeae
1217 1855 1480 1916 secundo,
1529 1868 1582 1922 p.
1625 1852 1731 1909 596
1761 1863 1816 1908 et
1861 1853 2026 1910 Gaius

453 1930 661 1997 πόλεως
703 1933 966 1988 Ἀλιὰνων
999 1934 1053 1987 in
1088 1934 1444 2002 Chalcedon.,
1477 1953 1529 2007 p.
1574 1936 1678 1993 674
1711 1938 2023 1994 subscribit.
2069 1984 2072 1989 .

459 2012 662 2070 Numos
690 2014 953 2083 ’Δλιηνῶν
972 2027 1089 2086 post
1113 2016 1171 2071 L.
1207 2018 1566 2074 Ilolstcinium
1596 2030 1744 2074 recto
1777 2019 1862 2075 ιο.
1890 2019 2025 2075 liar-

454 2098 653 2155 duinus
699 2099 804 2154 huc
840 2100 1131 2155 revocavit.
1163 2100 1317 2167 Quod
1363 2103 1631 2171 sequitur,
1681 2113 1739 2157 ut
1777 2117 1913 2158 sano
1953 2103 2026 2158 sit

448 2181 631 2237 colore
662 2182 1011 2238 vehementer
1059 2199 1267 2239 vereor.
1322 2185 1484 2242 Forte
1531 2186 1745 2258 Χάραξ,
1799 2187 1867 2244 de
1914 2202 2024 2259 quo

448 2263 781 2333 Stephanus,
812 2265 866 2319 in
903 2280 1034 2321 voce
1064 2267 1352 2323 deliteScit.

518 2348 655 2403 Ihid.
704 2350 969 2403 Διοκλία.
1016 2348 1304 2406 Ptolemaeo
1355 2352 1495 2408 inter
1553 2352 1800 2425 Phrygiae
1857 2354 2022 2411 urbes

444 2430 649 2484 Δόκελα
680 2443 1032 2495 memoratur,
1066 2449 1226 2502 quam
1259 2444 1500 2489 nostram
1526 2450 1645 2491 esse
1678 2439 2020 2505 przestantis-

442 2514 613 2569 simus
650 2511 917 2567 Cellarius
947 2514 1237 2569 adﬁrmare
1260 2529 1365 2571 non
1397 2530 1566 2572 ausus
1587 2528 1689 2571 est.
1723 2517 1890 2574 Tollit
1918 2519 2021 2573 du-

442 2594 642 2649 bitandi
685 2610 877 2651 causas
923 2596 1091 2650 codex
1130 2596 1531 2664 Coisliuianus,
1576 2600 1824 2654 Διόκλεια
1873 2616 2013 2671 pra:-

443 2675 652 2742 Ierens,
686 2676 847 2747 idque
880 2677 1137 2734 Evander
1183 2680 1466 2745 Διοκλείας
1514 2682 1743 2737 concilio
1791 2682 2047 2753 Chalce-.

444 2757 595 2824 dou.,
634 2772 686 2828 p.
720 2759 789 2813 98
824 2761 1095 2827 tuebitur;
1132 2771 1295 2831 atque
1342 2764 1471 2819 hinc
1500 2764 1889 2821 Constantinus
1915 2767 2018 2836 τῆς

441 2841 841 2913 Διοκλητιάνων
879 2844 1087 2908 πόλεως
1113 2846 1313 2901 concil.
1350 2848 1575 2917 Ephesi,
1614 2864 1667 2919 p.
1714 2849 1819 2905 555
1846 2851 2018 2906 corri-

440 2926 649 2996 gendus
682 2936 785 2980 est.

509 3008 648 3064 Ibid.
728 3008 1047 3079 Ἀρίστων.
1112 3008 1312 3065 Paulus
1381 3012 1539 3085 hujus
1595 3013 1745 3069 urbis
1822 3015 2017 3085 prtesul

438 3091 709 3162 Ἀριστίου
744 3093 795 3146 in
830 3092 1090 3152 Chaiced.
1125 3110 1178 3163 p.
1216 3092 1321 3148 528
1364 3103 1421 3148 et
1458 3094 1560 3149 668
1601 3095 1744 3149 inter
1776 3094 2018 3168 Phrygas

438 3190 634 3234 nomen
657 3191 812 3234 snum
840 3177 1142 3245 profitetur.
1157 3179 1425 3249 Augeatur
1446 3192 1576 3250 ergo
1593 3178 1764 3234 Sacra
1788 3176 2019 3251 Geogra-

434 3259 559 3329 pIn'a
588 3271 644 3315 et
673 3262 775 3315 hoc
803 3262 999 3331 oppido
1034 3252 1138 3316 h'uc
1168 3275 1339 3331 usque
1368 3261 1639 3330 neglecto.

506 3343 642 3399 Ibid.
679 3343 1005 3411 ΚΙδυσσος.
1038 3343 1237 3399 Verum
1270 3354 1353 3397 est
1386 3344 1687 3412 Κύδισσος;
1722 3345 1862 3399 unde
1892 3361 2018 3417 pra-

435 3442 502 3483 ve
525 3428 661 3497 apud
694 3426 1045 3483 Ptolemaeum
1067 3426 1225 3497 vulgo
1256 3426 1577 3497 Κυδδησεῖς,
1615 3442 1714 3496 pro
1751 3444 1859 3499 quo
1904 3445 2011 3485 ms.

435 3509 800 3566 Coislinianus
852 3509 1180 3572 Κυδδεσσεῖς
1229 3518 1284 3564 et
1332 3508 1662 3565 Barberiuus
1694 3513 1761 3565 ab
1795 3511 1857 3565 L.
1886 3511 2013 3567 Ilol-

436 3593 630 3648 steiuio
675 3594 951 3661 inspectus
997 3593 1307 3654 Κυδισσεῖς.
1355 3592 1606 3647 Concilio
1656 3593 2008 3661 Chalcedon.,

435 3689 489 3742 ι).
521 3673 643 3728 674.
684 3673 964 3729 Ileraclius
1016 3675 1228 3737 πόλεως
1275 3675 1546 3727 Κυδίσσου
1580 3685 1634 3728 et
1684 3674 1902 3731 Nicazno
1926 3693 2011 3732 se-

435 3756 633 3819 cundo,
672 3772 723 3826 p.
779 3757 905 3810 574.
944 3756 1191 3811 Andreas
1243 3757 1530 3823 Κιδέστου,
1578 3756 1674 3812 sed
1726 3761 2008 3825 mendoso,

433 3838 751 3893 subscribit.

506 3919 642 3975 Ibid.
684 3920 879 3976 Ἀπία.
910 3919 1135 3975 Praestat
1164 3920 1395 3985 Ἀππία,
1430 3920 1574 3976 unde
1611 3921 1840 3991 Appiani
1865 3923 2007 3992 apud

433 4003 667 4058 Plinium
695 4013 749 4057 et
782 4004 1096 4058 Ciceronem
1134 4003 1305 4073 Epist.
1338 4019 1417 4066 tu,
1452 4004 1508 4058 7.
1544 4006 1784 4068 ’Δππίας
1815 4006 2010 4074 praesul

432 4096 516 4143 est
559 4086 611 4139 in
647 4085 863 4142 Niceno
892 4087 1154 4155 secundo,
1206 4101 1264 4156 p.
1320 4087 1444 4141 574.
1492 4085 1570 4142 De
1598 4088 1849 4158 sequenti
1875 4088 2008 4145 nihil

429 4171 641 4224 dixero.

501 4252 635 4306 Ibid.
674 4250 912 4312 Ἀζανοι.
950 4249 1043 4307 Sic
1088 4251 1393 4323 Stephanus
1446 4261 1500 4308 et
1559 4268 1718 4308 manu
1751 4264 2008 4311 exaratus

432 4332 773 4389 bibliotheca:
821 4334 1168 4398 Coisliuiana:
1209 4336 1378 4390 codex
1424 4336 1725 4401 Ptolemaei,
1757 4352 2007 4408 saepeque

432 4416 784 4472 conciliorum
818 4418 950 4471 Acta
979 4432 998 4471 :
1025 4417 1171 4472 unmi
1198 4417 1501 4481 Λιζανιτῶν
1534 4420 1715 4488 plures
1741 4421 2007 4486 Διζανοὺς

433 4503 724 4569 postulant.
795 4501 928 4557 Vide
985 4500 1343 4568 Holsteinium
1410 4505 1465 4558 in
1529 4504 1888 4573 Stephanum,
1950 4515 2006 4560 et

430 4583 631 4639 Ezech.
659 4584 1046 4654 Spauhetninm
1103 4586 1319 4642 Dissert.
1346 4602 1399 4642 ιχ
1427 4586 1496 4643 de
1525 4585 1593 4643 P.
1627 4596 1677 4643 et
1719 4586 1777 4643 γ.
1808 4588 2001 4653 Num.,

430 4683 487 4737 p.
521 4666 648 4729 628,
682 4677 734 4720 et
764 4666 1119 4721 Ilarduinum.

502 4749 636 4806 Ibid.
678 4751 1133 4817 Τιϐεριούπολις.
1169 4751 1425 4821 Τιϐερίου
1456 4752 1612 4820 πᾴλιν
1638 4754 1736 4822 τῆς
1764 4754 2003 4824 Φρυγίας

429 4833 594 4889 habet
625 4831 881 4886 Socrates
918 4831 987 4885 Η.
1017 4829 1084 4885 Ε.
1121 4846 1217 4897 vn,
1250 4833 1320 4888 46
1348 4843 1402 4888 et
1442 4833 1785 4898 Ptolemaeus,
1819 4846 1873 4889 et
1909 4836 2003 4889 Τι-

430 4915 777 4987 ϐεριούπολιν
843 4915 1198 4987 Πακατιανῆς
1268 4915 1681 4986 Constantinop.
1747 4917 1998 4984 tertium,

428 5016 481 5070 p.
522 4998 647 5054 674.

498 5082 632 5137 Ibid.
665 5080 866 5136 Κάδυι.
907 5079 1201 5135 Notissima
1238 5082 1369 5135 urbs
1398 5088 1503 5146 est,
1542 5080 1692 5148 cujus
1714 5082 2000 5152 episcopus

429 5165 707 5233 Philippus
739 5164 943 5227 πόλεως
977 5163 1170 5219 Κάδων
1218 5165 1567 5234 Πακατιανῆς
1593 5166 1823 5219 concilio
1855 5168 1999 5221 Con-

427 5249 722 5316 stantinop.
759 5247 938 5309 tertio,
977 5262 1030 5316 p.
1079 5248 1185 5302 674
1232 5249 1545 5303 subscribit.
1579 5248 1691 5302 Sita
1738 5250 1867 5305 urbs
1900 5252 2001 5307 fuit

428 5332 482 5387 iu
515 5330 939 5399 Iinibuslydiw,
997 5329 1246 5398 Phrygia:
1299 5340 1353 5385 et
1404 5330 1604 5399 Mysiae,
1656 5333 1795 5385 unde
1843 5336 2000 5389 modo

430 5415 556 5468 huic
583 5415 742 5466 modo
774 5412 850 5465 illi
894 5428 925 5466 a
961 5412 1232 5467 veteribus
1277 5413 1662 5477 contribuitur,
1700 5424 1751 5467 et
1783 5418 1999 5484 quidem

429 5498 575 5552 circa
634 5493 914 5550 Hermum.
965 5494 1021 5548 Id
1070 5495 1329 5548 docentur
1379 5497 1597 5564 egregio
1656 5512 1821 5552 ntttno
1854 5515 1999 5567 gaza:

426 5581 735 5649 Wildiana,
775 5582 940 5635 altera
976 5589 1127 5648 parte
1169 5581 1325 5632 ΛΥΤ.
1358 5582 1424 5632 Κ.
1488 5581 1561 5633 Μ.
1617 5581 1998 5641 ΓΟΡΔῙΑΝΟΟ

428 5665 712 5737 inscripto,
741 5667 904 5720 altera
962 5661 1212 5716 EPMOC.
1275 5661 1407 5715 EIII.
1466 5664 1995 5724 KAEOIIATOPOC.

409 5753 686 5852 'APXQN.
748 5752 812 5807 Δ.
854 5746 1269 5823 ΚΔΛΟΗΝΩΝ,
1310 5755 1363 5804 et
1421 5750 1568 5806 ﬂuvii
1609 5767 1759 5809 urna:
1797 5769 1992 5827 aquam

2138 786 2269 832 tem.

2207 859 2342 918 Ibid.
2375 864 2683 919 Θεοδοσία.
2733 864 2845 921 Nec
2891 867 3002 921 haec
3041 880 3145 922 nec
3196 880 3328 920 mss.
3375 865 3700 919 Θεοδησιανά

2134 956 2285 999 recta
2311 947 2538 1001 videtur.
2566 949 2752 1004 Potior
2778 958 2862 1004 est
2891 948 3351 1012 Θευδοσιούπολις,
3378 951 3533 1017 cujus
3565 966 3701 1018 pra!-

2130 1029 2213 1081 sul
2246 1029 2478 1083 concilio
2510 1030 2865 1097 Chalcedon.,
2888 1048 2940 1102 p.
2972 1032 3097 1086 244.
3122 1030 3358 1085 Thomas
3386 1031 3699 1084 Θεοδοσιουο

2132 1110 2369 1166 πολιτῶν
2401 1113 2612 1176 πόλεως
2652 1114 2918 1185 ἔπαρχίας
2954 1115 3195 1186 Φρυγίας
3225 1113 3573 1183 Πακατιανῆς
3602 1129 3695 1167 vo-

2128 1205 2308 1253 eatur.

2199 1278 2335 1332 Ibid.
2367 1278 2651 1345 Ἄγκυρα.
2683 1276 2794 1330 Non
2826 1275 2925 1329 alia
2960 1285 3043 1330 est
3082 1292 3146 1333 ac
3187 1278 3495 1342 Strabonis,
3523 1279 3561 1342 l,
3596 1292 3692 1345 xu,

2130 1375 2182 1427 p.
2210 1359 2314 1413 576
2347 1361 2599 1429 Ἀγκυρα
2643 1360 2745 1428 τῆς
2788 1358 3123 1422 Ἀ6ασιτιδος
3162 1376 3176 1412 :
3223 1360 3376 1428 cujus
3408 1361 3693 1429 episcopus

2132 1440 2186 1494 in
2217 1441 2447 1493 concilio
2488 1442 2900 1509 Constantinop.
2951 1441 3128 1505 tertio,
3179 1455 3233 1509 p.
3287 1440 3415 1505 482,
3463 1441 3695 1496 Curicus

2142 1522 2611 1593 ’Δγκυροσυννάου
2642 1531 2695 1575 et
2718 1538 2769 1589 ιι.
2789 1523 2894 1576 465
2914 1521 3191 1591 Ἀγκύρας
3214 1523 3451 1577 Συννάου
3475 1524 3691 1591 dicitur,

2130 1605 2268 1659 haud
2306 1605 2463 1659 dubie
2487 1606 2631 1674 quod
2663 1604 2879 1675 Synnao
2907 1615 3052 1658 esset
3084 1605 3282 1659 vicina.

2197 1686 2334 1743 Ibid.
2368 1688 2662 1751 Σύνναος.
2706 1686 2993 1741 Ptolemmo
3025 1686 3261 1749 Συναός;
3298 1698 3543 1744 nostrum
3574 1704 3694 1759 pro-

2125 1768 2215 1822 bat
2260 1769 2512 1823 Arantius
2550 1769 2755 1830 πόλεως
2792 1768 3028 1821 Συννάου
3075 1783 3140 1821 ex
3180 1768 3502 1824 Chalcedon.
3534 1787 3690 1827 conc.

2124 1866 2178 1922 ιι.
2211 1851 2337 1916 674,
2368 1862 2421 1904 et
2448 1866 2567 1921 qum
2591 1852 2656 1905 de
2691 1853 2900 1923 Ancyra
2928 1850 3062 1905 dixi.
3093 1850 3284 1905 \‘itiosi
3319 1852 3371 1906 iu
3405 1853 3556 1907 urbis
3588 1869 3690 1907 no-

2125 1934 2269 1988 tnine
2298 1933 2552 1989 Socrates
2585 1944 2636 1987 et
2665 1933 2998 2003 Nicephorus
3020 1941 3168 1987 sunt.
3200 1933 3294 1988 Ille
3334 1932 3406 1987 Η.
3441 1933 3503 1988 Ε.
3536 1950 3625 1997 vn,
3657 1935 3691 1988 5

2119 2017 2180 2070 ὲν
2231 2015 2446 2086 Συνάδῳ
2470 2015 2643 2085 inquit
2692 2016 2843 2069 πόλει
2895 2017 2995 2083 τῆς
3052 2016 3403 2085 Πακατιανῆς
3450 2017 3692 2086 Φρυγίας

2118 2098 2394 2162 Θεοδόσιός
2447 2116 2530 2161 τις
2573 2098 2869 2161 ἐπίσκοπος
2918 2094 2985 2169 ἦν
3036 2113 3050 2149 :
3103 2099 3191 2151 hic
3247 2097 3319 2150 ΙΙ.
3362 2098 3426 2152 E.
3470 2116 3578 2161 xw,
3622 2101 3683 2153 II

2120 2181 2329 2236 Σύναδα
2370 2182 2523 2243 πόλις
2552 2182 2646 2250 τῆς
2684 2181 3034 2249 Πακατιανῆς
3064 2180 3308 2251 Φρυγίας
3348 2182 3483 2235 ἐστί.
3518 2182 3687 2238 Priori

2119 2263 2370 2335 Συννάδῳ
2401 2265 2635 2320 inculcat
2680 2263 2845 2319 Ili-nr.
2890 2263 3135 2321 Valesius
3164 2272 3224 2319 ut
3263 2262 3515 2333 Synnada
3547 2282 3691 2318 inar-

2119 2360 2268 2401 more
2301 2348 2577 2402 nobilitate
2612 2346 2979 2416 intelligantur
3019 2364 3032 2400 :
3066 2355 3121 2402 at
3147 2362 3208 2402 ea
3241 2346 3497 2419 Synnada
3534 2346 3688 2400 (ΙΙ-ει»-

2118 2430 2197 2484 cis
2226 2431 2479 2485 omnibus
2520 2429 2844 2498 fueruntque
2875 2437 3030 2484 extra
3068 2429 3410 2495 Paeatiauam
3441 2431 3493 2484 in
3524 2430 3687 2485 Salti-

2120 2513 2219 2566 lari
2265 2512 2514 2583 Phrygia.
2562 2511 2782 2582 Συννάῳ
2814 2511 2859 2565 si
2924 2514 3287 2582 rescripseris,
3331 2513 3473 2564 salva
3505 2513 3687 2567 omnia

2114 2604 2295 2650 erunt.
2326 2594 2601 2651 Posterior
2624 2596 2887 2650 mendosa
2917 2594 3165 2649 Socratis
3183 2595 3447 2663 scriptura
3473 2594 3687 2650 videtur

2117 2677 2385 2747 impulsus
2431 2688 2487 2731 ut
2517 2694 2581 2732 ex
2620 2678 2854 2733 Salutari
2892 2678 2949 2733 in
2995 2674 3340 2733 Pacatianam
3393 2674 3683 2747 Phrygiam

2115 2758 2368 2830 Synnada
2402 2759 2744 2815 transferret.

2183 2842 2320 2897 Ibid.
2354 2843 2605 2911 Τεμένου
2636 2843 2828 2911 θύραι.
2885 2843 3138 2913 Τημένου
3193 2840 3355 2912 θύραι
3384 2840 3683 2908 Pausaniae,

2112 2926 2204 2994 qui
2270 2924 2452 2995 Lydia:
2498 2940 2604 2978 nou
2658 2942 2906 2995 magnam
2966 2926 3153 2981 urbem
3201 2939 3325 2981 esse
3368 2924 3473 2979 fert
3516 2926 3683 2980 Altic.

2113 3025 2298 3074 xxxv;
2330 3012 2468 3065 unde
2499 3009 2849 3079 Νεικόμαχος
2879 3010 3172 3081 ἀρχιερεὺς
3209 3007 3686 3081 Τημενοθυρεῦσιν

2114 3092 2165 3145 iu
2201 3093 2405 3162 optimo
2470 3091 2727 3149 Thesaur.
2757 3092 2974 3146 Britain.
3009 3101 3143 3146 tom.
3180 3107 3236 3152 ιι.
3277 3109 3332 3162 p.
3361 3092 3466 3147 268
3496 3108 3681 3148 numo.

2117 3172 2374 3229 Nostrum
2426 3174 2561 3228 tueri
2608 3188 2666 3229 se
2708 3183 2889 3243 posset
2938 3174 3159 3229 Matthia
3200 3173 3408 3238 πόλεως
3442 3176 3685 3245 Τεμὲνου

2113 3258 2295 3328 θύρων
2324 3272 2388 3311 ex
2435 3255 2667 3311 concilio
2691 3256 3045 3318 Chalcedon.,
3095 3272 3147 3327 p.
3182 3257 3308 3319 674,
3344 3257 3447 3311 nisi
3480 3258 3685 3325 pariter

2113 3343 2201 3398 ille
2247 3357 2310 3396 ac
2353 3339 2648 3404 Gregorius
2691 3340 2927 3411 'I'tpe'vou
2974 3340 3157 3410 θήρων
3201 3339 3402 3396 Νἰωξιιί
3435 3339 3685 3406 secundi,

2113 3444 2165 3497 p.
2196 3426 2300 3481 597
2321 3425 2452 3479 vitio
2480 3434 2625 3479 esset
2646 3424 2873 3478 obsitus.
2902 3422 3176 3478 Ptolemaei
3199 3424 3681 3499 Τριμενοουρῖται,

2111 3510 2179 3563 ab
2209 3507 2509 3563 Ilolsteiuio
2532 3506 2583 3560 in
2607 3505 2793 3561 Ortelii
2819 3504 3105 3561 Thesauro
3123 3507 3386 3577 correcti,
3410 3507 3678 3576 originem

2109 3590 2307 3647 dedere
2358 3589 2443 3645 Jo.
2508 3588 2721 3644 Tzetzte
2776 3585 3012 3643 Chiliad.
3065 3605 3143 3657 II,
3192 3589 3299 3645 596
3346 3590 3685 3661 Γριμενοου-

2149 3677 2307 3735 ίταις.
2398 3689 2429 3699 ‘

2353 3755 2742 3821 Τανούπολις.
2793 3755 3185 3824 Τρανούπ⁰λ¹ς’
3234 3756 3374 3811 unde
3404 3754 3683 3824 Philippus

2109 3837 2536 3910 Τρανουπό).εως
2567 3837 2619 3890 in
2642 3835 2857 3891 Nicmno
2879 3836 3135 3899 secundo,
3154 3835 3362 3904 p.596;
3392 3851 3554 3903 qram
3585 3851 3681 3887 vo-

2110 3938 2226 3977 cem
2264 3920 2490 3979 Carolus
2529 3936 2556 3973 a
2587 3918 2642 3973 S.
2681 3918 2848 3973 Paulo
2882 3935 2946 3973 ex
2980 3918 3322 3988 Traianopoli
3347 3930 3680 3973 contractum

2108 4007 2182 4060 ait
2210 4006 2278 4061 ob
2301 4004 2580 4073 Asiguium
2612 4001 3171 4072 Trajauopolitauum,
3207 4004 3297 4070 qui
3338 4002 3538 4058 Collat.
3585 4017 3681 4057 \‘tll

2110 4105 2270 4146 conc.
2326 4087 2740 4154 Constantinop.
2798 4086 3059 4149 secundo,
3121 4101 3174 4154 p.
3216 4084 3323 4140 240
3373 4086 3521 4140 vices
3570 4086 3685 4153 agit

2109 4170 2331 4226 Joannis
2363 4169 2601 4239 episcopi
2654 4166 3071 4222 Laodicensium
3110 4167 3474 4236 metropoleos
3510 4166 3684 4237 Phry-

2107 4255 2208 4324 gia
2235 4252 2564 4316 Pacatianze,
2593 4252 2678 4306 cui
2710 4262 2763 4307 et
2795 4266 2893 4322 ego
2926 4251 3243 4316 assentirer,
3284 4250 3336 4303 ni
3369 4250 3597 4319 plurima
3626 4252 3680 4306 iu

2106 4355 2170 4395 ea
2222 4339 2513 4394 collatione
2554 4346 2741 4393 essent
2787 4335 3197 4390 meudosissima
3244 4344 3299 4389 et
3348 4334 3564 4388 Notitise
3623 4345 3681 4389 et

2105 4423 2305 4479 concil.
2336 4423 2467 4476 Acta
2517 4423 2819 4477 obstarent.
2851 4417 2985 4472 Novi
3032 4418 3160 4487 quid
3197 4416 3463 4472 Cellarius
3503 4416 3569 4471 G.
3612 4419 3680 4471 Α.

2104 4506 2159 4570 5,
2197 4506 2231 4561 4
2268 4507 2333 4560 de
2367 4503 2721 4573 Trajanopoli
2761 4500 3036 4555 Ptolemmi
3085 4499 3392 4569 disputarit,
3447 4500 3677 4554 necdum

2110 4599 2289 4644 tamen
2321 4604 2441 4642 eam
2479 4597 2718 4642 nostram
2749 4599 2871 4640 esse
2920 4592 3155 4649 constat,
3185 4597 3418 4660 sequens
3448 4582 3682 4652 Πουλχε-

2110 4670 2457 4743 ριανούπολις
2494 4670 2632 4724 forte
2668 4668 2847 4723 verius
2874 4664 3386 4736 Πουλχεριούπολις,
3417 4667 3517 4720 etsi
3549 4681 3680 4720 nus—

2102 4770 2263 4824 quam
2310 4754 2445 4810 mihi
2499 4755 2657 4819 visa,
2714 4769 2744 4806 a
2797 4751 3084 4807 Pulcheria
3138 4752 3380 4824 Augusta
3439 4751 3681 4822 appella-

2101 4839 2265 4894 bitur.

2172 4921 2310 4975 Ibid.
2393 4918 2540 4971 ’Υπὸ
2604 4915 3065 4983 κον-σοινλάριον.
3122 4915 3435 4971 Consularis
3496 4914 3680 4982 Lydia:

2100 5004 2138 5057 l.
2168 5020 2296 5067 xm,
2316 5001 2472 5055 c.Th.
2495 5002 2559 5055 de
2585 4999 2889 5069 petitionih.
2913 4998 3225 5052 meminitet
3244 4997 3501 5068 Syuesius
3516 4999 3677 5067 epist.

2105 5088 2205 5141 127
2230 5129 2244 5153 ,
2288 5087 2375 5140 cui
2405 5085 2585 5155 ἄρχων
2616 5083 2717 5152 τῆς
2747 5074 2966 5144 Λυδίας.

2172 5170 2310 5225 Ibid.
2345 5167 2613 5235 regem.
2672 5165 2744 5219 [)e
2784 5164 2884 5218 hac
2937 5172 2991 5218 et
3039 5162 3213 5217 tribus
3266 5161 3677 5232 insequentibus

2101 5255 2227 5308 Ant.
2264 5251 2418 5312 Itin.,
2454 5268 2505 5319 p.
2538 5248 2664 5305 556.
2710 5247 2807 5301 llic
2840 5247 3015 5301 obiter
3055 5244 3389 5300 illustremus
3418 5244 3675 5299 Thasum.

2102 5337 2312 5392 Brima.
2358 5345 2489 5389 tom.
2524 5333 2592 5395 ll,
2624 5348 2743 5401 pag.
2777 5329 2880 5384 445
2919 5343 3161 5391 mnuum,
3211 5328 3263 5381 in
3306 5342 3415 5396 quo
3450 5342 3480 5380 e
3509 5328 3673 5381 dimi-

2107 5423 2251 5475 diata
2289 5420 2411 5472 luna
2443 5416 2696 5484 juvenale
2730 5423 2914 5484 caput,
2946 5411 3178 5480 Phrygia
3227 5411 3361 5467 tiara
3398 5421 3670 5475 ornatum,

2104 5505 2392 5573 pr0tnicat,
2424 5502 2623 5556 additis
2650 5500 2805 5554 ΜΒΝ
2854 5496 3202 5557 ACKHNOC.
3234 5506 3284 5551 et
3317 5495 3484 5549 altera
3520 5506 3672 5563 parte

2104 5590 2333 5643 lIermus
2364 5603 2513 5641 urna:
2546 5586 2735 5639 leuiter
2757 5581 3038 5646 incumbit,
3071 5581 3374 5649 subscripta
3418 5580 3669 5645 EPMOC,

2102 5677 2246 5730 circa
2285 5689 2411 5726 vero
2459 5667 2867 5727 CAPAIANQN.
2912 5667 2970 5720 Β.
3007 5664 3393 5719 ΝΕΩΚΟΡΩΝ.
3421 5663 3515 5720 Vir
3546 5666 3670 5732 doc-

2108 5768 2211 5825 lus,
2240 5756 2327 5828 qui
2359 5768 2578 5811 numum
2612 5751 2930 5824 publicavit,
2979 5750 3136 5808 deum
3168 5747 3376 5807 bunum
3407 5763 3529 5807 esse
3572 5748 3668 5814 ait,
