3980 6210
339 279 480 347 Ill9

341 400 395 442 et
432 389 630 445 Asceui
658 387 897 457 nomine,
925 388 1072 459 quod
1120 387 1238 443 sine
1279 384 1517 441 tentorio
1556 389 1698 450 agat,
1726 390 1946 448 μοι-ρο·-

345 485 438 527 ιιιο
468 474 830 528 circumactus
853 481 1026 537 motu,
1054 473 1308 527 donatum
1334 486 1349 533 ;
1385 483 1502 537 qua:
1528 465 1654 520 mihi
1689 461 1922 531 esplira-

347 559 420 609 tio
454 557 668 624 longius
690 557 958 611 arcessita
1012 556 1251 609 videtur.
1303 551 1489 606 Potius
1529 548 1762 602 arbitrer
1813 557 1920 598 non

344 654 462 693 esse
501 638 700 694 Cnet-aa
738 637 963 706 originis
992 638 1085 692 sed
1123 637 1368 691 barbara:
1409 645 1621 696 vocem,
1657 640 1716 685 ut
1737 625 1921 697 Μηνὸς

348 727 553 796 Κάρου.
591 726 674 780 cui
708 725 966 794 templum
1008 723 1179 780 luisse
1211 722 1534 778 Laodiceam
1569 719 1710 772 inter
1740 725 1796 770 et
1818 712 1923 768 Ca-

351 823 477 861 rura
503 823 533 860 e
556 807 822 862 Strabone
858 822 957 872 xu,
999 822 1051 874 p.
1088 806 1190 861 580
1216 807 1485 866 novimus,
1513 810 1568 857 et
1601 797 1784 870 Μηνὸς
1813 797 1927 850 Κα-

354 891 633 962 μαρείτου,
679 906 837 957 quem
879 889 1191 961 Nysteorum
1236 890 1290 943 in
1328 887 1489 945 Caria
1544 883 1688 938 numi
1735 878 1926 951 praefe-

355 983 500 1036 tttut,
529 983 584 1027 et
626 971 810 1041 Μηνὸς
866 972 1179 1039 Φαρνάκου,
1220 971 1308 1025 cui
1353 969 1497 1024 circa
1542 964 1736 1021 Cabira
1786 972 1924 1018 tem-

352 1056 498 1124 plum
518 1064 636 1108 erat
666 1054 809 1123 apud
839 1055 1085 1110 eumdem
1117 1053 1437 1108 Strabonem
1468 1064 1566 1112 xu,
1591 1063 1646 1117 p.
1679 1045 1806 1108 557,
1837 1058 1930 1100 eo-

353 1152 456 1206 que
481 1135 872 1191 deumLunum
920 1148 975 1193 et
1020 1137 1120 1192 sub
1176 1134 1296 1204 ejus
1356 1134 1522 1202 ligura
1567 1126 1932 1184 Adonindesi-

353 1220 550 1290 gnari:
584 1235 744 1290 quem
792 1231 847 1276 et
892 1231 1126 1275 matrem
1158 1221 1314 1274 deum
1358 1232 1454 1272 seu
1488 1217 1748 1272 Venerem
1794 1210 1928 1282 Lydi

353 1303 656 1374 vicinreque
681 1313 873 1374 gentes
902 1302 1148 1358 barbaris
1177 1311 1398 1357 ornatos
1430 1299 1599 1355 titulis
1623 1297 1928 1364 coluerunt.

357 1384 582 1446 Proetus
634 1385 943 1440 Diadochus
1012 1384 1064 1438 in
1123 1382 1434 1448 Tetrabybli
1490 1380 1720 1435 Ptolem.
1765 1376 1933 1431 Para—

355 1467 559 1536 phrasi,
616 1483 670 1537 p.
725 1469 793 1524 97
835 1485 850 1522 :
899 1469 989 1521 'Ev
1031 1467 1257 1530 ταύταις
1306 1465 1513 1535 χώραις
1567 1463 1784 1517 σέϐουσι
1834 1460 1933 1530 μὲν

354 1548 433 1612 ὡς
474 1549 566 1603 ἐπὶ
601 1550 736 1605 πολὺ
777 1549 876 1620 τὴν
907 1549 1232 1620 Ἀφροδίτην
1271 1547 1348 1611 ὼς
1379 1546 1516 1600 Θεῶν
1559 1545 1794 1615 μητέρα,
1821 1543 1938 1596 δια-

356 1630 543 1707 φόροις
591 1632 760 1704 αὐτὴν
792 1632 886 1685 καὶ
917 1631 1207 1703 ἐγχωρίοις
1237 1630 1496 1700 ὀνόμασιν
1552 1623 1930 1697 ὀνομάζοντες·

357 1715 558 1782 ὁμοίως
633 1717 728 1768 καὶ
789 1713 883 1768 τὸν
917 1714 1011 1766 τοῦ
1077 1715 1331 1783 Ἀρεως,
1405 1711 1698 1772 καλοῦντες
1771 1707 1934 1761 αὑτὸν

362 1796 598 1852 ’Ἄδωνιν
675 1798 769 1851 καὶ
835 1798 1016 1860 ἄλλοις
1066 1797 1208 1850 τισὶν
1264 1796 1545 1864 ὀνόμασιν.
1604 1794 1645 1848 Ε
1700 1791 1934 1861 quibus,

358 1895 479 1950 qua:
513 1881 580 1934 de
613 1879 862 1934 Adonide
893 1881 1031 1940 dixi.
1068 1881 1376 1942 ﬁrmantur,
1407 1877 1812 1944 clarissimeque
1839 1888 1936 1941 ape

359 1974 512 2032 paret
543 1961 743 2016 nullam
774 1976 896 2018 esse
919 1978 1136 2018 causam
1171 1963 1524 2031 quamobrem
1553 1958 1685 2013 Lit-ii
1709 1971 1931 2018 xxxvut.

362 2045 429 2100 15
460 2046 663 2111 vicum,
701 2062 859 2113 quem
889 2047 1161 2100 Adonidos
1182 2046 1385 2098 Comen
1413 2051 1630 2104 vocant,
1658 2041 1756 2094 viri
1789 2040 1934 2094 ἀοι-ιε

361 2136 569 2183 mutent
600 2145 613 2180 :
649 2143 770 2182 cum
802 2129 949 2182 enim
981 2128 1112 2199 Lydi
1137 2125 1379 2198 Phryges
1426 2125 1573 2196 Lycii
1615 2123 1935 2195 Pamphylii,

359 2212 427 2283 de
451 2211 646 2280 quibus
676 2211 925 2266 omnibus
972 2209 1223 2274 Proclus,
1269 2210 1483 2265 Adonin
1536 2209 1934 2278 praecipuohu-

362 2307 495 2347 nore
533 2292 825 2356 coluerint,
864 2294 992 2362 quid
1041 2295 1296 2362 impediet
1335 2294 1540 2348 Comen
1586 2290 1858 2345 Adonidos
1883 2290 1934 2344 iu

361 2374 608 2448 Ριιιῖεῑω
649 2377 844 2431 “nibus
885 2375 1071 2443 fuisse,
1116 2378 1161 2432 si
1218 2375 1374 2430 Livio
1427 2371 1757 2430 credamus?
1788 2381 1939 2425 caete-

363 2472 504 2524 rum,
542 2466 602 2514 ut
652 2459 719 2513 ad
773 2461 1048 2514 Ascenum
1079 2458 1321 2523 redeam,
1367 2473 1472 2512 non
1521 2456 1758 2511 dubitem
1808 2454 1937 2522 quitt

361 2539 502 2594 idem
576 2551 738 2611 atque
796 2542 884 2596 ille
935 2543 1008 2597 sit
1081 2557 1240 2611 quem
1282 2539 1586 2596 Antiochia:
1635 2540 1688 2593 in
1734 2536 1939 2592 Pisidia

367 2622 604 2677 maximo
633 2625 841 2679 honore
873 2624 1368 2695 prosequebantur.
1394 2622 1619 2686 Strabo,
1651 2621 1810 2675 modo
1845 2635 1938 2687 pa-

361 2721 481 2759 rum
518 2704 820 2774 adjuvetur,
851 2708 1006 2762 nobis
1035 2722 1156 2760 eum
1200 2706 1439 2762 ostendit
1471 2706 1509 2758 l.
1543 2720 1638 2768 xu,
1675 2719 1730 2774 p.
1777 2703 1879 2758 577
1918 2720 1932 2757 :

363 2783 474 2842 Ἦν
513 2789 573 2842 δὲ
625 2788 863 2842 ἐνταῦθα
888 2827 904 2852 ,
955 2788 1154 2858 inquit,
1190 2788 1284 2840 καὶ
1328 2787 1596 2857 ἱερωσύνη
1641 2804 1724 2851 τις
1758 2785 1941 2857 Μηνὸς

373 2871 656 2942 Ἀρκαίου,
701 2871 905 2942 πλῆθος
951 2871 1154 2942 ἔχουσα
1204 2872 1522 2943 ἱεροδούλων
1571 2871 1669 2926 καὶ
1724 2869 1942 2942 χωρίων

364 2954 546 3024 ιερῶν.
580 2954 671 3012 Sic
694 2963 909 3010 vertunt
940 2957 1216 3026 eduntque
1245 2974 1257 3010 :
1286 2970 1420 3010 mss.
1446 2954 1692 3020 Ἀκαίου,
1727 2964 1785 3009 ut
1815 2954 1850 3008 ι.
1885 2969 1940 3020 x,

363 3054 416 3106 p.
455 3038 581 3102 577,
618 3039 760 3108 quod
788 3055 855 3093 ex
890 3040 1165 3109 Ἀσκηνος
1203 3040 1318 3094 sive
1351 3041 1622 3102 Ἀσκανος
1645 3047 1832 3093 natum
1867 3040 1946 3092 vi-

370 3122 486 3186 deri
521 3121 767 3178 locorum
805 3122 1194 3192 nominumque
1221 3123 1522 3178 similitudo
1547 3123 1849 3178 dissuadet.

434 3205 552 3262 Col.
585 3206 708 3261 148.
744 3206 927 3260 Σίται.
967 3206 1165 3262 Verum
1198 3207 1346 3262 urbis
1371 3221 1564 3262 nomen
1600 3205 1744 3276 quod
1772 3205 1935 3260 luerit

363 3289 584 3345 dubium
630 3298 732 3344 est.
772 3287 1092 3344 Vaillantius
1124 3304 1321 3346 nnmos
1349 3289 1620 3345 CAETQN
1667 3289 1720 3342 in
1771 3285 1942 3342 Gram.

366 3374 494 3443 imp.
529 3373 722 3438 Num.,
751 3388 806 3442 p.
837 3373 905 3428 56
942 3375 1049 3430 huc
1083 3375 1290 3438 retulit,
1326 3376 1420 3429 sed
1450 3388 1733 3442 perperam
1766 3389 1780 3425 :
1817 3380 1947 3424 sunt

365 3457 508 3511 enint
560 3457 1046 3522 Samosateusium,
1086 3466 1142 3511 ut
1175 3472 1243 3512 ex
1294 3457 1476 3510 numis
1517 3453 1779 3508 Thesauri
1828 3453 1946 3505 Bri-

369 3540 594 3602 tannici,
628 3555 679 3606 p.
719 3539 844 3599 211.
883 3547 1012 3592 tom.
1041 3538 1084 3591 lI
1125 3549 1367 3607 apparet.
1404 3537 1625 3592 Rectius
1661 3535 1947 3590 CAIT'I‘H-

372 3621 513 3672 ΝΩΝ
545 3634 738 3673 nnmos
786 3621 944 3690 hujus
973 3620 1123 3674 urbis
1169 3620 1361 3675 incolis
1391 3619 1701 3674 Harduinns
1737 3618 1944 3674 tribuit.

369 3704 558 3772 Itaque
588 3703 810 3756 Σαϊτται
859 3712 1064 3758 rectum
1099 3706 1225 3766 crit,
1263 3719 1290 3758 a
1328 3718 1434 3773 quo
1472 3714 1578 3759 non
1608 3703 1766 3774 longe
1794 3703 1949 3758 abest

366 3787 640 3843 Ptolenuei
672 3803 702 3842 e
733 3803 865 3844 mss.
893 3786 1068 3842 Palat.
1105 3787 1443 3857 Σάτται,ρι·ο
1478 3803 1588 3856 quo
1607 3787 1767 3841 Σέται
1792 3784 1948 3841 Cois-

373 3871 609 3927 linianus
643 3873 834 3926 codex.
870 3871 928 3926 In
959 3869 1111 3925 Actis
1156 3871 1519 3927 conciliorum
1569 3885 1658 3924 mo
1681 3873 1729 3923 lo
1768 3868 1947 3923 Σετῶν

369 3953 546 4018 πόλις.
571 3965 630 4009 ut
652 3950 868 4008 Nicteno
895 3956 1132 4008 secundo
1159 3968 1212 4020 p.
1245 3952 1368 4020 591,
1394 3952 1552 4006 modo
1583 3952 1751 4006 Σιτῶν
1771 3951 1946 4017 πόλις,

367 4036 638 4106 ἐπαρχίας
675 4037 892 4100 Λυδίας,
931 4037 1092 4092 sicuti
1131 4035 1416 4090 Constant.
1467 4035 1670 4101 Tertio,
1718 4051 1770 4104 p.
1821 4034 1944 4100 502,

370 4122 531 4175 modo
591 4121 810 4174 Σεπτῶν
865 4121 1055 4184 πόλις,
1118 4135 1226 4188 quo
1290 4117 1450 4175 modo
1509 4119 1564 4174 in
1611 4119 1946 4175 Chalcedon.

372 4221 426 4270 p.
481 4203 610 4269 666,
649 4220 745 4272 pro
780 4219 886 4273 qua
933 4220 986 4274 ν.
1035 4204 1099 4259 97
1130 4201 1361 4268 Σεττῶν,
1410 4218 1462 4272 p.
1499 4202 1602 4256 5’27
1654 4202 1861 4256 Σέλλων
1894 4212 1950 4260 et

369 4287 611 4355 Σεύγων,
639 4303 696 4359 p.
728 4288 853 4343 599.

440 4367 575 4425 Ibid.
609 4371 883 4426 Μαιονία.
935 4369 1052 4424 Sita
1101 4368 1279 4423 fuitin
1332 4369 1516 4424 radice
1561 4368 1772 4436 Tmoli,
1812 4379 1948 4424 teste

369 4451 545 4508 Plinio
587 4469 644 4519 ν,
695 4454 786 4508 29.
844 4452 1265 4515 Μαιονιτὸπολις
1314 4452 1417 4521 τῆς
1457 4451 1643 4506 Λυδῶν
1678 4452 1949 4523 ἐπαρχίας

369 4537 425 4590 in
461 4537 746 4592 Constant.
777 4535 982 4601 Tertio,
1015 4551 1069 4605 p.
1097 4536 1220 4590 668.
1256 4534 1456 4588 Μιονία
1487 4536 1747 4589 mendose
1769 4536 1821 4587 in
1850 4531 1948 4587 Ni-

369 4634 523 4674 cmto
555 4620 815 4684 secundo,
851 4633 906 4688 p.
947 4618 1072 4672 591.
1105 4615 1433 4686 Sequentem
1473 4616 1651 4687 legere
1691 4632 1796 4670 non
1838 4631 1952 4672 me-

371 4718 532 4758 1111111.

445 4787 586 4841 Ibid.
627 4784 918 4854 Τρὰλλης.
951 4783 1124 4854 Δὰλδη
1157 4783 1336 4852 p0tior
1372 4783 1500 4848 erit,
1551 4783 1706 4852 cujus
1735 4784 1950 4854 episeo-

374 4885 474 4939 pus
503 4869 738 4924 Joannes
779 4867 984 4939 Δάλδης
1016 4867 1232 4922 Νἰοωηο
1267 4867 1510 4920 secundo
1546 4867 1862 4934 subscribit,
1895 4877 1954 4922 et

375 4952 668 5021 Ephesino,
723 4967 775 5020 ι).
823 4950 951 5017 555,
998 4965 1308 5021 quanquam
1357 4963 1549 5016 prave,
1609 4949 1711 5018 τῆς
1752 4949 1952 5013 Λυδίας

373 5027 674 5106 Δαρδὰνης.
712 5033 944 5088 Numntn
985 5031 1291 5087 Δαλδιανῶν
1347 5031 1498 5087 Thes.
1535 5030 1768 5099 Britan.,
1807 5045 1846 5087 t.
1881 5035 1950 5098 Il,

380 5135 436 5188 p.
469 5119 588 5174 101.
628 5116 694 5174 Ν.
750 5115 1012 5187 Ilaymius
1062 5116 1325 5181 inseruit;
1374 5115 1467 5185 qui
1516 5116 1643 5171 dum
1694 5116 1954 5172 adscribit

378 5217 647 5272 nusquam
683 5215 804 5255 eam
838 5199 938 5254 nisi
985 5200 1035 5252 itt
1070 5198 1233 5253 Suida
1276 5198 1525 5269 reperiri,
1575 5214 1672 5254 usu
1708 5206 1949 5253 veterum

379 5287 710 5355 scriptorum
751 5298 943 5351 parum
979 5298 1036 5337 se
1071 5281 1392 5336 instructum
1437 5281 1635 5350 prodit.
1668 5280 1898 5337 Carolus
1923 5297 1951 5335 a

376 5369 438 5423 S.
472 5368 640 5423 Paulo
671 5368 862 5423 Daldia
905 5365 1082 5433 inquit
1110 5362 1291 5419 Suida:
1326 5365 1378 5416 in
1410 5380 1528 5416 voce
1561 5365 1954 5429 Artemidorus,

373 5455 464 5523 qui
491 5455 626 5508 hanc
656 5455 834 5508 urbem
869 5448 1141 5505 MYSSEN
1173 5450 1237 5501 ab
1269 5447 1453 5501 incolis
1478 5449 1675 5501 dictam
1705 5449 1910 5518 scripsit
1935 5465 1954 5513 ;

380 5536 580 5600 quibus
613 5538 825 5605 gemina
874 5534 1006 5588 Abr.
1045 5531 1283 5587 Ortelius
1315 5531 1367 5584 in
1411 5530 1676 5585 Thesauri
1720 5532 1801 5586 sui
1837 5533 1956 5586 Dal-

377 5618 482 5670 den
520 5626 942 5672 connnentatur.
995 5614 1297 5682 Utrumque
1346 5613 1744 5679 Artemidorus,
1785 5629 1957 5682 quau-

378 5707 491 5756 tum
528 5714 558 5754 a
591 5714 720 5757 vero
749 5715 810 5755 ea
838 5699 1039 5765 absint,
1075 5700 1119 5756 si
1152 5698 1328 5767 patrio
1359 5713 1610 5755 sermone
1640 5698 1950 5769 loquentem

1379 271 1761 336 ADDENDA.
1803 292 1874 304 --
1896 266 1981 328 Ρ.
2018 267 2531 332 WESSELINGII

3447 263 3602 333 II20

2029 378 2218 434 audire
2273 380 2595 447 voluissent,
2643 377 2920 435 docuisset
2956 376 3246 446 Oneirocr,
3287 379 3342 445 2,
3399 394 3451 435 c.
3489 383 3598 438 ult.

2020 461 2172 514 οὐδὲν
2217 461 2310 516 οὖν
2363 462 2675 532 Θαυμαστὸν
2705 465 2763 518 ἐν
2792 463 2990 534 Δαλδίᾳ
3030 463 3364 529 Ἀπόλλωνα,
3389 463 3446 519 ὃν
3467 466 3602 519 ΜΥ-

2021 542 2208 597 ΣΤΗΝ
2251 546 2523 616 καλοῦμεν
2568 548 2730 617 ἡμεῖς
2785 545 3027 616 πατρῴῳ
3091 546 3353 617 ὀνόματι,
3427 547 3607 602 ταῦτά

2026 642 2094 697 με
2159 629 2591 699 προτρέψασθαι.
2670 629 3074 685 Intellexissent
3126 629 3429 700 Apollinem
3480 631 3606 702 My-

2024 717 2144 764 sten
2176 728 2204 764 a
2231 710 2504 786 Daldianis
2536 711 2705 767 fuisse
2741 712 2980 778 cultum,
3040 727 3138 767 nec
3194 728 3430 782 unquam
3479 715 3606 768 Dal-

2025 790 2168 848 diam
2191 808 2257 849 eo
2289 796 2510 853 nomine
2575 794 2766 853 fuisse.
2836 796 2965 849 Erat
3008 795 3188 849 Daldia
3256 793 3436 866 Lydii:
3502 811 3612 851 nee

2028 890 2278 944 maguum
2325 895 2500 949 neque
2547 880 2901 936 memorabile
2951 880 3208 950 oppidum
3243 897 3257 934 :
3293 880 3490 935 Δαλδξα
3517 881 3609 946 δέ,

2030 957 2193 1010 verba
2245 957 2484 1025 ejusdem
2532 960 2861 1015 Artemidori
2915 959 3101 1016 Oneir.
3138 961 3194 1024 5,
3243 975 3292 1015 c.
3320 961 3420 1016 ult.
3450 972 3604 1020 sunt.

2029 1037 2272 1108 πόλισμα
2308 1041 2631 1110 Λυδίαίκαὶ
2660 1043 2722 1096 οὐ
2771 1043 2975 1114 σφόδρα
3005 1042 3306 1112 ἐλλόγιμον.
3337 1034 3468 1108 Quae
3503 1043 3609 1097 etsi

2030 1121 2174 1178 baud
2209 1124 2349 1180 male
2381 1125 2658 1193 disputata
2701 1127 2874 1182 videri
2923 1135 3144 1197 queant,
3177 1126 3410 1180 fortasse
3436 1127 3608 1181 tutius

2031 1206 2137 1261 erit
2181 1207 2432 1278 Τράλλην
2465 1209 2742 1267 retinere:
2775 1209 2878 1264 hoc
2907 1211 3052 1265 enim
3097 1210 3316 1264 nomine
3357 1211 3548 1264 urbem
3575 1227 3604 1264 ιι

2032 1286 2303 1346 Trallibus
2328 1291 2596 1348 diversam
2618 1322 2622 1327 ι
2644 1302 2699 1348 et
2742 1291 2959 1348 Notitia:
2994 1303 3211 1347 veteres
3254 1300 3310 1346 et
3346 1293 3608 1348 conciliu—

2035 1387 2153 1426 rum
2199 1373 2331 1429 Acta
2377 1384 2704 1446 agnoscunt.
2752 1375 2830 1430 Ita
2883 1375 3292 1447 Constantinop.
3342 1375 3603 1440 secundo,

2033 1469 2088 1526 p.
2119 1455 2244 1511 243.
2273 1456 2508 1514 Uranius
2532 1459 2820 1530 episcopus
2839 1458 3212 1515 Trallenorum
3241 1460 3481 1514 civitatis
3507 1458 3610 1529 Ly-

2037 1539 2138 1592 dia:
2168 1540 2486 1606 provinciae,
2517 1551 2571 1595 et
2605 1540 2822 1597 Nica‘no
2864 1543 3126 1608 secundo,
3154 1557 3209 1612 p.
3246 1543 3339 1598 51.
3381 1541 3612 1596 Michael

2037 1623 2288 1694 Τράλλης
2336 1625 2477 1682 inter
2529 1625 2711 1696 Lydia:
2757 1627 3060 1696 episcopos,
3099 1642 3226 1681 cum
3265 1627 3422 1698 paulo
3484 1635 3608 1682 ante

2036 1706 2472 1779 TheOpbyIactns
2500 1711 2789 1778 Τραλλὲων
2837 1713 2980 1767 inter
3013 1712 3245 1769 Asianos
3285 1727 3483 1767 nomen
3523 1726 3608 1766 es-

2035 1800 2120 1845 set
2145 1789 2440 1859 profcssus,
2461 1793 2774 1853 subscribit.

2030 1938 2032 1941 ,
2108 1873 2247 1928 Ibid.
2298 1876 2804 1944 Αὐρηλιούπολις.
2869 1877 3181 1933 Theodotus
3244 1877 3614 1949 Αὐρηλιουπόο

2035 1954 2174 2018 leto;
2239 1956 2338 2026 τῆς
2400 1959 2586 2012 Λυδῶν
2643 1960 2922 2031 ἐπαρχίας
2957 1959 3359 2030 Coustautinop.
3416 1962 3603 2023 tertio,

2037 2058 2093 2110 p.
2131 2039 2234 2095 668
2264 2042 2556 2100 scribendo
2580 2043 2772 2099 adluit.
2800 2045 2955 2100 Adde
2986 2043 3264 2100 Niemnum
3287 2043 3608 2108 secundum.

2035 2142 2090 2196 p.
2124 2126 2249 2180 591.

2109 2208 2240 2264 Ibid.
2296 2210 2583 2266 Ἀττα.1ἰα.
2624 2209 2796 2266 IIabet
2836 2225 2954 2266 eam
3003 2210 3310 2279 Stephanus
3342 2221 3397 2268 et
3428 2209 3618 2281 Lydia:

2037 2292 2370 2360 contribuit;
2398 2292 2490 2349 ubi
2526 2303 2666 2350 recte
2703 2293 2763 2348 L.
2797 2293 3130 2350 Holsteinius
3150 2302 3204 2350 et
3233 2294 3395 2347 aliam
3426 2307 3498 2347 eo
3518 2308 3610 2347 no—

2041 2375 2185 2430 mine
2224 2376 2277 2430 in
2335 2375 2672 2446 Pamphylia,
2727 2391 2890 2447 quam
2942 2390 3042 2432 suo
3100 2376 3219 2430 Ioco
3278 2375 3608 2440 videbimus,

2041 2457 2212 2515 fuisse
2241 2461 2514 2514 observat.
2560 2459 2673 2515 Ilnc
2705 2474 2904 2515 uumns
2947 2459 3246 2513 Ἀτταλέων
3292 2457 3447 2512 Thes.
3492 2457 3612 2511 Bri-

2042 2549 2154 2594 ειη.
2191 2549 2322 2597 tom.
2355 2539 2420 2606 ΙΙ,
2450 2557 2502 2612 p.
2532 2541 2658 2606 229,
2687 2541 2844 2597 sicuti
2885 2539 3256 2596 ’Δτταλεατῶν
3283 2540 3352 2593 ad
3385 2539 3610 2594 alteram

2042 2624 2094 2679 in
2128 2621 2464 2694 Pamphylia,
2491 2640 2543 2691 p.
2575 2623 2643 2678 90
2661 2624 2906 2695 ejusdem
2937 2624 3067 2679 tomi
3099 2621 3288 2678 referri
3321 2623 3611 2688 oportebit,

2041 2721 2149 2776 qua
2180 2707 2245 2760 dc
2282 2723 2338 2762 re
2363 2707 2427 2762 N.
2465 2707 2742 2778 Ilaymius.
2771 2706 3058 2778 Dionysius
3095 2714 3273 2762 tamen
3316 2704 3614 2760 Ἀτταλεὼο

2041 2807 2141 2862 της
2177 2791 2349 2856 Λυδὸς
2377 2793 2539 2848 estin
2574 2791 2930 2858 Chab-edon.,
2974 2809 3026 2862 p.
3051 2792 3176 2848 666.

2113 2875 2249 2930 Ibid.
2294 2875 2761 2946 Ἐρμοκαπηλίω
2799 2877 3128 2947 Theopistus
3167 2876 3616 2948 Ἐρμοκαπηλίας

2041 2967 2125 3014 est
2154 2958 2206 3012 in
2239 2957 2457 3014 Nica-no
2493 2961 2754 3022 secundo,
2786 2974 2840 3030 p.
2871 2959 2962 3025 51,
2988 2961 3078 3031 qui
3107 2976 3154 3031 p.
3191 2961 3293 3016 591
3339 2961 3615 3032 Ἐρμοκαο

2045 3043 2218 3112 πήλου
2270 3044 2488 3098 dicitur.
2544 3042 3009 3114 Ilermocapelitas
3082 3043 3232 3100 nevit
3282 3054 3340 3099 et
3387 3044 3612 3110 Plinius,

2043 3136 2097 3187 ν,
2134 3122 2226 3176 30.
2922 3155 2924 3158 ν

2115 3203 2254 3258 Ibid.
2332 3204 2643 3274 ‘Axpaa'dq.
2692 3205 2783 3262 Sic
2822 3219 2957 3260 mss.
3006 3220 3106 3260 nec
3134 3204 3298 3268 male,
3335 3218 3396 3259 ut
3418 3221 3482 3259 ex
3518 3221 3617 3260 nu-

2048 3287 2152 3343 ntis
2189 3283 2575 3359 Ἀκρασιὶυτῶν
2622 3288 2771 3344 Thes.
2817 3289 3025 3342 Britan.
3069 3298 3203 3343 lout.
3246 3288 3310 3353 II,
3345 3304 3399 3358 p.
3440 3288 3529 3346 87.
3561 3301 3618 3342 et

2047 3385 2186 3439 quos
2241 3371 2557 3427 Vaillantius
2605 3372 2864 3440 inspexit,
2913 3379 3151 3428 constat.
3187 3370 3616 3426 Chalcedonensi

2047 3454 2280 3509 concilio
2336 3454 2608 3510 Patricius
2671 3453 2976 3526 Ἀρκασσοῢ
3053 3454 3342 3526 provincia:
3387 3453 3608 3522 Lydizc,

2049 3551 2105 3606 ι).
2134 3535 2239 3591 574
2269 3536 2508 3592 adfuisse
2533 3537 2752 3608 legitur.

2120 3621 2258 3677 lbid.
2317 3623 2704 3686 Ἀπόλλωνος
2755 3623 2937 3691 Ιερόν.
2989 3621 3130 3677 Illuc
3166 3620 3458 3690 Apollonos
3501 3620 3621 3676 his-

2051 3704 2165 3758 rita:
2194 3703 2351 3758 Plinii
2381 3720 2434 3771 ν,
2470 3705 2576 3769 ‘29,
2622 3714 2680 3760 et
2725 3703 2921 3760 Lucius
2962 3705 3246 3774 episcopus
3286 3702 3621 3766 ’Λπόλλωνος

2050 3785 2198 3856 ἱεροῦ
2243 3788 2292 3840 in
2336 3787 2687 3850 Chalcedou.,
2724 3803 2776 3857 p.
2825 3786 2949 3842 666.
2999 3786 3242 3841 Meminit
3287 3785 3624 3849 Ἀπόλλωνος

2051 3871 2200 3941 ἱεροῦ
2239 3872 2294 3927 in
2345 3880 2526 3926 monte
2559 3871 2719 3941 positi
2768 3870 3031 3926 Aristides
3077 3881 3206 3926 tom.
3245 3871 3284 3935 I,
3331 3887 3384 3940 p.
3430 3871 3536 3926 6'25
3572 3881 3626 3924 et

2049 3955 2189 4010 629:
2217 3958 2358 4026 quod
2397 3957 2443 4012 si
2475 3965 2725 4011 nostrum
2777 3963 2882 4021 est,
2915 3954 3021 4009 500
3064 3956 3233 4021 [erute
3266 3956 3457 4011 stadiis
3493 3953 3628 4008 Pcr-

2049 4053 2206 4108 gamo
2235 4049 2500 4095 semotum
2535 4038 2656 4094 fuit.

2122 4123 2256 4177 Ibid.
2297 4120 2540 4184 Τάλαζα.
2578 4123 2802 4177 Tatium
2839 4132 3042 4179 rectum
3087 4132 3189 4178 est.
3239 4123 3352 4177 Non
3397 4123 3626 4178 diﬂiteor

2051 4207 2327 4278 plerisque
2363 4207 2416 4260 in
2447 4205 2668 4262 Notiliis
2707 4207 2801 4261 τὸν
2844 4207 3102 4261 Γαὸάλων
3149 4205 3433 4275 ρτωευιθιιι
3482 4206 3626 4259 inter

2051 4291 2232 4359 Lydia:
2265 4291 2552 4360 episcopos
2593 4292 2887 4355 recenseri,
2924 4305 3102 4359 neque
3152 4291 3316 4346 etiam
3363 4289 3628 4361 Polyear-

2053 4391 2177 4444 pum
2213 4375 2475 4429 Γαϐάλων
2519 4375 2755 4430 concilio
2787 4375 3142 4440 Chalcedon.,
3180 4391 3233 4444 p.
3283 4374 3350 4430 97
3381 4375 3631 4429 subscri-

2052 4457 2202 4521 bere,
2252 4458 2614 4525 eumdcmque
2658 4457 2709 4511 in
2741 4456 2932 4512 Latina
2972 4457 3199 4527 epistola
3240 4457 3630 4526 episcoporum

2053 4539 2232 4610 Lydia:
2280 4541 2346 4593 ad
2387 4540 2618 4595 Leonem
2658 4540 3037 4611 imperatorem
3078 4541 3402 4597 Gabalorum
3449 4540 3558 4595 diei
3607 4556 3625 4594 :

2053 4626 2282 4679 necdum
2306 4631 2486 4678 tamen
2524 4625 2827 4691 permoveri
2862 4640 3079 4696 possum
3107 4635 3165 4678 ut
3193 4624 3245 4678 id
3278 4634 3478 4677 rectum
3499 4639 3637 4678 esse

2051 4709 2292 4770 credam,
2343 4717 2434 4762 aut
2477 4724 2598 4763 cum
2631 4709 2906 4764 Harduino
2945 4723 3136 4764 nnmos
3169 4706 3461 4761 Ταδαλέων
3505 4708 3636 4761 vitii

2051 4805 2277 4860 arguam
2306 4791 2375 4845 ob
2406 4789 2640 4847 Notitias
2665 4791 3066 4847 ecclesiasticas
3096 4808 3110 4843 :
3146 4791 3268 4859 quis
3290 4791 3435 4844 enim
3471 4790 3639 4857 igno-

2051 4882 2138 4930 rat
2172 4887 2334 4940 quam
2371 4873 2772 4941 frequentatum
2804 4872 3638 4940 librariissit'l‘etl‘permisce-

2053 4971 2110 5008 re
2133 4955 2156 5007 ?
2183 4953 2299 5009 Jam
2332 4954 2552 5009 Τάϐαλα
2578 4972 2706 5011 vero
2723 4956 2941 5010 nomine
2977 4955 3163 5009 urbem
3202 4954 3368 5008 fuisse
3393 4968 3461 5008 ex
3488 4968 3638 5008 con-

2052 5039 2298 5094 cil'ornm
2342 5040 2496 5093 Actis
2527 5038 2874 5109 patefaciam.
2915 5038 3098 5093 Primo
3139 5036 3486 5107 Polycarpus,
3532 5040 3638 5108 qui

2051 5123 2486 5177 Clralcedonensi
2517 5123 2707 5184 adluit,
2745 5125 2846 5178 etsi
2873 5123 3074 5192 passim
3106 5121 3363 5176 Γασάλων
3389 5121 3637 5190 dicatur,

2051 5204 2349 5274 Τρασάὶων
2386 5204 2722 5268 inscribitur,
2753 5221 2804 5274 p.
2828 5206 2956 5268 399,
2985 5219 3189 5272 nosque
3218 5205 3286 5260 ad
3321 5203 3639 5273 legitimum

2055 5289 2205 5342 urbis
2259 5302 2452 5341 nomen
2493 5289 2756 5356 perducit.
2808 5288 3010 5344 Deinde
3062 5286 3296 5343 Joannes
3317 5287 3643 5357 fepiscomts

2053 5368 2316 5423 Ταόἁλων
2349 5379 2660 5425 constanter
2703 5372 2848 5424 Actis
2893 5371 3092 5425 Νἰυωηί
3121 5371 3339 5425 secundi
3384 5369 3641 5436 appella-

2056 5462 2162 5515 tttr,
2207 5461 2264 5506 ut
2298 5467 2350 5520 p.
2385 5451 2474 5515 51,
2511 5453 2638 5516 559..
2665 5454 2760 5509 591
2803 5464 2966 5522 atque
3008 5454 3155 5507 alibi.
3190 5453 3378 5520 Itaque
3408 5451 3641 5505 Notitia:

2054 5549 2246 5589 omnes
2273 5545 2328 5590 et
2352 5535 2796 5591 Cltalcedonense
2840 5537 3129 5591 concilium
3177 5537 3302 5590 hinc
3333 5535 3643 5589 emenden-

2058 5625 2165 5670 tur.
2220 5616 2333 5671 Sita
2372 5618 2501 5673 urbs
2551 5619 2650 5671 fuit
2693 5620 2838 5673 circa
2895 5619 3153 5674 llermum
3209 5637 3222 5673 :
3279 5618 3421 5671 unde
3467 5614 3638 5669 Thes.

2057 5702 2267 5757 Britan.
2302 5700 2368 5768 II,
2404 5717 2457 5770 p.
2502 5701 2601 5758 156
2631 5702 2916 5758 Ταϐα).ἐων
2949 5719 3144 5759 uulnus
3169 5703 3510 5758 recubantem
3535 5708 3636 5753 at-
