3980 6210
399 362 534 433 1121

394 495 503 550 que
539 494 688 535 urnae
717 478 964 537 innixum
993 493 1117 535 eum
1165 474 1386 534 Iluvium
1427 475 1702 542 ostendat,
1737 474 1970 543 ascripto

353 549 358 552 ⁷
397 549 629 632 Ἕρμος.
663 563 816 630 Quod
847 577 976 618 vero
1001 561 1067 619 N.
1101 561 1359 633 Haymius
1392 561 1627 615 similem
1657 571 1820 612 unum
1851 556 1970 609 vul-

391 655 575 715 gatum
607 657 789 718 negat,
815 646 870 702 id
901 661 1063 702 secus
1087 654 1204 700 est:
1239 643 1428 698 fefellit
1455 642 1771 712 diligentem
1798 640 1973 693 virum

395 726 731 795 Harduinus,
761 727 854 798 qui
898 729 1046 783 numi
1082 727 1442 798 inscriptione
1467 733 1733 786 correcta.
1766 724 1976 778 seu-de-

395 820 619 876 pravata
666 813 868 866 verius.
927 811 1217 864 Γαόαλέων
1241 811 1475 883 ,Ἕρμος
1522 809 1577 864 in
1627 806 1794 862 Num.
1849 806 1970 863 urb.

391 898 560 952 illast.
590 900 669 954 Ad
701 897 904 955 Cabala
941 901 1142 957 retulit.
1969 969 1972 972 Α

463 979 584 1036 Col.
619 983 744 1038 148.
772 983 971 1052 Βάτις.
1005 983 1135 1038 Aliis
1155 980 1369 1038 Notitiis
1385 981 1560 1054 Βάγη,
1579 982 1721 1038 unde
1736 979 1974 1053 Βαγηνοὶ

395 1065 455 1120 in
485 1064 639 1121 Tim.
669 1067 878 1121 Britan.
923 1076 1054 1122 tom.
1085 1065 1150 1132 II,
1179 1082 1231 1137 p.
1261 1065 1387 1122 249.
1416 1067 1724 1122 Harduinus
1749 1079 1974 1120 numum

395 1149 530 1203 vidit
562 1151 843 1221 Βαγηνῶν,
876 1151 963 1207 cui
997 1151 1186 1206 aderat
1217 1149 1448 1219 Ἕρμος.
1481 1150 1631 1206 Unde
1658 1150 1800 1205 haud
1831 1145 1972 1203 ntul-

395 1243 508 1285 tum
535 1231 658 1288 inde
693 1235 938 1288 dissitam
976 1232 1142 1288 fuisse
1174 1231 1426 1303 colligas.

376 1341 387 1355 κ
461 1311 598 1370 Ibid.
643 1317 887 1385 Κήρασε
921 1314 1084 1370 Forte
1133 1316 1384 1385 Κεράση.
1415 1312 1751 1370 Menecrates
1783 1315 1972 1385 Κερα-

392 1397 504 1451 σῶν
547 1413 601 1453 et
645 1399 948 1470 Κερασσῶν
998 1398 1140 1454 inter
1194 1397 1369 1468 Lydos
1425 1397 1755 1453 Chalcedon.
1785 1414 1970 1463 conc.,

393 1495 446 1549 p.
480 1481 584 1535 526
617 1491 779 1550 atque
807 1482 933 1537 alibi
981 1481 1295 1544 subscribit,
1341 1489 1396 1535 et
1439 1479 1657 1535 Nicaeae
1710 1481 1973 1547 secundo,

393 1575 448 1627 ι).
475 1562 583 1616 555
603 1563 828 1621 Michael
841 1564 1171 1636 ’Κερασὲων.
1206 1577 1307 1619 ncc
1327 1562 1486 1619 aliter
1511 1561 1566 1617 Ν
1569 1573 1644 1620 ot.
1667 1563 1782 1620 Jac.
1803 1562 1972 1631 Goar,

466 1727 595 1783 Ibid.
622 1728 1114 1799 Μεσοτύμελλος.
1140 1729 1529 1802 Μεσοτίμωλος
1551 1745 1614 1786 ex
1638 1729 1767 1786 Iure
1783 1730 1973 1787 Graeco

392 1811 641 1870 Romano
668 1813 1000 1880 Leunclavii,
1039 1828 1093 1883 p.
1140 1814 1204 1869 91
1247 1815 1583 1884 praestiterit.
1618 1813 1757 1870 IIinc
1790 1814 1970 1869 Meso-

396 1895 638 1952 timolita:
678 1897 817 1966 apud
847 1894 1080 1952 Plinium
1123 1911 1179 1964 v,
1206 1895 1297 1964 29,
1317 1912 1385 1954 ex
1412 1896 1677 1953 Harduini
1709 1898 1969 1954 emenda-

393 1979 561 2042 tione,
597 1995 758 2048 quem
799 1981 944 2036 vide.

469 2061 604 2115 Ibid.
619 2061 1019 2130 Ἀπολλώνης.
1055 2061 1387 2127 ’Λπολλωνὶς
1407 2072 1489 2119 est
1539 2061 1825 2118 Strabonis
1847 2077 1970 2126 xm,

394 2157 452 2212 p.
484 2143 610 2210 6‘25,
645 2145 965 2213 Pergamum
1010 2145 1150 2200 inter
1203 2155 1258 2201 et
1301 2143 1525 2212 Sardes,
1555 2145 1833 2215 utrimque
1866 2145 1972 2200 500
2016 2167 2022 2172 ~

396 2226 591 2281 stadiis
643 2237 914 2294 separata.
956 2227 1219 2298 Cyriacus
1254 2229 1542 2298 episcopus
1595 2227 1972 2297 Apolloniadis

395 2308 669 2378 synodica:
702 2307 976 2378 Lydorum
1019 2310 1260 2379 epistola:
1297 2325 1492 2365 nomen
1525 2311 1831 2378 adscripsit.
1857 2309 1970 2364 Nu-

398 2404 517 2443 mos
561 2391 1064 2459 Apollonidensium
1127 2391 1563 2461 ξΑπολλωνιδέων
1597 2393 1799 2448 habent
1825 2392 1972 2448 Vail-

397 2471 598 2525 lautius
635 2481 687 2526 et
733 2472 1060 2528 IIarduinus.
1101 2472 1240 2531 Vide
1285 2474 1387 2531 Th.
1435 2477 1600 2532 Laur.
1635 2476 1968 2533 Gronovium

395 2553 449 2608 in
483 2552 608 2609 Bas.
636 2555 912 2622 Harmon,
947 2571 997 2611 c.
1037 2571 1187 2611 χιιι.

467 2635 604 2691 Ibid.
662 2638 1197 2706 ἰεροκαστέλλεια.
1244 2638 1374 2695 Sine
1420 2639 1584 2697 dubio
1638 2641 1972 2714 Ἱεροκαισὰ-

400 2737 522 2791 ρεια
557 2731 763 2794 rectum
800 2732 901 2784 est,
949 2723 1111 2793 cujus
1156 2724 1448 2794 episcopus
1506 2724 1974 2799 ’Ῑεροκαισαρείας

399 2803 658 2859 Cossinus
681 2801 1034 2870 Chalcedon.,
1075 2820 1129 2875 p.
1155 2805 1262 2860 665
1286 2807 1572 2864 scribendo
1602 2807 1790 2864 adfuit.
1818 2811 1974 2868 Haud

400 2889 557 2957 longe
597 2885 846 2958 Hypmpis
889 2887 1147 2955 distabat,
1194 2887 1401 2944 famosa
1436 2891 1583 2946 cultu
1619 2891 1802 2948 Diana:
1842 2893 1977 2949 Per-

399 2971 546 3035 sicze,
577 2987 682 3040 qua
711 2971 776 3025 de
823 2969 1000 3028 Tacit.
1033 2973 1170 3028 Ann.
1204 2987 1291 3040 ιιι,
1337 2971 1426 3039 65,
1466 2990 1494 3028 a
1527 2974 1784 3041 Persicis,
1838 2979 1973 3035 inibi

399 3051 761 3108 incolentibus
800 3054 942 3125 apud
983 3054 1304 3111 Pausaniam
1343 3070 1407 3122 ν,
1452 3057 1543 3123 27,
1581 3066 1640 3112 ut
1679 3059 1776 3113 viri
1827 3059 1972 3116 docti

400 3144 750 3202 monuerunt,
775 3136 954 3193 dictae.
978 3137 1109 3204 Qua:
1137 3152 1260 3193 cum
1286 3153 1393 3194 non
1419 3139 1694 3208 ignoraret
1719 3139 1802 3195 Jo.
1836 3143 1976 3197 Har-

400 3220 617 3286 d‘uiuus,
649 3235 815 3276 ausus
846 3230 1028 3276 tamen
1075 3232 1157 3276 est
1195 3221 1405 3278 iterata:
1437 3223 1594 3279 Plinii
1624 3225 1853 3280 editioni
1880 3229 1976 3282 ad-

401 3304 644 3383 scribere
695 3319 766 3370 v,
816 3305 921 3371 29,
979 3305 1157 3362 nullos
1209 3307 1316 3363 illic
1363 3305 1615 3366 Persicos
1667 3310 1978 3383 nullamque

406 3379 627 3441 Dianam
677 3385 952 3443 Persicam
1009 3390 1179 3445 fuisse
1212 3411 1224 3444 :
1259 3391 1568 3446 IIEPCIKH
1612 3396 1783 3450 notari
1812 3379 1981 3450 ΠΕΡ-

399 3468 595 3524 vivam
645 3470 915 3524 Σεϐαστὸν
999 3471 1191 3543 Ἰερεῖς
1225 3473 1588 3544 Καθιέρωσαν
1624 3475 1974 3550 Ἡρακλέους,

404 3551 736 3607 Pertinncem
767 3554 1065 3622 Augustum
1099 3558 1396 3612 sacerdotes
1429 3571 1799 3615 consecrarunt
1831 3560 1973 3617 Iler-

412 3634 570 3689 cutis.
606 3633 683 3688 En
717 3650 812 3689 cor
837 3635 1094 3690 Zeuodoti
1118 3680 1132 3704 ,
1165 3652 1230 3693 en
1253 3639 1405 3708 jecur
1435 3639 1692 3696 Cratetis.

474 3717 612 3772 Ibid.
646 3716 967 3785 Μυστήνη.
1016 3718 1304 3788 Μοστήνη,
1350 3731 1402 3774 ut
1443 3737 1637 3776 numus
1680 3723 1977 3795 Μοστηνῶν

405 3799 594 3854 Λυδῶν
659 3799 944 3870 perspicue
1007 3801 1186 3854 docet.
1257 3799 1502 3857 Julianus
1557 3803 1788 3868 πόλεως
1831 3809 1979 3860 Mou-

407 3883 611 3954 στήνης
657 3891 740 3936 cst
764 3883 818 3936 iu
864 3881 1221 3946 Chalcedon.,
1257 3899 1310 3953 p.
1342 3883 1470 3938 240.
1508 3885 1638 3939 Vide
1673 3885 1734 3941 L.
1765 3888 1974 3946 Theod.

404 3966 737 4021 Gronovium
802 3964 854 4019 in
908 3963 1034 4020 Bas.
1086 3963 1342 4019 Marmor.
1389 3981 1439 4020 c.
1501 3982 1656 4022 χχιιι.
1711 3969 1976 4026 Caeterum

404 4064 525 4119 qua:
555 4048 745 4101 ultimo
787 4047 904 4102 loco
935 4046 1129 4116 legitur
1157 4047 1423 4112 Μοστίνα,
1467 4061 1668 4104 nosuae
1713 4055 1978 4110 correctio

403 4141 568 4200 atque
596 4145 660 4184 ea
705 4130 949 4197 margine
991 4130 1046 4182 in
1083 4129 1385 4200 catalogqu
1417 4130 1788 4199 imprudenter
1829 4149 1979 4190 recc.-

407 4225 493 4282 pta
533 4223 638 4282 est,
689 4222 746 4268 ut
788 4213 892 4269 Ch.
925 4211 1191 4268 Cellarius
1216 4211 1282 4267 G.
1308 4214 1373 4267 Α.
1408 4227 1488 4280 ttt,
1516 4215 1571 4279 4,
1596 4231 1648 4286 p.
1681 4216 1776 4272 151
1805 4212 1979 4274 anim-

405 4299 654 4354 advertit.

476 4380 609 4435 Ibid.
647 4377 984 4432 Σαταλέων.
1030 4375 1224 4432 Scribo
1273 4377 1505 4445 Σάταλα,
1537 4396 1635 4450 pro
1677 4397 1786 4453 quo
1813 4394 1980 4454 prave

413 4462 727 4517 Ptolemaeus
774 4460 1020 4514 Σάτταλα
1059 4467 1114 4515 et
1162 4457 1386 4516 Nonnus
1440 4463 1661 4535 Dionys.
1699 4482 1818 4528 xm.
1873 4467 1979 4524 474

409 4543 678 4598 Στάταὶα.
725 4544 970 4598 Andreas
1003 4541 1262 4597 Σατά).ων
1299 4543 1500 4615 Λυδίας
1535 4547 1778 4602 interfuit
1809 4548 1978 4605 Chal-

409 4629 604 4683 cedon.
633 4642 688 4696 p.
720 4627 810 4691 97,
836 4627 1152 4696 vitioseque,
1179 4642 1232 4697 p.
1267 4628 1370 4692 574
1400 4629 1664 4702 Σαγάρων
1701 4632 1901 4700 Λυδίας
1926 4647 1980 4690 et

405 4729 459 4784 p.
494 4710 600 4766 665
630 4710 926 4775 ἐπίσκοπος
969 4711 1216 4780 Ἀγαλῶν
1249 4713 1465 4766 (IICIIIII‘.

475 4793 612 4848 Ibid.
659 4793 913 4861 Γόρδος.
961 4793 1156 4865 Γόρδος
1198 4794 1298 4864 τῆς
1328 4794 1526 4857 Λυδίας
1555 4793 1765 4850 Socrati
1799 4797 1871 4854 11.
1910 4799 1977 4854 Ε.

406 4894 503 4943 vn,
537 4877 628 4944 56,
693 4879 844 4948 cujus
875 4878 1168 4948 episcopus
1200 4875 1491 4945 Gregorius
1522 4877 1719 4950 Γόρδου
1763 4881 1979 4939 Niceno

403 4961 668 5028 secundo,
688 4977 742 5031 p.
779 4961 886 5016 555
903 4975 1098 5016 nomen
1119 4961 1425 5030 adscripsit.
1445 4962 1671 5020 Carolus
1688 4980 1717 5020 a
1736 4965 1793 5022 S.
1812 4965 1979 5023 Patrio

403 5049 651 5102 eamdem
677 5061 798 5102 esse
821 5055 1006 5102 censet
1037 5060 1102 5101 ac
1132 5042 1447 5115 Juliopolin,
1481 5063 1600 5118 qua:
1631 5059 1756 5106 ante
1792 5051 1977 5107 Gordu

402 5131 592 5194 Come,
641 5131 779 5200 apud
831 5131 1156 5186 Strabonem
1203 5145 1300 5194 xu,
1329 5145 1380 5200 p.
1419 5131 1544 5199 574,
1598 5136 1693 5189 sed
1733 5149 1925 5191 errans
1961 5153 1976 5190 :

403 5214 552 5268 illam
587 5215 639 5268 in
671 5213 877 5268 Galatia
913 5213 1088 5284 prima
1119 5212 1462 5279 videbimus;
1498 5216 1609 5270 lucc
1635 5215 1980 5287 Juliagordus

403 5295 694 5350 Ptoletnzeo
713 5305 766 5350 et
784 5297 983 5358 numis,
1006 5294 1308 5366 cujusutotii
1347 5296 1502 5354 Thes.
1522 5299 1733 5354 Britau.
1762 5309 1890 5354 tom.
1915 5317 1978 5369 II,

404 5392 460 5445 ιι.
499 5377 622 5441 116,
656 5392 762 5430 una
798 5387 951 5442 parte
979 5379 1219 5432 turribus
1252 5391 1499 5434 ornatum
1531 5391 1693 5450 caput
1742 5391 1795 5436 et
1832 5385 1978 5440 circa

415 5459 824 5532 Ἰουλιαγόρδος,
872 5461 1036 5519 altera
1086 5465 1411 5535 Ephesinam
1461 5465 1683 5520 Dianam
1733 5479 1788 5523 ct
1847 5470 1979 5522 Ἰου-

405 5541 741 5615 λιγορδηνῶν
775 5546 989 5601 titulum
1028 5561 1445 5617 repraesentans.
1737 5613 1740 5615 Α

477 5628 617 5684 Ibid.
651 5629 789 5683 Ὑπὸ
842 5629 1309 5698 κοτ’σουλάριον.
1348 5631 1473 5686 Fuit
1504 5636 1827 5702 prtcsidialis
1857 5654 1982 5708 pro-

409 5715 584 5770 vincia
637 5713 856 5782 Pisidia,
905 5724 964 5771 ut
1001 5715 1172 5770 Nom.
1235 5718 1364 5787 imp.
1395 5716 1602 5774 Orient.
1635 5737 1686 5776 c.
1719 5723 1741 5777 I
1779 5733 1832 5779 et
1865 5723 1980 5782 No-

407 5798 542 5855 νείια
571 5798 663 5866 24,
701 5798 854 5871 cujus
898 5815 947 5856 c.
991 5800 1022 5855 4
1057 5800 1351 5872 pruriucia:
1385 5815 1589 5871 praeses
1645 5808 1974 5883 praztor'du-

1228 340 1629 428 'COMMENT.
1664 361 1746 424 IN
1786 346 2203 422 HIEROCLIS
2239 335 2804 427 SYNECDE'MUM.‘

3525 327 3664 428 me

2093 472 2367 530 stinianus
2398 491 2519 533 esse
2537 479 2790 546 juhetur,
2830 475 3320 547 indicant;estquc
3368 479 3485 548 ejus
3525 498 3661 552 prm-

2083 570 2171 632 §es
2205 557 2256 612 in
2283 559 2434 616 Actis
2461 562 2661 617 Zosimi
2694 572 2800 615 tom
2837 571 2894 615 tu
2927 560 3056 625 λιιι..
3091 580 3144 633 p.
3182 564 3306 625 815.
3339 575 3444 619 etc.

2154 637 2288 695 Ibid.
2333 644 2674 712 Ἀντιόχεια.
2726 643 3024 699 Provincia:
3059 655 3176 699 erat
3223 649 3566 716 metropolis.
3601 659 3662 703 ttt

2082 735 2144 775 ex
2181 725 2593 793 provincialium
2641 727 2708 781 ad
2737 725 2973 783 Leonem
3017 729 3400 798 imperatorem
3429 732 3660 802 epistola

2083 813 2328 874 constat,
2382 808 2669 880 Lycaonia:
2734 811 2930 866 finibus
2979 815 3262 880 proxima;
3323 831 3446 884 qua:
3497 833 3658 871 c:utsa

2081 897 2166 945 'est
2211 906 2381 960 quare
2432 895 2632 949 Basilio
2685 894 3016 950 Seleuciensi
3082 896 3186 951 Vit.
3256 897 3314 952 S.
3382 897 3586 955 The-ch
3619 918 3657 968 t,

2082 987 2138 1042 p.
2183 974 2290 1029 255
2316 975 2449 1030 edit.
2495 975 2676 1032 Paris.
2712 978 2812 1048 τῆς
2854 979 3089 1033 Πισιδῶν
3140 980 3242 1050 τῆς
3286 982 3379 1036 καὶ
3417 985 3659 1051 γείτονος

2081 1055 2373 1112 Λυκαόνων
2418 1059 2654 1114 dicatur.
2700 1061 3004 1132 Aucyranae
3033 1063 3239 1134 synodo
3272 1065 3512 1121 adfuisse
3545 1067 3658 1122 fer-
3737 1056 3750 1066 ’

2083 1145 2172 1193 tur
2201 1139 2498 1209 Sergianus
2549 1141 2850 1197 Antiochia:
2895 1145 3108 1200 Pisidia:
3140 1146 3253 1201 sive
3295 1146 3487 1214 Cariae,
3521 1165 3659 1218 quo-

2084 1231 2202 1275 rum
2232 1221 2461 1278 alterum
2521 1225 2665 1278 haud
2719 1224 2881 1280 dubie
2929 1239 2958 1279 a
3009 1236 3320 1285 correctore
3362 1237 3468 1286 est.
3529 1229 3661 1287 Vide

2082 1302 2372 1367 Cellarium
2408 1305 2474 1361 G.
2504 1308 2566 1362 Λ.
2603 1323 2688 1375 ιιι,
2717 1309 2772 1371 4,
2810 1324 2862 1378 ρ.
2899 1309 3025 1363 187.

2151 1387 2288 1442 Ibid.
2320 1390 2442 1443 Νέα
2479 1391 2681 1456 πόλις.
2727 1390 3058 1463 Hesychium
3089 1392 3496 1465 Neapolitanum
3519 1397 3660 1452 inter

2083 1465 2299 1525 Pisidia:
2367 1474 2652 1542 episcopos
2715 1474 2768 1527 iu
2831 1491 2968 1530 mss.
3013 1479 3388 1535 vetustissimo
3458 1480 3657 1536 Nicaeni

2083 1551 2246 1620 primi
2297 1553 2506 1610 invenit
2557 1555 2616 1612 L.
2653 1554 3014 1612 IIoIsteinius.
3066 1559 3338 1617 Bassonas
3371 1563 3471 1631 τῆς
3514 1564 3659 1627 Νέας

2082 1632 2292 1699 πόλεως
2323 1638 2464 1692 inter
2499 1639 2793 1706 provincia:
2817 1641 3074 1708 prmsules
3113 1642 3165 1696 in
3199 1643 3656 1710 Chalcedonensi,

2079 1733 2136 1790 p.
2168 1717 2273 1773 670
2305 1736 2502 1776 nomen
2539 1722 2846 1792 profitetur.
2907 1723 3081 1779 Habet
3110 1726 3274 1779 etiam
3307 1727 3651 1784 Ptolemaeus.

2083 1807 2090 1814 '
2153 1802 2287 1858 Ibid.
2334 1805 2601 1874 Λιμέναι.
2633 1807 3000 1876 Limenopolis
3040 1808 3091 1862 in
3137 1809 3555 1880 provincialium
3589 1817 3655 1870 ad

2078 1883 2316 1940 Leonem
2370 1888 2752 1957 imperatorem
2800 1892 2960 1958 epist.
3028 1905 3127 1960 pro
3174 1893 3427 1962 Λιμενῶν
3475 1891 3670 1960 πόλις(

2079 1967 2224 2024 Sane
2251 1968 2524 2025 Musiauus
2558 1970 2810 2040 Λιμενῶν
2847 1971 3061 2028 Pisidia:
3087 1975 3373 2044 episcopus
3406 1977 3458 2031 iu
3497 1978 3657 2033 Chal-

2077 2053 2296 2119 cetlon.,
2331 2069 2384 2124 p.
2413 2053 2541 2120 670,
2569 2055 2790 2120 dicitur,
2816 2067 2871 2110 ut
2899 2056 3185 2112 Constant.
3231 2057 3435 2125 Tertio,
3473 2077 3526 2130 p.
3546 2061 3652 2115 676

2076 2135 2344 2192 Patricius
2370 2138 2468 2207 τῆς
2493 2138 2788 2208 Λυμναίων
2833 2139 3043 2204 πόλεως
3085 2141 3322 2195 Πισιδῶν
3359 2143 3652 2216 ἐπαρχίας.

2081 2219 2232 2276 Unde
2260 2236 2324 2275 an
2360 2222 2583 2292 Λίμναι,
2629 2237 2737 2290 quo
2769 2224 2984 2277 nomine
3016 2224 3178 2279 urbes
3217 2224 3528 2294 Stephanus
3568 2245 3657 2284 re-

2081 2313 2285 2369 censet,
2321 2306 2560 2368 potiores
2589 2307 2718 2370 sint,
2755 2305 2896 2359 haud
2935 2305 3212 2361 immerito
3242 2309 3478 2365 dubites.

2151 2387 2284 2442 Ibid.
2329 2389 2597 2446 Σαϐίνω.
2648 2389 2796 2443 Ilauc
2847 2399 3012 2457 atque
3054 2389 3369 2446 Armeniam
3415 2398 3654 2451 nondum

2082 2473 2278 2542 reperi.
2314 2471 2612 2537 Posterior,
2664 2473 2707 2526 si
2744 2471 2946 2526 Graeca:
2968 2473 3040 2526 sit
3077 2474 3302 2542 originis
3325 2514 3340 2537 .
3395 2490 3424 2530 a
3469 2493 3657 2533 servo-

2082 2569 2198 2609 rum
2232 2555 2384 2623 c0pia
2421 2556 2472 2609 id
2512 2569 2710 2609 nomen
2745 2556 2993 2622 accipere
3031 2557 3224 2626 potuit.
3263 2555 3398 2613 Vide
3444 2562 3654 2618 scholia

2080 2637 2132 2690 itt
2167 2635 2423 2692 Nicandri
2445 2638 2824 2706 Alexiphurm.
2860 2638 2984 2693 I76.

2152 2720 2288 2774 Ibid.
2327 2720 2576 2775 Πάππα.
2610 2718 2764 2774 Novit
2801 2736 2920 2775 eam
2972 2721 3330 2790 Ptolemauts,
3363 2737 3554 2797 estque
3601 2729 3656 2785 in

2079 2801 2296 2858 Nicaeno
2349 2803 2590 2857 secundo
2633 2801 2862 2858 Michael
2923 2804 3220 2868 ἐπίσκοπος
3281 2808 3487 2863 Πὰπων
3544 2815 3660 2868 sive

2080 2886 2329 2940 Πάππων
2360 2886 2503 2939 inter
2545 2885 2776 2950 Pisidas,
2813 2901 2865 2954 p.
2903 2887 3008 2942 548
3034 2900 3086 2943 et
3115 2889 3241 2944 575.
3271 2888 3478 2964 Negligi
3526 2909 3654 2963 ergo

2080 2984 2110 3023 a
2139 2968 2490 3038 Geographia:
2518 2965 2700 3021 Sacra:
2741 2968 3021 3024 conditore
3057 2971 3196 3026 haud
3225 2973 3513 3030 debuerat.

2152 3051 2287 3106 Ibid.
2318 3045 3019 3120 Σινήθαι·ὂός.Σινίανδο;,
3050 3063 3107 3109 ut
3133 3055 3363 3126 Cyrillus
3381 3059 3654 3115 Σινιάνδου

2081 3135 2310 3190 concilio
2358 3133 2726 3196 Chalcedou.,
2782 3149 2835 3202 p.
2899 3135 3028 3200 670,
3092 3146 3146 3191 et
3204 3139 3393 3194 Conon
3448 3143 3656 3207 πόλεως

2081 3216 2353 3271 Σινιάνδου
2381 3217 2480 3288 τῆς
2518 3215 2751 3268 Πισιδῶν
2793 3217 3062 3290 ἐπαρχίας
3117 3217 3401 3276 Constant.
3445 3221 3655 3293 Tertio,

2083 3317 2136 3370 p.
2169 3298 2272 3354 676
2298 3302 2612 3354 ostendunt.

2154 3383 2286 3438 Ibid.
2326 3381 2661 3437 Λαοδίκεια.
2714 3379 2828 3436 Non
2887 3381 3046 3437 aliter
3077 3383 3305 3452 Strabo,
3349 3387 3385 3443 I.
3437 3406 3561 3458 ειν,
3599 3409 3654 3463 p.

2082 3469 2207 3523 665.
2245 3467 2349 3520 Alii
2385 3465 2708 3519 Λαοδίκειαν
2740 3466 2842 3534 τῆς
2893 3467 3141 3532 Πισιδὶας
3183 3470 3412 3539 malunt,
3465 3486 3522 3528 ut
3553 3475 3658 3530 So-

2080 3561 2258 3607 crates
2309 3547 2382 3602 !f.
2522 3563 2599 3610 vt,
2646 3548 2701 3602 8.
2747 3545 3022 3604 I’azladius
3061 3553 3196 3607 satis
3243 3556 3484 3612 oratorie
3523 3556 3654 3629 (νίν.

2081 3635 2477 3708 Chrysostomi,
2523 3648 2577 3702 p.
2625 3631 2713 3703 78)
2755 3633 3147 3701 συγκλωσοεὶς,
3198 3639 3392 3709 inquit,
3429 3641 3656 3712 Ἄμμω-

2080 3721 2179 3789 νίῳ
2232 3717 2308 3788 τῷ
2355 3715 2674 3776 Λαοδικείας
2734 3716 2832 3784 τῆς
2898 3719 3246 3791 κεκαυμένης
3303 3723 3656 3794 κεκαυμένην

2081 3801 2336 3869 ἐποίησεν
2366 3799 2464 3868 τὴν
2488 3796 2804 3865 ἐκκλησίαν.
2853 3797 3028 3852 Causa
3063 3805 3402 3877 cognominis
3445 3821 3508 3858 ex
3555 3809 3656 3861 soli

2083 3886 2317 3953 ingenio,
2352 3885 2494 3950 quod
2531 3881 2669 3948 ignis
2703 3881 2774 3933 ibi
2811 3884 3059 3950 quaedam
3107 3885 3263 3952 quasi
3294 3889 3656 3958 scaturigines

2080 3977 2283 4030 essent,
2313 3973 2528 4036 sumpta
2551 3964 2783 4018 videtur.

2151 4049 2289 4103 Ibid.
2338 4047 2604 4117 Τυράτον.
2642 4046 2868 4099 Rectum
2903 4056 3007 4101 εει.
3040 4045 3386 4114 Thcotecnus
3427 4051 3655 4125 Ttpa‘tou

2082 4133 2433 4198 Citaicedon.,
2462 4147 2516 4201 p.
2551 4130 2651 4185 401
2701 4141 2757 4185 et
2796 4129 3092 4200 Τυρασίου,
3119 4149 3175 4202 p.
3217 4134 3319 4192 669
3342 4137 3654 4204 subscribit,

2083 4216 2222 4270 male
2253 4215 2537 4283 utrobique
2568 4231 2582 4268 :
2614 4212 2774 4268 facile
2809 4224 2989 4268 tamen
3025 4216 3212 4272 videas
3243 4218 3384 4272 unde
3430 4235 3493 4275 ea
3545 4223 3656 4276 sint

2083 4300 2394 4367 depravata.
2442 4297 2684 4352 Meminit
2733 4297 2972 4365 ejusdem
3019 4299 3072 4354 in
3130 4298 3402 4371 Phrygia,
3458 4304 3658 4361 finibus

2084 4380 2202 4448 ejus
2229 4381 2462 4451 .Iongius
2508 4379 2751 4449 prolatis,
2787 4379 3084 4448 Xenophon
3120 4383 3321 4452 Exped.
3345 4383 3474 4454 Cyr.
3509 4403 3560 4452 I,
3601 4404 3654 4458 p.

2085 4464 2210 4531 194,
2236 4465 2329 4520 sed
2371 4465 2626 4536 Τυριαῖον
2651 4463 2963 4534 appellans;
2993 4467 3133 4535 quod
3172 4467 3344 4538 ipsum
3379 4469 3656 4536 Straboni,

2083 4549 2128 4605 si
2160 4563 2292 4604 mss.
2326 4548 2505 4602 valeat
2529 4549 2844 4612 auctoritas,
2873 4565 2992 4603 cum
3013 4548 3220 4605 Orthio
3251 4554 3652 4610 restituendum

2081 4632 2205 4699 erit,
2249 4631 2285 4685 I.
2322 4646 2436 4695 xw,
2487 4647 2539 4700 p.
2573 4631 2678 4686 665
2711 4651 2725 4688 :
2760 4633 2852 4685 ἐπὶ
2885 4631 2940 4685 δὲ
2992 4632 3051 4685 τὸ
3094 4632 3231 4703 πρὸς
3274 4636 3340 4704 τῇ
3380 4635 3661 4709 Λυκαονία

2084 4716 2259 4786 πέρας
2302 4715 2403 4784 τῆς
2453 4715 2764 4785 παρωρείου
2808 4715 2868 4768 τὸ
2915 4714 3172 4784 Τυριαῖον
3207 4715 3294 4770 διὰ
3334 4717 3658 4791 Φιλομηλίου

2088 4797 2270 4868 μικρῷ
2298 4798 2521 4861 πλείους
2550 4799 2658 4850 τῶν
2697 4799 3087 4853 πεντακοσίων.
3121 4799 3211 4854 Sic
3240 4802 3383 4856 enim
3417 4803 3515 4869 illi,
3553 4822 3659 4860 non

2084 4880 2401 4950 Τυριάριον,
2431 4889 2489 4932 ut
2518 4878 2700 4944 vulgo,
2735 4895 2832 4933 nec
2859 4882 3171 4951 Τετράδιον,
3200 4887 3341 4953 quod
3371 4901 3438 4940 ex
3476 4887 3658 4942 Ptole-

2085 4978 2222 5018 [ηπδο
2267 4962 2566 5017 Palmerius
2629 4963 2967 5027 advovabat,
3021 4967 3344 5034 probantes;
3412 4978 3471 5021 ιιι
3525 4973 3660 5026 adeo

2084 5052 2228 5107 circa
2262 5045 2547 5118 Lycaonia:
2580 5055 2839 5100 montana
2879 5063 2982 5100 non
3020 5050 3245 5105 multum
3278 5066 3308 5105 a
3341 5050 3660 5108 I‘hilomefio

2084 5132 2320 5204 positum
2351 5129 2550 5198 fuerit;
2585 5129 2724 5198 quod
2755 5141 2805 5184 et
2841 5129 2996 5184 Plinii
3030 5130 3321 5202 Tyrieuscs
3353 5150 3404 5197 ν,
3438 5135 3506 5188 27
3535 5137 3656 5189 Phi-

2083 5213 2489 5271 lomeliensibus
2523 5227 2682 5282 ptime
2720 5213 2994 5284 conjuncti
3044 5217 3288 5270 suadent.
3327 5215 3531 5272 Poterit
3564 5235 3660 5270 au-

2087 5309 2193 5355 tem
2225 5297 2496 5369 Tyriaeum
2534 5311 2817 5350 munerqu
2845 5297 3064 5350 urbium
3094 5295 3434 5369 Oeagraphia'
3456 5299 3656 5367 δοίη-α’,

2083 5388 2135 5440 in
2163 5399 2265 5453 qua
2301 5381 2443 5436 nulla
2474 5381 2590 5451 ejus
2624 5381 2845 5443 mentio,
2870 5396 3090 5449 augere.

2152 5467 2286 5524 Ibid.
2345 5465 2852 5533 Ἀδριανούπολις.
2901 5462 3207 5518 Florentius
3267 5464 3644 5536 Ἀδριανουπό-

2079 5555 2218 5616 λεως
2247 5549 2464 5606 Pisidia:
2489 5557 2574 5605 est
2614 5550 2666 5602 in
2713 5547 3044 5602 Chalcedon.
3079 5549 3327 5614 concilio,
3363 5567 3414 5619 p.
3448 5552 3572 5617 670,
3599 5563 3654 5606 ct

2082 5639 2388 5696 Thalalaeus
2427 5632 3067 5701 lIadrianOpoIitanorum
3104 5631 3318 5689 Pisidiae
3362 5637 3652 5707 provincia:

2081 5725 2272 5782 Collat.
2307 5723 2339 5777 8
2364 5719 2777 5792 ConstantinOp.
2806 5732 2938 5783 scc.,
2973 5733 3027 5787 p.
3055 5717 3182 5772 2-H.

2155 5811 2289 5868 Ibid.
2322 5804 2709 5878 Φιλομὴλιον.
2739 5803 2874 5860 Nota
2909 5803 3033 5860 urbs
3065 5820 3130 5859 cx
3159 5803 3426 5863 Strabone
3447 5815 3502 5864 et
3523 5818 3657 5863 cou-

2130 5901 2169 5924 β
2761 5901 2773 5917 ’ὖ
2888 5905 2988 5918 ὀυν
