3958 6216
362 275 506 347 1123

359 400 611 454 ciliornrn
642 402 726 449 est
756 392 925 459 Actis,
954 408 1061 446 non
1110 390 1260 455 item,
1290 394 1429 462 turpi
1478 392 1610 447 vitio
1663 389 1932 444 deforma-

361 491 469 534 tam
494 492 617 532 esse
648 476 700 531 in
734 474 985 543 Procopii
1035 473 1178 529 Ilisl.
1224 490 1423 528 arcana
1469 489 1516 529 e.
1552 488 1710 527 xvut.
1748 480 1934 526 narrat

361 564 548 634 plures
580 559 743 615 urbes
776 558 1082 613 vehementi
1112 566 1271 612 terra:
1304 568 1450 611 motu
1480 556 1769 618 corruisse,
1806 564 1936 623 pra!-

361 659 552 714 terqne
582 652 811 699 cieteras
852 641 1153 696 Πολύϐοτόν
1185 659 1245 694 τε
1272 644 1371 711 τὴν
1413 642 1471 694 ἐν
1501 640 1710 709 Φρυγίᾳ
1745 641 1838 692 καὶ
1866 638 1936 709 ἢν

242 762 260 806 ;
361 729 576 784 Πισίδαι
624 725 933 797 Φιλομηδὴν
981 724 1260 780 καλοῦσιν.
1308 724 1417 779 Imo
1443 724 1791 794 Φιλομήλιον,
1828 737 1934 806 quo

362 810 579 865 nomine
609 807 810 863 Pisidis
838 809 1027 863 urbem
1056 806 1243 873 fuisse,
1271 822 1379 862 non
1432 807 1624 873 altero,
1668 806 1806 860 citra
1837 804 1937 859 du-

361 894 506 949 bium
544 902 650 947 est.

430 954 549 1032 eoi.
586 973 710 1029 I48.
739 973 1092 1039 Σωζδπολις.
1127 971 1303 1027 Patria
1333 970 1434 1025 fuit
1462 970 1672 1035 Severi,
1696 968 1786 1040 qui
1812 968 1936 1025 Fla-

360 1061 521 1113 viano
550 1058 773 1127 depulso
804 1056 1155 1112 Antiochenis
1173 1056 1461 1125 episcopus
1479 1063 1563 1109 est
1586 1053 1768 1110 datus.
1796 1054 1936 1109 Eva-

357 1141 509 1211 grins
553 1139 623 1195 Π.
671 1138 737 1195 Ε.
776 1156 860 1207 Ill,
897 1141 967 1195 55
1007 1156 1023 1195 :
1063 1138 1121 1201 ὃς
1160 1138 1393 1209 πατρίδα
1422 1136 1934 1209 τῆν’Σωζοπολιτῶν

358 1224 870 1296 κληρωσάμενος,ἥ
907 1222 1005 1294 μία
1040 1221 1137 1275 τοῦ
1164 1222 1398 1275 Πισιδῶν
1435 1221 1624 1285 ἔθνους
1662 1222 1833 1277 ἐστίν.
1874 1222 1935 1277 ιιι

360 1308 514 1361 Actis
547 1306 748 1360 Zosimi
782 1314 908 1360 tom.
942 1320 1004 1361 III
1028 1304 1135 1359 Jul.
1165 1304 1584 1369 Σωζουπο).ιτῶν
1614 1304 1767 1368 πόλις
1788 1304 1936 1360 circa

359 1390 704 1443 Antiochiam
739 1388 953 1444 Pisidia:
979 1399 1031 1443 et
1059 1389 1353 1451 Comanam
1388 1404 1438 1443 c.
1473 1388 1849 1444 tcollocatur.

429 1473 565 1527 Ibid.
610 1470 972 1541 Τὺμανδρος.
1036 1471 1287 1541 Jungitur
1336 1472 1461 1528 huic
1516 1472 1820 1527 arctissime
1882 1469 1933 1526 in

361 1556 752 1610 Schlestrateui
775 1565 828 1609 et
853 1554 1110 1610 Bandurii
1131 1556 1365 1610 editione
1389 1555 1746 1627 μητρόπολις,
1772 1568 1936 1625 quam

361 1639 585 1692 Carolus
630 1654 657 1691 a
704 1636 763 1691 S.
798 1637 967 1692 Paulo
1006 1637 1130 1706 jnre
1189 1639 1393 1706 optimo
1451 1639 1578 1693 hinc
1635 1637 1934 1693 distinxit:

362 1735 536 1789 neque
574 1721 720 1776 enim
778 1720 993 1775 Pisidiae
1039 1721 1353 1791 metropolis
1395 1737 1631 1791 unquam
1665 1722 1784 1786 fuit,
1831 1720 1939 1775 Τυ-

361 1804 559 1874 μανδὸς
610 1804 949 1874 appellanda,
1004 1804 1049 1859 si
1092 1803 1375 1875 Longino,
1427 1807 1515 1873 qui
1560 1807 1765 1877 synodo
1793 1805 1937 1861 Con-

360 1891 854 1958 stantinopolitanae
903 1888 1006 1943 sub
1060 1885 1320 1943 Flaviano
1368 1888 1582 1953 adfuit,
1627 1890 1933 1956 credimus,

359 1977 669 2042 episcopum
714 1988 773 2027 se
820 1972 921 2040 τῆς
971 1970 1339 2041 Τυμανδηνῶν
1392 1970 1601 2034 πόλεως
1664 1971 1936 2044 ἐπαρχίας

361 2056 607 2118 Πισιδίας
635 2057 776 2109 inter
818 2055 953 2107 Acta
983 2054 1237 2109 Chalced.
1274 2068 1327 2124 p.
1374 2052 1481 2108 244
1516 2052 1783 2124 professo,
1831 2056 1933 2111 etsi

360 2140 460 2208 τῆς
510 2137 809 2206 Μανδηνῶν
839 2137 1047 2199 πόλεως
1080 2151 1244 2205 prave
1270 2151 1322 2206 p.
1354 2136 1478 2191 2J7.
1513 2138 1541 2190 ὁ
1567 2136 1844 2207 Τομάδνου
1881 2150 1937 2195 et

360 2218 645 2289 Τυμάνδου
673 2229 754 2272 est
783 2218 835 2273 in
870 2219 1084 2274 Notitiis
1106 2217 1225 2273 Jac.
1264 2218 1430 2275 Goar.

432 2304 567 2357 Ibid.
637 2301 1044 2369 Μητρόπολις.
1141 2302 1452 2357 Exorticius
1538 2301 1936 2374 Μητροπόλεως

364 2385 606 2451 Πισιδίας
643 2386 1072 2442 Cbalcedoneusi
1105 2400 1158 2455 p.
1212 2386 1311 2440 401
1365 2395 1420 2440 et
1465 2386 1569 2441 6M
1623 2387 1934 2451 subscribit,

360 2483 644 2539 perperam
686 2467 1059 2536 Νικοπόλεως,
1117 2484 1224 2538 quo
1268 2469 1484 2522 nomine
1534 2469 1585 2523 in
1632 2469 1934 2525 Pisidarum

359 2561 517 2621 gente
544 2551 734 2606 urbem
778 2553 1110 2621 ignoramus,
1145 2565 1199 2620 p.
1235 2549 1339 2604 670
1368 2551 1561 2605 dictus.
1598 2548 1735 2604 Ilinc
1775 2566 1937 2606 cam-

358 2650 459 2703 pus
490 2634 935 2704 Metropolitanus
962 2635 1102 2701 apud
1150 2633 1362 2687 Livium
1407 2647 1636 2695 xxxvm,
1671 2633 1758 2688 I5.

433 2718 568 2771 Ibid.
603 2718 870 2786 'Ozapla.
932 2717 1204 2785 ’Λπάμεια
1238 2723 1360 2781 est,
1405 2716 1471 2770 de
1496 2716 1669 2782 {cujus
1708 2726 1936 2777 ὀπτωηο

360 2797 465 2854 situ
494 2799 659 2853 multa
699 2801 799 2852 viri
828 2798 968 2853 docti
1004 2813 1071 2852 ex
1109 2797 1482 2864 Xenophonte,
1518 2796 1812 2866 Strabone,
1847 2800 1938 2856 Li-

360 2882 450 2938 vio
489 2881 834 2951 Maximoque
868 2880 1053 2952 Tyrio.
1096 2879 1227 2934 Vide
1270 2879 1371 2935 Ch.
1413 2882 1706 2939 Cellarium
1759 2885 1824 2941 G.
1859 2885 1926 2939 A.

360 2970 412 3023 ι’.
446 2983 524 3035 Ill,
556 2966 612 3029 4.
643 2982 698 3037 p.
734 2964 837 3021 I58
859 2975 912 3021 et
945 2965 1026 3021 Cl.
1055 2964 1379 3020 Salmasiutn
1413 2966 1464 3021 in
1494 2967 1694 3035 Solin.,
1719 2986 1771 3040 p.
1807 2970 1933 3028 581.

362 3049 531 3121 Vulgo
570 3049 817 3122 Phrygia:
863 3047 1211 3116 adscribitur,
1270 3064 1447 3120 neque
1495 3051 1566 3119 jid
1602 3055 1794 3126 male}:
1831 3054 1936 3111 sub

358 3134 685 3189 Christianis
733 3132 1147 3189 tamenPisidiaa
1184 3143 1269 3188 est
1310 3135 1814 3200 contributa,'unde
1853 3139 1937 3195 Si-

357 3216 569 3272 sinnins
622 3216 926 3288 ’Ᾱπαμείας
963 3215 1065 3285 τῆς
1108 3214 1359 3269 Κιϐωτοῢ
1400 3218 1543 3273 inter
1591 3219 1803 3274 Pisidas
1841 3218 1936 3276 Ni-

357 3315 506 3354 czeno
537 3301 796 3364 secundo,
822 3314 874 3370 p.
906 3300 1011 3355 558
1029 3300 1373 3370 subscripsit.
1397 3298 1664 3355 Nimirum
1696 3302 1748 3356 in
1769 3302 1937 3375 Phry-

357 3382 458 3450 giae
487 3381 809 3452 Pisidizeque
845 3382 1041 3436 ﬁnibus
1066 3391 1202 3445 erat,
1236 3383 1378 3450 quod
1407 3383 1624 3452 egregie
1651 3384 1809 3441 docet
1832 3386 1931 3443 Dio

355 3463 778 3534 Cbrysostonms
811 3471 953 3517 orat.
987 3476 1154 3521 xxxv.
1184 3463 1394 3529 p.432,
1424 3478 1545 3516 cum
1577 3466 1934 3532 Aparnienses

355 3546 684 3613 compellans
710 3544 807 3613 τῆς
831 3559 893 3595 τε
933 3543 1197 3613 Φρυγίας,
1223 3543 1415 3613 inquit,
1443 3546 1790 3619 προκάθησθε
1838 3552 1933 3606 καὶ

353 3625 574 3689 Λυδίας,
607 3624 687 3677 ἐτι
722 3624 780 3678 δὲ
810 3622 1059 3696 Καρίας·
1093 3624 1228 3680 ἄλλα
1260 3641 1320 3678 τε
1351 3624 1477 3698 ἔθνη
1520 3634 1788 3698 περιοικεῖ
1831 3651 1931 3689 πο-

354 3708 719 3779 λυανδρόταςα
742 3745 760 3773 ,
826 3706 1191 3770 Καππάδοκές
1235 3723 1295 3761 τε
1359 3709 1453 3763 καί⁸
1506 3711 1793 3783 Πάμφυλοι
1838 3718 1932 3771 καὶ

353 3792 594 3849 Πισίδαι.
636 3789 738 3847 Ubi
764 3792 916 3863 plura
955 3789 1009 3845 in
1044 3790 1254 3846 laudem
1289 3793 1441 3847 urbis
1471 3794 1765 3867 adduntur,
1811 3816 1933 3873 qua:

353 3891 458 3934 non
495 3892 558 3931 ex
569 3876 769 3931 scribo.

424 3957 558 4014 Ibid.
591 3955 1090 4023 Εὐδοξιούπολις.
1125 3956 1243 4025 Quo
1294 3958 1424 4014 olim
1472 3963 1696 4020 nomine
1744 3963 1930 4036 fuerit,

354 4044 655 4112 ignoratur.
746 4042 1108 4097 Doctissimus
1162 4039 1491 4101 Holsteinins
1556 4061 1622 4102 ex
1688 4048 1932 4109 Socratis

352 4127 419 4182 II.
461 4125 526 4182 E.
562 4141 655 4190 vit,
681 4124 749 4180 36
778 4124 1145 4195 suspicionem
1187 4124 1352 4192 jecit,
1383 4128 1482 4182 sed
1517 4128 1678 4184 debili
1711 4131 1932 4192 tibicine

354 4211 568 4276 fultam,
598 4219 655 4265 ut
682 4210 748 4265 ad
782 4209 1181 4278 Eudoxiopolin
1208 4208 1433 4279 Europae
1455 4212 1859 4273 admonuimus.

422 4295 560 4351 Ibid.
594 4296 1003 4367 ’Araalaaa'dc.
1051 4291 1142 4347 Sic
1174 4308 1388 4363 quoque
1428 4294 1480 4349 in
1509 4297 1678 4352 altera
1721 4298 1929 4357 Neritia

350 4379 468 4436 Jac.
498 4379 643 4437 Goar
672 4390 726 4434 et
758 4376 976 4433 Nicaeno
1008 4376 1273 4442 secundo,
1319 4392 1372 4447 p.
1410 4378 1536 4446 575,
1567 4379 1652 4434 ubi
1684 4381 1930 4440 Theodo-

349 4466 464 4520 sius
494 4461 934 4536 τῆςἋγαλασοῦ,
954 4461 1044 4531 qui
1064 4460 1440 4530 Σαγαλασσοῦ,
1474 4478 1528 4532 p.
1560 4463 1699 4531 358;
1740 4467 1932 4522 simili-

353 4558 434 4604 ter
460 4563 592 4603 mss.
625 4548 844 4616 quidem
859 4543 1068 4599 Liviani
1096 4558 1325 4605 xxxruz,
1353 4544 1440 4606 I5,
1475 4546 1593 4598 voci
1623 4547 1927 4604 sibilantem

351 4632 586 4685 litteram
611 4630 866 4692 deruunt,
906 4638 963 4681 et
1006 4625 1237 4679 Pliniani
1288 4641 1340 4686 v,
1387 4625 1479 4680 27.
1539 4626 1753 4684 Diceres
1799 4647 1928 4702 pro-

351 4725 534 4784 pterea
564 4710 751 4765 urbem
778 4710 921 4763 inter
950 4721 1042 4761 cas
1071 4721 1193 4762 esse
1225 4706 1585 4777 referendam,
1619 4728 1739 4782 qua:
1769 4720 1927 4773 modo

348 4797 657 4853 sibilantem
690 4794 921 4847 litteram
952 4793 1194 4857 demunt,
1229 4802 1283 4846 et
1324 4791 1551 4847 Pliniani
1580 4812 1633 4861 v,
1689 4797 1780 4855 27.
1834 4800 1927 4857 Di-

348 4895 506 4937 ceres
553 4887 845 4951 propterea
889 4878 1076 4933 urbem
1111 4878 1252 4931 inter
1280 4891 1372 4931 eas
1405 4891 1526 4934 esse
1562 4881 1922 4954 referendam,

348 4981 469 5036 quae
514 4966 673 5019 modo
704 4964 1015 5019 sibilantem
1072 4961 1171 5016 sibi
1219 4962 1457 5030 praeponi
1509 4966 1670 5039 modo
1721 4967 1925 5024 auferri

348 5050 638 5120 patiuntur
684 5065 699 5102 :
735 5055 791 5101 at
836 5048 1058 5101 obstant
1100 5045 1292 5110 Graeci,
1340 5056 1396 5099 ut
1437 5045 1712 5117 Polybius,
1763 5065 1923 5121 quem

349 5134 536 5190 Livius
596 5131 925 5202 exscripsit,
985 5141 1040 5186 et
1097 5131 1277 5200 plures
1334 5133 1462 5197 alii,
1514 5132 1660 5185 numi
1710 5148 1925 5203 quoque

349 5215 746 5286 Σαγαλασσέων
775 5215 918 5285 apud
956 5212 1297 5269 Vaillantinm
1326 5215 1663 5271 IIarduinum
1691 5224 1743 5271 et
1781 5216 1923 5289 ﬂay-

347 5305 537 5358 mium.
584 5300 867 5357 Scribatnr
913 5314 1043 5369 ergo
1071 5299 1444 5368 Σαγαλασσός,
1487 5314 1645 5368 quam
1677 5300 1783 5355 diei
1833 5302 1924 5356 iti-

348 5402 477 5441 nere
526 5387 765 5455 Apamea
828 5384 1173 5441 dissociatam
1236 5385 1403 5441 fuisse
1450 5384 1670 5452 Strabo,
1728 5386 1763 5441 Ι.
1823 5403 1919 5454 xu,

346 5484 400 5538 p.
434 5468 540 5524 569
567 5472 746 5526 docet.

418 5550 552 5606 Ibid.
578 5553 781 5622 Βάρις.
823 5546 883 5607 '0
928 5554 1149 5626 Βάρεως
1180 5554 1465 5625 episcopus
1500 5562 1585 5608 est
1624 5553 1677 5607 in
1710 5550 1919 5608 Notitia

342 5635 459 5692 Jac.
487 5632 654 5700 GOar,
679 5638 771 5705 qui
822 5650 1104 5706 perperam
1141 5638 1347 5700 πόλεως
1382 5638 1565 5708 Βάρης
1605 5637 1658 5691 in
1707 5636 1920 5692 Nic-aeno

341 5717 609 5783 secundo,
636 5732 690 5788 p.
723 5716 848 5774 358.
895 5717 1185 5777 Ptolemaeo
1217 5735 1436 5792 prorsus
1475 5730 1533 5778 ut
1576 5720 1665 5778 hic
1696 5719 1912 5794 Βάρις,

1402 280 1785 344 ADDENDA.
1825 303 1894 317 -·
1930 279 1996 343 P.
2039 279 2554 344 WESSELINGII

3500 275 3673 341 119.!

2041 388 2129 443 cui
2154 390 2381 459 Κόμανα
2410 389 2656 458 proxime
2696 388 2945 460 jungitur
2973 398 3028 445 et
3057 389 3110 446 in
3149 390 3315 446 veteri
3363 391 3672 446 versione

2040 470 2296 537 Conana,
2352 472 2492 525 haud
2545 472 2707 527 dubie
2761 472 2944 527 verius
2991 486 3008 531 :
3052 490 3176 528 nam
3234 483 3289 529 et
3344 473 3670 529 Cornstans

2036 554 2284 622 Κονάνης
2314 565 2394 608 est
2426 555 2478 607 in
2518 554 2736 609 Niemno
2763 556 3026 620 secundo,
3065 571 3120 623 p.
3153 556 3282 621 5‘75,
3320 568 3375 609 et
3415 557 3669 609 diserte

2037 635 2323 689 Κονανέων
2352 637 2504 700 πόλις
2540 637 2591 691 in
2636 635 2837 691 Pisidia
2886 638 3093 692 locatur
3128 639 3182 693 in
3224 641 3373 692 Actis
3404 637 3662 693 Zosimi

2036 724 2170 773 tom.
2204 717 2268 773 Ill
2300 717 2466 784 Junii,
2496 736 2550 789 p.
2583 720 2765 776 815°et
2794 721 2922 776 8l6.

2107 799 2242 856 Ibid.
2287 802 2359 858 Ἠ
2394 804 2640 872 σιδηρᾶ.
2676 803 3055 874 UtraqneJac.
3092 803 3237 859 Goar
3266 804 3505 860 Natalia
3538 806 3661 859 hoc

2039 886 2354 953 cognomine
2382 886 2684 943 Seleuciam
2717 899 2897 954 ornat,
2930 890 3071 958 quod
3118 904 3146 941 a
3200 887 3330 943 ferri
3382 891 3663 944 metallis

2039 967 2284 1037 accipere
2332 969 2523 1039 potuit.
2578 968 2797 1024 Nicamo
2849 970 3104 1036 secundo,
3155 985 3209 1038 p.
3262 971 3371 1026 575
3427 971 3660 1028 Petrus

2037 1048 2359 1115 Σελευκείας
2390 1053 2489 1121 τῆς
2527 1052 2687 1115 ’ἰδίας
2721 1068 2817 1121 pro
2851 1053 3096 1117 Πισιδίας
3126 1055 3485 1122 subscripsit.

2107 1133 2243 1189 Ibid.
2281 1134 2338 1186 Ὀ
2367 1134 2745 1203 Τιμϐριὰδων.
2785 1135 2877 1191 Sic
2910 1152 3039 1191 mss.
3072 1152 3246 1206 neque
3288 1138 3469 1192 hilum
3510 1136 3651 1192 Νο-

2038 1217 2158 1270 ιίιὶα
2200 1215 2319 1272 Jac.
2354 1215 2501 1272 Goar
2532 1217 2780 1273 dissidet.
2819 1220 3045 1274 Videtur
3089 1219 3346 1275 librarius
3399 1222 3535 1277 haec
3574 1224 3652 1277 ad

2040 1312 2285 1352 normam
2317 1298 2699 1354 ecclesiasticae
2735 1300 2946 1356 Notitiae
2992 1302 3276 1373 exegisse,
3319 1312 3375 1358 et
3409 1306 3648 1374 episco-

2039 1396 2165 1451 pum
2222 1380 2381 1449 hujns
2415 1382 2566 1437 urbis
2614 1383 2840 1438 solemni
2898 1384 2950 1438 in
2985 1384 3090 1439 illis
3145 1400 3297 1441 more
3343 1388 3642 1459 signasse.

2039 1466 2243 1521 Urbem
2274 1465 2319 1520 si
2359 1476 2574 1536 spectes
2596 1507 2611 1531 ,
2660 1466 2943 1522 ditliculter
2975 1470 3267 1527 inveneris.
3312 1470 3647 1539 Xenophon

2037 1546 2177 1617 Exp.
2208 1547 2332 1618 Cyr.
2369 1562 2411 1615 l,
2455 1564 2508 1619 p.
2546 1549 2647 1604 I94
2671 1550 2951 1620 Θύμϐριον
2992 1550 3062 1604 I0
3091 1556 3411 1625 parasangis
3438 1571 3467 1608 a
3518 1557 3649 1626 Ty-

2041 1632 2188 1698 riaeo,
2220 1632 2287 1688 de
2310 1648 2418 1702 quo
2462 1646 2650 1701 supra,
2693 1642 2956 1689 semovet.
2994 1632 3048 1688 Id
3096 1636 3142 1691 si
3185 1649 3457 1702 nostrum,
3505 1640 3639 1695 vitii

2039 1714 2387 1770 manifestum
2439 1717 2589 1770 erit:
2638 1731 2739 1772 nec
2782 1719 2977 1772 mutari
3032 1727 3210 1773 tamen
3257 1722 3626 1785 sustinerem,

2036 1800 2297 1869 quoniam
2343 1800 2732 1855 Constantinus
2763 1801 2919 1866 hujus
2955 1801 3104 1858 urbis
3141 1805 3334 1873 praesul
3380 1806 3431 1860 in
3463 1795 3635 1862 Con-

2035 1891 2201 1936 stant.
2239 1883 2398 1937 tertio
2429 1897 2483 1951 p.
2511 1882 2616 1938 505
2640 1883 2947 1955 Τιδριάδων
2980 1893 3035 1939 et
3075 1885 3128 1939 in
3164 1888 3331 1942 Veteri
3363 1890 3628 1944 versione

2036 1966 2264 2020 civitatis
2333 1965 2707 2020 Tibriadorum
2776 1964 2999 2025 Pisidia:
3058 1970 3361 2034 provincia,
3404 1987 3617 2037 qnam-

2036 2063 2198 2117 quam
2260 2048 2400 2102 male
2465 2062 2519 2117 p.
2587 2047 2695 2104 676
2784 2049 2885 2120 τῆς
2946 2050 3312 2119 Μαμὸιαδέων
3370 2053 3614 2117 πόλεως,

2037 2132 2270 2199 dicitur;
2318 2131 2421 2186 nisi
2449 2142 2501 2186 et
2542 2130 2749 2186 Plinius
2778 2130 3120 2187 Timbrianos
3169 2134 3293 2189 inde
3324 2134 3627 2196 [οι-ιιωεεςι

2035 2231 2092 2278 v,
2121 2215 2212 2270 27.
2258 2215 2397 2286 Ergo
2441 2213 2823 2287 Geagrapltiam
2866 2213 3092 2271 Sacram
3122 2227 3175 2272 et
3209 2221 3311 2273 hac
3344 2221 3479 2274 urbe
3510 2234 3622 2273 au-

2036 2312 2275 2367 geamus.

2110 2383 2244 2440 Ibid.
2280 2380 2652 2453 Θεμισόνιος.
2680 2380 2952 2452 Nusquam
2982 2382 3037 2437 in
3069 2381 3268 2439 Pisidia
3304 2384 3432 2438 mihi
3474 2384 3618 2439 lecta

2037 2478 2139 2525 est.
2190 2468 2436 2539 Phrygia:
2469 2467 2843 2536 cognominem
2893 2469 3079 2523 urbem
3128 2484 3291 2538 supra
3337 2470 3617 2532 vidimus,

2037 2550 2180 2606 forte
2209 2565 2238 2604 a
2267 2550 2499 2604 Pisidica
2530 2564 2723 2604 nomen
2755 2550 3042 2605 habentem
3067 2548 3298 2606 :Strabo
3318 2551 3462 2605 enim
3493 2567 3613 2618 xtn,

2036 2649 2092 2705 p.
2125 2632 2229 2689 629
2260 2633 2427 2688 fuisse
2474 2632 2721 2703 Phrygia:
2773 2635 2958 2698 urbes,
2989 2647 3108 2703 qua:
3158 2647 3191 2689 a
3237 2633 3482 2689 Pisidicis
3516 2651 3615 2689 no-

2039 2730 2159 2770 men
2227 2716 2544 2782 traxerint,
2614 2715 2792 2770 docet.
2856 2714 3050 2769 Pcsses
3108 2732 3230 2770 cum
3296 2720 3619 2771 doctissimo

2037 2799 2331 2870 Geograph.
2364 2798 2491 2852 Ital.
2524 2800 2685 2853 medii
2720 2799 2816 2853 a'vi
2848 2814 2902 2869 p.
2934 2798 3126 2853 XXVII
3156 2809 3381 2857 auctore
3400 2803 3620 2857 deTer-

2037 2899 2240 2949 messo,
2270 2898 2432 2953 quam
2468 2881 2775 2953 Stephanus
2824 2881 3042 2939 Pisidia:
3090 2886 3277 2939 urbem
3322 2886 3471 2950 facit,
3507 2884 3617 2942 nisi

2036 2981 2156 3023 eam
2188 2964 2519 3036 Pamphylia:
2542 2964 2816 3020 Hierocles
2841 2966 3247 3033 contribuisset,
3278 2970 3539 3038 cogitare.

2108 3048 2240 3104 Ibid.
2295 3048 2925 3115 Ἰουστινιανούπολις.
2965 3047 3076 3104 Nec
3129 3050 3267 3105 hanc
3308 3052 3517 3115 urbem,
3564 3051 3614 3105 si

2038 3131 2262 3188 alteram
2290 3129 2407 3186 Jac.
2442 3130 2588 3186 Goar
2636 3130 2899 3185 Notitiam
2938 3132 3237 3202 exceperis,
3274 3132 3450 3203 legere
3495 3147 3613 3187 me-

2039 3215 2192 3271 tnini.
2230 3213 2326 3270 Vir
2376 3215 2588 3281 doctus,
2637 3229 2799 3285 quem
2854 3224 3064 3269 tantum
3119 3218 3266 3285 quod
3321 3217 3608 3287 appellavi,

2036 3300 2291 3368 quoniam
2334 3297 2667 3352 Alemanuus
2706 3298 2758 3351 in
2788 3296 3037 3367 ProcOpii
3069 3297 3211 3352 Hist.
3251 3315 3445 3352 arcana
3469 3315 3516 3354 c.
3548 3316 3607 3355 xl

2037 3381 2179 3438 inter
2200 3378 2662 3451 Justinianopoles
2685 3380 3014 3451 Pamphylia:
3038 3384 3242 3445 urbem,
3259 3394 3375 3452 quae
3400 3383 3452 3435 in
3475 3383 3606 3437 Νο-

2036 3465 2157 3519 titia
2188 3464 2359 3519 veteri
2394 3464 2624 3534 Myloma
2666 3465 2757 3530 sit,
2792 3472 3060 3528 recenset,
3090 3466 3158 3519 de
3193 3464 3407 3536 Myliade
3428 3467 3597 3533 οωνίι

2035 3557 2343 3614 autumare,
2374 3547 2484 3601 acsi
2528 3556 2585 3601 et
2627 3546 2717 3601 illa
2749 3545 3244 3617 Justinianopoleos
3283 3562 3472 3603 nomen
3512 3550 3600 3603 in-

2034 3630 2261 3687 duisset.
2292 3630 2361 3684 At
2385 3644 2446 3685 ea
2476 3637 2529 3685 et
2556 3630 2624 3684 ab
2652 3630 2754 3684 hac
2782 3630 3057 3699 provincia
3081 3632 3263 3696 distat,
3289 3640 3343 3686 et
3372 3632 3421 3686 in
3450 3630 3607 3686 Pam-

2033 3713 2214 3785 phylia
2246 3713 2480 3770 fortasse
2508 3713 2829 3783 reperietur.
2864 3713 3125 3784 Equidem
3156 3716 3461 3785 suspicatus
3484 3733 3603 3771 sum

2033 3798 2306 3873 Conanam
2349 3798 2463 3854 sive
2488 3797 2708 3853 Conana
2738 3796 3023 3852 Justiniani
3054 3813 3247 3855 nomen
3281 3801 3563 3871 accepisse
3588 3819 3604 3856 :

2032 3895 2253 3937 causam
2288 3881 2482 3944 habeo,
2529 3881 2673 3951 quod
2714 3879 3041 3935 Notitiarum
3073 3897 3176 3937 una
3208 3881 3399 3939 Jacobi
3453 3884 3599 3939 Goar

2031 3965 2510 4036 Justinianopolim
2544 3966 2692 4020 inter
2735 3964 3059 4021 Timandnm
3099 3976 3157 4023 et
3199 3967 3399 4023 Malum
3433 3969 3605 4024 inter-

2031 4060 2275 4118 ponant,
2326 4048 2550 4119 reliqua:
2594 4064 2761 4114 vero,
2814 4048 3269 4117 Justianianopoli
3321 4051 3600 4123 neglecta.

2030 4134 2330 4189 Conauam.
2386 4130 2518 4198 Qua:
2567 4140 2746 4187 tamen
2814 4148 2960 4188 mera
3012 4134 3253 4206 suspicio
3297 4144 3383 4191 est
3430 4149 3600 4206 neque

2031 4217 2326 4273 admodum
2369 4217 2547 4271 firma.

2102 4299 2238 4355 Ibid.
2300 4298 2571 4366 Μάλλος.
2621 4297 2871 4370 Reliquis
2920 4298 3138 4356 Notitiis
3183 4301 3402 4367 Μάλοςτ
3459 4303 3604 4357 unde

2031 4383 2303 4452 Μαληνῶν
2329 4383 2615 4453 epist-Opus
2651 4382 2703 4437 in
2735 4381 2864 4436 Jure
2893 4381 3082 4438 Graeco
3106 4384 3369 4452 Romano,
3396 4401 3446 4454 p.
3474 4386 3602 4452 I90,

2029 4475 2083 4521 et
2117 4467 2399 4520 Constant.
2448 4464 2654 4530 Tertio,
2704 4479 2756 4534 p.
2797 4464 2901 4519 676
2936 4464 3216 4520 Sisinnins
3246 4467 3347 4536 τῆς
3419 4469 3602 4522 Mavo-

2029 4549 2235 4610 πόλεως
2286 4546 2389 4616 τῆς
2444 4546 2701 4613 Πισιδῶν,
2748 4550 2843 4603 sed
2888 4549 3099 4604 vitiose.
3142 4550 3277 4605 Vide
3324 4549 3386 4604 L.
3424 4548 3599 4606 llolst.

2028 4634 2082 4689 in
2112 4631 2371 4702 Stephan.
2401 4630 2641 4696 Μάλλος.
2690 4642 2880 4686 auctor
2911 4633 3133 4688 Dissert.
3165 4637 3419 4705 Chorogr.
3466 4633 3604 4689 Ital.

2027 4730 2148 4770 cum
2182 4714 2341 4783 hujus
2385 4712 2507 4768 Mali
2553 4714 2860 4776 occasione,
2893 4731 2943 4784 p.
2972 4714 3042 4768 27
3083 4729 3363 4771 asseverat
3395 4717 3604 4772 nullam

2030 4797 2246 4853 Mallum
2313 4800 2364 4850 in
2423 4797 2635 4853 duabus
2682 4796 2891 4852 Ciliciis
2955 4797 3258 4854 Hieroclem
3315 4800 3605 4855 adnotare.

2030 4881 2181 4939 Ilaud
2216 4895 2349 4936 sane
2382 4882 2611 4935 advertit
2638 4880 2857 4952 Μάλχος
2889 4881 3094 4937 Ciliciae
3129 4883 3316 4952 prima:
3343 4883 3607 4939 vitiosum

2026 4981 2150 5022 esse
2186 4972 2239 5019 et
2272 4964 2491 5018 Mallum
2525 4962 2679 5017 nobis
2708 4962 2926 5019 offerre.

2096 5050 2232 5104 Ibid.
2266 5047 2499 5101 Ὀδὰδα.
2528 5047 2639 5102 Imo
2684 5048 2898 5114 Ἀδάδα,
2940 5059 2997 5104 ut
3022 5065 3127 5105 ms.
3164 5050 3440 5105 Palatinus
3475 5050 3606 5106 Pto-

2026 5134 2220 5189 lemaei.
2252 5133 2491 5187 Joannes
2512 5132 2798 5202 episcopus
2827 5134 2926 5203 τῆς
2957 5136 3224 5190 Ἀδαδέων
3254 5135 3461 5197 πόλεως
3497 5136 3606 5203 τῆς

2026 5217 2262 5271 Πισιδῶν
2298 5213 2571 5285 ἐπαρχίας
2604 5216 2837 5269 concilio
2865 5216 3156 5274 Constant.
3194 5219 3372 5284 tertio,
3406 5234 3459 5287 p.
3490 5220 3606 5272 676

2025 5301 2216 5357 adfuit.
2252 5298 2629 5355 Artemidorus
2657 5301 2797 5368 apud
2823 5301 3145 5355 Strabonem
3182 5318 3341 5371 xn,p.
3374 5301 3481 5356 570
3514 5303 3621 5354 in-'

2027 5395 2106 5439 ter
2122 5383 2336 5438 Pisidiae
2369 5384 2530 5438 urbes
2564 5382 2860 5450 Ἀδαδάτην
2884 5384 3107 5453 Βριάδα,
3143 5401 3240 5454 pro
3283 5384 3476 5438 Ἀδάδα
3496 5384 3601 5455 τὴν

2023 5466 2249 5538 Βριὰδα,
2278 5480 2375 5519 seu
2414 5465 2723 5535 Τιμϐριάδα
2751 5466 2950 5534 potius,
2983 5475 3327 5521 annumerat.

2095 5551 2225 5605 Ibid.
2254 5552 2342 5605 50.
2379 5549 2645 5619 Ζόρζὶλα.
2708 5549 2768 5602 Ὀ
2822 5550 3117 5623 Ζαρξήλων
3169 5563 3491 5606 constanter
3542 5552 3599 5609 in

2025 5638 2247 5692 A'otitiis
2276 5635 2393 5691 Jac.
2428 5635 2607 5699 Goar,
2637 5642 2692 5690 et
2740 5649 2803 5690 ea
2847 5651 3007 5705 quam
3060 5636 3385 5705 Beveregins
3435 5637 3601 5692 Com-

2023 5729 2192 5792 ment.
2223 5720 2275 5775 in
2303 5719 2512 5775 Canon.
2551 5718 2769 5776 concilii
2794 5718 3059 5787 Trullani,
3105 5734 3159 5792 p.
3198 5718 3300 5778 I40
3332 5719 3606 5791 vulgavit;
