3980 6210
348 317 496 389 1125

352 437 575 496 Videtur
607 451 716 494 non
745 437 853 494 alia
897 452 963 497 ac
989 437 1242 511 Δύρζηλα
1276 439 1570 507 Ptolemaei,
1616 441 1653 493 Ζ
1683 449 1737 496 et
1768 442 1827 507 Δ,
1862 450 1921 494 ιιι

342 523 570 588 assolet,
595 524 939 591 permutatis.

412 606 531 661 Col.
559 605 679 660 148.
705 607 1018 673 Τιτυσσός.
1042 604 1245 660 Sanum
1268 606 1369 661 hoc
1382 616 1483 672 est,
1506 608 1667 662 ιιιοιὸ
1687 606 1927 659 Τιτυασο

345 690 439 742 σοῦ
474 690 672 744 veteris
701 688 919 744 Notitite
960 690 1099 745 male
1140 689 1336 744 Petrus
1379 691 1678 743 Τοτιασσοῦ
1723 691 1777 745 in
1827 680 1926 743 Ni-

335 787 495 827 CII’IIO
517 774 778 834 secundo,
812 789 866 841 p.
900 774 1007 827 358
1036 783 1090 827 et
1116 772 1357 837 Τυασοῦ,
1393 789 1445 841 p.
1478 773 1566 833 55,
1601 788 1699 826 nec
1732 774 1925 827 melius

345 857 663 925 Stephanus
692 856 789 924 τῆς
822 858 1083 910 Τυασέων
1112 857 1320 919 πόλεως
1351 857 1447 923 τῆς
1494 855 1729 909 Πισιδῶν
1753 858 1927 925 ἐπαρ-

340 939 462 1007 χίας
502 935 923 1007 Constantinop.
966 940 1150 1002 tertio,
1201 953 1253 1007 p.
1288 939 1413 992 676.
1441 953 1724 1007 perperam
1761 941 1924 993 etiam

340 1019 646 1082 Πιτυασσὸς
678 1020 1025 1074 Artemidore
1052 1021 1194 1089 apud
1229 1020 1554 1074 Sttahonem
1585 1037 1684 1081 xu,
1709 1036 1764 1090 p.
1794 1021 1922 1075 570.

406 1103 542 1157 Ibid.
606 1102 756 1155 Ὑπὸ
803 1102 1272 1171 κονσουλιὶριον.
1326 1104 1391 1156 Et
1439 1105 1554 1157 lucc
1602 1103 1925 1172 praesidialis

340 1185 461 1250 fuit,
516 1185 590 1239 uti
640 1184 849 1238 Notitia
882 1186 1010 1253 itnp.
1064 1186 1271 1238 Orient.
1326 1198 1378 1238 c.
1411 1200 1426 1239 ι
1462 1194 1514 1238 et
1562 1183 1779 1240 Novella
1820 1200 1924 1240 xxv

337 1267 615 1321 docemur.
648 1265 899 1320 Meminit
931 1266 1149 1333 quidem
1182 1265 1504 1321 Theodorus
1537 1264 1834 1323 Iconiensis
1868 1268 1923 1323 in

336 1351 496 1419 epist.
524 1348 593 1403 de
625 1350 823 1420 Cyrico
866 1357 921 1402 et
962 1347 1148 1403 Julitta
1183 1358 1313 1402 tom.
1359 1347 1427 1402 III
1458 1346 1591 1413 Jul.,
1630 1364 1682 1417 p.
1712 1349 1782 1403 26
1822 1349 1927 1404 Do-

337 1434 547 1487 mitiani
591 1432 812 1487 cernitis
850 1430 1160 1502 Lycaoniae,
1194 1430 1434 1503 κόμητος
1475 1432 1802 1495 Λυκαονίας.
1832 1433 1922 1502 qui

338 1518 469 1569 mihi
495 1516 567 1570 rei
610 1515 863 1571 militaris
910 1528 1005 1584 per
1037 1513 1363 1586 Lycaoniam
1407 1530 1592 1571 eomes
1626 1515 1793 1571 fuisse
1842 1515 1924 1570 vi-

332 1600 499 1654 ιιι-ιιιι·
531 1615 546 1652 :
578 1596 780 1653 Notitia
838 1612 961 1653 eum
1008 1615 1114 1653 non
1166 1599 1371 1655 habet:
1404 1610 1458 1654 at
1502 1608 1698 1669 praeter
1738 1599 1919 1669 praesi-

336 1683 455 1735 dem
488 1684 540 1736 in
567 1681 846 1752 provincia
877 1682 968 1751 qui
999 1697 1109 1737 rem
1136 1682 1433 1737 militarem
1461 1692 1704 1748 curaret,
1733 1683 1920 1749 fuisse,

342 1762 568 1819 Noreila
628 1780 731 1820 xxv
786 1766 1040 1820 dubitare
1085 1775 1254 1822 vetat.
1296 1764 1635 1822 Justinianus
1677 1765 1768 1820 uni
1818 1764 1923 1835 Ly-

336 1851 542 1904 ο.ιι)ιιὶ;ιε
579 1852 799 1920 prattori
831 1848 1173 1909 Justittianeo
1216 1860 1271 1907 et
1307 1865 1419 1908 rem
1454 1851 1667 1907 civilem
1693 1861 1748 1907 et
1780 1850 1923 1905 mili-

340 1947 512 1990 tarem
556 1935 858 1993 mandavit.

410 2017 542 2072 Ibid.
593 2016 873 2073 Ἰκόνιον.
913 2018 1203 2089 Lycaoniae
1252 2017 1421 2075 fuisse
1470 2019 1791 2089 metropolin
1853 2035 1921 2076 ex

336 2099 698 2166 cuniculum,
741 2117 795 2171 p.
830 2102 937 2158 670
968 2112 1205 2160 constat.
1238 2102 1352 2159 Sita
1380 2114 1501 2159 erat
1534 2104 1589 2158 in
1615 2102 1919 2159 Pisidarum

337 2196 389 2238 et
414 2183 686 2256 Pnrygum
724 2186 945 2252 Iinibus,
982 2202 1085 2242 nec
1118 2186 1344 2241 multum
1392 2188 1461 2242 ab
1504 2186 1746 2242 Orientis
1776 2186 1919 2243 dia:-

337 2270 448 2320 cesi
481 2285 660 2337 neque
708 2268 909 2323 Asiana
945 2268 1246 2338 disparata.
1280 2269 1516 2325 Basilius
1559 2270 1922 2325 Seleuciensis

349 2348 455 2404 I'it.
495 2348 551 2403 S.
580 2350 796 2405 Thecla:
823 2366 861 2415 ι,
897 2365 947 2419 p.
974 2351 1084 2406 252
1116 2368 1131 2408 :
1162 2352 1312 2415 πόλις
1335 2351 1392 2405 δὲ
1423 2350 1563 2423 αὓτη
1595 2352 1918 2420 Λυκαονίας,

338 2435 538 2502 inquit,
574 2433 673 2501 τῆς
709 2434 807 2504 μὲν
834 2433 1004 2504 Ἐῴας
1018 2434 1080 2487 ού
1100 2436 1234 2489 πολὺ
1254 2435 1554 2507 ἀπέχουσα,
1571 2436 1708 2506 τῇδὲ
1739 2437 1922 2489 ’Λσια-

337 2514 444 2567 νῶν
470 2515 673 2584 μᾶλλον
699 2533 755 2570 τι
789 2516 1238 2587 προσορμίζουσα
1265 2558 1280 2583 ,
1308 2518 1404 2571 καὶ
1428 2517 1528 2587 τῆς
1561 2517 1795 2570 Πισιδῶν
1827 2517 1922 2571 καὶ

336 2599 564 2669 Φρυγῶν
597 2600 784 2670 χώρας
812 2601 870 2652 ἐν
908 2599 1181 2672 προοιμίῳ
1223 2601 1479 2671 κειμένη.
1531 2600 1771 2655 Colonia:
1799 2615 1919 2654 eant

338 2683 651 2751 dignatione
673 2681 1001 2737 illuminavit
1028 2682 1163 2753 Imp.
1193 2683 1493 2744 Gallienus,
1517 2682 1562 2738 si
1593 2682 1726 2736 Iides
1751 2683 1921 2735 raris-

340 2766 504 2829 simo,
555 2775 606 2818 et
660 2762 893 2819 fortasse
948 2766 1002 2818 in
1052 2766 1153 2820 hoc
1208 2780 1407 2835 genere
1456 2765 1616 2819 unico
1657 2764 1922 2818 Thesauri

348 2848 599 2903 Wildiani
636 2865 820 2912 numo,
876 2848 1033 2918 cujus
1061 2849 1155 2902 uni
1189 2849 1397 2918 pagina:
1423 2846 1572 2901 IMP.
1599 2848 1662 2902 C.
1693 2847 1751 2901 P.
1781 2846 1919 2900 LIC.

341 2929 756 2986 CALLIENUS.
786 2929 848 2984 P.
883 2929 945 2985 F.
994 2931 1153 2985 alteri
1200 2928 1491 2986 ICONIEN.
1524 2929 1727 2985 COLO.
1759 2928 1816 2984 S.
1852 2926 1921 2984 R.

341 3018 587 3087 inscripti
634 3026 785 3071 sunt.
826 3015 1093 3070 Caeterum
1130 3015 1327 3070 Basilio
1364 3014 1491 3069 illud
1530 3013 1633 3085 τῆς
1661 3013 1844 3085 χώρας
1865 3015 1925 3066 ὲν

341 3100 616 3171 προοιμίῳ
665 3097 955 3153 admodum
999 3096 1267 3153 familiare
1317 3107 1401 3154 est
1435 3112 1601 3157 :nam
1637 3106 1693 3152 et
1730 3095 1922 3151 Seleu-

340 3188 478 3240 ciam
537 3181 646 3238 Vit.
703 3180 908 3237 Thecla:
938 3197 1006 3247 οι,
1066 3198 1119 3253 p.
1162 3182 1268 3236 275
1322 3182 1418 3253 τῆς
1456 3180 1630 3252 Ἑῴας
1673 3180 1836 3250 ὁρίων
1865 3181 1924 3235 ὲν

341 3267 609 3339 προοιμίῳ
630 3268 859 3337 positam
878 3266 973 3334 ait,
994 3275 1048 3321 et
1070 3281 1127 3331 tt,
1152 3266 1208 3320 11
1233 3264 1518 3337 προοίμιον
1535 3265 1633 3336 τῆς
1649 3261 1919 3335 ἀτραποῦ,

340 3364 394 3405 ιιι
417 3368 467 3407 c.
505 3352 727 3422 ιιιτιιτῆς
754 3350 968 3423 ἡμέρας
993 3349 1303 3422 προοίμιον,
1324 3350 1457 3419 quin
1483 3355 1537 3403 et
1567 3357 1710 3404 orat.
1745 3361 1918 3412 ιιι-ιι,

342 3450 395 3504 p.
430 3436 531 3490 150
571 3435 670 3505 τῆς
718 3434 890 3504 ὀργῆς
924 3435 994 3487 τὰ
1028 3432 1292 3505 προοίμια
1345 3431 1515 3499 dixit;
1570 3446 1733 3501 quam
1789 3444 1920 3485 vero

345 3528 489 3574 recte
537 3528 699 3588 atque
746 3533 811 3571 ex
872 3532 974 3572 usu
1028 3518 1229 3572 veteris
1286 3515 1532 3581 Graeciaa,
1580 3532 1646 3571 ex
1702 3514 1919 3587 egregia

345 3600 739 3655 llemsterltusii
770 3601 942 3655 nostri
988 3603 1053 3655 ad
1084 3599 1312 3656 Litt-iani
1352 3600 1637 3657 Somnium
1669 3598 1920 3655 animad-

345 3684 594 3738 versione
623 3697 941 3750 cognosces.

416 3765 552 3820 Ibid.
586 3767 853 3833 Λύστρα.
890 3764 1035 3819 Luca
1086 3766 1198 3820 Act.
1244 3766 1311 3819 Λ.
1340 3780 1455 3830 xrv,
1487 3764 1541 3829 6,
1587 3767 1687 3830 τὰς
1733 3766 1922 3831 πόλεις

343 3848 648 3910 Λυκαονίας
684 3848 940 3913 Λύστραν
985 3847 1080 3900 καὶ
1118 3846 1362 3917 Δέρϐην,
1397 3858 1451 3902 et
1484 3863 1534 3903 v.
1565 3849 1629 3902 21
1668 3865 1683 3904 :
1716 3858 1772 3902 at
1805 3864 1855 3902 v.
1888 3850 1923 3903 8

341 3935 402 3986 ὲν
429 3934 717 4003 Λὺότροιςο
774 3932 917 3986 unde
956 3930 1027 3983 τὰ
1064 3928 1288 4001 Λύστρα
1321 3939 1375 3983 et
1410 3929 1663 4000 Λύστραν
1698 3931 1750 3984 in
1796 3944 1924 4000 pro-

343 4015 554 4071 miscuo
586 4032 683 4069 nsu
721 4013 891 4067 fuisse
932 4012 1182 4079 diceres,
1214 4011 1314 4067 nisi
1352 4013 1557 4082 passim
1591 4013 1683 4067 alii
1724 4030 1922 4070 nume-

342 4114 461 4157 runt
490 4098 751 4167 pluralem
788 4096 1029 4152 mallent.
1086 4095 1145 4149 ὐ
1175 4096 1441 4166 Λύστρων
1476 4102 1559 4150 est
1586 4096 1640 4150 in
1676 4095 1921 4165 pluribus

345 4181 586 4250 Notitiis,
612 4181 1015 4250 subscribitqne
1062 4179 1493 4236 Chalcedonensi
1516 4217 1532 4243 ,
1570 4194 1624 4249 p.
1670 4180 1761 4235 99.
1799 4179 1921 4235 Plu-

345 4264 561 4325 tarchus
609 4262 893 4332 Λύστρων.
942 4263 1231 4317 Ptolemaeo
1276 4262 1510 4334 Λύσιρα,
1566 4263 1619 4317 in
1673 4262 1920 4319 Palatino

347 4361 435 4405 tus
468 4384 484 4411 ,
510 4363 606 4419 pro
628 4362 736 4415 quo
768 4347 950 4401 verius
984 4346 1222 4414 scriptus
1251 4344 1617 4401 Coislinianus
1637 4345 1881 4418 Λύστρα.

415 4426 549 4484 Ibid.
593 4430 867 4486 Μίσθεια.
903 4428 998 4483 Est
1029 4427 1187 4497 hujus
1217 4428 1414 4497 pratsul
1460 4428 1515 4491 in
1560 4428 1918 4495 Chalcedon.,

346 4527 400 4580 p.
447 4512 549 4566 67I
606 4515 883 4567 Armatius
929 4512 1136 4575 πόλεως
1189 4511 1479 4575 Μισθείας,
1537 4521 1591 4567 et
1648 4513 1922 4582 Longinus

344 4596 657 4650 Μιστιανῶν
695 4596 900 4657 πόλεως
950 4596 1257 4659 Λυκαονίας
1288 4598 1339 4649 in
1372 4594 1783 4664 Censtatttinop.
1817 4607 1925 4650 Ier-
1957 4656 1980 4680 ἱ

346 4684 444 4747 tio,
475 4697 525 4749 p.
555 4682 681 4735 670.
711 4679 1072 4749 Theophanes
1103 4680 1435 4749 Chrooogn,
1463 4694 1517 4749 p.
1547 4681 1654 4735 5‘20
1684 4682 1924 4735 Μισθίαν

345 4773 399 4819 ct
459 4763 672 4817 Mistam
718 4758 1030 4827 llav'ennas,
1077 4762 1117 4815 l.
1166 4776 1229 4826 tt,
1282 4776 1334 4814 ο.
1385 4761 1449 4814 17
1502 4761 1763 4831 appellat,
1816 4778 1920 4816 non

347 4851 507 4918 longe
536 4847 761 4902 Vasadis
789 4845 1031 4900 abfuisse
1086 4844 1314 4913 colligas
1338 4859 1403 4897 ex
1430 4842 1612 4898 Basilii
1644 4843 1714 4899 M.
1762 4845 1921 4912 epist.

348 4931 451 4984 118
512 4930 605 4983 τὸν
637 4929 807 4998 ἀγρὸν
849 4930 1078 4993 ἐκεῖνον,
1105 4927 1314 4991 scribit,
1342 4926 1434 4979 τὸν
1468 4926 1827 4997 ὑποκείμενον
1857 4931 1922 4999 τῇ

344 5012 637 5083 Μηστείξι,
695 5005 739 5078 ᾧ
801 5009 1157 5081 ἐπεκηρύχθη
1208 5011 1236 5062 ὀ
1299 5008 1609 5080 ἄνθρωπος,
1668 5010 1924 5064 κέλευσον

345 5096 636 5157 Οὑασόδοις
660 5095 960 5151 ὑποτελεῖν.
978 5097 1175 5165 Agrum
1201 5092 1352 5148 illum
1404 5092 1924 5162 Mesliwsubjectum,

345 5181 431 5231 cui
454 5180 696 5232 addictus
729 5188 804 5233 est
834 5179 1121 5243 Itontoille,
1153 5175 1377 5231 Vasodis
1408 5178 1614 5231 subesse
1647 5179 1797 5247 jnbe.
1834 5175 1924 5232 Sic

348 5261 646 5317 Garnerius
676 5263 839 5317 vertit
881 5263 1180 5329 ediditque,
1217 5261 1519 5315 admonens
1560 5259 1838 5329 Μηστείαν
1870 5261 1924 5315 itt

345 5343 454 5398 .IuI.
485 5353 722 5413 quatuor
744 5359 866 5399 esse
899 5358 1030 5397 mss.
1054 5344 1263 5396 Vasoda
1296 5357 1422 5396 vero
1451 5346 1502 5397 in
1525 5342 1926 5411 plerisque.Ve-

349 5438 492 5482 teres
517 5428 647 5482 editi
700 5428 928 5497 attolli},
966 5427 1251 5480 Balsatnon
1306 5438 1357 5481 et
1397 5426 1638 5482 Zonaras
1698 5437 1827 5482 tom.
1882 5426 1925 5481 ll

348 5509 626 5579 Beveregii
658 5509 889 5578 Canem,
925 5526 981 5580 p.
1023 5509 1092 5564 66
1156 5509 1412 5581 Μιοοεία,
1458 5512 1597 5579 quod
1630 5510 1710 5565 vir
1738 5514 1932 5567 doctus

349 5608 607 5666 spernere
632 5610 739 5649 non
790 5593 1084 5659 debuerat,
1149 5603 1331 5661 utpote
1402 5593 1574 5648 solun)
1624 5610 1749 5649 cum
1800 5610 1926 5651 vero

350 5680 724 5735 consentiens.
1185 5688 1189 5692 ‘

424 5765 563 5824 Ibid.
594 5767 892 5839 Ἀμΐλαδιι
924 5765 1317 5835 Philostorgius
1364 5764 1432 5819 11.
1471 5764 1536 5824 Ε.
1572 5783 1621 5832 v,
1665 5766 1699 5820 ‘2
1734 5766 1918 5825 urbem

1208 329 1597 394 COMMENT.
1632 329 1715 393 IN
1748 332 2162 398 HIEROCLIS
2213 340 2753 404 SYNECDEMUM.

3471 343 3613 409 1126

2029 446 2182 501 arido
2214 462 2277 503 ac
2303 451 2576 519 pestilenti
2602 450 2773 505 fuisse
2797 448 2935 514 solo,
2969 447 3174 505 incolas
3194 449 3424 506 barbaro
3449 466 3614 525 atque

2028 529 2097 580 ab
2151 530 2490 586 humanitate
2546 532 2882 587 alienissimo
2930 533 3149 602 ingenio
3192 533 3372 587 docet.
3418 536 3613 605 Oppidi

2027 611 2316 681 episcopus
2358 615 2567 679 πόλεως
2602 615 2917 686 Ἀμϐλάδων
2947 617 3000 670 in
3034 616 3367 672 Chalcedon.
3402 635 3453 688 p.
3487 620 3609 685 675,

2026 702 2076 745 et
2097 692 2385 751 Ceustant.
2407 699 2566 754 tertio
2591 714 2643 767 p.
2669 698 2792 761 675,
2819 701 2913 754 sed
2938 713 3245 768 perperam,
3278 701 3612 770 Ἀμιλάνδων

2027 776 2235 840 πόλεως
2259 781 2527 851 ἐπαρχίας
2559 783 2887 847 Λυκαονίας.
2927 783 3209 854 Vulgatum
3248 796 3443 854 praeter
3488 786 3612 839 Ste-

2026 858 2260 925 phannm
2305 871 2357 915 et
2391 865 2811 935 I’hilostorgium
2857 865 3131 921 Ptuletnzei
3165 882 3295 921 mss.
3335 866 3611 924 Palatinus

2025 942 2389 999 Coislinianus
2438 956 2491 1001 ιι
2539 948 2892 1017 Barberinus,
2939 950 3005 1005 de
3058 966 3167 1020 quo
3204 949 3267 1004 ι..
3322 948 3495 1005 llolst.
3553 953 3605 1007 itt

2026 1024 2242 1094 Stepln,
2274 1031 2528 1098 probant.

2096 1108 2169 1161 lbi
2193 1111 2228 1161 l.
2268 1110 2572 1167 Οὺὰσαδα.
2603 1113 2923 1171 Ptolemaans
2957 1116 3216 1171 Ούάσατα
3237 1117 3379 1187 quod
3411 1132 3597 1173 emen-

2024 1191 2141 1247 dari
2172 1193 2374 1249 debere
2408 1212 2470 1250 ex
2521 1213 2650 1252 mss.
2693 1198 2919 1253 Coislin.
2960 1202 3328 1255 certissimum
3356 1210 3457 1255 est.
3498 1200 3606 1254 Ba-

2023 1277 2176 1331 silius
2211 1276 2280 1331 Μ.
2337 1278 2586 1334 Ούάσοδα
2620 1281 2671 1335 in
2710 1296 2913 1350 nupera
2942 1283 3197 1347 editione,
3233 1284 3318 1337 cui
3356 1284 3481 1338 hinc
3527 1283 3608 1337 fa-

2025 1358 2223 1413 cillime
2253 1370 2306 1414 et
2338 1377 2402 1414 ex
2422 1361 2714 1428 Beveregio
2743 1373 2873 1418 tom.
2899 1379 2958 1426 tt,
2990 1380 3042 1432 p.
3078 1365 3165 1429 66,
3199 1367 3411 1419 tametsi
3438 1367 3607 1432 pessi-

2026 1454 2111 1492 me
2136 1440 2205 1492 ibi
2233 1441 2511 1496 Balsamon
2536 1456 2585 1498 ct
2608 1444 2848 1501 Zonaras
2868 1447 3100 1500 Μᾶσαδα
3131 1448 3335 1515 legunt,
3358 1450 3604 1503 succurri

2025 1531 2296 1589 potuerat.
2315 1522 2500 1579 Conon
2519 1528 2802 1595 episcopus
2822 1529 3025 1590 πόλεως
3041 1530 3318 1583 ’Λασάδων
3340 1530 3606 1599 ἐπαρχίας

2024 1605 2337 1669 Λυκαονίας
2369 1609 2651 1663 Constant.
2680 1611 2839 1665 tertio
2871 1628 2924 1680 p.
2960 1612 3066 1666 675
3100 1622 3153 1667 ct
3183 1612 3461 1683 Olympius
3496 1617 3605 1667 Οὑ-

2026 1687 2200 1740 σάδων
2222 1689 2547 1744 Chalredon.
2570 1707 2625 1761 p.
2643 1692 2747 1745 671
2765 1694 3188 1763 suscripseruut,
3209 1696 3345 1749 male
3360 1707 3604 1766 uterque.

2095 1781 2231 1839 Ibid.
2265 1785 2607 1855 Οὺμὰναδα.
2658 1787 2925 1857 ὐμόναδα
2966 1798 3304 1857 oportuerat,
3348 1802 3405 1845 ut
3469 1793 3607 1847 belle

2022 1866 2124 1922 Ch.
2160 1866 2427 1924 Cellarius
2460 1867 2524 1923 Ο.
2568 1873 2634 1926 Α.
2682 1888 2762 1937 ιιι,
2790 1872 2843 1937 Δ,
2893 1888 2946 1941 p.
2980 1872 3107 1937 205,
3148 1872 3269 1928 licet
3322 1889 3604 1944 Operarunt

2022 1960 2246 2020 peccato
2290 1952 2558 2020 ὐνόμαδα
2590 1954 2720 2008 inibi
2755 1956 2986 2026 legatur.
3015 1955 3149 2010 Iliuc
3181 1972 3311 2027 gens
3335 1958 3607 2013 IIomona-

2021 2035 2146 2087 dum
2182 2036 2323 2101 apud
2356 2035 2587 2090 Plinium
2619 2053 2672 2100 v,
2698 2035 2769 2091 27
2800 2048 2854 2090 et
2889 2038 3213 2094 Strabonem
3246 2056 3346 2105 xu,
3379 2058 3431 2109 p.
3473 2040 3601 2097 569.

2023 2115 2157 2172 Hinc
2187 2117 2471 2188 Tyrannus
2504 2119 2814 2191 Ὀμονάδων
2837 2122 2888 2175 in
2914 2122 3244 2176 Chalcedon.
3272 2138 3324 2192 p.
3352 2122 3479 2186 400,
3509 2124 3603 2192 qui

2022 2215 2183 2269 prave
2208 2217 2260 2269 p.
2278 2201 2347 2257 99
2369 2203 2658 2270 Μανάδων,
2676 2214 2726 2257 et
2748 2204 2897 2273 pejus
2924 2204 2976 2258 itt
3011 2204 3422 2276 Constantinop.
3449 2206 3607 2259 tertio

2021 2298 2076 2351 ιι.
2128 2283 2234 2339 675
2280 2286 2588 2340 Alexander
2648 2285 2858 2351 πόλεως
2921 2288 3249 2358 Σουμάνδων
3308 2290 3607 2360 provincia:

2020 2362 2330 2435 Lycaoniaz.

2091 2459 2224 2516 Ibid.
2270 2465 2564 2532 Ἰλιστρα.
2604 2463 2717 2521 IIoe
2759 2465 2813 2521 in
2855 2482 2985 2522 mss.
3016 2467 3183 2523 fuisse
3223 2483 3286 2522 ex
3327 2466 3500 2521 llolst.
3552 2466 3604 2518 in

2022 2543 2210 2614 Geogr.
2261 2548 2323 2602 S.
2371 2550 2618 2603 novimus
2658 2564 2674 2603 :
2714 2551 2842 2604 editi
2890 2565 3082 2607 omnes
3120 2551 3352 2622 Λίστρα.
3394 2548 3605 2618 Oppido

2022 2626 2311 2695 episcopus
2355 2626 2645 2698 Mat-tyrios
2697 2630 3022 2701 Ἡλίστρων,
3074 2633 3165 2700 qui
3218 2633 3421 2684 rectius
3469 2645 3603 2683 mss.

2032 2708 2308 2779 Ὶλίστρων
2339 2710 2596 2781 Ephesini
2629 2714 2841 2767 concilii
2869 2729 2920 2783 p.
2960 2713 3063 2769 55A
3090 2724 3144 2767 et
3177 2713 3469 2769 Onesimus
3497 2713 3601 2766 πό-

2018 2796 2173 2860 λεως
2200 2793 2501 2862 Utar-pur
2522 2796 2849 2851 Chalcedon.
2881 2813 2934 2865 [ι.
2972 2796 3076 2850 674
3110 2794 3232 2850 fuit.

2092 2875 2225 2929 Ibid.
2264 2874 2565 2944 Λάρανδα.
2598 2882 2794 2932 Anton.
2828 2878 2960 2933 Itin.
2996 2894 3048 2948 p.
3073 2877 3173 2932 2II
3206 2877 3347 2933 Vide.

2091 2969 2224 3025 Ibid.
2254 2972 2482 3040 Δέρϐαι.
2525 2973 2724 3043 Δέρδη,
2775 2982 2834 3027 ιιι
2880 2980 2996 3028 Act.
3040 2973 3103 3029 Α.
3146 2989 3197 3028 e.
3246 2991 3334 3028 tttv
3365 2985 3420 3028 et
3462 2974 3605 3044 apud

2024 3052 2343 3109 Strabonem
2377 3071 2474 3121 ιιιι,
2513 3070 2563 3126 p.
2607 3055 2747 3122 569;
2781 3056 2869 3111 ubi
2906 3057 2958 3112 in
2995 3056 3212 3111 Isauria:
3255 3059 3489 3113 conliuio
3520 3060 3604 3113 lo-

2023 3147 2199 3194 catur.

2096 3235 2230 3291 Ibid.
2266 3234 2523 3305 Raptim.
2550 3234 2840 3292 Ptolemaeo
2888 3235 3162 3307 Βάραττα,
3202 3235 3420 3291 Tabula:
3464 3237 3604 3294 Peu-

2025 3321 2220 3392 tinger.
2260 3318 2330 3373 M.
2380 3318 2437 3374 ι».
2463 3321 2535 3376 50
2559 3320 2628 3374 ab
2652 3318 2838 3374 Iconio
2862 3320 3115 3373 Barathe.
3144 3319 3371 3373 Nomine
3404 3330 3607 3376 metm-

2023 3405 2202 3472 politae
2238 3403 2320 3457 sui
2347 3403 2738 3458 Constantinus
2766 3403 2862 3472 τῆς
2894 3401 3187 3472 Βαρατὲων
3216 3403 3603 3473 μητροπόλεως

2021 3488 2121 3556 τῆς
2151 3486 2439 3541 Λυκαόνων
2469 3485 2737 3556 ἐπαρχίας
2775 3484 3187 3554 Constantinop.
3223 3486 3383 3540 tertio
3414 3501 3467 3556 ι).
3496 3486 3603 3541 5'26

2022 3568 2462 3625 subscribit.Noli
2485 3583 2665 3624 tamen
2685 3578 2875 3638 putare
2896 3568 3215 3637 metropolin
3236 3567 3425 3635 fuisse,
3441 3586 3601 3640 quant

2021 3653 2335 3724 dignitatem
2368 3654 2606 3707 librariis
2634 3652 2813 3715 debet,
2846 3652 3226 3721 intempestive
3257 3660 3311 3707 et
3335 3654 3467 3708 Satis
3498 3654 3606 3707 iui-

2020 3752 2125 3807 que
2150 3751 2269 3790 eam
2303 3735 2484 3789 Iconio
2525 3733 2917 3789 auferentibus.
2950 3732 3114 3789 I‘aulo
3165 3736 3353 3805 itaque
3400 3738 3602 3792 rectius

2022 3833 2076 3888 p.
2120 3816 2225 3871 675
2264 3816 2474 3879 πόλεως
2527 3815 2768 3887 Βαρίτης
2808 3814 3029 3868 dicitur.

2096 3912 2231 3968 Ibid.
2266 3912 2428 3979 Ὑδη.
2465 3910 2670 3965 Plinius
2713 3910 2998 3982 Lycaonia:
3042 3912 3229 3967 urbem
3266 3913 3318 3966 in
3360 3914 3602 3969 COnIInN)

2024 3996 2250 4052 Galatia:
2280 4004 2442 4064 atque
2474 3994 2828 4063 Cappadocia:
2854 3993 3022 4046 fuisse
3050 3993 3086 4048 Ι.
3121 4009 3174 4057 v,
3203 4008 3255 4048 c.
3289 3993 3358 4048 27
3387 3996 3599 4051 scribit.

2023 4079 2196 4134 Rufus
2226 4077 2434 4141 πόλεως
2462 4077 2632 4146 Ὕδης
2675 4088 2760 4132 est
2804 4080 2858 4131 in
2901 4076 3234 4133 Chalcedon.
3262 4094 3316 4149 p.
3356 4080 3460 4135 526
3507 4081 3600 4150 qui

2023 4161 2185 4233 Σίδης
2226 4167 2483 4217 mendose
2509 4176 2561 4229 ι).
2590 4159 2716 4214 400.

2093 4257 2231 4314 Ibid.
2264 4257 2705 4327 Ἰσαυρόπολις.
2761 4258 3048 4328 Lycaonia:
3097 4264 3303 4327 partem
3349 4258 3415 4312 ad
3457 4259 3599 4313 Tau-

2023 4358 2142 4399 rum
2190 4342 2502 4414 ἰσαυρικὴν
2529 4340 2725 4397 Strabo
2766 4358 2861 4405 xu,
2897 4357 2949 4411 p.
2988 4341 3093 4397 568
3133 4344 3293 4408 facit;
3333 4358 3429 4397 nec
3457 4344 3598 4399 male

2022 4443 2152 4498 ergo
2202 4427 2526 4497 Isauropolis
2587 4425 2711 4479 hnic
2770 4426 3057 4495 provincia:
3107 4426 3597 4480 trihuitnr.Aetius

2036 4512 2463 4582 ἰσαυροπόλεως
2507 4509 2943 4565 Chalcedonensi
2991 4510 3162 4564 adfuit
3204 4526 3256 4579 p.
3307 4510 3434 4564 6T5.
3493 4509 3597 4565 Alii

2024 4595 2208 4650 ‘saura
2258 4594 2546 4663 appellant,
2592 4593 2881 4663 Ἰσαυρέων
2926 4593 3078 4646 πόλιν
3131 4592 3393 4649 Diodorus
3440 4608 3595 4658 "tu,

2025 4696 2077 4747 p.
2122 4678 2249 4744 605,
2284 4679 2353 4733 de
2394 4692 2497 4746 qua
2536 4676 2703 4732 Henr.
2735 4676 2975 4733 Valesius
3009 4679 3059 4732 in
3087 4677 3359 4732 Amtuian.
3387 4693 3498 4742 xrv,
3539 4677 3592 4733 8.

2027 4762 2217 4816 Fuisse
2264 4760 2455 4816 urbem
2507 4760 2813 4815 latrociniis
2856 4761 3108 4815 infamem
3151 4777 3309 4816 nemo
3348 4763 3593 4831 ignorat;

2025 4852 2193 4913 atque
2222 4844 2362 4897 haud
2408 4845 2522 4896 seio
2559 4859 2624 4895 an
2669 4843 3035 4911 chstrygnnia
3071 4845 3143 4898 sit
3184 4844 3365 4898 Basilii
3410 4844 3599 4899 Seleu-

2025 4926 2228 4981 eiensis
2261 4923 2363 4977 Vit.
2393 4924 2453 4978 S.
2481 4923 2682 4977 Thecla:
2704 4940 2763 4989 ιι,
2801 4924 2887 4990 12,
2906 4925 3293 4980 sceleratorum
3319 4928 3595 4980 hominum

2025 5017 2189 5075 atque
2218 5021 2285 5060 ex
2318 5014 2474 5074 rapto
2501 5004 2792 5059 viventium
2830 5008 3250 5076 receptaculum.
3285 5007 3433 5062 Situs
3457 5010 3596 5061 haud

2029 5088 2169 5144 male
2201 5088 2500 5143 convenit:
2531 5088 2663 5142 dicit
2700 5104 2823 5141 eam
2867 5091 2916 5142 in
2967 5089 3225 5145 Seleucia:
3270 5090 3597 5158 lsanrimqne

2026 5173 2194 5228 fuisse
2224 5171 2484 5235 conlinio,
2526 5173 2618 5225 sed
2648 5186 2837 5226 versus
2868 5188 3115 5227 occasum
3149 5174 3265 5243 ejus
3307 5175 3597 5243 provinciae

2028 5260 2295 5329 totiusque
2320 5258 2576 5320 Orientis.
2605 5257 2888 5312 altissimis
2926 5260 3193 5313 montibus
3234 5259 3539 5328 impositura
3577 5276 3590 5313 :

2025 5345 2377 5417 διακειμένην
2403 5344 2479 5407 ὡς
2497 5344 2631 5415 πρὸς
2650 5345 2887 5416 ἑσπέραν
2916 5345 3042 5398 καθ’
3077 5346 3225 5415 ἡμᾶς
3254 5362 3311 5399 τε
3338 5351 3431 5397 καὶ
3452 5346 3514 5398 σύ
3524 5362 3595 5415 μ-

2025 5443 2207 5481 πασαι
2243 5425 2385 5496 ἑῴαν
2418 5428 2557 5496 γῆν,
2587 5424 2804 5488 πολλοῖς
2843 5425 2899 5478 δὲ
2962 5426 3055 5478 καὶ
3098 5427 3399 5493 ίσονεφέσιν
3443 5427 3593 5495 ὄρεσι

2025 5510 2440 5582 διειλημμένην.
2511 5509 2702 5565 Incolis
2734 5520 2897 5579 atque
2936 5510 3053 5565 urbi
3087 5525 3114 5563 a
3147 5509 3592 5580 Lucstrigonibtzs.

2026 5596 2166 5666 quod
2213 5609 2402 5649 eorum
2437 5603 2641 5649 sectam
2682 5603 2845 5664 atque
2886 5596 3127 5648 instituta
3173 5596 3497 5664 probarent,
3544 5595 3593 5647 id

2026 5695 2223 5734 nomen
2250 5679 2414 5733 venit.
2451 5677 2595 5734 Sane
2620 5677 2835 5733 Isauros
2867 5679 3046 5733 Basilii
3069 5690 3228 5734 (etate
3259 5680 3325 5733 ab
3354 5679 3594 5747 improha

2031 5762 2301 5834 praedandi
2333 5762 2628 5833 cupiditate
2658 5760 2825 5819 fuisse
2850 5763 3297 5820 instructissinios
3331 5778 3393 5819 ex
3421 5764 3594 5830 ωινγ-
