3980 6210
318 463 437 502 rum
481 446 710 501 fortasse
744 445 857 500 hate
887 446 1025 515 apud
1070 447 1384 500 Athenzeum
1432 446 1466 499 l.
1514 461 1643 510 xm,
1690 461 1741 513 p.
1793 444 1894 497 Sil

315 533 495 584 obvia.
525 530 834 599 Δοκίμεεον,
871 540 929 582 ιιι
958 543 1022 582 eo
1056 529 1357 593 redeamus,
1397 527 1700 598 Stephano,
1733 527 1891 578 Δοκί-

320 630 501 683 μαιον,
575 628 681 667 non
729 614 846 667 sine
888 627 1097 677 errore,
1132 612 1436 675 Ptolemaeo,
1482 610 1712 680 Δοκιμία
1734 609 1895 679 κώμη

318 695 573 750 Straboni
621 697 663 750 Ι.
696 712 789 762 χιι,
841 712 893 765 p.
938 696 1063 749 577.
1108 695 1385 765 Δοκίμιον,
1436 693 1596 762 plane
1656 702 1713 747 ut
1769 692 1893 756 hic,

315 779 585 849 ἐπαρχίας
632 778 875 849 Φρυγίας
921 779 1289 847 Σαλουταρίας
1344 777 1616 846 Epltesino
1665 776 1896 830 concilio

313 876 369 929 p.
412 861 538 915 554.
585 859 719 915 Vide
755 860 1029 915 Norisium
1080 861 1301 914 Dissert.
1344 861 1368 913 1
1402 859 1471 915 de
1500 858 1697 926 Epoclt.
1726 857 1891 927 Syro-

317 942 524 997 .Olaced.
563 959 614 1012 p.
653 944 740 998 Η.

383 1027 499 1083 Col.
536 1027 656 1081 148.
687 1026 909 1095 Μῆρος.
937 1025 1029 1080 Est
1047 1028 1186 1094 apud
1209 1026 1487 1081 Socratem
1513 1025 1582 1080 Il.
1607 1026 1672 1079 E.
1695 1042 1776 1090 ιιι,
1806 1024 1889 1087 l5,

315 1120 370 1164 et
407 1110 695 1164 Sozonten.
737 1126 788 1174 v,
828 1111 915 1175 tl,
952 1111 1040 1163 ubi
1081 1108 1356 1163 Valesiutn
1386 1109 1526 1162 vide.
1574 1107 1684 1163 Nec
1728 1107 1892 1162 crede

315 1205 491 1247 tamen
534 1192 837 1261 posteriore
883 1202 1043 1245 wtate
1081 1190 1399 1259 Comopolin
1452 1190 1619 1245 fuisse
1657 1190 1891 1257 appella-

314 1285 457 1339 tam;
516 1291 690 1344 neque
743 1274 889 1329 enim
947 1274 1336 1328 Constantinus
1385 1273 1680 1341 imperator
1733 1273 1770 1326 Ι.
1832 1288 1887 1339 t,

313 1358 502 1414 'l‘hem.
536 1361 556 1410 l
585 1359 638 1412 id
663 1356 979 1422 allirtnabit,
1022 1357 1117 1410 sed
1145 1356 1350 1410 Merum
1380 1355 1547 1409 fuisse
1584 1356 1892 1425 κωμόπολιν

311 1442 425 1494 sive
450 1443 709 1508 grandem
737 1440 938 1506 vicum,
967 1439 1056 1507 qui
1075 1439 1142 1491 ad
1168 1438 1311 1492 urbis
1336 1438 1741 1507 amplitudinem
1770 1453 1893 1507 pro-

311 1524 456 1577 xime
489 1524 796 1587 accederet,
827 1524 901 1575 uti
929 1522 980 1576 itt
1016 1521 1189 1576 Marci
1219 1520 1422 1591 Evang.
1465 1536 1504 1586 ι,
1544 1520 1633 1574 58.
1664 1520 1892 1576 Carolus

310 1620 339 1659 a
368 1604 426 1658 S.
460 1606 629 1659 Paulo
654 1621 773 1660 cum
797 1604 1005 1675 Myrum
1038 1614 1215 1670 vocat,
1246 1605 1314 1659 ab
1343 1604 1488 1657 Actis
1510 1602 1888 1669 conciliorum,

310 1699 369 1742 ut
401 1687 603 1743 Νιρευηὶ
632 1690 854 1743 secundi
886 1702 939 1757 p.
962 1688 1092 1752 557,
1126 1688 1216 1743 ubi
1252 1687 1547 1742 Damianus
1574 1684 1799 1757 Μύρων,
1833 1686 1889 1741 in

308 1770 553 1825 fraudem
590 1771 853 1842 impulsus
884 1779 987 1825 est.

380 1853 514 1908 lbid.
546 1854 835 1908 Νακολία.
871 1852 1069 1908 Urbem
1106 1852 1368 1923 Phrygias,
1416 1852 1500 1907 cui
1529 1849 1745 1906 Nacolia
1785 1867 1885 1907 no-

309 1952 455 2000 men,
482 1937 640 1990 πόλιν
670 1938 768 2005 τῆς
819 1937 1062 2006 Φρυγίας
1170 1934 1461 1988 Νακώλεια
1504 1935 1883 2005 προσωνυμία,

307 2022 373 2075 ad
408 2035 569 2090 quam
606 2019 808 2075 Valens
838 2019 1162 2090 Procopium
1203 2019 1593 2088 proﬂigaverit,
1634 2019 1887 2075 Socrates

306 2104 380 2157 Η.
415 2104 482 2157 Ε.
517 2120 590 2170 tv,
615 2104 843 2159 5vocat.
878 2103 1107 2160 Basilius
1123 2103 1442 2166 Νακωλείας
1457 2102 1696 2174 Φρυγίας
1724 2101 1885 2156 Chal-

303 2187 494 2243 cedon.
528 2187 758 2241 concilio
791 2202 842 2256 p.
872 2186 974 2240 578
999 2186 1313 2255 subcripsit.
1341 2185 1563 2240 Ceteris
1590 2184 1882 2249 Νακόλεια,

303 2280 359 2323 ιιι
387 2267 674 2324 Ptolemaeo
705 2279 760 2324 et
804 2268 1027 2323 Zozimo
1068 2284 1143 2333 tv,
1184 2269 1237 2322 8.
1270 2266 1406 2322 Vide
1448 2267 1550 2323 Ch.
1592 2266 1882 2323 Cellarium

304 2349 371 2404 G.
411 2352 477 2406 A.
520 2368 601 2414 ιιι,
636 2354 688 2413 ι,
724 2368 774 2421 p.
807 2353 930 2409 144.

374 2434 510 2487 Ibid.
534 2435 884 2501 Δορύλλιον.
922 2433 1235 2504 Δορύλαιον,
1264 2433 1339 2488 ttti
1363 2431 1580 2500 Strabo;
1618 2434 1720 2489 nisi
1747 2434 1885 2489 lorte

304 2515 646 2585 Δορύλλειον,
680 2517 839 2570 modo
886 2531 1080 2571 sanum
1126 2517 1176 2569 id
1217 2517 1307 2579 sit,
1353 2531 1472 2568 cunt
1508 2516 1787 2572 Eustathio
1829 2519 1881 2573 in

304 2597 530 2669 Dionys.
563 2601 668 2654 815
699 2599 948 2654 voluerit.
998 2598 1251 2653 Proxime
1294 2598 1515 2653 ﬂuvium
1559 2602 1740 2655 sedem
1786 2603 1882 2655 ha-

303 2681 442 2746 buit,
476 2684 565 2751 qui
609 2683 660 2735 in
695 2680 847 2734 Thes.
889 2680 1104 2735 Britan.
1152 2693 1285 2738 tom.
1334 2698 1394 2745 tt,
1450 2698 1501 2751 p.
1551 2682 1656 2736 257
1719 2698 1884 2737 numo

304 2766 620 2836 Δορυλαέων
656 2779 803 2816 urna:
851 2765 1138 2827 incumbit,
1169 2780 1495 2834 quamquam
1530 2781 1637 2835 quo
1668 2769 1884 2822 nomine

304 2849 467 2903 fuerit
514 2850 750 2902 nondum
799 2863 896 2916 pro
952 2860 1228 2917 comperto
1269 2848 1517 2902 habetur.
1561 2850 1678 2905 Nic.
1738 2850 1882 2920 llay-

305 2934 447 2986 mitts
472 2930 794 3001 Sangarium
827 2931 1142 2996 arbitratur,
1170 2931 1254 2994 cui
1289 2945 1420 2984 sane
1449 2932 1500 2984 in
1525 2931 1725 2986 Tabula
1746 2933 1883 2986 Peu-

302 3020 587 3085 tingerana
604 3017 850 3070 accubat.
882 3016 951 3068 At
979 3014 1032 3068 id
1060 3012 1256 3067 ﬂumen
1291 3014 1476 3067 urbem
1505 3013 1723 3069 alluissc
1752 3030 1876 3071 cum

300 3111 456 3156 certo
484 3100 625 3154 haud
655 3108 887 3163 constet,
932 3099 1113 3151 malim
1150 3097 1469 3151 alterutrum
1500 3096 1739 3151 amnium
1764 3114 1882 3153 cre-

303 3186 433 3238 d«-re
478 3185 543 3237 de
593 3184 789 3253 quibus
850 3182 1149 3236 Cinnamus
1197 3196 1249 3244 v,
1278 3181 1341 3243 'l,
1385 3181 1472 3234 tibi
1520 3182 1587 3235 de
1635 3179 1882 3238 Manuele

302 3266 717 3333 Comncna,Ata
733 3267 826 3319 τοῦ
864 3264 1263 3332 Ἑλλησπόντου
1299 3262 1545 3334 πορθμοῦ
1574 3265 1665 3317 ἐπὶ
1700 3265 1881 3330 Ἀσίας

299 3349 490 3423 διαβὰς
520 3351 647 3419 ἄχρι
670 3348 963 3418 Δορυλαίου
987 3343 1139 3417 ἦλθε,
1170 3347 1300 3416 περὶ
1321 3346 1488 3415 ἄμφω
1518 3346 1596 3398 τὼ
1630 3350 1878 3418 ποταμὼ,

300 3425 379 3484 ὧν
422 3432 451 3484 ὁ
518 3434 614 3501 μὲν
644 3432 822 3493 Βαθὺς
864 3430 1000 3501 πρὸς
1043 3430 1151 3483 τῶν
1201 3429 1482 3499 ἐγχωρίων
1510 3469 1525 3496 ,
1574 3428 1778 3499 Θύαρις
1823 3430 1880 3485 δὲ

304 3514 496 3583 ἅτερος
549 3513 896 3583 ὀνομάζεται.
940 3513 1090 3570 Adde
1135 3530 1210 3579 vr,
1239 3513 1303 3567 14
1343 3511 1584 3569 Nicetam
1629 3513 1875 3569 Choniat.

304 3596 504 3649 Annal.
533 3597 772 3649 Manuel.
801 3614 874 3663 vt,
909 3612 962 3664 p.
999 3597 1086 3651 88.

378 3681 513 3734 lbid.
561 3680 840 3733 Μέδαιον.
873 3681 1098 3733 Μίδαιον
1140 3682 1254 3737 sive
1294 3681 1547 3745 Μιδάεον,
1581 3684 1720 3735 unde
1768 3683 1875 3735 Μι-

299 3763 473 3818 δαέων
498 3764 642 3817 nutni
671 3761 1161 3833 apudlllarduinum
1183 3773 1238 3818 et
1254 3762 1425 3818 llolst.
1449 3764 1501 3816 in
1526 3762 1877 3832 Stpehanum.

372 3848 511 3904 lbid.
540 3848 741 3918 Δῆμου
768 3845 1046 3901 Λυκαῶν.
1079 3845 1359 3901 Posterius
1384 3859 1413 3897 e
1446 3860 1548 3899 nts.
1583 3845 1719 3899 emit
1747 3845 1876 3900 Hol-

298 3932 555 3996 steiuius,
597 3945 628 3985 e
675 3945 783 3999 quo
828 3929 1124 3983 Λυκαόνων
1166 3927 1332 3997 δῆμος
1372 3925 1592 3981 formari
1641 3937 1873 3996 oportet.

297 4017 505 4085 Δῆμος,
532 4026 589 4068 ut
612 4029 775 4083 saepe,
808 4028 1002 4083 pagum
1034 4020 1182 4067 notat
1211 4029 1224 4065 :
1258 4011 1568 4080 Stephanus
1589 4012 1876 4082 Εὑκαρπία

296 4098 473 4169 bimo;
504 4098 603 4167 τῆς
650 4098 855 4167 μικρᾶς
882 4094 1144 4167 Φρυγίας,
1181 4105 1235 4151 et
1268 4097 1320 4150 in
1354 4093 1553 4165 Δῆμος.
1599 4095 1878 4165 Lycaones

302 4183 356 4233 in
400 4181 633 4249 Phrygia
684 4178 911 4242 Plinius,
944 4184 997 4243 v,
1042 4176 1111 4232 29
1156 4179 1421 4246 agnoscit,
1471 4176 1639 4245 probe
1686 4187 1875 4232 contra

302 4262 632 4317 llarduittum
661 4276 692 4315 a
721 4262 824 4317 Ch.
855 4260 1089 4314 Cellario
1118 4258 1185 4316 G.
1227 4260 1295 4314 A.
1330 4275 1413 4326 ιιι,
1455 4259 1511 4325 4,
1555 4276 1607 4329 p.
1658 4258 1758 4315 164
1784 4261 1876 4317 dc-

303 4345 503 4399 tensos.
598 4390 601 4391 ν

374 4426 507 4480 Ibid.
528 4426 726 4495 Δήμου
748 4427 1105 4495 Αὐρὰκλεια.
1138 4426 1299 4480 Forte
1322 4425 1491 4497 δῆμος
1505 4429 1867 4499 Αύλοκρήναι.

300 4511 507 4566 Plinius
536 4510 861 4566 Aulocrenas
896 4509 1139 4581 Phrygiae
1178 4511 1383 4575 tribuit,
1412 4527 1461 4575 v,
1491 4511 1583 4568 29.
1604 4513 1868 4584 Marsyas,

302 4594 495 4661 inquit,
534 4592 603 4644 ibi
638 4593 899 4657 redditur,
929 4596 1088 4661 λογίαι
1129 4608 1192 4645 ac
1233 4596 1391 4659 paulo
1441 4611 1563 4649 mox
1604 4599 1870 4661 conditus,

300 4678 389 4730 ubi
410 4678 625 4729 certavit
655 4678 904 4729 tibiarum
929 4688 1089 4729 cantu
1116 4692 1230 4728 cum
1256 4676 1515 4743 Apolline,
1539 4677 1869 4734 Aulocrenis:

300 4763 373 4813 ita
402 4772 616 4813 vocatur
647 4760 895 4815 convallis
938 4764 1109 4813 decem
1160 4758 1293 4811 mill.
1331 4777 1582 4826 passuum
1628 4765 1691 4815 ab
1733 4767 1873 4832 Apa-

301 4846 411 4897 mia
444 4843 729 4913 Phrggiam
766 4844 1077 4909 petentibus.
1111 4841 1176 4895 Et
1210 4857 1321 4917 xvt,
1370 4841 1462 4905 43,
1511 4843 1651 4897 favet
1692 4847 1868 4912 suspi-

300 4929 441 4981 cioni
476 4929 695 4996 Aquilas
726 4927 1012 4995 episcopus
1038 4924 1357 4994 Αὑλοκρῶν,
1400 4924 1490 4993 qui
1530 4927 1668 4979 inter
1697 4926 1867 4997 Phry-

298 5013 398 5078 giu:
442 5009 709 5064 Salutaris
755 5009 1013 5079 prmsules
1054 5009 1380 5063 Chalcedon.
1435 5023 1488 5077 p.
1524 5009 1627 5063 400
1672 5025 1867 5065 nomen

299 5109 455 5145 suum
517 5094 818 5161 proﬁtetur.
860 5093 995 5158 Quia
1071 5101 1255 5145 tamen
1305 5093 1629 5162 Δύροκλέων
1671 5110 1723 5162 p.
1764 5094 1870 5148 246

299 5176 539 5239 dicitur,
589 5175 724 5229 nihil
795 5175 1151 5229 decreverim.
1222 5173 1277 5229 ld
1360 5176 1579 5240 addam,
1630 5177 1682 5230 in
1730 5172 1870 5231 Geo-

299 5259 487 5326 graph.
523 5256 689 5311 Sacra
724 5258 988 5327 pra-teriri
1019 5258 1161 5311 haud
1198 5258 1466 5313 debuisse.

371 5342 502 5394 Ibid.
536 5337 735 5409 Δήμου
790 5340 1193 5409 Ἀλαμιισσοῦ.
1231 5339 1285 5394 ln
1314 5343 1543 5397 concilio
1577 5341 1869 5400 Chalcedo-

297 5424 452 5477 nt-nsi
486 5422 603 5489 ejus
644 5423 928 5491 episcopus
975 5434 1327 5487 memoratur,
1377 5426 1680 5494 diciturque
1715 5427 1868 5492 πόλις

308 5503 627 5574 ’Λμαδάσση
654 5520 705 5571 p.
747 5504 872 5569 675,
903 5514 958 5559 et
994 5506 1046 5559 iu
1093 5506 1507 5578 Constantinop.
1544 5511 1781 5566 secundo
1812 5526 1865 5579 p.

295 5591 403 5645 2M
431 5590 625 5644 civitas
657 5590 1176 5647 Amadasseuorum.
1228 5591 1447 5647 Rectius
1489 5593 1670 5662 itaque
1699 5594 1871 5665 δῆμος

310 5674 367 5729 ’Δ
378 5673 678 5743 μαδάσσης.

369 5758 501 5819 Ibid.
522 5756 722 5830 Δήμου
742 5757 1115 5827 Προπνὰισα.
1151 5757 1314 5813 Forte
1338 5758 1506 5831 δῆμος
1538 5761 1867 5822 Ποαιπὲνισ.

612 5855 882 5917 ΡΑτιιοι..
918 5854 1071 5938 βιι.⁸
1097 5854 1297 5917 CXIII.

1167 330 1559 392 COMMENT,
1607 332 1689 391 ΙΝ
1730 330 2145 393 ΗΙΕἱῖΟΕΙΛὸ
2191 333 2733 399 SYNECDEMUM.

3433 336 3487 397 ll
3514 342 3563 395 ‘~'~l

2008 462 2116 508 σος.
2196 447 2558 517 Prarpenissus
2621 460 2703 505 est
2751 450 2891 505 inter
2937 448 3180 519 Phrygia:
3227 450 3384 503 urhes
3428 452 3566 518 apud

2002 526 2382 596 Ptolemaeum,
2413 534 2811 604 subscribitque
2853 534 3117 586 Auxanon
3157 531 3368 594 πόλεως
3402 533 3572 601 [Ipsu-

2000 612 2254 666 πενίσσου
2291 614 2718 671 Chalcedonensi
2746 633 2797 686 p.
2822 616 2944 671 675.
2970 615 3124 681 Quod
3154 630 3279 669 vero
3311 617 3395 670 his
3421 618 3571 685 pagis

1999 698 2234 764 episcopi
2280 698 2479 753 fuerint
2513 701 2780 768 impositi,
2820 700 2871 755 id
2911 709 3229 768 argumento
3277 708 3355 754 est
3401 699 3571 755 fuisse

1998 781 2339 848 κωμοπόλεις
2375 784 2486 837 sive
2519 784 2726 853 amplos
2765 794 2819 838 et
2853 784 3051 838 civium
3092 782 3392 853 frequentia
3428 785 3569 839 cele-
3632 792 3645 795 “

1998 862 2120 917 bres
2156 878 2337 934 pagos,
2374 869 2513 922 unde
2546 878 2601 922 et
2638 868 2822 929 πόλεις
2859 866 3285 923 Chalcedonensi
3336 870 3567 922 concilio

1995 946 2270 1001 dicuntur.
2317 946 2606 1017 Ceteroqui
2646 965 2879 1006 canones
2912 967 3049 1022 pago
3096 961 3187 1004 aut
3219 967 3395 1020 parva:
3426 954 3565 1017 urbi,

1996 1029 2081 1081 cui
2118 1030 2199 1082 vel
2238 1045 2374 1083 unus
2404 1032 2687 1100 presbyter
2725 1034 3015 1100 sulliceret,
3051 1034 3363 1103 episcopum
3404 1050 3568 1105 nega-

1999 1114 2159 1177 bant,
2190 1122 2243 1165 ut
2278 1114 2467 1183 synodi
2517 1115 2858 1169 Sardicensis
2916 1119 2996 1171 6:
3051 1120 3142 1189 Μὴ
3190 1120 3390 1183 ἐξεῖναι
3436 1120 3571 1172 καο-

1997 1195 2153 1247 ιστᾶν
2178 1195 2475 1248 ἐπίσκοπον
2497 1195 2680 1249 ἕνιτινι
2706 1196 2865 1267 κώμῃ
2887 1197 2919 1267 ἢ
2953 1200 3181 1270 βραχείᾳ
3206 1202 3377 1265 πόλει,
3460 1203 3569 1254 τινὶ

1997 1276 2090 1329 καὶ
2115 1273 2195 1339 εἷς
2224 1277 2599 1349 πρεσϐύτερος
2629 1280 2863 1349 ἐπαρκεῖ
2882 1294 2895 1308 ο
2944 1290 2996 1333 et
3031 1283 3219 1348 synodi
3251 1282 3569 1338 Laodicena:

1994 1357 2083 1421 56,
2126 1360 2220 1426 qui
2281 1361 2637 1431 -περιοδευτὰς
2673 1363 2789 1416 sive
2829 1362 3161 1429 visitatores,
3190 1373 3248 1417 ut
3284 1365 3569 1434 Dionysius

1995 1437 2235 1509 Exiguus
2258 1444 2440 1504 vertit,
2468 1442 2534 1495 de
2559 1444 2757 1511 quibus
2787 1447 3113 1515 Bevcrcgius
3141 1446 3319 1514 plura,
3358 1448 3407 1500 in
3432 1450 3570 1516 ejus-

1996 1522 2136 1575 modi
2160 1536 2324 1591 pagos
2349 1523 2636 1590 amandat;
2663 1540 2991 1595 quamquam
3016 1536 3070 1579 et
3101 1527 3149 1580 id
3182 1528 3317 1580 citra
3344 1529 3567 1582 dubimn

1992 1612 2097 1667 est,
2134 1603 2275 1658 haud
2312 1619 2434 1659 raro
2463 1608 2752 1674 praesulutn
2785 1608 3080 1662 ambitione
3112 1609 3313 1676 Optime
3351 1611 3566 1665 decreta

1993 1684 2160 1741 fuisse
2195 1697 2445 1757 proterve
2479 1689 2817 1757 conculcata,
2850 1700 2903 1745 et
2947 1706 3053 1760 quo
3096 1691 3277 1761 plures
3307 1690 3567 1761 suifraga-

1994 1783 2145 1835 neos,
2178 1785 2313 1839 quos
2336 1780 2549 1837 vocant,
2573 1772 2905 1841 acciperent,
2936 1773 3085 1842 pagis
3108 1783 3271 1843 atque
3298 1777 3566 1843 oppidnlis

1989 1852 2272 1922 episcopos
2310 1854 2486 1910 datos.
2531 1856 2589 1908 In
2639 1854 2820 1910 Africa
2862 1867 3009 1911 certe
3047 1871 3141 1925 per
3194 1859 3566 1913 contentiones

1990 1932 2353 1992 Donatisticas
2394 1936 2764 1993 incredibilem
2796 1938 2848 1992 in
2888 1940 3104 1993 modum
3146 1940 3429 2007 praescium
3460 1958 3563 1994 ltu-

1989 2032 2173 2074 nterus
2206 2019 2460 2087 increvit,
2494 2021 2862 2089 paulatimque
2887 2020 3023 2074 villa:
3052 2006 3203 2075 fundi
3235 2006 3295 2075 et
3312 2023 3413 2077 vici
3436 2040 3565 2079 suos

1987 2102 2087 2155 sibi
2119 2102 2433 2171 praepositos
2466 2103 2732 2168 viderunt,
2758 2104 2897 2157 sicut
2922 2118 2986 2156 ex
3022 2100 3220 2157 Collal.
3247 2102 3560 2174 Carthagin.

1989 2198 2037 2237 c.
2081 2184 2177 2237 181
2233 2183 2474 2254 colligas.
2516 2185 2623 2240 Sed
2674 2186 2787 2240 haec
2831 2187 2899 2241 ab
2943 2186 3187 2240 instituto
3228 2200 3326 2241 nos
3370 2201 3565 2244 avoc-a-

1986 2274 2107 2320 rent
2135 2265 2363 2333 longius.

2059 2348 2192 2403 lbid.
2237 2348 2385 2403 Ὑπὸ
2426 2348 2888 2416 κονσουλάριον.
2931 2349 3069 2405 Olim
3115 2351 3273 2422 Lycm
3315 2362 3370 2408 et
3408 2353 3563 2407 Pant-

1989 2431 2168 2503 phylia
2210 2432 2300 2485 uni
2344 2433 2654 2501 proconsuli
2693 2444 3015 2502 paruerunt;
3061 2436 3201 2489 unde
3233 2435 3296 2490 C.
3338 2434 3564 2490 Porcius

1986 2528 2179 2583 procos
2204 2514 2377 2586 Lyciae
2406 2524 2460 2570 et
2491 2512 2820 2585 Pamphyliae
2852 2515 2904 2569 in
2932 2514 3094 2571 Thes.
3122 2533 3174 2587 p.
3204 2517 3562 2584 CCCCLVlll,

1976 2598 2041 2652 ‘6.
2086 2597 2200 2652 Sub
2231 2598 2584 2652 Constantino
2612 2599 2891 2665 praesident
2936 2599 3264 2666 habuerunt,
3300 2602 3365 2654 ad
3401 2616 3559 2670 quem

1986 2680 2021 2734 l.
2047 2680 2101 2744 2,
2130 2694 2179 2734 c.
2203 2679 2307 2735 Th.
2336 2679 2402 2733 dc
2433 2692 2599 2733 censu
2623 2679 2745 2733 data
2768 2689 2869 2733 est.
2902 2680 3119 2735 Diceres
3148 2681 3295 2737 Decii
3322 2691 3564 2752 tempore

1986 2783 2012 2817 ιι
2051 2764 2215 2833 Lycia
2240 2763 2351 2833 jam
2399 2761 2565 2817 fuisse
2605 2762 2918 2816 distractam
2952 2764 3020 2817 ob
3052 2763 3384 2835 Pamphyliae
3423 2782 3563 2835 pra:-

1988 2847 2250 2901 fccturam
2286 2845 2553 2899 Martiano
2589 2844 2656 2897 ab
2684 2859 2748 2899 eo
2778 2845 3105 2913 imperatore
3144 2847 3474 2913 mandatam,
3509 2848 3563 2902 in

1985 2930 2135 2984 Actis
2168 2928 2226 2983 S.
2264 2927 2475 2981 Acltatii
2500 2928 2639 2995 apud
2673 2926 2922 2981 Ruittart.
2957 2945 3007 2995 p.
3039 2928 3158 2993 l55,
3185 2930 3230 2983 si
3260 2932 3415 2985 bona:
3439 2932 3561 2987 tidei

1985 3026 2198 3080 semper
2224 3025 2286 3065 ea
2317 3018 2498 3065 essent
2531 3019 2900 3064 monumenta.
2930 3010 3091 3065 Forte
3118 3011 3455 3069 Theodosius
3483 3031 3562 3070 se-

1985 3097 2191 3150 candus
2216 3093 2395 3165 Lyciae
2428 3108 2583 3148 suum
2617 3092 2896 3162 praesidem
2942 3094 3215 3161 impasuit,
3253 3110 3356 3165 qua
3390 3102 3456 3153 de
3504 3115 3562 3154 re

1985 3181 2141 3234 alias.
2175 3180 2363 3233 Fuisse
2391 3192 2517 3232 vero
2548 3177 2891 3231 consularem
2938 3174 3307 3248 Pamphyliam
3353 3178 3561 3237 Notitia

1983 3263 2108 3329 imp.
2139 3263 2194 3315 in
2224 3260 2426 3315 Orient.
2466 3275 2517 3315 c.
2550 3260 2572 3313 Ι
2606 3261 2781 3314 docet.

2054 3345 2189 3399 Ibid.
2216 3342 2432 3413 Πέργη.
2467 3342 2606 3397 Editi
2642 3356 2831 3397 omnes
2855 3341 3112 3397 Σύλλαιον
3139 3342 3390 3416 jungunt,
3432 3361 3495 3402 ac
3511 3349 3557 3403 si

1982 3430 2169 3483 eadem
2199 3427 2328 3481 urbs
2352 3434 2514 3487 esset,
2542 3438 2764 3493 prorsus
2789 3436 2976 3480 contra
3006 3441 3192 3481 verum
3219 3443 3235 3482 :
3260 3430 3559 3485 distinctis-

1981 3513 2132 3565 sima:
2159 3510 2308 3565 enim
2354 3510 2592 3571 luerunt,
2630 3506 2856 3576 singulis
2885 3507 3177 3577 episcopis,
3210 3519 3268 3563 ut
3307 3525 3371 3564 ex
3399 3512 3561 3566 Chal-

1981 3592 2271 3649 cedonensi
2316 3592 2545 3646 concilio
2586 3591 2854 3655 novimus,
2890 3591 3140 3647 subditae.
3187 3594 3405 3651 Set-iere
3444 3599 3564 3667 qui.

1982 3679 2101 3732 dem
2145 3691 2262 3731 aevo
2305 3675 2541 3743 dignitas
2584 3674 2995 3741 metropolitana
3038 3676 3270 3746 Sylaeum
3319 3686 3556 3746 ornavit,

1982 3774 2156 3827 eaque
2208 3772 2371 3812 causa
2443 3764 2549 3819 est,
2591 3768 2689 3808 cur
2734 3755 2788 3808 in
2839 3754 2961 3809 aliis
3009 3756 3228 3813 Notitiis
3272 3761 3300 3810 ὀ
3337 3763 3558 3832 Πέργης

1981 3843 2101 3912 ἦτοι
2149 3839 2378 3893 Συλαίοο
2428 3838 2718 3908 episcopus
2765 3847 3119 3893 memoretur.
3173 3844 3244 3895 At
3285 3848 3553 3906 nondum.

1980 3908 2102 3982 cum
2124 3924 2401 3979 Hierocles
2430 3938 2580 3978 suam
2608 3921 2896 3989 digereret,
2931 3934 2996 3975 eo
3045 3938 3134 3979 res
3174 3926 3446 3983 redierat:
3472 3932 3553 3983 di-

1980 4011 2331 4078 stinguuntur
2348 4007 2491 4061 enim
2518 4003 2803 4071 utriusque
2818 4003 3052 4072 episcopi
3070 4006 3122 4060 in
3142 4006 3556 4082 Constantinop.

1981 4092 2159 4145 tertio.
2194 4089 2323 4143 Erat
2353 4088 2521 4155 Perge
2559 4084 2847 4155 provincia:
2875 4090 3381 4158 tnetropolis,sit-uti
3411 4110 3551 4162 pra:-

1981 4186 2061 4229 tcr
2084 4172 2528 4228 Chalcedonense
2553 4171 2837 4226 concilium
2872 4188 2923 4242 p.
2951 4172 3055 4226 656
3083 4175 3403 4231 scholiastes
3432 4181 3552 4233 Cal-

1980 4258 2165 4312 litnahi
2202 4260 2386 4328 hytnn.
2422 4256 2475 4309 in
2509 4255 2667 4310 Dian.
2699 4270 2750 4309 v.
2780 4255 2878 4308 187
2901 4266 2955 4310 et
2977 4258 3228 4326 egregius
3256 4276 3453 4316 namus
3485 4263 3553 4315 ab

1985 4341 2185 4395 Ezecb.
2219 4338 2550 4409 Spanhemio
2596 4338 2974 4409 (dissert.9de
3000 4339 3062 4394 V.
3108 4352 3162 4397 et
3193 4340 3256 4398 P.
3302 4342 3462 4398 Num.
3497 4361 3550 4415 p.

1977 4423 2100 4497 59l)
2147 4425 2439 4494 productus
2468 4424 2779 4478 ostendunt.
2806 4422 2965 4477 Secta
2993 4417 3195 4480 dein'in
3228 4429 3359 4482 duas
3393 4428 3550 4482 Pam-

1975 4510 2180 4582 phylia,
2203 4522 2323 4576 qua:
2360 4516 2535 4560 tamen
2564 4505 2753 4561 divisio
2774 4503 3040 4575 Hierocle,
3059 4510 3384 4581 quodsupra
3409 4524 3551 4581 pate-

1981 4596 2229 4656 fecimus,
2269 4590 2542 4661 posterior
2571 4599 2674 4652 est,
2711 4589 2882 4662 Pergo
2915 4587 3247 4665 Pamphylia:
3273 4600 3547 4663 secundm,

1977 4679 2163 4748 prima:
2194 4688 2321 4728 vero
2344 4673 2470 4727 Side
2500 4674 2817 4743 metropolis
2850 4692 2970 4733 esse
3009 4680 3197 4747 coepit.

2046 4759 2181 4813 Ibid.
2206 4757 2530 4810 Σύλλαιον.
2560 4757 2789 4813 Σύλαιον
2818 4759 3175 4819 Constantino
3212 4765 3248 4819 l.
3274 4766 3325 4831 1,
3354 4765 3549 4827 Thom.

1977 4846 2063 4909 H,
2134 4854 2188 4896 et
2234 4840 2649 4909 Constantinop.
2709 4843 2870 4897 tertio
2913 4860 2966 4915 p.
3017 4848 3140 4913 677,
3216 4850 3305 4903 ubi
3352 4851 3549 4907 Paulus

1975 4929 2183 4988 πόλεως
2213 4925 2439 4977 Συλαίου
2480 4925 2579 4993 τῆς
2610 4927 2946 4995 Παμφυλίων
2983 4931 3275 5000 ἐπαρχίας,
3326 4949 3422 4987 nec
3451 4938 3547 4988 ali-

1977 5022 2057 5065 lcr
2078 5010 2220 5063 Actis
2256 5008 2318 5061 S.
2345 5006 2599 5074 Stephani
2628 5007 2891 5076 Junioris,
2921 5029 2952 5065 a
2985 5012 3339 5069 Benediclittis
3366 5019 3545 5088 vulga-

1975 5099 2061 5151 tis.
2098 5112 2149 5163 p.
2176 5095 2302 5158 452,
2344 5108 2463 5163 qua:
2505 5091 2723 5162 Lyciam
2771 5096 2897 5151 hinc
2944 5099 3253 5165 ordiuntur,
3304 5104 3404 5155 etsi
3449 5106 3545 5172 ipsi

1975 5180 2169 5233 Σύλεον
2200 5178 2507 5232 maluerint.
2540 5174 2772 5231 Putares
2810 5180 2989 5248 itaque
3037 5192 3245 5236 rectum
3291 5184 3340 5237 id
3384 5199 3543 5240 esse:

1975 5273 2031 5318 at
2060 5264 2238 5317 obstat
2264 5258 2483 5311 Σύλειον
2518 5258 2774 5327 Stephani
2798 5270 2852 5315 et
2886 5262 3105 5332 Syleunt
3145 5264 3303 5320 Livii.
3337 5268 3547 5323 Salma—

1975 5346 2165 5401 sinsin
2199 5342 2374 5399 Solin.
2406 5358 2459 5413 p.
2505 5342 2611 5398 569
2653 5344 2880 5410 Σίλλιον,
2928 5348 3030 5401 nisi
3073 5362 3228 5402 error
3264 5350 3333 5402 ibi
3375 5352 3444 5406 sit
3478 5356 3545 5405 ah

1974 5429 2156 5499 operis
2193 5427 2537 5493 commissus,
2586 5442 2772 5481 verum
2815 5443 2935 5483 esse
2983 5432 3273 5498 pertendit.
3317 5433 3546 5489 llolstei-

1976 5514 2097 5568 nius
2119 5511 2346 5565 Σύλαιον
2370 5510 2586 5581 pra-fert
2622 5513 2689 5564 ad
2726 5513 3080 5582 Stephanum,
3131 5524 3291 5585 atque
3329 5519 3521 5573 Arrian

1976 5597 2179 5665 Κιρρά.
2216 5596 2474 5649 Alexand.
2514 5596 2567 5658 1,
2605 5595 2673 5647 27
2696 5594 2937 5660 Σύλλιον,
2997 5598 3210 5669 χωρίων
3252 5601 3448 5673 ὀχυρὸν
3476 5605 3544 5657 ad

1978 5682 2121 5734 hanc
2156 5693 2401 5733 normam
2440 5678 2685 5746 corrigit.
2722 5677 2834 5748 Ego
2868 5680 2919 5733 itt
2946 5681 3177 5735 Arriano
3211 5684 3345 5737 nihil
3373 5693 3541 5747 muto,

1976 5752 2275 5821 Σύλλιον’ρι
2304 5760 2553 5817 Σύλλειον
2579 5762 2787 5819 cwtcris
2811 5772 3062 5821 ortestarc
3095 5766 3411 5823 arbitratus.
3435 5767 3545 5820 lia-

3122 5858 3194 5920 36
