3958 6216
470 329 606 400 1131

472 449 563 503 bet
603 447 652 498 id
691 439 942 512 Polybius
979 435 1107 506 Leg.
1151 433 1239 498 50,
1285 440 1360 497 et,
1411 442 1572 497 quam
1614 421 2044 512 conformatione

471 503 862 585 litterarum'A
900 531 954 576 ct
987 523 1030 574 Α
1064 503 1345 587 deceptam
1395 528 1554 568 nemo
1593 510 1805 569 dixerit.
1841 503 2044 558 Tabula

467 614 894 684 Peutingeraua.
931 605 1222 676 i’erperam
1271 613 1400 668 ergo
1436 596 1758 650 Ptolemzeus
1790 588 2047 684 ΣύλῩυονζ

470 667 542 756 si
579 667 1054 752 Clra’lcedoneuse'
1079 704 1135 758 p.
1175 685 1284 740 40?.
1328 667 1538 735 Σελυον.
1581 676 1849 748 Oppidum
1908 667 2050 725 haud

472 781 702 839 multum
726 776 902 843 Perga
934 774 1191 827 distabat.

542 863 667 919 Col.
704 859 804 914 H8
837 836 1154 924 ’Πάγκυόοᾳ
1180 851 1271 906 Sic
1299 859 1355 905 et
1378 847 1549 904 Palat.
1577 850 1630 898 et
1663 836 2051 924 Coislin._mss.

473 944 744 1002 Plo'etnzei
769 957 864 1012 pro
883 921 1094 1008 vulgato
1111 935 1379 997 Μάτυλος.
1399 931 1554 986 Numi
1572 924 1871 994 Μαγυδέων
1888 921 2052 974 Thes.

474 1032 684 1085 Britan.
723 1038 855 1081 tom.
890 1022 956 1089 il,
992 1039 1046 1090 p.
1073 1020 1200 1085 189,
1225 1019 1276 1073 id
1309 1016 1556 1087 probant.
1576 1013 1756 1078 Quare
1784 1023 1887 1062 non
1910 1015 2054 1090 recte

477 1113 612 1170 satis
671 1087 1093 1178 Magaedcnisium
1145 1103 1340 1157 civitas
1385 1095 1714 1178 Pamphyliae
1737 1087 2054 1147 Constanti-

480 1213 608 1266 nop.
647 1176 885 1249 secundo
914 1207 965 1260 p.
995 1189 1124 1250 241,
1163 1200 1260 1240 nec
1293 1181 1552 1266 Μαγὶδωγ
1588 1176 2056 1266 λτξόλιξρφηεξθη-

482 1258 652 1348 ιίηόρ.
677 1277 838 1333 tertio
868 1258 1068 1343 p.302,
1092 1269 1285 1322 nedum
1310 1266 1463 1328 πόλις
1488 1262 1704 1324 Μαῦδος
1725 1258 2053 1348 Chalcedon.

480 1381 534 1435 p.
570 1337 697 1418 6'72.
745 1337 937 1413 Verius
977 1350 1386 1422 Magydensium
1430 1348 1624 1402 civitas
1652 1360 1704 1413 p.
1746 1342 1850 1395 646
1890 1337 2055 1393 veteri

481 1441 785 1514 interpreti.

555 1503 689 1581 Ibid.
735 1520 1035 1577 Ἀτταλιά.
1078 1516 1215 1570 Nota
1257 1514 1386 1568 urbs
1418 1527 1449 1568 e
1489 1510 1757 1566 Strabone
1794 1513 1875 1560 est
1915 1503 2057 1557 circa

481 1613 749 1680 Corycum
776 1605 972 1676 posita.
999 1599 1196 1656 Suidas
1229 1598 1282 1652 in
1313 1595 1641 1666 Κωρυκαῖος
1677 1591 1836 1646 sitam
1877 1587 1954 1641 ait
1975 1585 2059 1680 ad

483 1667 751 1762 Corycum
776 1667 1232 1753 promontorium,
1253 1681 1396 1735 haud
1424 1679 1658 1734 obscure
1685 1676 1949 1743 Corycum
1971 1667 2061 1722 Ci-

484 1753 622 1832 liciae
639 1788 760 1830 cum
787 1769 1111 1842 cognomine
1133 1761 1467 1832 Pamphyliae
1490 1759 1686 1828 oppido
1703 1753 2058 1842 contunderis;

487 1873 648 1929 quem
685 1832 934 1911 eumdem
962 1863 1203 1905 errorem
1229 1843 1530 1929 Salmasius
1558 1843 1612 1896 in
1644 1839 1817 1896 Solin.
1844 1852 1894 1906 p.
1933 1832 2061 1896 545,

489 1917 840 2009 reprehendit
863 1936 917 1990 in
951 1929 1247 1994 Demetrio,
1276 1942 1383 1996 quo
1419 1917 1732 1992 Stephanus
1765 1929 1901 2009 teste
1934 1930 2064 1971 usus

488 2001 609 2078 fuit.
637 2009 878 2075 Ἀῗάλων
905 2015 1212 2085 episcopus,
1247 2008 1338 2078 qui
1372 2007 1646 2075 Ephesino
1669 2001 2062 2085 interfuitcon-

402 2133 420 2142 ε
487 2108 616 2162 cilio
643 2121 696 2174 p.
731 2102 856 2164 5'55,
893 2083 1020 2153 hinc
1053 2095 1173 2157 fuit,
1205 2090 1574 2174 appellarique
1617 2085 1918 2174 ‘Arraijéwy
1957 2083 2065 2174 de-

489 2167 702 2244 buerat.
736 2184 1004 2241 Caeterum
1033 2179 1241 2234 seriore
1271 2183 1432 2230 aetate
1480 2173 1608 2228 urbs
1651 2171 1718 2225 ab
1749 2169 1942 2224 Alexio
1967 2167 2069 2221 im-

490 2282 744 2344 peratore
783 2264 1201 2332 metropolitaua
1230 2259 1374 2328 jura,
1414 2253 1872 2328 quemadmodum
1914 2249 2066 2304 Noti-

491 2333 563 2412 iia
597 2353 711 2409 iac.
748 2350 913 2406 Goari
957 2351 1236 2407 docemur,
1277 2339 1609 2411 impetravit.
1659 2337 1796 2391 llinc
1833 2333 2067 2401 explica,

489 2439 636 2509 quod
693 2429 984 2500 ereteroqui
1020 2427 1320 2483 absurdum
1357 2423 1526 2479 videri
1581 2428 1783 2490 posset,
1824 2415 2066 2471 scholiou

491 2496 837 2580 [ialsamonis
891 2496 945 2570 et
1001 2509 1250 2566 Zonarae
1291 2518 1423 2564 tom.
1472 2506 1492 2560 l
1537 2504 1744 2558 Canon.
1795 2496 2068 2580 Beveregii

491 2625 547 2678 p.
581 2579 683 2661 1707
716 2622 730 2659 :
767 2596 1060 2670 Παμφυλία
1090 2593 1297 2678 scr-riui!
1333 2591 1432 2678 γῆς
1493 2586 1775 2678 armata;
1812 2579 2070 2652 ἐπαρχία.

490 2669 628 2745 ἦΙίιιθ
650 2669 867 2756 quoque
893 2680 1128 2734 Tzetzen
1159 2673 1370 2735 Cbiliad
1423 2686 1500 2756 rt,

562 2747 700 2826 ibid.
736 2747 938 2836 Aijpov
977 2759 1331 2826 Οὑλιάμϐος.
1372 2755 1454 2810 Ab
1492 2753 1613 2809 aliis
1653 2761 1711 2806 ut
1752 2749 1876 2836 huic
1918 2747 2074 2802 nobis

495 2868 667 2926 pagus
717 2833 1020 2919 explicetur
1069 2849 1351 2911 exspecto,
1408 2837 1643 2909 gratiam
1702 2833 1975 2888 relaturus
2026 2833 2073 2886 si

495 2917 687 2994 eadem
722 2917 889 3003 opera
919 2928 1064 2985 binis
1096 2923 1477 2994 sequentibus,
1508 2919 1602 2990 qui
1652 2933 1826 3003 meam
1873 2917 2074 2971 fruSIra

498 2998 882 3092 implorarent,
947 3022 1271 3068 succurrere
1324 3005 1615 3062 voluerint.
1669 2998 1913 3056 Meminit
1942 3013 2077 3054 sane

500 3087 716 3162 Notitia
778 3099 897 3158 Jac.
961 3095 1123 3154 Coari
1194 3088 1654 3159 Δικιοτανάϐρων,
1721 3087 2078 3154 videnturque

498 3192 695 3246 eadem
744 3199 810 3239 ac
844 3180 1131 3250 Κάναυρα,
1165 3191 1268 3231 nec
1301 3175 1469 3230 hilum
1521 3183 1698 3250 tamen
1730 3169 1942 3241 juvant.
1972 3166 2077 3221 Ca-

501 3275 650 3331 rolus
678 3284 709 3324 a
728 3269 788 3324 S.
813 3253 984 3322 Paulo
1008 3249 1112 3319 non
1143 3261 1303 3316 aliam
1327 3271 1447 3314 esse
1475 3271 1537 3311 ac
1560 3249 1876 3324 Zenopolim
1906 3249 2079 3305 ﬁden-

503 3373 586 3416 ter
640 3356 894 3418 al‘lirmat,
925 3364 1086 3420 quam
1113 3361 1213 3402 nos
1241 3342 1461 3399 isauriae
1481 3340 1648 3396 fuisse
1682 3354 1780 3409 pro
1803 3342 2080 3402 comperto

500 3443 946 3576 hai’liiiiilzoﬂa.
986 3513 1128 3580 Lege
1171 3507 1336 3562 ἰοεία
1363 3515 1416 3560 et
1447 3519 1572 3558 mox
1603 3502 1938 3572 Τερμεσσὸς.
1959 3501 2081 3554 Tri-

505 3607 606 3659 bus
652 3603 737 3656 bis
795 3597 1011 3665 oppidis
1069 3603 1311 3660 tempore
1350 3587 1542 3658 synodi
1582 3583 2081 3653 Constantinopoli-

507 3697 648 3740 tana:
681 3683 782 3738 sub
820 3676 1254 3745 Flavianozuntrs
1308 3672 1599 3741 cpiseOpus
1658 3667 1760 3722 fuit
1796 3666 1886 3736 qui
1941 3668 2082 3720 inter

505 3773 640 3826 Acta
682 3763 1011 3823 Chalcedon.
1067 3775 1119 3828 p.
1151 3759 1256 3814 259
1301 3756 1399 3825 τῆς
1451 3754 1594 3808 κατὰ
1634 3749 1940 3822 Τερμισσὸν
1988 3749 2082 3803 καὶ

506 3849 805 3910 Εὑδοκιάδα
853 3847 947 3902 καὶ
992 3843 1190 3898 Ἰοϐίαν
1245 3841 1408 3909 ἁγίας
1456 3836 1592 3890 Θεοῦ
1636 3833 1933 3905 ἐκκλησίας
1995 3832 2080 3888 di-

509 3939 671 3995 ritur.
704 3933 990 4003 Ephesium
1026 3927 1232 3998 synodo
1273 3940 1327 3993 p.
1371 3922 1476 3977 555
1519 3920 1840 3975 Timotheus
1870 3916 2082 4003 uelem;

500 4001 837 4094 ’Τερμησὰοὖ
889 4016 984 4069 καὶ
1026 4009 1380 4094 Εὐδᾳκιάδος-
1399 4003 1740 4073 subscripsit,
1798 4002 1940 4056 unde
1993 4001 2082 4055 alii

505 4087 716 4160 auium
752 4100 996 4170 paruisse
1045 4092 1325 4163 conjicias.
1358 4088 1540 4145 Leone
1577 4101 1707 4142 vero
1737 4087 2082 4155 imperatore,

510 4187 656 4256 quod
673 4167 932 4256 synodica
970 4174 1382 4249 prowincialiutn
1415 4169 1645 4239 epistola
1705 4167 1984 4232 docemur,
2030 4177 2085 4221 et

511 4252 778 4326 Eudocias
809 4275 866 4320 et
903 4263 1228 4318 'l‘ermessus
1275 4257 1507 4326 singulis
1557 4253 1876 4322 praesulibus
1943 4252 2085 4306 dicto

509 4356 793 4410 audientes
815 4349 994 4407 fuere.
1028 4343 1298 4400 Montibus
1324 4337 1649 4394 Termessus
1679 4351 1841 4405 supra
1876 4333 2082 4388 Phase-

512 4439 674 4494 lidem
715 4435 860 4491 circa
892 4427 1194 4499 angustias,
1232 4439 1327 4494 per
1355 4437 1491 4494 quas
1515 4421 1568 4476 in
1588 4419 1872 4490 Milyadem
1901 4425 2086 4472 trans-

510 4523 638 4583 itus.
701 4525 820 4573 erat
878 4512 1146 4584 apposita.
1199 4507 1334 4564 Vide
1389 4505 1678 4562 Ceilariuiu
1728 4500 1888 4556 G.A.
1925 4500 2086 4566 unt,

529 4623 563 4658 ι.
595 4604 719 4661 196.

511 4624 721 4743 "libri:
756 4683 958 4752 Δήμου
980 4676 1314 4734 Μενδενέω.
1363 4673 1474 4730 Nisi
1519 4687 1606 4727 me
1637 4669 1818 4727 omnia
1873 4668 2085 4733 fallunt,

513 4780 599 4826 est
627 4771 728 4824 hoc
772 4764 1045 4822 Ptolemazi
1074 4759 1434 4831 Μενεδὴμιον.
1464 4758 1651 4827 itaque
1693 4753 1879 4824 Δῆμος
1909 4753 2084 4807 Meva-

510 4857 706 4926 δήμιον
732 4851 1079 4917 reitngatnus.

583 4921 716 4993 ibid.
760 4932 959 5002 Δήμου
1014 4931 1221 4984 Σώλκα
1253 4927 1362 4980 imo
1400 4922 1618 4993 Πώγλα,
1658 4932 1717 4976 ut
1761 4921 1900 4976 idem
1955 4933 2086 4989 geo-

514 5025 771 5096 graphus.
801 5019 1001 5072 Paulus
1032 5015 1243 5077 πόλεως
1265 5009 1540 5079 ,Πούγλων
1578 5010 1719 5062 inter
1752 5004 2086 5074 Pamphilius

513 5093 709 5165 nomen
751 5106 802 5160 iu
833 5101 1164 5158 Chalcedon.
1189 5112 1245 5167 p.
1271 5095 1376 5149 672
1394 5093 1700 5164 proﬁtetur.

585 5191 719 5247 ibid.
751 5186 960 5243 Σίνδα.
985 5182 1193 5237 Ἵσινδα
1225 5185 1563 5250 oportuerat,
1599 5172 1827 5248 quod’L.
1858 5171 2088 5226 iiolstei-

515 5281 649 5343 nius
673 5276 740 5329 ad
771 5272 964 5341 Geogr.
1014 5267 1073 5324 S.
1128 5280 1350 5321 mouere
1381 5263 1522 5316 haud
1575 5249 1866 5331 praeteriit,
1911 5258 2088 5312 simile

515 5339 769 5417 mendum
799 5373 829 5411 e
849 5339 1117 5408 Strabone
1137 5359 1190 5405 et
1220 5347 1497 5417 Stephano
1515 5346 1581 5398 ad
1607 5344 1770 5412 hujus
1802 5343 1866 5395 Ἀ
1877 5339 2088 5411 μὸλαδα.

513 5447 720 5499 eluens.
770 5425 1014 5495 Concilio
1071 5431 1344 5504 Ephesino
1375 5445 1428 5498 p.
1481 5426 1585 5481 585
1630 5426 1786 5488 πόλις
1837 5424 2088 5478 Ἱσιωδῶν

516 5539 798 5596 perperam
822 5520 1142 5592 appellatur,
1179 5515 1382 5570 rectius
1417 5509 1848 5567 Chalcedonensi
1887 5522 1939 5576 p.
1963 5507 2085 5560 67:2.

585 5592 718 5666 Ibid.
754 5607 964 5676 Βέρση.
991 5604 1079 5658 Sic
1108 5616 1238 5657 mss.
1267 5599 1456 5668 Βάρὸη
1481 5595 1601 5652 aliis
1629 5594 1860 5649 notitiis.
1897 5592 2086 5648 Utrum

514 5702 756 5761 prwstel,
788 5691 840 5743 in
875 5699 982 5743 tam
1004 5685 1265 5754 pertinaci
1292 5693 1535 5738 veterum
1561 5680 1626 5736 de
1651 5677 1850 5748 oppido
1871 5676 2086 5732 silentio

518 5777 661 5831 haud
700 5783 900 5827 temere
934 5770 1178 5822 liuiveru.

1527 312 1916 376 ADDENDA.
1958 332 2013 345 ’-
2070 310 2130 368 i’.
2174 301 2682 367 WESSELiNGiI

3612 292 3750 354 il'll

2228 416 2362 471 ibid.
2410 411 2767 469 Ση-’δίιύνδα.
2830 410 2891 462 Et
2923 410 3025 463 hoc
3059 423 3089 462 e
3125 422 3255 460 mss.
3307 404 3596 459 Crederes
3641 409 3762 457 in»:

2160 502 2327 556 fuisse
2361 501 2595 554 Neonem
2649 498 2962 566 episcopum
3007 493 3215 555 πόλεως
3261 490 3558 544 Σιλιάνδου
3605 491 3766 557 Παει-

2159 585 2354 652 φυλίας
2396 586 2448 638 in
2497 583 2727 637 concilio
2779 580 3109 635 Chalcedon.
3145 592 3200 646 ιι.
3240 575 3371 640 556,
3411 574 3525 629 nisi
3549 574 3770 627 aliunde

2159 669 2394 736 liqueret
2425 665 2574 736 Syllii
2617 665 2686 719 de
2731 678 2838 732 quo
2868 676 3054 730 supra,
3086 661 3373 728 praesulem
3401 658 3607 713 fuisse.
3642 656 3768 709 Viri:

2164 766 2216 820 p.
2244 750 2347 805 672
2373 752 2634 804 Actorum
2663 761 2874 800 eorum.
2901 745 3087 814 Itaque
3137 745 3204 798 de
3233 744 3337 798 bac
3385 751 3444 796 et
3497 754 3765 808 aequent:

2163 831 2374 901 Myodia
2415 832 2547 886 nihil
2605 829 2904 900 profitebor
2959 827 3103 899 aliud
3132 840 3293 893 quam
3329 823 3767 878 obscurissimas

2163 917 2358 970 videri.
2392 916 2572 969 inveni
2603 913 2822 982 quidem
2875 913 2928 965 in
2969 909 3176 964 Notitia
3209 907 3327 962 Jac.
3376 906 3554 961 Goari
3589 907 3770 960 Μυλὸ-

2169 1015 2278 1069 μην
2333 999 2452 1068 ἦτοι
2503 995 2945 1058 Ἰουστινόπολιν,
2990 1008 3089 1063 pro
3131 1007 3235 1061 qua
3289 989 3764 1058 Justinianopotin

2167 1083 2230 1138 Ν.
2259 1082 2616 1136 Alemannum
2645 1080 2700 1132 in
2729 1077 2976 1146 Procopii
3007 1077 3146 1132 Hist.
3188 1076 3315 1128 Arc.
3364 1091 3419 1129 c.
3457 1073 3522 1128 ii
3569 1073 3766 1142 legisse

2165 1173 2380 1218 constat
2410 1181 2424 1216 :
2456 1164 2552 1217 sed
2580 1177 2643 1215 ea
2672 1160 2738 1214 ab
2771 1161 2976 1215 auxilio
3002 1160 3223 1215 ferendo
3268 1167 3488 1213 tantum
3514 1156 3676 1210 abest
3705 1164 3762 1206 ut

2165 1247 2348 1301 omnia
2376 1245 2684 1302 conturbet.

2238 1329 2374 1384 ibid.
2398 1328 2926 1398 Χωριομυλιαδικά.
2960 1327 3194 1396 iungere
3225 1325 3346 1381 haec
3372 1340 3542 1379 manu
3567 1339 3762 1378 exara-

2171 1423 2252 1469 tos
2272 1413 2488 1469 codices
2516 1413 2814 1468 ﬂolsteiuio
2845 1411 3208 1472 accredimus,
3229 1424 3332 1464 nec
3355 1419 3542 1463 tamen
3566 1407 3760 1460 urbem

2169 1513 2234 1552 eo
2268 1497 2484 1551 nomine
2516 1495 2852 1566 Pamphyliae
2876 1496 3064 1560 fuisse,
3100 1510 3217 1564 quae
3261 1493 3516 1562 ejusdem
3550 1494 3607 1546 iu
3633 1491 3757 1545 Ste-

2167 1581 2334 1652 phani
2383 1581 2585 1634 Μιλύαι
2635 1580 2873 1649 suspicio
2935 1589 3081 1636 erat.
3142 1576 3333 1645 Milyas
3365 1591 3396 1629 a
3466 1574 3764 1628 Ptolemaeo

2171 1664 2500 1734 i’atnpbylize
2541 1663 2939 1719 contribuitur:
2967 1664 3094 1716 hinc
3133 1660 3234 1729 τὴν
3281 1658 3536 1713 Μιλυάδα
3568 1659 3762 1726 χώραν

2171 1747 2224 1802 in
2257 1745 2436 1816 Lycia:
2469 1745 2719 1816 Phrygia:
2749 1755 2802 1799 et
2824 1744 3154 1815 Pamphylia:
3174 1742 3367 1797 liuibus
3395 1741 3544 1810 apud
3566 1741 3764 1794 Arria-

2173 1844 2301 1884 num
2328 1827 2529 1898 Emped.
2549 1829 2842 1884 Alexandr.
2863 1845 2902 1893 1,
2937 1828 3008 1882 25
3033 1837 3086 1881 et
3106 1826 3426 1880 Strabonem
3458 1840 3538 1877 nr
3568 1839 3624 1892 p.
3655 1823 3765 1875 570

2173 1915 2532 1983 appellarunt.
2579 1913 2776 1970 Verum
2825 1928 2956 1984 ergo
2991 1912 3158 1967 fuerit
3201 1910 3370 1981 χωρία
3408 1910 3766 1972 Miloniana,

2175 2010 2234 2054 ut
2261 2000 2378 2069 pagi
2405 1999 2521 2066 ejus
2547 1999 2785 2067 regionis
2820 1997 3218 2068 intelligantur.

2245 2085 2378 2138 ibid.
2399 2084 2682 2138 Ὄλϐασα.
2703 2081 2927 2137 iurares
2954 2079 3172 2134 Ὀλϐίαν
3195 2092 3332 2144 esse,
3346 2093 3503 2147 quam
3524 2091 3771 2140 omnes,

2175 2168 2218 2224 si
2253 2168 2590 2236 Stephanum
2621 2165 2925 2235 exceperis,
2958 2165 3210 2220 meritum
3238 2171 3524 2232 propterea
3543 2160 3770 2216 Casau-

2176 2253 2328 2318 boui,
2375 2252 2626 2307 Salmasii
2682 2262 2846 2320 atque
2903 2250 3137 2305 aliorum
3202 2247 3765 2307 animadversionem.

2180 2334 2512 2406 Pamphyliae
2549 2336 2942 2390 transcribunt.
2972 2331 3048 2386 Ne
3079 2333 3208 2402 quid
3259 2342 3439 2386 tamen
3485 2339 3761 2390 mutetur.

2179 2419 2499 2473 Ptolemaeus
2549 2427 2739 2473 auctor
2793 2417 2918 2482 erit,
2953 2415 3191 2480 "Maca,
3248 2415 3386 2476 sive,
3428 2422 3487 2467 ut
3533 2411 3761 2474 Coisiin,

2181 2518 2308 2568 ms.,
2336 2499 2582 2554 Ὀλὸασα
2610 2501 2804 2555 Psidiae
2839 2501 2981 2554 haud
3017 2498 3242 2552 multum
3277 2511 3307 2550 a
3339 2495 3600 2559 Comana,
3649 2509 3764 2561 quo

2179 2585 2246 2639 de
2313 2585 2510 2653 oppido
2564 2597 2710 2647 mox,
2768 2580 3140 2637 contribueris.
3192 2576 3303 2634 Nec
3340 2577 3766 2633 Psidizemcutio

2182 2669 2258 2722 illi
2294 2680 2491 2721 nocere
2524 2666 2705 2728 debet,
2743 2680 2863 2719 cum
2911 2663 3174 2717 tinitiinas
3202 2675 3326 2717 esse
3368 2661 3670 2729 provincias
3702 2670 3761 2712 et

2183 2751 2333 2820 plura
2361 2749 2478 2816 ejus
2505 2748 2705 2819 oppida
2733 2745 3041 2802 Hieroclem
3073 2743 3407 2815 Pamphyliae
3437 2759 3552 2799 sua:
3582 2741 3757 2796 vindi-

2180 2849 2307 2890 care
2330 2833 2736 2902 apertissimum
2765 2833 2861 2886 sit.
3331 2837 3334 2840 ’

2251 2915 2386 2972 ibid.
2415 2916 2768 2984 Λυσήναρα.
2792 2913 3054 2985 Λμσινιαν
3082 2910 3360 2966 Ptolemaei
3381 2924 3500 2965 esse
3533 2923 3637 2963 non
3668 2908 3763 2962 du-

2185 3001 2333 3055 bito:
2365 3015 2488 3054 nam
2513 3009 2571 3053 et
2599 2998 2821 3066 reliquae
2859 2996 3083 3050 Notitia:
3119 2995 3308 3050 urbem
3340 3001 3673 3059 agnoscunt,
3707 3000 3762 3042 et

2186 3084 2497 3140 Theodotus
2529 3081 2805 3138 Λυσινὲων
2840 3081 2894 3134 in
2933 3080 3191 3134 Cbalced.
3252 3077 3483 3132 concilio
3524 3093 3580 3146 p.
3631 3076 3762 3136 £02.

2185 3167 2300 3222 sive
2328 3166 2680 3238 Lysiniensis,
2711 3176 2770 3219 ut
2794 3164 2848 3218 iu
2896 3162 3153 3234 synodica
3191 3162 3259 3215 ad
3295 3159 3531 3216 Leonem
3579 3160 3762 3228 impc-

2187 3260 2418 3306 ratorem
2449 3248 2703 3318 epistola,
2735 3255 3096 3302 memoratur.

2257 3333 2393 3387 ibid.
2424 3333 2686 3402 Κόμωνα.
2719 3328 2836 3384 Non
2877 3329 3039 3384 aliter
3069 3328 3414 3393 Ptolemaus,
3449 3328 3533 3380 cui
3581 3327 3766 3394 Ephe-

2188 3418 2326 3473 stius
2354 3415 2698 3471 Comanenus
2727 3415 2780 3468 in
2811 3414 3070 3484 synodica
3117 3412 3335 3482 epistola
3381 3412 3719 3478 astipulatur
3745 3431 3762 3467 :

2188 3515 2312 3555 nam
2339 3513 2562 3568 operam
2591 3497 2820 3552 Carolus
2857 3512 2886 3550 a
2913 3494 2973 3549 S.
3014 3493 3185 3550 Paulo
3215 3494 3468 3554 abutitur.
3496 3507 3625 3544 cum
3663 3495 3769 3548 Co-

2189 3597 2471 3640 maceuum
2504 3595 2628 3636 eum
2683 3595 2804 3636 esse
2829 3580 3004 3650 jubet.
3052 3579 3170 3633 iiuc
3227 3577 3394 3632 refert
3443 3575 3768 3631 Harduiuus

2189 3681 2411 3723 nutnurn
2499 3664 2942 3721 iEPOKAlCAP.
3021 3663 3431 3729 ΚΟΜΑΝΕΩΝ,
3499 3663 3768 3730 probabiii

2184 3753 2501 3820 conjectura
2530 3766 2544 3804 :
2581 3751 2801 3820 propius
2846 3750 2990 3805 enim
3019 3749 3145 3803 hinc
3177 3749 3578 3804 liieroczesarea
3602 3762 3763 3816 quam

2190 3837 2257 3892 ab
2287 3835 2486 3904 oppido
2520 3833 2747 3890 Pontico
2789 3833 3232 3903 Cappadocicove
3259 3832 3449 3886 distat.

2261 3918 2394 3973 ibid.
2422 3919 2730 3971 Κόλϐασα.
2769 3915 3053 3987 Κόρϐασα,
3104 3913 3563 3985 quemadmodum
3589 3910 3764 3965 Ptole-

2195 4017 2380 4065 maeus,
2430 4003 2573 4054 unde
2603 3999 2908 4055 Corbaseus
2961 4000 3270 4068 episcopus,
3330 4006 3388 4050 ut
3451 3994 3679 4051 Carolus
3734 4007 3763 4045 ι

2193 4086 2250 4140 S.
2285 4085 2452 4139 Paulo
2482 4083 2783 4150 admonuit,
2817 4085 2871 4138 in
2923 4082 3158 4139 concilio
3203 4080 3624 4147 Coustautiuop.
3665 4077 3765 4130 sub

2192 4171 2415 4225 Menna.

2262 4255 2397 4310 ibid.
2431 4252 2684 4322 Κρέμνα.
2722 4253 2980 4322 Κρῆμνα,
3004 4267 3164 4321 quam
3195 4248 3464 4304 coloniam
3494 4245 3767 4299 Romanos

2195 4339 2484 4393 deduxisse
2515 4337 2711 4391 Strabo
2737 4348 2790 4390 et
2825 4337 3150 4391 Ptolemaeus
3179 4341 3472 4389 testantur.
3507 4330 3623 4384 Sita
3647 4340 3765 4385 erat

2197 4425 2248 4478 in
2281 4424 2402 4477 loco
2432 4424 2872 4492 praeruptoiqute
2910 4422 3143 4477 fortasse
3185 4419 3423 4475 nominis
3457 4431 3648 4479 causa,
3676 4432 3768 4469 uu-

2194 4507 2354 4574 dique
2385 4506 2543 4560 fossis
2574 4506 3002 4575 depressissimis
3024 4507 3232 4560 munita
3256 4504 3394 4574 apud
3415 4502 3698 4556 Zosimum
3731 4515 3766 4563 ι.

2195 4589 2289 4654 (i9,
2319 4590 2407 4643 ubi
2443 4599 2622 4643 tamen
2656 4590 2799 4644 male
2819 4589 2997 4660 Lyciae
3019 4589 3304 4643 tribuitur.

2270 4674 2402 4728 ibid.
2455 4673 2731 4742 Παμένου
2797 4673 3012 4739 τεῖχος.
3086 4671 3462 4740 ’Δνεμοτείχος
3509 4667 3770 4722 mendose

2195 4758 2551 4813 Constantino
2597 4756 2714 4825 iui
2776 4757 2970 4812 Tbetn.
3031 4757 3122 4820 i4,
3169 4765 3230 4810 ut
3275 4751 3773 4822 Πανεμοτιιχειτὼν

2198 4842 2345 4896 nurui
2379 4849 2702 4896 menstrant.
2728 4841 2919 4909 Τεῖχος
2945 4851 3124 4894 autem
3163 4841 3214 4893 in
3248 4838 3351 4892 hac
3378 4837 3775 4903 compositione

2199 4939 2376 4980 arcem
2411 4933 2591 4991 notat;
2633 4939 2797 4994 quam
2837 4940 2950 4977 rem
2981 4939 3101 4978 cum
3138 4922 3383 4992 pluribus
3412 4919 3686 4986 exemplis
3713 4917 3770 4972 ιι.

2199 5008 2530 5064 iiolsteinius
2587 5008 2654 5063 ad
2695 5009 3032 5078 Stephanum
3095 5007 3339 5080 sjabilire
3401 5005 3773 5065 constituerit,

2197 5107 2370 5161 eaque
2391 5091 2570 5145 absint
2602 5090 2670 5145 ab
2699 5091 2818 5162 ejus
2858 5095 3022 5159 notis,
3053 5106 3119 5146 en
3160 5090 3256 5145 tibi
3304 5103 3368 5144 ea
3416 5103 3484 5142 ex
3537 5088 3774 5148 schedis,

2199 5189 2424 5242 quantm
2471 5173 2599 5227 mihi
2655 5177 2867 5243 copiam
2909 5175 3040 5230 fecit
3089 5175 3174 5228 vir
3213 5171 3554 5228 clarissimus
3596 5168 3642 5225 l.
3685 5171 3774 5224 Ph.

2203 5256 2490 5313 D‘Orville.
2533 5257 2725 5327 Τεῖχος
2754 5257 2938 5312 nrultis
2963 5260 3016 5313 in
3058 5258 3186 5311 locis
3207 5267 3433 5310 veterum
3475 5269 3584 5309 non
3617 5257 3777 5309 solm

2199 5357 2407 5395 murum
2441 5342 2529 5395 sed
2577 5351 2626 5396 et
2687 5342 2961 5396 castellum
3006 5341 3308 5396 vertendum
3364 5349 3484 5394 est:
3519 5339 3776 5410 signiﬁcat

2197 5426 2332 5480 enim
2360 5427 2532 5478 locum
2566 5427 2844 5479 munitum.
2874 5425 2965 5479 Ita
2990 5427 3149 5496 ferme
3164 5439 3367 5490 semper
3411 5425 3561 5492 apud
3597 5421 3777 5490 δίεισι

2197 5526 2305 5564 cem
2334 5521 2378 5562 et
2417 5508 2754 5563 Herodotum.
2787 5509 2898 5565 Sic.
2928 5513 2962 5566 Ι.
2989 5526 3088 5578 r,c.
3111 5512 3179 5566 83
3211 5509 3415 5565 Sardes
3436 5519 3593 5562 vocat
3613 5510 3778 5575 τεῖχος

2198 5594 2303 5648 τῶν
2325 5594 2534 5658 Λυδῶν,
2566 5595 2654 5648 ubi
2683 5596 2852 5664 inepte
2881 5597 3134 5665 interpres
3166 5610 3378 5649 murum
3413 5592 3704 5665 Lydorum.
3736 5599 3778 5639 (ι

2201 5678 2237 5731 Ι.
2277 5693 2348 5732 vn
2379 5692 2426 5730 c.
2454 5677 2542 5738 59.
2567 5693 2719 5746 quem
2751 5677 2918 5732 luerim
2939 5680 3117 5732 notari
3142 5679 3210 5732 ad
3237 5677 3591 5748 Stephanum.
3616 5671 3782 5730 Justi-

2205 5777 2302 5816 nus
2364 5759 2581 5817 Coliort.
2636 5761 2704 5816 ad
2751 5760 2962 5817 (ἔνατος
3003 5776 3020 5813 .·
3073 5765 3164 5816 ἐπὶ
3203 5765 3432 5824 τούτους
3481 5760 3591 5828 γὰρ
3628 5755 3779 5828 (τοὺς
