3980 6210
379 333 514 399 1133

369 449 716 525 φιλοσόφους)
752 449 942 519 ὥσπερ
997 447 1090 502 ἐπὶ
1141 449 1318 517 τεῖχος
1354 444 1550 516 ὀχυρὸν
1583 440 1950 510 καταφεύγειν

368 535 644 588 εἰώθασιν.
693 532 755 584 Et
799 531 952 586 Orat.
989 533 1055 583 ad
1090 528 1300 584 (ἔνατος
1355 526 1603 580 Hercules
1650 526 1786 578 inter
1815 525 1950 577 alios

371 621 575 672 laberes
610 617 793 683 Augite
825 615 1020 685 ὀχυρὸν
1047 616 1226 682 τεῖχος
1257 629 1286 663 a
1311 611 1556 663 sordibus
1584 623 1840 678 purgasse
1869 607 1954 658 tli-

368 705 541 755 citur:
567 698 835 764 utrobique
853 693 1550 751 validumnturumreddunt
1587 706 1838 758 perverse.
1878 689 1954 742 lla

369 784 487 835 νέον
504 784 700 849 τεῖχος,
721 780 962 832 Ἀϐώνου
977 783 1171 850 τεῖχος,
1204 778 1422 848 Ἡραῖον
1447 776 1624 842 τεῖχος
1658 781 1710 827 ct
1729 771 1956 825 παλαιὸν

367 869 544 934 τεῖχος
583 866 636 916 in
668 863 849 931 Steph.
880 864 1075 929 Γάγαι.
1116 863 1287 929 Atque
1326 861 1400 912 ita
1441 859 1616 924 accipe
1654 858 1708 909 in
1741 855 1955 908 oraculo

367 948 627 1017 Apollinis
661 947 1060 999 Atheniensibus
1096 944 1221 996 dato
1255 942 1466 1007 ξύλινον
1501 944 1700 1010 τεῖχος,
1751 949 1800 993 et
1839 939 1956 992 ride

368 1033 537 1100 ipsum
569 1029 898 1095 Stephanum
930 1029 985 1080 in
1034 1028 1236 1095 τεῖχος,
1283 1027 1368 1078 ιιίυὶ
1407 1024 1667 1094 φρούριον
1715 1023 1953 1086 exponit.

376 1113 522 1167 Idem
544 1112 789 1164 Justinus
812 1111 1021 1180 dialogo
1035 1127 1156 1163 cum
1181 1109 1452 1178 Tryphoni:
1477 1106 1754 1158 Platonem
1775 1104 1956 1157 scribit

371 1207 418 1250 et
445 1193 800 1265 Pythagoram
827 1211 938 1247 esse
985 1195 1176 1262 ὥσπερ
1223 1194 1402 1259 τεῖχος
1450 1191 1544 1242 καὶ
1585 1189 1815 1257 ἔρεισμα
1856 1190 1956 1256 τῆς

373 1279 691 1347 φιλοσοφίας
721 1293 734 1307 ⁶
773 1275 920 1328 Velut
963 1291 1170 1328 murum
1201 1284 1247 1326 et
1285 1276 1524 1326 Columen
1559 1272 1636 1323 ait
1681 1273 1950 1338 interpres,

371 1378 464 1429 ego
487 1363 659 1430 potius
686 1376 860 1412 arcent
891 1368 938 1411 et
971 1359 1349 1410 munimentum
1384 1369 1404 1407 :
1439 1371 1561 1406 nam
1605 1364 1654 1406 et
1698 1352 1953 1406 Homerus

377 1443 538 1496 Iliad.
565 1443 608 1494 Α
638 1441 740 1495 407
775 1444 952 1511 τεῖχος
1003 1441 1222 1510 Ἀρειον
1246 1447 1400 1492 vocnt
1440 1437 1664 1500 Thebas,
1694 1435 1847 1505 quasi
1870 1435 1942 1486 lo-

378 1541 494 1576 cum
523 1524 585 1576 ab
611 1526 720 1593 ipso
749 1523 922 1578 Marte
946 1524 1228 1587 munitum,
1267 1521 1450 1574 Martis
1477 1517 1953 1589 propugnaculum.

381 1607 504 1662 ΙΙ.εο
535 1610 615 1663 vir
645 1609 1028 1674 doctissimus;
1057 1623 1177 1677 quae
1207 1607 1311 1660 etsi
1336 1605 1621 1660 verissime
1668 1604 1952 1656 observata

378 1695 506 1757 sint,
539 1710 641 1746 non
667 1693 814 1746 ivero
842 1702 1020 1746 tamen
1053 1693 1277 1753 iutilius,
1312 1703 1526 1743 murum
1553 1687 1695 1755 apud
1733 1685 1954 1739 Latinos

369 1780 626 1832 eamdem
655 1775 798 1831 haud
831 1791 953 1830 raro
992 1775 1440 1845 signiﬁcationem
1473 1771 1767 1842 possidere.
1823 1769 1952 1823 Vide

377 1863 586 1915 Anton.
624 1860 816 1913 ltiner.
854 1874 908 1930 p.
938 1858 1043 1913 644
1075 1867 1130 1914 et
1180 1856 1456 1910 Wassium
1485 1855 1550 1910 ad
1581 1853 1802 1908 Sallust.
1850 1851 1952 1906 Ca-

382 1945 519 1998 tilin.
553 1960 600 1998 c.
626 1945 714 1998 61.

391 2022 929 2096 Εοὶ148.⁹Αριασός.
963 2025 1191 2083 Gemina
1241 2024 1494 2078 sibilaate
1534 2021 1862 2076 Ptolemaeus
1902 2026 1954 2074 et

382 2124 486 2162 ms.
520 2108 696 2174 Leid.,
729 2109 825 2165 nec
847 2111 1196 2165 discordante
1213 2106 1514 2175 Theolihilo
1534 2105 1632 2176 τῆς
1659 2099 1952 2175 Ἀριασσοῦ

383 2193 435 2245 in
454 2192 705 2248 Chalced.
739 2209 790 2263 p.
819 2192 945 2258 672,
987 2193 1197 2247 tametsi
1222 2205 1505 2261 perperam
1539 2188 1715 2259 p.556
1750 2188 1954 2249 πόλεως

375 2273 674 2346 Ἄρκισσοῦ
727 2277 1073 2348 Παμφυλίας.

454 2361 588 2416 Ibid.
617 2361 1193 2432 Μαειμιανούπολις.
1226 2361 1322 2416 Est
1355 2359 1408 2412 in
1440 2357 1660 2412 Notitiis
1685 2365 1738 2411 ct
1765 2355 1952 2410 conci-

375 2443 575 2496 liorum
611 2445 776 2506 Actis,
805 2445 898 2498 sed
919 2447 1076 2510 situs,
1131 2455 1188 2496 ιιι
1231 2445 1502 2514 pleneque
1533 2439 1692 2508 hujus
1739 2440 1958 2508 provin-

379 2526 496 2592 cias,
533 2525 906 2581 incertissimi.
943 2528 1163 2597 κτῆμα,
1201 2528 1344 2596 quod
1379 2527 1644 2594 sequitur,
1679 2523 1954 2593 publicum

375 2609 534 2660 urbis
557 2623 740 2677 agrum
766 2610 880 2663 sive
899 2611 1098 2676 pranlia
1121 2610 1326 2662 indicat
1349 2625 1363 2672 ;
1384 2622 1491 2677 quo
1513 2607 1672 2661 modo
1701 2605 1958 2675 βασιλικὰ

381 2692 640 2760 κτήματα
681 2691 735 2744 in
767 2691 1060 2745 llerodiani
1091 2691 1126 2744 Ι.
1163 2707 1202 2754 ι,
1229 2705 1280 2744 c.
1328 2690 1415 2756 Η,
1463 2698 1586 2745 sunt
1633 2690 1772 2743 villa:
1804 2689 1958 2759 prin-

383 2777 537 2845 cipis,
561 2786 614 2830 et
638 2775 672 2828 l.
697 2791 755 2839 ll,
775 2776 872 2845 c.26
892 2774 963 2828 τὰ
989 2777 1316 2846 πορρώτατα
1332 2775 1431 2844 τῆς
1458 2774 1665 2838 πόλεως
1680 2775 1957 2844 κτήματα,

379 2859 586 2928 prtmlia
615 2859 682 2912 ab
712 2860 845 2913 urbe
881 2859 1197 2912 remotiora.

447 2953 589 3008 lbid.
630 2953 1147 3023 Ῥεγησαλάμαρα.
1191 2953 1368 3008 Credo
1414 2953 1534 3023 pagi
1583 2961 1675 3006 aut
1719 2951 1957 3021 oppiduli

384 3051 504 3090 esse
537 3052 729 3091 nomen
766 3056 780 3092 :
815 3039 953 3092 solet
979 3040 1122 3092 enim
1164 3035 1439 3092 llieroelcs
1476 3038 1540 3090 τὰ
1574 3036 1722 3106 ρεγὲ,
1770 3051 1834 3090 ex
1869 3037 1959 3105 ρε-

383 3118 527 3187 γεὼν
555 3122 818 3184 accisam,
851 3121 955 3174 illis
981 3135 1296 3191 praeponere
1320 3137 1334 3186 ;
1367 3137 1472 3190 qna
1504 3123 1567 3174 de
1592 3136 1650 3176 re
1676 3119 1815 3174 infra
1837 3134 1958 3174 cum

387 3205 437 3255 in
469 3202 774 3273 Bithyniam
824 3204 1224 3259 devenerimus.
1272 3203 1451 3275 Pagus
1497 3205 1632 3275 ipse,
1663 3204 1866 3275 pariter
1896 3218 1961 3257 ac

379 3285 752 3352 Limobrama,
785 3288 916 3343 mihi
950 3305 1212 3359 nusquam
1248 3291 1507 3345 occurrit.

455 3385 589 3442 lbid.
642 3386 978 3457 Κόϐρουλα.
1035 3387 1200 3443 Forte
1255 3388 1538 3458 Κόρδουλα
1592 3388 1955 3460 praestiterit:

385 3479 532 3523 certe
558 3469 740 3525 Maras
764 3472 912 3526 urbis
948 3470 1238 3541 episcopus
1292 3473 1343 3526 in
1403 3473 1570 3528 veteri
1620 3471 1811 3527 Latina
1840 3487 1959 3526 ver-

383 3557 535 3608 sione
567 3554 779 3608 concilii
811 3554 1142 3610 Chalcedon.
1174 3571 1226 3624 p.
1265 3555 1367 3610 l00
1396 3555 1746 3626 Cordylorum
1779 3566 1832 3610 et
1854 3571 1955 3610 ms.

387 3635 696 3705 Κορδύλων.
746 3639 844 3689 etsi
897 3638 1056 3707 vulgo
1088 3654 1230 3691 nunc
1265 3639 1570 3709 Κοδρύλων,
1626 3649 1680 3694 et
1726 3640 1959 3708 pessime

389 3734 440 3784 ιι.
475 3718 577 3770 557
605 3718 972 3784 Κοδραλαὶων,
998 3728 1159 3787 atque
1188 3721 1241 3772 in
1285 3724 1510 3790 cpistola
1544 3720 1954 3790 provincialium

387 3800 645 3869 synodica
712 3800 900 3863 Codri,
945 3801 1260 3868 appellatur.
1331 3801 1557 3856 Accedit
1624 3801 1955 3870 Stephanus,

388 3882 680 3953 Κόδρυλος,
725 3883 878 3946 πόλις
924 3884 1273 3954 Παμφυλίας.
1306 3883 1730 3951 Πιιυιιθιιιιίἀθιιι
1771 3885 1959 3953 ignoro

387 3968 517 4034 quid
554 3967 680 4020 Abr.
718 3966 995 4022 Berkelius
1025 3983 1087 4023 ex
1122 3981 1186 4022 eo
1219 3965 1382 4020 fuerit
1413 3966 1826 4034 architectatus,
1851 3982 1958 4036 quo

382 4052 573 4119 utique
603 4051 720 4105 sine
742 4050 1085 4106 incommodo
1112 4065 1254 4104 nunc.
1295 4050 1455 4104 facile
1485 4051 1813 4106 carebimus.

455 4147 591 4202 lbid.
628 4149 958 4217 Δημουσία.
991 4149 1266 4204 Sanumne
1293 4149 1398 4204 hoc
1424 4149 1580 4203 sitan
1615 4148 1954 4212 mendosum,

385 4244 614 4297 quemve
640 4231 819 4284 locum
853 4247 974 4286 cum
1013 4233 1333 4302 insequente
1364 4231 1650 4298 insederit,
1675 4241 1731 4284 ut
1764 4232 1958 4286 docea-

387 4322 498 4374 tur,
537 4315 749 4368 aliunde
779 4325 1178 4384 exspectamus.

461 4409 592 4463 Ibid.
618 4415 1138 4481 Παστοληρισσός.
1164 4413 1222 4468 Si
1253 4429 1384 4470 mss.
1411 4415 1744 4478 addicerent,
1764 4413 1958 4485 Πεδνη·

390 4489 572 4544 item
605 4492 880 4549 Ptolcmai
908 4507 961 4550 et
989 4496 1347 4551 conciliorum
1376 4496 1710 4566 praeferrem.

460 4590 830 4660 lbid.}.‘éslrm.
851 4592 1022 4664 Σέλγη
1044 4594 1182 4647 haud
1216 4594 1374 4649 dubie
1403 4597 1668 4664 est,quod
1699 4596 1754 4648 in
1783 4596 1958 4649 anim-

387 4677 672 4728 adversum
729 4691 758 4728 a
792 4676 888 4731 Ch.
941 4677 1174 4732 Cellario
1210 4677 1274 4731 ϐ.
1309 4679 1372 4732 Α.
1406 4693 1491 4743 ιιι,
1533 4681 1644 4747 41).
1679 4680 1779 4732 198
1815 4681 1959 4732 vidc-

391 4759 494 4813 bis.
525 4758 689 4813 Monti
717 4770 836 4812 erat
870 4760 1143 4829 imposita.
1194 4760 1424 4830 Πολίχνη
1459 4762 1504 4813 δ’
1537 4762 1674 4832 αὕτη
1725 4764 1958 4832 Παμφυ-

388 4843 505 4906 λίας
532 4843 700 4907 ἐστὶν,
736 4843 829 4896 ἐπὶ
852 4842 1016 4912 λόφου
1045 4844 1271 4914 κειμένη
1307 4845 1509 4900 Zosim.
1543 4860 1594 4910 v,
1626 4846 1710 4900 15.
1805 4911 1816 4918 ⁹

462 4945 592 4996 lbid.
651 4945 1058 5012 Τριμούπολις.
1117 4946 1254 4999 Vero
1310 4947 1526 4999 nomine
1585 4948 1958 5017 Ποριμςύπολις

387 5037 525 5080 erat.
554 5027 690 5083 llinc
716 5029 1031 5083 Timotheus
1057 5031 1264 5100 Hptpcu
1279 5030 1474 5092 πόλεως
1502 5031 1600 5099 τῆς
1631 5033 1959 5101 Παμφυλίας

391 5111 442 5164 in
480 5112 809 5168 Chalcedon.
850 5131 900 5182 p.
941 5114 1040 5165 127
1075 5124 1127 5168 et
1160 5129 1210 5180 p.
1245 5112 1348 5166 240
1381 5114 1518 5167 male
1547 5116 1957 5185 Πριαμούπολις

389 5195 441 5246 in
485 5194 756 5262 Ephesino
787 5212 838 5264 p.
877 5196 1002 5250 5'28.
1041 5196 1092 5248 Id
1128 5197 1408 5249 enimvero
1441 5197 1633 5268 negligi
1664 5214 1768 5252 non
1794 5215 1954 5269 opor-

390 5279 890 5345 tet,Triboniannm
924 5278 1298 5346 Primupoleos
1329 5281 1740 5349 prtesulem,qui
1779 5282 1956 5352 Ephe-

386 5363 506 5414 sino
533 5361 761 5416 concilio
784 5361 1067 5416 scribendo
1085 5361 1256 5416 adfuit
1281 5380 1332 5432 p.
1364 5364 1487 5430 458,
1510 5364 1804 5418 Ἀσπένδου
1859 5367 1956 5438 τῆς

386 5443 716 5511 Παμφυλίας
759 5445 886 5504 dici,
941 5460 1036 5498 nec
1074 5460 1301 5513 usquam
1334 5447 1704 5515 Primupoleos
1754 5450 1957 5517 episco-

388 5543 512 5593 pum
542 5529 606 5579 ab
631 5542 694 5581 eo
726 5527 1014 5596 distingui;
1046 5539 1307 5593 prmterca
1343 5529 1394 5583 in
1429 5530 1706 5584 veteribus
1737 5530 1955 5588 Notitiis

387 5613 622 5676 Αειιριιιιὶ
659 5612 938 5679 praesulem
971 5627 1108 5679 swpe
1150 5615 1460 5678 memorari,
1489 5624 1546 5668 et
1592 5615 1954 5682 primupoleos

385 5695 588 5748 nullam
625 5711 744 5750 esse
797 5698 1144 5752 mentionem.
1172 5698 1301 5764 Qum
1338 5702 1466 5753 mihi
1520 5715 1604 5754 res
1634 5713 1953 5768 argumento

386 5787 468 5834 cst
501 5779 809 5850 Aspendum
854 5783 990 5837 nihil
1030 5797 1257 5852 prorsus
1311 5800 1338 5836 a
1392 5784 1688 5854 Primnpoli
1749 5785 1947 5842 discre-

1247 330 1635 392 COMMENT.
1681 329 1760 388 IN
1800 325 2214 387 HIEROCLIS
2256 324 2800 387 SYNECDEMUM.

2064 455 2246 510 passe,
2314 450 2480 511 atque
2529 441 2664 498 adeo
2726 453 3004 510 perperam
3066 438 3119 492 in
3185 437 3513 509 Geographie
3561 441 3622 496 S.
3713 507 3724 516 .

3484 319 3622 384 Πειὶ

2059 524 2338 592 distingui.

2129 607 2261 660 lbid.
2297 605 2468 662 Σώδι.
2515 606 2658 674 Lege
2681 605 2830 677 Σίδη,
2873 621 2994 675 ante
3021 605 3277 674 deinceps
3307 606 3628 676 metropolis

2057 688 2370 758 Pamphilize
2402 690 2590 758 prima:
2646 690 2766 744 fuit.
2825 688 3067 744 Primum
3121 704 3182 745 ea
3248 689 3514 760 dignitate
3570 691 3626 745 in

2055 772 2299 827 Concilio
2350 773 2766 840 Constantinop.
2821 775 3058 829 secundo
3097 789 3150 843 p.
3197 773 3305 830 240
3359 773 3629 828 illustrata

2059 855 2412 924 conspicitur,
2453 859 2554 912 etsi
2583 857 2638 910 iit
2664 856 3093 912 Chalcedonensi
3119 873 3172 926 p.
3211 857 3317 912 457
3348 857 3635 926 Amphilo-

2057 936 2211 990 cltius
2237 938 2356 1006 ejus
2379 939 2668 1007 episc0pus
2699 939 2842 995 inter
2879 940 3352 1008 metropolitanos,
3379 955 3517 1011 quos
3541 941 3634 994 vo-

2058 1029 2204 1082 cant,
2229 1034 2422 1074 nomen
2450 1021 2788 1089 ascripserit.
2841 1022 3074 1077 Numum
3136 1023 3378 1092 Σιδητῶν
3435 1023 3632 1095 πρῶτα

2058 1107 2375 1177 Παμφύλων
2402 1118 2456 1164 et
2479 1109 2709 1164 alterum
2739 1110 2980 1179 Σιδητῶν
3002 1111 3397 1181 λαμπροτάτης
3420 1111 3634 1178 ἐνδόξου

2056 1192 2318 1259 explicuit
2353 1190 2722 1261 Spanhemius
2757 1195 2977 1247 dissert.
3013 1193 3045 1246 6
3078 1194 3147 1248 de
3192 1191 3258 1248 V.
3288 1203 3342 1249 et
3377 1193 3438 1248 P.
3470 1193 3631 1251 Num.
3706 1189 3710 1196 ’

2059 1288 2111 1341 p.
2147 1274 2270 1328 591.

2128 1356 2246 1410 Col.
2279 1358 2400 1412 HS.
2435 1357 2644 1426 Σέρνα.
2669 1357 2956 1414 Assentior
2979 1355 3277 1413 llolsteinio
3298 1358 3635 1416 Sennensem

2061 1437 2112 1490 in
2138 1440 2368 1494 concilio
2388 1442 2660 1508 Ephesiuo
2682 1443 2990 1510 episcopum
3016 1434 3279 1509 huicurbi
3303 1444 3630 1513 imponenli:

2062 1523 2274 1576 tametsi
2336 1523 2478 1578 enim
2514 1523 2804 1578 Nectarius
2849 1524 3063 1576 Συνέων
3113 1540 3166 1592 p.
3203 1526 3309 1581 459
3342 1527 3631 1593 scribatur,

2059 1601 2186 1656 alibi
2225 1603 2325 1673 τῆς
2376 1607 2434 1658 ὲν
2472 1607 2640 1678 Σενέᾳ
2689 1606 2988 1676 καθολικῆς
3017 1605 3344 1677 Ἐκκλησίας
3379 1608 3634 1664 nomina-

2059 1693 2166 1738 tur.
2207 1687 2338 1743 Vide
2377 1705 2428 1758 p.
2473 1690 2597 1745 529.

2129 1772 2355 1838 Λύϐρη.
2386 1774 2477 1828 Sic
2516 1783 2571 1827 et
2618 1773 2904 1843 Dionysius
2956 1773 3219 1844 Perieges.
3270 1772 3373 1829 859
3414 1775 3465 1829 in
3513 1777 3628 1831 edi-

2060 1852 2205 1906 tione
2259 1855 2402 1908 Guil.
2456 1855 2604 1922 llilli,
2655 1858 2798 1926 quod
2853 1859 3095 1926 sphalma
3154 1860 3470 1929 typographi
3523 1859 3627 1916 Ch.

2056 1935 2318 1991 (lt-[larius
2351 1938 2416 1993 G.
2449 1942 2512 1995 A.
2545 1956 2623 2003 tu,
2655 1943 2688 1993 4
2725 1956 2776 2009 p.
2810 1941 2912 1995 199
2949 1951 3184 2009 putaret,
3216 1941 3320 1995 nisi
3353 1943 3408 1995 .in
3439 1941 3632 1997 lliero-

2053 2019 2153 2074 clis
2182 2022 2372 2076 notitia
2405 2022 2735 2095 Pamphylia:
2764 2024 2928 2078 etiam
2971 2023 3160 2094 Λύϐρη
3189 2024 3448 2093 scriptum
3479 2025 3632 2080 inve-

2059 2107 2288 2160 niretur.
2315 2108 2427 2176 Ego
2457 2121 2648 2163 contra
2669 2111 2868 2166 sentio.
2889 2107 3128 2176 Dionysii
3152 2109 3421 2176 plerasque
3443 2125 3632 2164 omnes

2056 2189 2320 2244 editiones
2348 2191 2592 2262 Λύρδην,
2625 2193 2789 2245 etiam
2827 2191 3199 2246 Ferrariensis
3231 2207 3282 2244 a.
3323 2191 3476 2256 1512,
3521 2208 3632 2263 prae

2057 2285 2115 2324 se
2138 2269 2320 2326 ferunt
2352 2288 2368 2328 :
2400 2283 2643 2328 nostrum
2675 2290 2802 2329 vero
2842 2290 2869 2326 a
2896 2274 3118 2328 librario
3143 2287 3337 2342 parum
3369 2275 3633 2345 diligente

2057 2365 2140 2409 est
2175 2372 2188 2408 :
2220 2371 2343 2411 nam
2369 2359 2550 2411 ρατιοιὶ
2587 2358 2878 2427 scriptores
2910 2357 3264 2413 consentiunt
3314 2358 3632 2428 Λυρὸειτῶν

2060 2454 2258 2493 IIIIIIIIS.

2132 2521 2528 2577 lbid.Kd0'0'a.
2575 2522 2690 2578 Non
2737 2523 2839 2578 alia
2893 2533 2977 2580 est
3007 2541 3069 2582 ac
3117 2527 3392 2584 Ptolemaei
3424 2527 3631 2595 Κάσαι,

2061 2620 2159 2673 pro
2190 2620 2297 2675 quo
2331 2606 2515 2661 Cassa:
2533 2618 2685 2661 vetus
2711 2607 2829 2675 ejus
2863 2609 3150 2678 interpres.
3197 2681 3199 2684 μ

2131 2689 2272 2747 Ibid.
2304 2691 2557 2745 Κότανα.
2586 2690 2643 2744 Si
2678 2691 2806 2744 Acta
2828 2691 3085 2761 Ephesiui
3115 2695 3331 2751 concili-i
3367 2696 3508 2750 haud
3532 2693 3635 2748 ial-

2061 2773 2197 2839 Iunt,
2231 2775 2441 2828 Κότενα
2492 2775 2843 2845 praestiterint
2871 2790 2890 2828 :
2933 2779 3228 2832 subscribit
3260 2780 3404 2832 enim
3431 2793 3485 2848 p.
3529 2765 3634 2832 5°59

2059 2857 2286 2913 Acasius
2315 2860 2561 2911 Κοτένων
2597 2859 2696 2928 τῆς
2727 2859 3074 2927 Παμφυλίας,
3108 2872 3161 2916 et
3192 2877 3239 2930 p.
3279 2862 3404 2926 529,
3437 2876 3633 2933 quatu-

2059 2940 2145 2994 vis
2182 2955 2286 2995 non
2323 2943 2441 2996 sine
2486 2942 2591 2996 levi
2640 2947 2854 3010 utendo,
2885 2945 2983 3014 τῆς
3010 2947 3068 2998 ἐν
3107 2947 3374 3009 Κοπένοις
3421 2946 3628 3013 ἐκκλη-

2063 3039 2208 3084 σιας.

2132 3107 2266 3192 lbid.
2296 3109 2581 3192 Ὄρυιενα.
2607 3109 2716 3164 lloc
2739 3125 2865 3164 mss.
2900 3112 3221 3180 approbant.
3255 3112 3390 3169 lluic
3419 3115 3636 3184 episco-

2063 3205 2163 3275 pus
2193 3191 2294 3275 iuit
2320 3191 2894 3275 PaulusOrymnorum
2919 3193 3180 3275 Ephesio.
3205 3198 3400 3252 concil.
3433 3214 3484 3267 p.
3506 3200 3632 3259 67st.

2059 3274 2151 3342 qui
2178 3274 2372 3330 vitiose
2404 3277 2503 3347 τῆς
2537 3279 2594 3329 ὲν
2631 3273 2906 3348 Ηρὺμνοις
2933 3273 3229 3350 ὲῖικλησίας
3257 3295 3312 3350 p.
3341 3280 3468 3335 555.
3499 3280 3636 3337 Vide

2061 3355 2262 3412 Nicen.
2311 3373 2423 3413 sec.
2451 3374 2503 3428 p.
2541 3359 2671 3414 598.

2132 3439 2265 3495 lbid.
2295 3443 2696 3510 Κορακήσιον.
2733 3442 2905 3498 Situm
2941 3453 3060 3499 erat
3091 3445 3143 3499 in
3172 3459 3303 3500 saxo
3338 3456 3632 3517 praerupto,

2059 3521 2186 3576 olim
2211 3522 2412 3579 Cilicizn
2442 3540 2648 3595 asperae
2694 3526 2904 3579 initium
2937 3527 3077 3596 apud
3108 3527 3429 3584 Strabonem
3482 3532 3548 3586 14
3581 3549 3632 3602 p.

2059 3606 2182 3660 668.
2236 3608 2564 3662 Matidianus
2617 3610 2966 3679 Κορακισίων
2997 3620 3078 3664 est
3132 3611 3187 3665 in
3252 3611 3524 3676 Ephesitto
3578 3631 3630 3682 p.

2059 3689 2184 3753 458,
2216 3693 2436 3757 quicum
2490 3707 2638 3759 ptrue
2685 3696 2962 3762 conspirat
3013 3696 3376 3765 Κορακησῐων
3437 3715 3636 3752 numus

2062 3771 2216 3824 Thes.
2249 3772 2460 3826 Britan.
2499 3785 2628 3829 toni.
2659 3791 2713 3837 ll,
2747 3790 2800 3843 p.
2835 3775 2964 3829 282.

2131 3853 2266 3907 lbid.
2301 3856 2546 3923 Σύεὸρα.
2579 3857 2858 3911 Desertum
2892 3856 3096 3911 Cilicitr
3117 3860 3396 3926 scopulum
3440 3859 3634 3917 Florus

2061 3950 2089 3990 a
2121 3935 2386 3992 Salmasio
2415 3940 2824 4005 emendatusw,
2862 3940 2917 4007 2,
2945 3940 3195 3996 Lucanus
3227 3959 3394 4011 parva
3423 3945 3633 4002 Suedra

2061 4021 2334 4084 νιιι,25ξ),
2381 4023 2448 4074 ah
2482 4023 2671 4077 eodem
2718 4024 2939 4077 sanitati
2999 4025 3303 4092 restitutus,
3360 4031 3630 4098 appellat:

2060 4104 2187 4157 olim
2221 4103 2479 4174 Synedris
2528 4105 2826 4173 legebatur,
2877 4121 3105 4176 prorsus
3141 4118 3198 4161 ιιι
3233 4109 3461 4165 Coislin.
3497 4129 3627 4172 mss.

2061 4202 2124 4240 ex
2162 4187 2365 4258 Sttedt'a
2417 4186 2690 4242 Ptolemzni
2742 4189 3010 4250 Συνέδραν
3057 4205 3113 4252 v,
3145 4190 3176 4244 8
3227 4191 3370 4246 fecit.
3408 4195 3540 4251 Vide
3577 4199 3632 4253 in

2063 4270 2234 4324 Solin.
2269 4287 2324 4339 p.
2353 4271 2479 4335 542,
2512 4282 2565 4326 et
2600 4270 2818 4327 Kuster.
2853 4274 2918 4328 ad
2945 4273 3126 4327 Suidae
3162 4275 3432 4341 Αἰλιανός.

2128 4353 2262 4407 lbid.
2298 4357 2584 4422 Καραλία.
2621 4356 2894 4426 Κάραλλις
2923 4356 2956 4426 ἢ
2985 4356 3294 4426 Καράλλεια
3335 4361 3629 4430 Stephano.

2059 4439 2284 4494 Concilii
2345 4441 2597 4511 Epltesini
2651 4440 2792 4495 Actis
2834 4441 3006 4495 adfuit
3061 4441 3225 4497 Solon
3290 4446 3628 4516 Καραλλίας,

2060 4523 2267 4590 ι).458,
2323 4534 2377 4578 et
2428 4524 2755 4579 Chalcedon.
2803 4542 2855 4596 p.
2913 4526 3020 4580 672
3063 4527 3370 4583 Marcianus
3422 4531 3632 4593 πόλεως

2060 4608 2376 4678 Καραλλίας
2409 4610 2606 4664 rectius
2629 4609 3042 4680 Constantinop.
3107 4612 3266 4666 tertio
3291 4613 3389 4684 τῆς
3409 4615 3632 4685 Καραλο

2059 4690 2194 4743 λέων
2235 4693 2439 4756 πόλεως
2473 4693 2567 4761 τῆς
2595 4694 2930 4763 Παμφυλίων
2957 4695 3246 4766 ἐπαρχίας,
3282 4712 3333 4766 p.
3367 4697 3634 4753 503.Vide

2063 4772 2235 4827 llolst.
2276 4775 2325 4826 in
2356 4775 2714 4844 Stephanum,
2766 4788 2820 4831 et
2867 4779 3064 4846 gentile
3121 4780 3224 4834 hoc
3276 4795 3303 4833 a
3354 4781 3634 4849 Κάραλλις

2060 4857 2360 4911 derivatum
2417 4868 2576 4926 atque
2654 4860 2721 4913 ab
2807 4861 3248 4932 Ethnicographo
3330 4867 3629 4936 neglectum

2061 4942 2310 4995 observa.

2131 5025 2265 5079 lhid.
2334 5027 2722 5093 Ὀλύὅρασος.
2780 5029 3172 5100 Κορυὸρασσὸς
3222 5044 3344 5085 vere
3401 5029 3632 5086 llolstri-

2061 5110 2205 5174 nius,
2239 5109 2392 5177 cujus
2426 5111 2637 5176 praesul,
2697 5115 2765 5165 ab
2819 5113 3008 5166 eodem
3054 5115 3354 5183 appellatus
3386 5115 3437 5167 in
3489 5116 3629 5168 hanc

2062 5209 2196 5255 rem,
2240 5192 2432 5246 Nesius
2477 5194 2866 5263 Κορυόρασσοῦ
2916 5198 3115 5266 Ephes.
3173 5196 3369 5251 concil.
3404 5212 3456 5264 [ι.
3501 5198 3626 5263 £38,

2060 5291 2343 5346 perperam
2377 5292 2501 5331 vero
2530 5277 2628 5346 τῆς
2684 5279 2826 5332 κατὰ
2863 5281 3246 5351 Κορυὸοσὺνην
3304 5283 3625 5354 ἐκκλησίας.

2130 5445 2264 5501 lbid.
2303 5447 2438 5500 Ὑπὸ
2488 5446 2948 5514 κονσουλάριον.
2988 5446 3210 5502 Ρτεεδίιιί
3248 5448 3466 5519 Lyciam
3499 5451 3627 5505 Νο-

2058 5532 2176 5584 titia
2240 5533 2364 5600 imp.
2407 5531 2608 5586 Orient.
2661 5548 2708 5584 c.
2768 5549 2782 5584 ι
2828 5532 3064 5601 sulijicit,
3123 5543 3311 5600 estque
3379 5534 3429 5587 in
3480 5537 3624 5590 Actis

2059 5614 2117 5670 S.
2156 5615 2367 5671 Claudii
2424 5617 2562 5684 apud
2620 5615 2868 5669 Ruinart.
2929 5633 2980 5686 p.
3031 5615 3134 5670 866
3185 5617 3370 5687 Lysias
3427 5634 3626 5686 prtescs

2060 5703 2350 5768 provinciae
2386 5701 2580 5770 Lycize;
2616 5702 2702 5769 qui
2748 5711 2925 5755 tamen
2969 5716 3074 5754 non
3115 5702 3236 5756 huic
3273 5703 3366 5758 sed
3397 5703 3622 5765 Cilicia',

2058 5786 2314 5856 quoniam
2366 5787 2420 5840 in
2477 5785 2699 5841 civitate
2751 5783 2917 5856 .IEgca
2976 5794 3342 5842 commoratus
3406 5787 3622 5849 dicitur,
