3958 6216
449 295 588 364 1135

445 407 727 478 ριωΐιιίεςε
775 405 1007 468 videtur,
1061 412 1119 456 ut
1175 401 1314 456 bene
1367 398 1448 454 vir
1503 397 1714 452 doctus.
1764 397 2012 478 Juuctam

439 477 770 561 Pamphylia:
793 488 951 558 paulo
973 495 1099 539 ante
1115 483 1547 539 observavimus.
1576 479 1767 561 Malala
1791 489 1923 532 tom.
1951 477 2014 541 Il,

423 593 494 647 .p.
521 575 589 629 69
619 560 906 643 Lycaoniae
936 568 1063 622 olim
1116 581 1445 628 conuexam,
1495 566 1590 618 sed
1642 578 1672 617 a
1709 560 2016 647 Theodosio

438 644 680 715 secundo
713 658 840 711 inde
873 652 1140 708 divulsam
1170 665 1234 705 ac
1266 649 1601 720 provinciam
1642 659 1763 700 esse
1795 644 2014 708 factam,

356 792 364 796 .
439 743 674 814 Myrcusi
718 739 852 794 urbe
899 737 965 790 ad
1003 734 1361 803 metropoleos
1401 731 1716 814 dignitatem
1725 735 2015 814 prove-cla,

439 807 691 887 allii-mat;
704 821 846 892 quod
864 818 908 874 si
927 832 1112 872 verum
1134 825 1238 878 est,
1255 815 1484 869 fortasse
1502 813 1706 866 ultimis
1725 807 2017 864 Theodosii

439 910 597 980 primi
625 902 968 975 imperatoris
993 899 1148 954 anuis
1183 897 1466 970 Lycaoniae
1491 903 1574 950 est
1603 893 1811 980 adjecta
1847 908 1860 944 :
1903 899 2015 980 tum

437 976 581 1044 enim
627 987 799 1059 Lycia:
823 985 1002 1054 gravis
1025 983 1203 1036 inusta
1228 989 1355 1034 nota
1374 988 1476 1042 est,
1503 976 2021 1059 permissumqueut

436 1053 793 1144 provinciales
810 1065 1201 1124 contumelioso
1219 1063 1435 1118 nomine
1452 1061 1886 1144 vulnerarentur.
1907 1053 2018 1144 lVec

434 1139 805 1210 curnt-eritate
836 1163 1016 1206 tamen
1043 1145 1363 1212 consentiet,
1401 1158 1430 1198 a
1483 1139 2019 1207 Theodosiojuniore

434 1238 655 1310 Ltham
688 1233 1050 1306 pristiuajura
1079 1230 1435 1297 reciperasse,
1471 1224 1736 1295 siquidem
1778 1222 2016 1310 priorem

435 1328 508 1380 illi
545 1327 742 1378 famam
773 1320 1140 1387 meritumque
1170 1315 1311 1384 inter
1344 1323 1571 1368 caeteras
1597 1309 1848 1366 renovari
1881 1323 2016 1362 ceu-

433 1416 659 1462 sucruut
690 1405 1052 1471 imperatores
1079 1397 1348 1452 Arcadius
1371 1403 1424 1450 et
1463 1393 1732 1448 Honorius
1773 1392 1825 1446 in
1856 1391 1891 1445 Ι.
1939 1403 2015 1454 ts,

433 1509 484 1549 ο.
515 1490 618 1544 Th.
651 1489 716 1542 de
779 1485 1073 1554 indulgent.
1124 1481 1341 1536 crimin.
1393 1478 1557 1534 Forte
1604 1493 1716 1533 rem
1767 1475 2013 1530 eamdem

432 1573 662 1643 repetita
717 1569 833 1639 lege
862 1563 1201 1621 Theodosius
1227 1561 1494 1618 secundus
1515 1559 1700 1629 jussit,
1721 1569 2015 1626 eorumque

433 1655 843 1714 scribendorum
868 1650 1075 1704 Malalte
1101 1648 1440 1703 occasionem
1471 1643 1720 1714 przebuit.
1767 1684 1772 1688 ί

503 1740 622 1796 Col.
646 1737 769 1794 148.
797 1734 1010 1798 Πόλεις
1037 1729 1152 1785 16'.
1175 1729 1382 1784 Plinius
1406 1725 1570 1797 Nl".
1595 1742 1649 1790 ν,
1666 1725 1735 1780 27
1757 1738 1855 1778 suo
1880 1731 2016 1776 tem-

434 1839 563 1895 pore
597 1821 793 1892 oppida
836 1818 904 1872 56
939 1815 1154 1885 Lyciam
1193 1812 1416 1895 habere,
1447 1811 1646 1895 Strabo
1680 1823 1767 1863 XIV
1813 1823 1893 1895 p:_
1909 1804 2016 1895 661

433 1887 718 1962 commune
749 1901 1033 1971 Lyeiacum
1064 1897 1124 1948 τὸ
1153 1894 1425 1950 Λυκιακὺν
1457 1893 1709 1961 σύστημα
1731 1905 1796 1944 ex
1829 1889 1899 1943 25
1934 1887 2012 1942 ci-

436 1989 692 2042 vitatibus
756 1986 921 2037 luisse
978 1978 1358 2047 compositum,
1413 1977 1465 2030 iu
1520 1989 1627 2044 quo
1661 1971 2010 2044 Lyciarches,

433 2072 634 2138 aliique
683 2069 1032 2135 magistratus
1082 2069 1422 2124 crearentur,
1487 2059 1672 2113 rel'ert.
1740 2055 1852 2138 Iloc
1893 2056 2012 2110 loco

432 2137 692 2208 uuuierus
737 2147 1002 2215 catalogo,
1035 2145 1128 2214 qui
1189 2157 1311 2196 mox
1379 2148 1664 2211 sequetur,
1705 2137 1876 2208 major
1905 2146 2011 2191 est.

504 2235 636 2289 Ibid.
675 2228 978 2296 Φασύδης.
1029 2229 1140 2281 lmo
1180 2224 1438 2296 Φασηλὶς,
1504 2225 1557 2278 in
1615 2222 1808 2276 liuibus
1837 2219 2014 2290 Lycia:

433 2331 488 2374 et
521 2315 848 2385 Pamphyliae
880 2312 1050 2381 posita
1081 2309 1220 2379 apud
1241 2309 1564 2363 Strabonem
1587 2321 1672 2360 χεν
1707 2322 1758 2374 p.
1785 2303 1908 2357 667.
1937 2302 2012 2356 De

433 2404 684 2474 tlylahrn,
750 2412 910 2467 quem
998 2405 1255 2463 tanquam
1312 2392 1532 2447 heroem
1592 2389 2009 2474 venrrahautur,

432 2471 722 2542 Aiheuzeus
755 2499 849 2546 ιιι,
886 2481 974 2536 15.
1017 2480 1093 2534 Ex
1142 2476 1390 2547 sequenti
1424 2474 1580 2541 nihil,
1608 2474 1750 2544 quod
1778 2471 2008 2543 placeat,

432 2572 681 2640 emergit.
715 2567 852 2621 Vide
887 2565 1137 2619 Ciceron.
1177 2559 1332 2616 Verr.
1358 2575 1433 2640 tv,
1461 2556 1547 2610 IO.

506 2635 640 2707 Ibid.
685 2649 869 2715 Γάγα.
903 2645 1206 2700 Holsteiuio
1249 2643 1301 2695 in
1347 2639 1680 2708 Stephanum
1729 2636 1880 2704 Γάγοι
1907 2635 2010 2689 hoc

434 2747 686 2788 uentrum
726 2732 938 2784 videtur
979 2726 1208 2794 plurale,
1252 2724 1337 2777 cui
1379 2723 1422 2776 si
1471 2719 1612 2790 quod
1652 2720 1828 2775 simile
1866 2728 2012 2774 esset

432 2815 760 2883 exc-inplum,
783 2825 879 2864 nec
904 2819 981 2862 tot
1006 2808 1134 2860 vitia
1165 2806 1288 2860 huic
1311 2803 1515 2860 notitias
1537 2805 1798 2868 inessent,
1822 2817 2009 2857 assen-

433 2901 589 2954 tirer.
621 2896 702 2950 Ab
729 2896 861 2947 urbe
894 2906 946 2946 et
976 2891 1156 2945 vicino
1177 2903 1354 2953 amne,
1384 2903 1544 2957 quem
1567 2899 1746 2940 tamen
1776 2885 2010 2940 Galenus

431 2983 562 3039 ἁπλ.
591 2997 843 3050 φαρμακ.
868 2993 944 3042 lx,
965 2995 1015 3046 p.
1057 2975 1180 3039 125,
1215 2973 1315 3028 etsi
1345 2971 1523 3042 Lycia:
1546 2987 1695 3026 oram
1720 2985 1884 3036 parva
1914 2985 2010 3022 na-

431 3066 606 3123 vicula
632 3065 856 3136 legeret,
889 3061 1132 3116 invenire
1157 3057 1398 3128 potuisse
1427 3064 1607 3126 negat,
1643 3053 1870 3124 lapidem
1904 3052 2008 3108 Ga-

432 3163 610 3223 gatetu
642 3147 966 3219 appellatum
1001 3143 1223 3207 volunt,
1269 3156 1377 3210 qua
1411 3141 1475 3194 de
1517 3154 1574 3223 re
1611 3137 1918 3223 Saraeeuus
1955 3138 2008 3190 itt

433 3218 730 3291 Dioscorid.
780 3248 847 3293 ν,
899 3228 1000 3283 146
1034 3237 1086 3282 et.
1128 3225 1372 3280 Rhodius
1433 3223 1487 3276 iu
1530 3220 1803 3276 Scribonii
1848 3218 2007 3290 Larg.

430 3320 726 3388 Composit.
758 3313 896 3378 225,
937 3312 1090 3382 cujus
1131 3320 1312 3364 tamen
1357 3305 1538 3361 omnia
1573 3315 1703 3374 puto
1735 3321 1840 3359 non
1881 3321 2009 3374 pro-

432 3405 605 3458 babis.
646 3401 778 3456 Vide
819 3413 948 3450 vero
973 3409 1109 3464 quas
1156 3391 1342 3445 turbas
1397 3390 1498 3443 hoc
1533 3388 1787 3457 oppidum
1819 3389 2010 3442 leviter

435 3488 486 3540 iu
527 3484 758 3539 Eusehio
787 3481 852 3532 de
893 3477 1114 3544 Mat-lyr.
1153 3471 1426 3526 Palaestiu.
1463 3485 1514 3523 c.
1574 3485 1626 3522 tv
1656 3471 2004 3537 depravatum

429 3567 644 3621 dederit
675 3581 688 3617 :
725 3560 898 3619 Εἵτις
931 3557 1038 3626 ἄρα
1081 3555 1269 3622 [laxas
1308 3552 1630 3614 ἐπίσταται,
1671 3552 1768 3620 τῆς
1800 3553 2006 3616 Λυκίας

431 3650 531 3702 οὐκ
556 3647 766 3715 ἄσημον
795 3640 969 3693 πόλιν.
1011 3635 1069 3694 Si
1103 3638 1239 3707 quis,
1281 3634 1478 3704 inquit,
1509 3631 1685 3704 Pagas
1713 3633 1873 3701 novit,
1913 3650 2006 3687 ur-

430 3737 543 3787 bem
599 3729 772 3800 Lycia:
819 3741 922 3779 non
964 3722 1258 3776 obscuram.
1312 3718 1557 3774 Valesius
1603 3719 1812 3784 Araxa,
1862 3720 2006 3790 quod

433 3832 560 3870 mss.
604 3809 901 3882 ἀραπαγάς
944 3815 1037 3861 aut
1074 3803 1288 3876 ἀραγάς
1332 3801 1610 3868 oll'erreut,
1644 3816 1749 3872 quo
1788 3803 2008 3857 nomine

428 3912 698 3967 nusquam
723 3895 851 3948 urhs
877 3893 927 3944 iu
952 3888 1140 3960 Lycia,
1165 3887 1375 3941 videtur
1403 3885 1657 3940 maluisse
1684 3902 1698 3940 :
1727 3883 2006 3940 Hensche-

433 3984 554 4036 nius
591 3990 718 4034 tom.
749 3977 792 4030 l.
821 3973 993 4043 April.
1027 3986 1079 4038 p.
1107 3969 1196 4034 b9,
1225 3967 1414 4022 Patara
1445 3974 1735 4038 praeoptat;
1774 3967 2007 4020 Iluiuar-

434 4081 520 4122 tus
546 4066 690 4119 Actis
721 4060 934 4116 Sincer.
964 4056 1036 4110 Μ.
1070 4071 1122 4124 p.
1159 4052 1285 4119 520,
1321 4053 1372 4106 iu
1404 4051 1570 4107 dubio
1598 4061 1683 4106 est
1717 4052 1819 4105 utri
1849 4067 2007 4107 accc-

431 4155 543 4202 dat.
588 4145 665 4199 Tu
703 4159 911 4199 mectun
959 4137 1136 4207 Γαγάς
1178 4135 1385 4200 scribe,
1432 4143 1487 4189 et
1529 4134 1858 4203 compositos
1902 4134 2003 4189 hos

427 4231 621 4288 tinctus
662 4239 945 4296 agnosces.

500 4314 634 4368 Iliid.
699 4306 1083 4370 Ἀκαλισσός.
1121 4301 1175 4356 Si
1208 4301 1346 4355 hanc
1385 4308 1438 4354 et
1472 4299 1606 4356 alias
1644 4299 1873 4355 Notitias
1906 4312 2003 4353 ex-

427 4396 654 4466 cept-ris,
691 4394 910 4446 inventu
948 4386 1177 4441 dillicilis
1207 4387 1332 4439 crit.

500 4479 636 4534 Ibid.
703 4472 1042 4537 Ἐλεόεσός.
1108 4469 1416 4539 Legendum
1480 4468 1620 4524 haud
1689 4467 1851 4522 dubie
1921 4476 2004 4522 est

427 4560 777 4630 Ἐδεὸησσός,
811 4571 970 4624 quant
1013 4553 1200 4606 urbem
1239 4565 1270 4606 e
1321 4567 1452 4605 mss.
1484 4549 1756 4630 Stephano
1781 4549 1843 4603 L.
1876 4547 2002 4602 1101-

426 4629 655 4704 steiuius
689 4653 741 4695 et
768 4641 901 4704 Ahr.
928 4634 1206 4690 Betkelius
1245 4633 1618 4687 restituerunt.
1656 4629 1996 4702 Ἐδεϐησσὸς,

427 4733 522 4796 ait,
552 4727 703 4788 πόλις
729 4721 954 4785 Λυκίας,
981 4718 1056 4782 ὡς
1077 4715 1335 4770 Καπίτων
1357 4713 1677 4786 Ίσαυρικῶν
1701 4720 1768 4768 α’.
1793 4715 2001 4772 Nollem

430 4831 558 4869 vero
583 4827 614 4865 a
647 4806 889 4864 lleikelio
917 4803 1132 4874 probari
1174 4800 1540 4870 conjecturam
1572 4799 1844 4855 Hermolai
1869 4799 2001 4854 Bar-
2031 4875 2035 4880 .

429 4898 545 4953 bari
579 4897 631 4949 iu
666 4890 840 4947 Plinio
877 4905 928 4952 v,
962 4886 1032 4942 27
1072 4884 1370 4940 ΙνΙοιιθεδιιιιι
1414 4883 1466 4937 iu
1501 4881 1836 4937 Etlebcssum
1878 4899 2000 4936 mu-

413 4981 616 5046 tantis.
649 4976 889 5046 Oppida,
934 4972 1144 5040 inquit,
1187 4966 1361 5039 Apyre
1404 4977 1453 5021 et
1491 4966 1844 5036 Antiphellas,
1884 4983 2002 5036 qua:

423 5064 687 5136 quondam
726 5059 1026 5123 liabessus,
1061 5064 1214 5124 alque
1251 5057 1306 5107 iu
1348 5069 1551 5107 recessu
1593 5051 1823 5106 Phellus.
1863 5051 1998 5136 Nam

420 5135 914 5218 compertissimum
947 5140 1074 5194 hinc
1101 5149 1184 5192 est
1214 5140 1424 5191 diversa
1457 5137 1648 5206 oppida
1684 5135 1860 5206 Lyciae
1890 5135 1999 5188 Au-

427 5235 701 5302 tiphellum
743 5242 796 5283 et
835 5226 1165 5280 L‘debessum
1203 5221 1390 5286 fuisse,
1429 5231 1611 5289 utpote
1647 5221 1900 5274 distincte
1931 5221 1997 5272 ab

422 5316 673 5372 Ilierocle
707 5319 1028 5366 memorata.

498 5399 618 5455 Col.
650 5395 775 5450 “9.
804 5394 1056 5463 Λίμυρα.
1090 5387 1199 5444 Hoc
1241 5403 1272 5442 e
1320 5401 1451 5441 mss.
1494 5385 1995 5458 vulgato[i.dy.upa]

431 5482 844 5552 praeferendum.
881 5476 994 5531 Situ
1027 5474 1159 5530 urbs
1186 5471 1405 5538 eratad
1448 5469 1685 5539 ejusdem
1719 5473 1996 5540 erguomi-

426 5567 509 5618 nis
555 5579 767 5618 atnuem
809 5561 950 5631 apud
1003 5560 1259 5614 Strabou.
1308 5557 1425 5622 14,.
1453 5573 1503 5626 p.
1557 5554 1680 5608 666.
1733 5553 1996 5611 Videntur

423 5661 604 5702 autem
637 5644 706 5697 τὰ
729 5645 950 5714 Λιμυρα
976 5654 1030 5698 et
1055 5643 1153 5713 τὴν
1188 5640 1435 5712 Λιμύραν
1474 5639 1705 5704 dixisse;
1742 5652 1872 5691 sane
1904 5641 1995 5692 τὸν

417 5733 476 5783 ἐν
499 5728 722 5800 Λιμύρᾳ
747 5727 1002 5795 Διάτιμον
1036 5725 1266 5780 Basilius
1298 5723 1364 5779 Μ.
1393 5724 1550 5793 epist.
1571 5720 1677 5777 218
1707 5720 1909 5786 laudat,
1937 5732 1992 5776 et

1460 5997 1473 6026 ὶ

1495 287 1872 350 ADDENDA.
1904 309 1971 320 -·
1999 285 2061 346 Ρ.
2106 283 2618 347 WESSELINGII

3580 276 3712 342 Ii35

2127 411 2192 450 ex
2227 395 2418 450 Ovidio
2456 391 2806 459 Metauwrph.
2842 405 2915 454 lx,
2949 405 3000 444 ν.
3037 389 3142 445 645
3177 389 3318 444 haud
3350 389 3583 460 igtmtus
3613 410 3712 446 esp:

2129 477 2252 531 Jam
2282 476 2488 545 Cragon
2523 473 2833 544 et'Lymit-eu
2868 473 3168 543 Xanthique
3196 474 3478 544 reliquerat
3514 477 3709 527 undas.

2192 561 2328 614 Ibid.
2362 558 2706 629 Ἀρύκανδα.
2733 557 2872 613 Nota
2906 559 3041 613 satis
3076 559 3209 613 urbs
3234 571 3314 614 est
3339 575 3408 612 ex
3435 559 3713 612 Strabone

2121 642 2396 713 Stephano
2429 654 2483 696 et
2511 642 2650 704 aliis,
2680 641 2820 696 forte
2854 643 3100 711 apposita
3133 643 3198 695 ad
3225 641 3586 713 Arycandum
3618 642 3714 695 llu-

2120 725 2266 780 vium
2298 725 2453 780 Plinii
2486 741 2536 788 v,
2569 725 2661 779 27.
2699 726 2834 780 Male
2857 724 3047 780 Petrus
3078 725 3346 780 Diaconus
3372 723 3715 795 Ὀρικάνδαη

2120 808 2337 862 Nic-amo
2366 807 2607 863 secundo
2640 808 2869 862 concilio
2902 822 2955 877 p.
2986 807 3077 861 52.

2189 890 2324 945 Ibid.
2360 891 2647 945 Ποδαλια.
2676 890 2984 961 Stephanus
3008 889 3271 945 Ποδάλεια
3300 892 3460 956 πόλις
3482 892 3710 955 Λυδία-ς,

2119 976 2261 1042 quod
2285 974 2409 1045 jure
2441 975 2538 1028 viri
2575 975 2717 1030 docti
2749 989 2812 1028 ex
2852 973 3142 1029 Ptolemaeo
3177 985 3230 1029 et
3263 975 3489 1029 Noliliis
3529 991 3715 1029 ιιιιιιετ.

2120 1067 2246 1111 runt
2285 1074 2297 1111 :
2335 1056 2509 1127 Lycite
2550 1057 2696 1112 enim
2750 1057 2871 1110 luit.
2915 1057 3047 1112 Vide
3087 1059 3247 1125 epist.
3283 1059 3710 1126 protiucialium

2120 1143 2430 1212 synodicam
2466 1151 2597 1197 tom.
2628 1139 2697 1193 IX
2729 1141 2925 1195 concil.
2954 1139 3150 1219 Labhei
3182 1157 3233 1208 p.
3263 1142 3391 1196 559.

2193 1223 2326 1278 Ibid.
2373 1225 2569 1294 Χῶμα.
2615 1222 2767 1278 Ilaud
2811 1225 2968 1278 aliter
3013 1225 3217 1279 Plinius
3259 1237 3312 1280 ct
3356 1225 3704 1281 Ptuleumus.

2120 1304 2398 1362 Eudoxius
2448 1307 2658 1371 πόλεως
2735 1305 3000 1377 Χώματος
3056 1307 3326 1377 ἐπαρχίας
3381 1309 3600 1371 Λυκίας
3654 1313 3706 1363 in

2121 1388 2392 1457 Ephesiuo
2439 1405 2494 1460 p.
2549 1389 2653 1445 556
2704 1399 3058 1445 memoratur.
3107 1392 3235 1458 Qua:
3286 1393 3428 1446 hanc
3480 1394 3701 1462 excipit,

2121 1472 2250 1527 tnihi
2288 1473 2528 1529 inaudita
2575 1484 2680 1535 est,
2729 1489 3030 1544 vereorque
3075 1484 3135 1528 ut
3191 1477 3310 1529 sine
3363 1478 3567 1530 mendo
3612 1481 3704 1531 sit.

2117 1555 2440 1611 Arbitrabar
2491 1555 2844 1628 Κορύδα).λα,
2891 1559 3033 1612 unde
3075 1558 3468 1626 Κορυδαλλέων
3507 1575 3707 1614 numus

2121 1639 2272 1694 Thes.
2302 1638 2513 1696 Britan.
2542 1648 2674 1696 tom.
2706 1641 2775 1708 II,
2798 1657 2850 1709 p.
2879 1642 3011 1706 262,
3037 1653 3090 1697 et
3119 1643 3177 1695 ἐν
3200 1643 3537 1713 Κορυδά>.οις
3565 1646 3707 1711 (sive

2117 1724 2297 1792 potius
2341 1725 2748 1796 Κορυδάλλοις)
2800 1725 3150 1797 Ἀλέξανδρος
3199 1727 3309 1780 ἀπὸ
3356 1727 3706 1797 μοναζόντων

2117 1806 2417 1871 ἐπίσκοπος
2451 1808 2654 1875 Basilio
2683 1809 2755 1866 Μ.
2788 1811 2948 1878 epist.
2984 1809 3113 1876 218,
3151 1809 3252 1879 legi
3286 1824 3445 1880 posse
3473 1828 3489 1863 :
3523 1812 3621 1864 sed
3651 1812 3704 1863 id

2116 1890 2370 1960 Oppidum
2421 1891 2632 1961 longius
2683 1907 2713 1947 a
2763 1893 2981 1963 vulgato
3028 1892 3218 1959 distat,
3269 1902 3321 1947 et
3361 1892 3600 1949 fortasse
3648 1895 3704 1946 in

2116 1975 2522 2045 Κομιστάραος,
2559 1991 2666 2047 quo
2699 1976 2879 2049 Lyciae
2913 1977 3130 2033 urbium
3174 1977 3326 2034 index
3349 1976 3553 2041 linitur,
3593 1977 3709 2032 de-

2115 2057 2339 2112 litescit.

2193 2142 2330 2198 Ibid.
2364 2144 2557 2214 Μῦρα.
2590 2144 2737 2201 Bene
2779 2160 2884 2200 ms.
2930 2144 3252 2215 metropolin
3299 2144 3459 2198 luisse
3490 2151 3706 2211 prater

2114 2223 2361 2280 Malalam
2386 2227 2676 2282 concilium
2705 2227 2965 2282 Chalced.
2995 2238 3051 2282 et
3083 2228 3350 2298 Synodica
3387 2225 3702 2295 provincia-

2115 2306 2244 2363 lium
2282 2311 2348 2364 ad
2386 2309 2618 2365 Leonem
2661 2310 2890 2379 epistola
2931 2309 3181 2364 dubitare
3214 2319 3415 2364 vetant.
3461 2308 3699 2361 Basilius

2115 2393 2475 2450 Seleucieusis
2494 2394 2600 2451 Vit.
2617 2393 2673 2450 S.
2695 2394 2911 2449 Thecla:
2931 2395 2984 2458 I,
3011 2409 3062 2462 p.
3087 2393 3225 2447 272:
3265 2391 3693 2460 Ἀπαγγὲλὶεται

2112 2471 2253 2530 εἶναι
2283 2477 2423 2530 κατὰ
2451 2476 2520 2530 τὰ
2550 2476 2712 2546 Μῦρει
2742 2477 2770 2528 ὁ
2809 2476 3055 2537 Παῦλοςο
3089 2477 3189 2545 τῆς
3227 2477 3436 2538 Λυκίας
3462 2475 3518 2528 δέ
3546 2479 3692 2527 ἐστιν

2112 2559 2248 2629 αὕτη
2277 2560 2529 2630 βελτίστη
2565 2559 2658 2612 καὶ
2692 2560 3020 2631 φαιδροτάτη
3052 2559 3227 2622 πόλις.
3258 2558 3456 2612 Vetera
3481 2556 3690 2610 Thecla:

2113 2645 2242 2696 Acta
2275 2659 2304 2696 a
2340 2642 2543 2698 Gabrio
2571 2643 2824 2714 Specilcg.
2864 2641 2906 2708 I,
2943 2659 2997 2712 p.
3047 2644 3150 2696 114
3180 2643 3454 2712 publicata
3495 2641 3686 2709 Μύραν

2110 2725 2206 2796 τῆς
2228 2725 2439 2789 Λυκίας
2458 2725 2750 2795 appellant,
2773 2725 2932 2792 male,
2955 2741 3016 2779 ac
3033 2735 3319 2796 propterea
3337 2724 3650 2795 corrigenda
3667 2740 3687 2778 :

2111 2808 2271 2876 paqu
2298 2808 2440 2862 enim
2473 2819 2600 2863 ante
2633 2810 2690 2860 ἐν
2714 2807 2946 2878 Μύροις.

2180 2889 2314 2944 Ibid.
2347 2889 2572 2959 Ἀρνέα.
2602 2891 2844 2962 ‘Apveal,
2870 2890 3012 2946 unde
3043 2889 3094 2944 in
3125 2890 3374 2961 pluribus
3413 2889 3622 2944 Notitiis
3660 2890 3694 2941 ὸ

2123 2973 2381 3043 Ἀργεῶν.
2444 2971 2753 3045 Stephanus
2791 2974 3011 3046 Ἀρνεαὶ
3047 2975 3202 3038 πόλις
3241 2974 3450 3037 Δυκίας
3493 2975 3693 3044 μικρά.

2113 3056 2340 3126 Cyaueze
2365 3068 2490 3111 sunt
2513 3064 2648 3125 apud
2680 3058 2912 3113 Pliniqu
2934 3074 2990 3124 v,
3010 3056 3103 3112 27.

2185 3141 2320 3194 Ibid.
2357 3141 2663 3209 Ἀπερλαι.
2702 3142 2776 3195 Ita
2808 3157 2968 3197 manu
2993 3142 3198 3196 exarati
3231 3140 3377 3196 libri.
3402 3140 3694 3196 Ptolemzen

2111 3223 2398 3295 ‘Aneppal,
2435 3223 2651 3279 Notitiis
2684 3222 2799 3280 Jac.
2835 3224 2995 3281 Goari
3018 3227 3048 3278 ὁ
3089 3225 3361 3296 Ἀπρίλων
3385 3225 3690 3294 cpiscopus,

2111 3321 2413 3376 perperam.

2182 3391 2315 3444 Ibid.
2355 3393 2606 3457 Φελλός.
2639 3389 2790 3446 llanc
2815 3399 2868 3446 et
2893 3390 2965 3444 illi
2992 3390 3284 3461 oppOtsitant
3311 3389 3690 3458 Antiphellum

2110 3471 2305 3526 Strabo
2335 3488 2422 3527 xxv
2450 3490 2503 3544 p.
2555 3473 2658 3529 666
2705 3483 2867 3544 atque
2910 3473 2997 3527 alii
3045 3472 3360 3528 describunt.
3404 3471 3492 3524 Ἐν
3526 3474 3693 3543 Φέλῳ

2108 3555 2403 3609 Δολλιανὸν
2446 3555 2748 3610 ἐπίσκοπον
2797 3557 3028 3612 Basilius
3074 3556 3144 3611 M.
3189 3555 3344 3624 epist.
3384 3555 3487 3609 218
3521 3570 3683 3609 com-

2111 3641 2356 3704 mendat;
2407 3639 2496 3694 ubi
2544 3654 2610 3694 ex
2663 3639 2926 3696 Vaticano
2956 3655 3089 3696 mss.
3137 3641 3195 3692 ὲν
3245 3638 3426 3710 Φελλῷ
3473 3638 3689 3694 admitti

2107 3730 2441 3791 Oportuerat.

2182 3805 2314 3860 Ibid.
2337 3805 2638 3861 Κιὶνδυϐα.
2669 3805 2875 3862 Plinius
2899 3818 2954 3863 et
2981 3806 3289 3879 Stephanus
3311 3809 3412 3863 hoc
3433 3807 3683 3878 probant,

2107 3886 2353 3940 Κὸνδυόα
2433 3887 2799 3954 Ptolemaeus,
2871 3891 3013 3946 haud
3081 3895 3235 3946 bene.
3296 3891 3687 3945 Constantinus

2107 3970 2315 4036 πόλεως
2344 3973 2642 4044 Κανδήόων
2669 3972 3114 4044 Νῑοωιιίξείιοιιηάί
3142 3991 3194 4044 p.
3227 3974 3300 4029 5‘2
3325 3982 3382 4030 et
3403 3975 3689 4030 Κανδξκων

2097 4069 2160 4124 Δι).
2202 4054 2308 4110 555
2341 4056 2466 4110 hinc
2495 4055 2633 4114 fuit:
2675 4059 2949 4129 inserique
2983 4059 3119 4114 adeo
3155 4060 3286 4114 urbs
3315 4059 3430 4115 haec
3453 4060 3685 4128 Geogra-

2105 4140 2242 4207 pltiw
2272 4136 2331 4194 S.
2363 4139 2644 4196 debuerat.

2178 4224 2308 4278 Ibid.
2336 4225 2657 4293 Εὺδοκίας.
2692 4225 2908 4283 Notitite
2938 4228 3079 4283 haud
3111 4227 3488 4298 praeterierunt
3509 4267 3524 4289 ,
3564 4235 3684 4281 est-

2106 4323 2233 4376 quc,
2255 4311 2398 4377 quod
2423 4319 2476 4364 et
2493 4307 2844 4377 Holsteiuius,
2883 4313 3090 4366 monuit
3116 4310 3343 4366 Photius
3373 4311 3682 4366 Eudoxato—

2107 4405 2226 4444 rum
2275 4393 2566 4460 provinciae
2599 4392 2889 4462 Lyciorum
2937 4393 2988 4448 iu
3023 4393 3256 4450 concilio
3293 4393 3683 4450 Constantino-

2103 4473 2339 4542 politano
2361 4475 2460 4527 suh
2490 4473 2703 4530 Meuna.

2173 4555 2305 4609 Ibid.
2333 4555 2596 4625 Πάταρα.
2623 4557 2774 4614 Hauc
2797 4558 3032 4616 nobilem
3056 4559 3187 4616 fecit
3215 4561 3482 4616 delubrum
3509 4560 3684 4627 Apol-

2103 4637 2250 4702 linis,
2275 4637 2539 4707 quondam
2571 4640 2754 4709 opibus
2782 4649 2840 4714 el_
2853 4643 3058 4697 oraculi
3079 4643 3184 4712 ﬁde
3208 4644 3455 4714 Delphico
3486 4644 3681 4698 simile.

2105 4717 2258 4774 Ultra
2283 4729 2355 4774 est
2380 4719 2627 4776 Xanthus
2649 4711 2845 4792 ﬂumen
2865 4735 2913 4779 et
2939 4711 3188 4781 Xanthus
3212 4711 3482 4796 oppidum,
3508 4727 3685 4798 inquit

2102 4801 2236 4856 Mela
2264 4819 2304 4871 ι,
2339 4803 2424 4858 15.
2463 4805 2614 4861 Adde
2638 4805 2960 4862 Strabonem
2988 4823 3099 4875 stv,
3131 4825 3185 4880 p.
3210 4809 3335 4865 665.

2174 4885 2306 4941 Ibid.
2343 4888 2564 4956 Κόμϐη.
2611 4887 2905 4945 Ptolemaeo
2945 4890 3163 4962 Κόμὸα,
3204 4901 3258 4947 et
3287 4892 3428 4946 forte
3455 4891 3680 4946 verius:

2102 4983 2224 5024 nam
2246 4971 2273 5024 ὁ
2303 4970 2538 5040 Κόμϐων
2563 4986 2670 5027 non
2695 4980 2905 5027 tantum
2932 4984 3015 5028 est
3043 4975 3094 5028 in
3116 4974 3331 5029 Notitiis
3348 4971 3464 5029 Jac.
3490 4974 3680 5038 Goari,

2103 5055 2195 5110 sed
2229 5063 2280 5110 et
2300 5054 2692 5111 Constantinus
2717 5056 2926 5121 πόλεως
2947 5057 3188 5130 Κόμϐων
3203 5056 3421 5112 Nicteno
3441 5062 3682 5111 secundo
3713 5081 3716 5084 ~

2100 5155 2154 5207 p.
2186 5139 2288 5192 556
2311 5138 2632 5209 subscripsit
2658 5157 2672 5192 :
2709 5143 2848 5196 unde
2879 5142 3078 5198 mirere
3111 5153 3165 5197 et
3193 5141 3334 5197 hanc
3363 5141 3417 5196 in
3440 5139 3680 5212 Oeagru-

2098 5221 2219 5291 plu’a
2251 5220 2307 5277 S.
2336 5237 2455 5275 esse
2480 5222 2797 5294 neglectam.

2169 5308 2373 5363 Μίσαι.
2402 5305 2600 5362 Verum
2630 5318 2712 5362 est
2739 5308 2905 5372 Νίσα,
2939 5307 3055 5363 sive
3087 5309 3265 5374 Νύσα,
3295 5318 3351 5364 ut
3379 5307 3551 5363 Coisl.
3577 5323 3679 5362 ms.

2097 5402 2128 5441 e
2157 5387 2464 5444 Ptolemaeo.
2504 5390 2564 5443 Ὀ
2598 5390 2793 5444 Νύσων
2822 5401 2903 5447 cst
2941 5393 2992 5447 in
3029 5393 3270 5448 Notiliis.
3295 5391 3521 5447 Praefuit
3555 5392 3679 5445 huic

2099 5473 2215 5527 utbi
2249 5475 2528 5542 cpiscopus
2567 5474 2852 5544 Georgius,
2884 5477 2974 5546 qui
3019 5477 3228 5540 πόλεως
3257 5477 3436 5530 Νισσᾶ
3467 5474 3672 5531 Nicaeni

2096 5557 2315 5609 secundi
2337 5557 2529 5610 concil.
2565 5574 2616 5625 p.
2646 5557 2714 5611 52
2735 5567 2787 5612 et
2815 5559 3003 5621 Νάσας
3030 5575 3082 5628 p.
3110 5560 3216 5614 555
3239 5561 3460 5614 dicitur.

2167 5638 2298 5693 Ibid.
2328 5640 2573 5706 Πίναρα.
2614 5642 2733 5694 Sita
2769 5645 2898 5696 urbs
2939 5642 3039 5697 luit
3071 5644 3207 5696 ultra
3252 5641 3528 5696 Xanthum
3575 5641 3674 5695 llu-

2101 5737 2243 5789 meo,
2291 5737 2421 5786 non,
2473 5724 2549 5778 uti
2601 5725 2757 5796 vulgo
2805 5725 3015 5793 locant,
3061 5727 3139 5781 cis
3177 5741 3298 5781 eum
3344 5725 3593 5790 ﬂuvium,
3625 5723 3672 5779 si
